4094 6334
571 400 701 465 1⁸171

1796 411 2106 472 LEONTII
2146 412 2436 476 BYZANT
2446 416 2558 478 [Nl

3678 411 3811 484 1772

568 512 635 567 de
666 520 865 567 caetero
890 527 997 567 non
1023 512 1298 579 admittit;
1325 512 1471 582 quod
1497 513 1640 567 enim
1665 513 1723 568 ﬁt
1746 530 1940 580 unum,
1970 525 2137 570 restat

2240 519 2428 571 δεῖται·
2471 521 2502 589 ἢ
2550 516 2643 573 οὖν
2673 520 2883 589 ψευδῶς
2920 523 2977 575 ἓν
3020 518 3157 578 εἶναι
3190 526 3367 595 πάντη
3400 528 3521 581 καθ’
3553 530 3579 582 ὃ
3608 533 3809 599 ἥνωται

567 603 714 674 quod
783 604 1116 660 adunatione
1182 620 1290 659 non
1353 606 1589 676 ligatur,
1648 613 1742 659 aut
1799 621 1932 671 ergo
1997 606 2133 659 falso

568 711 741 750 unum
793 711 915 751 esse
962 697 1188 751 omnino
1228 698 1383 767 juxta
1414 696 1560 765 quod
1601 697 1840 751 adunata
1878 706 2005 750 sunt
2046 696 2137 749 illa

569 785 697 850 duo,
741 785 957 840 dicatur
1003 786 1073 840 ab
1104 787 1272 855 ipsis;
1306 796 1401 840 aut
1430 802 1540 841 non
1579 802 1711 842 vere
1759 787 1989 841 adunari
2025 786 2137 840 duo

568 876 872 931 secundum
909 878 1054 947 quod
1078 877 1188 946 jam
1218 876 1441 931 fuerunt
1468 892 1643 931 unum
1675 878 1915 932 dicetur.
1943 876 2136 946 Itaque

566 968 707 1023 bene
739 968 1009 1031 dicimus,
1039 969 1083 1022 si
1114 968 1346 1023 duarum
1378 979 1700 1024 naturarum
1729 977 1814 1027 est
1846 968 2131 1033 adunatio,

566 1074 735 1113 unam
759 1076 878 1115 esse
906 1060 1091 1130 potius
1121 1061 1455 1132 bypostasim
1477 1102 1491 1126 ,
1523 1078 1634 1116 non
1663 1061 1810 1115 enim
1841 1067 2131 1122 naturam;

2240 598 2306 659 τὰ
2343 609 2435 661 δύο
2466 613 2680 681 εἴρηται
2736 614 2935 676 αὐτοῖς·
2981 616 3011 685 ἦ
3060 617 3159 669 οὐκ
3203 617 3419 688 ἀληθῶς
3468 598 3716 674 ἐνοῦσθαι
3744 625 3810 675 τὰ

2236 699 2337 750 δύο
2370 700 2492 751 καθ’
2516 702 2542 752 ὃ
2576 702 2675 772 ἤδη
2722 706 3010 771 γεγόνασιν
3050 705 3127 770 ἓν,
3162 705 3506 779 λεχθήσεται’
3548 711 3687 792 giers
3717 732 3809 765 κα-

2235 789 2341 859 λῶς
2372 808 2553 859 φαμεν
2586 794 2632 844 εἰ
2668 792 2760 846 δύο
2783 794 2995 863 φύσεων
3022 798 3169 849 ἐστιν
3194 800 3227 868 ἡ
3253 799 3467 864 ἒνωσις,
3498 789 3629 871 μίαν
3667 798 3808 856 εῖναι

2239 880 2444 949 μᾶλλον
2464 881 2562 952 τὴν
2593 883 2910 937 ὑπόστασιν·
2944 886 3063 940 οὐδὲ
3092 889 3200 959 γὰρ
3231 888 3331 959 τὴν
3371 890 3553 957 φύσιν·
3579 893 3672 946 δύο
3707 894 3810 963 γὰρ

2235 969 2379 1022 κατὰ
2424 971 2587 1041 φύσιν
2631 974 2701 1026 τὰ
2746 974 3046 1046 ὲνούμενα,
3096 977 3172 1041 ὡς
3208 977 3495 1049 ὲνούμενα”
3526 981 3585 1033 ἓν
3618 982 3675 1036 δὲ
3714 983 3812 1053 τὴν

2235 1059 2553 1127 ὑπόστασιν,
2593 1063 2669 1126 ὡς
2705 1064 2981 1134 ἡνωμένα.

565 1169 693 1207 nam
744 1154 854 1209 duo
895 1154 1194 1208 secundum
1231 1162 1482 1207 naturam
1530 1154 1790 1219 adunata,
1825 1153 1970 1208 sicut
2008 1166 2130 1221 quae
2169 1150 2524 1220 adunantur;
2590 1171 2757 1209 unum
2796 1172 2927 1210 vero
2991 1156 3296 1212 secundum
3335 1158 3697 1230 hypostasim,
3733 1159 3810 1212 si-

568 1254 663 1299 cut
688 1261 809 1315 quae
832 1246 1068 1300 adunata
1097 1245 1339 1300 fuerunt.

636 1336 689 1390 4.
729 1336 901 1391 Omne
930 1342 998 1391 ex
1036 1337 1288 1406 partibus
1322 1353 1431 1391 non
1462 1336 1711 1407 ejusdem
1742 1348 1954 1392 natura
1984 1352 2133 1391 com-

567 1429 808 1498 positum
840 1438 1016 1484 totum
1056 1430 1193 1485 alius
1218 1431 1459 1486 nominis
1484 1432 1595 1485 erit
1618 1432 1843 1486 relative
1870 1431 1936 1485 ad
1964 1407 2135 1502 ipsius

565 1521 796 1575 formam
820 1537 834 1587 ;
864 1537 1207 1591 unaquznque
1234 1522 1503 1577 naturalis
1521 1521 1691 1576 forma
1715 1522 1957 1592 partium
1977 1523 2129 1592 ejus;

566 1625 693 1663 nam
734 1626 836 1665 nec
885 1610 1216 1680 simpliciter
1262 1626 1503 1681 corpus,
1548 1626 1652 1666 nec
1696 1619 1906 1664 tantum
1950 1610 2132 1663 anima

564 1702 733 1756 homo
765 1702 1063 1769 diceretur,
1090 1703 1354 1757 naturalis
1383 1702 1571 1757 formae
1602 1702 1845 1767 ratione;
1878 1716 1979 1755 nec
2008 1714 2133 1755 eor-

568 1807 672 1861 pus
704 1800 759 1845 et
799 1792 1002 1846 anima.
1046 1790 1293 1862 Namque
1326 1793 1562 1847 mortale
1606 1792 1660 1845 in
1701 1801 1903 1846 neutra
1935 1792 2133 1846 horum

565 1882 766 1945 forma,
812 1883 869 1942 in
916 1881 1144 1937 homine
1189 1897 1325 1935 vero
1369 1876 1695 1945 evidenter;
1732 1890 1828 1935 aut
1868 1894 2001 1950 ergo
2035 1895 2137 1935 nec
2164 1857 2209 1916 B

565 1970 712 2025 Deus
764 1986 869 2026 nec
910 1971 1099 2032 homo.
1132 1987 1235 2025 nec
1260 1973 1406 2026 Deus
1441 1982 1495 2025 et
1528 1972 1695 2025 homo
1730 1987 1835 2026 una
1859 2011 1873 2036 ,
1900 1972 1996 2026 sed
2029 1972 2135 2026 alia

568 2061 812 2131 quaedam
857 2061 1029 2116 forma
1084 2063 1358 2117 naturalis
1409 2063 1704 2127 Christus;
1750 2072 1803 2117 et
1848 2078 1948 2117 cur
1977 2063 2131 2127 illud,

569 2151 792 2218 dicant;
843 2153 889 2206 si
930 2154 1121 2208 eadem
1154 2154 1441 2208 amborum
1477 2170 1545 2207 ex
1582 2155 1782 2223 quibus
1809 2155 2136 2224 compositio

567 2253 652 2298 est
686 2243 739 2296 in
775 2245 1067 2310 omnibus,
1100 2254 1155 2300 et
1179 2245 1475 2314 compositi
1511 2254 1598 2300 est
1621 2245 1828 2310 forma,
1857 2246 2135 2315 quomodo

569 2350 679 2388 non
718 2344 773 2389 ct
798 2336 1047 2405 ejusdem
1094 2336 1310 2390 numeri
1362 2336 1471 2391 erit
1517 2351 1580 2390 ac
1621 2336 1784 2391 ambo
1828 2337 2133 2391 secundum

568 2435 699 2480 natu
710 2427 877 2481 ralem
908 2442 1219 2482 sermonem
1246 2427 1270 2480 ?

638 2519 753 2575 5.Si
779 2535 887 2574 una
911 2529 1127 2584 natura,
1148 2519 1772 2590 sicrgoetsubsistentia
1793 2530 1915 2591 post
1934 2523 2139 2578 aduna-

576 2612 780 2665 tionem
826 2610 1099 2674 Christus,
1115 2626 1284 2664 unum
1298 2623 1354 2665 et
1368 2611 1585 2665 initium
1609 2613 1782 2682 ipsius
1800 2616 2131 2669 exsistendi:

567 2718 694 2756 nam
733 2702 843 2756 duo
889 2702 1044 2755 initia
1084 2701 1334 2771 ejusdem
1364 2702 1735 2758 subsistentia:
1763 2712 1820 2759 et
1848 2714 2063 2761 naturae
2106 2722 2136 2761 a

567 2809 680 2862 quo
709 2803 889 2847 ortum
916 2792 1019 2845 fuit
1059 2801 1114 2845 et
1152 2802 1257 2853 est,
1288 2793 1674 2862 impossibilia.
1707 2795 1955 2865 Namque
2000 2796 2132 2851 illud

570 2885 957 2940 exsistentiam
976 2883 1216 2938 essentia
1239 2884 1617 2950 manifestans,
1637 2888 1857 2955 quando
1870 2887 2009 2941 facta
2030 2896 2134 2952 est,

573 2986 703 3031 tunc
723 2976 932 3030 exsistit
968 2991 983 3040 ;
1011 2973 1230 3029 initium
1244 2990 1375 3046 ergo
1393 2976 1691 3031 exsislendi
1718 2977 2137 3047 hanccomposi-

570 3080 679 3124 tam
707 3079 981 3133 naturam,
1011 3068 1237 3137 quando
1260 3076 1316 3121 et
1339 3067 1664 3137 quomodo?
1694 3068 1980 3137 Siquidem
2007 3078 2133 3123 ante

2310 1334 2379 1387 δ’.
2410 1338 2522 1389 Πᾶν
2562 1335 2621 1402 ἐξ
2651 1339 3064 1411 ἀνομοιομερῶν
3095 1341 3349 1395 συντεθὲν
3375 1342 3519 1407 ὅλον,
3549 1342 3813 1412 ἐτερὼνυ·

2242 1443 2341 1496 μον
2370 1426 2482 1492 seu
2517 1429 2653 1499 πρὸς
2688 1430 2749 1482 τὸ
2777 1430 2971 1484 ἑαυτοῦ
3002 1429 3162 1496 εἶδος⁶
3188 1435 3451 1503 ἑκάτερον
3483 1431 3622 1497 εἶδος
3653 1452 3813 1503 φυσι-

2238 1518 2334 1571 κὸν
2362 1519 2471 1573 τῶν
2496 1521 2689 1575 ἑαυτοῦ
2733 1523 2940 1594 μερῶν
2976 1523 3098 1577 οὔτε
3138 1524 3239 1595 γὰρ
3269 1525 3455 1590 ἁπλῶς
3480 1526 3658 1596 σῶμα,
3689 1520 3814 1578 οὕτε

2242 1610 2416 1679 μόνως
2468 1612 2613 1684 ψυχὴ
2663 1616 2692 1667 6
2745 1616 3030 1685 ἄνθρωπος
3081 1616 3319 1685 λέγοιτο,
3374 1616 3605 1686 φυσικοῦ
3638 1617 3813 1679 εἴδους

2239 1701 2407 1773 λόγῳ⁸
2433 1703 2556 1757 οὔτε
2584 1706 2743 1775 σῶμα
2773 1707 2868 1761 καὶ
2901 1707 3064 1778 ψυχή·
3101 1708 3162 1760 τὸ
3186 1708 3295 1777 γὰρ
3328 1708 3542 1777 θνητὸν,
3570 1710 3627 1761 ὲν
3661 1708 3813 1761 υύδεε

2239 1794 2383 1864 τέρῳ
2412 1794 2579 1847 τῶνδε
2620 1797 2773 1860 εἴδει,
2830 1801 2894 1850 ὲν
2924 1797 2980 1850 δὲ
3011 1798 3089 1869 τῷ
3117 1797 3395 1870 ἀνθρώπῳ
3422 1800 3627 1870 σαφῶς·
3654 1802 3687 1871 ἢ
3718 1799 3814 1854 οὖν

2238 1885 2361 1939 οὔτε
2392 1886 2525 1950 Θεὸς
2576 1886 2702 1940 οὕτε
2731 1888 3039 1959 ἄνθρωπος,
3075 1889 3198 1943 οὔτε
3238 1890 3371 1953 Θεὸς
3400 1892 3494 1945 καὶ
3521 1892 3811 1963 ἄνθρωποί.

2238 1979 2375 2046 ἅμα,
2415 1977 2530 2031 ἀλλ’
2554 1979 2745 2050 ἕτερόν
2776 1998 2829 2033 τι
2858 1977 2997 2045 εἶδος
3028 1983 3257 2050 φυσικὸν
3285 1985 3315 2036 6
3344 1984 3599 2050 Χριστός·
3638 1986 3730 2038 καὶ
3760 1987 3813 2038 τί

2236 2069 2415 2133 τοῦτο,
2452 2070 2782 2139 λεγέτωσαν·
2820 2074 2867 2125 εί
2915 2074 3161 2144 ὁμοειδὲς
3209 2076 3416 2145 ἀμφοῖν
3458 2079 3572 2139 τοῖς
3622 2094 3811 2130 συντεο

2237 2162 2379 2216 θεῖσι
2418 2164 2559 2217 κατὰ
2597 2165 2776 2218 πάντα
2821 2165 2882 2218 τὸ
2916 2164 3008 2218 τοῦ
3050 2166 3310 2221 συνθέτου
3353 2162 3513 2233 εἶδος,
3546 2169 3663 2231 πῶς
3688 2169 3815 2237 οὐχὶ

2239 2255 2331 2307 καί
2358 2253 2645 2325 ἰσάριθμον
2673 2255 2829 2308 ἔσται
2860 2257 3043 2319 αὐτοῖς
3074 2256 3216 2309 κατὰ
3247 2258 3338 2309 τὸν
3358 2258 3584 2325 φυσικὸν
3616 2258 3810 2326 λόγον;

2307 2512 2369 2566 ε’.
2408 2514 2467 2565 Εἰ
2505 2514 2603 2583 μία
2627 2515 2809 2582 φύσις,
2847 2517 2899 2567 εἴ
2921 2515 2968 2567 τ’
2991 2511 3085 2570 οῦν
3114 2515 3293 2580 οὐσία,
3328 2517 3467 2586 μετὰ
3493 2516 3591 2585 τὴν
3618 2517 3816 2569 ἓνωσιν

2236 2602 2264 2654 ὁ
2300 2602 2553 2673 Χριστὸς,
2618 2604 2719 2672 μία
2769 2606 2863 2659 καὶ
2904 2608 2936 2677 ή
2972 2606 3175 2677 ταύτης
3214 2606 3357 2678 ἀρχὴ
3396 2606 3489 2660 τοῦ
3527 2603 3687 2662 εἰναι⁹
3718 2608 3816 2661 δύο

2236 2693 2344 2763 γὰρ
2380 2694 2552 2763 ἀρχὰς
2581 2695 2679 2765 τῆς
2737 2696 2905 2765 αὐτῆς
2956 2698 3145 2760 οὐσίας
3203 2698 3299 2751 καί
3352 2695 3588 2766 φύσεως,
3638 2698 3809 2767 ἧγουν

2237 2786 2329 2854 ἀφ’
2358 2780 2418 2836 οὗ
2468 2786 2683 2853 πέφυκε
2731 2789 2827 2840 καὶ
2869 2788 3124 2860 ὑπάρχει,
3178 2784 3320 2842 εἶναι
3363 2789 3643 2842 ἀδύνατον·
3680 2790 3814 2843 αὐτὸ

2237 2875 2346 2944 γὰρ
2375 2876 2531 2928 τοῦτο
2556 2876 2654 2945 τὴν
2680 2874 2911 2947 ὓπαρξιν
2938 2879 2969 2948 ἡ
3003 2878 3162 2932 οὐσία
3200 2876 3454 2948 δηλοῦσα,
3482 2880 3569 2932 ὅτε
3597 2879 3815 2946 γέγονε,

2240 2968 2359 3019 τότε
2394 2967 2489 3019 καὶ
2514 2968 2770 3039 ὑπάρχει·
2807 2970 2840 3040 ἡ
2873 2965 2966 3023 οὖν
3007 2972 3152 3042 ἀρχὴ
3188 2974 3282 3024 τοῦ
3314 2967 3453 3025 εἶναι
3478 2971 3682 3042 ταύτης
3714 2973 3817 3040 τῆς

2238 3058 2498 3111 συνθέτου
2525 3058 2762 3128 φύσεως,
2803 3061 2934 3113 πότε
2961 3079 3019 3115 τε
3045 3063 3139 3115 καὶ
3165 3064 3341 3129 ὄπως;
3367 3065 3414 3115 εί
3444 3063 3541 3132 μὲν
3570 3064 3678 3133 γάρ
3707 3063 3815 3131 πρὸ

569 3161 984 3225 adunationem,
1015 3174 1126 3213 non
1162 3168 1391 3228 propter
1415 3158 1810 3212 adunationem
1839 3175 1944 3212 una
1981 3158 2132 3214 dice-

2240 3143 2631 3219 τῆς,ὲνώσεως,
2671 3152 2732 3203 οὐ
2764 3151 2853 3204 διὰ
2876 3151 2973 3221 τὴν
3003 3136 3202 3206 ἕνωσιν
3249 3152 3350 3221 μία
3385 3151 3619 3218 λέγοιτο,
3648 3152 3813 3222 δηλα-

569 3262 743 3318 retur,
772 3250 1056 3307 evidenter
1084 3256 1205 3304 erat
1235 3249 1382 3303 enim
1418 3257 1545 3303 ante
1587 3249 1978 3305 adunationem
2006 3267 2133 3314 una,

568 3360 674 3401 nec
702 3326 1034 3398 adunatione
1055 3356 1193 3411 opus
1215 3350 1336 3396 erat
1367 3348 1426 3395 ut
1451 3341 1566 3410 ipsa
1588 3350 1735 3395 esset
1761 3358 1890 3397 una.
1919 3342 1974 3396 Si
2001 3357 2133 3397 vero

569 3452 601 3494 ε
668 3436 892 3506 praefata
940 3433 1278 3490 adunatione
1336 3433 1515 3503 ipsius
1562 3433 1804 3498 initium,
1859 3433 2135 3503 quomodo

570 3532 839 3580 aeternum
878 3523 1059 3577 adhuc
1074 3530 1130 3577 et
1165 3529 1294 3577 ante
1324 3523 1525 3577 saecula
1559 3531 1613 3577 et
1636 3522 1878 3577 divinam
1907 3523 2137 3578 conﬁte~

569 3616 755 3673 bimur
784 3616 955 3683 illam,
977 3629 1098 3684 quae
1125 3613 1357 3684 Augusti
1381 3612 1727 3683 temporibus
1748 3614 1899 3669 venit
1918 3613 1987 3669 ad
2013 3630 2134 3670 esse

568 3718 825 3764 naturam
842 3706 865 3760 ἰ

643 3800 698 3854 6.
743 3797 938 3853 Omnis
980 3797 1245 3853 adunatio
1278 3798 1334 3853 in
1374 3804 1630 3851 naturam
1671 3799 1962 3867 quamdam
2007 3815 2138 3854 con-

573 3900 842 3945 summata
885 3898 941 3944 et
966 3897 1211 3959 Spectata
1236 3928 1249 3952 ,
1283 3903 1342 3943 se
1365 3888 1607 3943 ostendit
1644 3889 1893 3958 quwdam
1933 3889 2138 3945 haben-

573 3993 681 4037 tem
705 4023 718 4046 ,
757 3996 879 4050 quas
916 3979 1280 4034 adunatarum
1323 3987 1646 4033 naturarum
1688 3981 1840 4034 nulla
1878 3980 1933 4034 in
1958 3980 2135 4049 seipsa

571 4070 818 4143 possidet
847 4089 859 4122 :
893 4068 1096 4124 etenim
1133 4084 1236 4123 nec
1268 4070 1462 4123 animae
1520 4085 1626 4125 nec
1655 4070 1908 4139 corporis
1939 4081 2135 4124 natura

572 4179 672 4233 per
702 4178 759 4217 se
789 4161 961 4230 ipsam
987 4174 1228 4228 unquam
1267 4159 1473 4224 esurit,
1507 4168 1599 4213 aut
1632 4160 1782 4223 sitit,
1818 4169 1912 4213 aut
1944 4159 2138 4213 herro-

572 4268 711 4317 rem,
747 4261 841 4305 aut
869 4249 1429 4328 calorem‘experitur,
1451 4259 1545 4302 aut
1576 4250 1800 4313 dormit,
1834 4260 1926 4303 aut
1951 4266 2139 4304 move-

574 4353 685 4409 tur,
718 4350 813 4397 aut
844 4340 983 4395 ridet
1007 4348 1100 4393 aut
1132 4338 1332 4408 plorat,
1359 4348 1455 4393 aut
1488 4338 1821 4408 simpliciter
1849 4340 2136 4394 sensibilia

574 4434 763 4498 sentit,
799 4434 871 4487 ita
912 4439 974 4484 ut
1007 4446 1108 4485 nec
1143 4429 1275 4484 tibia
1312 4431 1632 4500 separatim,
1669 4445 1771 4485 nec
1805 4430 2009 4484 tibicen
2038 4446 2136 4500 per

2236 3240 2322 3308 δή’
2354 3236 2420 3311 ἦν
2446 3243 2555 3311 γὰρ
2592 3243 2682 3295 καὶ⁹
2718 3243 2825 3312 πρὸ
2872 3242 2974 3312 τῆς
2999 3244 3245 3307 ὲνώσεως
3287 3243 3405 3313 μία,
3440 3241 3564 3297 οὔτε
3586 3242 3643 3297 δὲ
3672 3243 3809 3296 ἑνώ-

2240 3348 2375 3395 σεως
2415 3333 2573 3402 χρεία
2617 3328 2686 3405 ἦν
2715 3337 2796 3394 είς
2838 3334 2897 3387 τὸ
2930 3333 3057 3406 μίαν
3106 3332 3245 3389 εἶναι
3288 3334 3478 3403 αὑτήν·
3510 3338 3559 3388 εί
3592 3334 3651 3388 δὲ
3697 3337 3810 3388 ἀπὸ

2237 3424 2333 3492 τῆς
2362 3424 2669 3493 προσφάτου
2693 3424 2938 3489 ἐνώσεως
2970 3428 3004 3496 ἡ
3034 3426 3240 3498 ταύτης
3270 3427 3435 3499 ἀρχὴ,
3475 3425 3594 3490 πῶς
3631 3428 3813 3480 ἀϊδίαν

2238 3514 2317 3567 ἔτι
2364 3517 2458 3567 καὶ
2501 3517 2838 3585 προαιωνίαν
2898 3519 2992 3571 καὶ
3038 3518 3187 3572 θείαν
3235 3520 3669 3590 ὁμολογήσοιμεν
3710 3522 3814 3591 τὴν

2237 3606 2328 3657 ἐπὶ
2360 3606 2467 3659 τῶν
2496 3606 2809 3681 Αὐγούστου
2841 3608 3047 3678 χρόνων
3088 3608 3457 3681 προελθοῦσαν
3482 3612 3564 3673 είς
3590 3611 3651 3664 τὸ
3671 3605 3811 3664 εἶναι

2240 3698 2398 3767 φύσιν
2418 3718 2431 3765 ;

2310 3799 2383 3856 ς’.
2419 3794 2575 3846 Πᾶσα
2604 3794 2797 3856 ἓνωσις
2827 3794 2904 3857 εἰς
2930 3795 3094 3863 φύσιν
3123 3795 3249 3848 τινὰ
3275 3796 3593 3867 καινοτέραν
3625 3797 3811 3866 ἀπαρι-

2237 3882 2496 3951 τιζομένη
2539 3900 2596 3934 τε
2639 3883 2735 3935 καὶ
2763 3884 3042 3954 ὁρωμένη,
3072 3883 3343 3937 δείκνυσιν
3380 3883 3545 3953 αὐτὴν
3582 3883 3814 3953 ἔχουσάν

2238 3990 2357 4026 τινα
2399 3973 2434 4025 ἃ
2461 3973 2687 4043 οὐδεμία
2718 3973 2826 4026 τῶν
2866 3975 3171 4030 ὲνωθεισῶν
3214 3975 3431 4045 φύσεων
3462 3976 3585 4028 καθ’
3611 3976 3814 4045 ἑαυτὴν

2239 4066 2520 4134 κέκτηταιο
2552 4066 2645 4117 καὶ
2677 4067 2785 4135 γὰρ
2822 4066 2945 4118 οὔτε
2974 4066 3150 4135 ψυχῆς
3190 4067 3373 4137 φύσις,
3399 4066 3522 4120 οὔτε
3560 4067 3814 4136 σώματος

2239 4157 2359 4211 καθ’
2391 4156 2590 4224 ἑαυτὴν
2619 4154 2841 4208 πώποτε
2889 4157 3071 4225 πεινᾷ,
3101 4154 3133 4227 ἢ
3181 4155 3329 4226 διψᾷ,
3357 4156 3390 4226 ἢ
3428 4156 3625 4226 ῥιγᾷ,ἢ
3671 4172 3814 4207 καυι

2241 4247 2498 4316 σοῦται,ἢ
2538 4248 2720 4311 ὑπνοῖ,
2773 4246 3181 4316 ἢὰποθνήσκει,
3215 4247 3247 4316 ἢ
3279 4248 3433 4316 γελᾷ,
3463 4247 3495 4315 ἦ
3546 4245 3745 4310 κλαίει,
3776 4247 3813 4313 ἣ

2237 4337 2419 4400 ἁπλῶς
2452 4336 2765 4390 αἰσθάνεται
2794 4336 3066 4405 αἰσθητῶς
3093 4334 3379 4406 αἰσθητοῦ,
3417 4334 3605 4406 ὥσπερ
3627 4336 3751 4389 οὐδὲ
3781 4338 3814 4387 ὁ

2239 4427 2400 4489 αὐλὸς
2438 4427 2562 4497 ἰδίᾳ,
2610 4427 2733 4480 οὐδὲ
2780 4427 2809 4478 6
2856 4427 3098 4495 αὐλητὴς
3142 4426 3263 4479 καθ’
3294 4426 3487 4479 ἑαυτὸν
3536 4425 3712 4480 λαλεῖ·
3761 4427 3815 4476 τί

575 4544 635 4582 se
661 4527 840 4596 ipsum
869 4522 1016 4577 canit
1039 4539 1053 4587 ;
1076 4521 1208 4591 quid
1232 4537 1364 4592 ergo
1398 4522 1692 4588 Dominus,
1724 4523 1840 4591 ipse
1868 4538 1970 4576 nec
1992 4524 2137 4577 Deus

2240 4514 2331 4574 οὖν
2358 4521 2386 4572 6
2414 4519 2637 4589 Κύριος,
2664 4518 2691 4571 ὁ
2723 4521 2857 4589 μήτε
2881 4518 3013 4581 Θεὸς
3038 4520 3179 4588 μήτε
3204 4518 3515 4589 ἄνθρωπος,
3540 4518 3646 4588 ἰδίᾳ
3670 4517 3817 4586 ἔχειν

573 4630 678 4669 nec
710 4615 903 4675 homo,
950 4609 1173 4679 proprie
1222 4608 1429 4663 habere
1462 4625 1573 4677 prae
1606 4625 1663 4663 se
1698 4609 1957 4664 ferebat?
1992 4609 2137 4664 Sane

574 4722 706 4776 ergo
747 4704 940 4758 dicunt
972 4688 1118 4770 quod
1153 4716 1318 4769 super
1358 4716 1531 4770 aquas
1571 4715 1901 4769 e0rporeum
1940 4701 2136 4755 ambu-

574 4801 697 4853 lans
732 4807 788 4849 et
820 4794 1049 4857 similia;
1082 4792 1176 4846 sed
1219 4792 1354 4845 illud
1388 4792 1806 4863 intelligendum
1848 4808 1960 4847 non
1992 4795 2138 4847 exsi-

576 4900 729 4945 stens
764 4897 976 4941 natura:
1009 4884 1325 4954 compositae
1353 4885 1637 4954 preprium
1669 4901 1808 4951 ens;
1839 4896 1894 4938 et
1934 4888 2138 4954 quibus

576 4997 685 5035 non
718 4978 1022 5034 secundum
1047 4976 1343 5030 essentiam
1368 4975 1423 5029 in
1453 4984 1647 5029 natura
1676 4984 1770 5029 aut
1794 4976 2135 5031 inexsislen-

578 5073 651 5125 tia
678 5068 937 5126 convenit
992 5076 1310 5121 sanctorum
1338 5105 1351 5129 ,
1408 5065 1557 5120 Deus
1601 5078 1744 5135 smpe
1784 5066 1917 5119 ferri
1967 5084 2133 5136 super

577 5166 746 5234 aquas
766 5161 919 5217 dedit
947 5174 1200 5229 corpore,
1238 5158 1450 5213 deloco
1486 5159 1539 5212 in
1574 5159 1755 5212 locum
1782 5175 1948 5227 super
1969 5175 2138 5229 aquas

580 5252 1010 5309 transeuntibus.
1052 5250 1107 5304 Si
1142 5265 1274 5320 ergo
1308 5250 1443 5303 nihil
1479 5250 1550 5304 sit
1580 5251 1805 5320 physica
1835 5252 2139 5319 proprietas

578 5346 779 5400 Christi
815 5344 1057 5414 proprie,
1102 5358 1205 5397 nec
1240 5351 1436 5395 natura
1467 5342 1570 5411 ipsi
1604 5358 1711 5396 una
1732 5343 1980 5411 quaedam
2016 5352 2139 5395 tan-

582 5451 695 5493 tum
751 5437 1003 5506 propria;
1055 5450 1157 5489 nec
1208 5435 1355 5489 enim
1406 5434 1712 5487 secundum
1748 5434 2033 5487 misturam
2085 5443 2144 5487 ut

578 5529 789 5589 siut-ra;
828 5542 927 5579 nec
968 5523 1271 5578 secundum
1307 5523 1787 5591 participationem
1829 5523 1972 5576 sicut
2003 5540 2141 5593 aqua

580 5621 965 5691 mgyptiorum
991 5633 1110 5686 quae
1137 5616 1362 5685 sanguis
1391 5614 1531 5668 facta
1559 5625 1675 5679 est;
1704 5631 1805 5670 nec
1842 5617 2145 5670 secundum

579 5708 946 5763 mutationem
976 5706 1119 5758 sicut
1143 5721 1217 5757 ωδ
1243 5705 1296 5757 in
1321 5704 1624 5774 aeruginem
1660 5705 2016 5769 immutatur;
2044 5722 2144 5760 nec

580 5812 884 5857 secundum
952 5795 1220 5851 naturaiis
1290 5795 1645 5850 adunationis
1701 5796 2082 5851 necessitatem
2130 5840 2143 5854 .

2239 4611 2569 4677 ὲνεδείξατος
2607 4612 2769 4674 Εἰκὸς
2812 4606 2926 4675 οὖν,
2964 4611 3119 4677 φασὶ,
3150 4611 3226 4673 ὡς
3256 4610 3347 4663 τὸν
3375 4611 3457 4679 ἐφ’
3487 4608 3679 4673 ὕδατος
3712 4624 3817 4661 σω-

2244 4706 2470 4775 ματικὺν
2501 4704 2802 4774 περίπατον
2846 4703 2938 4755 καὶ
2988 4703 3057 4755 τὰ
3094 4703 3291 4757 τοιάδε·
3319 4703 3455 4756 ἀλλὰ
3482 4703 3599 4755 τόδε
3646 4719 3817 4755 κατα-

2242 4793 2459 4864 νοητέον
2496 4795 2557 4846 οὐ
2585 4794 2797 4861 φύσεως
2834 4792 2894 4845 ὃν
2932 4794 3126 4863 ἰδίωμα
3162 4794 3437 4847 συνθέτου·
3472 4795 3566 4847 καὶ
3592 4790 3673 4856 οἷς
3706 4794 3820 4863 γὰρ

2247 4886 2320 4955 μὴ
2350 4887 2468 4937 κατ’
2498 4885 2684 4937 οὐσίαν
2712 4887 2791 4947 εἰς
2824 4885 2984 4954 φύσιν
3023 4884 3055 4955 ἢ
3090 4886 3170 4949 εἰς
3199 4885 3498 4938 ὑπόστασιν
3530 4885 3819 4953 σύγκειται

2242 4977 2349 5028 τῶν
2384 4978 2552 5043 ἁγίων
2600 4977 2628 5027 ὁ
2657 4976 2788 5039 Θεὸς
2833 4977 3093 5039 πολλάκις
3122 4977 3441 5047 ἐποχεῖσθαι
3470 4976 3576 5027 τῶν
3606 4976 3821 5028 ὑδάτων

2247 5069 2520 5139 πεποίηκε
2568 5069 2779 5137 σώματι
2839 5070 3219 5138 μεταϐατικῶς
3270 5072 3326 5123 ἐν
3363 5070 3546 5133 αὐτοῖς
3585 5086 3821 5140 πορευο-

2247 5156 2458 5225 μένους·
2490 5160 2535 5209 εί
2581 5154 2673 5210 οὖν
2711 5158 2864 5210 οὐδέν
2904 5161 3017 5211 ἐστι
3066 5161 3291 5227 φυσικὸν
3341 5161 3541 5230 ἰδίωμα
3580 5160 3822 5229 Χριστοῦ

2250 5248 2452 5311 ἱδικῶς,
2487 5250 2604 5301 οὐδὲ
2640 5249 2799 5317 φύσις
2849 5252 2998 5320 αὐτῷ
3037 5253 3135 5321 μία
3188 5269 3269 5314 τις
3309 5251 3467 5319 μὸνῦν
3503 5252 3665 5321 ἰδική·
3695 5250 3826 5303 οὔτε

2250 5340 2357 5409 γὰρ
2392 5341 2532 5395 κατὰ
2556 5341 2835 5411 σύγχυσιν,
2868 5343 2944 5405 ὡς
2996 5343 3061 5395 τὰ
3110 5344 3325 5413 σίκερα’
3355 5343 3477 5396 οὗτε
3512 5344 3654 5397 κατὰ
3683 5360 3827 5411 μετ-

2251 5434 2504 5487 ουσίωτιν
2560 5434 2635 5495 ὡς
2665 5434 2725 5487 τὸ
2749 5434 2893 5505 ὕδωρ
2926 5436 3034 5487 τῶν
3063 5435 3381 5501 Αἰγυπτίων
3412 5430 3551 5502 αἷμα
3576 5434 3825 5500 γεγονός·

2251 5525 2372 5577 οὔτε
2405 5526 2547 5579 κατὰ
2570 5525 2876 5591 ἀλλοίωσιν,
2907 5527 2983 5589 ὡς
3017 5529 3044 5579 ὁ
3078 5527 3275 5595 χαλκὸς
3300 5529 3378 5588 εἰς
3411 5526 3486 5577 ἰὸν
3514 5527 3829 5595 ἀμείϐεται·

2250 5612 2373 5665 οὔτε
2406 5614 2546 5666 κατὰ
2587 5614 2824 5683 φυσικῆς
2865 5613 3115 5676 ὲνώσεως
3154 5616 3419 5683 ἀνάγκην,
3462 5613 3536 5679 ὡς
3569 5611 3717 5683 ψυχὴ
3746 5620 3834 5678 εἰς

2253 5706 2410 5775 σῶμα
2451 5703 2741 5774 ἀνθρώπου
2772 5705 3016 5772 γέγονεν’
3054 5706 3134 5759 ἔτι
3186 5706 3283 5777 μὲν
3326 5705 3529 5778 τράγου
3558 5706 3620 5759 τὸ
3652 5721 3834 5773 μύκαι

2254 5799 2434 5851 στικὸν
2459 5798 2695 5868 ἔχοντος,
2719 5796 3003 5868 ἀνθρώπου
3030 5800 3085 5852 δὲ
3116 5801 3258 5864 ἰδίως
3277 5801 3338 5852 τὸ
3366 5800 3833 5871 κηροπλαστικον,
