4094 6334
289 380 412 456 773=

1392 377 1688 438 CONTRA
1731 373 2329 436 MONOPHYSITAS.

3373 369 3504 432 17Ἕὶ

255 507 391 566 εἰτις
425 504 455 553 ὁ
499 494 660 560 αὐτὸς
697 494 1095 569 κηροπλαστών
1144 495 1238 545 καὶ
1281 491 1516 561 μυκάζοι
1546 491 1705 557 ἀνὴρ,
1741 506 1830 556 μι-

1966 490 2078 541 icut
2115 489 2296 542 anima
2333 489 2399 540 in~
2437 486 2678 538 hominis
2725 501 2930 556 corpus
2975 485 3112 544 facta
3164 495 3279 540 ests
3325 485 3509 544 adhuc

259 591 432 661 μητδς
485 588 594 643 τῶν
646 584 990 656 ἑτεροφυῶν,
1044 583 1107 636 ού
1156 580 1413 634 σύνθετον
1448 577 1690 631 δείκνυσι
1733 576 1834 645 τὴν

257 681 421 750 φύσιν
459 677 624 733 αὐτοῦ
674 676 900 745 δηλαδὴ,
933 673 1070 728 ἀλλά
1108 672 1202 725 δύο
1245 670 1459 740 φύσεων
1490 668 1660 730 ίδικάς
1687 669 1838 736 ἐνερο

258 771 412 839 τείας
438 771 503 822 ὲκ
531 768 635 838 τῆς
663 766 836 833 αὐτῆς
868 765 999 832 μιᾶς
1029 761 1246 831 φύσεως
1289 757 1478 816 αὐτοῦ·
1511 750 1666 819 οὗτος
1709 755 1839 824 γοῦν

259 861 354 914 καὶ
382 860 446 912 τὸ
472 853 860 928 μεταϐατικῶς
907 851 1204 912 κινεῖσθαι,
1235 847 1584 920 ἀνθρωπίνης
1621 845 1839 914 φύσεως

258 948 344 1021 ἦν’
377 949 441 1003 τὺ
489 949 548 1003 δὲ
581 945 656 1018 μὴ
703 943 1066 998 καταδύεσθαι
1105 943 1204 1012 τὴν
1249 939 1556 1010 βαρυτέραν
1591 937 1686 988 τοῦ
1734 934 1841 987 σώ-

265 1057 434 1111 ματος
465 1038 628 1108 φύσιν
665 1034 1038 1106 ἐποχουμένην
1078 1035 1142 1102 τῇ
1183 1031 1277 1084 τοῦ
1322 1029 1514 1091 ὓδατος
1540 1027 1845 1096 κουφοτέρα

261 1131 447 1198 φύσει,
471 1128 610 1182 ἀλλά
633 1123 1013 1194 ύπερείδεσθαι
1032 1121 1131 1192 τὴν
1168 1118 1532 1192 στερροτέραν
1559 1119 1626 1186 τῇ
1662 1132 1845 1184 μανω-

262 1224 423 1294 τέρα.
473 1221 636 1274 τοῦτο
682 1220 833 1282 θείας
879 1217 998 1270 ἐστὶ
1043 1211 1280 1284 φύσεως,
1316 1214 1488 1266 ποιεῖν
1519 1209 1846 1270 ίδικωτάτως

265 1313 474 1377 πάσας,
530 1309 765 1364 ποιῶσαι
809 1305 1370 1376 καὶ-μεταποιῶσαι,
1423 1301 1522 1354 καὶ
1555 1299 1843 1361 ούσιῶσαι,

264 1402 358 1452 καὶ
391 1399 778 1468 μετοοσιιῖωαι,
810 1398 905 1449 καὶ
932 1393 1273 1448 ἀπουσιῶσαι
1315 1391 1417 1454 τάς
1462 1383 1653 1458 φύσεις
1685 1387 1847 1440 δίρα-

261 1509 376 1554 ται,
405 1491 511 1542 κᾶν
545 1491 610 1542 ὲκ
655 1487 747 1540 τοῦ
797 1486 960 1540 αὑτοῦ
1021 1485 1234 1555 πρόεισι
1277 1480 1595 1553 προσώπου.
1652 1479 1849 1547 Σαφῶς

263 1578 358 1635 οὖν
400 1583 460 1633 ὲν
498 1582 612 1641 τοῖς
639 1578 869 1632 τοιοῖσδε
905 1575 1024 1628 θεία
1055 1577 1148 1630 καὶ
1181 1573 1499 1644 ἀνθρωπίνη
1530 1571 1692 1642 φύσις
1724 1587 1850 1623 συν-

265 1669 537 1740 εργοῦσαι
570 1666 830 1738 ὁρῶνταν
869 1666 931 1717 ού
967 1666 1076 1736 μὴν
1117 1665 1282 1734 ἑτέρα
1322 1663 1484 1732 φύσις
1511 1659 1846 1724 συντεθεῖσα,

266 1766 331 1814 ἐκ
360 1759 531 1813 τῶνδε
563 1760 696 1828 ἡμῖν
723 1755 1046 1826 καθορᾶται.

1941 579 2095 633 hirco
2112 579 2352 632 balatum
2385 578 2645 642 habente,
2670 577 2898 645 homine
2923 592 3056 632 vero
3082 592 3274 633 cereas
3297 584 3511 630 statuas

1941 669 2242 739 plasmandi
2277 669 2565 739 speciatim
2587 683 2810 738 capace,
2832 669 2878 724 si
2916 670 3060 724 idem
3087 683 3279 726 cereas
3302 677 3512 724 statuas

1939 763 2176 830 plasmat
2217 770 2275 815 et
2306 761 2553 814 balatum
2584 759 2700 815 edit
2733 761 2929 827 homo,
2962 761 3312 815 diversarum
3337 769 3510 814 natu-

1944 868 2130 907 rarum
2161 851 2426 915 imitator,
2461 868 2572 906 non
2595 853 2956 923 compositam
2981 852 3228 908 ostendit
3259 860 3512 906 naturam

1943 957 2098 995 suam
2123 951 2296 1006 certe,
2327 942 2426 996 sed
2453 941 2590 996 duas
2624 953 2948 997 naturarum
2985 943 3238 1012 proprias
3261 945 3517 1011 cnergias

1943 1047 2012 1088 ex
2049 1033 2165 1102 ipsa
2200 1048 2305 1086 una
2338 1043 2535 1086 natura
2565 1048 2686 1088 sua.
2723 1032 2817 1088 Sic
2854 1042 3072 1119 ergoet
3095 1033 3164 1088 de
3198 1034 3322 1086 loco
3351 1032 3406 1086 in
3435 1032 3518 1085 Io-

1947 1139 2082 1179 cum
2100 1123 2330 1187 moveri,
2369 1123 2626 1178 humana:
2666 1134 2880 1178 natura:
2910 1137 3026 1189 est;
3063 1123 3162 1178 sed
3205 1139 3315 1176 non
3349 1122 3520 1190 mergi

1947 1213 2254 1282 graviorem
2278 1215 2528 1284 corporis
2552 1225 2808 1268 naturam
2838 1221 3004 1284 super
3027 1229 3297 1283 aquarum
3327 1211 3521 1267 leviori

1951 1312 2144 1358 natura
2181 1305 2546 1373 gradientem,
2577 1305 2673 1363 sed
2706 1305 2973 1359 sustineri
2997 1304 3322 1359 solidiorem
3353 1317 3525 1372 super

1951 1395 2190 1448 molliori
2223 1395 2426 1449 divina:
2453 1395 2504 1448 id
2532 1403 2617 1448 est
2650 1403 2883 1456 naturae,
2926 1393 3104 1448 facere
3131 1393 3291 1446 valde
3317 1391 3529 1461 speciaa

1954 1487 2050 1540 tim
2075 1496 2332 1549 cunctas,
2375 1486 2572 1540 fecisse
2622 1495 2676 1538 ct
2719 1495 2960 1539 mutasse
3003 1484 3185 1548 facta,
3225 1483 3525 1537 essentiam

1952 1577 2148 1632 fecisse
2189 1587 2246 1631 et
2289 1577 2546 1631 essentia!
2592 1576 2914 1646 participem
2954 1576 3158 1639 fuisse,
3195 1587 3252 1630 et
3289 1575 3528 1630 essentia

1953 1666 2171 1735 privare
2244 1674 2470 1719 naturas
2520 1674 2742 1734 potest,
2783 1667 2890 1720 etsi
2933 1683 2999 1720 ex
3043 1667 3234 1721 eadem
3294 1679 3529 1734 persona

1955 1757 2240 1828 procedat.
2293 1757 2594 1811 Evidenter
2631 1772 2764 1827 ergo
2808 1758 2866 1810 in
2893 1758 3097 1812 talibus
3127 1759 3315 1812 divina
3342 1767 3406 1812 et.
3429 1756 3532 1810 hu-

269 1866 434 1905 mana
497 1859 695 1904 natura
769 1847 1056 1918 cooperari
1098 1845 1396 1912 videntur,
1447 1859 1559 1900 non
1615 1855 1797 1900 tamen
1839 1845 1946 1901 alia
2009 1851 2311 1919 composita
2371 1860 2567 1904 natura
2619 1866 2684 1904 ex
2739 1851 2859 1906 istis
2894 1851 3055 1906 nobis
3098 1849 3414 1921 aspicienda
3451 1846 3535 1902 of-

267 1945 470 1998 fertur.

341 2035 413 2100 C'.
455 2036 520 2088 Εἰ
551 2036 721 2107 μηδὲν
752 2034 914 2089 πλέον
961 2035 996 2106 ἢ
1042 2035 1261 2088 ἔλαττον
1285 2037 1404 2097 ταῖς
1439 2032 1532 2086 δύο
1565 2032 1790 2103 φύσεσιν
1821 2033 1854 2102 ἡ

2030 2030 2080 2084 7.
2123 2029 2178 2084 Si
2218 2028 2356 2084 nihil
2383 2025 2623 2098 amplius
2651 2037 2746 2083 aut
2768 2029 2954 2084 minus
2985 2029 3038 2082 in
3069 2029 3288 2084 duabus
3321 2030 3534 2086 naturis

272 2127 524 2190 σύνθεσις
566 2131 599 2198 ἡ
647 2127 952 2197 ἀσύγχυτος
989 2126 1126 2196 πλὴν
1155 2126 1255 2198 τῆς
1283 2127 1419 2190 πρὸς
1450 2124 1684 2192 ἀλλήλας
1719 2123 1852 2197 ἐνῴ-

273 2235 412 2280 σεως
450 2218 752 2282 δείκνυσιν,
805 2219 999 2281 ἓνωσις
1043 2219 1099 2271 δὲ
1139 2219 1265 2271 οὗτε
1306 2218 1468 2287 φύσις
1512 2219 1680 2282 ἐστὶν,
1709 2215 1852 2269 -ούτε

274 2311 386 2380 μὴν
413 2309 724 2373 ἀλλοίωσις,
759 2309 792 2379 ἦ
821 2309 1020 2377 λεϊψις,
1063 2309 1096 2380 ἦ
1137 2309 1434 2380 πρόσθεσις
1463 2308 1702 2378 φύσεως,
1735 2307 1854 2370 πῶς

273 2403 406 2454 ἀνευ
471 2400 824 2470 προσθέσεως
852 2442 868 2466 ,
920 2401 954 2472 ἢ
991 2401 1256 2483 λείψεως,
1288 2400 1325 2470 ’ἢ
1366 2398 1702 2463 ἀλλοιώσεως
1751 2399 1857 2467 φύ-

272 2503 440 2556 σεως,
465 2494 528 2546 τὸ
552 2493 672 2545 κατ’
703 2493 940 2563 ἀριθμὸν
969 2493 1132 2546 ποσὸν
1159 2491 1270 2546 τῶν
1294 2485 1588 2562 ὴνωμζένων
1616 2491 1854 2561 φύσεων,

271 2585 445 2637 πλέον
477 2583 510 2653 ἢ
543 2584 771 2637 ἐλαττον
800 2586 1126 2654 φανήσεται,
1155 2585 1242 2636 ἵνα
1271 2583 1304 2653 ἢ
1332 2584 1484 2654 τρεῖς
1521 2583 1555 2652 ἢ
1597 2582 1725 2652 μίαν
1757 2583 1857 2644 τάς

271 2675 470 2737 οὐσίας
501 2674 598 2727 δύο
617 2672 802 2738 οὕσας,
843 2675 1222 2746 μεταποιήσῃ;
1260 2674 1306 2725 εί
1337 2672 1393 2724 δὲ
1417 2673 1533 2741 ἀρα*
1553 2672 1649 2724 καὶ
1675 2669 1856 2723 πλεῖόν

271 2749 325 2815 ξι
351 2761 606 2824 ὲνὼσεως
642 2763 949 2830 ἀσυγχύτου
990 2764 1110 2822 ταῖς
1130 2762 1360 2828 φύσεσιν
1393 2760 1707 2826 ἐπεισάγειν
1738 2759 1857 2811 τολ-

275 2854 428 2923 μῶσι
453 2855 739 2925 ποιητικὸν
766 2855 800 2924 ἦ
829 2855 1240 2923 παραστατικὸν
1273 2851 1463 2914 ἁπλῶς
1494 2852 1739 2919 φύσεως,
1771 2850 1857 2902 λε-

273 2929 530 3016 γέτωσαν
559 2949 690 3018 ἡμῖν
727 2946 1032 3018 παρρησίᾳ,
1065 2946 1114 2998 τί
1141 2945 1300 2998 τοῦτο
1332 2940 1470 2998 εἶναι
1498 2942 1853 2996 διανοοῦνται.

351 3133 423 3196 η’.
460 3126 524 3178 Ei
565 3126 628 3178 ὲκ
654 3125 748 3180 δύο
790 3123 1005 3193 φύσεων
1042 3123 1337 3192 ἠνωμένων
1369 3120 1691 3190 ἀσογχύτως
1730 3120 1859 3190 μίαν

275 3221 462 3271 ποιεῖν
503 3217 672 3279 ἔστιν,
701 3217 766 3268 ὲκ
793 3215 886 3267 δύο
915 3215 1132 3282 φύσεων
1157 3213 1454 3284 ήνωμὲνων
1482 3211 1626 3264 κατά
1658 3211 1861 3280 σύγχυ-

276 3327 371 3364 σιν
411 3308 464 3360 τί
507 3308 692 3378 ἕτερον
724 3307 972 3375 γίπταις
1025 3305 1058 3376 ἢ
1097 3301 1190 3357 οὖν
1229 3306 1323 3357 δύο
1374 3300 1514 3356 εἶναι
1554 3302 1748 3371 φύσεις
1797 3303 1862 3354 ὲκ

277 3399 382 3454 τοῦ
415 3400 725 3469 ἀσυγχύτου
775 3399 951 3466 Λόγου
1000 3398 1090 3451 ἐπὶ
1121 3396 1361 3468 Χριστοῦ
1393 3394 1627 3468 ἐροῦσιν,
1657 3395 1690 3464 ἢ
1719 3394 1802 3457 τίς
1830 3395 1862 3464 ἡ
1889 3378 1932 3435 C

273 3492 522 3562 διαφορά
553 3492 646 3544 τοῦ
689 3492 998 3561 ἀσυγχύτου
1058 3491 1193 3561 πρὸς
1245 3493 1345 3559 τὴν
1389 3489 1652 3558 σύγχυσιν
1697 3490 1754 3540 ὲν
1795 3488 1860 3556 τῇ

275 3585 393 3637 τῶν
427 3583 645 3651 φύσεων
675 3581 865 3636 ἑνώσει
897 3582 1078 3650 λέγειν
1118 3581 1648 3652 εἰσπραχθήσονταις
1688 3581 1736 3632 εί
1770 3580 1864 3633 καὶ

278 3675 524 3741 λέγοιεν,
553 3675 634 3726 δτι
653 3691 669 3706 ο
717 3675 790 3727 Ub
821 3674 1128 3744 συγχέομεν
1151 3673 1203 3726 τί
1235 3674 1344 3742 γὰρ
1365 3672 1550 3724 πλεῖον
1581 3673 1695 3741 ἐρεῖ
1723 3674 1750 3724 ὁ
1776 3667 1868 3722 λέο

280 3783 401 3833 γων
431 3765 732 3835 σύγχυσιν;
755 3767 1066 3818 εἰπάτωσαν
1089 3765 1197 3834 γάρ
1217 3766 1309 3816 καὶ
1334 3763 1864 3833 τοῖς-Νεστοριανοῖς,

282 3858 385 3909 δύο
433 3859 764 3920 ὑποστάσεις
812 3855 1030 3924 λέγουσι
1080 3858 1173 3909 καὶ
1210 3855 1510 3926 κράξουσιν
1542 3856 1757 3924 ἀνέδην,
1784 3856 1868 3908 ὅτι

283 3953 352 4004 οὗ
386 3949 723 4020 διαιροῦμεν,
754 3949 914 4002 τοῦτὸ
942 3966 1140 4019 φαμεν·
1173 3951 1254 4002 ὅτι
1292 3949 1345 4002 τί
1387 3949 1497 4019 γάρ
1531 3950 1658 4004 ἀλλο
1691 3967 1870 4018 παρα-

286 4040 482 4107 στήσει
500 4039 591 4090 τὸν
612 4038 892 4107 διορισμόν
915 4054 931 4102 ;
964 4039 1025 4089 ού
1060 4037 1170 4108 γὰρ
1204 4038 1350 4090 ἔστιν
1372 4037 1575 4107 ἑτέρως
1597 4038 1664 4091 τὰ
1692 4039 1868 4109 πάντη

285 4129 624 4200 ἀδιακρίτως
659 4129 1028 4196 συγκείμενα,
1062 4128 1204 4196 πλὴν
1236 4128 1331 4180 τού
1370 4129 1548 4196 λέγειν
1579 4130 1709 4198 μιᾶς
1735 4129 1870 4181 ὑπο-

289 4218 543 4279 στάσεως
571 4218 784 4286 φύσεως
817 4214 978 4272 εἶναι·
1007 4218 1129 4271 οὕτε
1156 4219 1221 4272 τά
1250 4220 1427 4288 πάντη
1455 4218 1868 4290 διακεκριμένα,

287 4309 322 4377 ἢ
352 4309 414 4360 τὸ
445 4308 627 4375 λέγειν
657 4308 752 4361 δύο
783 4309 971 4376 φύσεις
1002 4309 1098 4362 καὶ⁸
1131 4309 1457 4371 ὑποστάσεις
1497 4304 1656 4364 εἶναι.

362 4483 430 4538 θ’.
459 4483 522 4536 Ei
548 4484 648 4554 μία
669 4484 832 4553 φύσις
861 4484 956 4537 τοῦ
989 4485 1260 4537 Δεσπότου
1285 4482 1440 4553 ήμῶν
1463 4484 1702 4554 Χριστοῦ
1732 4483 1872 4554 μετά

284 4578 392 4648 τὴν
416 4576 634 4638 ἕνωσιν,
666 4576 917 4644 εἴποιμεν
952 4576 1087 4646 πρὸς
1118 4575 1347 4639 αὐτούς’
1388 4571 1498 4644 ἆρά
1539 4576 1605 4645 γέ
1639 4594 1797 4644 φατε,
1828 4570 1873 4630 ὦ

281 4663 465 4734 οὗτοι,
511 4667 909 4740 κρειττωθῆναί
957 4685 1074 4730 πως
1123 4668 1326 4737 ταύτην
1353 4669 1532 4720 πᾶσαν
1591 4668 1728 4736 μετά
1774 4670 1872 4737 τὴν

285 4758 458 4826 ἁγίαν
493 4757 656 4811 αὑτοῦ
683 4757 1005 4823 ἀνάστασιν,
1041 4757 1074 4828 ἢ
1107 4758 1252 4827 οὐχίς
1302 4757 1336 4829 ἢ
1383 4759 1564 4810 πᾶσαν
1599 4758 1696 4828 μὲν
1728 4759 1868 4828 οὐχὶ,

286 4846 439 4901 εἶναι
464 4848 519 4900 δέ
542 4867 595 4900 τι
619 4848 840 4916 λέγεται
868 4851 926 4901 ὲν
961 4849 1100 4918 αὐτῇ
1129 4852 1194 4918 τῇ
1216 4845 1513 4901 ἀναστάσει
1543 4847 1635 4900 τοῦ
1665 4849 1871 4902 Δεσπό-

287 4956 386 4993 του
425 4941 869 5009 κρειττούμενον,
927 4940 1020 4993 καὶ
1070 4939 1254 5009 ἕτερον
1303 4939 1380 5008 μὴ
1415 4941 1868 5010 κρειττούμενον;

285 5034 341 5084 εί
369 5032 473 5101 μὲν
499 5031 595 5083 οὖν
628 5027 770 5085 εἶναί
799 5048 854 5083 τι
883 5031 1083 5084 τέλειον
1124 5029 1220 5081 καὶ
1246 5029 1477 5097 φυσικὸν
1502 5030 1563 5082 τὸ
1591 5031 1874 5100 κρειττού-

292 5140 459 5193 μενον
493 5123 636 5175 κατά
664 5123 850 5191 φύσιν,
871 5125 965 5176 καὶ
992 5123 1180 5193 ἕτερον
1203 5123 1408 5174 τέλειον
1440 5123 1667 5190 φύσικδν
1690 5140 1872 5194 xpete-

285 5215 419 5267 τοῦν
453 5216 593 5268 κατά
631 5215 793 5283 φύσιν
828 5218 886 5267 ὲν
914 5218 980 5286 τῇ
1018 5216 1150 5286 ἀγίᾳ
1179 5213 1343 5268 αὐτοῦ
1372 5213 1665 5268 ἀναστάσει
1709 5216 1868 5284 φατὲ,

289 5305 523 5358 αὐτόθεν
561 5308 690 5374 ἡμῖν
719 5305 828 5359 ἰδοὺ
853 5305 949 5368 τάς
978 5307 1074 5360 δύο
1105 5305 1296 5374 φύσεις
1321 5305 1752 5375 συνομολογείτεο
1779 5309 1874 5360 καὶ

289 5395 619 5465 εὐχαριστία
651 5394 728 5464 τῷ
777 5395 942 5464 κοινῷ
997 5396 1173 5464 Πατρὶ
1225 5396 1317 5448 ἐπὶ
1362 5397 1428 5465 τῇ
1469 5395 1576 5450 τῶν
1623 5397 1874 5466 ἀδελφῶν

291 5485 428 5556 ὑγιᾳ
457 5485 748 5554 ἀπολήψει.

364 5587 419 5632 ι’.
467 5579 532 5631 Οἱ
561 5579 772 5648 ἐπινοίά
803 5579 961 5646 μόνον
983 5579 1114 5648 ὀρᾷν
1143 5579 1444 5646 φάσκοντες
1470 5578 1534 5632 τὸ
1557 5578 1733 5634 διττὸν
1759 5581 1871 5632 τῶν

289 5672 514 5742 φύσεων
551 5670 644 5721 ἐπὶ
681 5669 917 5738 Χριστοῦ
967 5668 1105 5738 μετά
1153 5670 1254 5738 τὴν
1307 5670 1521 5734 ἕνωσιν,
1555 5672 1869 5740 λεγέτωσαν

285 5767 428 5834 ἡμίν
456 5763 557 5832 τήν
591 5761 822 5831 φυσικὴν
861 5760 1126 5831 διαφορὰν
1156 5761 1249 5813 τοῦ
1281 5761 1513 5831 ἀοράτου
1547 5765 1640 5816 καὶ
1671 5765 1868 5831 ὁρατοῦ

1952 2120 2625 2191 composntio_inconl'usa
2681 2136 2845 2189 quam
2896 2122 3131 2176 alterius
3175 2137 3300 2174 cum
3357 2123 3532 2177 altera

1955 2210 2218 2265 adunatio
2253 2210 2523 2275 ostendit,
2545 2219 2606 2266 et
2636 2211 2900 2265 adunatio
2927 2227 3031 2265 nec
3061 2221 3260 2266 natura
3289 2223 3372 2268 est
3391 2254 3404 2278 ,
3432 2230 3536 2270 nec

1956 2304 2190 2358 mutatio
2216 2345 2230 2368 ,
2263 2318 2367 2357 nec
2409 2304 2626 2358 reiictio
2662 2310 2758 2356 aut
2797 2303 3071 2373 appositio
3107 2314 3322 2360 natura:
3348 2346 3364 2369 ,
3395 2322 3536 2376 quo-

1958 2393 2120 2446 modo
2148 2393 2358 2462 absque
2387 2393 2758 2463 appositione,
2791 2403 2888 2448 aut
2913 2394 3202 2449 relictione
3227 2399 3324 2450 aut
3359 2407 3540 2451 muta-

1925 2539 1929 2543 .
1961 2480 2110 2534 tione
2155 2491 2398 2546 naturae,
2430 2482 2713 2550 quantitas
2738 2481 2897 2551 juxta
2941 2498 3236 2537 numerum
3270 2483 3539 2540 adunata-

1958 2584 2082 2624 rum
2118 2579 2458 2628 naturarum-
2493 2574 2619 2642 plus
2665 2575 2919 2628 minusve
2981 2575 3305 2646 apparebit,
3350 2585 3410 2631 ut
3444 2585 3539 2632 aut

1960 2675 2072 2719 tres
2107 2675 2205 2719 aut
2247 2681 2412 2719 unam
2453 2668 2564 2737 jam
2598 2667 2765 2722 faciat
2812 2683 2908 2723 eas
2949 2684 3073 2737 quae
3113 2669 3236 2724 dua:
3282 2672 3540 2729 essentiae

1958 2757 2160 2811 erant?
2199 2757 2371 2811 Porro
2405 2759 2450 2812 si
2497 2767 2554 2811 et
2597 2760 2993 2830 ampliusquid
3031 2761 3388 2816 adunationis
3427 2763 3541 2816 dis-

1962 2849 2145 2902 tincta:
2168 2849 2387 2903 naturis
2416 2849 2656 2918 adjicere
2681 2851 2924 2905 audeant
2945 2851 3192 2906 edictum
3215 2863 3313 2906 aut
3339 2869 3541 2924 repur-

1961 2941 2299 2996 sentativum
2331 2949 2550 2994 natura:
2593 2941 2947 3011 simpliciter,
2979 2941 3165 2997 dicant
3208 2943 3374 2997 nobis
3411 2958 3540 2998 cum

1963 3031 2164 3085 iiducia
2192 3033 2324 3100 quid
2355 3031 2489 3084 illud
2523 3047 2644 3087 esse
2673 3032 2939 3102 cogitant.

2034 3123 2085 3176 8.
2113 3123 2167 3177 Si
2203 3124 2272 3177 dc
2317 3123 2536 3178 duabus
2581 3123 2799 3178 naturis
2831 3124 3090 3180 adunatis
3127 3125 3385 3182 distincte
3429 3143 3540 3184 una

1963 3213 2221 3277 edicitur,
2260 3214 2327 3282 de
2364 3213 2578 3267 duabus
2622 3214 2834 3267 naturis
2876 3213 3138 3269 adunatis
3174 3232 3299 3270 cum
3342 3218 3537 3272 confu-

1964 3305 2121 3360 sione
2160 3306 2293 3374 quid
2343 3305 2490 3359 aliud
2529 3305 2627 3358 ﬁl?
2661 3315 2756 3359 aut
2799 3321 2932 3377 ergo
2976 3308 3116 3362 duas
3147 3323 3267 3363 esse
3311 3320 3543 3366 naturas

1965 3415 2033 3453 ex
2059 3398 2348 3452 inconfuso
2376 3397 2554 3451 Verbo
2578 3397 2645 3450 de
2667 3396 2888 3452 Christo
2920 3399 3109 3452 dicent
3131 3440 3145 3463 ,
3186 3409 3283 3454 aut
3312 3417 3433 3470 qua:
3471 3405 3543 3456 sit

1967 3491 2111 3544 inter
2147 3489 2496 3544 inconfusum
2521 3497 2576 3542 et
2605 3487 2989 3545 cdnfusionem
3019 3490 3334 3546 dili'erentia
3365 3493 3418 3546 in
3443 3509 3542 3547 na-

1968 3588 2216 3635 turarum
2281 3581 2617 3635 adunatione
2664 3579 2847 3634 dicere
2916 3592 3220 3652 cogentur;
3279 3595 3444 3653 atque
3496 3589 3543 3639 si

1968 3670 2209 3725 dixerint
2231 3670 2361 3740 quia
2408 3685 2514 3723 non
2556 3668 2872 3731 miscemus.
2926 3671 3060 3739 quid
3104 3673 3356 3741 amplius
3395 3672 3546 3728 dicet

1968 3763 2064 3831 qui
2090 3762 2166 3816 ait
2189 3761 2546 3816 mistionem?
2569 3760 2764 3814 Dicant
2789 3761 2939 3815 enim
2959 3771 3016 3817 et
3044 3763 3388 3819 Nestorianis
3407 3765 3547 3818 duas

1970 3854 2291 3924 hypostases
2320 3852 2514 3907 dicunt
2539 3861 2596 3906 et
2623 3853 2847 3921 impune
2882 3854 3192 3909 vociferant
3227 3873 3240 3908 :
3273 3857 3403 3923 quia
3431 3871 3543 3910 non

1970 3947 2286 4009 dividimus,
2321 3945 2374 3998 id
2408 3944 2685 4010 dicimus;
2740 3947 2870 4015 quia
2901 3946 3034 4016 quid
3075 3948 3224 4001 enim
3251 3947 3405 4002 aliud
3445 3963 3545 4002 ex-

1971 4045 2140 4108 ponet
2170 4036 2552 4091 deﬁnitionem
2573 4037 2597 4090 ?
2621 4037 2870 4107 Namque
2899 4053 3011 4091 non
3040 4038 3203 4092 aliter
3231 4048 3360 4092 sunt
3385 4042 3545 4110 peni-

1975 4139 2064 4183 tus
2090 4127 2416 4188 indistincte
2457 4127 2785 4196 composita,
2817 4142 2983 4196 quam
3018 4127 3088 4181 de
3117 4127 3322 4196 quibus
3350 4130 3546 4184 dicen-

1972 4219 2101 4273 dum
2126 4219 2200 4272 sit
2221 4225 2436 4271 natura:
2458 4233 2624 4272 unam
2659 4218 2997 4289 hypostasim
3024 4233 3166 4282 esse,
3191 4235 3294 4273 nec
3325 4222 3548 4290 penitus

1972 4313 2237 4368 distincta
2265 4325 2430 4380 quam
2461 4309 2530 4362 de
2561 4309 2769 4378 quibus
2799 4308 3096 4364 dicendum
3126 4310 3198 4363 sit
3221 4309 3360 4364 duas
3384 4322 3548 4366 natu-

1975 4418 2063 4457 ras
2093 4411 2149 4456 et
2179 4401 2504 4470 hypostases
2529 4414 2674 4453 esse.

2044 4508 2097 4562 9.
2152 4504 2208 4560 Si
2237 4503 2453 4559 Domini
2485 4503 2660 4558 nostri
2704 4503 2908 4559 Christi
2939 4520 3048 4559 una
3076 4515 3272 4559 natura
3298 4516 3423 4576 post
3448 4510 3548 4562 ad-

1977 4593 2293 4647 unationem
2317 4632 2331 4655 ,
2355 4591 2606 4648 dicamus
2636 4591 2703 4644 ad
2729 4591 2849 4646 illos
2883 4610 2896 4646 :
2926 4592 3069 4663 Ergo
3121 4594 3317 4660 dicite,
3350 4612 3384 4651 ο
3418 4612 3546 4663 vos,

1898 4705 1952 4764 Ι)
1979 4682 2254 4738 meliorari
2293 4682 2531 4751 quodam
2561 4682 2723 4736 modo
2751 4683 2899 4736 illam
2936 4688 3104 4738 tetam
3140 4695 3266 4755 post
3295 4698 3544 4742 sanctam

1976 4774 2093 4842 ejus
2148 4771 2612 4826 resurrectionem
2661 4781 2753 4827 aut
2797 4773 2950 4826 non?
2982 4783 3076 4828 aut
3118 4781 3291 4830 totam
3323 4781 3549 4848 quidem

1975 4879 2106 4927 non,
2148 4879 2270 4917 esse
2304 4877 2438 4916 vero
2469 4862 2602 4932 quid
2636 4863 2844 4918 dicitur
2881 4866 2935 4919 in
2963 4866 3080 4936 ipsa
3106 4870 3325 4924 Domini
3363 4887 3550 4925 resur-

1975 4955 2219 5008 rectione
2243 4952 2617 5016 melioratum,
2643 4964 2698 5008 et
2724 4954 2872 5009 ali-nd
2908 4972 3017 5010 non
3069 4961 3462 5016 melioratum?
3494 4964 3549 5018 Si

1971 5059 2102 5114 ergo
2131 5041 2357 5112 quidem
2393 5056 2515 5096 esse
2553 5043 2860 5111 perfectum
2906 5053 2963 5098 et
3003 5049 3257 5102 naturale
3296 5051 3555 5105 meliora-

1978 5144 2092 5189 tum
2136 5133 2443 5188 secundum
2486 5144 2764 5200 naturam,
2811 5144 2866 5190 et
2911 5137 3079 5191 alium
3111 5140 3417 5208 perfectum
3450 5160 3554 5196 na—

1976 5227 2151 5281 turale
2205 5226 2591 5281 meliorantem
2635 5226 2690 5280 in
2739 5235 2928 5280 sancta
2972 5229 3092 5297 ejus
3140 5235 3552 5289 resurrectione

1975 5319 2184 5382 dicitis,
2224 5319 2353 5373 inde
2379 5319 2542 5388 nobis
2571 5334 2701 5373 ecce
2738 5318 2874 5372 duas
2913 5319 3032 5374 illas
3062 5332 3293 5378 naturas
3317 5327 3553 5380 confitc-

1978 5411 2141 5476 mini;
2186 5419 2244 5465 et
2285 5411 2476 5481 gratia:
2521 5413 2801 5466 communi
2847 5412 2994 5466 Patri
3032 5413 3101 5467 de.
3136 5415 3371 5472 fratrum
3415 5436 3553 5474 sano

1977 5502 2158 5556 reditu
2191 5511 2442 5582 agentur.

2052 5590 2137 5645 10.
2175 5590 2277 5655 Qui
2306 5590 2636 5659 cogitatione
2667 5599 2880 5645 tantum
2905 5601 3229 5651 naturarum
3261 5598 3554 5667 duplicita-

1980 5686 2090 5740 tem
2127 5675 2482 5731 considerare
2514 5677 2709 5731 dicunt
2748 5679 2803 5732 in
2837 5678 3062 5736 Christo
3104 5697 3230 5754 post
3265 5686 3556 5741 adunati».

1977 5781 2126 5825 nem,
2154 5763 2314 5818 nobis
2340 5765 2411 5833 ph
2453 5767 2621 5818 sicam
2646 5766 3015 5825 dili'ercntiam
3041 5774 3229 5830 dicant
3256 5776 3554 5830 invisibilis
