4094 6334
590 386 725 448 ’1³775

642 388 729 449 175
1818 389 2128 448 LEONTII
2171 388 2570 449 BYZANTINI

3718 385 3830 455 ττι
3848 406 3853 411 ‘

593 512 648 554 ιιι
686 501 919 556 visibilis
950 516 1005 553 In
1028 500 1271 565 Christo,
1293 500 1623 570 cogitatione
1652 502 1834 555 sciunt
1864 518 1931 556 an
1962 502 2151 556 aliter!

2259 505 2317 556 ἐν
2350 503 2593 573 Χριστῷ,
2644 503 2857 574 ἐπινοίᾳ
2894 501 3081 555 ἴσασιν
3110 503 3223 557 ἀλλ’
3247 505 3487 573 ἐτέρωςς
3520 505 3583 557 Εἰ
3611 507 3707 575 μὲν
3737 503 3832 560 οὖν

596 593 650 645 Si
683 586 813 660 ergo
850 590 1071 660 quidem
1100 592 1291 647 eadem
1319 591 1653 661 cogitatione
1680 601 1745 665 _et
1779 592 2149 647 differentiam

596 684 776 737 sciunt
816 684 1094 753 physicam
1122 684 1175 736 in
1200 681 1417 746 eodem,
1450 681 1594 736 sicut
1621 681 1764 737 hanc
1794 682 2149 748 conﬁtentur,

594 786 647 829 et
679 776 827 829 illam
858 784 1122 844 cogentur
1149 793 1163 839 ;
1200 784 1293 829 aut
1323 774 1368 829 si
1402 774 1615 843 plasma
1659 782 1743 828 est
1776 774 1899 839 illa,
1928 784 1981 828 et
2012 775 2155 827 hanc

596 869 675 921 sic
703 882 825 921 esse
865 867 1075 927 dicent.
1102 865 1185 920 -Si
1216 881 1350 920 vero
1378 865 1903 920 diﬂ'erentiam'non
1948 865 2157 936 cogita-

597 958 745 1010 tione
771 956 865 1035 sed
891 957 1149 1010 sensibus
1171 956 1523 1012 considerare
1559 956 1615 1009 in
1638 956 1742 1009 hac
1772 955 2034 1021 dixerint,
2066 954 2155 1009 in-

594 1048 810 1103 visibile
847 1062 945 1117 per
985 1063 1179 1102 sensus
1210 1047 1401 1104 videre
1439 1045 1800 1109 aﬂirmantes,
1836 1047 2157 1102 admiratio—

597 1155 719 1192 nem
750 1138 1142 1209 provocabunt.
1168 1136 1225 1191 Si
1248 1128 1383 1192 véro
1407 1138 1737 1207 cogitatione
1761 1138 1921 1190 ambo
1942 1128 2152 1202 vident,

595 1230 690 1285 scd
722 1227 1091 1283 diﬂ‘erentiam
1118 1228 1341 1298 quidem
1374 1236 1491 1281 arte
1520 1228 1802 1298 indicandi
1838 1228 1907 1283 de
1933 1227 2157 1283 entibus

593 1331 648 1375 et
677 1319 1030 1390 concipiendi
1057 1320 1125 1375 de
1150 1320 1319 1374 rebus
1340 1335 1508 1388 supra
1535 1335 1750 1385 sensus,
1775 1320 2153 1389 duplicitatem

595 1420 889 1477 veropearte
953 1410 1296 1480 excogitandi
1335 1410 1403 1491 de
1448 1409 1627 1481 rebus,
1659 1425 1780 1479 quae
1824 1421 1933 1464 n0n
1994 1418 2151 1475 sunt;

592 1504 769 1571 primo
801 1502 1021 1572 quidem
1056 1518 1155 1555 cur
1182 1517 1291 1555 non
1324 1510 1379 1555 et
1418 1500 1607 1555 decem
1632 1510 1696 1555 et
1747 1501 1941 1572 viginti
1965 1510 2023 1555 et
2056 1502 2155 1556 tri-

590 1598 745 1665 ginta
805 1604 1031 1648 naturas
1079 1592 1335 1662 ﬁngimus
1372 1591 1427 1645 in
1470 1591 1715 1657 Christo,
1745 1592 1839 1647 sed
1867 1591 2001 1647 duas
2030 1601 2155 1647 tan-

594 1688 743 1740 tum?
771 1686 902 1751 Quis
930 1701 1060 1739 vero
1085 1685 1269 1754 legem
1280 1684 1391 1744 ded
1402 1684 1442 1736 it
1464 1684 1624 1738 nobis
1647 1684 1902 1739 ﬁctiones
1925 1684 2152 1754 dogma-

597 1780 773 1832 tizare
815 1778 883 1831 de
936 1777 1164 1831 Christo
1205 1790 1336 1830 vero
1380 1775 1520 1838 Deo,
1564 1782 1619 1829 et
1664 1775 1971 1843 phantasiis
2019 1776 2153 1831 solis

590 1870 793 1923 auferri
826 1868 1023 1923 ﬁdem?
1048 1866 1387 1921 ldololatram
1417 1881 1558 1930 esse,
1598 1881 1707 1920 non
1734 1867 1804 1921 ab
1836 1877 2017 1933 extra,
2056 1867 2152 1922 sed
2180 1844 2227 1904 Β

593 1963 645 2014 in
694 1960 806 2029 ipsa
854 1959 1033 2012 anima
1074 1967 1260 2011 nostra
1298 1972 1420 2026 qua:
1472 1972 1580 2010 non
1626 1965 1757 2011 sunt
1796 1956 2149 2031 eliin'gentes;

591 2052 792 2105 deinde
827 2048 1216 2119 mythologiam
1261 2048 1365 2101 hoc
1395 2048 1690 2103 on‘ercntes
1734 2048 1996 2118 reliquis?
2030 2050 2156 2105 Ha‘c

590 2134 737 2191 enim
792 2138 955 2200 data,
1005 2143 1119 2188 tum
1164 2150 1329 2188 omne
1375 2134 1595 2202 pietatis
1641 2138 1995 2206 mysterium.
2040 2146 2151 2191 tum

592 2230 881 2298 magistros
915 2241 1105 2279 omnes
1144 2226 1306 2280 simul
1339 2242 1443 2279 una
1473 2225 1765 2295 opinione,
1798 2227 2153 2284 instabilitate

592 2318 861 2371 mendacii
912 2315 1210 2369 lacerantia
1254 2316 1568 2369 destruunt.
1637 2317 1830 2372 Adhuc
1874 2329 1928 2373 et
1971 2320 2155 2373 dicant

591 2408 753 2461 nobis
787 2421 913 2459 vere
948 2406 991 2459 si
1036 2406 1201 2475 igitur
1246 2406 1547 2473 secundum
1593 2408 1732 2463 hanc
1764 2410 2151 2479 cogitationem

590 2498 893 2551 secundum
920 2511 1081 2564 quam
1112 2499 1253 2550 duas
1280 2496 1473 2551 dicunt
1506 2508 1753 2562 naturas,
1778 2500 1908 2554 licet
1937 2501 2152 2556 cuidam

589 2591 811 2641 Patrum
870 2598 965 2641 aut
1024 2591 1397 2657 apostolorum
1451 2589 1636 2643 dicere
1687 2591 1875 2645 decem
1932 2603 2155 2648 naturas

588 2680 831 2741 (Ilii-isti,
860 2686 953 2731 aut
1003 2679 1399 2748 quinquaginta
1424 2720 1438 2741 ,
1492 2676 1584 2732 aut
1625 2681 1854 2735 cuilibet
1890 2685 2058 2737 vere?
2096 2684 2153 2739 Si

590 2763 737 2819 enim
781 2766 976 2819 liceret
1016 2782 1143 2818 vere
1196 2767 1412 2828 dicere,
1457 2768 1587 2836 quid
1625 2784 1735 2821 non
1769 2769 2024 2824 dicebant
2058 2789 2155 2826 ve-

592 2856 755 2908 rum?
788 2855 853 2907 Et
899 2866 1049 2907 certe
1093 2854 1196 2908 hoc
1240 2854 1570 2923 antiquitus-
1592 2856 1647 2909 in
1683 2872 1975 2919 sermone,
2019 2870 2152 2929 quot

588 2950 771 3001 erunt'
803 2945 1006 2999 Christi
1058 2944 1310 2998 natura?
1357 2944 1414 2997 Si
1469 2955 1654 2999 autem
1698 2962 1817 3001 non
1856 2949 1965 3001 sint
2011 2952 2149 3003 ultra

589 3040 729 3093 duas
762 3053 891 3095 vere
938 3035 1314 3106 excogitanda
1358 3046 1567 3091 natura}
1615 3036 1667 3090 in
1710 3037 1961 3102 Christo,
2003 3048 2153 3108 patet

589 3129 736 3198 quod
767 3144 855 3183 res
886 3143 1055 3195 usque
1087 3128 1153 3181 ad
1188 3127 1337 3180 hunc
1365 3129 1745 3182 numerum‘in
1779 3132 2009 3184 veritate
2035 3141 2173 3195 est;

589 3222 631 3275 si
660 3237 789 3274 vero
822 3220 888 3271 ile
933 3234 990 3272 re
1024 3227 1079 3271 et
1118 3218 1350 3273 veritate
1399 3220 1661 3287 cogitatio
1683 3231 1799 3283 est,
1842 3222 1975 3289 quid
2021 3228 2151 3291 ergo

591 3313 773 3370 iictjve
831 3310 1103 3380 cogitatur
1151 3318 1207 3364 et
1249 3309 1594 3363 mendaciter
1635 3305 2005 3381 confingitur?
2051 3313 2153 3366 Per

590 3406 694 3458 huc
727 3404 871 3457 enim
905 3401 1329 3455 discernendum
1360 3402 1687 3470 simpliciter
1714 3402 1781 3457 de
1812 3404 2155 3472 cogitationi-

590 3496 712 3555 bus.
754 3492 902 3562 quod
946 3508 1072 3546 vera
1099 3492 1325 3560 quidem
1365 3492 1436 3546 de
1479 3494 1873 3547 exsistentibus
1904 3496 2153 3550 nascitur

589 3584 776 3645 nobis,
807 3581 1043 3634 mendax
1074 3594 1205 3633 vero
1230 3580 1299 3634 de
1335 3596 1443 3634 non
1473 3581 1868 3637 exsistentibus
1906 3585 2153 3639 nascitur

590 3679 643 3729 in
686 3674 844 3728 nobis
875 3690 884 3719 τ
924 3681 1054 3726 sunt
1088 3687 1221 3739 ergo
1258 3687 1390 3725 vere
1431 3673 1761 3741 cogitatione
1798 3673 1920 3729 dua:
1948 3675 2150 3730 Christi

588 3776 798 3818 naturae
823 3781 839 3830 :_
862 3762 1066 3817 etenim
1099 3770 1154 3813 et
1191 3760 1448 3816 adunatae
1483 3763 1533 3815 in
1570 3764 1908 3832 cogitatione
1962 3775 2148 3820 nostra

588 3862 718 3908 sunt
756 3850 1184 3919 couspcctabilia
1244 3858 1454 3903 tantum
1505 3869 1517 3905 :
1577 3853 1723 3921 quod
1776 3854 1922 3907 enim
1955 3864 2147 3909 natura

586 3941 891 4005 invisibile,
928 3938 1194 4007 nonquia
1232 3939 1419 3992 unitur
1464 3940 1630 3994 alicui
1678 3942 1755 3995 rei
1790 3942 2012 4008 visibili,
2042 3944 2147 3999 nisi

587 4030 970 4100 cogitatione;
1016 4029 1111 4083 sed
1161 4028 1383 4097 quando
1428 4029 1651 4097 quidem
1694 4030 1855 4085 simul
1907 4032 2147 4103 cogitare

585 4121 760 4189 plura,
780 4127 835 4171 et
859 4118 926 4171 de
956 4116 1209 4185 pluribus
1234 4131 1393 4170 sensa
1426 4133 1580 4188 mens
1601 4128 1783 4173 nostra
1813 4135 1919 4174 non
1947 4132 2145 4190 potest,

584 4206 898 4262 necessario
929 4212 982 4259 et
1011 4202 1406 4257 adunationem
1435 4204 1747 4258 dividentes
1770 4205 1838 4259 ab
1870 4206 2145 4273 adunatis,

583 4300 638 4353 in
664 4296 966 4369 judicando
1000 4296 1477 4367 adunationem‘et
1503 4296 1759 4361 adunata,
1784 4298 2032 4353 videmus
2064 4299 2147 4353 di-

582 4399 800 4438 versum
830 4384 1095 4451 cujusque
1126 4384 1437 4435 sermonem
1463 4398 1477 4446 ;
1508 4390 1563 4435 et
1586 4382 1947 4437 adunatorum
1973 4386 2147 4456 quod-

2255 597 2320 665 τῇ
2350 595 2484 665 αὐτῇ
2519 596 2729 666 ἐπινοίᾳ
2778 596 2872 648 καὶ
2897 594 2996 665 τὴν
3025 593 3290 666 διαφορὰν
3340 597 3487 649 ῐσασι
3530 595 3631 668 τὴν
3670 606 3845 666 φυσι-’

2260 686 2361 756 κὴν
2404 687 2463 739 ἐν
2490 685 2565 755 τῷ
2599 687 2765 758 αὐτῷ,
2802 686 2994 757 ὥσπερ
3024 684 3231 757 ταύτην
3254 686 3597 757 ὁμολογοῦσι,
3630 689 3819 741 κάκείρ

2260 794 2357 845 νην
2399 778 2942 848 ἀναγκασθήσονται·
2977 778 3011 847 ἢ
3064 778 3114 830 εἰ
3146 776 3373 846 πλάσμα
3417 778 3572 831 ἐστὶν
3619 771 3832 849 ἐκείνη,

2261 868 2355 920 καὶ
2381 868 2584 937 ταύτην
2608 868 2781 932 οὕτως
2811 867 2955 939 ἔχειν
2983 866 3243 933 λέξονται·
3278 869 3327 920 εἰ
3358 868 3416 921 δὲ
3441 867 3540 938 τὴν
3561 866 3833 938 διαφορὰν

2254 959 2354 1011 οὐκ
2405 959 2642 1030 ἐπινοίᾳ,
2675 959 2790 1012 ἀλλ’
2845 959 3094 1028 αἰσθήσει
3143 960 3275 1029 ὁρᾷν
3324 958 3462 1029 αὐτῇ
3515 958 3740 1019 ιῑποιεν,
3774 958 3834 1011 τὸ

2258 1050 2490 1121 ἀόρατον
2522 1049 2797 1121 αἰσθητῶς
2824 1050 2957 1120 ὀρᾷν
2984 1048 3479 1114 διαϐεϐαιούμενοι,
3517 1047 3833 1117 θαυμασθή-

2258 1157 2464 1193 σονταιο
2498 1142 2548 1194 εἰ
2594 1140 2651 1194 δέ
2690 1142 2904 1211 ἐπινοίᾳ
2957 1139 3055 1209 μὶν
3078 1140 3265 1210 -ἆμφω
3309 1139 3525 1209 δρῶσιν,
3559 1139 3696 1193 ἀλλά
3732 1138 3834 1203 τὴν

2258 1228 2356 1300 μὲν
2383 1229 2648 1300 διαφορὰν
2686 1231 2751 1300 τῇ
2784 1228 2892 1280 τῶν
2922 1229 3091 1283 ὄντων
3159 1217 3378 1300 κριτικῖῇ
3422 1229 3519 1282 καὶ
3547 1228 3657 1287 τῶν
3690 1227 3832 1298 ὑπὲρ

2254 1321 2506 1391 αἴσθησιν
2530 1321 2930 1391 καταληπτικῇ,
2961 1321 3061 1389 τὴν
3104 1319 3162 1373 δὲ
3198 1320 3367 1373 δυάδα
3391 1322 3457 1390 τῇ
3482 1319 3589 1373 τῶν
3624 1320 3697 1389 μὴ
3736 1318 3825 1371 δν-

2252 1428 2361 1465 των
2405 1412 2809 1482 ἀναπλαστικῇ,
2851 1410 3045 1483 πρῶτα
3089 1410 3191 1481 μὲν
3217 1410 3268 1463 τί
3306 1410 3380 1479 μὴ
3424 1411 3516 1462 καί
3554 1410 3688 1464 δέκα
3733 1411 3833 1464 καὶ

2254 1504 2426 1557 εἴκοσι
2461 1504 2555 1556 καί⁵
2599 1503 2892 1574 τριάκοντα
2925 1503 3115 1570 φύσεις
3143 1501 3557 1571 ἀναπλάττομεν
3585 1501 3830 1571 Χριστῷ»

2253 1594 2387 1647 ἀλλὰ
2415 1590 2506 1647 δύο
2537 1595 2727 1665 μόνον;
2770 1593 2851 1657 τίς
2872 1594 2947 1659 ,δέ
2973 1594 3067 1646 καὶ
3101 1591 3498 1663 ἐνομοθέτησεν
3529 1588 3663 1662 ἡμῖν
3692 1592 3832 1645 πλά-

2256 1698 2438 1755 σματα
2470 1685 2817 1755 δογματίζειν
2860 1686 2951 1737 ἐπὶ
2980 1684 3215 1755 Χριστοῦ
3242 1682 3336 1735 τοῦ
3369 1681 3626 1750 ἀληθινοῦ
3663 1682 3829 1743 Θεοῦ,

2255 1777 2349 1829 καὶ
2388 1776 2713 1850 φαντασίαις
2748 1776 2937 1845 μόναις
2985 1770 3388 1842 ἀτῖαιωρείσθαι
3444 1776 3543 1842 τὴν
3600 1772 3827 1831 πίστιν;

2255 1866 2661 1937 εἰδωλολατρεῐν
2693 1866 2747 1920 δέ
2768 1858 2867 1919 οὒκ
2900 1864 3098 1929 ἔξωθέν
3122 1856 3267 1929 πως,
3293 1864 3406 1918 ἀλλ’
3431 1866 3489 1917 ἐν
3511 1864 3645 1935 αὐτῇ
3672 1865 3831 1933 ἡμῶν

2256 1960 2319 2027 τῇ
2350 1957 2518 2027 ψυχῇ,
2551 1956 2621 2010 τά
2661 1958 2734 2027 μὴ
2765 1956 2893 2009 δντα
2932 1954 3419 2025 ἀναπλαστοῦντας.
3454 1950 3572 2009 εἶτα
3599 1956 3693 2016 καὶ
3726 1972 3827 2023 μυ-

2255 2049 2610 2116 θολογοῦντας
2641 2050 2781 2101 αὺτὰ
2827 2051 2939 2111 τοῖς
2990 2048 3230 2112 λοιποϊςς
3263 2050 3435 2103 ταῦτα
3464 2043 3577 2121 >7&9
3606 2050 3829 2102 δοθέντα

2255 2141 2367 2191 πᾶν
2408 2157 2462 2190 τε
2492 2141 2551 2192 τὸ
2581 2140 2679 2208 τῆς
2710 2139 2992 2203 εὐσεϐείας
3038 2141 3355 2210 μυστήριον,
3401 2143 3492 2210 καὶ
3536 2142 3660 2203 τοὺς
3684 2140 3829 2193 διδαο

2255 2230 2485 2291 σκάλους
2514 2230 2719 2301 πάντας
2751 2229 2867 2299 ἅμα
2914 2230 3009 2301 μιᾷ
3064 2231 3331 2301 προλήψει
3367 2234 3432 2301 τῇ
3464 2231 3556 2289 τοῦ
3594 2231 3830 2301 ψεύδους

2252 2316 2603 2383 ἀϐεϐαιότητι
2631 2315 2962 2387 διασύραντα
3003 2318 3393 2387 καταστρέφει.
3427 2315 3545 2370 Ἔτι
3579 2318 3633 2371 δέ
3668 2316 3826 2386 λεγέ-

2252 2424 2432 2459 τωσαν
2466 2406 2595 2474 ἡμῖν
2623 2405 2810 2469 ὅντως,
2847 2402 2893 2457 εὶ
2917 2406 3026 2473 ἀρα
3042 2422 3102 2472 γε
3132 2406 3273 2459 κατά
3301 2405 3504 2473 ταύτην
3528 2405 3697 2474 αὐτὴν
3725 2405 3831 2475 τὴν

2252 2496 2519 2561 ἐπίνοιαν,
2555 2497 2678 2550 καθ’
2709 2497 2776 2565 ἢν
2809 2490 2903 2548 δὺο
2948 2498 3079 2563 φασί
3126 2496 3223 2559 τὰς
3254 2496 3465 2564 φύσεις,
3508 2494 3687 2561 ἔξεστί
3712 2512 3823 2549 τινι

2253 2584 2516 2654 Πατέρων
2556 2585 2588 2653 ἢ
2616 2584 2931 2638 ἀποστόλων
2963 2588 3138 2639 εἰπεῖν
3174 2588 3306 2640 δέκα
3337 2587 3435 2650 τὰς
3467 2587 3657 2657 φύσεις
3681 2588 3817 2658 Χρι-

2254 2671 2401 2733 στοῦ,
2435 2672 2467 2741 ἦ
2518 2672 2876 2743 πεντήκοντα,
2913 2673 2944 2742 ἢ
2994 2672 3167 2727 οὐδενὶ
3216 2673 3452 2743 ἀληθῶς.
3492 2675 3552 2729 Εἰ
3584 2675 3684 2744 μὲν
3714 2674 3827 2745 γάρ

2253 2759 2379 2829 ἐξῆν
2411 2760 2625 2827 ἀληθῶς
2659 2762 2851 2823 εἰπεῖν,
2885 2763 2935 2815 τί
2967 2762 3040 2833 μὴ
3070 2763 3272 2831 ἔφασαν
3315 2765 3580 2834 τάληθές;
3643 2764 3857 2818 καίτυί

2250 2853 2443 2905 τούτου
2472 2853 2807 2923 ζητουμένου
2835 2855 3020 2923 πάλαι,
3053 2858 3218 2910 πόσαι
3252 2857 3319 2911 ἂν
3353 2855 3460 2911 εἶεν
3500 2860 3739 2929 Χριστοῦ
3766 2860 3823 2911 αἰ

2253 2943 2463 3012 φύσεις.
2512 2945 2572 2996 Εἰ
2637 2944 2692 2997 δὲ
2730 2946 2803 3015 μὴ
2836 2946 2980 2998 ἔστιν
3012 2947 3153 3017 ὑπὲρ
3178 2948 3277 3012 τὰς
3308 2946 3403 3001 δύο
3452 2948 3666 3018 ἀληθῶς
3699 2950 3823 3001 ἐπι-

2254 3034 2447 3101 νοῆσαι
2480 3036 2580 3096 τὰς
2618 3034 2807 3101 φύσεις
2837 3038 3096 3106 Χριστοῦ,
3122 3036 3279 3105 δῆλον
3321 3037 3397 3101 ὡς
3435 3039 3527 3090 τοῦ
3564 3042 3823 3108 πράγμα-

2255 3142 2344 3186 τος
2373 3124 2471 3193 τὴν
2495 3124 2751 3195 ἀλήθειαν
2777 3127 2881 3190 ἕως
2921 3126 3071 3180 τοῦδε
3098 3128 3189 3182 τοῦ
3221 3129 3454 3199 ἀριθμοῦ
3486 3130 3722 3200 ἔχοντος.
3756 3133 3823 3185 Εἰ

2254 3218 2308 3269 δὲ
2355 3218 2639 3289 πράγματι
2689 3220 2781 3270 καὶ
2811 3218 3038 3289 ἀληθείᾳ
3067 3221 3432 3290 ἐπινενόηται,
3467 3222 3519 3274 τί
3546 3218 3639 3275 οὖν
3689 3212 3824 3275 ἀναὲ

2256 3308 2566 3370 πλαστικῶς
2595 3308 2844 3376 νενόηται
2869 3311 2963 3361 καὶ
2984 3311 3359 3379 πεφάντασται
3381 3310 3621 3380 ψευδώς;
3649 3312 3825 3383 τούτῳ

2254 3400 2363 3469 γὰρ
2396 3399 2701 3468 διακριτέον
2733 3399 2917 3463 ἁπλῶς
2954 3401 3053 3463 τὰς
3080 3402 3344 3467 ἐπινοίας,
3375 3403 3457 3455 ὅτι
3496 3404 3527 3472 ἡ
3564 3405 3659 3472 μὲν
3688 3405 3821 3473 ἅλη-

2254 3489 2351 3559 θὴς
2394 3491 2497 3542 ὑπὸ
2540 3490 2647 3543 τῶν
2684 3486 2856 3543 ὄντων
2886 3493 3142 3561 γεννᾶται
3173 3494 3326 3561 ἡμῖν,
3368 3495 3400 3564 ἡ
3435 3495 3489 3547 δὲ
3512 3494 3715 3564 ψευδὴς
3750 3497 3823 3548 τὰ

2255 3580 2329 3649 μὴ
2365 3580 2490 3633 ὄντα
2536 3585 2701 3650 γεννᾷ
2742 3583 2797 3633 ἐν
2830 3583 2978 3651 ἡμῖν.
3033 3581 3185 3635 Είσίν
3230 3582 3323 3637 οὖν
3361 3584 3576 3655 ἀληθῶς
3620 3586 3711 3641 δύο
3750 3590 3823 3657 τῇ

2252 3674 2465 3745 ἐπινοίᾳ
2509 3676 2567 3726 αἰ
2619 3675 2810 3743 φύσεις
2844 3674 3103 3745 Χριστοῦ·
3141 3678 3235 3730 καί
3266 3678 3371 3749 7&9
3422 3680 3516 3732 καὶ
3542 3681 3821 3749 ἡνωμέναι

2249 3770 2314 3837 τῇ
2350 3766 2564 3838 ἐπινοίᾳ
2597 3766 2752 3837 ἡμῶν
2786 3768 2891 3820 εἰσι
2920 3767 3192 3839 θεωρηταὶ
3222 3769 3403 3839 μόνον·
3434 3770 3494 3824 τὸ
3521 3772 3629 3843 γὰρ
3656 3772 3818 3839 φύσει

2249 3858 2497 3927 ἀόρατον,
2534 3858 2640 3910 οὐδ’
2673 3859 2756 3910 ὅτι
2788 3851 2993 3927 ἥνωὲαί
3021 3877 3127 3911 τινι
3158 3860 3375 3931 ὁρατὸν,
3420 3865 3468 3915 εί
3502 3864 3576 3933 μὴ
3607 3866 3671 3933 τῇ
3698 3864 3820 3917 ἐπι-

2248 3948 2386 4015 νοίᾳ·
2424 3948 2536 4000 ἀλλ’
2570 3948 2691 4000 ἐπεὶ
2735 3946 2852 4017 ἅμα
2878 3951 3017 4001 νοεῖν
3050 3950 3297 4015 πλείονα,
3338 3951 3434 4007 καί
3479 3954 3609 4021 περὶ
3639 3954 3820 4008 πλειό-

2249 4056 2353 4091 νων
2380 4039 2627 4107 νοήματα
2668 4039 2694 4089 ὁ
2730 4038 2854 4102 νοῦς
2884 4038 3039 4125 quos;
3087 4042 3146 4094 οὐ
3201 4041 3443 4107 δύναται,
3504 4026 3819 4113 ἀναγκαίως

2248 4129 2341 4181 καὶ
2368 4130 2465 4196 τὴν
2494 4128 2684 4181 ἕνωσιν
2732 4130 3237 4195 ἀποδιαστέλλοντες
3268 4134 3377 4185 τῶν
3407 4135 3723 4203 ἠνωμένων,
3756 4137 3823 4189 ἐν

2246 4216 2322 4286 τῷ
2348 4216 2553 4287 κρίνειν
2582 4216 2776 4275 ἕνωσιν
2808 4220 2899 4269 καὶ
2930 4220 3180 4288 ἡνωμένα
3200 4260 3217 4285 ,
3261 4221 3479 4300 δρῶμεν
3511 4223 3600 4274 τὸν
3628 4223 3812 4292 διάφο-

2251 4323 2340 4376 ρον
2370 4307 2599 4359 ἑκάστου
2632 4306 2811 4374 λόγον·
2843 4307 2934 4359 καὶ
2971 4308 3077 4361 τῶν
3120 4310 3411 4379 ήνωμένων
3439 4310 3667 4364 ἕκαστον
3692 4306 3818 4366 κατ⁶

2251 4399 2383 4453 ίδίαν
2414 4399 2765 4464 σκοποῦντες,
2816 4403 2943 4453 ποῖα
2987 4403 3082 4455 καὶ
3116 4407 3240 4455 ποῖα
3274 4404 3383 4473 ἔχει
3417 4406 3525 4458 ίδια
3556 4406 3816 4475 γνωρίζο-

582 4492 701 4546 que
732 4474 1039 4529 secundum
1086 4472 1475 4540 proprietatem
1535 4474 1980 4540 considerantes,
2023 4493 2142 4546 quae

2251 4506 2368 4558 μεν·
2402 4491 2448 4541 εἰ
2469 4490 2576 4561 7&9
2608 4491 2684 4563 μὴ
2710 4490 2882 4555 οὕτως
2910 4494 3144 4562 γνῶμεν.
3174 4494 3295 4547 οὺδέ
3324 4472 3424 4563 τὴν
3444 4494 3633 4549 ἕνωσιν
3663 4472 3815 4551 νοοῦ-

582 4578 637 4621 et
666 4580 787 4635 qua:
825 4563 990 4616 habet
1030 4562 1250 4631 propria
1285 4562 1597 4628 noscimus;
1647 4564 1691 4618 si
1729 4565 1876 4618 enim
1915 4583 2021 4621 non
2064 4568 2142 4622 sic

581 4654 996 4725 cognoscimus,
1028 4668 1138 4705 non
1166 4652 1555 4707 adunationem
1587 4655 1979 4727 intelligimus;
2026 4658 2141 4728 ipsa

580 4748 727 4801 enim
762 4760 857 4815 per
880 4752 1126 4798 mutuam
1154 4746 1555 4814 proprietatum
1592 4748 2140 4805 communica'ionem

581 4837 957 4905 mnspicitur;
1006 4835 1169 4889 simul
1211 4851 1343 4889 vero
1394 4832 1589 4891 cuncta
1641 4838 1878 4892 adunata
1923 4849 1979 4894 et
2020 4857 2145 4910 pro—

582 4926 851 4994 prictates
907 4937 1098 4975 eorum
1123 4962 1137 4985 ,
1183 4929 1238 4974 et
1267 4922 1619 4977 adunationis
1654 4926 2145 4994 proprietatesco-

581 5018 788 5087 gitare,
829 5029 937 5067 non
983 5022 1065 5068 est
1107 5014 1240 5075 ulli,
1287 5030 1393 5081 una
1429 5023 1483 5068 et
1535 5016 1767 5083 simplici
1814 5016 2143 5087 imaginantli

580 5107 814 5160 actione.
852 5104 1168 5158 Necessario
1197 5118 1327 5173 ergo
1369 5104 1735 5179 ailnnatoruin
1767 5109 1990 5176 quidem
2022 5109 2141 5179 dis-

584 5195 881 5248 tinctiones
948 5192 1252 5245 secundum
1306 5192 1637 5262 imaginandi
1686 5196 1794 5248 vim
1838 5196 2144 5268 efﬁngimus

580 5284 943 5355 cogitatione;
976 5281 1069 5333 sed
1101 5289 1156 5333 et
1188 5280 1319 5334 illud
1341 5321 1354 5341 .
1388 5285 1501 5333 non
1525 5282 1592 5335 ad
1639 5286 2015 5339 mentiendum
2046 5302 2141 5346 co-

580 5373 842 5442 gilatione
874 5373 925 5425 in
950 5371 1111 5424 nobis
1139 5371 1273 5440 ipsis
1302 5371 1368 5426 de
1404 5388 1585 5425 rerum
1616 5385 2137 5445 coagmentatarum,

579 5480 689 5517 non
743 5465 888 5517 enim
939 5463 1031 5517 hic
1078 5472 1197 5516 erat
1251 5462 1396 5527 linis,
1428 5465 1522 5517 sed
1561 5482 1625 5519 eo
1650 5468 1795 5536 quod
1838 5484 1902 5522 ex
1943 5479 2141 5524 natura

581 5565 765 5611 nostra
813 5546 1194 5618 mendacium,
1243 5565 1300 5608 ut
1338 5554 1413 5609 ita
1462 5556 1673 5623 dicam;
1721 5579 1738 5608 ι
1768 5561 1949 5614 omnis
1992 5563 2139 5616 enim

583 5650 743 5705 homo
776 5632 1004 5699 mendax
1032 5648 1066 5697 ¹.
1092 5661 1107 5692 ι
1134 5645 1234 5710 Qui
1263 5646 1413 5698 enim
1436 5647 1487 5699 in
1518 5663 1624 5700 uno
1653 5650 1943 5717 nequimus
1972 5652 2139 5706 multa

686 5761 696 5787 ’
734 5759 888 5809 ηοω.
922 5772 997 5821 ιιι,
1043 5757 1100 5809 4.

2248 4596 2365 4649 μεν·
2402 4579 2543 4649 αὕτη
2576 4581 2687 4651 γὰρ
2728 4581 2813 4633 διὰ
2847 4583 2945 4651 τῆς
2977 4584 3298 4646 ἀντιδόσεως
3343 4586 3449 4638 τῶν
3495 4587 3639 4640 ἰδίων
3680 4589 3818 4642 καθ-

2242 4672 2464 4740 ορᾶταιο
2505 4671 2618 4739 ἃμα
2646 4671 2702 4723 δὲ
2731 4672 2909 4726 πάντα
2936 4673 3006 4729 τὰ
3033 4676 3309 4745 ἡνωμένα,
3346 4678 3439 4730 καὶ
3471 4677 3540 4729 τὰ
3574 4678 3681 4732 ἴδια
3713 4679 3809 4732 αὖ.
3852 4716 3859 4723 ς

2241 4759 2369 4823 τῶν,
2423 4759 2515 4813 καὶ
2550 4760 2617 4813 τά
2649 4752 2750 4830 τῆς
2788 4760 3032 4825 ἐνὼσεως
3063 4764 3175 4818 ῐδια
3206 4769 3365 4829 νοεῖν,
3404 4768 3502 4820 οὐκ
3543 4768 3687 4821 ἐστιν
3718 4769 3813 4821 οὒ-

2241 4849 2349 4901 δενί
2378 4851 2477 4919 μιᾷ
2500 4850 2591 4902 καὶ
2622 4850 2764 4920 ἁπλῇ
2802 4852 3096 4923 φαντασίᾳ.
3127 4854 3463 4922 ’Δναγκαίως
3482 4851 3575 4911 οῦν
3601 4856 3701 4919 τὰς
3715 4857 3819 4924 μὲν

2242 4938 2521 5001 διαστολὰς
2549 4939 2656 4993 τῶν
2691 4942 2981 5010 ήνωμὲνων
3019 4946 3161 4996 κατὰ
3212 4947 3509 5013 φαντασίαν
3540 4948 3804 5001 ἀναπλάτ-

2240 5045 2406 5096 τομεν
2444 5032 2511 5100 τῇ
2544 5030 2779 5099 ἐπινοίᾳ·
2816 5032 2951 5086 ἀλλὰ
2986 5034 3081 5087 καὶ
3106 5034 3240 5099 τόδε,
3281 5036 3341 5088 οὐ
3376 5036 3463 5090 διὰ
3500 5038 3560 5090 τὸ
3605 5037 3813 5107 ψεύσα-

2243 5118 2364 5171 σθαι
2395 5123 2462 5190 τῇ
2495 5120 2709 5192 ἐπινοίᾳ
2733 5122 2791 5174 ἐν
2815 5124 3030 5187 ἑαυτοῖς
3057 5125 3156 5195 τὴν
3176 5125 3445 5198 διάκρισιν
3464 5128 3572 5182 τῶν
3596 5138 3816 5199 συγκεις

2252 5210 2451 5277 μένων·
2510 5210 2569 5263 οὐ
2604 5211 2711 5281 7&9
2756 5208 2910 5274 οὗτος
2944 5208 3010 5283 ἦν
3056 5216 3281 5279 σκοπὸς,
3323 5217 3459 5269 ἀλλὰ
3506 5218 3591 5270 διὰ
3624 5219 3684 5272 τὸ
3713 5220 3815 5289 τῆς

2241 5299 2453 5366 φύσεως
2482 5299 2638 5369 ήμῶν
2667 5300 2880 5370 ψευδὲς,
2903 5301 2977 5361 ὡς
2996 5304 3193 5356 εἰπεῖν*
3227 5324 3244 5353 ι
3274 5307 3378 5369 πᾶς
3400 5307 3509 5377 γὰρ
3529 5308 3817 5378 ἄνθρωπος

2239 5388 2480 5458 ψεύστης
2518 5404 2531 5418 ⁸
2566 5409 2583 5441 ι
2614 5392 2672 5442 οὐ
2700 5392 3013 5461 δυναμένων
3044 5394 3204 5460 ὑφ’ἓν
3222 5395 3287 5447 τά
3305 5397 3474 5450 πολλὰ
3490 5400 3647 5465 νοεῖν,
3671 5401 3815 5468 ἠνω-

2243 5479 2399 5548 μένα,
2424 5484 2471 5530 εἰ
2507 5477 2581 5548 μὴ
2614 5479 2702 5531 διά
2728 5478 2882 5532 τοῦδε
2907 5480 3001 5533 τοῦ
3035 5482 3239 5552 τρόπου
3271 5486 3582 5555 ἐπιστῶμεν
3606 5490 3670 5558 τῇ
3703 5489 3819 5540 τῶν

2241 5568 2533 5635 ἡνωμὲνων
2560 5568 2809 5640 ἀληθείᾳ,
2860 5571 2998 5623 πόσα
3036 5589 3093 5623 τε
3144 5574 3235 5625 καί
3265 5576 3423 5629 ὁποῖα
3456 5575 3636 5640 ίδικῶς
3666 5581 3821 5629 ἐστιν

2240 5657 2489 5713 ἕκαστον·
2526 5659 2716 5713 τοῦτου
2765 5661 2820 5713 δὲ
2859 5662 2933 5731 μὴ
2966 5664 3321 5729 γνωσθέντος,
3377 5667 3485 5718 οὐδ’
3520 5668 3600 5720 ὅτι
3643 5667 3819 5731 ὅντως
