4094 6334
554 274 711 337 1779.

1788 290 2091 349 LEONTII
2139 293 2538 355 ΒΥΖΑΝΤΙΝΙ

3652 292 3794 356 ιτδο

626 388 708 442 16.
737 387 799 443 Si
850 392 1114 445 remansit
1158 400 1209 447 et
1256 401 1466 449 natura.
1495 411 1614 464 qua:
1656 407 1741 452 est
1787 400 2119 467 divinitatis,

2296 413 2390 469 ις’.
2427 408 2486 459 El
2535 408 2713 475 ἔμεινε
2740 407 2900 477 φύσις
2937 425 2992 460 τε
3029 408 3165 462 οὖσα
3211 406 3305 459 καὶ
3351 404 3600 475 θεότητος
3626 406 3657 473 ἡ
3687 403 3787 457 τοῦ

552 490 748 535 natura
779 480 965 547 Verbi,
1002 493 1057 537 et
1103 500 1223 552 quae
1252 484 1631 551 humanitatis,
1678 497 1872 545 natura
1917 493 2119 557 carnis,

552 571 830 640 quomodo
867 586 978 625 non
1012 572 1133 627 duae
1150 582 1357 629 natura:
1380 575 1749 632 immutabiles
1778 580 1831 633 in
1860 580 2124 636 Christo?

625 663 711 715 l7.
744 662 939 717 Adhuc
980 662 1315 733 differentia,
1358 668 1721 739 quorumdam
1755 670 2066 739 diﬁ‘erentia
2108 690 2123 725 :

555 753 711 822 cuius
734 754 881 806 enim
920 770 1101 808 sermo
1130 755 1198 810 de
1242 756 1410 811 rebus
1440 759 1505 813 in
1552 775 1661 828 quo
1691 770 1745 815 et
1785 776 1891 817 non
1928 763 1994 816 de
2038 778 2127 817 re-

556 843 657 895 bus
689 844 991 897 secundum
1015 862 1158 914 qum,
1206 854 1401 918 tractat
1433 865 1448 913 ;
1481 839 1847 923 dirll'erentlam
1885 869 2017 922 ergo
2043 852 2126 918 di—

555 942 785 997 centes,
838 944 895 988 et
942 926 1292 991 diﬁ'erehtem
1336 953 1459 995 esse
1497 940 1560 994 ‘in
1619 928 2127 1006 Christo’daretis;

556 1035 759 1093 quanta
776 1041 906 1079 vero
917 1026 1031 1096 haec
1052 1027 1190 1082 duas
1206 1029 1399 1083 Saltem
1421 1031 1700 1097 diceretis,
1726 1048 1849 1101 qua:
1866 1036 1995 1094 vero
2017 1034 2132 1086 haec

556 1115 742 1170 sintsi
768 1116 1183 1186 interrogamini
1208 1160 1223 1184 ,
1264 1118 1609 1175 divinitatem
1639 1130 1695 1176 et
1729 1123 2131 1184 humanitatem

580 1208 970 1285 enuntiaretis,
1012 1216 1072 1262 ut
1110 1220 1275 1277 puto;
1317 1211 1451 1279 quid
1491 1228 1624 1267 vero
1666 1213 1780 1267 haec
1800 1210 2134 1285 cognoscitis

558 1298 1016 1365 consequentium
1041 1298 1095 1351 in
1115 1299 1578 1371 illisinterrogati,
1597 1303 1729 1357 licet
1743 1319 1850 1356 non
1872 1304 1981 1358 sint
1995 1321 2135 1373 qua-

558 1385 629 1439 lia
646 1395 742 1440 aut
763 1398 989 1456 quanta,
1009 1399 1104 1445 aut
1128 1391 1351 1445 habitus
1377 1402 1471 1446 aut
1507 1394 1689 1463 simile
1726 1394 2026 1463 quoddam,
2047 1410 2135 1450 es—

556 1478 765 1533 sentias
780 1479 1002 1547 penitus
1018 1481 1379 1548 conﬁtemini,
1399 1483 1509 1536 duo
1524 1500 1655 1553 ergo
1668 1486 2139 1545 essentiasdicere

559 1585 656 1624 vos
702 1587 769 1625 ex
797 1568 1123 1627 diﬁerentia'
1136 1572 1204 1626 de
1226 1572 1470 1640 Christo,
1497 1576 1783 1630 evidenter
1818 1576 2133 1633 inducetur.

629 1662 716 1715 18.
755 1663 1161 1734 lnterrogemus
1194 1681 1292 1721 vos
1334 1668 1534 1733 adhuc,
1580 1668 1799 1734 fratres,
1834 1669 1997 1723 dicite
2038 1684 2129 1724 se-

557 1755 803 1809 cundum
832 1757 964 1824 quid
995 1757 1420 1813 discernendum
1449 1775 1478 1812 a
1507 1760 1667 1814 Patre
1687 1759 1885 1814 Filium
1912 1770 1967 1814 ct
1995 1761 2128 1815 Ver-
2154 1741 2201 1798 B

561 1846 713 1913 bum,
751 1848 977 1901 annon?
1010 1848 1227 1904 Scimus
1269 1866 1399 1920 ergo
1441 1849 1587 1919 quod
1639 1851 1823 1906 dicitis
1878 1860 1934 1905 et
1979 1852 2126 1926 quad

561 1936 977 1992 subsistentiani
1024 1940 1157 1993 illud
1204 1955 1324 1995 esse
1373 1940 1732 1995 conﬁtemini.
1781 1942 1937 1996 Absit
1980 1943 2126 1997 enim

558 2027 718 2081 vobis
752 2028 868 2083 haec
894 2028 1296 2099 blasphemare,
1318 2030 1463 2085 absit
1483 2032 1709 2100 reliquis
1732 2033 1797 2086 ad
1829 2037 2128 2101 perfectam

562 2118 817 2186 pietatem
839 2133 1060 2185 carere;
1100 2136 1319 2175 rursum
1363 2136 1493 2191 ergo
1537 2106 2002 2193 interrogablmus
2034 2138 2131 2179 vos

560 2220 617 2265 ct
644 2213 785 2268 hoc:
818 2229 846 2267 a
876 2214 1095 2294 propria
1136 2229 1301 2268 carne
1336 2213 1506 2267 dicite
1530 2213 1717 2282 aliquo
1740 2213 1905 2268 modo
1933 2213 2130 2269 distin-

562 2303 839 2373 guendum
864 2305 1126 2370 Verbum,
1153 2319 1223 2358 an
1257 2305 1403 2358 non?
1435 2303 1493 2358 Si
1523 2304 1675 2358 nullo
1700 2305 1862 2359 modo
1882 2305 2126 2375 quidem,

566 2396 877 2464 propiorem
903 2395 1045 2450 hanc
1081 2411 1299 2450 carnem
1344 2394 1507 2451 Verbi
1538 2410 1593 2450 et
1614 2395 1788 2465 magis
1833 2395 2130 2450 adunatam

564 2501 726 2553 quam
762 2500 886 2539 cum
927 2485 1087 2540 Patre
1136 2485 1430 2556 exponitis,
1472 2487 1729 2555 quamvis
1761 2486 2021 2541 adunatio
2059 2487 2132 2541 sit

564 2592 688 2629 cum
736 2576 895 2631 Patre
931 2577 1233 2631 secundum
1280 2577 1649 2649 hypostasim;
1698 2594 1728 2632 a
1779 2593 1947 2638 carne
1997 2592 2132 2632 vero

564 2681 685 2735 quae
725 2666 900 2736 ipsius
923 2678 1005 2721 est
1032 2684 1135 2722 nec
1159 2668 1463 2731 secundum
1500 2676 1753 2722 naturam
1792 2685 1896 2724 nec
1928 2684 2130 2725 secun-

566 2758 695 2812 dum
722 2759 1134 2814 subsistentiam
1166 2760 1474 2814 secernitur
1494 2760 1757 2817 Verbum.
1788 2752 1842 2815 Si
1866 2776 1998 2816 vero
2026 2761 2131 2815 ali-

567 2864 677 2918 quo
709 2850 874 2904 modo
899 2858 956 2905 et
994 2850 1164 2919 ipsam
1204 2850 1348 2905 hanc
1372 2851 1535 2905 Verbi
1564 2866 1783 2907 carnem
1824 2852 2134 2908 discernitis

569 2940 738 2996 verbo
775 2949 832 2995 et
867 2955 976 2994 non
1003 2940 1395 3008 distinctionis,
1438 2958 1538 2997 cur
1569 2943 1623 2998 id
1658 2943 2023 3012 respondete;
2055 2945 2133 2999 si-

2224 498 2418 563 Λόγου,
2447 499 2540 549 καὶ
2561 497 2719 563 φύσις
2748 495 2883 552 οὖσα
2910 498 3005 551 καὶ
3033 496 3445 567 ἀνθρωπότητος
3473 494 3507 563 ἠ
3533 493 3627 561 τῆς
3659 509 3795 563 σαρ-

2224 587 2338 653 κὸς,
2371 588 2488 647 πῶς
2516 590 2576 639 οὑ
2607 587 2699 640 δύο
2728 589 2919 655 φύσεις
2956 587 3215 657 ἄτρεπτοι
3241 569 3297 638 ἐν
3320 585 3396 654 τῷ
3426 582 3684 653 Χριστῷς

2297 678 2382 741 ιζ’.
2428 678 2547 731 Ἔτι
2588 680 2621 754 ἡ
2657 680 2915 751 διαφορὰ,
2951 677 3109 731 τινῶν
3145 676 3378 745 διαφορά
3400 691 3417 706 ·
3455 674 3563 726 τῶν
3589 672 3696 741 γὰρ
3734 671 3794 724 εν

2225 783 2331 819 τινι
2350 767 2516 819 καὶού
2538 764 2645 821 τῶν
2677 766 2797 820 καθῗ
2822 766 2959 818 αὑτὰ
2982 764 3292 832 νοουμένων
3314 765 3340 815 ὁ
3365 762 3573 823 ταύτης
3597 759 3750 825 λόγος
3771 772 3787 786 θ

2226 856 2486 927 διαφορὰν
2520 852 2613 909 οὖν
2658 859 2704 917 οἱ
2742 857 3010 923 λέγοντες,
3064 856 3158 919 καὶ
3197 853 3523 923 διαφέροντα
3557 848 3691 902 εἶναι
3732 849 3793 901 ἐν

2229 948 2447 1019 Χριστῷ
2477 947 2700 1001 δώσοιτε
2725 962 2740 977 ο
2794 947 2936 1000 πόσα
2971 946 3026 998 δὲ
3063 943 3261 1009 ταῦτα,
3303 942 3395 995 δύο
3444 940 3796 1009 τούλάχιστον

2231 1041 2485 1114 φήσοιτε·
2524 1038 2645 1090 τίνα
2673 1037 2727 1088 δὲ
2760 1036 2932 1090 ταῦτά
2960 1039 3113 1089 ἐστιν
3162 1032 3635 1104 εἰσπραττόμενοι,
3671 1028 3796 1079 θεό-

2229 1146 2367 1199 τητα
2397 1129 2491 1182 καὶ
2520 1127 2912 1203 ἀνθρωπότητα
2943 1123 3392 1195 ὁνομάσοιτε,λὼς
3432 1115 3585 1189 οῐμαι
3607 1134 3619 1146 ·
3648 1118 3701 1172 τί
3736 1118 3796 1169 δὲ

2229 1217 2355 1270 τάδε
2386 1216 2492 1269 τῶν
2513 1217 2568 1266 ὲν
2593 1218 2706 1288 τοῖς
2741 1213 2915 1281 γενῶν
2950 1211 3061 1265 ἴστε
3091 1210 3499 1280 ἀνακριθέντες,
3535 1207 3694 1275 εῐπερ
3719 1204 3797 1273 μὴ

2230 1310 2315 1379 εῐη
2362 1308 2511 1369 ποιὰ,
2558 1307 2590 1376 ἢ
2630 1304 2793 1368 ποσὰ,
2844 1304 2877 1373 ῆ
2913 1304 3145 1373 σχέσεις,
3194 1309 3231 1379 η
3264 1316 3319 1363 τι
3349 1297 3570 1362 τοιόνδε,
3606 1296 3794 1357 οὐσίας

2232 1400 2611 1470 ὁμολογήσαιτε
2657 1396 2876 1457 πάντως
2904 1411 2916 1424 ·
2951 1394 3044 1447 δύο
3081 1392 3189 1463 ἄρα
3219 1389 3409 1451 οὐσίας
3441 1388 3617 1453 λέγειν
3650 1386 3797 1450 ὑμᾶς

2232 1492 2298 1545 ὲκ
2328 1491 2425 1559 τῆς
2454 1488 2717 1559 διαφορᾶς
2748 1487 2840 1539 ἐπὶ
2874 1484 3125 1556 Χριστοῦ»
3151 1482 3335 1551 σαφῶς
3373 1480 3687 1547 συνάογεται.

2310 1679 2397 1751 ιη’.
2440 1674 2831 1754 Ἐρωτῶμενδὶ
2858 1673 3001 1743 ὑμᾶς
3024 1671 3127 1735 ἔτι,
3156 1666 3371 1735 ἀδελφοί
3388 1682 3401 1696 ·
3423 1664 3627 1732 Λέγετε
3655 1661 3799 1754 κατά

2227 1791 2280 1826 τι
2311 1753 2685 1839 διακρίνεσθαι
2712 1763 2803 1827 τοῦ
2844 1764 2972 1827 ίδίου
2992 1759 3203 1831 Πατρός
3222 1759 3313 1811 τὸν
3334 1756 3461 1809 Υἱὸν
3483 1754 3578 1811 καὶ
3599 1753 3802 1820 Λόγον,

2226 1864 2259 1934 ἦ
2293 1861 2448 1934 auxi;
2489 1860 2676 1928 Ἰσμεν
2727 1854 2821 1910 οὑν
2848 1856 2929 1908 ὅτι
2958 1853 3168 1921 λέγετε,
3209 1851 3302 1904 καὶ
3345 1850 3429 1902 ὅτι
3470 1848 3627 1899 τοῦτο
3656 1840 3795 1897 εἶναι

2226 1937 2323 2024 τῆν
2356 1953 2654 2006 ὑπόστασιν
2683 1948 2993 2019 ὁμολογεῖτε
3022 1961 3037 1976 θ
3077 1944 3151 2014 μὴ
3185 1943 3294 2013 γὰρ
3342 1940 3430 2007 εῐη
3490 1939 3619 2008 ὑμῖν
3660 1935 3796 2007 μηδὲ

2226 2045 2396 2105 ταῦτα
2430 2043 2786 2113 βλασφημεῖν,
2824 2038 2958 2109 μηδὲ
3026 2036 3135 2088 τῶν
3171 2031 3511 2101 λειπομένων
3540 2029 3675 2098 πρὸς
3702 2045 3792 2080 τε-

2228 2113 2375 2189 λείαν
2442 2130 2726 2186 εὐσέϐειαν
2791 2130 3074 2200 ἀμοιρεῖνο
3132 2121 3433 2207 πάλινιοῦν
3485 2117 3791 2188 πυθοίμεθα

2229 2228 2380 2298 ὑμῶν
2418 2229 2510 2279 καὶ
2553 2224 2706 2277 τόδε·
2737 2223 2837 2291 τῆς
2891 2221 3030 2281 ιδίας
3079 2214 3281 2285 σαρκὸς
3324 2213 3510 2280 λέγετε
3562 2210 3705 2263 κατά
3735 2226 3792 2262 τι

2227 2318 2595 2389 διακρίνεσθαι
2627 2310 2721 2367 ἱὸν
2752 2312 2944 2380 Λόγον,
2974 2308 3008 2376 ἢ
3052 2308 3205 2378 οὐχί;
3250 2307 3313 2390 ξίί
3364 2306 3460 2373 μὲν
3505 2302 3599 2356 οῦν
3651 2302 3795 2354 κατὰ

2233 2409 2417 2480 μηδὲν,
2442 2406 2745 2475 ὶγγυτέραν
2785 2401 2988 2470 ταύτην
3045 2397 3130 2468 τῷ
3156 2398 3315 2467 Λόγῳ
3363 2395 3457 2447 καὶ
3509 2390 3797 2480 ἡνωμένην

2232 2477 2433 2572 μάλλον
2462 2497 2554 2552 τοῦ
2592 2494 2811 2564 Πατρδς
2834 2491 3231 2562 παρεστήσατε,
3277 2484 3430 2554 εἴπερ
3456 2480 3551 2535 τοῦ
3582 2477 3798 2572 Πατρός

2232 2567 2355 2645 καθ’
2388 2591 2683 2641 ὑπόστασιν
2708 2602 2721 2614 ·
2758 2586 2856 2652 τῆς
2899 2582 2955 2634 δὲ
2998 2577 3198 2650 σαρκὸς
3238 2576 3333 2645 τῆς
3380 2576 3438 2626 ὲν
3484 2569 3631 2638 αὑτῷ
3673 2567 3798 2620 οὐδὲ

2230 2682 2369 2737 κατὰ
2391 2680 2551 2750 φύσιν
2573 2677 2693 2730 οὑδὲ
2718 2674 2839 2729 καθ’
2858 2672 3151 2737 ὑπόστασιν
3178 2666 3518 2733 διακέκριται
3543 2663 3569 2713 ό
3585 2659 3753 2750 Λόγπ
3780 2674 3796 2687 ο

2231 2775 2279 2827 εί
2308 2773 2364 2825 δὲ
2393 2770 2534 2825 κατά
2565 2787 2637 2833 τι,
2671 2768 2766 2822 καὶ
2802 2765 3002 2835 ταύτην
3034 2760 3126 2814 τοῦ
3150 2760 3322 2826 Λόγου
3349 2754 3655 2825 διακρίνετε
3685 2749 3801 2801 δια-

2233 2863 2401 2931 φορᾶς
2422 2861 2683 2929 λόγῳ,καὶ
2703 2858 2763 2909 οὐ
2781 2855 3116 2923 διαιρέσεως,
3135 2851 3186 2903 τί
3212 2847 3386 2908 τοῦτο,
3404 2838 3793 2931 ἀποκρίνασθε.

2233 2930 2417 3024 Εἰμὲν
2445 2948 2538 3005 οῦν
2560 2950 2637 3021 τῷ
2662 2947 2807 3017 αὑτῷ
2836 2944 2957 3013 καθ’
2986 2943 3015 2996 δ
3035 2938 3242 2995 καὶτοῦ
3271 2937 3481 3006 Πατρδς
3495 2930 3795 3024 διωρίζετο,

564 3032 789 3101 quidem
809 3047 939 3103 ergo
954 3033 1148 3087 eodem
1170 3040 1553 3088 secerneretur
1584 3034 1746 3089 modo
1762 3050 1791 3089 a
1813 3050 1922 3104 quo
1951 3034 2132 3100 Patre,

2237 3020 2529 3103 ὑπόστασις
2559 3020 2617 3091 δὲ
2645 3037 2805 3106 αὑτὴ,
2838 3033 3055 3105 πρῶτον
3090 3029 3187 3101 μὲν
3215 3028 3307 3081 δύο
3338 3025 3433 3087 τὰς
3468 3020 3797 3136 ὑποστάσειξ

2451 3134 2470 3136 ε
2507 3132 2523 3136 -
2566 3128 2619 3136 -.
2868 3123 2890 3136 .
2988 3124 3027 3136 -.
3145 3122 3157 3136 ι
3198 3120 3218 3136 ..
3352 3117 3412 3136 κ-
3453 3114 3622 3136 "an
3654 3127 3757 3136 υ--

569 3131 625 3176 et
661 3123 970 3192 hypustasis
1012 3123 1150 3193 ipsa,
1180 3124 1359 3193 primo
1387 3124 1609 3193 quidem
1644 3124 1781 3180 duas
1830 3125 2134 3180 subsisten-

2238 3134 2474 3205 Χριστοῦ
2503 3128 2770 3184 δεδώκατε
2792 3143 2806 3157 ’
2839 3123 2958 3179 εἶτα
2984 3124 3040 3176 δὲ
3073 3122 3167 3176 καὶ
3198 3120 3318 3187 ἴσην
3348 3117 3422 3186 τῷ
3453 3108 3799 3205 Πατρὶκατα

573 3213 675 3267 tias
708 3212 911 3268 Christi
935 3213 1196 3280 dedistis;
1228 3213 1428 3269 deinde
1460 3223 1515 3270 et
1546 3230 1732 3285 parem
1765 3216 1911 3270 Patri
1934 3230 2134 3270 secun-

571 3304 701 3357 dum
751 3312 947 3360 cuncta
980 3318 1209 3358 carnem.
1239 3304 1563 3369 attribuitis,
1610 3305 1657 3359 si
1689 3320 1786 3374 per
1834 3305 2030 3359 eadem
2078 3315 2137 3361 et

575 3395 688 3447 sola
721 3410 751 3447 a
786 3394 944 3448 Patre
963 3404 1020 3450 et
1044 3411 1074 3449 a
1091 3395 1311 3465 propria
1348 3410 1511 3450 carne
1546 3396 1853 3453 secernitur
1872 3396 2132 3451 Verbum.

575 3484 632 3539 Si
659 3500 792 3540 vero
817 3486 1117 3540 secundum
1157 3471 1287 3555 quid
1319 3486 1488 3551 aliud,
1516 3494 1610 3541 aut
1651 3496 1902 3542 naturam
1952 3504 2138 3545 neces-

571 3576 725 3631 sario
750 3575 802 3629 id
828 3592 971 3641 esse,
1006 3584 1101 3631 aut
1130 3576 1338 3646 aliquid
1367 3585 1564 3646 praeter
1589 3585 1838 3632 naturam
1876 3587 1931 3632 et
1953 3578 2136 3633 subsi-

577 3668 831 3721 stentiam
865 3668 920 3721 in
967 3667 1187 3722 Christo
1222 3667 1441 3726 habetis
1487 3666 1633 3737 quod
1671 3668 1845 3732 scitis,
1902 3669 2137 3724 indicate

578 3758 770 3822 nobis;
796 3759 841 3812 si
863 3773 993 3812 vero
1023 3758 1183 3823 nihil,
1201 3758 1419 3827 penitus
1447 3757 1749 3813 secundum
1776 3768 1982 3812 natura!
2007 3758 2142 3812 Ver-

582 3850 710 3906 bum
742 3849 1117 3904 deﬁnitionem
1149 3850 1291 3906 datis
1318 3849 1480 3905 Verbi
1508 3859 1563 3903 et
1589 3851 1771 3904 carnis
1789 3849 1856 3905 de
1883 3848 2138 3915 Christo;

578 3939 935 3994 deﬁnitorum
968 3948 1151 3994 autem
1177 3948 1234 3994 et
1270 3956 1534 3995 numerus
1566 3950 1653 4005 est
1690 3940 2138 4010 quandoquidem

580 4030 773 4084 horum
838 4029 949 4085 duo
999 4029 1226 4085 termini
1291 4037 1454 4095 sunt;
1509 4046 1678 4098 porro
1737 4047 1971 4100 quorum
2029 4031 2142 4086 duo

580 4121 821 4185 termini,
868 4121 1042 4200 liquet
1072 4121 1219 4192 quod
1280 4129 1336 4175 et
1385 4120 1496 4175 duo
1554 4122 1872 4178 deﬁnientia
1904 4163 1921 4188 ,
1987 4123 2138 4192 atqui

577 4214 623 4268 si
658 4222 980 4267 naturarum
1006 4212 1227 4284 termini
1248 4222 1396 4276 sunt,
1414 4213 1580 4267 verba
1611 4212 1951 4278 deﬁnientia,
1970 4213 2144 4282 liquet

576 4303 727 4373 quod
766 4312 981 4357 natura:
1028 4302 1334 4357 manifestae
1366 4302 1532 4367 ﬁent;
1560 4303 1679 4359 sine
1712 4303 1885 4357 dubio
1917 4302 2144 4361 eviden-

2237 3200 2413 3278 πάντα
2432 3221 2529 3292 την
2554 3219 2733 3290 σάρκα
2766 3215 3148 3287 παριστάνετε,
3181 3211 3233 3263 εῐ
3257 3225 3319 3276 γε
3355 3209 3465 3268 τοῖς
3496 3204 3677 3263 αὐτοῖς
3702 3200 3798 3292 καὶ

2240 3315 2419 3385 μόνοις
2470 3290 2531 3366 ἐκ
2568 3328 2628 3364 τε
2675 3309 2768 3362 τοῦ
2811 3308 3020 3376 Πατρός
3061 3303 3156 3357 καὶ
3204 3302 3305 3370 τῆς
3349 3296 3555 3376 οἰκείας
3595 3290 3799 3385 σαρκὸς

2234 3384 2568 3475 διακρίνεται
2604 3405 2632 3455 ὁ
2659 3401 2831 3467 Λόγος
2853 3415 2873 3463 ⁸.
2897 3400 2945 3449 εἰ
2982 3396 3039 3450 δὲ
3069 3393 3189 3448 καθ’
3225 3392 3410 3462 ἕτερόν
3444 3406 3518 3450 τι,
3556 3385 3591 3456 ἢ
3636 3384 3799 3475 φύσιν

2236 3498 2448 3566 ἀνάγκη
2479 3495 2637 3550 τοῦτο
2678 3488 2837 3556 εἶναι,
2868 3491 2902 3560 ἦ
2930 3507 2982 3541 τι
3019 3487 3169 3557 παρὰ
3204 3484 3302 3555 τὴν
3332 3482 3494 3550 φύσιν
3534 3479 3628 3530 καὶ
3664 3474 3800 3528 ὑπό-

2237 3604 2425 3641 στασιν
2455 3588 2512 3637 ὲν
2538 3584 2618 3655 τῷ
2645 3581 2864 3653 Χριστῷ
2895 3579 3068 3649 ἔχοιτε
3094 3575 3313 3638 ειδέναι,
3339 3571 3617 3641 σημάνατε
3645 3566 3795 3634 ἡμῖν’

2237 3680 2285 3732 εί
2318 3679 2375 3732 δὲ
2420 3677 2592 3739 οὐδὲν,
2626 3673 2840 3734 πάντως
2877 3670 3015 3723 κατὰ
3045 3668 3257 3737 φύσεως
3301 3664 3456 3730 λόγον
3500 3658 3665 3713 δίδοτε
3707 3655 3801 3706 τὸν

2239 3770 2515 3839 διορισμὸν
2544 3765 2637 3820 τοῦ
2665 3766 2838 3832 Λόγου
2864 3748 2957 3816 καὶ
2990 3762 3089 3831 τῆς
3136 3756 3336 3829 σαρκὸς
3383 3755 3476 3807 ἐπὶ
3522 3744 3762 3839 Χριστοῦ
3784 3763 3798 3776 ·

2238 3837 2347 3915 τῶν
2394 3837 2449 3912 δὲ
2490 3856 2876 3929 διοριζομένων
2928 3853 3023 3916 καὶ
3074 3847 3304 3919 ἀριθμός
3347 3847 3514 3903 ἐστιν,
3571 3837 3805 3929 ἐπείπερ

2240 3948 2406 4006 τῶνδε
2433 3950 2525 4002 δύο
2554 3927 2669 4019 ὅροι
2720 3946 2888 3999 εισιν-
2922 3938 2997 3997 ὧν
3028 3941 3089 3994 δὲ
3139 3939 3231 3993 δύο
3262 3938 3312 3989 οι
3353 3936 3489 4005 δροι,
3527 3930 3688 4000 δῆλον
3720 3927 3803 3979 ὅτι

2240 4044 2333 4096 καὶ
2361 4041 2455 4095 δύο
2483 4039 2553 4092 τὰ
2584 4036 2778 4107 όριστά
2797 4054 2811 4066 ·
2840 4037 2888 4088 εί
2911 4034 2967 4099 δὲ
2996 4033 3102 4086 τῶν
3133 4031 3347 4099 φύσεων
3380 4027 3428 4078 oi
3459 4026 3576 4094 ὅροι
3607 4022 3714 4086 εἰσὶ
3734 4020 3805 4072 τὰ

2240 4131 2451 4204 όριστὰ,
2483 4130 2640 4199 δῆλον
2665 4129 2746 4195 ὅτι
2773 4129 2829 4181 αἱ
2853 4125 3041 4194 φύσεις
3064 4118 3543 4189 ἀποδειχθήσονται
3570 4132 3583 4145 ·
3610 4110 3805 4204 οὐκοῦν

2241 4197 2544 4296 ἀριθμητῶ
2562 4219 2777 4289 κσαφῶς
2827 4219 2884 4270 αἱ
2930 4216 3119 4284 φύσεις
3168 4208 3435 4282 Χριστοῦο
3495 4204 3675 4266 καλῶς
3704 4197 3807 4296 ,οὖν

2243 4294 2381 4387 ἡμῖν
2407 4314 2643 4385 εἴρηται,
2677 4311 2869 4370 ἕνωσις
2901 4306 2998 4377 μὲν
3041 4302 3390 4358 ὑποστάσεων
3426 4301 3482 4352 ὲν
3519 4298 3616 4366 μιᾷ
3648 4294 3807 4387 φύσει

579 4401 663 4449 ter
698 4392 1072 4449 numerabiles
1100 4391 1307 4447 Christi
1327 4401 1570 4456 naturae;
1597 4392 1737 4447 bene
1760 4408 1888 4460 ergo
1915 4408 1946 4447 a
1978 4392 2138 4447 nobis

2241 4386 2334 4465 ιάέι
2362 4408 2459 4476 τῆς
2500 4405 2659 4473 ἁγίας
2700 4406 2794 4456 καὶ
2827 4396 3150 4468 ὑπερουσίου
3202 4392 3450 4463 Τριάδος,
3504 4390 3695 4450 ἓνωσις
3751 4386 3809 4439 δὲ

578 4484 820 4539 dicitur:
853 4482 1119 4537 adunatio
1160 4482 1383 4551 quidem
1418 4483 1851 4538 substantiarum
1889 4484 1944 4537 in
1976 4498 2141 4537 unam

582 4584 832 4633 naturam
870 4575 926 4627 in
955 4582 1143 4640 sancta
1173 4582 1231 4629 et
1260 4589 1517 4644 suprema
1548 4574 1839 4639 Trinitate,
1884 4574 2145 4629 adunatio

580 4680 711 4720 vero
748 4654 1070 4718 naturarum
1118 4663 1171 4716 in
1218 4679 1382 4719 unam
1413 4662 1827 4717 subsistentiam
1867 4665 1925 4717 iu
1959 4672 2146 4717 sancta

578 4766 637 4811 et
667 4756 933 4824 ineﬁ‘abili
973 4755 1349 4813 incarnatione
1376 4754 1562 4809 Verbi.
1595 4755 1711 4809 Hoc
1752 4754 1899 4809 enim
1923 4754 2061 4807 dixit
2093 4763 2150 4808 et

583 4846 840 4918 inquiens
859 4846 1057 4912 Pater;
1088 4845 1427 4905 contrarium
1468 4859 1593 4898 esse
1632 4844 1876 4915 mysterii
1926 4852 2150 4913 propter

581 4937 865 5001 Christum
892 4930 1201 4991 sermonem
1249 4936 1489 4991 sermoni
1515 4935 1583 4989 de
1635 4943 1819 4988 sancta
1858 4934 2145 4988 Trinitate.

660 5030 744 5084 l9.
798 5029 1198 5083 Percontemur
1237 5028 1420 5081 adhuc
1477 5036 1534 5081 et
1583 5027 1755 5101 illud:
1784 5027 1956 5096 Hujus
1995 5028 2149 5096 juxta

586 5137 683 5175 vos
717 5128 925 5173 natura:
967 5118 1171 5174 Christi
1221 5119 1342 5172 Filii
1392 5119 1485 5172 Dei
1530 5117 1795 5180 viventis,
1848 5116 2151 5170 secundum

586 5209 734 5265 Petri
763 5216 935 5263 tutam
956 5208 1380 5272 confessionem,
1413 5209 1582 5262 Deum
1627 5208 1867 5262 Verbum
1892 5207 2021 5277 quid
2063 5206 2150 5260 di-

585 5303 714 5356 citis
747 5317 886 5366 esse,
926 5311 1134 5370 partem
1176 5316 1246 5355 an
1301 5300 1519 5359 totum?
1558 5298 1613 5353 Si
1658 5306 1869 5368 partem
1905 5298 2149 5366 quidem,

584 5402 641 5449 et
670 5393 841 5463 partis
873 5403 1080 5447 natura:
1104 5394 1321 5449 Patrem
1351 5392 1518 5449 dicite
1555 5392 1801 5456 Patrem;
1835 5406 1998 5459 porro
2033 5407 2156 5459 par-

587 5484 716 5537 tiale
748 5482 819 5535 sit
845 5480 1107 5544 Verbum,
1134 5480 1187 5535 in
1224 5490 1488 5551 quantum
1530 5488 1726 5535 natura
1760 5489 1843 5535 est
1878 5480 2069 5542 Filius,
2100 5490 2155 5533 et

587 5572 766 5632 Patris
790 5570 897 5625 erit
913 5570 1214 5625 secundum
1255 5571 1561 5625 naturalem
1604 5570 1985 5639 pateruitatem
2035 5585 2158 5639 par—

592 5662 1089 5735 tialispaternitas;
1138 5678 1476 5734 unaquaeque
1505 5679 1634 5732 ergo
1679 5663 1909 5716 duarum
1944 5660 2158 5715 divina-

2244 4498 2353 4553 τῶν
2403 4495 2618 4565 φύσεων
2667 4495 2723 4545 ὲν
2772 4492 2868 4561 μιᾷ
2912 4486 3205 4541 ὑποστάσει
3248 4484 3340 4535 ἐπὶ
3381 4484 3479 4552 τῆς
3524 4481 3682 4547 ἁγίας
3712 4479 3810 4533 καὶ

2245 4589 2525 4659 ἅφράστου
2563 4581 2894 4655 σαρκώσεως
2932 4579 3027 4632 τοῦ
3080 4578 3282 4644 Λόγου·
3341 4573 3499 4626 τοῦτο
3546 4571 3652 4639 γὰρ
3704 4571 3807 4659 ἔφη

2246 4658 2343 4730 και
2368 4679 2395 4729 ὀ
2422 4675 2597 4741 λέγων
2638 4672 2851 4741 Πατὴρ,
2902 4668 3134 4737 ἔμπαλιν
3168 4665 3319 4733 ἔχειν
3365 4663 3458 4714 τὸν
3506 4662 3663 4727 λόγον
3714 4658 3811 4711 τοῦ

2248 4765 2387 4819 κατὰ
2412 4747 2646 4836 Χριστὸν
2689 4757 3010 4831 μυστηρίου,
3062 4755 3094 4825 ἢ
3124 4754 3217 4823 ἐπὶ
3243 4753 3343 4822 τῆς
3374 4752 3531 4818 ἁγίας
3561 4750 3808 4819 Τριὰδος.

2324 5017 2412 5069 ιϐ’.
2456 5013 2781 5087 Ἐρωτῶμεν
2831 5012 2911 5065 ἔτι
2967 5011 3063 5065 καὶ
3091 5010 3247 5062 τόδε·
3282 5006 3496 5075 Ταύτης
3540 5005 3638 5073 τῆς
3691 5002 3813 5054 καθ’

2254 5109 2398 5178 ὑμᾶς
2426 5106 2642 5176 φύσεως
2666 5103 2900 5174 Χριστοῦ
2927 5102 3022 5155 τοῦ
3044 5100 3176 5154 Υῑοῦ
3207 5098 3297 5153 τοῦ
3320 5096 3455 5149 Θεοῦ
3478 5096 3569 5148 τοῦ
3593 5094 3814 5159 ζῶντος,

2256 5197 2397 5255 κατὰ
2428 5196 2523 5267 τὴν
2565 5196 2661 5249 τοῦ
2712 5195 2921 5266 Πέτρου
2950 5191 3168 5267 ἀσφαλῆ
3205 5190 3512 5261 ὁμολογίαν,
3560 5187 3651 5238 τὸν
3685 5184 3819 5237 Θεὸν

2255 5290 2425 5357 Λόγον
2453 5289 2506 5341 τί
2536 5305 2672 5357 φατε
2700 5283 2859 5352 εἶναι,
2894 5287 3058 5355 μέρος
3084 5284 3115 5352 ἢ
3138 5282 3286 5360 ὃ).ον;
3314 5282 3361 5332 εί
3386 5283 3482 5349 μὲν
3504 5279 3610 5347 γὰρ
3631 5276 3816 5346 μέρος,

2256 5382 2350 5433 καὶ
2382 5381 2580 5452 μέρους
2616 5380 2829 5448 φύσεως
2849 5376 3069 5447 Πατέρα
3096 5374 3282 5440 λέγετε
3310 5372 3401 5424 τὸν
3434 5369 3651 5438 Πατέρα
3670 5385 3681 5397 ·
3723 5384 3819 5434 μευ

2261 5474 2415 5544 ρικοῦ
2443 5474 2499 5526 δὲ
2530 5472 2682 5535 ὄντος
2702 5470 2796 5524 τοῦ
2820 5470 2994 5537 Λόγου
3026 5467 3165 5521 κατὰ
3191 5465 3286 5535 τὴν
3316 5462 3547 5533 φυσικὴν
3576 5461 3819 5526 υῑότητα.

2260 5566 2355 5618 καὶ
2378 5562 2467 5615 τοῦ
2504 5563 2715 5633 Πατρὸς
2746 5561 2898 5613 ἔσται
2940 5558 3078 5612 κατὰ
3107 5557 3205 5627 τὴν
3241 5553 3473 5624 φυσικὴν
3514 5550 3822 5618 πατρότητα

2265 5657 2531 5725 μερικὴή
2581 5652 2889 5723 πατρότης·
2948 5648 3183 5717 ἑκατέρα
3244 5642 3334 5699 οὖν
3388 5644 3492 5696 τῶν
3538 5641 3629 5693 δύο
3663 5639 3823 5692 θείων
