4094 6334
230 372 362 436 1781

1369 367 1663 426 CONTRA
1705 362 2297 425 MONUPHYSITAS.

3351 346 3364 405 1
3378 346 3481 405 7'82

221 484 604 545 ὑποστάσεων,
633 479 731 533 τοῦ
762 498 822 533 τε
851 480 1066 550 ηατρὸς
1094 479 1184 532 καὶ
1202 479 1296 530 τοῦ
1320 479 1470 543 Υἱτιῦ,
1503 480 1605 532 ἀνὰ
1635 481 1805 546 ἥμισυ

1933 487 2030 526 um
2081 467 2588 526 subsistentiarum,
2622 474 2673 515 et
2717 463 2898 516 Patris
2937 469 2989 513 et
3017 460 3158 519 l-‘i.ii,
3189 458 3252 510 de
3302 457 3480 510 media

221 575 404 643 λείψει
429 573 524 627 τοῦ
555 573 695 626 κατὰ
734 573 897 640 φύσιν
920 572 1118 640 Λόγου,
1168 571 1261 623 καὶ
1302 572 1400 624 οὐκ
1437 571 1587 623 ἔσται
1623 569 1805 622 τελεία

223 667 395 730 φύσις
436 666 492 718 εν
522 682 629 717 τινι
667 664 776 717 τῶν
806 663 1110 734 προσώπων
1143 663 1488 732 θεωρουμένη
1519 665 1616 729 τῆς
1649 661 1806 728 ἁγίας

223 758 461 827 Τριὰδος
483 773 498 786 ·
529 753 648 809 εἶτα
676 751 858 807 δὲ’καὶ
906 753 1040 824 τῷδε
1086 753 1444 806 ἐπισκεπτέον
1477 752 1553 821 τῷ
1596 753 1804 818 ἀτόπῳ,

225 853 312 900 Em
342 850 496 901 ἔσται
527 848 727 900 οὑτωσὶ
758 847 937 913 λέγειν
957 862 970 877 ο
1009 847 1091 898 ὅτι
1137 846 1184 898 εἰ
1215 845 1353 915 μετὰ
1397 845 1596 914 σαρκὸς
1627 844 1808 896 τελεία

227 940 454 1007 γέγονεν
487 940 519 1008 ἠ
552 937 715 1004 φύσις
755 936 848 989 τοῦ
885 936 1078 1004 Λόγου,
1116 937 1178 988 ἐκ
1225 938 1324 1005 τῆς
1357 935 1683 1005 σαρκώσεως
1715 936 1809 987 τοῦ

231 1029 365 1081 Υίοῦ
393 1029 530 1100 πρὸς
563 1029 654 1080 τὸν
685 1026 882 1080 ἑαυτοῦ
918 1027 1088 1093 Λόγον
1115 1027 1143 1079 ὅ
1181 1043 1239 1078 τε
1273 1025 1403 1088 Υἱὸς
1433 1027 1528 1077 καὶ
1565 1027 1592 1077 6
1623 1022 1810 1094 Πατῆρ

231 1119 573 1186 προέκοψαν,
611 1119 697 1171 ἵνα
735 1119 830 1170 καὶ
861 1118 1024 1180 αὐτὸς
1060 1117 1269 1170 τελείου
1296 1115 1427 1169 Υίοῦ
1458 1117 1671 1179 ’τέλειος
1694 1118 1806 1170 Πα-

233 1212 339 1280 τὴρ
370 1213 492 1283 είηο
543 1213 589 1263 εί
639 1211 696 1262 δὲ
734 1208 906 1262 ταῦτα
961 1208 1374 1280 εὐλαϐηθέντες,
1425 1209 1486 1265 τὸ
1525 1209 1643 1262 ὅλον
1670 1204 1830 1260 εἶναι’

233 1303 334 1371 τῆς
359 1304 491 1368 μιᾶς
518 1302 735 1368 φύσεως
761 1300 854 1354 τοῦ
886 1301 1120 1370 Χριστοῦ
1147 1302 1238 1355 τὸν
1273 1303 1330 1353 ἐν
1360 1301 1510 1371 αὐτῷ
1544 1299 1686 1356 Θεῖον
1712 1305 1812 1359 Λό-

234 1411 332 1459 γον
367 1395 526 1461 φατὲ,
561 1394 779 1464 πρῶτον
815 1393 914 1461 μὲν
943 1394 974 1462 ἢ
1017 1394 1079 1446 τὸ
1111 1395 1234 1446 ὅλον
1265 1394 1534 1448 δεδώκατε
1566 1396 1657 1448 τοῦ
1684 1397 1815 1466 Χρι-

237 1483 366 1535 στοῦ
397 1485 494 1537 καὶ
528 1485 632 1555 πρὸ
665 1484 904 1554 Χριστοῦ
938 1480 1099 1550 εἶναι,
1143 1484 1373 1554 ἐπείπερ
1424 1480 1492 1556 ἦν
1515 1486 1683 1550 Λόγος
1724 1487 1818 1538 καὶ

235 1576 346 1642 πρὸ
378 1576 477 1644 τῆς
499 1576 743 1637 ἑνώσεως
775 1575 939 1628 αὑτοῦ
962 1576 1060 1645 τῆς
1091 1575 1229 1644 πρὸς
1261 1577 1511 1646 σάρκα,ῆ
1535 1576 1624 1629 τὸν
1642 1576 1815 1643 Λόγον

234 1669 298 1718 οὗ
331 1668 521 1733 λέγετε
553 1666 793 1737 ὑπάρξαι
821 1667 927 1736 πρὸ
973 1670 1070 1738 τῆς
1114 1667 1316 1737 σαρκὸς
1359 1666 1593 1737 Χριστοῦ
1619 1685 1630 1697 ·
1666 1667 1816 1719 ἔσται

236 1753 332 1807 οὖν
364 1756 537 1818 οὕτως
563 1773 578 1787 ·
614 1758 831 1827 πρῶτον
855 1759 1057 1810 οἰκεῖον
1085 1756 1147 1811 τὺ
1194 1757 1337 1822 ὅλον,
1393 1757 1816 1828 εἶπερκΧριστὸς

1913 569 2066 632 parte
2099 559 2320 632 deﬁciet
2349 574 2377 610 a
2403 556 2581 610 Verbo
2627 555 2932 606 secundum
2982 559 3256 609 naturam,
3289 557 3346 602 et
3377 562 3484 600 non

1913 652 2019 706 erit
2046 649 2288 719 perfecta
2318 659 2512 700 natura
2538 646 2590 697 iu
2617 639 2800 712 aliqua
2835 655 3196 711 personarum
3236 639 3488 692 conside-

1916 752 2030 795 rata
2058 749 2258 795 sancta:
2280 738 2596 800 Trinitatis;
2623 734 2820 789 deinde
2841 732 3262 802 et-pensauduui
3291 731 3357 782 de
3386 729 3490 781 hoc

1915 831 2179 895 absurdo,
2215 829 2362 898 quod
2405 827 2511 882 erit
2543 827 2621 881 sic
2655 828 2840 880 dicere
2881 843 2893 877 :
2929 823 3056 893 quia
3087 823 3130 876 si
3165 837 3288 875 cum
3325 834 3487 873 carne

1917 920 2158 991 perfecta
2190 920 2330 972 facta
2355 928 2438 972 est
2469 927 2664 971 natura
2697 915 2886 979 Verbi,
2912 929 2976 967 ex
3008 911 3382 966 incarnatione
3411 909 3492 962 Fi-

1916 1013 1975 1067 lii
2006 1012 2073 1066 ad
2097 1003 2271 1080 ipsius
2298 1010 2537 1064 Verbum
2563 1018 2617 1062 et
2652 1007 2822 1061 Filius
2864 1016 2920 1060 et
2947 1005 3107 1058 Pater
3141 1017 3489 1073 progressum

1918 1105 2189 1166 fecerunt,
2229 1111 2285 1155 ut
2324 1102 2438 1170 ipse
2479 1099 2705 1170 perfecti
2742 1098 2863 1152 Filii
2893 1096 3169 1166 perfectus
3198 1093 3269 1154 sit
3304 1091 3488 1154 Pater,

1919 1200 1965 1253 si
1990 1214 2120 1252 vero
2159 1197 2259 1251 ista
2287 1195 2538 1265 religiose
2586 1194 2913 1263 cogitantes,
2955 1198 3130 1243 totum
3159 1202 3280 1243 esse
3329 1187 3495 1239 unius

1921 1295 2130 1342 natura:
2157 1282 2360 1338 Christi
2410 1282 2656 1336 divinum
2691 1279 2839 1350 quod
2884 1279 2940 1331 in
2977 1277 3095 1345 ipso
3136 1284 3222 1331 est
3254 1273 3492 1328 Verbum

1921 1375 2127 1437 dicitis,
2148 1373 2325 1444 primo
2361 1371 2605 1442 quidem,
2634 1380 2727 1424 aut
2764 1378 2934 1424 totum
2955 1367 3186 1422 dedistis
3206 1364 3410 1419 Christi
3441 1374 3495 1416 et

1921 1475 2047 1519 ante
2067 1465 2349 1519 Christum
2380 1477 2523 1526 esse,
2551 1460 2997 1530 quandoquidem
3033 1467 3153 1512 erat
3176 1457 3415 1511 Verbum
3441 1466 3498 1509 et

1922 1566 2049 1611 ante
2092 1555 2482 1610 adunatiouem
2531 1553 2708 1622 ipsius
2737 1551 2802 1605 ad
2833 1565 3074 1614 carnem,
3125 1557 3218 1603 aut
3255 1547 3495 1606 Verbum

1924 1664 2032 1703 non
2057 1647 2238 1702 dicitis
2258 1661 2381 1700 esse
2403 1654 2534 1700 ante
2565 1659 2786 1698 carnem
2803 1642 3005 1696 Christi
3037 1660 3050 1694 :
3076 1641 3183 1696 erit
3217 1656 3347 1711 ergo
3385 1639 3495 1693 sic:

1925 1742 2162 1810 primum
2199 1747 2372 1792 totum
2407 1737 2713 1807 proprium,
2756 1734 3027 1804 siquidem
3063 1732 3319 1788 Christus
3343 1731 3500 1799 cujus

237 1839 299 1898 οὗ
332 1849 451 1898 ἐστι
483 1847 542 1899 τὸ
581 1822 704 1900 ὅλον
741 1851 770 1900 6
796 1848 937 1912 θεῖος
975 1848 1168 1916 Λόγος,
1199 1849 1228 1899 6
1273 1849 1379 1919 πρὸ
1410 1822 1820 1919 αίώνωννπροὺ·

1933 1839 2006 1885 est
2026 1844 2186 1884 omne
2212 1829 2459 1882 divinum
2481 1827 2744 1890 Verbum,
2767 1825 2960 1894 quiest
2979 1831 3106 1878 ante
3153 1822 3353 1876 saecula
3372 1830 3499 1874 ante

244 1939 559 2013 πῆρχειτῆς
595 1939 797 2007 σαρκὸς
854 1940 1045 1994 ἑαυτοῦ
1079 1941 1112 2009 ἧ
1160 1942 1277 1995 ἐστι
1325 1942 1492 2012 μέρος
1538 1942 1775 2012 Χριστοῦ
1802 1959 1815 1974 ·

241 2025 365 2082 εἶτα
391 2031 449 2083 δι
476 2031 640 2084 πάλιν
665 2047 678 2060 ·
714 2031 830 2094 πῶς
855 2031 962 2096 ἔξει
1008 2033 1104 2086 καὶ
1138 2033 1304 2104 μέρος
1329 2033 1529 2102 ἑαυτῆς
1559 2035 1707 2087 τόνδε
1730 2034 1822 2086 τὸν

243 2119 421 2185 Λόγον
455 2119 615 2188 ἡμία
645 2118 829 2187 φύσις,
862 2121 922 2173 ὃν
969 2119 1081 2190 ἔχει
1121 2121 1218 2192 ήδη
1241 2121 1318 2184 ὡς
1366 2122 1508 2188 ὅλον,
1548 2123 1646 2176 οὐκ
1676 2122 1821 2178 ἔστιν

243 2209 375 2263 ιόεἰν
397 2227 412 2239 ·
447 2211 510 2263 οὐ
543 2209 650 2280 γὰρ
681 2211 744 2263 τὸ
772 2211 904 2264 αὐτὸ
937 2211 1032 2264 τοῦ
1074 2211 1240 2265 αὑτοῦ
1275 2213 1440 2283 μέρος
1479 2231 1536 2266 τε
1578 2214 1672 2267 καὶ
1701 2214 1822 2266 ὅλον

239 2301 398 2353 ἔσται
427 2301 669 2356 πώποτε.
720 2304 843 2355 Ἔτι
878 2303 1059 2372 μέντοι
1084 2306 1178 2357 καὶ
1221 2305 1249 2375 ἡ
1286 2303 1424 2375 σὰρξ
1451 2306 1590 2359 κατὰ
1617 2307 1824 2375 ταύτην

239 2393 404 2462 ὑμῶν
444 2393 544 2463 τὴν
577 2393 872 2464 ἀπόκρισιν
917 2395 1314 2466 ἐκϐληθήσεται
1352 2398 1531 2466 πάντη
1562 2397 1822 2468 Χριστοῦ,

239 2484 341 2552 τῆς
381 2486 511 2550 μιᾶς
542 2483 741 2554 ταύτης
773 2485 926 2554 ὑμῶν
957 2485 1168 2554 φύσεως
1199 2487 1302 2541 ὑπὸ
1329 2486 1422 2540 τοῦ
1457 2489 1630 2556 Λόγου
1662 2491 1823 2560 μόνου

240 2575 744 2646 συμπληρουμένης
771 2577 870 2646 ήδη
893 2592 906 2605 ·
938 2576 969 2645 ἢ
1001 2577 1374 2647 προσθήσεται
1407 2565 1498 2631 καὶ
1541 2579 1700 2650 αὐτὴ,
1733 2581 1826 2633 καὶ

239 2667 344 2719 οὐκ
375 2666 528 2720 ἔσται
575 2669 702 2736 ὑμῖν
737 2668 878 2720 κατὰ
921 2669 1134 2723 σκοπὸν,
1171 2670 1249 2728 ἐτι
1303 2671 1362 2723 τὸ
1422 2673 1784 2742 συναγόμενον
1811 2690 1824 2703 ·

222 2761 357 2810 ’πᾶν
391 2760 503 2829 γάρ
537 2759 597 2810 16
625 2761 764 2829 μετὰ
793 2760 890 2831 τὴν
927 2762 1134 2816 οίκείαν
1179 2762 1417 2834 φυσικὴν
1467 2763 1694 2835 όλότητα
1721 2767 1827 2818 τινὶ

239 2849 742 2919 ὲπιθεωρούμενον,
775 2853 1029 2922 περισσόν
1059 2870 1110 2905 τι
1148 2854 1310 2907 ποσὸν
1339 2856 1637 2921 ἐπεισάξει,
1669 2855 1827 2927 εἴπερ

240 2943 432 3003 ὅντως·
447 2944 623 3012 τούτῳ
648 2942 929 3012 ἡνωμένον
959 2945 1095 3007 ἐστὶ,
1139 2947 1231 2998 καὶ
1271 2947 1330 2999 οὐ
1371 2947 1528 3017 μόνον
1571 2949 1709 3001 κατὰ
1744 2948 1829 3002 λό-

246 3049 346 3098 γον
378 3031 605 3094 κτίσεως
642 3033 773 3096 ἴσως
803 3034 1047 3103 ὑπάρχον
1090 3035 1238 3105 αὐτῷ
1284 3036 1484 3102 ἔξωθεν
1535 3039 1828 3111 ἐπινοηθῆ-

247 3141 431 3212 σεται.
469 3125 678 3178 Οὐκοῦν
711 3128 760 3178 εί
791 3111 969 3179 ἄτοπα
995 3127 1119 3180 τάδε
1151 3127 1322 3194 ἐστὶν,
1362 3129 1420 3180 οὐ
1447 3129 1670 3182 δυνατὸν
1701 3133 1828 3201 μίαν
1854 3165 1898 3226 C

244 3205 430 3268 εἰ’πείν
461 3216 558 3287 τὴν
586 3217 826 3286 Χριστοῦ
858 3217 1037 3287 φύσιν,
1065 3218 1138 3281 ὡς
1175 3219 1341 3289 μέρος
1382 3219 1414 3289 ἢ
1441 3221 1517 3284 ὡς
1551 3221 1670 3274 ὅλον
1699 3222 1833 3280 Θεω-

250 3308 487 3377 ροῦντας
517 3311 606 3362 τὸν
640 3310 814 3376 Λόγον
840 3311 872 3381 ἢ
899 3310 996 3380 τὴν
1023 3312 1200 3380 σάρκα
1223 3311 1282 3363 ὲν
1313 3311 1473 3382 αὐτῇ·
1499 3312 1531 3382 ἢ
1557 3313 1650 3366 οῦν
1675 3315 1835 3384 ἑτέρα

248 3397 338 3458 τίς
370 3401 518 3451 ἐστιν
551 3399 584 3466 ἡ
615 3398 880 3469 λεγομένη
918 3399 1045 3467 ὑμίν
1084 3399 1181 3467 μία
1210 3398 1391 3469 φύσις,
1434 3402 1584 3470 παρὰ
1615 3403 1705 3455 τὸν
1735 3403 1837 3457 Λό-

250 3504 354 3555 γον
385 3489 560 3557 πάντη
602 3489 698 3540 καὶ
727 3491 827 3558 τὴν
877 3483 1075 3561 σάρδια,
1113 3490 1209 3554 καὶ
1253 3490 1376 3544 οὕτε
1421 3492 1556 3556 Θεὸς
1594 3493 1713 3547 οὐδὲ
1745 3493 1838 3547 άν-

256 3581 482 3650 θρωπός
512 3582 684 3648 ἐστιν,
731 3581 764 3652 ἢ
814 3582 875 3634 οὑ
926 3582 1022 3651 μία
1071 3582 1292 3646 πάντως
1345 3582 1482 3638 ἀλλὰ
1525 3584 1617 3639 δύο
1666 3585 1839 3654 ὑπάρ-

254 3690 469 3746 χουσιν.

333 3771 399 3816 κ’.
436 3763 552 3816 Ἔτι
585 3763 791 3831 φαμένο
819 3764 902 3818 Τά
944 3763 1289 3832 συνελθόντα,
1331 3769 1359 3820 6
1389 3767 1560 3836 Λόγος
1590 3771 1706 3824 ἐστὶ
1750 3776 1841 3826 καί

257 3858 293 3923 ἡ
319 3853 607 3922 σὰρξηὺφ*
645 3845 723 3906 ὧν
771 3852 1072 3923 γενομένην
1100 3853 1196 3925 τὴν
1247 3854 1312 3907 ὲκ
1342 3855 1436 3909 δύο
1487 3858 1680 3913 ἕνωσιν
1706 3863 1842 3933 Χρι-

259 3943 388 3996 στοῦ
426 3943 649 4019 φατε,ῆ
705 3944 895 4013 ἕτερόν
937 3961 990 3997 τι
1021 3945 1180 4014 παρὰ
1227 3945 1396 4014 τάδε;
1468 3950 1627 4004 ’Δλλὰ
1664 3953 1842 4007 ταῦτα

258 4032 402 4089 εἶναι
436 4036 650 4099 πάντως
673 4037 868 4106 ἐρεῖτεο
891 4035 1171 4106 μεμένηκε
1197 4037 1255 4090 δὲ
1277 4039 1372 4091 καὶ
1409 4041 1580 4110 Λόγος
1607 4044 1839 4113 όΛόγος,

259 4130 356 4182 καὶ
392 4118 532 4196 σὰρξ
571 4130 604 4197 ἡ
641 4129 776 4198 σὰρξ
820 4129 958 4196 μετὰ
981 4129 1083 4199 τὴν
1131 4127 1348 4196 ῑνωσιν,
1384 4135 1431 4185 εί
1457 4136 1551 4187 καὶ
1588 4138 1841 4210 ἡνωμένη

259 4219 340 4284 τῷ
371 4220 552 4286 Λόγῳ,
575 4222 666 4270 καὶ
689 4218 795 4288 ἰδίᾳ
812 4218 904 4271 τοῦ
937 4218 1362 4290 ίδιοποιουμένου
1391 4225 1562 4297 αρτήν
1579 4244 1590 4257 ο
1615 4228 1731 4292 πῶς
1751 4227 1844 4284 οὖν

258 4308 323 4359 οὑ
355 4308 452 4360 δύο
476 4309 568 4361 καὶ
601 4309 716 4373 νῦν,
759 4308 832 4372 ὼς
860 4309 1032 4377 Λόγος
1059 4310 1152 4363 καὶ
1172 4310 1330 4381 σάρξ,
1366 4315 1460 4367 καὶ
1482 4315 1558 4381 ὡς
1593 4318 1724 4375 ἴδιον
1749 4322 1842 4376 καὶ

260 4399 364 4451 toto
373 4399 716 4469 ποιούμενον,
759 4399 968 4456 ἔσονται
989 4417 1003 4466 ;

336 4581 441 4632 ια’.
474 4579 744 4650 Κύρι-λλος
777 4581 805 4633 6
835 4580 1026 4653 Πατήρ
1059 4600 1223 4652 φησιν
1279 4587 1338 4636 ὲν
1370 4584 1448 4654 τῷ
1486 4587 1688 4659 πρώτῳ
1739 4590 1847 4644 τῶν

266 4671 529 4741 Σχολίων,
563 4672 645 4724 ὅτι
676 4671 739 4724 τὸ
768 4671 1006 4741 Χριστὸς
1038 4672 1211 4742 ὄνομα
1249 4673 1374 4727 οὔτε
1431 4676 1560 4747 ὅρου
1614 4679 1847 4750 δύναμιν

262 4765 398 4831 ἔχει,
434 4760 556 4814 οὔτε
587 4762 684 4832 μέν
706 4778 853 4825 τινος
880 4762 1092 4830 οὐσίαν,
1128 4764 1156 4817 6
1185 4765 1240 4818 τί
1294 4767 1428 4819 ποτέ
1460 4770 1602 4832 ἐστι,
1642 4773 1848 4840 σημαί-

263 4871 394 4915 νειν,
449 4851 702 4922 καθάπερ
737 4852 834 4906 καὶ
881 4851 942 4905 16
980 4852 1272 4921 ἄνθρωπος
1324 4857 1356 4927 ἢ
1411 4857 1638 4931 ῑπποςῆ
1696 4860 1844 4930 βοῦς,

264 4945 593 5014 πράγματος
662 4943 720 4996 δδ
798 4943 1000 5012 μᾶλλον
1071 4948 1464 5018 ἐνεργουμὲνου
1534 4952 1660 5020 περί
1726 4969 1846 5005 τινα

267 5038 501 5088 ποιεῖται
558 5034 814 5104 δήλωσιν.
873 5036 936 5088 El
997 5032 1093 5091 οὖν
1156 5037 1280 5091 οὔτε
1349 5042 1656 5110 όριστικὸν,
1722 5043 1845 5097 οὕτε

265 5128 622 5198 σημαντικὸν,
684 5127 875 5191 οὐσίας
933 5127 1092 5182 τοῦτό
1141 5130 1254 5183 ἐστι
1313 5131 1374 5184 τὸ
1427 5133 1630 5203 ὄνομα,
1689 5134 1847 5204 δῆλον

260 5220 342 5272 ὅτι
379 5216 628 5282 φυσικῶς
652 5231 682 5282 ;-
704 5215 930 5271 οὕτωδὲ
967 5222 1432 5290 προσαγορευτὼν
1471 5224 1578 5276 τινὶ
1612 5223 1708 5294 τὴν
1726 5225 1847 5278 καθ’

263 5312 413 5380 ὑμᾶς
467 5309 597 5378 μίαν
649 5309 882 5379 Χριστοῦ
908 5310 1101 5380 φύσιν·
1148 5311 1264 5364 ἀλλ’
1297 5314 1417 5366 οὐδὲ
1471 5315 1624 5381 Θεὸν,
1679 5317 1846 5388 μέρος

260 5404 372 5474 γάρ
399 5402 574 5471 αὐτῆς
598 5403 667 5455 ··ό
702 5403 782 5468 δὲ,
807 5401 932 5456 οὔτε
987 5403 1310 5474 ἄνθρωπον
1370 5406 1468 5460 καὶ
1517 5407 1676 5462 τοῦτο
1734 5411 1844 5480 γὰρ

258 5496 466 5566 ὁμοίως
482 5496 620 5565 ἔχει·
653 5498 703 5548 τί
733 5493 831 5549 οὖν
863 5497 964 5566 τῆς
987 5497 1242 5568 ὁλότητος
1275 5498 1448 5568 αὐτῆς
1473 5497 1645 5569 ὄνομά
1703 5501 1842 5563 ἐστι,

263 5589 492 5642 εἴπατε·
529 5587 714 5659 ὥσπερ
748 5589 849 5659 τῆς
881 5587 1234 5659 ἀνθρωπείας
1272 5589 1459 5660 ἕτερόν
1481 5606 1532 5642 τι
1556 5591 1710 5662 παρὰ
1739 5591 1844 5659 diu.

265 5686 364 5753 χὴν
395 5682 487 5734 καὶ
513 5681 668 5752 σῶμα
688 5682 1119 5750 καταφάσκομεν
1139 5696 1152 5710 ·
1179 5683 1240 5734 τὸ
1257 5681 1366 5752 γὰρ
1383 5683 1620 5754 Χριστὸς
1641 5685 1844 5758 κρίσιν,

268 5774 422 5845 ᾲηοὶ,
481 5776 727 5846 σημαίνει
790 5775 919 5848 περὶ
968 5792 1093 5830 τινα
1137 5775 1450 5848 χριόμενον·
1501 5776 1580 5830 ὅτι
1616 5776 1671 5830 δὲ
1722 5774 1844 5829 οὔτε

1924 1936 2147 1976 carnem
2177 1919 2352 1990 ipsius
2380 1933 2502 1987 qua:
2523 1915 2728 1972 Christi
2755 1930 2882 1984 pars
2916 1923 3002 1968 est
3021 1913 3263 1977 exstitit;
3299 1910 3498 1966 deinde.

1923 2006 2123 2064 iterum
2155 2024 2166 2058 :
2204 1992 2484 2074 quomodo
2516 1995 2816 2058 habebitet
2846 2002 3020 2072 ipsius
3053 2010 3266 2056 naturae
3289 2008 3496 2070 partem

1924 2106 2029 2161 hoc
2051 2105 2291 2165 Verbum
2315 2113 2511 2159 natura
2531 2101 2877 2172 unica,quod
2902 2101 3193 2172 habetjam
3221 2107 3280 2153 ut
3303 2107 3498 2164 totum,

1925 2214 2035 2252 non
2085 2206 2168 2254 est
2202 2197 2416 2263 videre;
2465 2211 2574 2251 non
2612 2195 2759 2248 enim
2792 2193 2935 2248 idem
2984 2191 3233 2263 ejusdem
3267 2192 3344 2245 rei
3375 2206 3502 2260 pars

1924 2298 1980 2344 et.
2020 2296 2194 2342 totum
2222 2289 2331 2343 erit
2360 2283 2832 2355 unquam.Adhuc
2857 2283 3068 2337 scilicet
3104 2289 3161 2337 et
3199 2296 3328 2335 caro
3350 2282 3500 2351 juxta

1926 2381 2085 2435 hanc'
2103 2381 2274 2449 ipsam
2305 2378 2474 2432 vestri
2498 2374 2914 2446 responsionem
2937 2372 3266 2444 projicietur
3283 2372 3503 2442 penitus

1927 2489 1956 2527 a
1988 2471 2230 2535 Christo,
2265 2471 2369 2524 hac
2401 2469 2562 2523 unica
2590 2468 2746 2539 juxta
2778 2481 2878 2520 vos
2896 2474 3093 2520 natura
3123 2480 3153 2518 a
3177 2463 3362 2519 Verbo
3387 2464 3505 2519 solo

1920 2566 2032 2635 jam
2063 2564 2365 2633 completa;
2411 2569 2505 2614 aut
2527 2561 2860 2631 adjungetur
2903 2568 2961 2612 et
2991 2558 3106 2627 ipsa
3137 2571 3288 2621 caro,
3317 2565 3372 2610 et
3398 2572 3505 2609 non

1926 2653 2747 2728 eritvobisjuxtaintentionem
2788 2650 2970 2704 adhuc
2995 2649 3143 2718 quod
3165 2658 3248 2703 est
3281 2649 3507 2703 conclu-

1925 2761 2066 2801 sum.
2088 2745 2222 2799 Nam
2243 2759 2404 2798 omne
2416 2743 2561 2813 quod
2582 2758 2679 2811 per
2694 2742 2917 2811 proprie
2933 2740 3243 2794 naturalem
3275 2739 3509 2807 integri-

1931 2843 2096 2890 tatem
2120 2835 2177 2888 in
2229 2835 2416 2903 aliquo
2455 2834 2770 2903 inspicitur,
2813 2832 3172 2888 excellentem
3220 2831 3511 2900 quamdam

1928 2922 2836 2994 quantitateminducet,siquidem
2861 2923 3041 2992 reipsa
3081 2922 3210 2976 huic
3240 2922 3356 2976 enti
3376 2921 3515 2974 adu-

1928 3025 2117 3069 natum
2139 3023 2244 3080 est,
2273 3030 2377 3072 nec
2396 3015 2571 3068 solum
2594 3013 2899 3068 secundum
2918 3013 3218 3068 creationis
3247 3013 3513 3067 rationem

1929 3107 2213 3174 equaliter
2228 3106 2661 3160 exsistensextra
2681 3105 2816 3159 illud
2837 3105 3456 3175 excogitabiturJtaque
3471 3105 3516 3158 si

1938 3199 2204 3270 praedicta
2245 3198 2586 3256 absurditate
2623 3198 2896 3263 laborant,
2935 3197 3153 3252 unicam
3191 3196 3396 3251 Christi
3432 3197 3517 3250 di-

1937 3306 2064 3346 cere
2119 3298 2376 3344 naturam
2413 3289 2588 3353 nefas,
2616 3289 2731 3343 sive
2777 3296 2987 3358 partem
3020 3289 3136 3342 sive
3170 3296 3342 3342 totum
3381 3288 3517 3342 Ver-

1938 3382 2070 3436 bum
2107 3392 2201 3437 aut
2251 3395 2472 3436 carnem
2517 3381 2573 3434 in
2605 3381 2706 3437 hac
2749 3390 2950 3435 natura
2994 3380 3378 3445 consideretis.
3422 3380 3517 3435 Vel

1940 3489 2072 3543 ergo
2108 3474 2215 3528 alia
2247 3472 2496 3542 quaedam
2537 3479 2624 3526 est
2664 3471 2815 3526 dicta
2854 3486 2885 3525 a
2915 3471 3074 3526 vobis
3106 3470 3270 3526 unica
3302 3479 3517 3532 natura,

1939 3578 2111 3634 prope
2151 3563 2390 3618 Verbum
2415 3577 2641 3633 prorsus
2674 3571 2730 3617 et
2755 3577 2928 3632 prope
2952 3577 3198 3625 carnem,
3237 3577 3341 3616 nec
3378 3562 3523 3616 Deus

1941 3674 2045 3714 nec
2069 3659 2235 3714 homo
2264 3665 2370 3722 est,
2402 3657 2486 3713 vel
2515 3671 2627 3712 non
2654 3671 2765 3712 uua
2793 3671 2922 3711 sane
2953 3654 3049 3710 sed
3086 3655 3197 3710 duo
3223 3663 3370 3710 sunt.

2013 3763 2105 3817 ΞΟ.
2141 3763 2338 3819 Adhuc
2361 3762 2662 3832 loquimur.
2696 3760 2827 3826 Qua!
2875 3776 2984 3814 una
3015 3759 3376 3824 conveniunt,
3411 3759 3524 3814 haec

1947 3857 2187 3913 Verbum
2212 3865 2269 3910 et
2311 3870 2461 3920 caro,
2486 3870 2514 3908 a
2556 3855 2762 3924 quibus
2793 3853 2990 3908 factam
3013 3869 3044 3909 e
3070 3853 3286 3908 duobus
3321 3853 3530 3908 aduna-

1945 3948 2152 4002 tionem
2194 3946 2400 4002 Christi
2451 3947 2658 4012 dicitis,
2709 3955 2805 4000 aut
2850 3946 3000 4001 aliud
3050 3946 3351 4016 quidquam
3383 3947 3529 4000 ista?

1945 4038 2050 4093 Sed
2087 4039 2280 4094 eadem
2299 4053 2420 4094 esse
2450 4040 2673 4108 penitus
2702 4038 2929 4102 dicetis;
2968 4038 3232 4092 remansit
3265 4050 3449 4092 autem
3474 4050 3529 4093 et

1944 4130 2188 4187 Verbum
2234 4130 2472 4185 Verbum
2506 4138 2562 4183 et
2612 4145 2743 4183 caro
2783 4145 2913 4185 caro
2954 4138 3078 4198 post
3107 4129 3523 4192 adunationem,

1945 4221 2195 4294 quamvis
2215 4222 2370 4276 unita
2394 4216 2574 4277 Verbo
2601 4229 2656 4274 et
2673 4220 2893 4291 propria
2918 4220 3083 4289 hujus
3105 4220 3199 4288 qui
3232 4220 3380 4276 illam
3409 4235 3527 4274 esse

1945 4328 2102 4368 suam
2145 4313 2301 4378 fecit;
2347 4311 2624 4382 quomodo
2663 4327 2794 4382 ergo
2830 4329 2939 4365 non
2977 4311 3089 4366 duo
3117 4321 3174 4366 et
3213 4328 3360 4366 nunc
3389 4313 3526 4367 sicut

1948 4405 2188 4462 Verbum
2211 4414 2266 4459 et
2286 4419 2436 4470 caro,
2477 4411 2532 4457 et
2565 4396 2710 4458 sicut
2748 4403 3034 4473 proprium
3057 4411 3112 4457 et
3139 4417 3301 4458 suum
3325 4402 3531 4457 faciens

1866 4495 1920 4554 D
1945 4494 2226 4565 pr0prium
2255 4494 2449 4548 erunt?

2019 4586 2108 4638 2|.
2165 4583 2404 4654 Cyrillus
2453 4582 2616 4639 Pater
2660 4582 2798 4638 dicit
2854 4583 2910 4637 in
2968 4583 3305 4638 scholiorum
3357 4585 3532 4653 primo

1948 4677 2096 4746 quod
2131 4676 2337 4731 Christi
2364 4690 2565 4730 nomen
2589 4691 2693 4730 nec
2710 4674 3053 4729 deﬁnitionis
3075 4677 3183 4728 vim
3201 4675 3394 4738 habet,
3433 4692 3533 4728 nec

1948 4767 2236 4838 cujusdam
2273 4765 2593 4829 essentiam,
2639 4763 2935 4836 cujuslibet
2959 4765 3052 4826 sit,
3087 4763 3409 4834 designandi
3458 4765 3535 4816 lo-

1948 4874 2075 4912 cum
2095 4857 2281 4923 habet,
2305 4858 2448 4912 sicut
2482 4866 2539 4912 et
2569 4857 2736 4910 homo
2766 4865 2860 4909 aut
2899 4869 3098 4924 equus,
3137 4865 3233 4908 aut
3260 4855 3381 4920 bos,
3425 4855 3536 4910 imo

1948 4965 2082 5004 vero
2107 4948 2312 5019 negotii
2341 4947 2525 5002 etl‘ecti
2551 4947 2700 5002 circa
2721 4947 2963 5016 aliquem
3001 4943 3535 5001 demoustratiOuent

1949 5040 2176 5109 praebet.
2205 5039 2261 5092 Si
2287 5053 2418 5108 ergo
2442 5053 2545 5094 nec
2571 5036 2848 5091 deﬁniens
2864 5051 2967 5090 nec
2993 5034 3312 5105 signiﬁcans
3341 5051 3534 5089 essen-

1951 5129 2040 5184 tia:
2066 5144 2264 5183 nomen
2289 5128 2342 5182 id
2365 5124 2468 5191 est,
2487 5128 2661 5196 liquet
2682 5125 2827 5196 quod
2860 5125 3086 5196 physice
3109 5126 3188 5178 sic
3221 5126 3417 5193 quovis
3437 5142 3538 5178 no-

1950 5223 2096 5276 mine
2117 5221 2361 5276 vocanda
2385 5236 2488 5274 una
2509 5221 2664 5290 juxta
2689 5234 2786 5272 vos
2799 5217 3006 5272 Christi
3034 5226 3227 5271 natura
3254 5233 3266 5268 :
3295 5217 3390 5270 sed
3427 5233 3529 5270 nec

1951 5315 2120 5369 Deum
2158 5312 2401 5375 vocabis,
2452 5325 2580 5380 pars
2608 5311 2757 5364 enim
2799 5318 3008 5363 naturae
3063 5309 3226 5378 hujus
3271 5318 3386 5373 est;
3449 5309 3538 5363 hic

1951 5419 2102 5468 vero,
2135 5419 2237 5457 nec
2263 5402 2564 5464 hominem,
2593 5401 2661 5455 de
2678 5415 2787 5469 quo
2814 5398 3021 5467 pariter
3041 5397 3386 5468 urguendum
3417 5407 3535 5461 est;

1949 5493 2083 5564 quid
2112 5508 2247 5564 ergo
2282 5492 2617 5562 integritatis
2645 5503 2846 5544 nomen
2883 5489 2974 5553 sit,
3004 5488 3171 5542 dicite
3188 5505 3210 5553 ·;
3250 5489 3394 5542 sicut
3432 5489 3536 5541 hu-

1951 5589 2270 5642 manitatem
2317 5586 2485 5640 alium
2534 5585 2664 5654 quid
2719 5593 2917 5652 praeter
2957 5582 3194 5636 animam
3235 5590 3290 5634 et
3338 5599 3541 5650 corpus

1949 5681 2315 5744 allirtnamus;
2353 5696 2478 5733 nam
2506 5694 2607 5732 vox
2655 5675 2912 5731 Christus
2957 5675 3536 5741 unctionem,inquit,

1950 5773 2201 5844 designat
2230 5772 2376 5826 circa
2408 5771 2698 5840 quctn'lmn
2731 5775 2995 5833 unctum;
3045 5769 3172 5836 quia
3209 5783 3308 5820 nec
3346 5767 3538 5819 unctio
