4094 6334
239 368 372 432 1⁸781

1380 373 1674 433 CONTRA
1716 374 2308 434 MONUPHYSlTAS.

3363 367 3376 427 1
3389 368 3492 428 782

229 481 615 545 ὑποστάσεων,
646 479 741 533 τοῦ
772 499 831 533 τε
862 482 1077 553 Πατρὸς
1105 483 1307 536 καὶτοῦ
1330 483 1481 549 Υἰοῦ,
1513 487 1615 538 ἀνὰ
1645 488 1815 554 ἥμισυ

1922 498 2040 536 rum
2092 481 2598 542 subsistentiarum,
2633 489 2684 531 (ιι
2728 480 2909 534 Patris
2948 488 3000 531 et
3028 479 3168 538 Filii,
3200 478 3263 530 de
3313 479 3491 531 media

231 572 413 640 λείψει
440 571 533 625 τοῦ
565 573 704 626 κατὰ
744 573 906 640 φύσιν
929 574 1128 642 Λόγου,
1177 576 1271 628 καὶ
1312 577 1410 629 οὐκ
1447 577 1596 630 ἔσται
1632 577 1815 630 τελεία

233 663 403 726 φύσις
445 664 500 716 έν
531 680 638 716 τινι
675 664 784 717 τῶν
815 664 1119 735 προσώπων
1151 666 1497 739 θεωρουμένη
1528 671 1625 737 τῆς
1658 669 1815 736 ἁγίας

233 754 470 824 Τριάὁος
491 771 506 785 ·
538 751 656 808 εἶτα
684 752 866 808 δὲ’καὶ
914 755 1048 825 τῷδε
1094 757 1452 810 ἐπισκεπτέον
1485 759 1561 827 τῷ
1604 761 1812 826 ἀτόπῳ,

234 848 321 898 ὁτι
350 847 504 899 ἔσται
535 847 734 900 οὑτωσὶ
764 847 977 914 λέγειν’
1017 849 1098 901 ὅτι
1145 849 1192 901 εἰ
1223 851 1360 919 μετὰ
1404 852 1603 921 σαρκὸς
1635 852 1816 905 τελεία

237 936 463 1004 γέγονεν
493 938 527 1006 η
559 936 722 1004 φύσις
762 937 854 989 τοῦ
891 938 1085 1006 Λάγου,
1123 940 1185 992 ἐκ
1232 943 1330 1010 τῆς
1363 941 1690 1010 σαρκώσεως
1722 945 1816 995 τοῦ

239 1025 372 1077 Υίοῦ
399 1027 538 1098 πρὸς
570 1029 660 1080 τὸν
692 1027 887 1080 ἑαυτοῦ
923 1029 1093 1095 Λόγον
1120 1031 1149 1082 ὅ
1186 1047 1245 1082 τε
1280 1030 1409 1093 Υἱὸς
1440 1033 1534 1084 καὶ
1571 1034 1599 1084 ό
1629 1029 1816 1102 Πατῆρ

241 1116 578 1182 προέκοψαν,
616 1118 702 1170 ἵνα
741 1120 835 1170 καὶ
866 1120 1029 1182 αὐτὸς
1065 1120 1274 1174 τελείου
1302 1121 1433 1175 Υίοῦ
1464 1123 1676 1187 ’τέλειος
1700 1126 1811 1178 Πα-

241 1208 344 1276 τὴρ
374 1210 496 1281 εἴη’
547 1212 594 1262 εἰ
645 1210 700 1262 δὲ
738 1208 911 1262 ταῦτα
966 1212 1379 1283 εὐλαϐηθέντες,
1430 1216 1491 1271 τὸ
1530 1216 1647 1269 ὅλον
1674 1212 1835 1268 εἶναι-

241 1300 339 1366 τῆς
363 1302 494 1366 μιᾶς
522 1301 738 1366 φύσεως
764 1301 858 1354 τοῦ
890 1304 1123 1372 Χριστοῦ
1151 1306 1242 1359 τὸν
1276 1308 1334 1358 ἐν
1363 1306 1513 1377 αὐτῷ
1548 1307 1689 1364 θεῖον
1715 1313 1815 1368 Λό-

240 1407 336 1454 γον
372 1392 529 1458 φατὲ,
565 1393 782 1462 πρῶτον
817 1394 917 1462 μὲν
945 1396 976 1464 ἢ
1020 1396 1082 1449 τδ
1114 1399 1237 1450 ὅλον
1268 1400 1537 1454 δεδώκατε
1569 1403 1660 1456 τοῦ
1686 1406 1818 1474 Χρι-

243 1480 368 1531 στοῦ
400 1483 496 1534 καὶ
531 1484 635 1554 πρὸ
668 1485 906 1554 Χριστοῦ
941 1482 1101 1552 εἶναι,
1146 1488 1375 1560 ἐπείπερ
1426 1487 1494 1562 ἦν
1517 1493 1686 1558 Λόγος
1726 1497 1820 1546 καὶ

240 1572 348 1638 πρὸ
380 1573 478 1642 τῆς
500 1574 744 1638 ένὼσεως
776 1577 940 1628 αὑτοῦ
964 1579 1061 1648 τῆς
1093 1579 1231 1648 πρὸς
1263 1582 1461 1651 σάρκα,
1481 1583 1512 1652 ἢ
1536 1583 1625 1636 τὸν
1644 1584 1817 1651 Λόγον

237 1664 300 1714 οὐ
333 1664 522 1730 λέγετε
554 1665 794 1736 ὑπάρξαι
821 1668 928 1737 πρὸ
974 1673 1071 1741 τῆς
1115 1671 1318 1741 σαρκὸς
1360 1674 1594 1743 Χριστοῦ
1620 1693 1632 1705 ·
1667 1675 1817 1728 ἔσται

239 1749 333 1804 οὖν
364 1753 537 1816 οὕτως
563 1771 578 1786 ο
615 1757 830 1826 πρῶτον
855 1760 1057 1812 οἰκεῖον
1085 1760 1148 1813 τὺ
1194 1761 1338 1828 ὅλον,
1393 1763 1816 1835 οἷπερΧριστὸς

1923 580 2077 642 parte
2109 572 2330 644 deﬁciet
2359 588 2387 624 a
2414 571 2591 624 Verbo
2637 572 2942 623 secundum
2992 577 3265 630 naturam,
3299 579 3356 623 et
3387 584 3495 622 non

1921 662 2028 716 erit
2055 661 2298 730 perfecta
2328 673 2521 713 natura
2547 661 2600 712 iu
2625 649 2808 728 aliqua
2844 675 3206 729 personarqu
3245 661 3498 713 eonside-

1924 762 2038 805 rata
2066 761 2267 808 sanetae
2289 752 2604 816 Trinitatis;
2631 751 2828 805 deinde
2849 751 3271 821 etpensaudum
3299 753 3366 804 de
3395 751 3498 803 hoc

1923 843 2187 907 absurdo,
2223 843 2370 910 quod
2413 842 2519 896 erit
2551 843 2629 896 sic
2662 844 2848 896 dicere
2889 860 2901 895 :
2937 843 3064 911 quia
3095 843 3138 896 si
3173 857 3295 894 eum
3332 857 3495 894 carne

1924 930 2165 1001 perfecta
2197 932 2337 985 facta
2363 941 2445 985 est
2476 942 2671 985 natura
2704 932 2892 996 Verbi,
2919 947 2983 985 ex
3015 932 3390 985 incarnatione
3419 931 3499 984 Fi-

1922 1023 1982 1076 lii
2012 1023 2080 1077 ad
2103 1015 2278 1092 ipsius
2305 1024 2543 1078 Verbum
2569 1033 2624 1077 et
2658 1024 2828 1077 Filius
2871 1034 2926 1078 et
2954 1023 3113 1078 Pater
3148 1039 3495 1093 progressum

1924 1114 2194 1178 fecerunt,
2234 1124 2291 1168 ut
2329 1115 2444 1183 ipse
2484 1115 2710 1184 perfecti
2748 1115 2868 1169 Filii
2898 1115 3175 1184 perfectus
3204 1114 3274 1174 sit
3311 1113 3493 1177 Pater,

1924 1209 1971 1263 si
1995 1225 2125 1263 vero
2165 1209 2264 1262 ista
2293 1209 2544 1279 religiose
2591 1211 2918 1279 cogitantes,
2961 1216 3134 1262 totum
3164 1223 3286 1263 esse
3334 1209 3500 1261 unius

1925 1305 2134 1352 natura:
2161 1295 2363 1350 Christi
2414 1296 2659 1350 divinum
2696 1296 2843 1366 quod
2888 1296 2944 1350 in
2981 1296 3098 1364 ipso
3141 1305 3225 1352 est
3259 1295 3496 1349 Verbum

1925 1386 2130 1448 dicitis,
2152 1385 2328 1456 primo
2364 1386 2608 1455 quidem,
2637 1396 2730 1440 aut
2767 1395 2938 1441 totum
2958 1386 3190 1442 dedistis
3211 1384 3414 1441 Christi
3445 1397 3498 1440 et

1923 1485 2049 1530 ante
2069 1476 2352 1530 Christum
2383 1491 2525 1541 esse,
2553 1477 3000 1546 quandoquidem
3035 1488 3156 1532 erat
3179 1478 3418 1532 Verbum
3443 1489 3501 1531 et

1924 1577 2051 1622 ante
2093 1567 2484 1623 adunationem
2534 1568 2710 1637 ipsius
2739 1568 2804 1622 ad
2835 1585 3076 1634 carnem,
3127 1579 3220 1623 aut
3257 1569 3498 1624 Verbum

1925 1675 2034 1713 non
2058 1658 2240 1712 dicitis
2259 1674 2382 1714 esse
2405 1669 2535 1714 ante
2567 1674 2788 1714 carnem
2803 1659 3006 1715 Christi
3039 1680 3051 1713 :
3078 1662 3184 1715 erit
3219 1678 3348 1732 ergo
3386 1661 3496 1715 sic:

1925 1752 2163 1821 primum
2199 1759 2373 1804 totum
2407 1752 2714 1822 proprium,
2757 1751 3028 1821 siquidem
3064 1751 3320 1808 Christus
3344 1753 3500 1822 cujus

238 1835 299 1894 οὗ
333 1845 450 1896 ἐστι
481 1845 542 1898 τὸ
581 1846 703 1900 ὅλον
740 1850 769 1900 ό
795 1849 937 1914 θεῖος
975 1850 1168 1919 Λόγος,
1199 1853 1228 1904 ό
1273 1854 1379 1924 πρὸ
1409 1855 1618 1909 αίώνων
1653 1858 1819 1927 πρού-

1922 1850 2005 1895 est
2025 1856 2186 1896 omne
2212 1842 2459 1896 divinum
2481 1842 2744 1906 Verbum,
2766 1842 2862 1911 qui
2877 1851 2960 1896 est
2979 1851 3106 1897 ante
3153 1843 3353 1897 saecula
3372 1852 3499 1896 ante

243 1936 425 2004 πῆρχε
458 1937 558 2005 τῆς
594 1939 796 2007 σαρκὸς
853 1942 1044 1995 ἑαυτοῦ
1077 1944 1111 2012 ἦ
1159 1945 1276 2000 ἐστι
1324 1947 1491 2016 μέρος
1536 1949 1774 2020 Χριστοῦ
1801 1968 1813 1982 ·

239 2021 362 2079 εἶτα
390 2028 447 2080 δι
474 2029 638 2082 πάλιν
663 2047 677 2060 ο
713 2032 829 2095 πῶς
852 2033 960 2098 ἕξει
1006 2035 1101 2088 καὶ
1136 2037 1303 2107 μέρος
1327 2039 1526 2108 εαυτῆς
1556 2042 1706 2095 τόνδε
1727 2043 1820 2095 τὸν

241 2115 419 2182 Λόγον
452 2118 485 2186 ἡ
509 2117 613 2187 -μία
642 2117 826 2186 φύσις,
859 2122 919 2175 ὃν
967 2121 1079 2192 ἔχει
1118 2124 1216 2195 ήδη
1239 2125 1316 2189 ὡς
1363 2128 1505 2194 ὅλον,
1545 2130 1643 2184 οὐκ
1673 2130 1818 2186 ἐστιν

241 2205 372 2260 ἰδεῖν
395 2224 409 2236 ·
443 2209 507 2261 ού
540 2209 647 2280 γὰρ
678 2211 741 2262 τὸ
769 2212 900 2265 αὐτὸ
933 2213 1028 2266 τοῦ
1071 2215 1236 2268 αὐτοῦ
1272 2217 1436 2288 μέρος
1477 2237 1532 2272 τε
1575 2221 1668 2274 καὶ
1698 2222 1818 2275 ὅλον

236 2297 395 2350 ἔσται
423 2299 665 2355 πώποτε.
716 2303 838 2356 Ἔτι
873 2305 1055 2373 μέντοι
1080 2309 1174 2360 καὶ
1217 2309 1244 2379 ἡ
1282 2308 1420 2380 σὰρξ
1446 2313 1586 2366 κατὰ
1613 2315 1819 2384 ταύτην

237 2389 400 2458 ὑμῶν
439 2391 540 2462 τὴν
571 2393 867 2464 ἀπόκρισιν
911 2396 1308 2469 ἐκϐληθήσεται
1347 2403 1526 2472 πάντη
1557 2405 1817 2475 Χριστοῦ,

235 2480 337 2548 τῆς
377 2483 505 2547 μιᾶς
537 2482 736 2554 ταύτης
768 2485 920 2554 ὑμῶν
951 2487 1164 2556 φύσεως
1193 2491 1296 2545 ὑπὸ
1323 2491 1416 2545 τοῦ
1451 2495 1624 2563 Λόγου
1655 2499 1817 2567 μόνου

238 2573 738 2646 συμπληρουμένης
765 2577 864 2646 ήδη
887 2593 900 2606 ·
931 2578 962 2646 ἢ
994 2580 1368 2651 προσθήσεται
1401 2571 1491 2637 καὶ
1535 2587 1693 2657 αὕτη,
1727 2590 1820 2642 καὶ

236 2664 338 2715 οὐκ
369 2664 520 2718 ἔσται
567 2667 695 2735 ὑμῖν
730 2669 871 2721 κατὰ
914 2672 1126 2726 σκοπδν,
1163 2674 1242 2730 ἔτι
1296 2676 1354 2728 τὸ
1415 2680 1777 2749 συναγόμενον
1803 2699 1816 2712 ·

219 2757 349 2807 ’πᾶν
384 2757 494 2827 γὰρ
528 2757 589 2809 τδ
617 2760 756 2828 μετὰ
785 2761 882 2831 τὴν
919 2764 1126 2818 οἰκείαν
1171 2767 1409 2839 φυσικὴν
1459 2770 1687 2842 όλότητα
1713 2776 1819 2828 τινὶ

236 2847 733 2917 ὲπιθεωρούμενον,
767 2854 1021 2924 περισσόν
1051 2872 1101 2908 τι
1139 2859 1302 2911 ποσὸν
1330 2861 1629 2928 ἐπεισάξει,
1660 2864 1818 2936 εἴπερ

235 2939 612 3011 όντωςυτούτῳ
638 2943 920 3012 ἡνωμένον
949 2947 1087 3010 ἐστὶ,
1130 2951 1222 3002 καὶ
1262 2951 1320 3004 ού
1362 2953 1519 3022 μόνον
1562 2956 1699 3009 κατὰ
1735 2957 1820 3010 λό-

239 3046 335 3093 γον
368 3030 594 3094 κτίσεως
631 3033 763 3096 ἴσως
793 3035 1038 3115 ὑπάρχον
1081 3038 1229 3109 αὐτῷ
1274 3041 1474 3107 ἔξωθεν
1525 3047 1818 3118 ἐπινοηθῆ-

239 3138 418 3208 σεται.
457 3123 666 3177 οὐκοῦν
700 3128 748 3178 εί
781 3110 957 3181 ἄτοπα
983 3129 1109 3183 τάδε
1141 3131 1311 3198 ἐστὶν,
1351 3134 1410 3186 οὐ
1436 3135 1660 3190 δυνατὸν
1690 3141 1817 3208 μίαν
1843 3175 1887 3235 C

239 3215 524 3235 ηψπ-ι,
574 3217 673 3235 νη
765 3217 813 3235 γ-
902 3219 913 3234 .
1069 3221 1083 3235 .
1219 3223 1229 3235 .
1377 3225 1397 3235 -
1447 3226 1460 3235 .
1544 3228 1583 3235 --
1694 3230 1708 3235 -

236 3201 418 3265 εἰπεῖν
449 3215 545 3285 τὴν
573 3217 814 3285 Χριστοῦ
846 3219 1026 3288 φύσιν,
1054 3221 1128 3284 ὡς
1164 3223 1330 3293 μέρος
1371 3225 1402 3294 ἢ
1430 3226 1505 3290 ὡς
1541 3228 1658 3282 ὅλον
1688 3201 1822 3288 θεω-

237 3304 473 3373 ροῦντας
503 3309 592 3360 τὸν
626 3310 802 3377 Λόγον
828 3312 860 3381 ἢ
887 3312 984 3382 τὴν
1010 3314 1188 3383 σάρκα
1212 3315 1270 3366 ὲν
1301 3316 1460 3388 αὐτῇ·
1487 3318 1518 3389 ἢ
1545 3319 1638 3373 οῦν
1663 3323 1822 3392 ἑτέρα

237 3394 323 3455 τίς
357 3398 504 3448 ἐστιν
536 3398 570 3464 η
600 3398 867 3470 λεγομένη
905 3401 1032 3470 ὑμῖν
1071 3402 1168 3470 μία
1197 3403 1378 3473 φύσις,
1420 3408 1572 3477 παρὰ
1602 3410 1692 3462 τὸν
1721 3412 1824 3465 Λό-

237 3499 339 3549 γον
587 3489 683 3540 καὶ
713 3491 814 3558 τὴν
863 3485 1062 3562 σάρκα,
1099 3494 1195 3557 καὶ
1239 3495 1362 3549 οὔτε
1408 3497 1543 3563 Θεὸς
1579 3500 1699 3555 οὐδὲ
1731 3502 1825 3555 dv-

243 3578 466 3648 Θρωπός
496 3581 669 3647 ἐστιν,
716 3581 750 3651 ἢ
801 3583 861 3634 ού
911 3584 1008 3653 μία
1057 3586 1277 3651 πάντως
1330 3588 1467 3644 ἀλλὰ
1511 3590 1602 3646 δύο
1652 3593 1824 3663 ὑπάρ·

238 3687 452 3742 χουσιν.

315 3768 383 3813 κ’.
419 3761 535 3814 Ἔτι
568 3763 775 3830 φαμέν*
804 3765 886 3819 Τὰ
927 3766 1273 3836 συνελθόντα,
1315 3774 1343 3825 ὁ
1373 3773 1544 3843 Λόγος
1574 3777 1690 3832 ἐστὶ
1734 3785 1825 3835 καὶ

242 3853 275 3918 ἡ
303 3850 590 3918 σὰρξκὺτπ
628 3844 706 3905 ὧν
753 3855 1055 3925 γενομένην
1084 3856 1180 3928 τὴν
1230 3858 1295 3911 ὲκ
1326 3860 1420 3915 δύο
1471 3864 1663 3920 ῑνωσιν
1689 3871 1826 3941 Χρι-

242 3941 371 3992 στοῦ
409 3943 630 4016 φατε,ῆ
688 3944 878 4014 ἕτερόν
920 3963 972 3998 τι
1004 3949 1162 4018 παρὰ
1209 3949 1379 4019 τάδε;
1451 3956 1609 4011 ’Λλλά
1647 3961 1824 4016 ταῦτα

240 4027 384 4086 εἶναι
417 4034 632 4122 πᾴντως
653 4036 850 4105 ιρεῐτε·
874 4037 1152 4109 μεμένηκε
1179 4041 1237 4093 δὲ
1259 4043 1354 4096 καὶ
1391 4046 1562 4116 Λόγος
1589 4052 1819 4122 όΛόγος,

242 4127 336 4219 ac!"
368 4117 513 4219 sape
551 4129 584 4196 ἡ
621 4127 757 4198 σὰρξ
801 4129 939 4197 μετά
963 4131 1064 4201 τὴν
1112 4131 1329 4201 ἕνωσιν,
1365 4140 1412 4191 εί
1439 4142 1532 4194 καὶ⁵
1569 4117 1821 4219 ἡνωμένη

241 4215 320 4280 τῷ
351 4217 531 4284 Λόγῳ,
555 4221 646 4269 καὶ
670 4219 775 4288 ἰδίᾳ
793 4219 884 4272 τοῦ
917 4221 1342 4294 ίδιοποιουμένου
1371 4230 1570 4303 αύτήν·
1595 4215 1711 4300 πῶς
1731 4215 1824 4293 οὖν

238 4305 302 4355 οὐ
335 4305 429 4357 δύο
455 4307 547 4359 καὶ
581 4309 696 4373 νῦν,
739 4309 812 4372 ὠς
840 4310 1012 4378 Λόγος
1039 4313 1132 4366 καὶ
1151 4314 1309 4384 σὰρξ,
1345 4321 1439 4372 καὶ
1461 4321 1537 4387 ὡς
1573 4325 1703 4382 ίδιον
1728 4331 1821 4385 καὶ

239 4395 696 4468 ἰδιοποιούμενον,
738 4399 948 4456 ἔσονται
968 4419 982 4469 ;

315 4578 419 4630 ια’.
451 4578 723 4649 Κύριλλος
755 4582 782 4633 ό
813 4582 1003 4655 Πατήρ
1037 4603 1201 4655 φησιν
1257 4591 1315 4641 ὲν
1347 4590 1425 4658 τῷ
1463 4594 1666 4666 πρώτῳ
1716 4598 1824 4652 τῶν

241 4669 506 4759 Σχολίων,
540 4670 623 4723 ὅτι
655 4671 716 4723 τὸ
745 4672 983 4742 Χριστὸς
1015 4675 1188 4746 θνομα
1226 4677 1350 4732 οὗτε
1408 4682 1536 4753 ὅρου
1589 4686 1823 4759 δύναμιν

237 4761 374 4827 ἔχει,
410 4758 533 4813 οὔτε
563 4762 662 4831 μέν
683 4778 829 4826 τινος
855 4765 1068 4833 οὐσίαν,
1104 4768 1132 4821 ὃ
1161 4769 1217 4822 τί
1271 4773 1404 4825 ποτέ
1435 4776 1577 4840 ἐστι,
1617 4758 1824 4848 σημαί-

236 4867 370 4910 νειν,
425 4850 678 4922 καθάπερ
713 4853 810 4906 καὶ
856 4853 916 4907 τὸ
955 4854 1248 4924 ἄνθρωπος
1299 4862 1330 4932 ἢ
1386 4863 1612 4938 τπποςῆ
1671 4867 1818 4937 βοῦς,

238 4942 569 5010 πράγματος
638 4943 696 4996 δι
773 4944 973 5014 μᾶλλον
1045 4950 1438 5022 ἐνεργουμένου
1509 4959 1634 5027 περί
1700 4977 1820 5014 τινα

242 5036 476 5084 ποιεῖται
532 5032 788 5103 δήλωσιν.
847 5037 909 5090 El
970 5034 1065 5093 οὖν
1129 5041 1253 5095 οὔτε
1322 5047 1630 5115 ὁριστικὸν,
1695 5051 1819 5106 οὔτε

237 5126 596 5196 σημαντικὸν,
657 5127 848 5191 οὐσίας
905 5129 1064 5184 τοῦτό
1113 5135 1227 5186 ἐστι
1286 5135 1346 5188 τὸ
1400 5137 1602 5209 ὄνομα,
1661 5142 1820 5212 δῆλον

231 5217 315 5268 ὅτι
352 5215 599 5279 φυσικῶς
625 5231 655 5281 ;-
677 5215 903 5272 οὔτωιδὲ
939 5227 1404 5294 προσαγορευτέον
1443 5230 1549 5282 τινὶ
1583 5230 1680 5301 τὴν
1698 5234 1819 5286 καθ’

233 5308 385 5376 ὑμᾶς
438 5307 569 5375 μίαν
620 5309 854 5380 Χριστοῦ
879 5312 1072 5381 φύσιν·
1119 5315 1235 5367 ἀλλ’
1268 5318 1388 5371 οὐδὲ
1441 5321 1595 5387 Θεὸν,
1650 5325 1818 5396 μέρος

230 5400 341 5470 γάρ
370 5400 545 5469 αὐτῆς
568 5403 638 5454 ’ό
673 5402 752 5468 δὲ,
778 5403 902 5456 οὔτε
957 5405 1247 5477 ἄνθρωπον
1268 5425 1280 5438 ο
1341 5412 1438 5465 καὶ
1487 5414 1646 5468 τοῦτο
1704 5419 1814 5488 γὰρ

227 5493 436 5562 ὁμοίως
450 5494 590 5563 ἔχει·
623 5497 672 5548 τί
702 5492 802 5550 οῦν
834 5497 935 5568 τῆς
958 5499 1211 5571 ὁλότητος
1245 5503 1418 5573 αὐτῆς
1443 5504 1615 5576 ὄνομα
1672 5509 1811 5570 ἐστι,

230 5585 460 5639 εἴπατε·
498 5585 682 5659 ὥσπερ
717 5589 819 5659 τῆς
851 5589 1203 5660 ἀνθρωπείας
1241 5594 1428 5665 ἕτερόν
1449 5613 1500 5649 τι
1525 5599 1678 5669 παρὰ
1708 5598 1812 5666 duu-

231 5683 329 5751 χὴν
361 5680 454 5732 καὶ
481 5679 634 5751 σῶμα
655 5683 1087 5752 καταφάσκομεν
1108 5700 1121 5714 ο
1147 5685 1207 5738 τὸ
1226 5686 1334 5757 γάρ
1352 5689 1588 5760 Χριστὸς
1609 5692 1811 5766 κρίσιν,

229 5772 387 5842 prrit,
446 5776 695 5845 σημαίνει
759 5775 889 5848 περί
938 5793 1063 5831 τινα
1105 5779 1416 5851 χριόμενον·
1467 5783 1546 5838 ότι
1582 5783 1638 5837 δὲ
1689 5781 1811 5836 οὔτε

1923 1947 2146 1987 carnem
2176 1932 2352 2002 ipsius
2379 1947 2501 2001 quae
2522 1931 2727 1987 Christi
2754 1948 2881 2006 pars
2915 1941 3001 1986 est
3020 1933 3262 1998 exstitit;
3298 1933 3495 1987 deinde

1921 2016 2120 2075 iterum
2154 2036 2165 2070 :
2203 2007 2482 2086 quomodo
2514 2011 2814 2074 habebitet
2845 2020 3019 2090 ipsius
3051 2030 3264 2076 naturae
3287 2030 3494 2091 partem

1922 2115 2026 2172 hoc
2049 2118 2288 2178 Verbum
2312 2127 2508 2173 natura
2528 2119 2875 2189 unica,un
2900 2119 3066 2174 habet
3078 2121 3190 2192 jam
3219 2128 3277 2174 ut
3301 2128 3495 2187 totum,

1921 2224 2032 2262 non
2081 2217 2164 2266 est
2198 2210 2413 2276 videre;
2461 2225 2571 2266 non
2609 2211 2756 2264 enim
2788 2211 2932 2266 idem
2981 2211 3230 2282 ejusdem
3263 2213 3341 2267 rei
3371 2229 3498 2282 pars

1919 2308 1976 2354 et
2015 2307 2189 2354 totum
2217 2301 2327 2355 erit
2356 2300 2828 2370 unquam.Adhuc
2853 2301 3064 2356 scilicet
3101 2310 3157 2356 et
3195 2317 3324 2356 caro
3345 2303 3496 2372 juxta

1921 2391 2080 2446 hane'
2098 2393 2269 2461 ipsam
2301 2392 2468 2446 vestri
2493 2391 2910 2461 responsionem
2933 2391 3261 2462 projieietur
3278 2394 3498 2462 penitus

1921 2499 1950 2537 a
1982 2482 2224 2547 Christo,
2259 2483 2364 2538 hac
2395 2483 2556 2537 unica
2584 2483 2740 2554 juxta
2773 2499 2873 2537 vos
2891 2493 3088 2538 natura
3117 2500 3146 2538 a
3171 2485 3356 2539 Verbo
3381 2487 3499 2540 solo

1914 2576 2026 2646 jam
2057 2576 2359 2645 completa;
2404 2584 2498 2628 aut
2520 2576 2854 2646 adjungetur
2897 2585 2954 2630 et
2985 2577 3099 2646 ipsa
3130 2591 3282 2642 caro,
3310 2586 3364 2632 et
3390 2594 3498 2630 non

1919 2667 2740 2741 eritvobisjuxtaintentionem
2780 2667 2962 2722 adhuc
2988 2668 3135 2737 quod
3157 2679 3240 2723 est
3274 2671 3500 2724 conclu-

1917 2771 2059 2810 sum.
2079 2756 2214 2812 Nam
2236 2772 2396 2811 omne
2408 2758 2553 2826 quod
2574 2773 2671 2827 per
2687 2759 2910 2827 proprie
2926 2760 3235 2814 naturalem
3267 2760 3502 2830 integri-

1923 2854 2087 2900 tatem
2111 2847 2167 2900 in
2220 2848 2407 2916 aliquo
2447 2849 2761 2918 inspicitur,
2804 2850 3163 2906 excellentem
3211 2853 3502 2920 quamdam

1919 2934 2535 3003 quantitateminducet,
2550 2938 2826 3008 siquidem
2851 2941 3031 3009 reipsa
3071 2942 3200 2996 huic
3231 2943 3346 2997 οηιί
3367 2943 3506 2997 adu-

1919 3036 2107 3080 natum
2129 3035 2233 3092 est,
2264 3043 2366 3086 nec
2386 3030 2560 3083 solum
2583 3030 2888 3085 secundum
2908 3033 3207 3087 creationis
3237 3035 3503 3089 rationem

1919 3118 2202 3185 aequaliter
2217 3119 2650 3174 exsistensextra
2670 3121 2804 3176 illud
2826 3124 3445 3195 excogitabiturJtaque
3459 3127 3505 3181 si

1927 3210 2192 3280 praedicta
2234 3211 2574 3270 absurditate
2611 3214 2884 3280 laborant,
2923 3216 3141 3272 unicam
3179 3216 3384 3272 Christi
3420 3220 3505 3272 di-

1926 3316 2051 3356 cere
2107 3310 2363 3356 naturam
2400 3303 2576 3368 nefas,
2604 3305 2718 3359 sive
2764 3314 2974 3374 partem
3008 3308 3124 3361 sive
3157 3315 3330 3362 totum
3369 3310 3505 3364 Ver-

1925 3392 2056 3446 bum
2093 3403 2188 3449 aut
2237 3409 2458 3449 carnem
2503 3396 2559 3448 in
2591 3396 2693 3453 hac
2735 3408 2936 3453 natura
2981 3399 3365 3455 eonsideretis.
3409 3402 3503 3457 Vel

1927 3499 2057 3554 ergo
2094 3485 2202 3539 alia
2233 3486 2483 3554 quaedam
2523 3495 2611 3541 est
2649 3487 2800 3542 dicta
2839 3503 2871 3543 a
2901 3491 3059 3544 vobis
3092 3490 3256 3546 unica
3288 3501 3503 3555 natura,

1925 3587 2096 3651 prope
2138 3576 2375 3630 Verbum
2401 3592 2626 3646 prorsus
2659 3587 2716 3632 et
2740 3593 2912 3649 prope
2936 3596 3182 3644 carnem,
3221 3597 3325 3636 nec
3363 3583 3508 3654 Deus

1926 3685 2030 3724 nec
2053 3669 2220 3726 homo
2249 3678 2354 3735 est,
2387 3672 2472 3726 vel
2499 3686 2612 3726 non
2639 3687 2748 3728 una
2777 3688 2906 3728 sane
2937 3674 3033 3728 sed
3070 3674 3181 3730 duo
3207 3683 3354 3732 sunt.

1997 3774 2088 3828 20.
2125 3774 2321 3831 Adhuc
2344 3776 2645 3846 loquimur.
2680 3777 2810 3842 Quae
2858 3794 2967 3833 una
2998 3780 3358 3845 conveniunt,
3395 3781 3509 3836 haec

1931 3867 2170 3922 Verbum
2195 3877 2252 3922 et
2293 3883 2443 3934 caro,
2469 3884 2498 3923 a
2539 3870 2744 3940 quibus
2775 3869 2973 3925 factam
2995 3888 3026 3928 e
3053 3872 3269 3927 duobus
3303 3875 3513 3930 aduna-

1927 3958 2134 4013 tionem
2176 3958 2381 4015 Christi
2433 3961 2639 4028 dicitis,
2691 3971 2786 4016 aut
2832 3963 2982 4018 aliud
3032 3965 3333 4036 quidquam
3365 3969 3512 4022 ista?

1926 4047 2032 4103 Sed
2068 4051 2261 4105 eadem
2281 4067 2401 4107 esse
2431 4055 2654 4122 penitus
2684 4054 2910 4120 dicetis;
2949 4058 3214 4111 remansit
3246 4071 3429 4114 autem
3455 4073 3510 4116 et

1925 4140 2168 4196 Verbum
2215 4142 2453 4198 Verbum
2486 4153 2542 4198 et
2593 4161 2723 4199 caro
2763 4161 2893 4202 caro
2934 4157 3058 4216 post
3087 4149 3504 4215 adunationem,

1925 4233 2175 4304 quamvis
2195 4235 2350 4288 unita
2374 4230 2554 4290 Verbo
2581 4237 2872 4306 etpropria
2897 4238 3063 4308 hujus
3084 4241 3179 4307 qui
3211 4241 3360 4296 illam
3389 4257 3507 4297 esse

1925 4337 2080 4378 suam
2123 4325 2280 4390 fecit;
2326 4326 2603 4396 quomodo
2642 4343 2773 4398 ergo
2808 4345 2918 4382 non
2956 4330 3068 4385 duo
3096 4340 3153 4385 et
3191 4349 3338 4388 nunc
3367 4336 3506 4390 sicut

1926 4415 2166 4473 Verbum
2189 4426 2244 4471 et
2264 4432 2414 4482 caro,
2455 4426 2511 4472 et
2543 4411 2689 4473 sicut
2726 4420 3012 4489 proprium
3035 4430 3090 4476 et
3117 4437 3280 4478 suum
3304 4424 3510 4480 faciens

1844 4504 1898 4564 D
1923 4506 2204 4576 proprium
2233 4508 2427 4560 erunt?

1996 4597 2085 4649 2|.
2141 4595 2380 4666 Cyrillus
2431 4596 2594 4653 Pater
2637 4597 2774 4654 dicit
2830 4600 2887 4654 in
2945 4602 3281 4657 scholiorum
3334 4607 3509 4674 prium

1925 4687 2073 4756 quod
2107 4687 2314 4743 Christi
2341 4704 2541 4744 nomen
2565 4706 2668 4746 nec
2686 4691 3028 4747 deﬁnitionis
3052 4696 3159 4747 vim
3177 4696 3369 4760 habet,
3409 4715 3509 4752 nec

1924 4777 2210 4848 cujusdam
2249 4779 2568 4844 essentiam,
2615 4781 2910 4851 cujuslibet
2935 4783 3027 4846 sit,
3063 4783 3384 4855 designandi
3433 4788 3510 4839 lo-

1923 4883 2049 4922 cum
2069 4868 2256 4935 habet,
2279 4871 2423 4925 sicut
2457 4880 2514 4926 et
2544 4871 2710 4926 homo
2740 4881 2835 4926 aut
2873 4887 3073 4943 equus,
3111 4885 3207 4928 aut
3235 4876 3355 4942 bos,
3399 4877 3510 4933 imo

1923 4974 2056 5014 vero
2081 4961 2287 5030 negotii
2316 4960 2500 5016 eﬂ'ecti
2525 4962 2674 5017 circa
2695 4963 2937 5033 aliquem
2974 4965 3508 5024 demonstratiOnem

1923 5050 2149 5119 praebet.
2178 5050 2234 5104 Si
2260 5065 2392 5121 ergo
2415 5067 2518 5108 nec
2545 5051 2821 5107 deﬁniens
2836 5068 2940 5107 nec
2965 5054 3285 5124 signiﬁcans
3314 5072 3506 5110 essen-

1923 5140 2012 5194 tia:
2038 5155 2236 5195 nomen
2261 5140 2315 5194 id
2337 5137 2441 5205 e'st,
2460 5142 2633 5210 liquet
2655 5142 2799 5211 quod
2832 5143 3058 5214 physice
3081 5145 3161 5198 sic
3192 5147 3388 5214 quovis
3409 5164 3509 5200 no-

1923 5234 2067 5287 mine
2089 5233 2333 5287 vocanda
2357 5250 2460 5287 una
2482 5234 2636 5304 juxta
2660 5249 2757 5288 vos
2771 5234 2978 5290 Christi
3005 5246 3198 5290 natura
3225 5254 3237 5289 :
3266 5238 3360 5290 sed
3398 5255 3501 5292 nec

1923 5326 2091 5378 Deum
2129 5325 2372 5389 vocabis,
2423 5339 2551 5394 pars
2580 5326 2728 5380 enim
2769 5335 2978 5381 natura:
3034 5327 3197 5398 hujus
3241 5338 3356 5394 est;
3419 5331 3507 5385 hic

1922 5429 2072 5478 vero,
2106 5431 2206 5469 nec
2232 5415 2534 5477 hominem,
2564 5415 2631 5470 de
2648 5430 2758 5484 quo
2784 5415 2991 5483 pariter
3011 5417 3354 5486 arguendum
3386 5429 3503 5482 est;

1919 5503 2052 5573 quid
2081 5520 2216 5575 ergo
2252 5506 2586 5575 integritatis
2615 5520 2814 5560 nomen
2853 5507 2944 5570 sit,
2973 5506 3179 5572 dicite;
3219 5509 3362 5562 sicut
3400 5509 3504 5562 hu-

1919 5599 2238 5652 manitatem
2286 5599 2453 5653 alium
2503 5599 2633 5668 quid
2688 5609 2886 5667 praeter
2925 5599 3162 5654 animam
3203 5609 3257 5654 ct
3306 5620 3508 5672 corpus

1918 5691 2283 5757 aﬂirmamus;
2320 5709 2446 5746 nam
2475 5708 2575 5746 vox
2623 5690 2880 5746 Christus
2925 5695 3501 5762 unctionem,inquit,

1917 5783 2169 5854 designat
2197 5785 2343 5839 circa
2375 5785 2666 5854 quemdam
2698 5791 2962 5850 unctum;
3011 5786 3139 5854 quia
3175 5802 3275 5839 nec
3313 5789 3502 5841 unctio
