4094 6334
602 337 736 403 i783

1865 342 2171 401 LEONTII
2218 342 2613 401 BYZANTINI

3699 332 3833 396 ΠΜ

592 453 798 522 absque
829 451 1130 506 chrismate
1167 450 1534 505 subsistentia:
1561 451 1885 516 adhaerenti,
1918 466 2021 505 nec
2068 468 2165 504 uu-

2272 454 2446 521 χρίσις
2500 452 2627 504 ἄνευ
2663 453 2999 520 οὖσιωμένου
3045 450 3367 520 χρίσματος,
3400 445 3519 499 οὔτε
3550 446 3836 515 χριόμενος

592 553 712 599 ctus
741 543 948 613 absque
982 542 1334 597 subsistentia
1362 543 1651 612 quisquam
1684 552 1788 608 est,
1837 558 1937 597 nec
1983 543 2177 599 adhuc

593 636 833 689 chrisma
867 642 921 687 et
948 642 1175 687 unctum
1208 649 1313 687 una
1344 641 1428 688 est
1453 634 1829 699 subsistentia,
1856 634 2163 689 evidenter.

598 722 795 777 Merito
838 737 970 792 ergo
1022 732 1073 776 et
1127 736 1312 776 rerum
1365 731 1419 775 ct
1470 722 1755 777 nominum
1812 724 2165 794 physicorum

600 814 899 882 dupliciter
930 824 1135 868 certam
1164 814 1412 870 notitiam
1441 814 1736 881 habentes,
1782 815 1891 870 duo
1929 815 2166 869 dicimus

596 905 801 960 Christi
842 914 1090 959 naturas.

665 1038 754 1092 22.
787 1037 982 1091 Adhuc
1020 1038 1087 1091 ad
1127 1054 1222 1093 vos
1264 1038 1544 1107 loquimur
1580 1038 1648 1093 de
1690 1040 1973 1109 proposito
2011 1041 2169 1094 vobis

597 1138 763 1197 prout
790 1127 1007 1194 divino;
1036 1128 1255 1198 generis
1284 1144 1483 1182 nomen
1517 1144 1625 1182 non
1656 1128 1900 1184 admittit
1923 1145 2172 1200 quocun-

599 1237 705 1290 que
742 1220 908 1275 modo
943 1238 957 1273 :
995 1237 1105 1289 quo
1140 1224 1287 1276 enim
1327 1221 1506 1290 primo
1541 1230 1800 1284 auctore,
1835 1221 1968 1290 quid
2005 1222 2172 1275 altius

597 1327 773 1380 genus
800 1312 937 1365 erit?
967 1313 1106 1368 illud
1141 1330 1309 1367 unum
1343 1313 1641 1382 dupliciter
1667 1324 1877 1367 tantum
1910 1313 1977 1367 de
2007 1312 2171 1367 Chri-

600 1414 687 1457 sto
727 1404 1031 1458 secundum
1080 1405 1467 1473 principaliora
1515 1405 1721 1459 dicitur
1760 1403 1959 1467 verba;
1992 1412 2172 1471 .atque

599 1496 645 1549 si
689 1496 994 1551 secundum
1034 1498 1135 1551 ista
1170 1497 1336 1551 verba
1371 1498 1600 1551 cuilibet
1635 1495 2051 1550 concedendum
2089 1504 2175 1549 cst

600 1588 655 1642 id
692 1589 769 1644 ibi
804 1589 1019 1655 dicere;
1058 1599 1116 1644 et
1148 1590 1259 1644 duo
1292 1589 1588 1657 dupliciter
1619 1603 1740 1642 esse
1775 1587 1892 1642 haec
1923 1587 2171 1657 quaadam

600 1680 889 1747 dicuntur;
933 1681 1116 1749 itaque
1158 1680 1292 1734 illud
1336 1679 1482 1749 quod
1524 1686 1611 1732 est
1646 1693 1816 1732 unum
1862 1687 1958 1732 aut
1992 1678 2173 1747 specie

599 1780 695 1825 aut
719 1787 953 1826 numero
974 1782 1060 1826 est
1086 1778 1287 1836 unum;
1321 1780 1378 1825 et
1402 1786 1522 1840 quin
1552 1776 1680 1823 sunt
1702 1768 1833 1836 duo,
1874 1778 1966 1824 aut
1992 1770 2174 1838 specie

600 1870 697 1916 aut
731 1879 963 1916 numero
1000 1873 1129 1917 sunt
1165 1864 1306 1928 duo;
1348 1880 1469 1932 quae
1514 1863 1735 1932 quidem
1777 1863 1959 1931 specie
2003 1876 2174 1914 unum

602 1963 760 2015 sunt,
796 1953 1125 2022 completam
1171 1954 1455 2008 habebunt
1500 1953 1566 2006 ad
1611 1953 1845 2008 invicem
1893 1952 2174 2021 physicam

605 2044 931 2113 paritatem;
992 2061 1112 2114 qua:
1161 2060 1294 2099 vero
1356 2046 1541 2113 specie
1602 2052 1730 2106 sunt
1782 2043 1894 2096 duo
1954 2042 2175 2110 penitus

602 2135 809 2189 habent
841 2137 1123 2207 physicam
1159 2137 1572 2207 disparitatem;
1613 2152 1734 2205 quae
1767 2149 1902 2189 vero
1932 2141 2173 2188 numero

599 2238 729 2283 sunt
756 2244 945 2294 unum,
976 2219 1114 2281 nihil
1146 2227 1375 2297 impedit
1404 2228 1537 2296 quin
1569 2227 1635 2280 ad
1670 2225 1905 2280 invicem
1934 2226 2175 2279 habeant

604 2318 1001 2388 disparitatem,
1028 2320 1158 2374 licet
1184 2320 1391 2388 absque
1416 2319 1649 2377 invicem
1675 2332 1788 2371 non
1818 2317 2169 2381 dividantur;

601 2419 658 2464 et
702 2410 759 2464 in
812 2410 1038 2479 propria
1082 2410 1451 2465 delineationc
1503 2408 1850 2463 considerato
1898 2418 2169 2476 utroque,

604 2510 963 2554 numerantur
988 2500 1291 2555 secundum
1326 2500 1542 2553 numeri
1573 2499 1925 2553 deﬂnientem
1949 2512 2169 2561 vocem;

602 2593 681 2646 sic
714 2592 860 2646 enim
909 2592 1213 2661 cogitantes
1252 2600 1308 2645 et
1343 2601 1699 2645 numerantes
1737 2605 1907 2644 unum
1946 2588 2173 2657 quidem

599 2700 820 2738 omnem
849 2698 1196 2737 communem
1222 2684 1498 2737 hominem
1524 2691 1578 2737 et
1604 2698 1806 2751 equum
1837 2692 1892 2736 et
1919 2680 2171 2749 angelum

598 2776 809 2844 absque
847 2775 953 2828 ulla
986 2773 1295 2827 diﬂerentia
1330 2762 1681 2830 exsistentem
1704 2774 1886 2842 specie
1926 2771 2170 2841 ejusdem

600 2875 812 2920 natura:
843 2865 895 2917 in
925 2865 1184 2917 omnibus
1214 2863 1387 2933 ipsius
1421 2864 1675 2933 partibus
1708 2864 1973 2927 dicimus;
2011 2862 2169 2915 diii'e-

600 2959 790 3007 renter
828 2966 957 3005 vero
996 2951 1194 3005 multas
1233 2954 1352 3021 ejus
1392 2961 1577 3021 partes
1614 2966 1847 3013 numero
1886 2950 2171 3021 cognosci.

600 3042 1054 3115 mus.‘Vicissim
1110 3043 1258 3096 enim
1316 3059 1591 3113 quamque
1647 3058 1837 3098 earum
1891 3044 2169 3097 numerari

2274 545 2519 606 ὰνούσιός
2553 544 2634 605 τίς
2690 546 2856 609 ἐστιν,
2884 542 3006 597 οὗτε
3047 542 3128 595 ἔτι
3157 543 3217 595 τὸ
3249 540 3574 611 χρίσμα“καὶ
3596 538 3659 590 τὸ
3684 540 3837 608 χριό-

2278 654 2434 704 μενον
2480 637 2579 705 μία
2617 636 2762 688 ἐστὶν
2807 634 2985 698 οὐσία,
3023 632 3274 703 φανερόν.
3329 630 3566 692 Είκότως
3615 626 3709 682 οὖν
3746 630 3838 682 καὶ

2274 728 2380 779 τῶν
2438 727 2781 795 πραγμάτων
2833 726 2927 779 καὶ
2986 724 3094 778 τῶν
3136 723 3415 792 ὀνομάτων
3441 720 3548 773 τῶν
3593 720 3840 787 φυσικῶν

2273 815 2463 878 διττῶς
2497 816 2881 886 εὐποροῦντες,
2913 817 3007 869 δύο
3036 815 3217 885 φαμὲν
3250 812 3350 874 τὰς
3377 811 3569 879 φύσεις
3601 809 3839 881 Χριστοῦ

2276 912 2307 979 ὴ
2317 911 2456 979 μεῖς.

2345 1040 2448 1109 κβ’.
2487 1042 2609 1094 Ἔτι
2628 1040 2683 1093 δέ
2719 1057 2900 1109 φαμεν
2931 1037 3066 1109 πρδς
3093 1038 3238 1107 ὑμᾶς
3264 1038 3355 1089 ἐπὶ
3388 1036 3449 1088 τὸ
3484 1035 3842 1104 προκείμενον

2278 1132 2405 1200 ὑμῖν
2427 1131 2523 1184 ἆτε
2555 1130 2720 1195 θεῖον,
2759 1130 2951 1197 γένους
2979 1128 3136 1196 λόγον
3165 1130 3264 1181 οὐκ
3294 1128 3607 1195 ἐπιδέχεται
3660 1129 3841 1178 ὁπωσ-

2276 1228 2396 1280 οῦν*
2430 1225 2481 1277 τί
2526 1223 2634 1295 γάρ
2687 1223 2842 1276 τοῦδε
2871 1222 3090 1292 πρώτου
3120 1220 3296 1274 αἰτίου
3343 1221 3513 1281 ὄντος,
3574 1217 3843 1287 ἀνώτερον

2277 1319 2430 1371 ἔσται
2459 1316 2646 1383 γένοςς
2674 1314 2734 1366 τὸ
2763 1314 2819 1365 ἒν
2871 1312 3063 1375 διττῶς
3096 1312 3254 1380 μόνον
3307 1312 3399 1362 ἐπὶ
3430 1308 3672 1378 Χριστοῦ
3707 1308 3848 1358 κατὰ

2276 1409 2374 1469 τὰς
2407 1405 2745 1475 κυριωτέρας
2782 1402 2999 1469 λέγεται
3032 1401 3241 1468 φωνάς·
3277 1400 3330 1451 εἴ
3354 1416 3416 1466 γε
3442 1398 3695 1450 καὶκατὰ
3718 1398 3849 1467 tati:

2278 1515 2374 1560 τας
2410 1494 2790 1565 συγχωρητέον
2811 1492 2918 1544 τινὶ
2955 1492 3133 1558 λέγειν
3156 1491 3286 1543 αὐτὸ
3304 1488 3493 1542 ἐνθάδε
3517 1505 3531 1518 ·
3558 1488 3654 1540 καὶ
3679 1487 3771 1539 δύο
3790 1487 3846 1537 δὲ

2278 1588 2469 1650 διττῶς
2499 1583 2778 1639 εἷναιτάδε
2814 1584 2935 1636 τινὰ
2962 1583 3209 1650 λέγονται
3238 1600 3250 1612 ·
3282 1580 3345 1633 1b
3380 1576 3473 1633 οὖν
3503 1578 3559 1631 ἓν
3589 1578 3650 1631 δν
3688 1577 3719 1644 ἢ
3770 1576 3850 1643 τῷ

2280 1678 2426 1741 εῖδει,
2456 1676 2487 1745 ἥ
2515 1674 2592 1743 τῷ
2620 1672 2837 1741 ἀριθμῷ
2866 1673 3012 1723 ἐστιν
3043 1670 3102 1723 ἐν
3121 1687 3135 1702 ο
3160 1670 3253 1722 καὶ
3291 1669 3361 1721 τά
3387 1668 3518 1721 ὄντα
3542 1666 3656 1729 δύο,
3698 1668 3729 1735 ἢ
3772 1666 3851 1733 τῷ

2281 1768 2431 1825 εἴδει,
2456 1766 2488 1835 ἢ
2524 1764 2601 1834 τῷ
2626 1762 2845 1834 ἀριθμῷ
2885 1765 3001 1814 ἐστι
3029 1761 3122 1814 δύο
3145 1778 3160 1792 ο
3208 1761 3275 1814 τὰ
3312 1760 3412 1830 μὲν
3441 1758 3535 1811 οῦν
3563 1757 3621 1809 ἒν
3651 1757 3728 1824 τῷ
3772 1758 3847 1807 εἴ-

2275 1860 2355 1913 δει
2376 1860 2529 1920 ὄντα,
2553 1858 2739 1909 ’πᾶσαν
2765 1856 2876 1919 ἕξει
2894 1854 3030 1923 πρὸς
3061 1852 3263 1919 ἄλληλα
3285 1852 3383 1921 τὴν
3409 1848 3642 1919 φυσικὴν
3665 1848 3850 1917 ὁμοιό-

2275 1966 2441 2020 τητα·
2468 1944 2537 2002 τά
2564 1947 2622 2000 δὲ
2648 1947 2740 2001 δύο
2760 1946 2887 1999 ὄντα
2912 1946 2990 2015 τῷ
3016 1944 3169 2006 εῖδει,
3212 1944 3431 2004 πάντως
3454 1941 3568 2009 ἔχει
3594 1941 3690 2010 τὴν
3746 1957 3853 2007 φυ-

2276 2040 2435 2106 σικὴν
2482 2037 2872 2108 ἀνομοιότηταο
2908 2035 2977 2088 τὰ
3034 2033 3091 2086 δὲ
3121 2034 3195 2103 τῷ
3244 2031 3464 2102 ἀριθμῷ
3493 2031 3552 2084 ἓν
3599 2030 3748 2093 ὄντα,
3784 2032 3850 2081 ού

2275 2130 2541 2184 κωλύεται
2575 2131 2631 2182 ὲν
2664 2129 2877 2191 ἑαυτοῖς
2902 2126 3047 2196 ἔχειν
3073 2124 3307 2194 φυσικὴν
3353 2123 3734 2193 ἀνομοιότητα,
3797 2124 3853 2173 εἰ

2274 2226 2367 2277 καὶ
2406 2223 2650 2293 ἀλλήλων
2683 2223 2853 2292 χωρὶς
2879 2220 2953 2288 μὴ
2981 2218 3331 2285 διεστήκασι·
3368 2215 3460 2268 καὶ
3510 2217 3567 2266 ὲν
3595 2214 3699 2283 ἰδίᾳ
3751 2230 3855 2264 πε-

2278 2318 2516 2388 ριγραφῇ
2544 2313 2919 2384 θεωρούμενον
2967 2311 3230 2378 ἑκάτερον
3281 2305 3644 2377 ἀριθμοῦνται
3700 2306 3850 2357 κατὰ

2271 2409 2363 2459 τὸν
2377 2406 2467 2459 τοῦ
2492 2404 2727 2477 ἀριθμοῦ
2752 2402 3108 2471 διωρισμένον
3129 2400 3284 2466 λόγον
3302 2415 3316 2429 °
3341 2398 3512 2459 οὓτως
3533 2398 3641 2467 γὰρ
3661 2397 3851 2449 νοοῦν-

2272 2516 2363 2561 τες
2399 2498 2493 2551 καὶ
2531 2496 2913 2566 ἀριθμοῦντες,
2946 2493 3042 2545 ἕνα
3072 2491 3170 2559 μὲν
3204 2487 3383 2543 πάντα
3411 2490 3502 2542 τὸν
3547 2490 3725 2541 κοινὸν
3748 2488 3848 2540 ἄν-

2274 2593 2489 2661 θρωπον
2510 2590 2603 2642 καὶ
2626 2588 2789 2641 ἵππον
2808 2588 2901 2639 καὶ
2929 2584 3155 2652 ἄγγελον
3191 2582 3626 2652 ἀπαραλλάκτως
3655 2581 3854 2649 ἔχοντα

2272 2681 2348 2752 τῷ
2378 2681 2503 2734 εἴδει
2532 2683 2633 2750 τῆς
2662 2676 2829 2732 αὐτοῦ
2859 2677 3073 2745 φύσεως
3117 2676 3174 2725 ὲν
3214 2674 3342 2724 πᾶσι
3390 2674 3502 2734 τοῖς
3560 2671 3650 2724 ὑπ’
3683 2669 3855 2723 αὑτὸν

2272 2773 2496 2841 ἀτόμοις
2545 2770 2757 2841 φαμέν·
2801 2764 3220 2838 κεχωρισμένως
3272 2762 3328 2815 δὲ
3375 2762 3547 2816 πολλά
3591 2762 3746 2816 τοῦδε
3777 2762 3856 2812 τὰ

2272 2870 2447 2937 ἄτομα
2475 2867 2551 2935 τῷ
2568 2863 2785 2936 ἀριθμῷ
2806 2853 3152 2932 γινῶσκομεν
3174 2883 3187 2897 ·
3219 2864 3321 2918 ἁνά
3363 2864 3528 2932 μέρος
3578 2860 3685 2937 γάρ
3713 2862 3854 2913 ἕκα-

2274 2975 2399 3009 στον
2417 2957 2597 3009 αὐτῶν
2630 2955 2982 3025 ἀριθμεῖσθαι
3014 2956 3317 3025 δυνάμενον
3350 2956 3506 3023 ἴσμεν
3524 2972 3537 2984 ⁸
3563 2932 3656 3006 καὶ
3684 2953 3857 3006 πάλιν

2272 3049 2329 3099 ὲν
2353 3045 2429 3117 τῷ
2456 3046 2675 3116 ἀριθμῷ
2697 3048 2787 3100 τόν
2803 3065 2862 3100 τε
2896 3048 3101 3117 κόσμον
3127 3049 3264 3112 ὅλον,
3300 3048 3394 3101 καὶ
3443 3047 3535 3099 τόν
3566 3063 3687 3098 τινα
3747 3045 3851 3097 ἇν-

600 3132 1051 3203 posse‘scimus;
1095 3142 1152 3186 et
1194 3148 1385 3187 rursus
1432 3134 1486 3187 in
1532 3148 1762 3187 numero
1808 3144 1863 3187 et
1902 3132 2169 3186 mundum

2274 3137 2491 3207 θρωπον
2512 3138 2743 3206 λέγομεν
2759 3137 2953 3207 φύσεσι
2981 3142 3255 3209 μερικαῖς,
3286 3139 3318 3210 ἢ
3346 3141 3597 3208 φυσικοῖς
3624 3137 3854 3192 εἴδεσιν.

600 3224 922 3279 universum
937 3232 1010 3277 «et
1039 3223 1326 3278 hominum
1360 3224 1661 3292 quemlibet
1688 3224 1924 3279 dicimus
1955 3222 2173 3292 partitis

598 3317 814 3371 naturis
843 3326 936 3371 aut
966 3315 1312 3370 naturalibus
1340 3316 1652 3384 speciebus,
1674 3330 1784 3369 non
1816 3328 1983 3368 unum
2014 3314 2168 3368 illum

601 3417 993 3473 numerantes;
1043 3408 1212 3477 igitur
1256 3407 1324 3461 de
1372 3406 1605 3461 Domino
1646 3415 1867 3469 nostro,
1899 3405 2169 3475 siquidem

602 3500 1019 3568 simplicitatem
1067 3507 1293 3568 propter
1327 3512 1576 3567 personae
1610 3498 1906 3559 unitatem,
1935 3506 1991 3550 et
2024 3496 2171 3549 inse-

600 3591 926 3661 parabilium
960 3581 1014 3644 in
1049 3590 1165 3660 ipso
1201 3589 1699 3655 enumerationem,
1732 3597 1991 3657 tanquam
2023 3588 2170 3657 quod

602 3699 774 3737 unum
817 3691 902 3737 est
942 3682 995 3735 in
1034 3696 1288 3743 numero,
1315 3679 1519 3746 dicitis,
1552 3680 1691 3735 bene
1728 3680 1939 3741 dicitis;
1982 3688 2039 3732 et
2069 3694 2171 3734 nos

600 3782 820 3841 oportet
847 3772 1130 3827 vobiscum
1165 3771 1297 3826 illud
1332 3772 1607 3841 accipere,
1634 3786 1761 3825 cum
1796 3769 2166 3825 conﬁteamini

601 3861 882 3929 physicam
917 3860 1222 3918 secundum
1255 3860 1399 3913 illam
1431 3860 1647 3913 unicam
1675 3874 1963 3928 personam
1988 3858 2168 3912 diver-

602 3950 853 4014 sitatem;
890 3952 934 4005 si
970 3966 1108 4005 vero
1138 3949 1463 4019 jnxtaillud
1498 3942 1770 4003 naturalis
1802 3947 1991 4002 formae
2028 3962 2167 4001 cnu-

600 4054 815 4095 merare
863 4055 985 4110 quae
1037 4042 1089 4094 in
1139 4040 1363 4095 Christo
1404 4040 1689 4105 volumus,
1721 4038 2167 4108 quandoquidem

599 4130 912 4185 conﬁtenda
955 4140 1086 4185 sunt
1122 4132 1215 4185 illa
1250 4146 1371 4201 quae
1405 4130 1459 4184 in
1496 4130 1672 4184 forma
1705 4138 1834 4185 sunt
1867 4129 2167 4183 secundum

598 4219 833 4276 fermam
876 4222 1079 4276 similia
1124 4222 1434 4278 necessario
1470 4236 1623 4286 esse,
1655 4219 1970 4274 necessario
2006 4218 2171 4275 dissi-

602 4311 755 4364 milia
802 4320 1126 4373 cernentes,
1163 4328 1273 4365 non
1324 4312 1563 4380 amplius
1613 4311 1937 4365 audebimus
1984 4311 2173 4368 formae

2269 3220 2366 3297 ούχ
2398 3229 2493 3282 ἕνα
2550 3227 2711 3281 αὑτὸν
2739 3229 3121 3298 ἀριθμοῦντες.
3167 3230 3292 3281 Ἐπὶ
3322 3224 3414 3281 οὖν
3448 3227 3542 3279 τοῦ
3570 3230 3856 3279 Δεσπότου

2271 3319 2453 3389 ἡμῶν,
2478 3321 2526 3372 εί
2568 3319 2666 3387 μὲν
2696 3319 2794 3386 τὴν
2821 3319 3026 3388 μονάδα
3057 3319 3144 3372 διὰ
3171 3319 3269 3388 τὴν
3290 3318 3384 3371 τοῦ
3410 3317 3704 3388 προσώπου
3732 3319 3856 3369 ἐνό-

2270 3427 2427 3478 τητα,
2460 3411 2553 3462 καὶ
2580 3410 2677 3479 τὴν
2697 3411 2803 3462 τῶν
2836 3411 2893 3461 έν
2916 3410 3065 3479 αύτῷ
3104 3409 3425 3479 ἀχωρίστων
3453 3394 3850 3476 ὲξαρίθμησίν.

2267 3498 2341 3559 ὡς
2381 3498 2496 3559 ένδς
2545 3498 2693 3560 ὄντος
2724 3497 2799 3567 τῷ
2849 3498 3067 3568 ἀριθμῷ
3096 3515 3255 3565 φατε,
3287 3496 3471 3559 καλῶς
3502 3496 3714 3563 λέγετε,
3744 3497 3854 3547 καὶ

2271 3587 2415 3657 ἡμᾶς
2436 3588 2553 3639 δέον
2576 3588 2671 3639 σὺν
2690 3589 2817 3656 ὑμῖν
2841 3569 3001 3639 τοῦτο
3021 3586 3399 3656 ἀποδέχεσθαι,
3422 3585 3672 3654 ὡμολογη
3684 3584 3855 3654 μένου

2271 3677 2363 3730 τοῦ
2396 3679 2513 3730 κατ’
2541 3678 2672 3730 αὐτὸ
2699 3679 2760 3730 τὸ
2792 3678 2849 3731 ἒν
2882 3679 3169 3748 πρόσωπον
3203 3677 3436 3747 φυσικοῦ
3460 3676 3718 3747 διαφόρου
3741 3693 3753 3704 ’
3799 3680 3854 3729 εἰ

2270 3770 2326 3822 δὲ
2353 3768 2492 3821 κατὰ
2517 3767 2608 3821 τὸν
2642 3768 2736 3821 τοῦ
2770 3770 3003 3838 φυσικοῦ
3028 3770 3201 3833 εἴδους
3252 3768 3638 3839 ἀπαριθμῆσαι
3662 3768 3728 3820 τὰ
3788 3769 3852 3819 ἐν

2270 3860 2488 3931 Χριστῷ
2517 3860 2838 3929 βουλόμεθα,
2870 3862 2991 3915 ἐπεὶ
3019 3860 3363 3930 ὡμολόγηται
3398 3859 3466 3911 τὰ
3497 3859 3555 3910 ἐν
3600 3856 3677 3926 τῷ
3710 3856 3848 3909 εἴδει

2268 3952 2418 4016 ὄντα,
2453 3954 2569 4005 κατ’
2629 3947 2765 4015 εἶδος
2798 3953 2959 4019 ὅμοια
2983 3952 3102 4005 δέον
3156 3949 3320 4013 εἶναι,
3348 3949 3663 4018 ἀναγκαίως
3710 3949 3841 4001 ιίινό⁹

2274 4060 2399 4111 μοια
2420 4031 2809 4113 θεωρήσαντες,
2846 4043 3025 4096 οὐκέτι
3049 4045 3400 4113 τολμήσομεν
3425 4042 3502 4110 τῷ
3530 4040 3627 4094 τοῦ
3668 4039 3851 4101 εἴδους

2272 4134 2642 4203 καταλόγῳέν
2686 4134 2855 4187 ταῦτα
2914 4134 3114 4201 λέγειν,
3158 4134 3291 4187 ἀλλὰ
3312 4132 3437 4185 δύο·
3491 4131 3683 4185 οὐκοῦν
3741 4131 3852 4182 ἀκο

2273 4223 2510 4286 ολούθως
2559 4223 2653 4277 δύο
2691 4225 2790 4295 μὲν
2819 4227 2939 4288 ταῖς
2964 4224 3208 4293 φύσεσιν,
3237 4224 3294 4277 ἓν
3310 4224 3369 4276 δὲ
3396 4223 3473 4294 τῷ
3502 4219 3721 4293 ἀριθμῷ
3751 4219 3849 4272 τὸν

2271 4315 2504 4385 Χριστὸν
2529 4313 2891 4385 γινώσκομεν.

598 4404 782 4459 indice
826 4420 998 4459 unum
1046 4406 1164 4460 hac
1211 4407 1428 4471 dicere,
1464 4407 1558 4461 sed
1610 4406 1749 4473 duo;
1799 4423 1931 4479 ergo
1976 4419 2378 4480 consequenter
2406 4411 2517 4466 duo
2566 4411 2788 4480 quidem
2819 4411 3054 4476 naturis,
3121 4425 3291 4465 unum
3359 4416 3542 4463 autem
3608 4421 3854 4461 numero

594 4497 877 4553 Christum
909 4498 1312 4568 cognoscimus.

665 4634 759 4689 23.
787 4633 984 4689 Adhuc
1014 4633 1308 4704 petendum
1339 4634 1408 4689 ab
1440 4636 1550 4691 illis
1575 4635 1671 4705 qui
1698 4650 1730 4690 e
1759 4634 2165 4691 duaburnatu-
2198 4640 2240 4694 D

599 4741 714 4780 ram
747 4725 942 4780 dicunt
978 4741 1141 4779 unam
1176 4742 1341 4795 quam
1376 4725 1581 4782 Christi
1615 4735 1842 4790 vocant,
1873 4742 2003 4780 num
2046 4735 2104 4781 et
2136 4742 2165 4781 e

596 4817 811 4873 duabus
849 4817 1259 4878 subsistentiis.
1295 4818 1413 4873 sive
1446 4819 1697 4887 personis
1738 4818 1957 4873 unicam
1995 4819 2168 4888 ipsius

596 4910 1007 4968 subsistentiam
1052 4909 1276 4974 dicunt,
1312 4926 1379 4964 an
1422 4911 1563 4963 non?
1598 4909 1717 4976 Quo
1761 4926 1892 4980 ergo
1929 4918 1986 4965 et
2026 4926 2164 4979 quo-

597 5001 762 5057 modo
792 5001 960 5056 cessit
988 5001 1156 5054 altera
1181 5015 1212 5054 e
1240 5001 1450 5055 naturis
1475 5002 1595 5069 ejus
1623 5009 1748 5055 ante
1776 5000 2161 5055 adunationcm

593 5094 808 5159 dicant,
835 5100 893 5147 et
929 5092 1089 5161 cujus
1124 5101 1243 5147 erat
1282 5091 1446 5146 tunc?
1480 5091 1733 5146 Nondum
1772 5092 1919 5145 enim
1960 5091 2163 5146 Christi

2339 4642 2443 4704 κγ’.
2468 4636 2606 4687 ἸἘτι
2635 4633 2936 4706 ἐρωτητέον
2964 4634 3179 4697 αὐτοὺς,
3210 4635 3275 4687 ὲκ
3296 4632 3389 4686 δύο
3410 4632 3626 4703 φύσεων
3655 4635 3849 4703 λέγον-

2268 4747 2367 4792 τας
2396 4728 2496 4797 τὴν
2537 4728 2663 4797 μίαν
2705 4726 2886 4794 φύσιν,
2918 4728 2985 4796 ἦν
3016 4743 3146 4794 φασι
3172 4727 3432 4794 Χριστοῦ,
3471 4722 3582 4798 ἀρά
3628 4744 3691 4796 γε
3752 4734 3852 4784 καὶ

2269 4824 2333 4874 ὲκ
2362 4821 2456 4873 δύο
2479 4820 2853 4880 ὑποστάσεων,
2890 4818 2944 4871 εί
2975 4819 3023 4871 τ’
3052 4818 3146 4872 οῦν
3178 4818 3506 4888 προσώπων,
3569 4814 3667 4889 τὴν
3705 4822 3849 4890 μίαν

2269 4912 2433 4967 αὑτοῦ
2458 4912 2756 4965 ὑπόστασιν
2785 4912 3033 4979 λέγουσιν
3061 4911 3093 4980 ἦ
3120 4911 3239 4981 οὐχί
3266 4927 3281 4974 ;
3316 4910 3427 4963 Ποῦ
3458 4908 3552 4965 οὖν
3582 4913 3676 4964 καὶ
3722 4914 3850 4975 πῶς

2270 5003 2541 5075 ὑφέστηκε
2573 5003 2777 5072 θατέρα
2805 5002 2913 5054 τῶν
2945 5000 3160 5069 φύσεων
3212 5001 3377 5053 αὑτοῦ
3412 5003 3518 5072 πρὸ
3566 5004 3665 5072 τῆς
3707 5005 3845 5056 ἑνώ-

2264 5111 2419 5157 σεως,
2444 5094 2749 5162 λεγέτωσαν
2770 5110 2782 5123 ο
2814 5094 2960 5153 τίνος
2990 5109 3051 5144 τε
3100 5087 3237 5145 οὖσα
3280 5092 3437 5159 τότε;
3479 5094 3537 5145 οὐ
3570 5093 3681 5163 γὰρ
3708 5096 3849 5165 X9:-

598 5194 720 5240 crat
753 5191 919 5239 uncta
943 5182 1235 5237 divinitati
1279 5183 1520 5237 humana
1552 5192 1772 5248 natura;
1805 5183 1849 5235 si
1887 5197 2019 5235 vero
2050 5193 2103 5237 et
2135 5200 2166 5237 e

2272 5183 2387 5234 ποῦ
2417 5180 2484 5254 ἦν
2514 5185 2681 5251 μήπω
2711 5183 2996 5253 χρισθεῖσα
3026 5183 3239 5254 θεότητι
3295 5185 3327 5254 ἡ
3367 5184 3681 5256 ἀνθρωπίνη
3734 5188 3846 5255 φύ-

597 5275 813 5331 duabus
841 5275 1220 5329 subsistentiis
1248 5274 1637 5330 adunationem
1669 5274 1890 5334 dicunt.
1924 5274 2014 5327 ubi
2048 5289 2169 5330 erat

596 5373 729 5419 tunc
757 5364 1001 5434 perfecta
1016 5363 1369 5419 subsistentia
1385 5364 1624 5417 humana
1642 5362 1861 5417 Christo
1878 5364 2103 5432 pneexsi
2115 5392 2154 5405 -

596 5456 781 5511 stens?
804 5455 1011 5509 Deinde
1039 5456 1095 5509 in
1125 5463 1285 5509 utero
1312 5465 1511 5510 sancta:
1534 5455 1775 5525 Virginis
1802 5455 2039 5521 inclusa;
2069 5458 2160 5512 illo

594 5549 742 5602 enim
784 5549 837 5602 in
876 5558 1069 5603 sancto
1105 5549 1362 5603 cubiculo
1399 5548 1661 5602 adunatio
1696 5547 1898 5602 Christi
1941 5558 2161 5603 natura-

598 5654 717 5692 rum
772 5638 843 5693 ab
899 5639 1058 5694 initio
1111 5639 1251 5695 facta
1310 5646 1425 5703 est;
1486 5639 1591 5693 nisi
1658 5638 1800 5692 forte
1860 5642 2157 5697 secundum

592 5732 905 5786 i‘v'eslnrium
947 5731 1253 5787 divinitatis
1304 5733 1694 5788 adunationem
1771 5742 1885 5799 post
1942 5743 2153 5798 partum

2265 5290 2376 5335 σις’
2410 5277 2459 5327 εἰ
2490 5274 2545 5326 δὲ
2578 5276 2671 5327 καὶ
2700 5276 2764 5327 ἐκ
2794 5274 2888 5327 δύο
2915 5274 3265 5326 ύποστάσεών
3304 5292 3437 5342 φασι
3466 5277 3563 5346 τὴν
3614 5275 3840 5345 ἕνωσιν,

2266 5366 2369 5419 ποῦ
2392 5360 2461 5437 ἦν
2492 5385 2617 5418 ποτε
2645 5368 2675 5436 ἡ
2704 5366 2882 5419 τελεία
2900 5367 3191 5428 ὑπόστασις
3211 5366 3526 5436 ἀνθρωπίνη
3550 5370 3846 5438 προῦπάρη

2270 5455 2413 5520 ξασα.
2440 5456 2676 5525 Χριστοῦ
2696 5473 2708 5517 ;
2731 5456 2768 5507 Ε
2794 5474 2859 5507 τα
2887 5457 2944 5507 ἐν
2972 5460 3035 5525 τῇ
3072 5458 3255 5527 μήτρᾳ
3294 5459 3390 5527 τῆς
3419 5459 3579 5524 ἁγίας
3624 5459 3845 5527 Παρθέ-

2267 5566 2356 5602 νου
2391 5547 2839 5616 ἐγκαθειρχθεῖσκ
2862 5564 2873 5577 ·
2897 5548 3011 5599 κττ²
3038 5550 3211 5599 ἐκεῖνο
3237 5550 3343 5618 γὰρ
3365 5548 3425 5600 τὸ
3454 5548 3608 5615 ἅγιον
3638 5550 3847 5618 χωρίον

2266 5644 2295 5707 ἡ
2330 5640 2519 5703 ἓνωσις
2541 5640 2646 5692 τῶν
2669 5640 2901 5708 Χριστοῦ
2939 5639 3149 5707 φύσεων
3177 5642 3270 5693 ἀπ’
3303 5642 3475 5711 ἀρχῆς
3511 5641 3757 5707 ἐγένετο·
3793 5646 3845 5693 εἴ

2270 5734 2339 5800 ε’θῒ
2368 5733 2464 5803 ἕδρα
2500 5734 2640 5784 κατὰ
2662 5734 2728 5781 N1
2747 5733 2949 5801 πόρνην
2968 5734 3064 5800 τὴν
3089 5734 3279 5785 ἕνωσιν
3304 5736 3399 5796 τί-,ς
3420 5734 3472 5785 0:
3490 5735 3667 5800 ἱῖῃτος
3699 5751 3847 5803 μετχ
