4094 6334
234 395 370 456 Ιῖὃῦ

1364 391 1660 451 CONTRA
1702 389 2303 448 MUNOPHYSITAS.

3378 381 3486 443 786

229 507 331 557 τὸν
373 504 525 557 τόκον
563 503 663 572 τῆς
688 501 1107 572 ἁνθρωπότητος
1146 501 1346 555 οἴονται
1381 501 1632 568 γενέσθαι
1661 501 1797 570 πρὸς

1914 501 2260 554 humanitatis
2313 498 2654 552 arbitrantur
2711 494 2826 549 fieri
2863 492 2930 547 ad
2975 493 3150 561 ipsam
3177 507 3489 562 congruen-

235 596 408 665 αὐτὴν
439 594 727 664 σχετικῶς.

309 685 404 743 κδ’,
439 685 558 737 Ἔτι
588 683 915 753 ἀνακριτέον
947 682 1171 744 αὐτούς’
1209 683 1272 735 ὲκ
1298 681 1389 734 δύο
1421 682 1634 750 φύσεων
1668 681 1808 750 πρά-

235 795 411 846 γματι
458 776 847 844 ύφεστηκυιῶν
894 791 1024 842 φασι
1069 775 1160 826 τὸν
1192 773 1447 843 Χριστὸν,
1486 773 1519 842 ἢ
1575 772 1810 841 Θατέρας

235 868 440 929 αὐτῶν,
470 868 638 937 ἠγουν
663 867 762 934 τῆς
783 865 1128 936 ἀνθρωπείας
1155 865 1275 918 κατ’
1299 864 1542 917 ἐπίνοιαν
1567 880 1808 932 προανα-

239 961 614 1029 πλαττομένης
656 961 840 1021 αὐτοῖς
900 957 1005 1028 πρὸ
1033 958 1133 1026 τῆς
1166 955 1410 1018 ὲνὼσεως
1434 972 1446 984 ·
1479 957 1526 1008 εἰ
1570 956 1667 1022 μὲν
1703 953 1808 1022 γὰρ

235 1055 441 1120 ἀμφοῖν
472 1052 643 1112 ὅντως
669 1051 971 1120 προουσῶν,
999 1050 1082 1112 τίς
1112 1043 1201 1118 ἦν,
1230 1051 1321 1101 καὶ
1357 1045 1459 1099 ποῦ
1495 1045 1656 1098 πάλιν
1716 1046 1812 1111 ζη-

233 1144 513 1212 τήσωμεν,
543 1143 576 1211 ὴ
596 1141 726 1212 ψιλὴ
755 1140 1071 1212 ἀνθρωπίνη
1097 1141 1258 1208 φύσις
1288 1139 1393 1209 πρὸ
1419 1134 1675 1208 Χριστοῦ,
1697 1132 1812 1188 εἶτα

237 1236 461 1302 γέγονεν
477 1235 536 1286 ὲν
564 1232 784 1302 Χριστῷ
828 1232 969 1284 κατὰ
1008 1233 1106 1300 τὴν
1141 1231 1302 1298 ἁγίαν
1357 1231 1570 1300 μήτραν
1628 1245 1813 1280 συντε-

235 1326 418 1376 θέντι’
452 1327 500 1376 εί
539 1324 595 1376 δὲ
645 1323 875 1393 θατέραν
923 1323 1031 1374 τῶν
1059 1322 1276 1388 φύσεων
1331 1321 1390 1385 ἐξ
1427 1315 1501 1373 ὧν
1554 1335 1686 1388 φασι
1720 1320 1809 1371 τὸν

235 1414 472 1485 Χριστὸν
496 1414 713 1485 ἐπινοίᾳ
735 1413 1267 1483 προαναπὶάττουσι,
1302 1412 1515 1482 πρῶτον
1541 1411 1637 1480 μὲν
1668 1411 1698 1478 ἢ
1723 1410 1812 1461 ού-

232 1506 472 1573 δαμόθεν
496 1504 751 1566 λαϐόντες
783 1506 1037 1575 ἀφορμὴν
1068 1503 1304 1573 ἀληθοῦς
1327 1501 1569 1562 ἐπινοίας
1619 1500 1810 1568 ψευδὲς

234 1598 572 1666 ἀνάπλασμα
602 1597 809 1664 ταύτην
829 1597 1170 1667 παριστῶσιν
1189 1613 1202 1626 ο
1236 1597 1268 1668 ἢ
1311 1593 1591 1655 λαϐόντες,
1617 1595 1677 1643 ἐκ
1710 1591 1810 1658 τῆς

239 1689 379 1756 μετά
409 1689 512 1759 τὴν
541 1688 735 1740 ἕνωσιν
761 1687 992 1754 θεωρίας
1021 1685 1261 1753 Χριστοῦ
1287 1686 1387 1754 τὴν
1403 1682 1715 1750 διάγνωσιν,
1737 1680 1813 1742 ὡς

234 1778 331 1830 δύο
364 1777 581 1844 φύσεων
623 1779 717 1837 καὶ
749 1777 990 1838 τοιῶνδε,
1023 1775 1224 1838 ταύτας
1270 1774 1366 1826 καὶ
1398 1769 1812 1842 προεπιηιοοῦσιν

237 1869 431 1923 αὐτοῦ.
465 1869 591 1931 Πῶς
621 1864 714 1922 οὖν
744 1869 805 1920 οὐ
836 1867 929 1919 δύο
964 1867 1112 1944 {qui
1149 1866 1284 1934 μετὰ
1309 1865 1409 1932 τὴν
1431 1863 1624 1914 ἕνωσιν
1651 1862 1700 1912 οἱ
1722 1860 1816 1912 καὶ

236 1962 336 2032 τὴν
365 1959 712 2030 προύπαρξιν
735 1955 915 2012 αὐτῶν
947 1959 1044 2025 τὴν
1075 1959 1178 2027 προ
1208 1957 1306 2025 τῆς
1349 1954 1594 2018 ἑνῴσεως
1625 1954 1690 2004 ὲκ
1719 1951 1818 2019 τῆς

239 2050 387 2103 κατὰ
417 2051 521 2118 τὴν
546 2050 740 2102 ἕνωσιν
771 2047 1115 2116 διαγνώσεως
1167 2045 1345 2099 αὐτῶν
1382 2045 1775 2110 ἐπινοήσαντες
1800 2055 1814 2069 ο

237 2141 318 2194 In
343 2136 486 2215 ﬂvis!
532 2141 637 2210 μὲν
671 2141 885 2211 ἐπινοίᾳ
925 2139 1177 2209 θατέραν,
1201 2139 1294 2189 καὶ
1318 2135 1546 2206 ἀληθείᾳ
1577 2132 1673 2202 τὴν
1705 2131 1822 2183 ἑτέ-

240 2249 346 2301 ραν
375 2232 485 2284 τῶν
527 2232 744 2300 φύσεων
769 2232 829 2295 ἐξ
860 2225 934 2284 ὧν
959 2233 986 2282 ὁ
1011 2230 1234 2300 Κύριος,
1269 2228 1450 2296 φασὶν,
1481 2226 1692 2292 ἀνάγκη
1727 2223 1821 2274 καὶ

238 2324 408 2375 αὐτὸν
436 2323 673 2392 Χριστὸν
691 2323 751 2374 τὸ
788 2323 887 2392 μέν
909 2340 960 2374 τι
983 2322 1150 2393 μέρος
1186 2319 1349 2373 αὑτοῦ
1380 2315 1610 2386 ἀληθεία
1637 2315 1815 2381 ὑπάρ-

240 2433 340 2485 χον
367 2415 532 2484 ἔχειν,
574 2415 713 2468 τὸδὲ
752 2399 970 2485 ἐπινοίᾳ
998 2414 1174 2467 δοκεῖν
1212 2413 1370 2482 μόνον
1391 2426 1406 2440 ⁸
1438 2410 1513 2470 ὡς
1558 2403 1695 2464 εἶναι
1728 2406 1822 2457 καὶ

237 2505 342 2575 τῆς
397 2506 540 2558 κατᾶ
586 2505 773 2558 τούσδε
842 2507 973 2574 μιᾶς
1034 2502 1250 2572 φύσεως
1277 2496 1442 2551 αὐτοῦ
1464 2493 1820 2565 ἀνύπαρκτον

235 2597 436 2666 ἣμισυ,
457 2597 551 2649 καὶ
580 2597 658 2659 είς
685 2598 857 2667 ἥμισυ
885 2583 1100 2663 φύάως
1133 2592 1293 2662 μόνον
1347 2588 1683 2657 καταντῆσαι
1722 2587 1820 2638 αύ-

234 2687 353 2741 τῶν
378 2688 475 2756 τὴν
501 2688 594 2739 hri.
614 2687 849 2754 Χριστοῦ
869 2683 1219 2755 φυσιολογίαν
1239 2699 1252 2712 '
1274 2682 1370 2736 καὶ
1415 2680 1548 2751 μηδὲ
1580 2681 1660 2742 είς
1692 2679 1819 2748 μίαν

244 2780 416 2848 φύσιν
439 2779 678 2842 τελείαν,
699 2780 774 2840 ὡς
808 2767 1084 2845 λέγουσιν.

313 3052 415 3099 κε’.
469 3046 593 3100 Ἔτι
623 3046 747 3099 ἐπεὶ
805 3043 913 3097 τῶν
943 3042 1161 3110 φύσεων
1215 3040 1418 3110 δηλαδὴ
1473 3041 1572 3108 τὴν
1604 3038 1820 3091 σύνοδον

1935 607 2014 644 er.

1970 608 2014 644 r.

1913 601 1963 645 te
1979 683 2067 735 24.
2092 681 2285 735 Adhuc
2317 672 2708 748 inquirendum
2735 676 2804 730 ab
2836 677 2947 730 illis
2976 693 2991 728 :
3018 690 3049 730 e
3079 674 3299 728 duabus
3331 680 3491 727 natu.

1910 773 1988 827 ris
2022 789 2079 826 re
2113 770 2482 830 efﬁcientibus
2511 767 2791 823 Christum
2827 766 3042 828 dicunt,
3073 773 3167 819 aut
3198 779 3265 818 ex
3297 779 3486 818 earum

1910 867 2112 928 altera,
2148 863 2364 917 scilicet
2405 861 2751 916 humanitate
2789 861 2946 929 juxta
2987 857 3376 927 cogitationem
3421 855 3489 908 ah

1911 955 2045 1023 ipsis
2070 956 2333 1024 plasmata
2359 963 2486 1008 ante
2512 952 2938 1015 adunationem;
2967 948 3014 1004 si
3039 946 3186 1002 enini
3213 961 3277 1000 ex
3301 945 3488 1000 ambo-

1910 1031 2014 1101 bus
2039 1048 2219 1116 reipsa
2246 1045 2775 1116 prmexsisLentibus.
2798 1058 2920 1112 qua:
2945 1050 3064 1096 erat
3087 1049 3142 1094 et
3168 1040 3260 1093 ubi
3287 1040 3487 1092 iterum

1911 1153 2220 1207 quaeremus
2255 1137 2475 1192 subtilis
2510 1136 2751 1190 humana
2788 1143 2986 1188 natura
3020 1142 3147 1186 ante
3181 1130 3486 1191 Christum,

1911 1230 2052 1284 facta
2086 1237 2170 1282 est
2205 1228 2406 1282 deinde
2443 1228 2498 1281 in
2533 1225 2756 1281 Christo
2793 1225 2940 1278 intra
2974 1230 3228 1277 sanctum
3265 1227 3488 1274 uterum

1911 1330 2174 1390 concepta
2221 1337 2235 1370 :
2288 1321 2334 1373 si
2376 1333 2508 1373 vero
2557 1318 2786 1370 alteram
2836 1324 3161 1370 naturarum
3212 1328 3242 1366 e
3288 1310 3493 1380 quibus

1912 1411 2191 1466 Christum
2235 1411 2423 1464 dicunt
2463 1408 2620 1478 quasi
2663 1407 2731 1462 de
2769 1421 2914 1460 novo
2957 1414 3015 1460 et
3054 1403 3318 1458 anteriori
3367 1402 3484 1471 pla-

1914 1502 2374 1571 smant,‘primum
2404 1499 2628 1570 quidem
2661 1506 2757 1552 aut
2782 1513 2811 1549 a
2836 1497 2987 1550 nulla
3015 1494 3496 1565 apprehendentes

1913 1610 2056 1650 vera:
2089 1593 2437 1664 cogitationis
2469 1591 2762 1646 exordium
2785 1632 2800 1651 .
2832 1589 3155 1643 mendacem
3194 1586 3494 1655 plasmatu-

1914 1699 2030 1738 ram
2064 1700 2182 1738 eam
2217 1684 2535 1749 stabiliunt;
2572 1690 2668 1736 aut
2703 1680 3186 1752 apprehendentes
3219 1693 3250 1732 e
3284 1676 3489 1732 Christi

1913 1784 2041 1830 ante
2073 1775 2137 1829 ad
2151 1774 2466 1828 unationem
2499 1773 2950 1828 consideratione
2983 1771 3316 1842 agnitionem
3352 1769 3495 1823 sicut

1916 1868 2154 1922 duarum
2189 1876 2514 1920 naturarum
2549 1873 2603 1918 et
2640 1865 2855 1926 talium,
2881 1864 2980 1918 has
3012 1873 3068 1917 et
3098 1863 3342 1932 cogitant
3371 1869 3496 1914 ante

1918 1957 2115 2028 ipsum.
2137 1956 2422 2023 Quomodo
2436 1972 2566 2028 ergo
2586 1972 2696 2010 non
2725 1955 2864 2010 duas
2881 1962 3186 2024 agnoscunt
3211 1960 3332 2021 post
3355 1951 3496 2004 adu-

1915 2052 2198 2104 nationem
2255 2049 2350 2118 qui
2406 2050 2647 2118 ipsarum
2702 2047 3195 2118 prmexsistentiam
3220 2061 3341 2114 quae
3368 2053 3494 2098 ante

1919 2142 2306 2197 adunationcm
2337 2150 2486 2197 esset
2509 2142 2824 2210 excogitant
2851 2157 2917 2194 ex
2951 2154 3140 2194 carum
3180 2139 3495 2206 cognitione

1919 2249 2080 2302 quam
2113 2233 2316 2286 habent
2338 2233 2494 2301 juxta
2527 2233 2958 2297 adunationem;
2998 2231 3179 2285 adhuc
3212 2230 3255 2283 si
3293 2229 3498 2299 cogita--

1922 2324 2071 2379 tione
2107 2323 2330 2392 quidem
2371 2324 2599 2377 alteram
2641 2332 2697 2376 et
2734 2323 2967 2378 veritate
3005 2322 3232 2378 alteram
3273 2330 3493 2374 natura-

1921 2431 2040 2469 rum
2091 2431 2121 2469 e
2167 2415 2375 2484 quibus
2429 2414 2684 2470 Christus
2737 2414 2959 2476 dicunt,
3002 2421 3123 2468 erat
3167 2426 3395 2465 necesse
3444 2424 3498 2463 rt

1917 2507 2196 2562 Christum
2233 2508 2433 2576 ipsum,
2463 2507 2662 2576 partim
2698 2507 2930 2559 veritate
2947 2506 3215 2560 exsistere
3249 2505 3493 2562 realiter,

1920 2599 2116 2667 partim
2152 2599 2486 2667 cogitatione
2524 2606 2736 2652 tantum
2771 2613 2892 2652 esse
2920 2597 3125 2660 videri;
3164 2595 3318 2665 quasi
3353 2603 3499 2648 esset.

1923 2699 2036 2744 tum
2083 2691 2244 2744 unius
2291 2699 2498 2744 natura:
2542 2690 2712 2759 ipsius
2749 2690 2905 2756 juxta
2947 2688 3174 2741 eosdem
3204 2703 3315 2739 non
3348 2687 3495 2738 ensi--

1922 2791 2073 2836 stcus
2105 2784 2282 2836 media
2318 2799 2463 2852 pars,
2492 2791 2604 2835 tum
2641 2781 2819 2835 media
2852 2789 3063 2833 natura:
3095 2787 3250 2846 parte
3283 2786 3494 2831 tantum

1921 2869 1986 2922 ad
2034 2869 2184 2937 ipsos
2223 2870 2539 2938 pervenisse
2582 2867 2980 2938 physiologiam
3017 2865 3253 2932 Christi,
3290 2874 3346 2918 ct
3389 2880 3495 2918 non

1921 2959 2164 3027 perfecta
2195 2958 2356 3013 unica
2387 2968 2604 3022 natura,
2625 2967 2686 3011 ut
2717 2957 2932 3012 dicunt.

1990 3050 2079 3102 25.
2113 3049 2308 3104 Adhuc
2353 3050 2596 3105 scientes
2638 3064 2735 3103 vos
2777 3057 3098 3101 naturarum
3144 3054 3495 3115 coagmenta-

239 3135 382 3196 ἴστε,
419 3135 513 3187 καὶ
537 3135 632 3187 σὺν
651 3134 782 3202 ἡμῖν
809 3131 872 3183 τὸ
897 3130 1201 3201 ἀσύγχυτον
1231 3131 1542 3200 ὁμολογεῖτε
1561 3131 1670 3184 τῶν
1694 3148 1813 3184 συν-

1924 3140 2127 3192 tionem
2156 3148 2211 3192 et
2238 3139 2528 3192 nobiscum
2559 3136 2905 3192 inconfusum
2941 3135 3268 3190 confitentes
3298 3150 3499 3188 convr—

234 3223 536 3289 ελθόντων,
595 3223 760 3276 πόθεν
815 3223 976 3275 τοῦτο
1067 3223 1362 3293 θεωρεῖτε,
1444 3223 1814 3294 ἀποκρίνασθε

235 3316 377 3385 ἡμῖν
395 3329 412 3344 ⁸
437 3313 486 3366 εί
508 3312 617 3382 γὰρ
653 3313 736 3366 ὅτι
773 3313 1032 3383 ἀνελλιπῆ
1058 3299 1128 3365 τὰ
1152 3314 1271 3366 Θεῖα
1293 3313 1384 3364 καὶ
1399 3313 1468 3365 τὰ
1499 3312 1816 3383 ἀνθρώπινα

237 3405 301 3456 ἐν
337 3401 414 3473 τῷ
446 3402 594 3472 αὑτῷ
651 3402 904 3473 θεωρεῖτε
938 3401 1237 3472 προσώπῳ,
1285 3403 1424 3455 σῶον
1459 3405 1689 3457 ἑκάστου
1724 3403 1818 3455 τὸν

238 3495 476 3559 φυσικὸν
508 3493 663 3558 λόγον
700 3491 789 3545 διὰ
832 3493 933 3561 τῆς
983 3492 1090 3545 τῶν
1131 3493 1440 3560 ἰδιωμάτων
1490 3493 1816 3555 ἀντιδόσεως

236 3590 298 3641 ἐν
317 3587 397 3659 τῷ
427 3589 507 3640 ἑνὶ
535 3588 891 3658 συγκρίματι,
937 3587 1258 3655 γινώσκετε,
1311 3588 1470 3656 δῆλον
1522 3588 1675 3640 ἔσται
1707 3588 1816 3648 ,ὅτι

234 3678 305 3731 ιχ
351 3686 516 3740 τινος⁹
547 3677 754 3731 τελείου
810 3694 870 3729 τε
903 3677 1060 3730 τοῦδε
1109 3678 1208 3741 τὰς
1269 3678 1548 3747 ἐνεργείας
1600 3680 1695 3731 καὶ
1749 3679 1818 3732 τὰ

236 3767 390 3836 πάοη
431 3767 575 3820 κατὰ
628 3766 836 3818 τελείου
876 3767 972 3819 καὶ
1005 3767 1065 3819 ού
1139 3765 1267 3819 κατ’
1335 3766 1551 3830 οὐδενὸς
1605 3767 1819 3833 λογίζε-

236 3857 374 3909 σοεο
440 3855 672 3924 ἐπείπερ
735 3856 1032 3921 ἀναγκαῖον
1103 3855 1198 3907 καὶ
1250 3855 1350 3917 τὰς
1405 3855 1589 3917 αἰτίας
1642 3853 1818 3915 οὕτως

231 3947 384 4016 ἔχειν
409 3947 505 3998 καὶ
531 3943 898 4014 φυλάττεσθαι
938 3944 1228 4012 διαφόρους
1252 3945 1347 3996 καὶ
1371 3941 1605 4005 τελείας,
1629 3942 1818 4010 ὥσπερ

231 4039 306 4092 τὰ
337 4038 449 4092 ίδια
469 4036 672 4090 τούτων
706 4035 969 4105 ἰδιώματα
998 4037 1090 4089 καὶ
1111 4035 1474 4106 προϐλήματα
1498 4051 1513 4066 ο
1547 4035 1670 4087 ἐπεὶ
1725 4033 1818 4086 οὖν

234 4128 478 4198 διᾶερορά
501 4128 561 4180 τέ
589 4127 808 4180 statim!
829 4127 1002 4191 διττὰ,
1037 4127 1159 4180 θεῖά
1196 4144 1250 4178 τε
1279 4126 1410 4178 ὄντα
1447 4125 1558 4180 ,καὶ
1609 4124 1817 4176 ἀνθρώ-

237 4238 395 4282 πινα,
426 4219 659 4286 διὰτορα
692 4218 847 4270 ἔσται
869 4219 964 4269 καὶ
994 4218 1088 4270 δύο
1117 4219 1213 4270 καὶ
1246 4217 1373 4270 τάδε
1393 4232 1408 4248 ⁸
1445 4217 1615 4276 ταῦτα
1644 4217 1700 4270 δὲ
1750 4217 1816 4269 τὰ

232 4312 390 4365 αῐτια
422 4309 532 4361 τῶν
566 4307 714 4360 ἰδίων
747 4309 905 4373 εἴπερ
935 4307 1124 4376 φύσεις
1175 4303 1317 4360 εἶναι
1369 4307 1704 4374 ὁμολογεῖτε,
1753 4308 1818 4359 ὲκ

226 4402 327 4456 δύο
385 4402 496 4471 ἄρα
528 4401 637 4454 τῶν
679 4399 894 4468 φύσεων
953 4401 1201 4470 προϊέναι
1263 4399 1365 4464 τὰς
1419 4401 1689 4471 ἰδιότητας
1719 4400 1815 4455 καὶ

229 4496 261 4545 ὑ
271 4497 395 4563 μεῖς
418 4493 752 4562 ὁμολογεῖτε.

305 4592 430 4650 σις’.
484 4584 604 4638 Ἔτι
633 4586 685 4636 εἰ
729 4585 829 4654 τὴν
874 4585 1110 4653 φυσικὴν
1151 4584 1416 4654 διαφορὰν
1459 4585 1814 4654 ὁμολογοῦσιν

228 4681 290 4729 ὲν
321 4671 722 4746 Χριστῷνᾶρά
775 4693 841 4741 γε
878 4674 1039 4728 τινῶν
1085 4676 1256 4729 ὄντων
1308 4676 1407 4747 ήδη
1470 4673 1610 4730 εἶναι
1642 4676 1814 4748 αὐτὴν

227 4767 523 4835 διαφορὰν,
556 4766 588 4833 ἢ
618 4764 782 4817 τινῶν
804 4766 879 4834 μὴ
903 4764 1073 4818 όντων
1109 4767 1360 4833 λέγουσιν
1388 4763 1528 4820 εἶναι
1562 4767 1659 4837 τὴν
1691 4769 1808 4831 δια-

229 4858 410 4927 φορὰν
449 4858 508 4908 ιν
545 4857 788 4926 Χριστῷ,
806 4856 927 4909 ἐπεὶ
944 4853 1036 4909 οὖν
1063 4857 1303 4922 πάντως,
1323 4857 1492 4911 ὄντων
1516 4858 1753 4925 ἐροῦσιν,
1778 4859 1808 4929 ἢ

229 4949 324 5001 δύο
344 4947 553 5000 τούτων
573 4948 774 5018 δηλαδὴ
797 4949 830 5017 ἢ
861 4949 1455 5018 πλειόνων,λεγέτωσαν
1487 4947 1579 5004 οὖν
1597 4953 1812 5004 ὁπόσων

229 5038 396 5090 τινῶν
434 5037 718 5106 βούλονται
765 5033 906 5092 εἶναι
947 5041 1137 5109 αὐτὴν,
1187 5042 1281 5094 καὶ
1335 5042 1408 5112 μὴ
1444 5041 1810 5096 εύλαδείσθω-

229 5147 329 5183 σαν
337 5171 348 5182 .

296 5220 403 5284 κζ’.
431 5221 553 5274 Ἔτι
593 5225 640 5275 εὶ
666 5223 729 5274 τὸ
755 5224 937 5292 λέγειν
960 5225 1073 5289 δύο,
1117 5228 1370 5296 χωρίζειν
1404 5230 1541 5292 ἐστὶ,
1572 5230 1689 5293 πῶς
1715 5231 1808 5283 δύο

225 5313 480 5379 λέγοντες
507 5316 602 5374 τὰς
634 5315 908 5386 ἰδιότητας
957 5319 1051 5370 καὶ
1079 5320 1235 5371 αὐτοὶ
1265 5323 1364 5387 τὴν
1389 5319 1583 5375 ἕνωσιν
1612 5325 1672 5376 οὐ
1712 5341 1808 5392 με·-

226 5403 509 5472 ριζουςινς
544 5406 688 5458 ‘AD’
712 5408 843 5471 ἴσως
870 5408 1096 5475 εἴποιεν,
1125 5411 1206 5464 ὅτι
1239 5411 1395 5465 τοῦτο
1416 5413 1673 5484 χωρίζειν
1705 5421 1804 5487 τὴν

222 5493 391 5563 φύσιν
423 5497 483 5548 ού
503 5500 774 5564 πέφυκεν·
809 5500 920 5552 ἰδοὺ
950 5504 1041 5554 καὶ
1075 5505 1133 5555 ἐν
1163 5506 1276 5567 τοῖς
1303 5505 1424 5557 καθ’
1457 5507 1684 5570 ἕκαστα,
1713 5513 1804 5560 καὶ

223 5587 284 5640 ἐν
304 5587 446 5656 αὐτῇ
475 5590 537 5658 τῇ
568 5590 701 5661 ἁγίᾳ
739 5591 958 5661 Τριὰδι,
995 5593 1212 5657 πλείους
1242 5599 1339 5664 μὲν
1370 5596 1469 5660 τὰς
1511 5598 1800 5670 ἰδιότητας,

225 5676 355 5743 μίαν
375 5677 430 5729 δὲ
453 5677 549 5748 τὴν
571 5681 736 5747 φύσιν
761 5685 980 5753 ὁρῶμεν
1005 5705 1014 5716 ·
1053 5687 1151 5739 ταῦ
1163 5705 1224 5740 τα
1250 5689 1301 5739 δὲ
1337 5691 1433 5759 οὐχ
1464 5690 1635 5753 οὕτως
1672 5710 1798 5761 φρο»

219 5767 441 5832 vni/7e;
492 5773 538 5823 οἱ
588 5773 806 5839 πλείους
872 5779 1051 5831 αὐτῶν
1093 5799 1275 5849 έξατιν,
1317 5784 1359 5834 ;Ξ
1414 5785 1506 5836 καὶ
1552 5786 1682 5855 πρ’›ς
1744 5787 1800 5839 17‘.

1917 3230 2209 3293 nientium,
2241 3230 2388 3284 unde
2424 3229 2557 3283 illud
2594 3228 2982 3291 consideratis,
3027 3225 3347 3295 respondite
3393 3241 3494 3278 nc-

1917 3322 2004 3377 bis
2041 3341 2053 3376 :
2089 3325 2132 3377 si
2167 3324 2343 3386 enim,
2377 3323 2506 3392 quia
2541 3321 2814 3391 completa
2848 3321 3037 3374 divina
3073 3327 3130 3372 et
3164 3319 3402 3372 humana
3442 3318 3494 3369 in

1916 3415 2107 3469 eadem
2137 3414 2338 3477 videtis
2365 3430 2618 3483 persona,
2650 3414 2860 3467 salvum
2896 3413 3162 3482 cujusque
3191 3409 3498 3463 naturalem

1918 3520 2227 3560 sermonem
2257 3522 2355 3574 per
2380 3506 2704 3561 idiomatum
2734 3503 3138 3558 mutuationem
3169 3501 3223 3554 in
3249 3516 3361 3554 uno
3393 3499 3498 3554 hoc

1918 3600 2224 3666 composito
2281 3598 2649 3668 cognoscitis,
2697 3595 3054 3667 perspicuum
3113 3594 3223 3648 erit
3267 3592 3414 3662 quod
3467 3607 3498 3644 (ι

1918 3689 2163 3758 perfecto
2187 3689 2424 3758 quodam
2460 3690 2626 3759 hujus
2659 3689 3013 3758 operationcs
3042 3694 3097 3739 ct
3121 3685 3404 3754 passiones
3431 3684 3497 3735 ιὲι-

1917 3780 2164 3848 perfecto
2193 3789 2383 3833 etnon
2418 3779 2484 3834 de
2520 3779 2672 3833 nullo
2704 3777 3012 3846 exponitis;
3041 3773 3496 3844 quandoquidem

1917 3870 2293 3926 necessarium
2331 3881 2388 3926 et
2416 3886 2612 3927 causas
2645 3870 2725 3924 sic
2753 3885 2873 3925 esse
2905 3878 2966 3922 ct-
2990 3869 3200 3923 servari
3232 3865 3495 3919 timeren—

1921 3971 2004 4016 tes
2038 3970 2094 4017 et
2127 3963 2429 4031 perfectas,
2465 3963 2611 4017 sicut
2645 3962 2870 4032 propria
2907 3962 3104 4015 horum
3146 3961 3405 4013 idiomata
3443 3968 3490 4010 rt

1919 4054 2283 4123 quaestiones;
2321 4070 2447 4108 cum
2477 4069 2610 4124 ergo
2644 4053 2956 4107 differentia
2993 4052 3103 4106 sint
3133 4061 3189 4105 et
3220 4049 3492 4119 duplicia,

1918 4145 2104 4199 divina
2137 4157 2193 4199 et
2225 4146 2486 4211 humana,
2511 4146 2825 4201 diﬂ‘crentia
2857 4151 3022 4199 erunt
3051 4153 3107 4198 et
3138 4143 3248 4197 duo
3285 4151 3340 4196 et
3370 4143 3490 4194 ista.

1919 4235 2045 4290 Hmc
2073 4251 2202 4290 vero
2230 4253 2350 4306 quae
2379 4252 2539 4290 causa
2569 4246 2698 4291 sunt
2721 4237 3094 4306 propriorum,
3116 4235 3246 4290 licet
3271 4242 3496 4292 natura-.-

1917 4344 2038 4383 esse
2068 4329 2441 4383 contiteamini
2462 4371 2475 4394 ,
2506 4339 2559 4383 et
2591 4329 2821 4383 duarum
2852 4345 2986 4399 ergo
3013 4338 3332 4382 naturarum
3364 4341 3493 4394 pro-

1920 4417 2094 4473 ﬂuere
2126 4421 2491 4490 proprietates
2515 4429 2570 4474 et
2594 4435 2691 4474 vos
2718 4418 3082 4474 conﬁtemini.

1983 4598 2073 4653 26.
2108 4599 2305 4654 Adhuc
2348 4599 2392 4653 si
2433 4598 2715 4668 physicam
2759 4595 3132 4652 differentiam
3176 4593 3230 4648 in
3271 4593 3494 4648 Christo

1915 4692 2275 4754 conﬁtentur,
2299 4693 2410 4761 jam
2447 4707 2580 4761 ergo
2612 4707 2848 4761 quarum
2887 4705 3070 4744 rerum
3106 4687 3492 4743 exsistentium

1913 4798 2036 4838 esse
2069 4783 2210 4837 hanc
2239 4783 2608 4837 differentiam
2630 4822 2644 4844 ,
2676 4792 2769 4836 aut
2800 4795 3034 4852 quarum
3071 4796 3179 4834 non
3219 4779 3493 4832 exsisten--

1915 4876 2052 4929 tium
2105 4874 2294 4929 dicunt
2343 4890 2466 4929 esse
2523 4875 2894 4930 ditl'erentiam
2952 4873 3006 4926 in
3061 4871 3318 4932 Christo,
3364 4885 3488 4923 cum

1911 4965 2158 5036 penitus.
2187 4965 2605 5030 exsistcntium,
2636 4966 2859 5030 dicunt;
2892 4965 2976 5019 vel
3017 4963 3252 5019 duarum
3292 4960 3490 5015 harum

1911 5058 1996 5112 vel
2025 5058 2266 5128 plurium
2294 5057 2480 5112 dicant.
2504 5075 2634 5128 ergo
2662 5075 2896 5122 quarum
2928 5058 3127 5111 harum
3151 5054 3345 5108 volunt
3367 5069 3488 5108 esse

1910 5150 2057 5204 illam
2077 5192 2090 5213 ,
2121 5159 2174 5204 et
2201 5166 2310 5204 non
2346 5159 2709 5220 pra’eavcaut.

1978 5242 2066 5295 27.
2094 5243 2287 5296 Adhuc
2324 5243 2368 5297 si
2403 5243 2591 5297 dicere
2631 5243 2763 5306 duo,
2789 5242 3041 5296 dividere
3073 5250 3177 5302 est,
3209 5237 3488 5308 quomodo

1909 5335 2002 5404 qui
2045 5335 2182 5389 duas
2224 5337 2421 5415 dicunt
2455 5335 2824 5405 pr0prietates
2859 5343 2916 5389 et
2951 5335 3052 5404 ipsi
3095 5331 3484 5388 adunationem

1907 5442 2019 5480 non
2068 5427 2360 5482 dividunt?
2409 5427 2516 5482 Sed
2571 5428 2828 5482 similiter
2874 5426 3096 5489 dicant,
3147 5421 3294 5493 quod
3350 5422 3481 5475 illuzl

1907 5526 2188 5584 naturam,
2220 5535 2327 5571 non
2359 5518 2566 5572 divisit.
2596 5519 2736 5573 Ecce
2762 5519 2908 5572 enim
2942 5527 2997 5572 et
3047 5517 3100 5571 in
3140 5515 3306 5568 rebus
3361 5531 3482 5583 qun-

1908 5623 2004 5676 per
2034 5609 2244 5678 singula
2274 5609 2642 5676 inspiciuntur
2664 5616 2720 5661 et
2752 5608 2805 5660 in
2840 5611 2954 5677 ipsa
2980 5613 3164 5660 sancta
3190 5602 3478 5657 Trinitatr.

1907 5699 2089 5767 plures
2131 5699 2352 5768 quidem
2405 5700 2797 5770 proprietates,
2837 5713 2998 5751 uuam
3045 5711 3178 5750 vero
3230 5703 3480 5748 naturam

1907 5789 2184 5855 videmus;
2241 5790 2352 5842 lui—ur.
2398 5806 2524 5842 vero
2581 5806 2685 5842 non
2739 5789 2816 5842 sis
2869 5786 3176 5855 rogitantes
3231 5781 3479 5852 pit‘riqm‘.
