4094 6334
616 360 745 422 1787

1866 366 2174 427 LEONTII
2218 363 2393 423 BYZA
2407 362 2524 420 NT]
2540 362 2613 419 N1

3712 354 3847 417 1788

609 486 799 524 eorum
843 470 1061 535 dicunt,
1098 471 1227 525 licet
1270 488 1370 543 pro
1415 490 1597 527 rerum
1650 483 1795 529 statu
1845 479 1972 531 talia
2021 477 2177 530 nobis

2283 473 2456 540 παρὸν
2486 472 2611 523 τάδε
2647 471 2781 539 ἡμῖν
2813 469 3229 538 προϐάλλονται,
3255 467 3326 530 ὡς
3365 469 3420 517 ὲν
3452 469 3657 536 ἑτέροις
3711 470 3845 521 ἐδεί-

612 559 913 628 proferant,
945 561 1088 615 sicut
1128 561 1182 614 in
1220 564 1436 617 caneris
1474 571 1842 618 monstratum
1883 574 1986 619 est.
2024 565 2177 619 Atta-

614 664 734 703 men
764 648 1012 705 dicamus
1044 652 1110 704 ad
1142 652 1291 721 ipsos
1321 672 1333 704 :
1366 652 1468 720 Qui
1494 669 1626 723 ergo
1654 656 1799 709 circa
1827 658 1970 725 ipsas
1997 656 2180 731 dicitis

608 740 720 793 duo
748 756 876 804 vos,
906 758 1028 811 qua:
1058 742 1314 809 fuerunt,
1347 760 1455 797 non
1486 756 1765 813 naturam,
1792 747 1888 801 sed
1921 748 2177 817 byposta-

609 847 699 886 Sea
731 847 1091 900 personarum
1126 835 1296 888 iunius
1334 844 1541 889 natura:
1577 835 1852 901 dividere;
1890 852 2014 890 nam
2052 851 2180 906 pro-

612 923 937 990 prietatibus
986 925 1117 993 ipsa).
1159 925 1506 990 dividuntur,
1537 934 1593 980 et
1635 926 1937 981 secundum
1978 942 2077 980 vos
2123 936 2179 980 et

609 1012 914 1065 secundum
950 1028 1050 1067 nos
1085 1032 1097 1066 :
1128 1000 1395 1078 dicentes,
1426 1016 1670 1084 inquam,
1700 1016 1849 1069 circa
1881 1016 2024 1084 ipsas
2055 1024 2176 1069 tan-

613 1112 725 1155 tum
776 1104 1141 1171 pr0prietates
1181 1104 1248 1158 de
1290 1103 1511 1159 Christo
1555 1105 1961 1174 duplicitatem.
2000 1104 2175 1175 hype.

607 1203 784 1249 stases
817 1211 1179 1263 personarum
1215 1196 1353 1252 duas
1382 1198 1536 1252 scitis
1592 1198 1827 1262 Christi,
1857 1198 1961 1252 etsi
2012 1212 2175 1251 unam

607 1284 726 1350 cjtts
758 1294 1003 1337 naturam
1029 1285 1389 1341 confitemini.
1414 1286 1571 1353 Quod
1608 1288 1752 1341 absit
1787 1304 1817 1341 a
1849 1288 2036 1352 vobis,
2068 1288 2176 1342 fra-

612 1383 751 1437 tres,
777 1374 1087 1429 admittere.
1117 1376 1175 1430 Si
1210 1387 1391 1431 autem
1427 1378 1627 1432 dicatis
1659 1393 1760 1432 nec
1788 1387 2040 1431 naturam
2074 1392 2177 1432 nec

610 1464 946 1531 hypostasim
977 1466 1347 1536 proprietates
1380 1466 1660 1532 dividere,
1686 1482 1790 1521 nec
1819 1468 2019 1522 Paulus
2045 1483 2175 1546 ergo

607 1568 638 1607 a
670 1554 865 1619 Petro,
896 1571 997 1610 nec
1026 1572 1054 1610 a
1088 1558 1248 1611 Patre
1280 1558 1453 1612 Filius
1480 1558 1783 1613 secundum
1815 1558 1946 1627 quid
1975 1558 2175 1612 discer-

609 1645 789 1707 nitur,
834 1654 1031 1700 natura
1079 1648 1289 1718 quippe
1328 1649 1522 1713 iidem,
1563 1648 2003 1719 proprietatibus
2043 1663 2177 1703 vero

611 1735 1076 1805 indistinguibiles
1102 1747 1157 1792 et
1189 1747 1322 1793 notu
1352 1732 1750 1807 impossibiles.‘

2280 563 2405 631 χθη.
2439 561 2583 629 Πλὴν
2633 563 2879 628 εἴποιμεν
2910 558 3042 627 πρὸς
3083 558 3279 621 αὐτούς
3305 574 3319 589 ·
3361 558 3512 611 Ἐπεὶ
3565 556 3658 611 οὖν
3708 566 3845 623 κατὰ

2278 652 2476 713 ταύτας
2494 652 2683 719 λέγετε
2711 651 2770 702 τὸ
2800 650 2891 701 δύο
2920 649 3107 719 ὑμεῖς,
3130 650 3185 701 αἳ
3218 649 3487 716 πέφυκαν.
3519 650 3579 701 οὑ
3613 649 3708 717 τὴν
3743 650 3844 716 φύ-

2281 761 2363 796 σιν
2411 741 2682 813 χωρίζειν,
2740 740 2876 794 ἀλλὰ
2918 740 3013 802 τὰς
3047 740 3379 801 ὑποστάσεις
3408 738 3517 791 τῶν
3538 742 3845 809 προσώπων

2277 833 2376 901 τῆς
2404 832 2533 901 μιᾶς
2588 830 2803 899 φύσεως
2826 846 2838 859 ο
2874 833 2989 891 ταῖς
3022 828 3126 899 γὰρ
3183 830 3437 899 ἰδιότησιν
3491 824 3649 883 αὗται
3678 830 3844 899 χωρί-

2277 923 2477 987 ζονται,
2517 922 2638 975 καθ’
2679 923 2822 992 ὑμᾶς
2846 938 2907 973 τε
2947 921 3041 973 καὶ
3092 920 3212 973 καθ’
3247 922 3413 989 ἡμᾶς,
3454 921 3701 987 λέγοντες
3738 923 3844 989 ἄρα

2277 1012 2416 1067 κατὰ
2445 1012 2645 1075 ταύτας
2679 1013 2839 1082 μόνον
2861 1012 3026 1082 ἤγουν
3050 1013 3148 1073 τὰς
3176 1012 3447 1081 ἰδιότητας
3483 1011 3576 1063 ἐπὶ
3610 1012 3847 1080 Χριστὸν

2274 1106 2374 1174 τὴν
2396 1105 2586 1169 δυάδα,
2619 1104 2712 1167 τὰς
2738 1104 3066 1165 ὑποστάσεις
3110 1103 3217 1155 τῶν
3261 1101 3568 1171 προσώπων
3599 1102 3692 1154 δύο
3730 1103 3841 1155 ἴστε

2276 1194 2368 1247 τοῦ
2403 1196 2661 1265 Χριστοῦ,
2710 1197 2758 1247 εί
2807 1195 2901 1247 καὶ
2956 1195 3085 1263 μίαν
3113 1195 3213 1263 τὴν
3265 1193 3427 1261 φύσιν
3461 1193 3628 1246 αὑτοῦ
3661 1195 3846 1264 ὁμολο-

2275 1288 2421 1354 γεῖτε
2443 1303 2455 1316 ·
2495 1288 2632 1357 ὅπερ
2660 1285 2734 1355 μὴ
2760 1285 2845 1355 εἴη
2878 1284 3048 1353 ὑμᾶς,
3079 1284 3321 1353 ἀδελφοὶ,
3348 1285 3736 1354 καταδέχεσθαι
3758 1303 3771 1315 ·
3795 1289 3845 1337 εἰ

2273 1376 2328 1428 δὲ
2350 1377 2552 1429 είποιτε
2590 1377 2725 1445 μήτε
2755 1376 2852 1447 τὴν
2875 1375 3036 1443 φύσιν
3092 1374 3229 1443 μήτε
3266 1374 3363 1443 τὴν
3416 1374 3713 1428 ὑπόστασιν
3745 1375 3845 1437 τὰς

2279 1465 2547 1533 ἰδιότητας
2581 1465 2857 1535 χωρίζειν,
2893 1464 3017 1517 οὑτε
3051 1464 3261 1527 Παῦλος
3317 1463 3425 1534 ἄρα
3456 1464 3684 1534 Πέτρου,
3722 1463 3847 1517 οὔτε

2274 1555 2368 1610 τοῦ
2398 1556 2612 1627 Πατρὸς
2643 1556 2814 1618 ὁΥίός
2836 1556 2975 1608 κατά
3000 1572 3052 1607 τι
3081 1554 3434 1624 διακρίνεται,
3466 1557 3532 1625 τῇ
3563 1556 3662 1624 μὲν
3681 1554 3847 1622 φύσει

2274 1649 2426 1710 ὄντες
2458 1647 2663 1711 ταυτοὶ,
2693 1648 2811 1709 ταῖς
2838 1645 2896 1699 δὲ
2926 1645 3181 1715 ἰδιότησιν
3212 1645 3517 1714 ἀδιάκριτοι
3554 1646 3647 1698 καὶ
3690 1645 3847 1699 ἀδιά-

2275 1757 2531 1808 γνωστοι.

677 1826 764 1880 28.
795 1827 851 1881 Si
882 1828 1259 1883 diversitatem
1292 1805 1513 1892 dicunt,
1538 1837 1595 1884 et
1619 1805 1992 1899 duplicitatem
2020 1826 2173 1898 peni-

2288 1805 2297 1808 -
2349 1837 2450 1886 κη’.
2484 1830 2545 1883 Et
2567 1828 2831 1899 διαφορὰν
2859 1828 3099 1897 λέγουσι,
3138 1828 3228 1880 καὶ
3250 1827 3413 1881 δυάδα
3432 1828 3647 1890 πάντως
3670 1830 3849 1881 εἰπεῖν

611 1924 697 1969 tus
739 1917 1115 1972 ditl'erentium
1158 1918 1344 1973 dicere
1392 1928 1683 1990 cogentur;
1728 1935 1851 1973 nam
1896 1916 1953 1972 et
1990 1916 2173 1973 rerum

605 2008 838 2061 diversa:
864 2016 1075 2063 natura:
1100 2010 1467 2072 enumeratio,
1490 2019 1547 2064 et
1570 2009 1934 2064 accidentium
1961 2018 2176 2081 mutan-

608 2098 1069 2151 tium‘secundum
1098 2099 1255 2168 quid,
1280 2111 1375 2156 aut
1403 2103 1621 2155 tandem
1649 2100 1923 2156 nudarum
1957 2101 2174 2155 numeri

606 2188 847 2258 partium
892 2197 988 2243 aut
1033 2191 1320 2246 subtilium
1368 2192 1729 2261 quarumdam
1779 2192 2173 2262 cogitationum

605 2280 649 2333 si
693 2279 849 2334 ﬁeret
886 2280 1121 2344 mentio,
1155 2297 1223 2336 ex
1259 2282 1571 2338 diﬂ'erentia
1610 2298 1732 2374 qua:
1769 2284 1984 2338 exsistit
2026 2285 2173 2338 circa

610 2370 872 2433 verbum,
905 2372 991 2425 vel
1035 2373 1287 2427 ordinem
1328 2374 1414 2428 vel
1458 2370 1705 2444 tempus,
1740 2375 1821 2429 vel
1868 2376 2047 2429 locum
2088 2375 2173 2430 vel

607 2461 874 2527 habitum,
901 2463 1065 2517 etilla
1101 2464 1386 2519 evidenter
1410 2464 1719 2535 praecedet:
1760 2473 1856 2519 aut
1891 2480 2024 2535 ergo
2064 2481 2173 2519 non

605 2549 997 2616 diﬂerentiam,
1025 2562 1121 2606 aut
1146 2559 1202 2608 et
1228 2569 1520 2609 numerum
1551 2554 1926 2609 differentium
1953 2564 2174 2610 natura-

607 2656 726 2693 rum
752 2641 959 2697 dicant.

674 2731 826 2795 29.8i
852 2749 882 2788 e
908 2733 1127 2789 duobus
1150 2735 1398 2792 dicentes
1419 2738 1631 2793 naturis
1652 2737 1954 2803 Christum,
1976 2754 2172 2807 nempe

604 2838 637 2876 e
664 2825 957 2878 communi
1001 2824 1289 2881 divinitate
1332 2836 1390 2882 et
1428 2828 1798 2893 humanitate,
1830 2830 1967 2884 duas
2010 2831 2173 2885 hasce

604 2920 661 2966 et
711 2921 836 2983 post
882 2914 1274 2970 a‘dunationem
1323 2933 1434 2972 non
1481 2930 1849 2989 cognoscunt,
1891 2936 2021 2990 ergo
2064 2937 2172 2974 non

606 3012 942 3074 cognoscunt
991 3016 1115 3076 post
1163 3008 1531 3063 (economiam
1570 3010 1964 3065 incarnationis
2012 3011 2172 3066 Verbi

607 3109 930 3149 communes
955 3094 1094 3149 duas
1124 3096 1484 3151 humanitatis
1508 3105 1565 3151 et
1588 3096 1895 3151 divinitatis
1926 3106 2171 3165 naturas,
2198 3133 2242 3195 C

609 3200 709 3239 nec
734 3187 1026 3254 separatim
1057 3202 1151 3241 eas
1176 3196 1503 3253 numerant,
1528 3203 1631 3242 nec
1658 3202 1780 3242 esse
1809 3202 2037 3256 prorsus
2067 3189 2175 3244 duo

607 3274 788 3330 adhuc
810 3276 1083 3346 reliquum
1116 3277 1308 3332 dicunt
1334 3295 1347 3331 :
1375 3282 1502 3331 nam
1534 3293 1563 3331 a
1589 3278 1909 3349 duplicitate
1936 3296 2176 3337 cessasse

609 3368 953 3422 contendunt
982 3369 1099 3424 haec
1124 3386 1153 3423 a
1182 3370 1384 3439 quibus
1408 3370 2017 3427 exsurrexit‘adunatio.
2043 3373 2176 3428 Esse

607 3472 738 3512 vero
763 3474 827 3512 ea
858 3473 1180 3514 communes
1205 3468 1431 3514 naturas
1459 3459 1815 3516 conﬁtentur.

661 3547 762 3602 50.
802 3548 861 3603 Si
904 3559 1191 3619 propterea
1241 3551 1388 3620 quod
1426 3560 1749 3606 naturarum
1791 3552 2051 3608 adunatio
2092 3562 2177 3610 est

610 3653 771 3692 unam
823 3650 1163 3710 cognoscunt
1204 3650 1459 3697 naturam
1515 3658 1578 3697 ea
1628 3658 1751 3712 quae
1798 3655 2177 3699 convenerunt

610 3728 762 3794 ﬁeri,
790 3738 846 3783 et
877 3730 1007 3798 quia
1040 3738 1361 3784 naturarum
1396 3730 1708 3787 diﬂ‘erentia
1740 3743 1854 3798 est,
1887 3733 2025 3789 duas
2062 3736 2177 3789 haec

607 3828 953 3889 cognoscant.
988 3818 1107 3873 Non
1145 3820 1290 3874 enim
1332 3820 1479 3889 quod
1520 3822 1623 3891 ipsi
1664 3832 1747 3876 est
1784 3823 1853 3876 ob
1892 3824 2177 3888 adunatio—

609 3924 766 3973 nem,
813 3908 947 3963 illud
995 3920 1051 3964 et
1094 3909 1165 3964 ob
1214 3910 1581 3967 differentiam
1633 3913 1933 3982 putabunt,
1974 3914 2070 3969 sed
2120 3915 2175 3969 in

607 4000 781 4056 altero
824 4000 993 4055 verbo
1034 4002 1291 4057 alterum.
1322 4003 1458 4058 Cum
1505 4020 1634 4076 ergo
1671 4015 1726 4061 et
1760 4006 2067 4061 essentialis
2108 4007 2177 4062 iis

608 4108 729 4161 quae
756 4095 1096 4149 conveniunt
1122 4095 1289 4150 rebus
1317 4097 1651 4161 differentia,
1678 4108 1734 4152 et
1757 4098 1964 4169 adjecta
1990 4113 2177 4153 essen-

611 4185 702 4238 tiis
732 4184 1015 4251 adunatio,
1044 4186 1185 4241 bene
1213 4189 1483 4243 essentias
1513 4190 1737 4259 proprio
1768 4190 1901 4260 ipsis
1924 4206 2175 4246 sermone

608 4275 1022 4340 discernentes,
1074 4276 1217 4331 duas
1276 4278 1512 4332 dicimus
1570 4295 1764 4349 nempe
1820 4280 2173 4347 diversitate;

608 4369 899 4437 personam
924 4384 1055 4423 vero
1085 4368 1219 4438 ipsis
1247 4383 1410 4422 unam
1441 4369 1777 4423 adunatione
1806 4370 2103 4424 credimus.

680 4567 997 4637 3l.‘Adbuc
1036 4567 1215 4623 omnis
1251 4566 1539 4637 compositi
1582 4565 1806 4635 perfecti
1840 4581 1942 4620 nec
1981 4581 2176 4635 super-

607 4659 926 4723 abundare,
975 4675 1078 4713 nec
1131 4658 1368 4714 deﬁcere
1420 4667 1639 4727 oportet
1688 4672 2033 4721 sermonem,
2081 4657 2177 4712 sed

609 4750 969 4806 sufﬁcientem
1014 4766 1165 4817 esse;
1207 4750 1504 4821 duplicitas
1546 4750 1723 4820 prima
1762 4749 2089 4819 compositio
2123 4758 2179 4805 et

606 4838 819 4907 primus
854 4837 1129 4894 suiliciens
1164 4855 1461 4903 numerus;
1495 4840 1771 4909 quomodo
1804 4854 1936 4908 ergo
1971 4838 2177 4908 impor-

610 4939 801 4984 tunum
841 4930 949 4984 erit
986 4931 1053 4985 de
1088 4931 1413 5000 compositis
1452 4934 1667 4984 naturis
1701 4938 1757 4985 et
1789 4945 1958 4984 unum
1995 4929 2176 4999 perfe-

608 5030 757 5071 ctum
792 5020 1231 5089 complentibus,
1263 5020 1643 5090 duplicitatem
1670 5020 1886 5082 dicere,
1918 5018 2179 5089 hyposta-

608 5125 730 5165 seos
763 5126 893 5165 vero
928 5111 1229 5165 unitatem?
1262 5112 1383 5166 Non
1414 5111 1562 5165 enim
1596 5110 1663 5164 ad
1699 5110 1933 5165 invicem
1972 5124 2177 5165 conve-

610 5210 808 5261 nerunt
832 5202 954 5257 duae
982 5198 1306 5274 hypostases
1329 5204 1475 5258 sicut
1497 5215 1553 5258 et
1581 5211 1812 5256 natura}.

677 5294 765 5347 52.
804 5293 998 5347 Adhuc
1042 5295 1224 5349 omnis
1274 5296 1457 5350 unitas
1506 5296 1554 5349 si
1605 5294 1829 5348 omnino
1880 5294 1934 5347 in
1982 5293 2175 5348 eodem

607 5401 772 5440 sensu
796 5386 1091 5441 verborum
1123 5389 1424 5442 secundum
1451 5403 1620 5441 unum
1647 5387 1715 5442 de
1744 5387 1927 5456 aliquo
1950 5386 2175 5451 dicitur,

607 5482 664 5528 et
708 5474 1004 5544 duplicitas
1047 5485 1171 5530 ante
1216 5476 1420 5533 dictam
1468 5477 1522 5530 in
1567 5491 1633 5531 eo
1680 5475 1981 5531 secundum
2032 5476 2175 5531 idem

610 5563 984 5631 duplicitatem
1025 5575 1113 5620 est
1149 5566 1339 5621 etiam.
1374 5566 1429 5622 Si
1470 5583 1601 5621 vero
1646 5576 1767 5637 post
1800 5566 2177 5636 duplicitatem

609 5654 848 5719 dicatur,
876 5648 969 5712 aut
994 5674 1100 5712 non
1130 5658 1184 5712 in
1211 5659 1402 5714 eodem
1430 5659 1636 5713 dicitur
1662 5658 1954 5712 verborum
1988 5672 2174 5719 sensu,

609 5762 703 5803 aut
740 5748 921 5808 unitas
959 5766 1066 5805 non
1106 5761 1210 5806 est.
1244 5751 1359 5806 Non
1398 5750 1542 5805 enim
1590 5751 1752 5804 habet
1791 5760 2035 5803 naturam
2083 5759 2176 5804 aut

2276 1924 2382 1977 τῶν
2442 1922 2832 1992 διαφερόντων,
2888 1919 3394 1989 ἀναγκασθήσονται
3425 1919 3667 1989 δηλονότι
3692 1935 3705 1948 ’
3734 1919 3848 1970 τῶν

2274 2032 2332 2067 τε
2364 2016 2470 2085 γὰρ
2502 2014 2809 2083 ἑτεροφυῶν
2844 2012 3187 2084 πραγμάτων
3231 2013 3263 2082 ἡ
3296 2011 3697 2082 ἀπαρίθμησις,
3735 2010 3849 2063 τῶν

2274 2122 2332 2158 τε
2364 2102 2787 2173 συμῦεσηκὸτων
2824 2102 2932 2155 τῶν
2965 2101 3398 2166 ἑξαλλασσόντων
3434 2102 3575 2153 κατά
3597 2118 3669 2165 τι,
3713 2101 3745 2171 ἢ
3782 2099 3855 2152 τό

2277 2212 2338 2264 γε
2377 2194 2623 2264 ἔσχατον,
2648 2193 2869 2262 γυμνῶν
2896 2192 3006 2246 τῶν
3035 2191 3129 2244 τοῦ
3168 2190 3402 2260 ἀριθμοῦ
3447 2191 3653 2260 μορίων
3683 2191 3715 2259 ἢ
3751 2192 3849 2259 qn-

2274 2284 2381 2337 λῶν
2412 2301 2573 2337 τινων
2607 2285 2791 2352 ὲπινοη
2802 2284 2987 2352 μάτων
3025 2284 3073 2334 εἰ
3102 2282 3309 2349 γένοιτο
3337 2282 3600 2351 μέτρησις
3652 2281 3715 2334 ὲκ
3743 2280 3850 2348 τῆς

2274 2376 2535 2444 διαφορᾶς
2569 2377 2667 2445 τῆς
2708 2373 2851 2427 κατὰ
2883 2372 3120 2442 λόγον,ἢ
3150 2371 3324 2437 τάξιν,
3353 2371 3386 2440 ἢ
3411 2371 3621 2441 χρόνον,
3661 2372 3693 2441 ἢ
3751 2373 3849 2424 τό-

2277 2486 2397 2535 πον,
2424 2470 2455 2538 ἢ
2499 2468 2704 2538 σχέσιν,
2736 2468 2831 2520 καὶ
2858 2464 2997 2536 αὕτη
3039 2464 3376 2536 προϐήσεται
3407 2463 3592 2530 σαφῶς
3611 2480 3627 2495 ο
3682 2464 3714 2534 ἢ
3742 2459 3850 2516 οὖν

2278 2567 2412 2631 μήτε
2446 2561 2729 2629 διαφορὰν,
2780 2561 2811 2629 ἢ
2872 2559 2963 2610 καὶ
3013 2556 3102 2609 τὸν
3132 2555 3366 2627 ἀριθμὸν
3393 2555 3701 2624 λεγέτωσαν
3736 2557 3850 2611 τῶν

2273 2651 2639 2721 διαφερουσῶν
2668 2651 2903 2717 φύσεων.

2345 2741 2446 2795 κθ’.
2488 2744 2551 2795 Et
2591 2746 2655 2795 ὲκ
2704 2740 2798 2795 δύο
2836 2741 3085 2809 λέγοντες
3131 2738 3347 2807 φύσεων
3378 2739 3467 2792 τὸν
3508 2738 3740 2808 Χριστὸν
3767 2737 3851 2800 ὡς

2275 2837 2338 2887 ἐκ
2370 2835 2466 2901 τῆς
2496 2829 2676 2901 κοινῆς
2706 2833 2957 2902 θεότητος
2982 2831 3078 2884 καὶ
3115 2830 3555 2901 ἁνθρωπότητος,
3589 2829 3683 2882 δύο
3708 2830 3850 2882 τάσ-

2273 2923 2328 2975 δε
2360 2924 2456 2975 καὶ
2480 2923 2619 2991 μετὰ
2648 2921 2744 2991 τὴν
2774 2921 2969 2975 ἕνωσιν
3001 2920 3062 2974 οὑ
3098 2918 3481 2988 γινώσκουσιν,
3509 2919 3615 2987 ἄρα
3633 2936 3695 2987 γε
3724 2918 3851 2971 οὑδὲ

2278 3016 2425 3066 ἴσασι
2485 3013 2624 3084 μετὰ
2691 3014 2789 3082 τὴν
2854 3010 3171 3082 οἰκονομίαν
3227 3010 3329 3080 τῆς
3374 3009 3701 3082 σαρκώσεως
3747 3007 3851 3062 τοῦ

2275 3102 2449 3170 Λόγου
2481 3103 2575 3163 τὰς
2600 3102 2784 3164 κοινὰς
2815 3100 2909 3153 δύο
2931 3101 3123 3169 φύσεις
3155 3100 3575 3171 ἀνθρωπὸτητος
3605 3100 3700 3153 καὶ
3729 3099 3851 3151 θεέ-

2276 3205 2462 3261 τητος.
2512 3192 2634 3245 οὐδὲ
2678 3191 3053 3262 διωρισμένως
3100 3191 3269 3254 αὑτὰς
3322 3189 3676 3260 ἀριθμοῦσιν,
3724 3188 3852 3241 οὑδὲ

2277 3276 2416 3333 εἶναι
2454 3279 2590 3341 ὅλως
2639 3278 2732 3331 δύο
2786 3278 2865 3331 ἐτι
2894 3278 3083 3333 λοιπόν
3114 3296 3246 3347 φασι
3267 3296 3280 3310 ·
3313 3278 3439 3332 τάδε
3492 3278 3599 3351 γὰρ
3629 3277 3852 3330 πεπαῦ-

2278 3370 2400 3423 σθαι
2434 3370 2531 3439 τῆς
2577 3369 2767 3434 δυάδος
2802 3370 2968 3439 φασιν
3017 3364 3099 3432 οἷς
3147 3370 3517 3438 προσγέγονεν
3546 3369 3578 3439 ἡ
3614 3367 3809 3431 ἕνωσις
3834 3385 3849 3399 ο

2275 3455 2416 3513 εἶναι
2445 3461 2501 3513 δὲ
2532 3459 2725 3527 ταῦτα,
2751 3461 2849 3524 τὰς
2883 3460 3072 3523 κοινὰς
3103 3459 3295 3529 φύσεις
3322 3458 3700 3530 ὁμολογοῦσιν.

2344 3551 2406 3603 λ’.
2444 3552 2504 3603 Et
2536 3551 2623 3603 διὰ
2673 3552 2734 3604 τὸ
2780 3554 2899 3615 ταῖς
2937 3551 3165 3620 φύσεσιν
3212 3550 3458 3620 ἡνῶσθαι
3516 3550 3645 3621 μίαν
3673 3551 3855 3606 οτδασι

2277 3644 2441 3710 φύσιν
2491 3644 2559 3696 τὰ
2614 3644 2962 3709 συνελθόντα,
2998 3645 3091 3697 καὶ
3114 3644 3201 3696 διὰ
3229 3643 3291 3695 τὸ
3321 3644 3516 3711 φύσεσι
3544 3644 3853 3715 διαφέρειν,

2273 3733 2366 3786 δύο
2383 3732 2551 3786 ταῦτα
2581 3735 3030 3801 γινωσκέτωσαν*
3054 3735 3141 3789 διά
3161 3752 3220 3788 τε
3246 3735 3356 3809 γὰρ
3379 3736 3573 3789 ἕνωσιν
3601 3735 3658 3791 ἓν
3681 3736 3853 3807 πρόσ-

2275 3842 2440 3878 ωπον.
2473 3830 2566 3877 καὶ
2590 3825 2677 3877 διὰ
2708 3826 2807 3895 τὴν
2841 3825 3105 3895 διαφορὰν
3152 3826 3209 3880 αἱ
3255 3826 3349 3879 δύο
3384 3827 3609 3895 φύσεις·
3646 3827 3707 3892 οὑ
3736 3828 3851 3900 γὰρ

2275 3914 2410 3982 ὅπερ
2443 3914 2592 3981 αὐτῷ
2622 3915 2739 3967 ἐστι
2773 3916 2863 3968 διὰ
2892 3916 2992 3985 τὴν
3023 3915 3239 3980 ἕνωσιν,
3266 3914 3427 3969 τοῦτο
3470 3918 3586 3970 και
3610 3917 3700 3970 διὰ
3746 3917 3851 3988 τὴν

2274 4000 2538 4071 διαφορὰν
2570 4002 2965 4071 ὑπολήψονται,
2997 4003 3113 4057 ἀλλ’
3151 4005 3208 4056 ὲν
3252 4003 3467 4074 θατέρῳ
3496 4004 3574 4075 τῷ
3600 4004 3746 4074 λόγῳ
3786 4007 3850 4059 τὸ

2275 4092 2480 4163 ἕτερον.
2530 4092 2686 4145 Ἐπεὶ
2716 4088 2807 4147 οῦν
2846 4094 2939 4147 καὶ
2971 4094 3235 4166 οὑσιώδης
3267 4096 3365 4165 μὲν
3405 4099 3521 4158 τοῖς
3560 4095 3850 4149 συνελθοῦ-

2278 4199 2361 4235 σιν
2390 4184 2422 4253 ή
2469 4183 2726 4253 διαφορὰ,
2766 4183 3064 4255 ἐπίκτητος
3093 4185 3149 4238 δὲ
3182 4187 3303 4248 ταῖς
3333 4184 3596 4257 οὐσίαιςή
3628 4186 3849 4251 ἐνωσις,

2277 4274 2455 4338 καλῶς
2482 4274 2581 4337 τὰς
2614 4276 2713 4344 μὲν
2743 4276 2930 4338 οὐσίας
2968 4275 3049 4347 τῷ
3092 4276 3208 4346 ἰδίῳ
3250 4275 3430 4330 αὐτῶν
3460 4277 3604 4346 λόγῳ
3636 4277 3858 4348 διακρί-

2277 4383 2488 4429 ναντες,
2512 4365 2615 4419 ¹δύο
2649 4366 2849 4435 φαμὲν,
2874 4368 3042 4437 ἤγουν
3066 4370 3131 4436 τῇ
3171 4368 3437 4439 διαφορᾷο
3469 4368 3528 4421 τὸ
3572 4369 3628 4422 δὲ
3676 4371 3850 4440 πρόσ-

2195 4457 2248 4516 D
2274 4474 2440 4520 ωπον,
2471 4458 2662 4521 αὑταῖς
2690 4457 2748 4509 ἓν
2776 4462 2840 4528 τῇ
2870 4457 3057 4511 ἐνώσει
3084 4458 3399 4529 δοξάζομεν,

2348 4565 2451 4620 λα’.
2493 4566 2615 4618 Ἔτι
2656 4565 2860 4626 παντὸς
2919 4564 3177 4619 συνθέτου
3230 4565 3444 4619 τελείου
3486 4566 3613 4621 οῦτε
3668 4585 3851 4638 περιτ-

2278 4654 2458 4708 τεύειν
2496 4653 2622 4707 οὔτε
2649 4654 2919 4707 ἐλλείπειν
2942 4654 3025 4706 δεῖ
3061 4655 3153 4707 τὸν
3184 4655 3363 4723 λόγον,
3400 4656 3514 4708 ἀλλ’
3551 4656 3736 4729 ἄρτιον
3767 4654 3852 4710 εἷ-

2279 4764 2365 4800 ναι
2388 4764 2400 4777 ·
2437 4746 2572 4809 δυὰς
2619 4746 2685 4799 δὲ·
2714 4744 2913 4816 πρώτη
2967 4741 3240 4810 σύνθεσις,
3271 4749 3367 4800 καὶ
3399 4748 3617 4817 πρῶτος
3662 4750 3853 4821 ἄρτιος

2277 4838 2536 4908 ἀριθμός·
2563 4838 2679 4900 πῶς
2712 4833 2805 4890 οῦν
2838 4837 3186 4909 ἀπρόσφορον
3210 4838 3361 4891 ἐσται
3393 4841 3488 4891 ἐπὶ
3518 4841 3625 4893 τῶν
3667 4857 3853 4895 συντε-

2279 4928 2475 4981 θεισῶν
2514 4928 2729 4996 φύσεων
2767 4927 2861 4981 καὶ
2904 4928 2965 4980 τὸ
2997 4926 3055 4980 ἓν
3096 4928 3303 4980 τέλειον
3338 4929 3853 5005 πληρουσῶνγδυάδα

2277 5019 2475 5086 λέγειν,
2501 5018 2707 5087 μονάδα
2734 5017 2789 5071 δὲ
2822 5018 3215 5085 ὑποστάσεω;;
3250 5020 3309 5071 οὑ
3340 5020 3849 5093 γὰρσυνετέθησαν

2280 5110 2376 5163 δύο
2400 5111 2659 5181 ἀλλήλαις
2688 5111 2783 5163 καὶ
2814 5111 3141 5173 ὑποστάσεις
3171 5112 3246 5175 ὡς
3270 5112 3327 5163 al
3356 5112 3568 5182 φύσεις.

2352 5283 2446 5354 λβ’.
2483 5283 2606 5335 Ἔτι
2648 5285 2796 5336 πᾶσα
2834 5282 2999 5353 μονὰς
3040 5284 3089 5335 εί
3138 5284 3313 5353 πάντη
3366 5286 3421 5336 ὲν
3472 5283 3656 5355 ταυτῷ
3710 5287 3855 5356 λόγῳ

2279 5378 2497 5444 λέγεται
2544 5377 2682 5430 κατά
2714 5393 2860 5439 τινος
2892 5376 3013 5429 καθ’
3042 5375 3122 5431 ἓν.
3153 5378 3248 5428 καὶ
3297 5376 3428 5439 δυὰς
3485 5377 3592 5446 πρὸ
3641 5377 3740 5446 τῆς
3796 5382 3853 5431 ἐν

2279 5470 2427 5540 αὑτῷ
2456 5468 2601 5522 κατὰ
2640 5469 2701 5521 τὸ
2728 5456 2859 5520 αὑτὸ
2896 5468 3198 5538 λεγομένης
3230 5467 3418 5531 δυάδος
3456 5470 3605 5521 ἐστὶν
3646 5470 3769 5539 ἥδε·
3804 5477 3853 5526 εξ

2283 5564 2340 5616 δὲ
2373 5561 2510 5631 μετὰ
2543 5559 2641 5629 τὴν
2679 5559 2847 5612 δυάδα
2892 5558 3121 5627 λέγοιτο,
3155 5558 3312 5628 ἢούκ
3346 5561 3402 5610 ὲν
3431 5560 3609 5630 ταυτῷ
3634 5560 3851 5627 λέγεται

2280 5650 2484 5721 λόγῳῆ
2524 5650 2585 5701 οὑ
2622 5649 2790 5718 μονάς
2821 5652 2996 5701 ἐστιν’
3033 5648 3094 5701 οὑ
3127 5649 3233 5718 γὰρ
3266 5648 3376 5718 ῑχει
3414 5648 3574 5711 φύσιν
3622 5651 3652 5719 ἢ
3698 5651 3849 5714 τάξιν

2284 5744 2339 5795 ἕν
2385 5759 2488 5794 τινι
2517 5740 2590 5808 τῷ
2622 5739 2773 5810 αὑτῷ
2817 5757 2939 5792 ποτε
2990 5739 3158 5810 μονὰς
3192 5738 3333 5810 μετὰ
3379 5742 3477 5811 τὴν
3522 5741 3682 5797 δυάδα
3715 5743 3848 5795 (icon
