4094 6334
258 397 391 463 1739

1390 409 1686 470 CONTRA
1739 413 1788 471 M
1800 413 2047 509 0N0?!)
2059 417 2333 475 YSl'l‘AS.

3372 417 3502 480 1790

254 507 487 595 ρείσθαι.
534 506 659 569 Πῶς
705 504 804 563 οὖν
835 510 881 561 εί
919 511 1033 582 τὴν-
1059 512 1229 582 αὓτὴν
1278 508 1424 569 εἷναί
1447 534 1582 584 φασι
1625 521 1743 581 ταῖς
1772 520 1814 579 ἐξ

1930 523 2335 577 ordinationem
2396 524 2451 577 in
2512 524 2699 594 aliquo
2762 526 2957 581 eodem
3013 540 3255 595 unquam
3324 525 3505 579 unitas

250 588 327 648 ὧν
353 599 465 649 ἐστι
494 598 690 664 φύσεσι
724 602 827 670 τὴν
862 602 989 670 μίαν
1016 604 1196 672 φύσιν,
1227 606 1357 668 δυὰς
1386 609 1610 677 πρῶτον
1634 610 1823 679 γέγονε

250 687 466 751 φύσεων
496 690 590 741 καὶ
615 690 739 742 τότε
781 693 950 761 μονὰς
979 694 1192 761 φύσεως
1217 714 1231 762 ;
1268 698 1341 767 μὴ
1378 698 1695 771 ὑπαρξάσης
1717 702 1825 769 γὰρ

254 780 480 843 μονάδος
522 781 667 834 κατά
696 799 772 846 τι,
805 784 865 835 οὐ
910 784 1132 838 δυνατὸν
1170 786 1270 857 τὴν
1314 789 1453 841 κατὰ
1496 790 1654 843 τοῦτο
1698 792 1830 843 αὐτὸ

248 868 417 922 δυάδα
468 872 704 954 φανῆναι
731 889 744 907 ν
793 875 955 944 είπερ
1012 878 1075 927 ἐκ
1108 878 1336 947 μονάδος
1367 880 1400 949 ἡ
1427 880 1579 943 δυὰς,
1606 881 1699 933 καὶ
1736 882 1836 933 οὐκ

248 961 313 1011 ἐκ
338 960 533 1023 δυάδος
562 964 594 1031 ἡ
638 965 809 1032 μονάς
833 981 847 998 ο
880 966 936 1017 αἶ
959 966 1039 1017 δεῖ
1066 963 1159 1020 οὖν
1182 971 1230 1021 εί
1265 970 1616 1038 προίφθασαν
1645 971 1835 1037 φύσεις

244 1050 341 1103 δύο
367 1046 546 1114 εἶναιλ
567 1054 826 1108 οὐδέποτε
865 1057 964 1125 μία
988 1074 1072 1122 τε,
1105 1060 1198 1112 καὶ
1223 1063 1276 1112 ai
1303 1063 1465 1114 αὐταὶ
1488 1064 1831 1132 γενήσονται,

249 1142 370 1197 ἁλλ’
409 1144 441 1212 ἢ
476 1146 600 1197 κατ’
632 1146 781 1211 ἄλλο,
813 1148 844 1216 ἢ
880 1150 987 1219 πρὸ
1020 1150 1201 1203 αὐτῶν
1226 1150 1381 1205 ἔσται
1408 1154 1439 1221 ἠ
1469 1153 1590 1222 μία.

1930 620 2219 681 postquam
2252 613 2546 683 duplicitas
2576 616 2797 670 inventa
2825 627 2909 671 est
2938 634 2951 670 :
2986 615 3265 686 quomodo
3293 630 3427 687 ergo
3454 614 3501 669 si

1932 705 2179 759 eamdem
2231 720 2352 759 esse
2406 706 2601 760 dicunt
2643 723 2809 776 qnam
2865 717 3063 763 natura
3111 724 3143 762 e
3194 707 3396 777 quibus
3442 702 3504 761 ﬁt

1938 797 2102 851 unica
2142 807 2364 862 natura,
2392 797 2547 867 prius
2586 808 2911 853 naturarum
2954 799 3061 855 fuit
3099 797 3417 869 duplicitas,
3445 805 3504 852 et

1940 896 2072 941 tunc
2097 888 2279 941 unitas
2306 890 2547 943 naturae?
2575 889 2692 944 Non
2715 890 2861 944 enim
2882 890 3182 945 exsistente
3199 887 3501 943 secundum

1939 977 2148 1046 aliquid
2196 977 2429 1041 unitate,
2467 978 2735 1047 possibile
2783 987 2869 1033 est
2910 976 3501 1046 secundumjdipsum

1940 1067 2319 1136 duplicitatem
2344 1067 2553 1133 videri;
2577 1070 2830 1138 quamvis
2859 1085 2926 1123 ex
2950 1069 3157 1123 unitate
3185 1065 3497 1136 duplicitas,

1941 1167 1997 1210 et
2026 1173 2134 1211 non
2168 1173 2234 1212 ex
2267 1158 2589 1227 duplicitate
2621 1160 2837 1225 unitas;
2869 1167 3090 1229 oportet
3120 1172 3250 1228 ergo
3281 1155 3328 1210 si
3359 1170 3499 1225 prae-

247 1242 529 1289 venerunt
564 1245 776 1291 natura:
808 1237 930 1292 duae
957 1253 1114 1306 esse,
1147 1243 1303 1297 nullo
1337 1244 1500 1298 modo
1536 1253 1592 1299 et
1623 1262 1731 1301 una
1769 1254 1824 1301 et
1861 1248 2052 1302 eadem
2084 1249 2241 1314 ﬁent,
2276 1250 2372 1304 sed
2421 1261 2517 1304 aut
2583 1250 2887 1305 secundum
2937 1251 3087 1305 aliud
3122 1258 3218 1304 aut
3248 1255 3373 1303 ante
3405 1261 3499 1301 eas

242 1324 355 1376 erit
380 1341 487 1377 una
516 1326 653 1380 haec.

314 1412 419 1480 λγῖ.
467 1418 589 1469 Ἔτι
624 1420 733 1488 μὴν
777 1423 828 1473 εί
868 1423 965 1475 καὶ
1012 1423 1101 1477 διὰ
1143 1426 1244 1495 τὴν
1267 1425 1487 1490 ἕνωσιν,
1525 1429 1707 1481 οὐκέτι
1732 1428 1824 1481 δύο

239 1508 344 1571 τὰς
384 1510 480 1564 δύο
523 1513 727 1567 εἰδέναι
756 1517 891 1583 φασὶ
924 1517 1040 1594 (τὸν
1079 1520 1190 1590 γὰρ
1222 1522 1502 1591 χωρισμὸν
1533 1523 1703 1575 αἴτιον
1727 1526 1825 1593 τῆς

239 1602 440 1664 δυάδος
478 1601 618 1657 εἶναι
658 1605 920 1674 λέγουσι),
973 1608 1233 1664 «suam
1258 1611 1458 1678 αὐτῶν,
1496 1609 1605 1684 ἆρά
1641 1630 1702 1681 γε
1735 1616 1825 1666 ἐπὶ

240 1693 321 1763 τῷ
349 1694 569 1766 θανάτῳ
604 1698 698 1749 τοῦ
752 1701 955 1770 κυρίου
1002 1701 1147 1756 ῐσασι
1193 1704 1473 1773 χωρισμόν
1516 1722 1635 1758 τινα
1664 1706 1823 1758 τινῶν

240 1785 482 1851 φύσεων,
514 1788 547 1858 ἢ
570 1789 720 1857 οὐχί;
744 1790 803 1842 Εἰ
826 1793 926 1860 μὲν
947 1788 1039 1845 οὖν
1066 1795 1207 1863 οὐχὶ,
1231 1795 1506 1862 φαντασία
1531 1808 1589 1848 τε
1616 1798 1643 1848 ὁ
1662 1795 1822 1850 θάνα-

238 1892 355 1941 τος,
404 1879 503 1930 καὶ
531 1877 798 1949 ψευδὴςή
834 1883 965 1952 περὶ
1013 1885 1179 1937 αὑτοῦ
1230 1885 1356 1950 δόξα
1397 1888 1454 1939 ἐν
1474 1886 1551 1958 τῷ
1599 1872 1819 1958 Κυρίῳ’

240 1966 475 2029 Θάνατος
523 1970 635 2039 γὰρ
690 1974 971 2041 χωρισμός
1018 1977 1134 2028 ἐστι
1186 1976 1366 2047 ψυχῆς
1410 1978 1520 2037 ἀπὸ
1568 1977 1822 2046 σώματος

240 2053 685 2123 ἀναντιρΜτως·
712 2059 759 2108 εί
779 2057 833 2109 δὲ
863 2058 1031 2124 ὅντως
1050 2065 1328 2133 χωρισμὸς
1358 2065 1545 2132 γέγονε
1573 2065 1818 2132 φυσικὸς,

241 2141 463 2206 πάντως
495 2146 592 2198 καὶ
621 2148 762 2200 κατὰ
792 2150 979 2203 τούσδε
1009 2152 1103 2205 δύο
1128 2154 1317 2222 φύσεις
1339 2156 1405 2208 τὰ
1438 2158 1820 2227 κεχωρισμένα

236 2231 349 2283 τῶν
397 2233 665 2301 Χριστοῦ.
703 2239 844 2308 Ἀρα
870 2241 965 2294 οὖν
1011 2245 1061 2295 εί
1103 2245 1425 2315 ὁμολογοῦσι
1472 2247 1565 2300 τὸν
1594 2248 1821 2303 Θάνατον

235 2324 335 2375 τοῦ
376 2326 609 2395 Κυρίου,
636 2331 731 2381 καὶ
767 2331 861 2385 δύο
896 2333 1086 2400 φύσεις
1122 2337 1285 2392 αὑτοῦ
1315 2356 1466 2402 τινας
1505 2336 1647 2394 εἷναί
1688 2359 1819 2394 ποτε

235 2416 511 2469 δὼσουσι’
544 2419 706 2473 τοῦτο
740 2422 794 2475 δὲ
838 2423 871 2492 ἢ
916 2426 1016 2495 τῆς
1070 2429 1200 2497 μιᾶς
1231 2425 1321 2499 ἦν,
1356 2434 1510 2497 φασὶ,
1547 2450 1819 2504 κατακερ-

240 2508 630 2577 ματισθείσης,
685 2514 717 2583 ἢ
767 2515 958 2583 ἑτέρας
990 2518 1442 2589 ὲπιγεννηθείσης
1470 2522 1689 2592 Χριστῷ
1718 2523 1819 2591 φύε

237 2616 385 2662 σεως
403 2616 417 2629 ⁸
441 2601 817 2671 συλνογιστέον
843 2606 898 2658 δὲ
930 2608 1128 2673 αὐτοὺς
1159 2610 1238 2662 ἔτι
1268 2612 1333 2664 ὲκ
1362 2610 1590 2677 τούτων,
1624 2615 1716 2667 καὶ
1736 2615 1817 2667 ὅτι

235 2691 476 2762 ἐπείπερ
532 2696 596 2748 ἐκ
640 2695 735 2749 δύο
780 2698 998 2765 φύσεων
1052 2700 1151 2771 τὴν
1190 2704 1442 2773 γέννησιν
1494 2705 1816 2774 ὁμολογοῦσι

238 2782 502 2849 Χριστοῦ,
540 2785 605 2836 ὲκ
643 2786 895 2856 θεότητός
930 2806 989 2841 τε
1020 2791 1116 2843 καί⁸
1156 2792 1571 2865 ἀνθρωπότητος
1611 2795 1815 2865 ταύτην

238 2870 454 2925 νοοῦσιο
482 2875 561 2935 εἰς
588 2874 680 2927 δύο
716 2876 774 2928 δὲ
821 2879 1011 2946 φύσεις
1061 2881 1391 2950 διαιρεῖσθαι
1429 2885 1572 2938 κατὰ
1600 2886 1690 2937 τὸν
1719 2885 1813 2938 θά-

235 2977 403 3013 νατον
433 2963 614 3027 δόντες
643 2967 743 3019 οὐκ
770 2970 849 3028 εἰς
882 2971 1115 3037 τοιάσδε,
1149 2972 1266 3024 ἀλλ’
1291 2977 1369 3036 είς
1396 2974 1602 3046 ἄψυχον
1630 2976 1810 3046 σῶμα,

236 3052 337 3103 καὶ
389 3054 472 3114 είς
512 3054 693 3108 ἔνθεον
740 3057 915 3129 ψυχὴν
948 3061 1179 3125 ¹λέξουσι.
1225 3068 1319 3116 καὶ
1384 3066 1561 3128 αὐτοὶ,
1589 3068 1805 3138 ἀνάγκη

1849 1834 1897 1891 Β

1997 1428 2084 1482 53.
2110 1428 2307 1483 Adhuc
2338 1429 2382 1482 si
2416 1436 2642 1498 propter
2665 1428 3088 1493 adunationem,
3121 1442 3229 1482 non
3261 1429 3494 1498 amplius

1925 1518 2064 1571 duas
2098 1518 2218 1572 illas
2249 1533 2479 1572 noscere
2510 1516 2703 1571 dicunt
2730 1517 2877 1585 (nam
2907 1516 3234 1571 divisionem
3266 1516 3500 1586 duplici—

1924 1610 2054 1662 tatis
2082 1624 2302 1663 causam
2333 1624 2452 1663 esse
2509 1607 2743 1674 dicunt),
2808 1607 3206 1676 inquirendum
3290 1607 3360 1661 ab
3391 1609 3496 1669 eis,

1925 1716 2056 1754 num
2097 1700 2165 1754 de
2206 1699 2423 1753 Domini
2460 1709 2641 1754 morte
2673 1706 2911 1753 noscunt
2942 1698 3235 1766 quamdam
3270 1705 3497 1751 natura-

1924 1809 2046 1847 rum
2088 1794 2449 1862 quarumdam
2492 1791 2934 1856 distinctionem,
2972 1808 3041 1846 an
3081 1790 3229 1845 non?
3267 1790 3323 1845 Si
3366 1806 3498 1861 ergo

1924 1885 2145 1954 quidem
2176 1900 2309 1947 non,
2334 1894 2391 1938 et
2420 1883 2718 1937 ludibrium
2751 1899 2918 1947 mors,
2944 1892 3002 1937 et
3025 1876 3185 1937 fallax
3212 1882 3279 1936 de
3309 1882 3413 1938 hoc
3442 1884 3495 1935 in

1923 1978 2157 2033 Domino
2200 1978 2372 2048 gloria
2424 1995 2436 2029 :
2484 1992 2632 2030 mors
2667 1978 2814 2031 enim
2864 1976 3067 2030 divisio
3110 1984 3196 2030 est
3232 1977 3427 2029 animae
3456 1984 3493 2028 ἰι

1923 2085 2157 2140 corpore
2202 2069 2612 2134 indubitanter;
2655 2068 2699 2122 si
2736 2082 2867 2121 vero
2911 2068 3089 2137 reipsa
3121 2066 3321 2120 divisio
3355 2065 3493 2120 facta

1921 2170 2007 2217 est
2041 2161 2327 2225 naturalis,
2357 2174 2589 2229 prorsus
2627 2172 2681 2214 et
2722 2157 3025 2212 secundum
3066 2165 3291 2225 naturas
3331 2156 3494 2210 hasce

1921 2251 2096 2320 duas,
2137 2252 2191 2305 in
2241 2250 2465 2305 Christo
2510 2248 2911 2319 proprietatum
2962 2246 3242 2305 distincta.
3284 2243 3492 2300 Conse-

1920 2354 2154 2413 quenter
2179 2342 2223 2397 si
2250 2342 2454 2397 Christi
2485 2348 2721 2394 mortem
2752 2339 3109 2401 conﬁtentur,
3132 2344 3190 2391 et
3216 2336 3352 2389 duas
3373 2337 3495 2405 ejus

1920 2444 2148 2489 naturas
2171 2432 2436 2502 quasdam
2463 2447 2584 2486 esse
2610 2431 2751 2484 forte
2774 2428 3083 2483 concedent
3107 2445 3120 2479 :
3149 2425 3282 2479 illud
3308 2435 3491 2479 autem

1918 2531 2012 2576 aut
2067 2522 2230 2576 unius
2280 2521 2386 2576 illa:
2440 2534 2604 2590 quam
2660 2519 2852 2573 dicunt
2897 2517 3140 2570 minutas
3198 2516 3254 2569 in
3310 2524 3493 2584 partes

1917 2614 2142 2678 divisae,
2189 2622 2284 2668 aut
2333 2612 2562 2667 alterius
2615 2618 2927 2680 supernaue
2980 2607 3203 2663 Christo
3256 2615 3486 2660 naturas.

1915 2701 2261 2760 Concludere
2285 2718 2418 2756 vero
2446 2701 2654 2756 debent
2682 2700 2862 2754 adhuc
2891 2698 2964 2752 du
2992 2697 3121 2762 illis,
3145 2696 3277 2766 quia
3311 2710 3489 2764 quan-

1916 2795 2215 2864 doquidem
2263 2810 2294 2849 e
2338 2793 2555 2847 duabus
2594 2791 2810 2844 naturis
2851 2789 3266 2859 generationem
3317 2786 3490 2843 conli-

1918 2894 2102 2941 tentur
2147 2885 2386 2947 Christi,
2432 2899 2463 2937 e
2510 2882 2912 2935 divinitate-et
2954 2878 3299 2932 humanitate
3348 2877 3490 2932 hanc

1914 2977 2175 3047 cogitant.
2208 2975 2269 3030 In
2305 2974 2443 3029 duas
2476 2974 2608 3027 vero
2643 2979 2871 3025 naturas
2909 2967 3083 3024 dividi
3124 2968 3221 3036 per
3253 2975 3488 3021 mortem

1913 3068 2280 3124 concedentes
2308 3082 2419 3121 non
2454 3066 2508 3119 in
2542 3064 2843 3135 quaslibet,
2874 3060 2969 3115 sed
3015 3060 3071 3115 in
3110 3058 3488 3114 exanimatum

239 3142 461 3205 πάντως
488 3146 681 3213 ἑτέρας
710 3149 912 3202 εἰδέναι
961 3152 1121 3205 τάσδε
1150 3153 1249 3217 τὰς
1282 3155 1375 3207 ἐπὶ
1431 3156 1509 3226 τῷ
1541 3158 1809 3229 χωρισμῷ

1918 3175 2116 3230 corpus
2152 3167 2209 3214 et
2245 3159 2301 3213 in
2339 3159 2576 3212 animam
2619 3172 2648 3210 a
2694 3155 2807 3209 Deo
2846 3153 3168 3222 inspiratam
3210 3149 3398 3204 dicent
3433 3162 3490 3203 et

236 3236 505 3302 φανείσας
537 3237 647 3289 τῶν
679 3240 788 3310 πρὸ
816 3242 916 3308 τῆς
949 3242 1197 3307 ἐνώσεως
1241 3246 1423 3309 αὐτοῖς
1456 3247 1769 3316 λεγομένων
1791 3285 1808 3313 ,

236 3328 377 3379 ἀλλὰ
409 3330 503 3381 καὶ
542 3329 642 3398 τὴν
683 3331 817 3399 μίαν
849 3334 1011 3400 φύσιν
1069 3335 1209 3389 κατὰ
1251 3336 1437 3389 τούσδε
1469 3337 1567 3408 τὴν
1616 3340 1678 3391 ὲκ
1705 3339 1814 3391 τῶν

233 3421 461 3486 φύσεων
491 3423 588 3491 τῆς
631 3439 692 3473 τε
738 3422 991 3493 Θεὸτητος
1031 3427 1126 3478 καὶ
1169 3428 1593 3499 ἁνθρωπότητος
1621 3426 1809 3493 οὖσαν,

235 3512 438 3581 ἑτέραν
481 3508 622 3567 εἶναι
651 3512 802 3583 παρὰ
827 3514 927 3583 τὴν
956 3516 1014 3581 ἐξ
1046 3516 1231 3570 ἐνθέου
1259 3518 1440 3589 ψυχῆς
1478 3522 1570 3571 καὶ
1601 3520 1811 3590 ἀψύχου

235 3604 491 3674 σώματος
517 3606 649 3675 μίαν
678 3604 839 3673 φύσιν
866 3606 1005 3674 μετὰ
1037 3609 1137 3677 τὴν
1161 3610 1458 3663 ἀνάστασιν
1485 3611 1579 3664 τοῦ
1606 3613 1810 3681 Κυρίου

233 3699 538 3769 νοουμένην
578 3700 697 3753 κατ’
727 3699 948 3763 αὐτούς·
980 3694 1056 3754 ὧν
1098 3701 1207 3773 γὰρ
1236 3703 1468 3772 διάφορα
1543 3702 1613 3754 τὰ
1666 3703 1813 3755 ἁπλᾶ

232 3792 405 3859 μέρη,
436 3790 671 3861 διάφορα
694 3791 847 3844 ἔσται
882 3791 977 3844 καὶ
1005 3790 1072 3845 τὰ
1119 3792 1370 3845 σύνθετα.
1421 3793 1487 3844 'E
1502 3809 1684 3845 σονται
1718 3790 1812 3845 οὖν

227 3885 281 3934 oi
320 3881 415 3934 δύο
462 3884 652 3949 φύσεις
687 3883 975 3951 ἡνωμένας
1024 3882 1261 3953 Χριστοῦ
1312 3884 1386 3953 μὴ
1422 3882 1811 3953 ὁμολογοῦντες

222 3976 455 4044 σαφῶς,
485 3974 579 4026 δύο
614 3974 713 4044 μὲν
747 3974 845 4037 τὰς
906 3974 1013 4042 πρὸ
1058 3976 1158 4044 τῆς
1208 3975 1349 4027 κατὰ
1388 3976 1489 4043 τὴν
1536 3974 1811 4045 σάρκωσιν

227 4065 327 4118 τοῦ
365 4064 566 4130 Λόγου,
602 4066 732 4133 μίαν
782 4063 835 4115 δὲ
880 4062 978 4131 τὴν
1010 4064 1101 4114 ἐπὶ
1132 4065 1197 4131 τῇ
1231 4061 1420 4115 ὲνώσει
1456 4063 1637 4116 αὐτῶν
1660 4077 1675 4091 ⁸
1716 4064 1810 4116 καὶ

229 4160 433 4225 ἑτέρας
467 4158 561 4209 δύο
601 4158 703 4221 τὰς
750 4155 842 4207 ἐπὶ
888 4154 968 4226 τῷ
1000 4153 1271 4225 χωρισμῷ
1297 4153 1393 4207 τοῦ
1424 4154 1679 4217 θανάτου,
1715 4154 1809 4206 καὶ

229 4250 368 4319 μῖαν
396 4248 563 4318 ἄλλην
591 4248 690 4316 τὴν
720 4247 811 4299 ἐπὶ
840 4249 905 4315 τῇ
931 4245 1238 4299 ’ἀναστάσει
1262 4243 1356 4298 τοῦ
1381 4245 1590 4316 Κυρίου
1629 4261 1810 4319 καινρ-

226 4342 400 4407 τέραν
431 4337 704 4404 λέγοντες,
740 4340 830 4389 καὶ
872 4336 933 4399 ’ἐξ
979 4354 1041 4390 τε
1088 4337 1185 4389 καὶ
1233 4336 1556 4406 διαφόρους*
1593 4338 1689 4389 καὶ
1730 4336 1808 4404 πῆ

228 4432 332 4499 μὲν
359 4429 665 4500 ἡνωμένας,
697 4431 776 4499 πῆ
805 4429 861 4481 δὲ
888 4419 1273 4498 χωριζομέναξ
1296 4427 1488 4497 φύσεις
1511 4447 1523 4459 ·
1559 4430 1650 4481 καὶ
1675 4428 1808 4481 πάνυ

1912 3253 2052 3323 ipsi,
2081 3265 2305 3307 necesse
2341 3259 2425 3304 est
2457 3262 2684 3319 prorsus
2718 3252 2946 3300 exteras
2977 3256 3214 3297 noscere
3245 3241 3312 3295 de
3338 3240 3490 3312 divi-

1913 3344 2070 3404 sione
2102 3350 2435 3412 apparentes
2469 3353 2657 3394 rerum
2692 3350 2815 3406 qua:
2847 3341 2973 3388 ante
3008 3332 3398 3387 adu’nationem
3432 3331 3486 3384 in

1914 3430 2050 3502 ipsis
2082 3430 2525 3495 afﬁrmabantur;
2560 3427 2655 3483 sed
2690 3429 2856 3484 etiam
2890 3426 3111 3481 unicam
3148 3423 3293 3477 hanc
3325 3430 3488 3477 natu—

1914 3540 2029 3579 ram
2056 3524 2212 3593 juxta
2244 3521 2490 3588 eosdem,
2521 3521 2666 3576 hanc
2696 3536 2726 3575 e
2762 3519 2977 3575 naturis
3014 3526 3130 3571 tum
3158 3514 3487 3577 divinitatis,

1914 3624 2029 3670 tum
2079 3613 2442 3669 humanitatis
2488 3611 2875 3674 exsistentem,
2908 3609 3068 3662 aliam
3114 3620 3237 3662 esse
3278 3605 3348 3659 ab
3399 3604 3491 3658 illa

1911 3722 2035 3777 qua:
2072 3714 2193 3761 erat
2228 3721 2295 3759 ex
2337 3704 2519 3758 anima
2558 3718 2588 3756 a
2628 3702 2742 3757 Deo
2785 3700 3048 3769 inspirata
3091 3710 3147 3752 et
3179 3696 3491 3751 exanimato

1912 3812 2142 3867 corpore
2180 3796 2399 3851 unicam
2434 3801 2692 3848 naturam
2726 3799 2850 3861 post
2877 3789 3093 3851 Domini
3126 3785 3489 3842 resurrectio-

1910 3904 2037 3945 nem
2078 3888 2367 3957 cogitatam
2404 3886 2560 3956 jnxta
2604 3886 2777 3954 ipsos.
2810 3880 3065 3948 Quorum
3101 3879 3247 3933 enim
3277 3876 3487 3930 discre-

1910 3982 2097 4051 pantia
2145 3976 2462 4049 singulatim
2509 3976 2779 4045 simplicia
2823 3973 3092 4035 membra,
3118 3968 3487 4037 discrepantia

1908 4079 2075 4127 erunt
2109 4080 2165 4125 et
2198 4069 2501 4139 composita
2537 4087 2550 4121 :
2595 4075 2759 4122 erunt
2793 4081 2922 4134 ergo
2958 4064 3054 4134 qui
3092 4063 3231 4117 duas
3263 4069 3488 4114 naturas

1911 4162 1967 4218 in
2007 4163 2231 4218 Christo
2281 4160 2551 4217 adunatas
2602 4159 2749 4214 clare
2803 4172 2913 4212 non
2959 4154 3313 4217 conﬁtentur,
3348 4151 3485 4206 duas

1910 4253 2132 4324 quidem
2184 4253 2308 4307 illas
2330 4260 2457 4305 ante
2497 4248 2885 4305 exsistentiam
2934 4245 3178 4300 inVerhi
3229 4244 3481 4298 incarna-

1910 4345 2094 4408 tione,
2127 4358 2291 4397 unam
2328 4350 2512 4395 autem
2551 4340 2607 4394 in
2641 4354 2831 4393 earum
2866 4337 3230 4401 adunatioue;
3264 4343 3321 4390 et
3350 4334 3487 4391 alias

1910 4438 2051 4491 duas
2093 4432 2149 4488 in
2196 4432 2411 4488 mortis'
2434 4431 2737 4493 divisione,
2771 4430 2936 4484 aliam
2985 4438 3169 4482 autem
3220 4441 3383 4480 unam
3426 4427 3484 4483 in

223 4542 294 4576 τι
329 4523 663 4591 σπαραγμὸν
709 4521 933 4591 Χριστῷ
977 4520 1382 4590 ἐπινοήσαντες,
1429 4522 1479 4574 oi.
1508 4523 1583 4591 τῇ
1619 4520 1809 4573 ἑνὼσει

1918 4525 2130 4600 Domini
2172 4525 2582 4579 resurrectione
2623 4521 2995 4577 recentiorem
3040 4519 3399 4582 afﬁrmantes,
3431 4525 3487 4573 ct

224 4613 398 4667 αὑτοῦ
427 4615 747 4683 συνηγορεῖν
776 4612 1253 4683 προσποιούμενοι.

1920 4612 2015 4669 sei
2045 4623 2101 4669 et
2130 4613 2489 4682 multiplices;
2525 4621 2583 4667 et
2617 4611 2745 4664 hinc
2777 4609 3001 4679 quidem
3036 4609 3331 4671 adunatas,
3358 4606 3485 4659 inde

226 4723 366 4761 vero
397 4705 603 4759 divisas
629 4712 889 4768 naturas;
923 4711 979 4756 et
1007 4703 1458 4758 dilacerationem
1490 4718 1707 4757 omnem
1739 4703 1807 4757 de
1844 4704 2071 4760 Christo
2099 4705 2494 4775 excogitantes,
2522 4703 2616 4773 qui
2661 4702 2729 4757 de
2793 4702 2914 4772 ejus
2975 4700 3308 4755 adunatione
3357 4714 3484 4767 per-

224 4809 393 4849 orare
435 4794 717 4848 affectant.

296 4887 397 4941 15'.
440 4888 709 4940 Πευστὲον
755 4888 812 4940 δὲ
861 4888 1039 4939 αὐτῶν
1067 4887 1145 4940 ἔτι
1183 4890 1275 4941 καὶ
1308 4889 1428 4941 τόδε
1456 4905 1467 4918 ⁸
1496 4893 1543 4942 εί
1575 4890 1666 4942 τὸν
1695 4891 1808 4941 [Ια-

224 4983 367 5050 τέρσ.
407 4980 529 5035 κατ’
556 4980 747 5042 οὐσίας
770 4980 929 5047 λόγον
974 4980 1359 5051 διακεκρίσθαι
1388 4981 1603 5049 λέγουσι
1631 4982 1810 5051 πάσης

223 5075 327 5142 τῆς
362 5072 811 5142 ἁνθρωπότητος,
842 5067 959 5124 εἶτα
1009 5074 1055 5124 εἰ
1093 5073 1185 5125 καὶ
1234 5072 1323 5125 τὸν
1361 5074 1490 5143 μίαν
1524 5075 1686 5143 φύσιν
1719 5073 1811 5125 λε-

226 5168 465 5235 γόμενον
498 5164 681 5226 αὐτοῖς
727 5160 867 5216 εἶναι
921 5165 1176 5234 Χριστὸν,
1229 5164 1518 5218 κοινωνοῦν
1553 5182 1607 5217 τι
1645 5164 1809 5233 γινώ-

228 5274 428 5310 σκουσι
471 5254 549 5324 τῷ
586 5256 785 5325 Πατρὶ,
820 5256 913 5307 καὶ
957 5254 1234 5323 ἡνωμένον
1266 5257 1385 5309 κατ’
1413 5256 1601 5318 οὓσίας
1636 5256 1805 5323 ’λόγον

226 5348 355 5401 καθ’
393 5348 559 5414 ὅνπερ
586 5346 767 5415 ἡμῶν,
796 5346 872 5406 ὡς
904 5343 1112 5413 ἔφασαν
1137 5346 1619 5416 ἣδη,διακέκριται
1642 5350 1669 5399 ὁ
1693 5349 1805 5400 Πα-

224 5442 367 5511 τήρ
400 5441 447 5491 εἰ
473 5439 582 5507 γὰρ
612 5440 876 5508 φάσκοιεν
907 5438 1148 5508 ἡνῶσθαι
1172 5440 1333 5492 αὐτὸν
1364 5439 1439 5509 τῷ
1465 5439 1639 5511 Πατρ“ι
1667 5443 1806 5495 κατὰ

226 5534 418 5601 φύσιν.
456 5531 613 5598 ἡμῶν
663 5529 906 5599 δηλονότι
935 5530 1029 5581 καὶ
1054 5530 1214 5593 αὐτὸς
1246 5529 1610 5599 διακέκριται,
1638 5531 1804 5601 ἤγουν

224 5616 329 5685 τῆς
357 5614 775 5685 ἀνθρωπότητος
800 5633 814 5644 ·
850 5615 1044 5669 οὐκοῦν
1094 5617 1182 5668 καὶ
1212 5617 1311 5684 τῆς
1348 5617 1481 5680 ἰδίας
1510 5620 1727 5687 σαρκὸς,
1757 5622 1802 5670 εἰ

225 5708 442 5778 ἀληθὴς
470 5707 609 5777 αῦτη
642 5710 798 5779 σὰρξ,
830 5710 923 5761 καὶ
949 5708 1043 5778 μία
1070 5710 1165 5777 τῆς
1187 5709 1601 5779 ἀνθρωπότητὸς
1633 5714 1796 5763 ἐστιν·

226 5802 337 5870 ἄρα
370 5796 460 5853 οὖν
492 5799 724 5870 ἄσαρκος
755 5804 781 5852 ὁ
816 5801 1068 5871 Χριστῆς,
1100 5801 1509 5870 διῖκξκριμὲνος
1534 5803 1629 5873 τῇς
1669 5818 1796 5872 στρ-

1977 4889 2065 4943 34.
2109 4886 2501 4958 lnquirendum
2529 4887 2597 4939 ab
2619 4885 2701 4941 eis
2722 4892 2778 4939 et
2806 4884 2941 4938 illud
2968 4902 2980 4937 :
3010 4882 3065 4937 Si
3091 4883 3307 4937 Patrem
3333 4884 3484 4953 juxta

1906 4980 2156 5034 essentne
2194 4975 2504 5032 sermonem
2535 4976 2750 5031 secerni
2792 4991 2820 5029 a
2860 4983 2970 5029 tota
3018 4975 3360 5029 humanitate
3398 4976 3483 5028 di-

1908 5079 2059 5135 cunt,
2102 5068 2337 5133 deinde,
2388 5069 2432 5122 si
2478 5076 2533 5122 et
2565 5067 2843 5122 Christum
2892 5067 2985 5135 qui
3033 5065 3100 5119 ab
3139 5065 3222 5120 eis
3268 5067 3482 5120 unicam

1907 5175 2024 5215 esse
2064 5160 2268 5214 dicitur
2305 5170 2555 5213 naturam
2594 5174 2886 5213 commune
2921 5158 3200 5228 quoddam
3228 5173 3352 5211 cum
3386 5158 3485 5211 Pa-

1914 5260 1993 5306 tre
2034 5252 2235 5306 hahere
2267 5260 2523 5313 noscunt,
2554 5250 2598 5303 si
2624 5258 2679 5304 et
2707 5256 2963 5310 noscunt,
3007 5246 3305 5301 adunatum
3328 5247 3481 5316 juxta

1911 5346 2163 5401 essentia:
2187 5358 2496 5399 sermonem
2526 5341 2829 5395 secundum
2864 5338 3166 5410 quemlibet
3200 5337 3375 5391 nostri
3407 5338 3482 5391 si-

1912 5438 2123 5506 cutjam
2142 5434 2417 5496 dicebant,
2440 5432 2748 5488 secernitur
2761 5433 2921 5485 Pater
2940 5451 2950 5484 :
2966 5431 3009 5484 si
3024 5431 3169 5485 enim
3184 5429 3481 5483 adunatum

1913 5529 2079 5582 fuisse
2123 5544 2246 5582 eum
2294 5526 2439 5580 Patri
2506 5520 2807 5577 secundum
2874 5533 3126 5575 naturam
3185 5520 3396 5579 dicunt,
3452 5536 3481 5572 a

1912 5619 2070 5671 nobis
2112 5633 2241 5673 sane
2284 5626 2339 5669 et
2389 5616 2501 5683 ipse
2531 5615 2858 5677 secernitur,
2892 5614 3101 5667 scilicet
3132 5612 3199 5665 ah
3230 5610 3479 5664 humani-

1912 5719 2039 5771 tate,
2084 5726 2212 5776 ergo
2260 5720 2312 5764 et
2345 5727 2371 5760 ιι
2418 5708 2634 5777 propria
2677 5722 2859 5768 carne,
2916 5708 2957 5759 si
3007 5721 3133 5758 vera
3168 5706 3279 5773 ipsa
3328 5717 3476 5764 raro,

1910 5814 1960 5855 ct
1995 5820 2097 5855 una
2123 5801 2475 5855 humanitatis
2500 5811 2579 5853 est
2608 5800 2987 5867 :t‘rgoalisque
3010 5815 3169 5851 carne
3202 5794 3477 5851 Christus.
