4094 6334
640 368 768 429 1737

1890 372 2198 433 LEONTll
2243 367 2637 428 BYZANTIM

3736 358 3869 421 1738

634 493 823 531 eorum
868 477 1085 541 dicunt,
1122 477 1250 532 licet
1294 494 1394 549 pro
1439 496 1622 533 rerum
1674 488 1819 534 statu
1869 484 1997 536 talia
2046 482 2203 535 nobis

2308 478 2480 546 παρὸν
2511 477 2635 527 τάδε
2671 476 2805 544 ἡμῖν
2837 474 3253 543 προϐάλλονται,
3279 472 3350 535 ub;
3389 474 3444 522 ἐν
3476 473 3681 540 ἑτέροις
3735 474 3868 525 ἐδεί-

635 566 937 635 proferant,
969 568 1111 621 sicut
1152 568 1207 621 in
1244 570 1460 623 caeteris
1499 578 1866 624 monstratum
1908 580 2011 625 est.
2048 570 2202 624 Atta-

638 672 758 710 men
788 655 1036 711 dicamus
1068 658 1134 710 ad
1167 658 1314 727 ipsos
1345 678 1357 711 :
1390 659 1492 726 Qui
1518 676 1650 729 ergo
1678 662 1823 715 circa
1851 663 1995 730 ipsas
2021 661 2204 737 dicitis

632 748 744 800 duo
772 762 901 811 vos,
930 764 1052 817 qua:
1082 749 1338 816 fuerunt,
1371 767 1479 804 non
1511 762 1790 817 naturam,
1817 753 1913 806 sed
1945 753 2202 823 byposla-

633 854 723 892 ses
756 854 1115 907 personarum
1150 842 1320 895 unius
1357 850 1565 895 naturae
1602 840 1876 907 dividere;
1914 858 2038 895 nam
2077 857 2204 912 pro-

636 930 961 997 prietatibus
1010 931 1141 1000 ipsa:
1183 932 1530 996 dividuntur,
1561 941 1617 987 et
1660 932 1962 987 secundum
2001 948 2101 986 vos
2148 942 2204 986 et

634 1018 939 1072 secundum
974 1035 1075 1073 nos
1110 1038 1122 1073 :
1152 1006 1420 1084 dicentes,
1451 1022 1695 1090 inquam,
1724 1022 1873 1075 circa
1906 1022 2049 1090 ipsas
2080 1030 2201 1074 tan-

638 1119 750 1161 tum
802 1110 1165 1178 prOprietates
1206 1111 1272 1165 de
1314 1110 1535 1165 Christo
1579 1112 1985 1181 duplicitatem,
2025 1110 2200 1181 hypo—

632 1211 809 1255 stases
842 1218 1204 1270 personarum
1240 1203 1377 1259 duas
1406 1205 1560 1258 scitis
1617 1204 1852 1268 Christi,
1881 1205 1985 1258 etsi
2037 1218 2200 1257 unam

632 1290 751 1357 ejus
784 1300 1028 1345 naturam
1054 1292 1414 1347 conﬁtemini.
1439 1293 1596 1359 Quod
1633 1294 1777 1347 absit
1812 1311 1842 1348 a
1875 1294 2061 1357 vobis,
2093 1294 2201 1347 fra-

637 1390 776 1444 tres,
801 1380 1112 1435 admittere.
1142 1382 1199 1437 Si
1235 1394 1416 1437 autem
1452 1384 1653 1438 dicatis
1684 1400 1785 1439 nec
1813 1394 2065 1437 naturam
2099 1398 2201 1438 nec

636 1471 971 1538 Iiypostasim
1002 1473 1371 1543 proprietates
1404 1473 1685 1538 dividere,
1712 1488 1815 1527 nec
1845 1474 2044 1527 Paulus
2070 1489 2200 1552 ergo

632 1575 663 1614 a
695 1561 890 1625 Petro,
920 1578 1022 1617 nec
1051 1579 1079 1616 a
1114 1565 1273 1618 Patre
1305 1565 1477 1619 Filius
1505 1565 1809 1619 secundum
1840 1564 1971 1633 quid
2000 1563 2200 1617 discer-

633 1653 814 1714 nitur,
860 1661 1057 1706 natura
1104 1654 1313 1724 quippe
1353 1655 1548 1720 iidem,
1589 1655 2029 1725 proprietatibus
2068 1669 2202 1709 vero

635 1742 1101 1812 indistinguibiles
1127 1753 1183 1798 et
1215 1754 1347 1799 notu
1378 1738 1775 1814 impossibiles.‘

2304 568 2430 636 χθη.
2464 566 2608 634 Πλὴν
2657 568 2903 633 εἴποιμεν
2934 563 3065 632 πρὸς
3107 563 3303 625 αὐτούς
3330 579 3343 594 ·
3385 563 3536 615 Ἐπεὶ
3590 560 3682 615 οὖν
3732 571 3867 626 κατὰ

2304 658 2500 719 ταύτας
2519 658 2707 724 λέγετε
2735 656 2794 707 τὸ
2825 654 2916 706 δύο
2944 654 3131 723 ὑμεῖς,
3154 654 3208 705 αἳ
3244 654 3511 721 πέφυκαν,
3544 654 3603 705 οὑ
3638 654 3733 721 τὴν
3768 654 3867 720 φύ-

2306 766 2387 801 σιν
2436 746 2707 818 χωρίζειν,
2765 745 2900 799 ἀλλὰ
2941 746 3037 807 τὰς
3071 745 3403 805 ὑποστάσεις
3432 743 3541 796 τῶν
3563 746 3869 813 προσώπων

2301 838 2400 906 τῆς
2428 838 2558 906 μιᾶς
2613 835 2828 905 φύσεως
2850 851 2862 864 ·
2899 838 3014 896 ταῖς
3046 833 3151 903 γὰρ
3207 834 3461 904 ἰδιότησιν
3516 828 3673 887 αὗται
3703 834 3868 903 χωρί-

2302 929 2502 992 ζονται,
2542 926 2662 979 καθ’
2703 928 2847 997 ὑμᾶς
2871 943 2932 978 τε
2972 926 3065 978 καὶ
3116 924 3236 977 καθ’
3272 926 3438 993 ἡμᾶς,
3479 925 3725 991 λέγοντες
3762 927 3869 993 ἄρα

2302 1018 2441 1073 κατὰ
2470 1018 2669 1080 ταύτας
2704 1018 2864 1087 μόνον
2886 1017 3051 1087 ἤγουν
3074 1018 3173 1078 τὰς
3201 1017 3472 1086 ἰδιότητας
3508 1015 3601 1067 ἐπὶ
3635 1017 3871 1084 Χριστὸν

2299 1110 2398 1180 τὴν
2421 1110 2611 1174 δυάδα,
2643 1109 2737 1172 τὰς
2762 1108 3091 1170 ὑποστάσεις
3135 1107 3242 1160 τῶν
3285 1106 3593 1176 προσώπων
3624 1107 3717 1158 δύο
3755 1107 3866 1159 ἴστε

2301 1200 2393 1253 τοῦ
2427 1200 2686 1270 Χριστοῦ,
2735 1202 2783 1252 εί
2832 1200 2926 1252 καὶ
2981 1200 3110 1267 μίαν
3138 1200 3237 1267 τήν
3290 1198 3452 1266 φύσιν
3486 1197 3653 1251 αὑτοῦ
3686 1199 3870 1268 ὁμολο-

2300 1294 2447 1359 γεῖτε
2468 1309 2480 1321 ·
2520 1293 2657 1362 ὅπερ
2686 1290 2759 1360 μὴ
2784 1289 2870 1359 εἴη
2903 1290 3073 1358 ὑμᾶς,
3104 1288 3347 1358 ἀδελφοὶ,
3374 1289 3761 1359 καταδέχεσθαι
3783 1307 3797 1319 ο
3820 1293 3869 1341 εἱ

2298 1382 2353 1434 δὲ
2374 1382 2576 1434 εἴποιτε
2615 1382 2749 1451 μήτε
2780 1381 2877 1451 τὴν
2900 1379 3061 1448 φύσιν
3117 1379 3255 1447 μήτε
3291 1378 3389 1448 τήν
3441 1379 3737 1432 ὑπόστασιν
3771 1379 3869 1441 τὰς

2304 1471 2572 1537 ἰδιότητας
2606 1470 2883 1541 χωρίζειν,
2918 1468 3042 1522 οὔτε
3077 1468 3287 1531 Παῦλος
3342 1468 3451 1538 ἄρα
3480 1469 3709 1539 Πέτρου,
3746 1468 3870 1521 οὔτε

2299 1560 2393 1615 τοῦ
2422 1561 2636 1632 Πατρὸς
2668 1560 2839 1623 ὁΥίος
2861 1561 3001 1613 κατά
3026 1577 3078 1612 τι
3107 1558 3459 1629 διακρίνεται,
3492 1562 3557 1629 τῇ
3588 1560 3687 1628 μὲν
3706 1558 3871 1627 φύσει

2299 1655 2451 1715 ὄντες
2483 1652 2688 1716 ταυτυὶ,
2718 1653 2837 1714 ταῖς
2863 1650 2921 1703 δὲ
2952 1650 3207 1720 ἰδιότησιν
3238 1649 3542 1719 ἀδιάκριτοι
3579 1650 3672 1702 καὶ
3715 1649 3870 1703 ἀδιά-

2300 1762 2556 1813 γνωστοι.

703 1834 789 1887 28.
820 1811 882 1887 Si
907 1835 1285 1890 diversitatem
1317 1811 1539 1898 dicunt,
1563 1844 1621 1890 et
1644 1811 2017 1905 duplicitatem
2046 1832 2198 1903 peni-

2313 1811 2323 1813 V
2374 1843 2475 1891 κη’.
2510 1836 2571 1888 El
2592 1833 2856 1904 διαφορὰν
2884 1834 3125 1902 λέγουσι,
3163 1833 3254 1885 καὶ
3276 1832 3439 1886 δυάδα
3458 1831 3672 1894 πάντως
3695 1834 3871 1885 εἰπεῖν

636 1932 722 1976 Ius
765 1924 1140 1978 diﬂ‘erentium
1184 1925 1369 1979 dicere
1417 1934 1709 1996 cogentur;
1754 1940 1876 1978 nam
1922 1934 1978 1978 et
2016 1922 2199 1978 rerum

630 2014 864 2068 diversa:
890 2023 1101 2069 natura:
1126 2016 1493 2077 enumeratio,
1516 2025 1573 2069 et
1596 2014 1960 2069 accidentium
1987 2022 2201 2067 mutan-

634 2105 767 2157 lium
795 2105 1095 2158 secundum
1124 2106 1281 2175 quid,
1306 2117 1401 2162 aut
1429 2109 1646 2161 tandem
1675 2106 1949 2162 nudarum
1983 2106 2199 2160 numeri

632 2195 871 2265 partium
918 2204 1014 2249 aut
1058 2197 1346 2252 subtilium
1394 2198 1755 2267 quarumdam
1805 2198 2198 2268 cogitationum

631 2287 675 2339 si
719 2286 875 2341 ﬁeret
912 2287 1147 2351 mentio,
1180 2304 1249 2342 ex
1285 2288 1597 2344 diﬂ‘erentia
1636 2304 1758 2380 quae
1796 2289 2009 2343 exsistit
2052 2290 2199 2343 circa

636 2377 898 2440 verbum,
931 2378 1016 2432 vel
1061 2379 1313 2433 ordinem
1354 2380 1439 2434 vel
1484 2377 1731 2450 tempus,
1765 2381 1848 2434 vel
1893 2382 2072 2435 locum
2114 2381 2199 2435 vel

633 2467 900 2533 habitum,
928 2469 1092 2523 etilla
1127 2470 1412 2525 evidenter
1436 2470 1746 2541 praecedet:
1787 2479 1882 2524 aut
1917 2486 2050 2541 ergo
2090 2486 2198 2525 non

631 2556 1023 2622 diﬂerentiam,
1052 2569 1148 2613 aut
1172 2566 1229 2614 et
1254 2575 1547 2615 numerum
1577 2559 1952 2615 diﬂ'erentium
1979 2569 2200 2615 natura-

633 2663 752 2701 rum
778 2647 986 2703 dicant.

700 2738 852 2801 29._Si
878 2755 908 2795 e
934 2740 1153 2795 duobus
1177 2741 1424 2798 dicentes
1445 2744 1657 2799 naturis
1678 2742 1981 2809 Christum,
2002 2760 2198 2813 nempe

630 2844 663 2883 e
690 2831 983 2885 communi
1028 2831 1316 2887 divinitate
1359 2842 1416 2889 et
1454 2834 1824 2899 humanitate,
1856 2835 1993 2890 duas
2037 2837 2199 2890 hasce

630 2928 688 2974 et
737 2928 862 2989 post
908 2921 1301 2977 adunationem
1350 2939 1461 2979 non
1507 2936 1875 2996 cognoscunt,
1918 2942 2047 2996 ergo
2091 2942 2199 2979 non

633 3020 969 3081 cognoscunt
1018 3022 1143 3083 post
1190 3015 1557 3069 meonomiam
1596 3016 1990 3071 incarnationis
2038 3017 2198 3071 Verbi

633 3116 957 3156 communes
982 3101 1121 3156 duas
1152 3102 1510 3157 humanitatis
1534 3111 1591 3158 et
1615 3102 1922 3157 divinitatis
1952 3113 2197 3171 naturas,
2224 3138 2268 3200 C

636 3206 737 3245 nec
761 3194 1054 3262 separatim
1084 3208 1178 3247 eas
1203 3203 1529 3259 numerant,
1555 3209 1658 3248 nec
1685 3208 1807 3248 esse
1835 3209 2063 3263 prorsus
2094 3195 2202 3249 duo

633 3282 815 3337 adhuc
838 3283 1111 3353 reliquum
1143 3283 1335 3339 dicunt
1361 3302 1374 3337 :
1402 3288 1529 3338 nam
1560 3300 1591 3337 a
1616 3284 1936 3354 duplicitate
1963 3301 2202 3342 cessasse

636 3375 980 3430 contendunt
1010 3376 1126 3431 hac
1152 3392 1181 3429 a
1210 3376 1411 3446 quibus
1435 3376 2043 3431 exsurrexit‘adunatio.
2070 3378 2203 3433 Esse

634 3479 765 3519 vero
790 3480 854 3519 ea
885 3480 1207 3520 communes
1232 3474 1457 3521 naturas
1486 3465 1841 3522 conﬁtentur.

688 3555 789 3609 50.
828 3555 888 3610 Si
932 3566 1218 3626 propterea
1269 3557 1414 3627 quod
1453 3566 1777 3612 naturarum
1818 3558 2078 3614 adunatio
2119 3568 2205 3615 est

638 3660 799 3699 unam
851 3656 1190 3717 cognoscunt
1231 3657 1487 3703 naturam
1542 3664 1605 3703 ea
1655 3665 1779 3719 quae
1824 3660 2204 3705 convenerunt

638 3735 754 3789 ﬁeri
774 3776 789 3801 ,
818 3746 874 3790 et
905 3737 1035 3804 quia
1067 3745 1389 3791 naturarum
1423 3737 1736 3793 diﬂ‘erentia
1767 3748 1880 3803 est,
1914 3740 2052 3795 duas
2089 3741 2205 3795 hzec

634 3834 981 3896 cognoscant.
1016 3825 1135 3880 Non
1172 3827 1317 3881 enim
1359 3827 1507 3897 quod
1547 3828 1649 3897 ipsi
1691 3838 1775 3883 est
1811 3830 1879 3883 ob
1919 3830 2205 3894 adunatio-

636 3931 794 3981 nem,
841 3915 975 3970 illud
1023 3927 1079 3971 et
1121 3916 1193 3971 ob
1241 3917 1609 3973 diﬂerentiam
1661 3920 1960 3988 putabunt,
2001 3921 2097 3976 sed
2148 3921 2202 3975 in

635 4008 809 4063 altero
852 4007 1021 4062 verbo
1062 4009 1318 4064 alterum.
1349 4010 1485 4065 Cum
1532 4027 1661 4083 ergo
1698 4022 1753 4067 et
1788 4012 2094 4067 essentialis
2136 4013 2204 4068 iis

636 4115 757 4169 quae
784 4102 1124 4156 conveniunt
1150 4102 1316 4157 rebus
1344 4102 1679 4168 differentia,
1705 4114 1761 4159 et
1785 4104 1992 4175 adjecta
2018 4120 2204 4159 essen-

638 4193 730 4246 tiis
761 4192 1043 4257 adunatio,
1072 4193 1213 4247 bene
1241 4195 1511 4249 essentias
1541 4196 1764 4265 proprio
1796 4197 1928 4265 ipsis
1951 4212 2203 4252 sermone

635 4283 1050 4347 discernentes,
1102 4284 1244 4338 duas
1303 4284 1541 4339 dicimus
1597 4301 1791 4355 nempe
1848 4286 2201 4353 diversitate;

636 4376 927 4444 personam
952 4390 1083 4429 vero
1112 4375 1247 4445 ipsis
1276 4390 1438 4429 unam
1470 4375 1804 4429 adunatione
1834 4376 2131 4430 credimus.

708 4574 1026 4643 ειηΑάιιυο
1064 4574 1242 4629 omnis
1280 4573 1567 4643 compositi
1610 4572 1834 4641 perfecti
1868 4586 1970 4626 nec
2008 4587 2205 4641 super-

635 4666 954 4730 abundare,
1003 4682 1107 4721 nec
1160 4665 1396 4720 deﬁcere
1449 4673 1667 4733 oportet
1716 4678 2061 4727 sermonem,
2109 4663 2205 4717 sed

637 4757 996 4813 sutiicientem
1042 4773 1193 4823 esse;
1236 4757 1532 4827 duplicitas
1574 4756 1750 4826 prima
1790 4755 2117 4824 compositio
2151 4764 2207 4810 et

635 4845 847 4914 primus
882 4843 1158 4900 sulﬁciens
1193 4861 1489 4909 numerus;
1523 4845 1799 4915 quomodo
1832 4860 1964 4914 ergo
1999 4844 2205 4913 impor-

638 4947 830 4991 tunum
869 4937 977 4991 erit
1014 4937 1081 4991 de
1118 4937 1442 5006 compositis
1482 4939 1695 4990 naturis
1730 4944 1785 4990 et
1817 4951 1987 4990 unum
2023 4934 2205 5005 perfe-

636 5037 785 5079 ulum
820 5027 1260 5095 complentibus,
1291 5025 1672 5096 duplicitatem
1699 5025 1914 5087 dicere,
1947 5024 2207 5094 hyposta-

636 5133 759 5171 seos
791 5132 921 5171 vero
956 5117 1257 5172 unitatem?
1292 5118 1411 5172 Non
1444 5117 1591 5170 enim
1625 5115 1692 5169 ad
1728 5115 1962 5170 invicem
2000 5130 2206 5170 conve-

639 5217 837 5263 nerunt
861 5209 983 5264 dua:
1010 5206 1334 5281 bypostases
1358 5210 1503 5264 sicut
1526 5222 1582 5264 et
1610 5218 1840 5263 natum.

706 5301 794 5355 52.
833 5300 1027 5354 Adhuc
1071 5301 1252 5355 omnis
1303 5302 1485 5356 unitas
1535 5302 1583 5355 si
1634 5300 1857 5354 omnino
1910 5300 1963 5353 in
2012 5299 2205 5354 eodem

636 5407 801 5447 sensu
825 5392 1121 5447 verborum
1152 5396 1453 5449 secundum
1480 5410 1649 5448 unum
1676 5393 1744 5449 de
1773 5393 1955 5462 aliquo
1979 5392 2204 5457 dicitur,

636 5490 693 5535 et
736 5481 1033 5551 duplicitas
1076 5492 1200 5537 ante
1245 5483 1449 5539 dictam
1496 5484 1551 5537 in
1596 5498 1663 5538 eo
1709 5481 2010 5537 secundum
2062 5482 2205 5537 idem

638 5570 1013 5639 duplicitatem
1055 5581 1141 5626 est
1178 5573 1368 5627 etiam.
1403 5573 1457 5629 Si
1498 5590 1630 5627 vero
1675 5583 1796 5643 post
1832 5572 2206 5643 duplicitatem

638 5662 877 5727 dicatur,
905 5655 999 5719 aut
1022 5681 1129 5719 non
1160 5666 1213 5719 in
1240 5666 1431 5720 eodem
1458 5666 1665 5719 dicitur
1692 5665 1983 5719 verborum
2018 5679 2203 5725 sensu,

638 5769 732 5811 aut
768 5755 950 5815 unitas
989 5774 1095 5812 non
1136 5768 1239 5812 cst.
1274 5758 1388 5812 Non
1428 5757 1571 5812 enim
1620 5757 1781 5810 habet
1821 5766 2065 5809 naturam
2112 5765 2205 5810 aut

2302 1929 2408 1982 τῶν
2467 1926 2857 1997 διαφερόντων,
2913 1924 3420 1994 ἀναγκασθήσονται
3450 1924 3731 1993 δηλονότι·
3760 1924 3871 1975 τῶν

2300 2038 2358 2073 τε
2390 2021 2495 2090 γὰρ
2528 2019 2834 2089 ἑτεροφυῶν
2870 2017 3212 2088 πραγμάτων
3257 2018 3289 2086 ἡ
3322 2016 3723 2086 άπαρίθμησις,
3761 2015 3873 2067 τῶν

2300 2127 2358 2163 τε
2390 2108 2813 2179 συμϐεϐηκότων
2850 2107 2957 2160 τῶν
2991 2106 3423 2171 ὲξαλλασσόντων
3459 2106 3601 2159 κατά
3623 2123 3695 2169 τι,
3739 2105 3771 2176 ἢ
3809 2104 3877 2156 τό

2302 2217 2363 2269 γε
2403 2200 2649 2269 ἔσχατον,
2674 2198 2894 2267 γυμνῶν
2922 2197 3032 2251 τῶν
3061 2196 3154 2249 τοῦ
3195 2195 3428 2265 ἀριθμοῦ
3473 2195 3679 2265 μορίων
3709 2196 3742 2264 ἢ
3778 2197 3872 2263 ψι-

2300 2290 2406 2342 λῶν
2437 2306 2599 2342 τινων
2633 2289 3013 2357 ἐπινοημάτων
3051 2289 3098 2339 εἰ
3128 2286 3335 2354 γένοιτο
3363 2287 3625 2356 μέτρησις
3677 2285 3741 2338 ὲκ
3769 2285 3873 2353 τῆς

2299 2380 2561 2449 διαφορᾶς
2595 2382 2693 2449 τῆς
2734 2378 2877 2431 κατὰ
2909 2378 3089 2444 λόγον,
3112 2377 3146 2446 ἢ
3176 2376 3351 2441 τάξιν,
3380 2375 3412 2444 ἢ
3437 2376 3647 2445 χρόνον,
3687 2377 3719 2445 ἢ
3777 2377 3872 2428 τό-

2303 2492 2422 2539 πον,
2449 2474 2481 2543 ῆ
2525 2472 2730 2542 σχέσιν,
2762 2472 2856 2525 καὶ
2884 2469 3023 2541 αὐτη
3065 2470 3402 2540 προϐήσεται
3434 2468 3653 2535 σαφῶς*
3707 2468 3739 2538 ἢ
3769 2464 3873 2521 οὖν

2304 2572 2439 2637 μήτε
2471 2566 2756 2634 διαφοράν,
2806 2566 2838 2633 ἢ
2898 2564 2989 2615 καὶ
3039 2561 3128 2614 τὸν
3159 2560 3392 2631 ἀριθμὸν
3419 2560 3728 2629 λεγέτωσαν
3762 2561 3873 2615 τῶν

2299 2656 2665 2726 διαφερουσῶν
2694 2656 2929 2722 φύσεων.

2372 2746 2472 2800 κθ’.
2514 2749 2577 2800 Ei
2617 2750 2681 2800 ὲκ
2730 2744 2824 2799 δύο
2862 2745 3111 2813 λέγοντες
3157 2744 3374 2812 φύσεων
3404 2743 3493 2796 τὸν
3535 2743 3766 2812 Χριστὸν
3795 2741 3873 2805 ὡς

2302 2842 2364 2892 ὲκ
2396 2840 2493 2905 τῆς
2523 2834 2702 2906 κοινῆς
2732 2838 2984 2906 θεότητος
3009 2836 3104 2888 καὶ
3142 2834 3581 2905 ἁνθρωπότητος,
3616 2833 3709 2886 δύο
3736 2834 3873 2886 τάσ-

2300 2928 2355 2980 δε
2387 2929 2483 2980 καὶ
2507 2928 2645 2997 μετὰ
2675 2926 2771 2996 τὴν
2800 2926 2995 2979 ἕνωσιν
3028 2925 3089 2979 οὐ
3125 2923 3508 2993 γινώσκουσιν,
3536 2923 3722 2991 ἄραγε
3751 2923 3874 2975 οὐδὲ

2304 3020 2452 3071 ἴσασι
2511 3018 2652 3089 μετά
2718 3020 2816 3087 τὴν
2880 3015 3198 3087 οἰκονομίαν
3254 3014 3355 3085 τῆς
3401 3013 3728 3086 σαρκώσεως
3774 3011 3873 3066 τοῦ

2302 3108 2475 3175 Λόγου
2508 3108 2601 3169 τὰς
2627 3106 2811 3169 κοινάς
2842 3106 2936 3158 δύο
2958 3106 3150 3173 φύσεις
3182 3104 3601 3175 άνθρωπὸτητος
3633 3104 3727 3157 καὶ
3756 3104 3873 3156 θεία

2302 3210 2489 3267 τητος.
2539 3198 2661 3250 οὑδὲ
2705 3196 3079 3266 διωρισμένως
3127 3196 3296 3259 αὑτὰς
3349 3194 3703 3265 ἀριθμοῦσιν,
3751 3193 3875 3246 οὑδὲ

2304 3282 2443 3338 εἶναι
2481 3285 2617 3346 ὅλως
2666 3283 2759 3336 δύο
2812 3284 2892 3336 ἔτι
2921 3283 3110 3337 λοιπόν
3141 3300 3273 3351 φασι
3294 3301 3307 3314 ι
3339 3283 3466 3337 τάδε
3519 3282 3626 3355 γὰρ
3656 3281 3875 3335 πεπαῦ-

2305 3375 2427 3428 σθαι
2461 3375 2557 3445 τῆς
2604 3374 2794 3439 δυάδος
2829 3376 2995 3444 φασὶν
3044 3369 3125 3437 οἷς
3174 3375 3544 3443 προσγέγονεν
3573 3374 3606 3443 ὴ
3642 3372 3837 3435 ἐνωσις
3859 3389 3872 3403 ο

2303 3460 2443 3519 εἶναι
2473 3467 2528 3519 δὲ
2559 3464 2753 3533 ταῦτα,
2778 3466 2876 3529 τὰς
2910 3465 3099 3528 κοινὰς
3130 3464 3322 3534 φύσεις
3349 3463 3727 3534 ὁμολογοῦσιν.

2372 3557 2434 3609 λ’.
2472 3558 2532 3609 Ei
2563 3557 2651 3609 διὰ
2700 3557 2761 3610 τὸ
2806 3560 2926 3620 ταῖς
2964 3556 3192 3625 φύσεσιν
3239 3554 3485 3625 ἡνῶσθαι
3544 3554 3673 3625 μίαν
3700 3555 3878 3609 οἴδασι

2305 3650 2468 3716 φύσιν
2518 3650 2587 3702 τὰ
2642 3649 2989 3714 συνελθόντα,
3025 3649 3118 3702 καὶ
3142 3648 3228 3701 διὰ
3257 3648 3318 3700 τὸ
3348 3648 3544 3717 φύσεσι
3572 3649 3877 3720 διαφέρειν,

2300 3739 2393 3792 δύο
2410 3738 2579 3792 ταῦτα
2609 3740 3057 3806 γινωσκέτωσαν·
3082 3740 3169 3793 διά
3188 3757 3247 3793 τε
3274 3740 3383 3814 γὰρ
3407 3741 3601 3793 ἕνωσιν
3629 3740 3686 3795 ἓν
3709 3742 3877 3811 πρόσ-

2302 3847 2467 3884 ωπον,
2500 3835 2593 3883 καὶ
2618 3830 2704 3882 διὰ
2736 3831 2835 3900 τὴν
2868 3830 3132 3900 διαφορὰν
3180 3831 3236 3885 αἱ
3282 3830 3377 3884 δύο
3412 3832 3603 3900 φύσεις
3624 3848 3637 3861 ·
3674 3832 3735 3897 οὑ
3765 3833 3879 3904 γὰρ

2302 3920 2438 3988 ὅπερ
2472 3919 2620 3986 αὑτῷ
2649 3920 2767 3972 ἑστι
2800 3920 2890 3973 διὰ
2920 3921 3020 3990 τὴν
3050 3920 3266 3984 ἕνωσιν,
3294 3919 3455 3973 τοῦτο
3497 3923 3613 3974 και
3638 3922 3727 3974 διὰ
3775 3922 3879 3993 τὴν

2302 4006 2566 4076 διαφορὰν
2598 4007 2992 4077 ὑπολήψονται,
3024 4008 3140 4062 ἀλλ’
3179 4010 3236 4061 ἐν
3280 4007 3495 4078 θατέρῳ
3524 4008 3602 4080 τῷ
3628 4009 3774 4078 λόγῳ
3815 4012 3879 4063 τὸ

2302 4098 2507 4169 ἕτερον.
2558 4098 2714 4151 Ἐπεὶ⁵
2743 4093 2835 4152 οὖν
2874 4100 2967 4152 καὶ⁵
2999 4099 3263 4170 οὑσιώδης
3295 4100 3393 4170 μὲν
3434 4103 3549 4163 τοῖς
3588 4100 3879 4154 συνελθοῦ-

2306 4206 2388 4241 σιν
2418 4190 2450 4258 ή
2496 4188 2754 4259 διαφορὰ,
2794 4188 3091 4259 ἐπίκτητος
3121 4190 3177 4243 δὲ
3210 4192 3331 4253 ταῖς
3361 4189 3624 4261 οὑσίαιςή
3656 4191 3879 4255 ἔνωσις,

2306 4279 2483 4343 καλῶς
2510 4280 2609 4342 τὰς
2642 4282 2741 4349 μὲν
2770 4280 2958 4343 οὑσίας
2997 4280 3077 4351 τῷ
3120 4281 3236 4351 ἰδίῳ
3278 4280 3458 4334 αὐτῶν
3488 4282 3633 4351 λόγῳ
3665 4281 3888 4352 διακρί-

2305 4388 2517 4434 ναντες,
2542 4370 2642 4424 ’δύο
2676 4371 2876 4440 φαμὲν,
2902 4372 3069 4442 ήγουν
3094 4375 3159 4441 τῇ
3200 4374 3465 4443 διαφορᾷ·
3497 4373 3557 4426 τὸ
3600 4374 3656 4427 δὲ
3704 4377 3880 4445 πρόσο

2223 4463 2276 4521 D
2302 4480 2468 4525 ωπον,
2500 4464 2689 4526 αὑταῖς
2717 4462 2776 4515 ἓν
2803 4467 2869 4533 τῇ
2897 4462 3085 4515 ὲνώσει
3112 4464 3425 4534 δοξάζομεν

2376 4570 2479 4625 λα’,
2522 4571 2643 4623 Ἐτι
2684 4570 2889 4631 παντὸς
2947 4570 3205 4624 συνθέτου
3258 4570 3472 4624 τελείου
3515 4570 3641 4626 οὔτε
3696 4589 3881 4643 περιτ-

2306 4660 2487 4713 τεύειν
2525 4658 2649 4713 οὔτε
2677 4660 2948 4713 ἐλλείπειν
2971 4659 3053 4711 δεῖ
3090 4660 3181 4712 τὸν
3212 4659 3391 4728 λόγον,
3429 4661 3543 4713 ἀλλ’
3580 4661 3765 4733 ἄρτιον
3796 4658 3881 4715 εἷ-

2308 4770 2393 4806 ναι
2416 4770 2428 4783 ·
2465 4752 2600 4814 δυὰς
2646 4752 2713 4804 δὲ·
2743 4749 2941 4821 πρώτη
2996 4748 3269 4815 σύνθεσις,
3299 4754 3395 4805 καὶ
3426 4753 3645 4822 πρῶτος
3690 4755 3883 4825 ἄρτιος

2305 4843 2564 4914 ἀριθμός·
2592 4843 2707 4905 πῶς
2740 4838 2833 4896 οὖν
2867 4842 3215 4914 ἀπρόσφορον
3238 4842 3390 4896 ἔσται
3421 4846 3517 4895 ἐπὶ
3547 4846 3654 4897 τῶν
3695 4861 3882 4899 συντε-

2308 4934 2504 4987 θεισῶν
2543 4934 2757 5001 φύσεων
2796 4934 2890 4986 καὶ⁹
2933 4933 2994 4985 τὸ
3026 4932 3084 4986 ἓν
3125 4933 3331 4985 τέλειον
3366 4934 3882 5009 πληρουσῶνρυάδα

2306 5025 2503 5091 λέγειν,
2530 5022 2735 5093 μονάδα
2763 5023 2817 5076 δὲ
2851 5024 3243 5090 ὑποστάσεωςς
3279 5024 3338 5076 οὑ
3368 5025 3879 5096 γὰρσυνετέθησαν

2309 5115 2405 5169 δύο
2429 5116 2688 5186 ἀλλήλαις
2718 5116 2812 5168 καὶ
2843 5117 3169 5178 ὑποστάσεις
3199 5117 3274 5180 ὡς
3299 5118 3355 5169 αί
3384 5117 3596 5187 φύσεις.

2381 5289 2476 5359 λβ’.
2512 5289 2635 5341 Ἔτι
2678 5291 2825 5341 πᾶσα
2863 5287 3028 5358 μονὰς
3070 5290 3117 5341 εί
3168 5289 3342 5358 πάντη
3394 5291 3450 5341 ἐν
3500 5288 3685 5359 ταυτῷ
3739 5291 3884 5361 λόγῳ

2309 5383 2526 5451 λέγεται
2574 5382 2712 5435 κατά
2744 5398 2889 5444 τινος
2920 5382 3043 5435 καθ’
3071 5380 3151 5436 ἓν.
3182 5384 3277 5434 καὶ
3326 5381 3457 5444 δυὰς
3514 5383 3621 5451 πρὸ
3670 5381 3768 5450 τῆς
3824 5386 3883 5435 ἐν

2309 5476 2456 5546 αὑτῷ
2486 5474 2630 5528 κατὰ
2670 5474 2731 5527 τὸ
2758 5461 2888 5525 αὑτὸ
2926 5472 3228 5543 λεγομένης
3260 5472 3447 5536 δυάδος
3485 5475 3633 5526 ἐστὶν
3675 5474 3797 5544 ἥδε·
3832 5481 3881 5529 εἰ

2313 5570 2369 5622 δὲ
2402 5567 2540 5637 μετὰ
2573 5565 2671 5635 τὴν
2708 5565 2875 5618 δυάδα
2921 5564 3151 5633 λέγοιτο,
3185 5564 3341 5633 ἢούκ
3375 5566 3431 5615 ἐν
3460 5564 3637 5634 ταυτῷ
3662 5564 3880 5631 λέγεται

2310 5656 2514 5727 λόγῳῆ
2554 5656 2615 5707 οὑ
2652 5654 2819 5723 μονάς
2850 5657 3026 5706 ἐστιν·
3063 5653 3124 5706 οὑ
3156 5654 3262 5722 γὰρ
3296 5652 3405 5722 εχει
3442 5652 3603 5714 φύσιν
3650 5656 3681 5724 ἢ
3726 5655 3880 5717 τάξιν

2313 5750 2368 5802 ἕν
2414 5765 2517 5799 τινι
2546 5746 2619 5814 τῷ
2652 5744 2803 5815 αὐτῷ
2847 5762 2969 5797 ποτε
3020 5744 3188 5815 μονάς
3222 5742 3361 5815 μετὰ
3408 5746 3505 5814 τήν
3552 5746 3711 5801 δυάδα
3744 5747 3878 5798 Ben»
