4094 6334
250 376 388 441 1789

1385 388 1681 449 CONTRA
1733 392 2328 488 MONUl’llYSl'I‘AS.

3367 396 3496 460 l790

247 484 485 575 ρείσθαι.
531 484 655 547 Πῶς
700 482 798 541 οὖν
828 488 885 557 el
914 489 1027 560 τὴν
1053 490 1223 561 αὐτὴν
1272 487 1417 547 εἶναι
1442 512 1576 563 φασι
1620 500 1738 559 ταῖς
1767 499 1806 550 ἐξ

1924 502 2330 557 ordinationem
2391 503 2444 556 in
2507 504 2693 573 aliquo
2756 506 2951 561 eodeni
3007 519 3249 575 unquam
3318 506 3498 559 unitas

243 566 324 625 ὧν
350 576 462 627 ἐστι
490 575 685 643 φύσεσι
719 580 821 648 τὴν
855 580 983 649 μίαν
1010 582 1191 650 φύσιν,
1221 584 1350 647 δυὰς
1380 588 1603 656 πρῶτον
1628 589 1817 657 γέγονε

245 664 463 729 φύσεων
493 668 585 719 καὶ
611 667 733 720 τότε
775 670 945 739 μονὰς
973 672 1186 739 φύσεως
1211 692 1226 741 ;
1262 677 1336 745 μὴ
1372 676 1689 749 ὑπαρξάσης
1712 680 1820 748 γὰρ

248 758 477 821 μονάδος
518 759 662 812 κατά
690 777 765 824 τι,
799 762 859 813 οὐ
902 761 1126 816 δυνατὸν
1164 764 1264 836 τὴν
1308 768 1447 820 κατὰ
1491 768 1649 821 τοῦτο
1692 770 1823 822 αὐτὸ

242 846 414 901 δυάδα
465 850 699 932 φανῆναι
725 867 739 880 ⁸
786 853 949 922 εἴπερ
1006 856 1069 906 ἐκ
1101 856 1330 924 μονάδος
1361 859 1394 928 ἡ
1422 858 1573 922 δυὰς,
1600 860 1694 912 καὶ
1729 861 1830 912 οὐκ

243 940 309 989 ἐκ
334 938 530 1002 δυάδος
558 942 589 1009 ἡ
634 943 803 1009 μονάς
826 958 841 977 ο
873 945 930 996 αἳ
953 944 1033 996 δεῖ
1060 941 1153 998 οὖν
1176 949 1224 999 εἰ
1259 949 1610 1016 προέιρθασαν
1638 950 1828 1015 φύσεις

239 1028 337 1081 δύο
364 1024 542 1092 εἶναιλ
562 1032 819 1086 οὐδέποτε
858 1035 958 1103 μία
983 1053 1066 1101 τε,
1098 1039 1191 1091 καὶ
1216 1041 1269 1090 αἱ
1296 1040 1459 1093 αὐταὶ
1482 1043 1825 1111 γενήσονται;

245 1120 366 1175 ἀλλ’
405 1122 438 1190 ἢ
472 1124 594 1175 κατ’
626 1124 775 1190 duo,
807 1126 838 1193 ἢ
874 1128 981 1197 πρὸ
1014 1129 1195 1182 αὐτῶν
1220 1129 1374 1183 ἔσται
1401 1132 1433 1200 ἡ
1463 1131 1584 1201 μία.

1924 599 2214 660 postquam
2246 593 2540 663 duplicitas
2570 595 2791 650 inventa
2818 607 2903 651 est
2931 614 2945 649 :
2979 595 3259 666 quomodo
3287 610 3420 666 ergo
3448 596 3494 648 si

1925 685 2173 738 eamdem
2225 699 2346 739 esse
2400 685 2594 740 dicunt
2637 702 2803 756 quam
2859 696 3057 743 natura
3105 704 3137 743 e
3188 686 3390 757 quibus
3436 683 3498 741 ﬁt

1932 776 2095 830 unica
2136 786 2358 841 natura,
2388 776 2541 846 prius
2579 788 2905 833 naturarum
2948 778 3055 834 fuit
3093 776 3410 848 duplicitas,
3438 786 3497 831 et

1934 875 2065 920 tunc
2091 867 2273 921 unitas
2299 869 2542 923 naturae?
2568 869 2686 923 Non
2709 869 2854 924 enim
2876 870 3175 924 exsistente
3192 867 3495 923 secundum

1933 956 2142 1025 aliquid
2189 956 2422 1021 unitate,
2461 958 2728 1026 possibile
2776 966 2862 1012 est
2904 956 3494 1025 secundumjdipsum

1934 1046 2313 1115 duplicitatem
2338 1047 2546 1113 viden;
2571 1049 2824 1117 quamvis
2852 1065 2919 1103 ex
2943 1049 3150 1102 unitate
3179 1045 3490 1116 duplicitas,

1935 1146 1991 1190 et
2020 1152 2128 1190 non
2162 1152 2228 1191 ex
2261 1137 2582 1206 duplicitate
2615 1139 2830 1205 unitas;
2863 1147 3083 1208 oportet
3113 1152 3243 1208 ergo
3275 1135 3321 1190 si
3353 1150 3492 1205 pre-

242 1220 525 1267 venerunt
559 1224 770 1268 natura:
802 1215 923 1270 dua:
951 1232 1107 1284 esse,
1141 1222 1297 1276 nullo
1330 1223 1494 1277 modo
1529 1232 1585 1278 et
1616 1241 1724 1279 una
1763 1233 1818 1280 et
1854 1227 2046 1281 eadem
2079 1228 2235 1293 ﬁent,
2269 1229 2365 1284 sed
2416 1240 2511 1283 aut
2576 1230 2880 1285 secundum
2930 1230 3081 1285 aliud
3116 1238 3211 1284 aut
3241 1234 3367 1283 ante
3398 1241 3492 1281 eas

238 1302 350 1355 erit
374 1318 482 1355 una
512 1304 647 1359 hate.

310 1390 415 1458 λγτ.
462 1396 584 1447 Ἐτι
617 1399 727 1467 μὴν
771 1402 821 1451 εἰ
860 1401 957 1453 καὶ
1005 1401 1095 1455 διὰ
1136 1404 1238 1473 τὴν
1260 1404 1480 1469 ἕνωσιν,
1518 1407 1701 1460 οὐκέτι
1726 1407 1817 1461 δύο

235 1486 339 1549 τὰς
379 1488 474 1541 δύο
518 1491 720 1545 εἰδέναι
750 1494 885 1561 φασὶ⁹
917 1496 1033 1573 (τὸν
1073 1499 1184 1568 γὰρ
1215 1501 1496 1569 χωρισμὸν
1526 1502 1696 1553 αἴτιον
1720 1505 1819 1571 τῆς

236 1580 435 1642 δυάδος
473 1579 611 1635 εἶναι
652 1583 913 1653 λέγουσι),
966 1587 1226 1642 πευστέον
1251 1590 1451 1656 αὐτῶν,
1489 1589 1598 1663 ἆρά
1634 1609 1696 1659 γε
1728 1595 1819 1645 ἐπὶ

236 1670 316 1741 τῷ
344 1672 563 1744 θανάτῳ
597 1676 691 1727 τοῦ
745 1679 948 1748 κυρίου
994 1680 1141 1734 ἴσασι
1185 1683 1467 1752 χωρισμόν
1509 1701 1629 1736 τινα
1657 1684 1817 1737 τινῶν

1990 1407 2078 1461 5'5.
2104 1407 2301 1462 Adhuc
2331 1408 2375 1461 si
2410 1415 2635 1477 propter
2658 1408 3081 1473 adunationem,
3114 1423 3221 1462 non
3254 1409 3486 1478 amplius

1918 1497 2058 1551 duas
2092 1497 2213 1551 illas
2242 1512 2473 1551 noscere
2503 1496 2696 1550 dicunt
2723 1497 2870 1565 (nam
2901 1496 3227 1551 divisionem
3259 1495 3493 1566 duplici-

1918 1590 2048 1641 tatis
2076 1603 2295 1642 causam
2326 1602 2446 1643 esse
2502 1587 2736 1653 dicunt),
2800 1586 3199 1656 inquirendum
3283 1588 3352 1641 ab
3384 1588 3489 1649 eis,

1918 1695 2049 1733 num
2091 1679 2159 1733 de
2199 1679 2417 1733 Domini
2454 1689 2633 1733 morte
2666 1686 2904 1732 noscunt
2936 1677 3227 1746 quamdam
3262 1686 3490 1731 natura—

236 1762 487 1870 cptiosaw,‘
509 1766 684 1870 ηούχί
698 1786 712 1833 ;
737 1768 796 1820 Ei
819 1772 919 1838 μὲν
940 1766 1033 1823 οὖν
1059 1773 1199 1841 οὐχὶ,
1224 1773 1499 1841 φαντασία
1524 1787 1582 1827 τε
1609 1777 1636 1827 ὁ
1655 1775 1806 1829 θάνα-

1917 1788 2040 1826 rum
2081 1773 2442 1841 quarumdam
2486 1771 2927 1837 distinctionem,
2965 1787 3034 1825 an
3074 1771 3222 1824 non?
3260 1771 3317 1826 Si
3359 1786 3491 1841 ergo

234 1870 352 1918 τος,
400 1856 497 1908 καὶ
525 1855 731 1927 ψευδὴς
759 1860 792 1928 ἡ
827 1861 958 1930 περὶ
1006 1863 1172 1915 αὑτοῦ
1223 1863 1349 1929 δόξα
1390 1867 1447 1918 ὲν
1467 1865 1544 1937 τῷ
1592 1866 1812 1937 Κυρίῳ-

236 1944 470 2007 θάνατος
518 1948 628 2017 γάρ
683 1952 965 2019 χωρισμός
1011 1956 1128 2006 ἐστι
1179 1954 1359 2025 ψυχῆς
1403 1956 1513 2015 ἀπὸ
1561 1956 1815 2025 σώματος

234 2030 677 2100 άναντιρῤήτως·
704 2037 752 2087 εἰ
772 2035 827 2088 δὲ
856 2037 1024 2102 ὅντως
1043 2044 1321 2112 χωρισμὸς
1352 2044 1538 2111 γέγονε
1566 2044 1811 2111 φυσικὸς,

237 2118 459 2183 πάντως
490 2124 585 2176 καὶ
615 2126 756 2179 κατὰ
786 2128 973 2181 τούσδε
1002 2130 1096 2184 δύο
1120 2132 1310 2200 φύσεις
1332 2134 1398 2187 τὰ
1430 2137 1813 2206 κεχωρισμένα

231 2210 346 2261 τῶν
394 2211 658 2280 Χριστοῦ.
696 2217 837 2287 Ἀρά
863 2220 958 2272 οὖν
1004 2223 1054 2274 ει
1096 2223 1418 2293 ὁμολογοῦσι
1466 2226 1557 2279 τὸν
1586 2228 1813 2282 θάνατον

231 2301 330 2354 τοῦ
372 2304 602 2374 Κυρίου,
629 2309 724 2360 καὶ
760 2309 854 2363 δύο
889 2311 1080 2379 φύσεις
1114 2316 1278 2371 αὑτοῦ
1308 2334 1459 2381 τινας
1498 2314 1639 2374 εἷναί
1681 2339 1811 2373 ποτε

231 2394 505 2447 δώσουσι*
537 2396 699 2451 τοῦτο
732 2400 787 2452 δὲ
832 2401 864 2470 ἢ
909 2404 1010 2473 τῆς
1062 2408 1193 2475 μιᾶς
1224 2405 1313 2478 ἦν,
1348 2413 1502 2476 φασὶ,
1539 2428 1812 2483 κατακερ-

235 2487 623 2555 ματισθείσης,
678 2491 710 2561 ἢ
760 2493 952 2561 ἑτέρας
984 2496 1434 2568 ὲπιγεννηθείσης
1462 2500 1682 2571 Χριστῷ
1710 2502 1812 2569 φύ-

232 2594 377 2639 σεως
396 2593 410 2608 ·
433 2579 810 2649 συλνογιστέον
836 2584 891 2636 δὲ
923 2586 1121 2651 αὐτοὺς
1152 2588 1231 2640 ἔτι
1261 2590 1326 2642 ὲκ
1354 2589 1582 2656 τούτων,
1616 2594 1708 2647 καὶ
1728 2594 1809 2646 ὅτι

228 2669 469 2740 ἐπείπερ
524 2673 589 2725 ἐκ
633 2673 727 2726 δύο
774 2676 991 2744 φύσεων
1045 2679 1144 2749 τὴν
1182 2682 1434 2751 γέννησιν
1486 2684 1809 2752 ὁμολογοῦσι

230 2759 494 2827 Χριστοῦ,
533 2763 598 2813 ἐκ
636 2764 887 2835 θεότητος
922 2784 981 2819 τε
1013 2769 1108 2821 καὶ
1148 2770 1563 2843 άνθρωπότητος
1604 2773 1807 2843 ταύτην

232 2848 445 2902 νοοῦσι·
473 2853 554 2913 εἰς
581 2852 673 2905 δύο
709 2854 767 2906 δὲ
813 2856 1004 2924 φύσεις
1054 2859 1383 2928 διαιρεῖσθαι
1421 2864 1564 2917 κατὰ
1592 2864 1682 2917 τὸν
1711 2863 1806 2917 θά-

229 2956 395 2991 νατον
424 2941 607 3005 δόντες
636 2945 735 2997 οὐκ
764 2947 842 3007 εἰς
875 2949 1107 3015 τοιάσδε,
1141 2951 1258 3003 ἀλλ’
1283 2956 1360 3015 εἰς
1388 2953 1595 3024 ἄψυχον
1622 2954 1802 3025 σῶμα,

228 3030 328 3081 καὶ
379 3033 462 3091 εἰς
504 3032 686 3086 ἔνθεον
733 3035 908 3107 ψυχὴν
940 3028 1170 3103 ¹λέξουσι
1217 3046 1311 3094 καὶ
1376 3045 1553 3106 αὐτοὶ,
1581 3047 1797 3116 ἀνάγκη

1917 1865 2139 1934 quidem
2170 1880 2302 1926 non,
2327 1873 2385 1917 et
2415 1862 2712 1917 ludibrium
2743 1878 2911 1926 mors,
2938 1873 2994 1918 et
3018 1856 3177 1917 fallax
3205 1862 3271 1916 de
3302 1863 3406 1919 hoc
3435 1864 3487 1915 in

1916 1957 2150 2012 Domino
2194 1957 2365 2027 gloria
2417 1974 2429 2008 :
2478 1972 2626 2010 mors
2660 1958 2807 2011 enim
2857 1956 3060 2010 divisio
3103 1964 3189 2010 est
3225 1956 3420 2009 animae
3449 1965 3485 2008 ’a

1915 2064 2150 2119 corpore
2195 2049 2605 2113 indubitanter;
2648 2048 2692 2102 si
2728 2063 2860 2101 vero
2904 2048 3082 2116 reipsa
3115 2046 3314 2100 divisio
3348 2046 3486 2100 facta

1914 2150 1999 2195 est
2034 2140 2321 2203 naturalis,
2350 2153 2581 2209 prorsus
2620 2152 2672 2192 et
2714 2137 3019 2191 secundum
3058 2145 3284 2204 naturas
3324 2136 3487 2190 hasce

1914 2230 2089 2299 duas,
2130 2231 2183 2283 in
2234 2229 2458 2284 Christo
2503 2228 2903 2298 proprietatum
2955 2226 3234 2284 distincta.
3276 2223 3484 2279 Conse-

1912 2333 2147 2392 quenter
2172 2322 2215 2376 si
2243 2321 2447 2375 Christi
2478 2328 2714 2374 mortem
2745 2318 3102 2380 conﬁtentur,
3125 2324 3182 2370 et
3208 2315 3344 2369 duas
3366 2316 3487 2385 ejus

1913 2423 2140 2467 naturas
2164 2411 2429 2481 quasdam
2456 2426 2576 2465 esse
2603 2410 2743 2463 forte
2767 2408 3075 2463 concedent
3100 2424 3113 2459 ε
3141 2405 3275 2459 illud
3301 2415 3483 2459 autem

1910 2510 2005 2555 aut
2060 2502 2223 2555 unius
2272 2500 2379 2555 illa:
2433 2513 2596 2569 quam
2652 2498 2845 2552 dicunt
2890 2496 3132 2550 minutas
3190 2495 3247 2549 in
3303 2504 3486 2564 partes

1909 2593 2134 2657 divisas,
2182 2601 2277 2647 aut
2326 2592 2555 2646 alterius
2608 2598 2919 2659 supernatet:
2973 2587 3195 2643 Christo
3249 2595 3479 2640 naturaa.

1907 2680 2253 2739 Concludere
2278 2696 2411 2736 vero
2438 2680 2646 2735 debent
2674 2679 2854 2733 adhuc
2883 2678 2956 2731 de
2984 2677 3113 2742 illis,
3137 2676 3270 2746 quia
3304 2690 3481 2744 quan—

1908 2774 2208 2842 doquidem
2255 2789 2287 2828 e
2330 2772 2547 2826 duabus
2586 2770 2803 2823 naturis
2844 2769 3258 2839 generationem
3309 2765 3482 2822 conli-

1910 2873 2093 2919 tentur
2140 2864 2378 2927 Christi,
2424 2878 2455 2917 e
2502 2861 2904 2914 divinitate'et
2947 2858 3291 2912 humanitate
3340 2858 3482 2911 hanc

1906 2956 2167 3026 cogitant.
2201 2954 2262 3009 In
2297 2953 2435 3007 duas
2468 2954 2600 3006 vero
2636 2958 2863 3004 naturas
2901 2947 3075 3004 dividi
3116 2961 3213 3015 per
3246 2955 3480 3001 mortem

1905 3047 2272 3103 concedentes
2301 3061 2410 3100 non
2447 3045 2501 3098 in
2534 3042 2835 3113 quaslibet,
2865 3041 2961 3095 sed
3007 3040 3064 3094 in
3102 3037 3480 3093 exanimatum

231 3120 453 3183 πάντως
480 3124 674 3191 ἑτέρας
703 3127 905 3180 εἰδέναι
953 3130 1113 3183 τάσδε
1142 3132 1241 3196 τὰς
1274 3133 1367 3185 ἐπὶ
1422 3135 1500 3204 τῷ
1533 3137 1801 3208 χωρισμῷ

1909 3154 2108 3208 corpus
2145 3146 2202 3192 et
2237 3138 2293 3191 in
2331 3137 2569 3190 animam
2611 3151 2641 3189 a
2686 3135 2799 3188 Deo
2838 3133 3160 3201 inspiratam
3202 3129 3390 3184 dicent
3425 3143 3481 3184 et

228 3213 497 3279 φανεξσας
529 3215 640 3267 τῶν
672 3218 781 3288 πρὸ
808 3220 908 3285 τῆς
941 3220 1189 3285 ὲνώσεως
1232 3224 1414 3287 αὐτοῖς
1447 3225 1761 3294 λεγομένων
1783 3264 1800 3291 ,

228 3306 367 3357 ἀλλὰ
399 3308 494 3359 καὶ
534 3306 635 3376 τὴν
676 3309 809 3377 μίαν
841 3312 1002 3378 φύσιν
1060 3314 1200 3367 κατὰ
1243 3314 1429 3367 τούσδε
1460 3316 1559 3387 τὴν
1607 3319 1670 3369 ὲκ
1696 3318 1805 3370 τῶν

224 3399 451 3465 φύσεων
482 3401 581 3468 τῆς
624 3417 684 3451 τε
731 3399 983 3471 θεότητος
1024 3405 1118 3456 καὶ
1161 3406 1585 3477 ἀνθρωπότητος
1612 3404 1800 3472 οὖσαν,

223 3490 429 3560 ἑτέραν
474 3485 613 3544 εἶναι
644 3490 794 3561 παρὰ
820 3491 919 3561 τὴν
949 3494 1006 3559 ἐξ
1038 3494 1222 3549 ἐνθέου
1251 3496 1432 3568 ψυχῆς
1470 3501 1561 3550 καὶ
1592 3498 1802 3569 ἀψύχου

223 3581 482 3652 σώματος
508 3584 641 3653 μίαν
670 3582 831 3651 φύσιν
858 3584 997 3652 μετὰ
1029 3587 1129 3655 τὴν
1153 3589 1449 3642 ἀνάστασιν
1476 3590 1570 3642 τοῦ
1597 3592 1801 3660 Κυρίου

228 3678 529 3745 νοουμένην
568 3678 689 3730 κατ’
719 3678 939 3741 αὐτούς·
972 3672 1047 3733 ὧν
1090 3680 1198 3751 γὰρ
1227 3682 1460 3751 διάφορα
1535 3680 1604 3733 τὰ
1657 3682 1804 3735 ἁπλᾶ

227 3771 396 3838 μέρη,
427 3768 663 3839 διάφορα
686 3769 839 3822 ἔσται
874 3770 969 3823 καὶ
997 3769 1063 3823 τὰ
1110 3770 1362 3823 σύνθετα.
1412 3771 1479 3823 Ἐ
1493 3788 1676 3824 σονται
1710 3769 1803 3825 οὖν

221 3862 274 3911 οι
310 3860 405 3912 δύο
453 3863 644 3928 φύσεις
679 3861 966 3930 ήνωμένας
1015 3861 1252 3931 Χριστοῦ
1304 3862 1377 3931 μὴ
1413 3861 1803 3932 ὁμολογοῦντες

225 3954 446 4021 σαφῶς,
476 3952 570 4005 δύο
606 3952 705 4023 μὲν
738 3952 836 4016 τὰς
898 3953 1004 4020 πρὸ
1050 3955 1150 4022 τῆς
1200 3953 1340 4005 κατὰ
1379 3955 1480 4021 τὴν
1528 3952 1803 4023 σάρκωσιν

222 4042 318 4095 τοῦ
358 4043 558 4109 Λόγου,
594 4044 724 4111 μίαν
773 4042 826 4094 δὲ
871 4040 969 4110 τὴν
1000 4043 1093 4093 ἐπὶ
1123 4043 1188 4110 τῇ
1222 4040 1412 4094 ἑνώσει
1447 4041 1628 4095 αὐτῶν
1653 4055 1667 4069 ⁸
1708 4042 1802 4094 καὶ

225 4138 425 4202 ἑτέρας
459 4135 553 4187 δύο
591 4136 694 4199 τᾲς
741 4134 833 4185 ἐπὶ
879 4133 959 4204 τῷ
990 4132 1263 4203 χωρισμῷ
1288 4133 1384 4185 τοῦ
1415 4133 1671 4195 θανάτου,
1706 4133 1801 4185 καὶ

224 4227 360 4297 μίαν
388 4225 554 4295 ἄλλην
582 4225 681 4294 τὴν
712 4225 803 4276 ἐπὶ
831 4227 896 4293 τῇ
922 4222 1229 4277 ’ἀναστάσει
1253 4222 1347 4277 τοῦ
1373 4224 1581 4294 Κυρίου
1621 4240 1802 4298 καινρο

221 4319 391 4385 τέραν
423 4314 695 4381 λέγοντες,
731 4318 821 4367 καὶ
864 4314 925 4377 ’ἐξ
970 4332 1031 4367 τε
1079 4315 1177 4367 καὶ
1224 4315 1546 4384 διαφόρουςο
1584 4317 1680 4368 καὶ
1720 4316 1799 4383 πῆ

221 4410 323 4477 μὲν
351 4406 655 4477 ἡνωμένας,
688 4409 767 4477 πῆ
796 4407 853 4458 δὲ
880 4397 1264 4477 χωριζομέναξ
1287 4406 1479 4475 φύσεις
1502 4425 1514 4438 ·
1550 4408 1641 4459 καὶ
1666 4408 1799 4460 πάν-

1904 3232 2044 3302 ipsi,
2073 3244 2297 3285 necesse
2334 3238 2418 3283 est
2448 3241 2676 3298 prorsus
2710 3232 2939 3279 caeteras
2968 3236 3206 3276 noscere
3237 3220 3304 3275 de
3332 3220 3482 3291 divi-

1904 3323 2062 3383 sione
2094 3328 2427 3391 apparentes
2462 3333 2649 3373 rerum
2684 3330 2806 3385 qua:
2839 3320 2965 3367 ante
3000 3311 3390 3366 adu'nationem
3423 3310 3478 3364 in

1906 3411 2042 3481 ipsis
2074 3409 2517 3473 afﬁrmabantur;
2552 3407 2647 3462 sed
2682 3408 2848 3463 etiam
2881 3406 3103 3460 unicam
3139 3403 3285 3456 hanc
3317 3410 3480 3457 natu-

1905 3519 2021 3558 ram
2048 3503 2203 3572 juxta
2236 3500 2482 3567 eosdem,
2513 3500 2657 3555 hanc
2688 3516 2718 3554 e
2754 3498 2968 3554 naturis
3007 3505 3122 3550 tum
3149 3494 3479 3557 divinitatis,

1906 3603 2021 3649 tum
2070 3592 2433 3648 humanitatis
2480 3590 2867 3653 exsistentem,
2900 3588 3059 3641 aliam
3106 3600 3229 3641 esse
3270 3584 3339 3639 ab
3390 3583 3484 3650 illa

1903 3702 2026 3756 qua:
2064 3694 2184 3739 erat
2219 3700 2287 3738 ex
2329 3683 2510 3737 anima
2550 3697 2580 3735 a
2620 3681 2734 3736 Deo
2777 3679 3040 3749 inspirata
3083 3689 3139 3732 et
3171 3676 3482 3731 exanimato

1903 3791 2134 3846 corpore
2172 3775 2390 3830 unicam
2425 3781 2684 3829 naturam
2718 3778 2842 3841 post
2868 3768 3084 3831 Domini
3119 3765 3481 3822 resurrectio-

1902 3883 2029 3924 nem
2069 3867 2359 3936 cogitatam
2396 3866 2552 3936 juxta
2596 3865 2768 3933 ipsos.
2801 3860 3057 3928 Quorum
3093 3858 3239 3914 enim
3270 3856 3479 3910 discre-

1902 3960 2089 4029 pantia
2137 3956 2453 4028 singulatim
2501 3955 2771 4025 simplicia
2814 3953 3083 4015 membra,
3110 3948 3478 4017 discrepantia

1900 4058 2066 4106 erunt
2101 4060 2156 4105 et
2190 4049 2492 4119 composita
2529 4066 2541 4101 :
2586 4055 2750 4101 erunt
2785 4053 2913 4113 ergo
2948 4044 3044 4113 qui
3083 4044 3222 4097 duas
3253 4049 3479 4094 naturas

1902 4142 1959 4197 in
1998 4142 2222 4198 Christo
2272 4140 2543 4196 adunatas
2592 4139 2740 4194 clare
2794 4151 2904 4191 non
2950 4134 3304 4197 conﬁtentur,
3340 4131 3477 4187 duas

1901 4233 2123 4303 quidem
2175 4232 2299 4286 illas
2321 4240 2448 4285 ante
2488 4228 2876 4285 exsistentiam
2925 4227 2980 4280 in
3001 4225 3169 4280 Verbi
3220 4225 3473 4278 incarna-

1902 4325 2086 4387 tione,
2118 4337 2282 4376 unam
2318 4330 2503 4375 autem
2542 4320 2599 4373 in
2632 4334 2822 4373 earum
2857 4316 3221 4380 adunatione;
3255 4323 3312 4370 et
3340 4314 3478 4371 alias

1902 4416 2041 4469 duas
2085 4412 2140 4468 in
2188 4412 2402 4467 mortis"
2425 4411 2727 4473 divisione,
2761 4409 2927 4463 aliam
2975 4417 3160 4462 autem
3211 4420 3375 4460 unam
3416 4407 3475 4463 in

215 4519 285 4553 τα
322 4501 655 4569 σπαραγμὸν
699 4499 923 4569 Χριστῷ
968 4498 1373 4568 ἐπινοήσαντες,
1420 4500 1470 4552 οξ
1498 4502 1575 4571 τῇ
1610 4499 1800 4552 ὲνώσει

1909 4504 2121 4579 Domini
2164 4504 2574 4558 resurrectione
2614 4501 2986 4556 recentiorem
3031 4499 3389 4563 aﬂirmantes,
3422 4505 3478 4553 cz

219 4591 389 4644 αὐτοῦ
418 4593 739 4661 συνηγορεῖν
768 4590 1062 4661 προσποιοῦ
1072 4609 1244 4660 μενοι.

1911 4590 2006 4647 sei:
2037 4602 2093 4647 et
2120 4591 2480 4661 multiplices;
2516 4601 2573 4646 et
2608 4590 2735 4644 hinc
2768 4590 2992 4659 quidem
3027 4589 3321 4651 adunatas,
3349 4585 3476 4639 inde

218 4700 357 4739 vero
388 4682 594 4737 divis’as
619 4690 880 4746 naturas;
913 4689 970 4734 et
997 4681 1449 4736 dilacerationem
1482 4697 1698 4736 omnem
1730 4681 1797 4735 de
1834 4682 2062 4738 Christo
2090 4685 2485 4753 excogitantes,
2513 4683 2607 4752 qui
2652 4682 2720 4737 de
2784 4682 2904 4752 ejus
2966 4681 3298 4735 adunatione
3347 4694 3474 4748 pcr-

216 4787 384 4826 orare
425 4772 707 4826 aﬂ‘ectant.

287 4866 388 4919 λε.
431 4866 700 4918 Πευστέον
746 4866 803 4918 δὲ
852 4866 1030 4917 αὐτῶν
1057 4866 1137 4919 ἔτι
1174 4868 1266 4919 καὶ
1299 4868 1419 4920 τόδε
1448 4884 1459 4897 ’
1486 4871 1534 4921 εἰ
1566 4869 1656 4920 τὸν
1686 4869 1799 4920 [Ια-

216 4960 358 5027 τέρα
398 4958 520 5012 κατ’
546 4958 737 5019 οὐσίας
761 4958 919 5025 λόγον
964 4958 1349 5029 διακεκρίσθαι
1379 4959 1594 5027 λέγουσι
1622 4960 1801 5029 πάσης

213 5053 318 5119 τῆς
354 5050 801 5119 ἀνθρωπότητος,
833 5045 949 5101 εἶτα
999 5052 1045 5102 εἰ
1084 5052 1176 5103 καὶ
1225 5052 1313 5103 τὸν
1352 5053 1480 5121 μίαν
1515 5054 1676 5121 φύσιν
1710 5052 1801 5105 λε-

216 5146 456 5213 γόμενον
488 5142 671 5204 αὐτοῖς
718 5138 857 5194 εἶναι
911 5143 1167 5213 Χριστὸν,
1220 5143 1509 5196 κοινωνοῦν
1544 5161 1597 5195 τι
1636 5142 1801 5210 γινώο

216 5250 417 5288 σκουσι
460 5232 538 5301 τῷ
576 5234 775 5302 Πατρὶ,
810 5234 904 5285 καὶ
947 5233 1224 5302 ἡνωμένον
1258 5236 1375 5287 κατ’
1404 5236 1591 5297 οὐσίας
1626 5235 1796 5302 ’λόγον

214 5326 345 5379 καθ’
382 5326 549 5393 ὅνπερ
576 5323 758 5393 ἡμῶν,
788 5324 863 5384 ὡς
894 5322 1103 5391 ἔφασαν
1128 5324 1609 5395 ἦδη,διακέκριται
1632 5329 1660 5379 ὁ
1682 5328 1796 5379 Πα-

212 5420 356 5489 τήρο
390 5420 437 5469 εἰ
463 5416 570 5485 γὰρ
602 5418 867 5485 φάσκοιεν
897 5416 1139 5486 ἡνῶσθαι
1162 5418 1324 5470 αὑτὸν
1354 5418 1429 5487 τῷ
1457 5418 1630 5489 Πατρὶ
1657 5422 1796 5474 κατά

216 5511 407 5578 φύσιν,
445 5508 601 5576 ἡμῶν
652 5507 896 5576 δηλονότι
925 5508 1020 5559 καὶ
1044 5508 1206 5571 αὐτὸς
1237 5508 1600 5577 διακέκριται,
1628 5510 1794 5580 ἧγουν

215 5594 319 5662 τῆς
345 5592 765 5663 ἀνθρωπὸτητος
790 5610 803 5622 ’
838 5593 1035 5647 οὐκοῦν
1085 5595 1173 5646 καὶ
1203 5594 1303 5661 τῆς
1339 5595 1471 5659 ἰδίας
1500 5598 1717 5665 σαρκὸς,
1748 5602 1792 5650 εἰ

214 5685 432 5756 ἀληθὴς
460 5685 596 5756 αῦτη
630 5687 787 5757 σάρξ,
820 5687 913 5739 καὶ
939 5686 1033 5756 μία
1060 5688 1157 5755 τῆς
1178 5686 1459 5757 aii/Optimi:
1473 5690 1592 5757 ητὸς
1624 5693 1786 5742 ἐστιν·

216 5780 327 5847 ἄρα
360 5773 449 5831 οὖν
480 5776 712 5848 ἄσαρκος
744 5782 769 5831 ὁ
805 5779 1059 5850 Χριστῖις,
1091 5778 1499 5847 ὄιςεκεκριμένος
1524 5782 1620 5851 τῇς
1660 5796 1787 5851 σπρο

1968 4868 2056 4923 54.
2100 4866 2492 4937 lnquirendum
2520 4866 2588 4920 ab
2610 4865 2691 4921 eis
2713 4872 2768 4920 et
2797 4864 2932 4918 illud
2959 4882 2971 4917 :
3000 4862 3055 4917 Si
3081 4864 3297 4918 Patrem
3323 4864 3474 4933 juxta

1897 4959 2147 5013 essentia:
2185 4974 2495 5012 sermonem
2526 4956 2741 5011 secerni
2782 4972 2811 5009 a
2850 4963 2961 5009 tota
3008 4955 3351 5009 humanitate
3388 4955 3472 5008 di-

1898 5058 2050 5114 cunt,
2110 5048 2328 5113 deinde,
2379 5049 2423 5101 si
2469 5056 2525 5101 et
2556 5047 2834 5101 Christum
2883 5046 2975 5115 qui
3024 5045 3091 5099 ab
3129 5045 3212 5100 eis
3259 5047 3472 5100 unicam

1898 5154 2015 5194 esse
2055 5140 2259 5193 dicitur
2296 5149 2547 5192 naturam
2585 5154 2876 5192 commune
2910 5137 3190 5207 quoddam
3218 5153 3341 5191 cum
3376 5138 3475 5190 Pa-

1904 5239 1983 5286 tre
2025 5232 2225 5285 hahere
2257 5239 2514 5292 noscunt,
2545 5229 2588 5282 si
2615 5238 2669 5283 et
2698 5236 2954 5289 noscunt,
2997 5226 3295 5280 adunatum
3318 5227 3472 5295 juxta

1902 5325 2154 5380 essentia:
2178 5337 2486 5377 sermonem
2516 5320 2819 5375 secundum
2855 5318 3156 5389 quemlibet
3190 5317 3365 5371 nostri
3397 5317 3473 5371 εἰς

1902 5417 2114 5484 cutjam
2133 5414 2407 5477 dicebant,
2431 5412 2739 5467 secernitur
2751 5412 2912 5465 Pater
2930 5430 2941 5463 ε
2956 5411 2999 5464 si
3014 5411 3159 5465 enim
3174 5409 3471 5463 adunatum

1903 5509 2070 5561 fuisse
2113 5523 2236 5561 eum
2282 5505 2429 5559 Patri
2496 5500 2798 5557 secundum
2863 5512 3115 5556 naturam
3175 5500 3385 5559 dicunt,
3442 5516 3471 5553 a

1902 5598 2060 5650 nobis
2103 5612 2232 5652 sane
2275 5605 2328 5649 et
2380 5595 2491 5663 ipse
2522 5595 2848 5656 secernitur,
2883 5594 3091 5647 scilicet
3122 5592 3189 5645 ab
3221 5590 3468 5643 humani-

1902 5698 2030 5752 tate,
2074 5706 2203 5754 ergo
2250 5700 2303 5742 et
2336 5706 2362 5739 ει
2409 5687 2624 5756 propria
2668 5702 2850 5747 carne,
2906 5687 2949 5739 si
2998 5702 3123 5738 vera
3157 5685 3269 5751 ipsa
3318 5698 3466 5745 raro,

1900 5793 1949 5835 et
1986 5799 2088 5834 mm
2114 5780 2466 5834 humanitatis
2491 5791 2569 5832 est
2598 5796 2754 5846 :t‘rgn
2774 5779 2978 5845 alisque
3000 5794 3158 5830 «τυ-ιιι
3192 5775 3466 5831 Christus.
