4094 6334
617 391 742 455 1τ91

1859 394 2164 454 LEONTII
2207 393 2608 452 ΒΥΖΑΝΤΙΝΙ

3708 391 3840 453 Ῑτῖ9Ξ

609 521 642 560 a
676 521 839 561 carne
894 509 1011 576 ejus
1056 508 1359 573 discretus;
1402 518 1457 562 et
1502 504 1766 563 dissoluta
1819 519 1904 567 est
1965 511 2032 564 ab
2084 508 2164 564 eis

2287 505 2356 569 ιδς
2387 506 2552 560 αὑτοῦ
2575 523 2585 535 ·
2618 507 2710 559 xui.
2746 507 2962 559 λέλυται
2991 509 3171 569 αὐτοῖς
3218 511 3250 577 ἡ
3294 507 3509 569 ἐνωσις,
3540 507 3632 560 καὶ
3664 511 3838 578 πάντη

610 598 890 662 adunatio,
929 607 984 652 et
1030 599 1192 655 nobis
1233 601 1454 654 omnino
1507 600 2028 656 incommunicabile
2087 600 2172 653 di-

611 690 796 743 vinum
823 689 879 745 in
925 689 1162 746 Christo.
1197 689 1255 746 Si
1293 689 1424 746 Vero
1466 692 1618 746 carni“
1646 692 1867 762 quidem
1905 692 2175 746 adunatur

615 778 850 833 Verbum
879 779 1180 834 secundum
1212 789 1484 844 naturam,
1519 797 1626 836 non
1653 791 1832 836 autem
1864 797 1988 836 eum
2017 783 2174 838 Patre

612 883 902 924 commune
948 871 1115 926 habet
1162 873 1216 925 in
1245 872 1593 927 .adunatione
1623 874 1776 943 juxta
1825 881 2096 936 naturam,
2145 889 2174 926 a

615 959 771 1014 Patre
793 961 1092 1015 secundum
1111 972 1358 1024 naturam
1375 963 1658 1027 dividitur,
1675 972 1729 1017 et
1746 965 1851 1018 erit
1872 979 1980 1016 non
2002 965 2172 1028 Dens;

615 1052 695 1104 vel
727 1051 888 1106 Pater
931 1068 1039 1106 non
1090 1054 1251 1118 Deus,
1299 1054 1344 1108 si
1385 1053 1644 1109 Christus
1692 1065 1780 1110 est
1824 1071 1963 1109 unus
1998 1056 2173 1120 Deus,

612 1147 798 1214 plures
837 1149 983 1202 enim
1020 1149 1246 1211 divisos,
1276 1165 1387 1203 non
1433 1150 1766 1203 credendum
1823 1149 1974 1203 deos.
2015 1149 2176 1203 Juxta

613 1250 743 1291 vero
777 1238 1101 1292 alterutrum
1153 1238 1620 1306 blasphemorum,
1666 1241 1928 1310 gehenna:
1969 1239 2172 1308 suppli-

613 1329 758 1380 (Ιηηὶ
797 1337 944 1382 esset
983 1329 1312 1400 eligentibus
1347 1331 1463 1385 hmc
1498 1331 1652 1385 eﬂ‘ari
1686 1331 1930 1400 dignum.

681 1420 769 1474 35.
811 1420 866 1475 Si
902 1437 1012 1474 non
1059 1422 1360 1476 secundum
1392 1423 1536 1492 quod
1565 1422 1818 1476 Christus
1849 1432 1951 1485 est,
1983 1436 2179 1475 secun-

612 1507 744 1561 dum
781 1508 916 1562 illud
947 1510 1194 1578 quaedam
1225 1521 1424 1564 natura
1453 1520 1556 1572 est,
1587 1511 1718 1564 illud
1742 1511 1888 1563 enim
1920 1521 1973 1564 et
1991 1511 2178 1564 Pati-es

614 1601 891 1665 dixerunt,
913 1602 1326 1656 utsecundum
1352 1603 1516 1666 nihil,
1539 1610 1633 1656 aut
1661 1604 1714 1655 in
1741 1610 2003 1671 quantum
2037 1601 2178 1655 Deus

617 1698 848 1756 tantum,
875 1699 968 1745 aut
993 1693 1049 1745 in
1070 1701 1335 1760 quantum
1359 1693 1523 1746 homo
1550 1701 1780 1755 ta::tum,
1805 1703 1900 1746 aut
1930 1692 1982 1744 in
2008 1708 2179 1761 quan-

616 1790 730 1833 tum
758 1790 814 1834 et
845 1782 990 1836 Deus
1015 1791 1211 1838 natura
1229 1793 1321 1837 est
1344 1791 1399 1836 et
1422 1784 1586 1836 homo
1621 1783 1818 1837 iterum
1851 1792 2044 1836 natura
2073 1792 2176 1847 est,

615 1873 757 1926 idem
792 1873 1012 1942 quidem
1044 1890 1186 1928 unus
1213 1862 1484 1939 Christus,
1518 1876 1612 1929 sed
1659 1890 1766 1928 non
1807 1875 1996 1931 eadem
2047 1891 2177 1945 ergo

616 1962 784 2018 Filius
838 1971 895 2016 et
942 1979 1048 2016 una
1101 1973 1317 2027 natura,
1362 1982 1491 2018 num
1528 1980 1655 2034 ergo
1683 1980 1788 2018 non
1829 1965 1970 2018 idem
2019 1966 2177 2019 Pater

612 2068 734 2106 cum
783 2054 923 2107 Filio
972 2070 1202 2108 numero
1262 2071 1602 2118 sermoncve,
1684 2072 1793 2109 non
1853 2072 1984 2110 vero
2033 2057 2175 2110 Idem

613 2152 806 2196 natura
869 2144 1028 2198 Pater
1087 2162 1209 2199 cum
1248 2145 1425 2209 Filio,
1491 2161 1719 2200 numero
1784 2162 1883 2202 nec
1926 2162 2177 2204 sermone

612 2233 887 2294 naturali,
949 2234 1090 2288 sicut
1162 2235 1326 2289 Arius
1403 2237 1538 2290 vult.
1604 2236 1659 2290 Si
1724 2253 1854 2291 vero
1907 2237 2174 2304 dixerint,

610 2323 910 2378 secundum
953 2326 1103 2394 quod
1127 2341 1359 2395 persona
1393 2336 1448 2380 et
1486 2337 1680 2382 natura
1711 2337 1816 2388 est.
1848 2328 2038 2381 eadem
2078 2328 2179 2382 ite—

612 2429 727 2468 rum
753 2425 1103 2484 Opponentur
1133 2416 1247 2470 eis:
1267 2433 1398 2488 ergo
1418 2418 1564 2471 enim
1584 2433 1709 2471 cum
1730 2419 1833 2471 alia
1850 2418 1927 2472 sit
1949 2433 2177 2487 persona

611 2506 787 2560 Patris
811 2507 1026 2576 aliaque
1062 2507 1301 2577 Spiritus
1359 2509 1559 2573 sancti,
1605 2518 1659 2562 et
1690 2509 1792 2562 alia
1825 2499 2052 2575 natura;
2077 2509 2177 2564 sed

609 2610 733 2648 cum
786 2606 842 2651 et
893 2597 1157 2652 diﬁcrens
1212 2600 1284 2654 sit
1340 2616 1573 2668 persona
1639 2601 1780 2654 Petri
1843 2610 1898 2654 et
1945 2617 2177 2669 persona

609 2687 785 2751 Pauli,
842 2698 899 2742 et
941 2698 1138 2744 natura
1199 2690 1464 2745 diﬂ‘erens
1545 2707 1667 2760 qua:
1715 2700 1844 2747 sunt
1893 2693 2179 2748 evidenter

609 2777 865 2838 absurda.

677 2869 766 2924 56.
806 2871 859 2925 Si
898 2887 1004 2926 una
1037 2873 1338 2941 composita
1381 2873 1583 2927 Christi
1613 2877 1827 2938 natura,
1861 2891 1966 2928 una
1998 2887 2177 2931 autem

609 2959 836 3029 simplex
865 2970 1058 3016 natura
1092 2961 1606 3031 Patris,.quomodo
1638 2961 1786 3015 Patri
1839 2957 2008 3016 Filius
2046 2978 2180 3017 con-

609 3050 1024 3105 substantialis?
1072 3052 1189 3105 Non
1225 3053 1372 3106 enim
1408 3053 1636 3122 simplex
1678 3053 1820 3107 idem
1854 3069 1918 3108 ac
1959 3069 2183 3124 compo-

612 3139 774 3194 situm
815 3158 828 3194 :
866 3149 960 3195 aut
995 3158 1126 3211 ergo
1156 3159 1266 3196 non
1315 3159 1476 3197 unam
1525 3143 1753 3206 Christi,
1790 3153 1884 3199 aut
1914 3160 2182 3199 non'con-
2207 3182 2250 3241 Ο

613 3230 1024 3285 substantialem
1056 3232 1201 3285 Patri
1231 3242 1478 3286 naturam
1514 3234 1862 3302 proﬁtentur.
1893 3235 1948 3289 Si
1977 3251 2006 3290 e
2029 3248 2182 3305 parte

613 3317 757 3372 illam
789 3320 1313 3375 consubstantialem
1363 3322 1508 3375 Patri
1535 3323 1747 3391 dicunt,
1798 3325 1974 3378 sciant
2009 3325 2179 3394 quod,

612 3418 775 3479 prout
816 3413 925 3480 jam
971 3411 1176 3466 dictum
1203 3422 1311 3475 est,
1343 3430 1449 3468 non
1495 3432 1559 3470 ex
1601 3424 1756 3484 parte
1811 3426 2006 3470 natura
2038 3433 2185 3485 quae-

613 3500 737 3554 dam
764 3517 961 3572 nempe
983 3505 1222 3559 essentia
1254 3505 1457 3558 dicitur
1481 3507 1645 3560 alicui
1677 3508 2182 3564 consubstantialis.

612 3590 691 3644 sic
723 3590 870 3644 enim
895 3598 950 3645 et
979 3592 1142 3646 homo
1169 3604 1283 3649 tum
1315 3593 1482 3662 lapidi
1520 3603 1635 3648 tum
1683 3594 1828 3658 cani,
1854 3602 1968 3647 tum
1992 3594 2184 3664 angelo

612 3681 1100 3737 consubstantialis
1142 3683 1441 3738 diceretur.

684 3772 772 3826 57.
815 3770 986 3827 Unica
1039 3775 1133 3827 Dei
1185 3775 1350 3829 Verbi
1401 3783 1596 3830 natura
1649 3779 1752 3832 ista
1801 3778 2079 3830 incarnata
2117 3777 2185 3827 ab

617 3862 779 3916 unica
801 3863 896 3917 Dei
921 3864 1096 3919 Patris
1117 3876 1313 3920 natura
1333 3884 1442 3922 non
1467 3869 1747 3924 incarnata
1769 3867 1952 3922 diﬂ‘ert
1969 3864 2187 3918 annon?

618 3955 1000 4025 llespondeant
1039 3975 1050 4009 :
1086 3958 1130 4011 si
1156 3953 1349 4012 dicunt
1374 3960 1592 4028 quidem
1628 3960 1772 4028 quod
1808 3957 2044 4019 diﬂ‘erat,
2077 3970 2185 4008 non

615 4062 745 4100 vero
813 4044 1296 4104 consubstantialis
1380 4051 1487 4103 erit
1552 4051 1696 4104 Patri
1750 4050 1918 4103 Filius
1968 4049 2035 4102 ab
2092 4047 2183 4126 illo

616 4137 682 4191 ad
739 4145 988 4192 naturam
1033 4139 1330 4202 diﬂ'erens;
1379 4159 1486 4194 non
1527 4158 1556 4196 e
1609 4151 1761 4211 parte
1811 4140 1955 4194 enim
2009 4139 2078 4193 de
2122 4139 2187 4192 iis

617 4229 1087 4284 consubstantiale
1133 4230 1314 4285 dicere
1362 4243 1467 4285 est.
1527 4233 1720 4286 Omnia
1772 4231 1920 4286 enim
1972 4229 2186 4284 Domini

616 4321 1108 4375 consubstantialia
1159 4322 1212 4374 in
1258 4337 1451 4376 eorum
1502 4324 1769 4376 totalitate
1812 4322 1877 4375 ad
1953 4321 2186 4374 invicem

619 4396 1107 4467 consubstantialia
1153 4411 1444 4478 videmus;
1483 4414 1526 4466 si
1563 4430 1693 4467 vero
1730 4430 1838 4466 non
1865 4411 2188 4466 diﬂerredi-

2275 596 2404 662 ἡμῖν
2438 594 2821 666 ,ἀκοινώνητον
2865 595 2924 646 τὸ
2991 594 3131 647 Θείον
3176 598 3233 646 έν
3279 593 3522 664 Χριστῷ.
3569 595 3628 646 ΕΞ
3673 595 3728 647 δὲ
3771 601 3836 663 τῇ

2278 683 2439 751 σαρκὶ
2481 681 2578 750 μὲν
2605 682 2807 750 ἥνωται
2844 684 2870 734 ὁ
2901 682 3073 749 Λόγος
3106 684 3243 736 κατὰ
3272 684 3371 753 τὴν
3420 683 3602 752 φύσιν,
3633 684 3694 738 ού
3724 701 3838 735 κοι-

2276 775 2434 824 νωνεῖ
2461 771 2518 824 δὲ
2545 771 2618 841 τῷ
2642 772 2813 841 Πατρὶ
2837 775 2915 841 τῇ
2935 774 3072 825 κατὰ
3110 773 3270 842 φύσιν
3301 773 3510 836 ἑνώσει,
3549 774 3836 843 διαιρεῖται

2275 865 2374 932 τὴν
2418 864 2578 930 φύσιν
2619 865 2686 914 ἐκ
2731 863 2821 915 τοῦ
2859 865 3096 934 Ιιατρὸς,
3130 866 3221 917 καὶ
3248 865 3401 917 ἔσται
3435 866 3493 918 ού
3538 866 3706 928 Θεός·
3750 865 3780 936 ἢ
3811 868 3838 916 ὁ

2277 955 2468 1022 Πατὴρ
2494 953 2553 1004 ού
2584 953 2735 1016 Θεὸς,
2764 955 2810 1004 εί
2837 953 3065 1022 Χριστός
3092 954 3242 1016 ιστιν
3256 956 3286 1006 6
3315 949 3395 1022 εἷς
3421 955 3551 1017 Θεός
3575 970 3588 983 ·
3625 955 3838 1014 πλείους

2276 1043 2386 1113 γὰρ
2413 1043 2839 1112 διαιρουμένους,
2875 1044 2934 1095 ού
2978 1042 3259 1109 δοξαστέον
3286 1045 3439 1107 Θεούς
3461 1059 3474 1073 ⁸
3514 1032 3650 1098 κατᾶ
3679 1031 3838 1096 θάτε-

2278 1152 2370 1204 ρον
2395 1133 2452 1185 δὲ
2473 1132 2580 1184 τῶν
2604 1132 2961 1202 βλασφήμων,
2993 1132 3053 1185 τὸ
3082 1134 3180 1202 τῆς
3210 1135 3434 1201 γεέννης
3459 1135 3642 1204 sum
3677 1134 3836 1187 κολα-

2279 1225 2498 1292 στήριον
2519 1226 2631 1284 τοῖς
2660 1224 3004 1294 αἱρουμένοις
3028 1224 3152 1277 τάδε
3176 1225 3354 1292 λέγειν
3383 1225 3602 1292 ἐπάξιον
3618 1269 3633 1284 .

2348 1397 2441 1451 λε’.
2485 1398 2548 1450 Εί
2599 1395 2674 1466 μὴ
2723 1395 2844 1450 καθ’
2871 1397 2900 1449 ὃ
2947 1399 3178 1467 Χριστός
3221 1401 3338 1452 ἐστι
3387 1401 3525 1452 κατὰ
3566 1399 3720 1453 τοῦτό
3757 1418 3840 1463 τις

2278 1488 2434 1558 φύσις
2461 1488 2578 1539 ἐστὶ
2608 1488 2785 1558 (τοῦτο
2817 1488 2923 1558 γὰρ
2951 1491 3043 1541 καὶ
3071 1492 3118 1541 ot
3155 1491 3393 1559 Πατέρες
3419 1492 3765 1560 ἀπείρηκαν),
3808 1495 3840 1561 ἢ

2279 1581 2593 1645 κατ’Ὄύδδν,
2645 1580 2679 1651 ἢ
2712 1581 2830 1635 καθ’
2870 1581 2898 1633 ὃ
2935 1581 3067 1643 Θεὸς
3104 1582 3283 1650 μόνον,
3319 1583 3350 1653 ἦ
3383 1583 3503 1635 καθ’
3549 1582 3579 1634 6
3627 1582 3842 1652 ἀνθρω-

2281 1686 2377 1732 πος
2415 1670 2594 1739 μόνον,
2626 1669 2657 1739 ἢ
2689 1669 2808 1721 καθ’
2843 1670 2871 1722 ὅ
2906 1686 2962 1721 τε
2993 1667 3123 1730 Θεὸς
3158 1671 3319 1737 φύσις
3350 1673 3490 1736 ἐστὶ,
3523 1672 3612 1724 καὶ
3662 1671 3783 1739 καφ
3813 1672 3842 1722 ὃ

2279 1729 2561 1828 ἄνδρίυπος
2581 1729 2752 1813 ’πάλιν
2771 1761 2926 1828 φύσις
2948 1762 3086 1824 ἐστὶ,
3106 1729 3141 1813 76
3169 1729 3329 1823 αὐτὸς
3358 1762 3454 1830 μὲν
3477 1729 3566 1822 ἐἷς
3589 1729 3843 1830 Χριστίις,

2281 1851 2393 1905 ἀλλ’
2424 1852 2587 1921 οὐλὴ
2617 1853 2754 1920 αὑτὴ
2791 1852 2952 1918 φύσις
2981 1855 3038 1905 ὲν
3071 1853 3282 1923 θεότητι
3327 1853 3422 1905 καὶ
3461 1851 3842 1921 ἀνθρωπότητι

2283 1936 2422 1994 εἶναι
2454 1939 2764 2011 νοούμενος.
2800 1943 2860 1994 Ei
2914 1943 2969 1994 δὲ
3022 1942 3228 1994 εἴποιεν
3277 1943 3400 1995 καθ’
3428 1942 3454 1994 ὃ
3512 1942 3637 2003 Υἱὸς
3684 1941 3848 2007 φύσις

2282 2035 2452 2099 ἐστὶν,
2487 2027 2565 2095 εἷς
2585 2029 2684 2085 οὖν
2718 2034 2841 2095 Υἱὸς
2872 2036 2966 2086 καὶ
2993 2034 3091 2104 μία
3125 2034 3306 2102 φύσις,
3327 2035 3432 2105 ἄρα
3455 2029 3548 2086 οῦν
3564 2033 3846 2103 μὴταυτὺυ

2285 2126 2468 2195 Πατὴρ
2503 2125 2617 2196 Υίῷ
2641 2125 2858 2195 ἀριθμῷ
2887 2126 2919 2196 ἢ
2951 2127 3125 2194 Λόγῳ,
3156 2126 3276 2178 οὐδὲ
3303 2127 3498 2179 ταυτὸν
3529 2116 3595 2195 τῇ
3630 2123 3787 2192 φύσει
3818 2128 3858 2175 6.

2285 2217 2471 2286 Πατὴρ
2496 2216 2571 2285 τῷ
2598 2217 2730 2286 Υίῷ,
2757 2217 2878 2270 οὔτε
2913 2217 3128 2286 ἀριθμῷ
3169 2217 3290 2270 οὔτε
3313 2220 3470 2287 Λόγῳ
3509 2217 3741 2285 φυσικῷ,
3771 2216 3850 2278 ὡς

2288 2309 2502 2377 ’Δρειος
2532 2307 2795 2378 βούλεται.
2847 2309 2906 2359 Εἰ
2935 2307 2992 2359 δὲ
3021 2309 3182 2359 πάλιν
3209 2308 3430 2368 εἴποιεν,
3465 2307 3584 2358 καθ’
3615 2305 3642 2357 ὂ
3669 2306 3847 2374 πρόσο

2283 2415 2430 2452 ωπον
2485 2399 2580 2450 καὶ
2625 2400 2785 2465 φύσις
2834 2398 2968 2462 ἐστὶ,
3005 2399 3071 2450 τὰ
3104 2398 3242 2450 αὐτὰ
3279 2397 3440 2449 πάλιν
3475 2397 3850 2466 ὑπαντῆσεται

2284 2490 2491 2550 αὐτοῖς·
2520 2487 2625 2556 ἄρα
2668 2489 2774 2556 γὰρ
2803 2489 2922 2539 ἐπεὶ
2959 2486 3146 2557 ἕτερον
3176 2488 3468 2555 πρόσωπον
3507 2485 3601 2538 τοῦ
3632 2485 3851 2553 Πατρὺς

2285 2579 2500 2632 καὶτοῦ
2554 2579 2710 2646 ἁγίου
2765 2579 3103 2648 Πνεύματος,
3159 2580 3252 2642 καὶ
3295 2579 3459 2648 ἑτέρα
3509 2578 3696 2647 φύσις·
3733 2577 3850 2630 ἀλλ’

2286 2674 2410 2726 ἐπεὶ
2455 2673 2548 2725 καὶ
2586 2672 2840 2742 διάφορον
2884 2672 3174 2740 πρόσωπον
3205 2671 3414 2739 Πέτρου
3447 2672 3583 2737 πρὸς
3615 2669 3851 2732 Παῦλον,

2288 2766 2381 2816 καὶ
2411 2763 2666 2831 διάφορος
2691 2764 2724 2830 ή
2766 2761 2944 2830 φύσις,
2990 2762 3023 2813 ἆ
3044 2763 3159 2813 ἐστι
3196 2764 3443 2831 προφανῆ
3476 2763 3670 2814 ἄτοπα.

2357 2853 2464 2916 λς’.
2509 2852 2568 2903 Εἰ
2603 2852 2701 2920 μία
2730 2851 2981 2913 σύνθετος
3015 2851 3173 2919 φύσις
3217 2851 3308 2905 τοῦ
3345 2853 3603 2922 Χριστοῦ,
3647 2852 3743 2920 μία
3792 2852 3854 2904 δὲ

2287 2943 2432 3012 ἁπλῆ
2457 2942 2615 3010 φύσις
2633 2942 2726 2994 τοῦ
2751 2942 2987 3012 Πατρδς,
3022 2942 3137 3005 πῶς
3165 2943 3240 3012 τῷ
3265 2944 3440 3013 Πατρὶ
3459 2946 3486 2995 6
3509 2944 3633 3007 Υίὺς
3661 2944 3858 3012 ὁμοσύ-

2289 3050 2438 3097 σιος;
2472 3034 2532 3086 σὺ
2563 3035 2668 3102 γὰρ
2702 3033 2896 3085 ταυτὸν
2934 3033 3012 3102 τῷ
3043 3034 3196 3104 ἁπλῷ
3241 3035 3302 3085 τὸ
3352 3033 3607 3086 σύνθετον
3633 3051 3646 3063 ·
3675 3034 3706 3102 ἢ
3757 3033 3860 3086 οὖν

2289 3125 2348 3176 οὐ
2381 3127 2509 3194 μίαν
2534 3123 2628 3176 τοῦ
2661 3123 2919 3192 Χριστοῦ,
2949 3124 2980 3193 ἢ
3009 3125 3106 3193 οὐχ
3136 3124 3421 3192 ὁμοούσιον
3449 3125 3525 3194 τῷ
3552 3125 3725 3194 Πατρὶ
3755 3124 3859 3194 τὴν

2285 3214 2444 3282 φύσιν
2492 3214 2792 3277 δοξάζουσι.
2825 3214 2886 3266 Et
2943 3215 2999 3266 δὲ
3039 3217 3100 3266 ἐκ
3140 3217 3340 3285 μέρους
3372 3216 3538 3283 αὐτὴν
3569 3215 3860 3284 ὁμοούσιον

2284 3305 2498 3372 λέγουσι
2525 3305 2601 3374 τῷ
2629 3305 2826 3375 Πατρὶ,
2861 3307 3094 3357 ίστωσαν
3139 3308 3243 3371 ὅτι,
3285 3307 3356 3368 ὡς
3396 3306 3860 3376 προείρηται,ούκ

2285 3399 2348 3449 ἐκ
2366 3399 2565 3466 μέρους
2588 3414 2671 3461 τις
2704 3398 2870 3466 φύσις
2892 3399 3060 3466 ἡγουν
3086 3399 3242 3449 οὐσία
3272 3396 3491 3464 λέγεταί
3522 3414 3629 3450 τινι
3659 3398 3862 3466 ὀμοού-

2286 3506 2398 3551 σιος
2423 3507 2436 3520 °
2473 3491 2643 3551 οὕτως
2687 3490 2795 3558 γὰρ
2827 3489 2892 3542 ἂν
2922 3491 3016 3540 καὶ
3059 3489 3346 3558 ἄνθρωπος
3375 3489 3451 3559 τῷ
3485 3505 3544 3540 τε
3591 3483 3722 3557 λίθῳ
3746 3477 3864 3539 ’καὶ

2285 3579 2406 3631 κυνὶ
2428 3579 2522 3630 καὶ
2560 3578 2778 3648 ἀγγέλῳ
2805 3578 3088 3647 όμοούσιος
3117 3578 3349 3645 λέγοιτο.

2356 3767 2454 3826 λζ’.
2510 3766 2570 3816 'H
2609 3765 2705 3833 μία
2740 3764 2900 3836 φύσις
2936 3761 3029 3815 τοῦ
3069 3763 3204 3815 Θεοῦ
3243 3763 3416 3828 Λόγου
3464 3764 3862 3835 σεσαρκωμένη

2288 3856 2540 3924 διαφέρει
2568 3855 2666 3923 τῆς
2703 3855 2831 3922 μιᾶς
2865 3853 2960 3906 τοῦ
2993 3851 3128 3904 Θεοῦ
3166 3853 3380 3923 Πατρὺς
3406 3853 3618 3921 φύσεως
3652 3853 3748 3922 τῆς
3783 3855 3865 3920 μὴ

2291 3941 2781 4014 σεσαρκωμένης,ἢ
2812 3943 2930 4012 οὐχί
2952 3930 3512 4013 ;⁹Λνακρινέσθωσαν.
3546 3945 3608 3995 Εί
3639 3944 3736 4013 μὲν
3765 3941 3866 3996 οὖν

2290 4053 2422 4106 φασι
2466 4034 2764 4104 διαφέρειν,
2817 4036 2916 4103 οὐχ
2969 4034 3253 4102 ὁμοούσιος
3307 4033 3522 4103 ἀληθῶς
3575 4034 3727 4086 ἐσται
3780 4037 3862 4102 τῷ

2291 4128 2464 4195 Πατρὶ
2519 4125 2643 4187 Υίὸς
2683 4125 2959 4193 διαφέρων
2999 4123 3164 4177 αὐτοῦ
3227 4124 3366 4176 κατὰ
3403 4123 3613 4189 φύσιν·
3647 4124 3745 4174 ούκ
3795 4125 3864 4177 ἐκ

2293 4219 2494 4289 μέρους
2519 4219 2629 4286 γάρ
2658 4219 2804 4270 ἐστιν
2835 4219 3007 4268 είπεῖν
3035 4216 3212 4267 αὐτῶν
3245 4215 3306 4266 τὸ
3331 4213 3646 4282 ὁμοούσιον·
3681 4231 3865 4266 παντα

2291 4311 2399 4380 γὰρ
2446 4312 2513 4363 τὰ
2552 4310 2753 4379 κυρίως
2779 4308 3062 4378 ομοούσια,
3093 4310 3154 4358 ἐκ
3181 4307 3273 4359 τοῦ
3297 4308 3418 4360 ὅλου
3439 4307 3621 4359 αὐτῶν
3645 4306 3865 4376 ὁρῶμεν

2292 4401 2540 4471 ἀλλήλοις
2569 4400 2862 4470 ὁμοούσιαο
2895 4399 2944 4449 εί
2977 4382 3034 4449 δέ
3068 4397 3144 4466 μὴ
3165 4397 3458 4466 ’διαφέρειν
3485 4396 3723 4465 ἐροῦσιν,
3753 4395 3864 4466 ἄρα

619 4512 772 4569 cunt,
820 4519 951 4575 ergo
994 4513 1050 4558 et
1089 4503 1183 4558 Dei
1240 4505 1417 4557 Patris
1452 4506 1613 4558 unica
1659 4511 1855 4557 natura
1889 4505 2184 4565 incarnata,

2297 4495 2395 4562 καὶ,
2433 4496 2465 4561 ἡ
2509 4491 2603 4544 τοῦ
2655 4491 2790 4543 Θεοῦ
2840 4489 3052 4558 Ila-:96;
3101 4490 3198 4557 μία
3235 4490 3396 4555 φύσις
3433 4489 3860 4558 σεσαρκὼμένη,

621 4594 877 4648 similiter
905 4602 962 4648 et
1013 4595 1187 4648 sancti
1221 4593 1478 4663 Spiritus.

691 4686 780 4741 38.
821 4684 1014 4740 Adhuc
1061 4701 1185 4739 cum
1231 4686 1346 4740 sive
1386 4701 1452 4738 ex
1487 4685 1857 4739 subsistentiis
1886 4683 2191 4753 composita

623 4776 1000 4839 subsistentia,
1044 4779 1320 4830 exercitus
1364 4777 1504 4830 forte
1550 4786 1645 4829 aut
1693 4776 1908 4838 domus,
1957 4777 2071 4829 sive
2126 4791 2188 4829 ex

626 4865 836 4919 naturis
880 4864 1180 4933 composita
1223 4873 1439 4926 natura,
1475 4872 1530 4918 et
1562 4881 1626 4918 ex
1672 4864 1997 4932 corporibus
2047 4879 2190 4917 COIII-

625 4956 866 5026 positum
891 4971 1112 5025 corpus,
1139 4964 1194 5009 et
1228 4971 1386 5009 omne
1410 4955 1731 5024 simpliciter
1750 4972 1815 5008 ex
1859 4955 2196 5024 quibuslibet

623 5047 1012 5116 compositum,
1065 5047 1195 5100 licet
1246 5045 1496 5100 similiter
1543 5040 1725 5098 omnia
1785 5046 1900 5098 haec
1942 5045 2196 5099 dicantur

623 5137 952 5200 substantia,
979 5145 1073 5189 aut
1099 5145 1294 5190 natura
1325 5150 1616 5204 corpusve,
1648 5135 1740 5190 sed
1801 5146 1896 5188 aut
1923 5136 2079 5204 pejus
2103 5144 2196 5188 aut

628 5229 821 5284 melius
869 5245 1030 5298 quam
1077 5229 1249 5298 ipsius
1301 5237 1486 5296 partes
1518 5227 1773 5281 videntur
1817 5235 1872 5280 et
1917 5227 2195 5280 dicuntur.

627 5317 778 5370 Licet
818 5317 1057 5370 Verbum
1111 5325 1308 5370 natura
1361 5323 1417 5370 et
1455 5316 1707 5370 Christus
1757 5327 1950 5369 natura
1997 5314 2202 5384 promi-

625 5423 757 5462 scue
802 5408 1144 5462 considerari
1180 5408 1246 5460 ad
1289 5407 1525 5461 Verbum
1570 5407 1764 5476 possit,
1816 5402 2028 5461 scilicet
2057 5407 2202 5460 sicut

629 5507 800 5552 totum
839 5497 904 5550 ad
926 5509 1157 5566 partem,
1215 5499 1411 5568 inquo
1456 5514 1608 5568 ergo,
1657 5498 1855 5566 inquit,
1905 5499 2056 5567 pejor
2112 5507 2205 5550 aut

629 5590 822 5643 melior
865 5598 949 5643 est
997 5590 1250 5645 Christus
1306 5607 1468 5660 quam
1517 5591 1798 5645 Verbum?

699 5681 786 5735 39.
839 5682 981 5735 Dicit
1030 5683 1320 5750 Apostolus
1361 5701 1371 5735 :
1412 5702 1428 5732 ‹
1463 5683 1774 5737 Secundum
1824 5681 2202 5750 operationem

635 5771 890 5843 potentiae
924 5773 1139 5827 virtutis
1172 5775 1261 5827 Dci
1283 5790 1441 5843 quam
1476 5783 1735 5842 operatus
1769 5782 1850 5825 cst
1877 5773 1925 5824 in
1961 5772 2206 5834 Christo,

2291 4586 2489 4656 ὁμοίως
2517 4585 2572 4637 δὲ
2602 4584 2696 4636 καὶ
2724 4583 2757 4651 ἡ
2783 4581 2874 4634 τοῦ
2904 4581 3060 4648 ἁγίου
3103 4579 3442 4650 Πνεύματος.

2362 4676 2465 4745 λη’.
2511 4677 2632 4730 Ἔτι
2661 4675 2785 4729 ἐπεὶ
2812 4673 2934 4742 ἦτε
2964 4673 3023 4739 ἐξ
3054 4673 3408 4726 ύποστάσεων
3448 4671 3702 4735 σύνθετος
3729 4673 3836 4723 ύπό

2294 4785 2505 4831 στασις,
2534 4764 2767 4836 στρατοῦ
2796 4763 2957 4832 τυχδν
2987 4764 3018 4829 ἢ
3044 4763 3220 4823 οἴκου,
3251 4763 3284 4831 ἦ
3319 4780 3375 4815 τε
3404 4764 3466 4814 ὲκ
3494 4763 3709 4832 φύσεων
3737 4762 3863 4813 σύν-

2295 4861 2447 4920 Θετος
2484 4857 2666 4927 φύσις,
2701 4856 2763 4907 τό
2790 4873 2846 4908 τε
2879 4857 2942 4907 ἐκ
2973 4855 3243 4921 σωμάτων
3274 4855 3526 4908 σύνθετον
3561 4853 3740 4924 σῶμα,
3773 4857 3864 4905 ita."

2296 4953 2404 5004 πᾶν
2433 4951 2620 5011 ἁπλῶς
2648 4949 2708 5000 τὸ
2748 4947 2811 5001 ἐκ
2842 4966 3004 5001 τινων
3049 4947 3427 5015 συγκείμενον,
3465 4949 3513 5001 εἰ
3542 4947 3637 5001 καὶ
3667 4946 3872 5014 ὁμοίως

2297 5043 2478 5104 αὐτοῖς
2532 5041 2743 5107 λέγοιτο
2787 5040 3106 5103 ὑπόστασις,
3147 5039 3177 5110 ἢ
3213 5021 3400 5105 ’φύσις,
3451 5039 3482 5108 ἢ
3532 5039 3712 5108 σῶμα,
3753 5030 3872 5090 ἀλλ’

2297 5133 2330 5201 ἢ
2369 5133 2554 5201 χεῖρον
2596 5131 2630 5201 ἢ
2676 5133 2921 5198 κρεῖττον
2965 5130 3072 5181 τῶν
3109 5130 3303 5182 ἑαυτοῦ
3337 5131 3518 5201 μερῶν
3557 5133 3750 5201 ὁρᾶται
3777 5134 3874 5182 καὶ

2300 5222 2551 5290 λέγεται·
2591 5223 2639 5274 εί
2675 5224 2767 5274 καὶ
2797 5225 2824 5274 ό
2854 5223 3023 5290 Λόγος
3060 5222 3218 5288 φύσις
3244 5226 3334 5274 καὶ
3371 5224 3398 5273 6
3437 5223 3672 5292 Χριστὸς
3711 5221 3875 5289 φύσις

2305 5315 2690 5386 συγκρίνεσθαι
2721 5315 2854 5382 πρὸς
2882 5314 2972 5364 τὸν
3006 5313 3180 5380 Λόγον
3206 5313 3481 5382 δυναμένη
3504 5314 3674 5376 ἐστὶν,
3705 5315 3874 5381 ἤγουν

2304 5407 2377 5467 ὡς
2409 5406 2527 5458 ὅλον
2556 5405 2689 5476 πρὸς
2727 5405 2786 5457 τὸ
2814 5405 2942 5456 ἴδιον
2978 5405 3160 5472 μέρος,
3187 5408 3239 5454 τί
3264 5403 3394 5472 ἄρα,
3428 5404 3587 5473 φησὶ,
3616 5405 3810 5473 χείρων
3842 5404 3874 5471 ἢ

2308 5499 2568 5568 κρείττων
2599 5496 2824 5549 ἐστὶτοῦ
2865 5495 3038 5564 Λόγου
3075 5498 3102 5548 ὁ
3136 5495 3400 5566 Χριστός;

2382 5677 2476 5732 λθν.
2498 5675 2890 5737 ὈἋπὸστοὶος
2919 5675 3049 5741 φησί
3080 5689 3091 5701 ·
3125 5692 3140 5722 ι
3159 5673 3310 5725 Κατὰ
3333 5673 3426 5741 τὴν
3458 5673 3741 5740 ἐνέργειαν
3770 5668 3864 5720 τοῦ

2316 5775 2545 5842 κράτους
2590 5771 2687 5839 τῆς
2738 5769 2916 5835 ἰσχύος
2969 5765 3060 5817 τοῦ
3089 5764 3331 5841 Θεσῦηῇν
3369 5765 3666 5833 ἐνήργησεν
3712 5761 3767 5811 ὲν
3803 5759 3880 5828 τῷ
