4094 6334
254 399 380 460 Πθξί

1387 391 1679 452 CONTRA
1720 386 2326 456 MONOPHYSITAS.

3389 380 3522 445 [τοι

251 506 485 576 Χριστῷ,
517 507 742 574 ἐγείρας
773 505 1016 572 αὑτὸν-ἐκ
1036 503 1301 578 νεκρῶν»
1333 501 1474 572 αὓτη
1497 508 1604 571 γάρ
1628 503 1661 568 ἡ
1689 504 1844 578 svsp-

1958 511 2221 555 snscrtans
2258 500 2410 552 illum
2439 514 2467 552 a
2508 498 2741 552 mortuis
2767 499 2786 527 '
2829 513 2843 563 ;
2881 515 2897 548 ι
2933 496 3056 552 hac
3085 505 3320 566 Operam
3346 503 3524 549 Virtus

252 597 421 662 γοῦσα
468 599 648 666 ἰσχὺς,
694 596 860 665 φύσις
890 590 979 666 ἦν,
1011 593 1189 664 ἢοὺχί
1219 610 1234 659 ;
1277 592 1340 645 El
1373 592 1428 644 δὲ
1447 591 1613 660 ἄμφω
1649 577 1837 661 μίαῆν

255 686 413 752 φύσις
457 683 600 754 αὑτὴ
652 685 686 755 ἡ
736 682 1040 754 ἐνεργοῦσα
1075 683 1169 735 καὶ
1199 681 1262 734 τὸ
1308 681 1710 751 ἐνεργούμενον
1741 681 1839 750 τὴν

253 776 576 838 ἀνάστασιν,
613 775 696 836 τίς
733 776 767 843 ἡ
815 771 1191 842 ἐνεργουμένη
1220 774 1314 824 καὶ
1350 773 1430 832 τίς
1478 773 1514 840 ἡ
1541 770 1840 840 ἐνεργοῦσα

253 869 346 918 καὶ
377 865 670 935 ἐγείρουσα
711 864 882 933 αὐτὴν
926 862 1125 932 φύσις;
1174 863 1237 916 οὐ
1274 863 1385 933 γάρ
1420 863 1613 915 ἐαυτὸν
1656 862 1842 916 λοιπὸν

257 957 623 1024 ά-ιεστηκὲναι
678 954 934 1035 Χριστὸςκ
971 954 1070 1024 μία
1110 951 1186 1006 ὢν
1240 953 1405 1021 φύσις
1446 950 1838 1022 δειχθήσεταιο

251 1050 415 1118 εἴπερ
449 1043 545 1100 οὖν
579 1026 821 1105 εὐσεϐῶς
842 1026 944 1115 τὴν
975 1046 1274 1098 ἀνάστασιν
1315 1041 1483 1096 αὐτοῦ
1521 1039 1842 1110 δοξάζομεν,

253 1144 310 1204 ἐξ
344 1139 544 1208 ἐτέρας
573 1135 740 1190 αὑτοῦ
790 1134 1006 1203 φύσεως
1045 1135 1143 1206 τὴν
1197 1135 1393 1206 ἑτέραν
1439 1132 1638 1186 ἑαυτοῦ
1681 1132 1844 1201 φύσιν

251 1228 483 1296 ἀνιστᾷν
528 1225 704 1294 αὐτὴν
755 1225 994 1295 Χριστὸν
1037 1212 1502 1294 ὁμολογήσομενι
1541 1221 1734 1294 ὥσπερ
1786 1225 1845 1274 ὲν

255 1317 450 1378 ὕπνοις
479 1317 578 1368 atat
604 1314 752 1386 ψυχὴ
783 1315 946 1385 σῶμα
969 1315 1323 1387 ἐγείρειντῆς
1355 1313 1464 1386 γὰρ
1503 1313 1691 1384 κλίνης
1715 1313 1847 1366 αὐτὸ

251 1409 568 1478 διανίστησι
608 1407 870 1470 πολλάκις
911 1407 992 1460 ’δι’
1039 1405 1723 1477 ἐνθυμήσεως-,οὕτωκαὶ
1757 1404 1850 1473 γέ·

253 1487 531 1568 γραπτάιο
561 1517 580 1550 ι
605 1497 748 1567 Ἐγὼ
788 1497 1093 1575 ἐκοιμήθην
1121 1498 1217 1551 καὶ
1250 1497 1494 1561 ὒπνωσα,
1517 1496 1846 1567 ἐξηγέρθην,

252 1592 332 1641 ὅτι
364 1591 595 1660 Κύριος,
616 1609 636 1642 ι
669 1586 1194 1661 δηλονότιόὲνέμοὶ,
1223 1590 1410 1660 φησὶν,
1437 1607 1455 1639 ι
1492 1589 1847 1659 ἀντιλήψεται

259 1699 403 1748 μου»
443 1683 575 1732 ’καὶ
626 1680 707 1742 τὸ,
755 1680 1033 1750 «Σκύμνος
1080 1680 1293 1742 λέοντος
1315 1677 1635 1749 ἐκβλαστοῦ
1679 1677 1851 1731 Ἰούδα

255 1776 561 1846 ἐκοιμήθη’
620 1775 705 1837 τίς
740 1775 994 1847 ἐξεγείρῃ
1025 1774 1222 1841 αὑτόν;
1264 1773 1388 1843 »οὐχ
1429 1773 1638 1844 ἔτερος,
1662 1774 1848 1842 φησὶν,

1943 602 2138 644 natura
2179 595 2299 643 erat
2334 596 2428 640 aut
2468 588 2620 641 non?
2653 585 2707 640 Si
2734 601 2864 641 vero
2897 585 3061 640 ambo
3096 600 3205 651 una
3244 591 3403 638 erant
3430 600 3526 638 na-

1944 693 2102 746 tum,
2133 678 2370 748 operans
2403 686 2459 732 et
2489 664 2872 747 operationem
2906 677 3124 746 patiens
3149 678 3528 731 resurrectio-

1943 787 2092 836 nem,
2138 786 2259 840 quae
2288 771 2524 838 patiens,
2575 778 2630 824 et
2687 785 2810 839 quin
2858 777 3204 839 operanset
3254 768 3529 822 suscitans
3569 788 3572 795 -

1943 877 2064 916 eam
2084 860 2312 914 natura?
2329 875 2437 913 non
2454 860 2600 914 enim
2620 859 2863 928 seipsum
2881 866 3138 913 caeterum
3162 857 3530 911 resurrexisse

1943 953 2199 1007 Christus
2248 951 2412 1004 unica
2463 952 2738 1006 exsistens
2782 958 2982 1004 natura
3021 947 3529 1015 denio'ristnabitur.

1945 1039 2079 1094 Cu‘m
2100 1054 2232 1109 ergo
2251 1039 2340 1109 pie
2371 1039 2840 1093 resurrectionem
2858 1039 2980 1108 ejus
2994 1037 3347 1101 conﬁtemur,
3363 1052 3429 1092 ex
3452 1026 3534 1089 al-

1950 1140 2068 1184 tera
2089 1131 2210 1201 ejus
2231 1139 2430 1184 natura
2448 1130 2677 1184 alteram
2695 1130 2870 1199 ipsius
2891 1140 3142 1184 naturam
3167 1127 3535 1184 resurrexisse

1945 1221 2227 1277 Christum
2275 1221 2664 1276 conﬁtebimur
2696 1238 2708 1272 :
2746 1219 3302 1294 quemadmodumqin
3341 1233 3536 1274 somno

1948 1313 2132 1367 anima
2151 1328 2352 1389 corpus
2375 1312 2600 1376 excitat,
2626 1311 2829 1381 quippe
2852 1325 2974 1380 quae
2999 1326 3029 1364 e
3051 1309 3197 1365 lecto
3226 1309 3362 1364 illud
3389 1324 3533 1378 saepe

1949 1412 2057 1472 per
2077 1402 2468 1474 cogitationem
2498 1403 2722 1466 excitat,
2751 1401 2831 1455 sic
2860 1411 2918 1454 et
2950 1401 3220 1469 scriptum
3247 1407 3360 1454 est:
3383 1397 3538 1468 c-Ego

1950 1494 2190 1549 dormivi
2235 1503 2292 1549 et
2321 1485 2614 1563 soporatus
2657 1508 2803 1558 sum,
2849 1501 2905 1547 et
2942 1490 3232 1557 exsurrexi
3259 1491 3388 1560 quia
3435 1490 3542 1544 Do-

1952 1589 2137 1643 minus
2163 1589 2204 1654 ³,
2232 1607 2249 1638 )
2278 1587 2600 1657 scilicetqui
2633 1587 2688 1641 in
2721 1603 2828 1650 me,
2850 1586 3048 1656 inquit,
3069 1585 3534 1653 «suscipietmep

1951 1691 2008 1736 et
2037 1699 2050 1734 :
2098 1698 2114 1731 ι
2144 1678 2374 1734 Catulus
2404 1680 2583 1733 leonis
2616 1694 2683 1733 ex
2716 1677 2902 1732 radice
2931 1677 3072 1732 Juda
3111 1674 3389 1738 aceobuil,
3416 1673 3548 1744 quis.

1954 1771 2245 1828 suscitablt
2287 1785 2416 1825 eum
2463 1770 2523 1823 δῖ
2553 1789 2571 1822 ι
2618 1785 2732 1823 non
2759 1768 2922 1833 alius,
2954 1766 3154 1836 inquit,
3199 1765 3294 1820 sed
3328 1765 3443 1834 ipse
3483 1779 3542 1818 se

255 1867 377 1919 ἀλλ’
403 1867 566 1930 αὐτὸς
596 1867 812 1921 ἑαυτόνο
837 1866 1088 1931 ἐξουσίαν
1125 1865 1235 1937 γάρ
1269 1863 1379 1936 εἶχε
1410 1867 1504 1918 καὶ
1534 1864 1855 1936 παραθεῖναι

1965 1866 2181 1934 ipsum;
2236 1872 2570 1932 potestatem
2613 1861 2764 1916 enim
2799 1860 2996 1926 habuit
3036 1859 3276 1913 animam
3305 1871 3460 1910 suam
3488 1863 3543 1910 et

259 1959 356 2008 καὶ
383 1937 767 2026 ἀπολήψεσθαι
791 1957 889 2026 τὴν
923 1958 1104 2028 ψυχὴν
1133 1957 1351 2010 ἐαυτοῦ.

333 2054 409 2114 μ’.
456 2048 576 2099 Ἵνα
602 2048 656 2099 δέ
681 2048 757 2117 μὴ
793 2047 1084 2118 λεξιδρίοις
1115 2047 1476 2106 ὑποδύναντες
1504 2048 1731 2110 ἑαυτοὺς
1756 2064 1848 2100 συ-

257 2137 589 2206 σκιάξωμεν
636 2140 761 2192 κατ’
818 2139 1039 2202 αὐτοὺς,
1076 2138 1302 2207 γυμνῶς
1349 2139 1722 2210 ἐρωτήσωμεν
1754 2138 1849 2190 αὑ-

254 2234 412 2294 τοὺς,
449 2231 499 2283 εί
535 2231 634 2300 τὴν
665 2231 794 2300 μίαν
823 2229 984 2299 φύσιν
1012 2219 1218 2298 ταύτην
1245 2231 1342 2300 τὴν
1375 2232 1438 2282 ἐκ
1469 2228 1565 2283 δύο
1605 2231 1847 2298 φύσεων,

257 2325 504 2392 ἄναρχον
536 2321 902 2389 γινώσκουσιν
941 2319 975 2390 ἢ
1006 2319 1320 2390 ἀρξαμένην
1349 2320 1494 2372 κατὰ
1521 2319 1713 2390 χρόνον
1739 2336 1753 2385 ;
1782 2319 1846 2371 El

259 2412 372 2478 μὲν
395 2412 505 2478 γὰρ
529 2411 790 2479 ἄναρχον,
813 2408 937 2472 ,πῶς
970 2408 1032 2460 ἐκ
1064 2427 1225 2462 τινων
1253 2409 1348 2461 καὶ
1386 2409 1717 2480 ὑστερογενῆ
1750 2409 1850 2462 αὺ-

257 2503 364 2571 τὴν
404 2502 500 2554 καὶ
529 2501 819 2563 σύνθετον;
847 2501 896 2553 εί
924 2499 981 2552 δὲ
1011 2495 1215 2570 ἦρκται
1255 2501 1346 2552 καὶ
1374 2500 1556 2552 αἰτίαν
1592 2500 1714 2569 ἔσχε
1757 2500 1850 2552 καὶ

265 2595 585 2659 σύγκειται,
609 2591 725 2653 πῶς
769 2592 930 2658 Θεός;
976 2592 1115 2643 ’Λλλ’
1148 2593 1332 2660 ἡμεῖς,
1372 2592 1526 2659 φασὶ,
1557 2589 1656 2663 τὴν
1683 2589 1851 2661 αὐτὴν

261 2688 510 2752 ᾱαρχον
551 2682 646 2735 καὶ
672 2681 1012 2752 ἀρξαμένην,
1054 2683 1129 2746 ὡς
1180 2682 1229 2734 οἱ
1286 2681 1550 2751 Πατέρες,
1581 2681 1845 2750 λέγομεν·

262 2775 392 2827 cn‘
430 2775 494 2827 οὐ
523 2774 625 2844 τὴν
672 2773 846 2844 αὐτὴν
883 2777 944 2825 ἐν
985 2774 1169 2844 ταυτῷ
1201 2776 1342 2826 κατά
1388 2773 1448 2826 τὸ
1491 2774 1644 2839 αὐτὸ,
1678 2776 1725 2826 εἰ
1758 2777 1852 2828 καὶ

261 2867 365 2916 τοῦ
396 2866 566 2917 αὐτοῦ
596 2866 643 2918 oi
673 2865 915 2936 Πατέρες
945 2851 1154 2933 φασὶν(
1183 2858 1227 2917 ὦ
1257 2859 1402 2918 οὗτοι
1426 2883 1438 2892 ·
1469 2866 1590 2918 οὐδὲ
1624 2868 1732 2936 γάρ
1760 2865 1851 2917 δυ-

264 2953 435 3008 ’νιτδν
465 2959 523 3008 ἐν
557 2955 738 3026 ταυτῷ
769 2958 911 3009 κατὰ
944 2959 1004 3007 τὸ
1035 2958 1167 3009 αὐτὸ
1192 2957 1302 3009 τῶν
1334 2957 1592 3009 ἐναντίων
1624 2952 1765 3009 εἷναί
1798 2973 1852 3009 τι

262 3048 526 3101 δεκτικὸν
580 3049 791 3115 λόγωνο
846 3049 965 3101 ἀλλ’
1022 3048 1241 3101 εί’καὶ“
1277 3050 1508 3116 λέγεται
1568 3050 1763 3120 ὁρατὸς
1826 3051 1854 3102 ὁ

264 3140 438 3200 sese;
479 3132 560 3200 εἷς
613 3139 690 3192 ὣν
738 3128 1089 3209 Χριστὸςῖού
1134 3140 1275 3193 κατά
1305 3141 1366 3192 τὸ
1401 3140 1569 3192 αὑτόο
1601 3141 1678 3201 ὡς
1733 3139 1853 3192 οὐδὲ

265 3233 354 3295 τὸ,
388 3231 762 3294 (Θανατωθεὶς
806 3233 905 3302 μὲν
945 3233 1143 3303 σαρκὶ,
1182 3231 1542 3312 ζωοποιηθεὶς
1584 3232 1640 3284 δὲ
1698 3230 1858 3284 πνεύ-
1888 3214 1930 3270 C

271 3339 411 3391 ματι
438 3339 451 3351 ⁸
484 3343 502 3374 ι
536 3324 628 3377 καὶ
658 3324 738 3386 τὸ,
773 3343 792 3375 ι
831 3324 892 3376 El
916 3324 1024 3394 γάρ
1046 3325 1141 3376 καὶ
1174 3312 1529 3388 ἀπέθανενὲξ
1551 3322 1859 3385 ἀσθενείας,

271 3398 418 3465 ἀλλὰ
446 3414 510 3482 ζῇ
545 3416 608 3465 ὲκ
624 3414 931 3484 δυνάμεως·
961 3433 979 3465 ι
1019 3416 1113 3467 καὶ
1134 3416 1202 3466 τὰ
1231 3414 1409 3468 τοιάδε
1433 3433 1445 3443 ·
1473 3414 1574 3466 οὐκ
1588 3415 1644 3466 ὲν
1672 3412 1855 3483 ταυτῷ

269 3503 386 3571 γάρ
417 3519 571 3566 ποτε,
594 3503 712 3556 οὐδὲ
737 3505 821 3567 τὸ,
852 3524 869 3554 ι
896 3505 1136 3574 Ἐνάρχῇ
1169 3500 1234 3574 ἦν
1259 3505 1286 3556 ό
1307 3505 1497 3571 Λόγος,
1529 3504 1623 3556 καὶ
1639 3506 1666 3556 ό
1690 3503 1862 3569 Λόγος

273 3593 417 3661 σὰρξ
470 3593 705 3660 ἐγένετο,
748 3615 768 3647 ›
811 3597 1067 3665 νοητέονο
1115 3597 1196 3667 τῷ
1253 3595 1352 3666 μὲν
1377 3596 1486 3665 γὰρ
1523 3597 1686 3666 Λόγῳ
1729 3596 1862 3666 μηδὲ

269 3685 405 3735 καθ’
451 3686 669 3739 οἱανοῦν
711 3687 887 3757 ἀρχὴν
934 3689 1222 3756 γεγονέναι
1268 3689 1562 3759 μαρτυρῶν
1603 3688 1859 3758 ἀνάρχως

269 3771 438 3836 εἶναι,
471 3776 565 3846 τὴν
601 3778 784 3848 σάρκα
813 3779 1066 3846 γενέσθαι
1091 3779 1256 3850 φησί·
1286 3778 1415 3831 ἀλλ’
1437 3777 1678 3838 ἀπειθῶς
1709 3777 1861 3845 ἔχον-

267 3883 387 3926 τες,
426 3865 645 3918 δοκοῦσι
677 3868 886 3929 πιστῶς
919 3869 1171 3921 άπιστεῖν
1203 3868 1283 3938 τῷ
1305 3869 1464 3938 Λόγῳ
1492 3868 1580 3921 διά
1602 3868 1701 3936 τῆς
1735 3868 1861 3919 ἁλο-

278 3959 438 4022 γίας.
458 3953 578 4009 Οἵδε
604 3958 738 4028 γάρ,
773 3960 956 4026 φασὶν,
975 3961 1120 4020 ὅπως
1143 3958 1317 4012 ταῦτα
1353 3961 1640 4028 γενήσεται
1689 3957 1864 4027 αὐτῷ,

269 4049 380 4099 κᾶν
416 4049 548 4118 ἡμῖν
573 4049 813 4104 ἀδύνατα
839 4051 972 4122 δοκῇ
1001 4067 1015 4081 ο
1062 4051 1178 4104 ἀλλ’
1213 4051 1365 4104 οὐδὲν
1399 4050 1640 4104 τοιοῦτον
1668 4048 1862 4117 ἄλογον

268 4141 306 4207 ἦ
341 4138 644 4192 ἀσύστατον
671 4126 798 4209 ἐφη
834 4143 963 4212 περὶ
1003 4143 1202 4196 ἑαυτοῦ
1246 4143 1464 4197 πώποτε
1511 4146 1538 4212 ό
1576 4142 1771 4209 Λόγος,
1819 4138 1863 4195 ὦ

273 4232 536 4298 αδελφοί*
568 4233 617 4284 τί
645 4229 739 4286 οὖν
778 4234 860 4287 δεῖ
895 4237 1041 4304 ὑμᾶς
1084 4237 1444 4303 συκοφαντεῖν
1481 4235 1572 4287 τὸν
1603 4235 1860 4305 Χριστὸν,

272 4323 366 4374 ἵνα
423 4323 487 4374 τὸ
543 4325 675 4378 ἴδιον
717 4329 1077 4396 συστήσωμεν
1127 4327 1270 4378 κατὰ
1316 4327 1517 4378 σκοπὸν
1567 4325 1691 4395 ἔχον
1728 4327 1862 4395 ἡμῖν

268 4414 560 4484 ἀγνόημας

1953 1956 2235 2025 deponere
2267 1967 2324 2008 et
2363 1969 2731 2009 reassumere.

2023 2047 2112 2100 ιο.
2182 2045 2260 2101 Ne
2303 2046 2518 2101 voeulis
2555 2046 2927 2114 nosmetipsos
2966 2042 3291 2106 vestientes,
3357 2040 3542 2111 suspi-

1955 2139 2170 2194 cionem
2214 2139 2347 2208 ipsis
2372 2137 2685 2204 aﬂ'eramus,
2719 2138 2865 2192 nude
2920 2151 3016 2192 eos
3050 2133 3541 2206 interrogabimus,

1955 2242 2144 2287 utrum
2169 2241 2424 2286 naturam
2449 2226 2592 2285 hanc
2617 2247 2782 2286 unam
2808 2247 2838 2284 e
2860 2227 3076 2284 duabus
3097 2228 3312 2282 naturis
3333 2226 3544 2297 absque

1956 2320 2117 2374 initio
2171 2327 2429 2384 noscant,
2484 2335 2551 2372 an
2588 2316 2761 2389 quasi
2794 2334 2917 2389 qua:
2951 2316 3169 2371 initium
3214 2318 3543 2386 in-temppre

1924 2411 1927 2414 ’
1956 2409 2194 2463 habuit?
2229 2409 2285 2463 Si
2314 2409 2532 2487 absque
2591 2409 2750 2463 initio
2779 2407 3030 2478 quidem,
3067 2407 3345 2480 quomodo
3374 2422 3404 2461 e
3425 2406 3546 2477 qui-

1957 2502 2191 2556 busdam
2239 2511 2364 2571 post
2414 2503 2551 2557 alios
2603 2504 2919 2557 venientem
2964 2510 3020 2557 et
3061 2499 3544 2572 compositam?Si

1957 2610 2091 2648 vero
2143 2595 2362 2648 initium
2387 2595 2582 2649 habuit
2621 2603 2678 2648 et
2702 2603 3004 2658 auctorem,
3027 2603 3083 2647 et
3106 2592 3386 2656 convenit,
3409 2607 3548 2662 quo-

1959 2687 2125 2741 modo
2173 2688 2321 2742 Deus
2365 2687 2488 2741 est?
2524 2687 2629 2741 Sed
2664 2702 2784 2750 nos,
2824 2688 3000 2751 aiunt,
3045 2684 3299 2739 eamdem
3340 2685 3547 2754 absque

1960 2779 2144 2842 initio,
2176 2788 2231 2832 et
2263 2794 2389 2832 cum
2421 2778 2604 2840 initio,
2656 2789 2762 2831 una
2811 2794 2935 2831 cum
2983 2776 3246 2831 Patribus
3277 2776 3541 2834 dicimus.-

1959 2871 2054 2925 sed
2103 2887 2213 2923 non
2261 2870 2512 2924 eamdem
2559 2870 2613 2921 in
2643 2868 2836 2921 eodem
2870 2867 3174 2922 secundum
3226 2866 3394 2931 idem,
3421 2865 3544 2920 licet

1960 2961 2104 3014 hanc
2123 2969 2180 3015 et
2209 2976 2319 3013 non
2345 2960 2510 3013 aliam
2535 2960 2732 3013 Patres
2751 2959 2962 3024 dicant,
2986 2973 3018 3013 o
3037 2974 3134 3012 vos
3163 2976 3175 3012 :
3210 2958 3555 3025 impossibile

1959 3053 2106 3106 enim
2129 3053 2285 3105 estin
2328 3051 2523 3106 eodem
2557 3052 2699 3106 circa
2735 3052 2879 3105 idem
2911 3051 3146 3106 inveniri
3169 3050 3378 3120 aliquid
3401 3049 3552 3120 quod

1963 3145 2272 3209 contrarios
2327 3154 2611 3198 sermones
2662 3144 2949 3210 admittat;
2997 3133 3101 3218 sed
3151 3144 3195 3197 si
3244 3152 3300 3198 et
3345 3142 3554 3197 dicitur

1966 3235 2204 3290 visibilis
2237 3236 2382 3290 idem
2418 3251 2561 3289 unus
2588 3234 2868 3297 Christus,
2895 3251 3002 3288 non
3031 3235 3337 3299 secundum
3370 3234 3550 3299 idem;

1967 3344 2068 3382 nce
2094 3329 2302 3397 pariter
2330 3346 2342 3380 :
2392 3348 2410 3379 ι
2442 3327 2800 3382 Mortiﬁcatus
2833 3328 3056 3397 quidem
3087 3343 3274 3389 carne,
3307 3324 3553 3380 viviﬁca-

1966 3429 2054 3473 tus
2075 3429 2255 3473 autem
2295 3420 2570 3488 spiritum
2609 3428 2666 3473 et
2690 3420 2824 3475 illud
2868 3437 2881 3472 :
2929 3439 2946 3470 ι
2972 3419 3109 3473 Nam
3142 3431 3197 3473 et
3220 3419 3277 3472 si
3299 3425 3554 3473 mortuus

1964 3521 2050 3566 est
2081 3528 2151 3565 ex
2191 3512 2531 3573 inﬁrmitate,
2570 3513 2666 3566 sed
2712 3513 2851 3565 vivit
2889 3529 2956 3567 ex
2990 3513 3194 3566 virtute
3225 3512 3275 3577 ⁸;
3314 3531 3333 3564 ι
3386 3520 3441 3565 et
3472 3511 3551 3564 si-

1966 3603 2115 3657 milia
2150 3621 2163 3656 :
2208 3619 2316 3657 non
2374 3604 2428 3657 in
2457 3603 2652 3658 eodem
2688 3605 2835 3658 enim
2889 3620 3043 3667 sane,
3077 3619 3180 3658 nec
3209 3621 3222 3656 :
3259 3624 3277 3653 ι
3307 3604 3366 3657 In
3400 3603 3549 3672 prin-

1963 3696 2109 3764 cipio
2150 3707 2271 3750 erat
2317 3695 2596 3761 Verbum;
2638 3714 2656 3746 ›
2693 3705 2749 3748 et
2785 3713 2796 3748 :
2840 3715 2857 3747 ι
2887 3695 3128 3749 Verbum
3176 3711 3304 3749 caro
3342 3695 3549 3749 factum

1962 3796 2068 3849 est,
2103 3785 2518 3856 {cogitandum
2551 3807 2562 3840 :
2599 3788 2667 3842 de
2698 3787 2880 3843 Verbo
2920 3789 3068 3842 enim
3105 3803 3205 3841 nec
3244 3785 3548 3840 secundum

1963 3879 2277 3948 quodquam
2329 3880 2549 3933 initium
2590 3880 2794 3934 factum
2847 3880 3017 3934 fuisse
3069 3877 3368 3933 testiﬁcans
3415 3878 3552 3932 dicit

1962 3970 2109 4038 quod
2143 3981 2226 4025 est
2256 3971 2323 4025 ab
2361 3971 2540 4036 initio,
2575 3989 2699 4025 mox
2743 3973 2888 4041 quod
2933 3987 3063 4025 caro
3101 3971 3305 4024 factum
3340 3982 3425 4024 est
3456 3969 3553 4040 ad-

1968 4059 2071 4113 dit.
2121 4060 2226 4114 Sed
2270 4061 2537 4114 increduli
2568 4062 2751 4115 Verbo
2787 4061 3026 4114 ﬁdeliter
3059 4061 3378 4115 incredulos
3427 4076 3550 4115 esse

1970 4167 2066 4220 per
2115 4152 2384 4206 insaniam
2437 4153 2698 4207 videntur
2741 4172 2755 4204 :
2794 4153 2950 4206 novit
2982 4153 3152 4216 enim,
3190 4153 3369 4216 aiunt,
3403 4168 3543 4221 quo-

1969 4245 2254 4300 modosilla
2306 4245 2438 4297 huic
2493 4245 2646 4309 ﬁent,
2699 4245 2829 4300 licet
2864 4245 3026 4314 nobis
3057 4244 3423 4315 impossibilia
3471 4243 3554 4296 vi-

1965 4333 2203 4388 deantur
2239 4352 2251 4386 :
2285 4333 2377 4387 sed
2417 4334 2553 4387 nihil
2601 4343 2707 4388 tam
2744 4335 2998 4387 insanum
3042 4343 3135 4386 aut
3179 4343 3388 4386 natura:
3420 4347 3553 4385 con-

1965 4425 2198 4478 trarium
2230 4422 2367 4478 dixit
2396 4427 2462 4480 de
2487 4427 2671 4495 seipso
2707 4441 2947 4495 unquam
2969 4426 3234 4487 Verbum,
3264 4441 3296 4478 ο
3325 4424 3546 4488 fratres;

268 4523 378 4560 cur
432 4521 567 4577 ergo
617 4517 862 4563 vestrum
915 4518 997 4564 est
1069 4508 1137 4564 de
1188 4508 1410 4564 Christo
1461 4508 1790 4564 calumniari
1835 4523 1896 4567 ut
1964 4517 2298 4586 particulare
2342 4517 2397 4570 in
2450 4517 2551 4572 hac
2607 4518 2913 4585 quaestione
2973 4516 3348 4579 stabiliamus,
3401 4514 3553 4584 quod

270 4616 305 4655 ε
341 4611 497 4672 parte
549 4613 739 4678 nostra
769 4603 1131 4673 ignorantiam
1184 4603 1428 4672 prodat?

352 4702 469 4763 μα’.
514 4697 634 4747 Ἔτι
683 4699 714 4764 ἡ
769 4697 930 4763 φύσις
967 4699 1000 4767 ή
1053 4696 1173 4750 θεία
1221 4698 1400 4766 πάντη
1448 4699 1633 4769 ἀπλῆο
1679 4699 1711 4767 ἡ
1762 4695 1855 4751 οὖν

2033 4696 2121 4750 4-1.
2164 4696 2362 4752 Adhuc
2410 4706 2608 4751 natura
2644 4697 2826 4752 divina
2871 4715 3100 4768 prorsus
3151 4700 3418 4769 simplex:
3455 4721 3552 4758 na-

274 4789 444 4855 φύσις
490 4787 561 4856 ἧι
610 4805 747 4855 φατε
801 4789 928 4856 μίαν
977 4783 1115 4840 εἶναι
1164 4788 1257 4841 τοῦ
1309 4791 1569 4859 Χριστοῦ,
1605 4789 1860 4851 σύνθετός

271 4883 451 4941 ἐστιν,
509 4877 543 4948 ἦ
582 4878 760 4947 άπλῆ;
791 4879 854 4930 Εί
892 4879 990 4946 μὲν
1012 4875 1105 4932 οὖν
1150 4880 1319 4950 άπλῆ,
1361 4881 1478 4942 πῶς
1532 4882 1782 4944 σύνθετος
1833 4883 1861 4933 ὁ

275 4972 548 5040 Χριστός;
585 4973 639 5023 εί
683 4972 741 5023 δὲ
787 4972 1040 5035 σύνθετος
1070 4975 1102 5042 ἡ
1133 4973 1295 5041 φύσις
1319 4975 1507 5039 αὑτοῦ,
1552 4974 1668 5038 πῶς
1705 4974 1858 5038 θεία;

276 5063 491 5114 Οὐκοῦν
530 5063 747 5132 ἀληθῶς
806 5065 904 5134 μία
955 5066 1054 5134 μὲν
1095 5066 1348 5129 σύνθετος
1388 5070 1508 5130 ταῖς
1559 5067 1785 5134 φύσεσιν
1828 5067 1861 5136 ἡ

276 5155 586 5217 ὑπόστασις
615 5199 629 5218 ,
678 5155 775 5210 δύο
820 5158 875 5209 δὲ
927 5158 982 5209 αἱ
1031 5156 1222 5225 φύσεις
1259 5157 1354 5210 τοῦ
1389 5158 1660 5210 Δεσπὸτου
1705 5157 1862 5229 ἡμῶν

275 5246 520 5318 Χριστοῦ
549 5247 638 5299 τοῦ
665 5248 920 5315 ἀληθινοῦ
948 5248 1108 5300 Θεοῦ.

350 5336 463 5406 ιιβῖ
509 5337 572 5388 Εἰ
608 5338 740 5407 μίαν
785 5338 948 5407 φύσιν
974 5337 1070 5391 τοῦ
1107 5338 1242 5391 Θεοῦ
1285 5339 1463 5406 Λόγου
1506 5337 1857 5408 σεσαρκωμέ-

272 5448 366 5484 νου
404 5431 500 5482 καί
531 5431 590 5481 οὐ
621 5432 1055 5500 σεσαρκωμένην
1086 5430 1315 5497 εἴποιτε,
1371 5430 1484 5492 πῶς
1512 5430 1572 5483 οὑ
1613 5429 1861 5499 φανερῶς

269 5526 376 5593 τὴν
429 5523 700 5594 πατρικὴν
766 5522 1116 5577 διδασκαλίαν
1175 5521 1630 5594 παραχαράξετες
1704 5521 1776 5572 εἷ’
1806 5521 1863 5574 δὲ

274 5616 712 5685 σεσαρκωμένην
775 5616 1112 5684 ὁμολογεῖτε,
1156 5616 1249 5669 καὶ
1316 5617 1377 5678 of;
1438 5613 1862 5686 σεσαρκωμένου

345 5779 366 5807 ²
411 5775 905 5845 Ephes.l,19,20.'
949 5775 1086 5829 Psal.
1133 5792 1207 5831 ιιι.
1245 5776 1296 5829 ϐ.
1379 5776 1396 5805 ’⁸
1452 5772 1583 5826 Gen.
1645 5789 1802 5835 xm,
1838 5773 1892 5828 9.

1966 4799 2089 4843 tura
2133 4803 2263 4858 ergo
2291 4804 2453 4857 quam
2497 4789 2683 4843 dicitis
2711 4805 2875 4842 unam
2915 4805 3035 4844 esse
3065 4790 3298 4857 Christi,
3325 4795 3555 4863 compo-

1967 4879 2074 4932 sila
2102 4887 2208 4941 est,
2255 4895 2321 4932 an
2347 4880 2616 4949 simplex?
2650 4880 2706 4935 Si
2741 4881 2974 4950 simplex
2999 4882 3247 4951 quidem,
3273 4886 3555 4953 quomodo

1968 4971 2308 5039 compositus
2348 4971 2646 5025 Christus?
2695 4972 2751 5027 Si
2801 4988 2934 5027 vero
2989 4975 3294 5043 composita
3353 4986 3553 5032 natura

1968 5063 2107 5132 ejus,
2157 5064 2434 5133 quomodo
2466 5064 2694 5118 divina?
2726 5065 2867 5134 Ergo
2897 5081 3031 5120 vero
3070 5082 3173 5120 una
3201 5067 3422 5136 quidem
3456 5085 3553 5123 na-

1970 5158 2110 5210 turis
2168 5157 2472 5225 composita
2523 5157 2910 5223 subsistentia,
2979 5158 3102 5213 dua:
3151 5175 3280 5214 vero
3330 5160 3553 5215 Domini

1967 5246 2142 5300 nostri
2190 5245 2396 5301 Christi
2440 5248 2554 5302 veri
2600 5249 2716 5314 Dei,
2755 5259 2989 5303 naturae.

2040 5338 2128 5392 42.
2169 5337 2225 5392 Si
2271 5338 2488 5394 unicam
2520 5347 2773 5393 naturam
2817 5339 2913 5393 Dei
2947 5340 3110 5394 Verbi
3166 5339 3459 5404 incarnati,
3495 5351 3553 5394 et

1967 5443 2076 5482 non
2096 5429 2440 5483 incarnatum
2467 5430 2684 5494 dicatis,
2704 5432 2981 5500 quomodo
2993 5446 3101 5484 non
3125 5441 3310 5501 aperte
3324 5441 3554 5500 paterna

1968 5522 2299 5576 documenta
2337 5523 2704 5577 adulteratis?
2747 5523 2803 5578 Si
2837 5524 3172 5583 incarnalam
3209 5524 3554 5578 conﬁtemini

1970 5621 2026 5668 et
2058 5628 2166 5666 non
2207 5614 2476 5668 incarnati
2509 5615 2672 5669 Verbi
2704 5615 2922 5669 unicam
2957 5615 3161 5679 dicitis,
3198 5623 3422 5683 prepter
3447 5613 3554 5668 hoc

2027 5775 2046 5802 ⁸
2087 5773 2130 5826 ll
2179 5769 2304 5827 Cor.
2351 5789 2460 5837 xm,
2499 5773 2529 5825 ι
