4094 6334
233 366 319 431 τθτ
1306 360 1603 423 CONTRA
1640 349 2240 418 MONOPHYSITAS.

3297 355 3437 419 1798

205 480 393 535 θανεσϐξ
422 476 685 547 ἡμῶν.ὡς
724 474 1203 545 ἀμφιϐαλλομένου
1238 473 1388 535 ὂντος
1434 470 1565 522 ποία
1588 466 1745 534 φύσις

1859 456 2113 539 [Ζιιιιέτςο
2142 469 2328 538 petitis
2348 483 2376 522 a
2395 467 2557 523 nobis
2585 476 2841 537 tanquam
2873 467 3004 532 rein
3026 466 3196 520 dubio
3218 477 3430 537 prolata

206 572 477 643 προήλωτο,
513 568 564 620 εί
624 567 700 637 μὴ
736 560 1062 636 ϐεομάθείαν
1105 563 1342 632 φυσικὴν
1395 563 1490 614 καὶ
1540 559 1601 611 οὗ
1650 557 1748 625 τὴν

206 664 305 717 κατ’
330 660 595 715 οἱκείωσιν
623 658 813 725 λέγετε
836 672 851 720 ;

266 835 340 903 μζν
396 834 460 885 Ei
492 831 645 885 ἔστιν
679 832 708 884 6
738 829 913 897 Λόγος
961 826 1121 896 φύσει
1162 825 1400 895 ἀπαθὴς,
1428 823 1570 877 κατὰ
1603 824 1661 876 δὲ
1692 824 1752 876 τὸ

206 927 365 987 simile:
393 915 650 991 λέγεσθαι
681 922 866 982 αὐτοῖς
891 918 1093 972 ἔπαθεν
1118 916 1280 980 αὐτὸς
1303 916 1377 979 ὡς
1410 910 1575 981 οἶδεν,
1611 909 1753 967 οἶδεν

207 1016 369 1070 ἑαυτὸν
396 1016 496 1067 οὐκ
542 1012 731 1082 ἀπαθῆ
764 1010 964 1081 πάντη,
995 1011 1045 1062 εί
1092 1009 1166 1080 μὴ
1196 1009 1387 1077 ἀγνοεῖ
1416 1006 1611 1062 εαυτὸν
1649 1024 1754 1059 πα-

206 1108 340 1177 θητὸν
371 1105 515 1158 ὄντα.

267 1204 365 1265 μη’.
402 1197 465 1249 El
496 1195 692 1264 ὥσπερ
720 1194 823 1263 τὴν
849 1192 1028 1263 ψυχὴν
1056 1191 1150 1257 καὶ
1180 1191 1241 1243 τὸ
1268 1189 1428 1260 σῶμα
1460 1189 1602 1259 μέρη
1628 1188 1752 1241 ὅλου

204 1290 283 1344 τοῦ
308 1287 587 1359 ἀνθρώπου
637 1288 712 1352 ὡς
746 1284 975 1355 φυσικοῦ
1020 1285 1196 1347 εἴδους
1236 1283 1439 1352 φαμὲν,
1479 1280 1621 1335 οὕτω
1662 1282 1755 1334 καὶ

205 1381 283 1432 τὸν
316 1380 477 1446 Λόγον
512 1378 608 1431 καὶ
630 1377 732 1447 τὴν
761 1377 940 1445 σάρκα
967 1375 1111 1445 μέρη
1143 1371 1380 1443 Χριστοῦ
1396 1372 1494 1441 οὐχ
1526 1372 1601 1433 ὡς
1627 1388 1753 1422 συν-

204 1474 340 1525 θέτου
362 1462 500 1533 τινος
533 1471 718 1538 μόνον,
755 1466 870 1522 ἀλλ’
906 1466 984 1529 ὼς
1019 1460 1253 1534 φυσικοῦ
1282 1463 1455 1526 εἴδους
1500 1461 1750 1532 λέγομεν,

205 1562 305 1614 εἰπὲ
329 1562 375 1613 τί
400 1561 457 1613 τὸ
483 1560 603 1613 ὅλον
625 1558 780 1611 τοῦτο
808 1552 949 1619 εἶδος
963 1573 979 1622 ;

267 1653 361 1721 μθ’.
401 1652 489 1721 Τῷ
534 1634 619 1703 ἑνὶ
651 1649 813 1704 πάθει
852 1648 954 1718 τῆς
990 1648 1121 1717 μιᾶς
1156 1645 1380 1718 σαρκὸς.
1421 1643 1537 1705 πῶς
1564 1643 1625 1695 τὸ
1658 1642 1755 1711 μὲν

1852 578 1974 631 quae
2006 574 2197 616 natura
2243 561 2554 621 aberrabat,
2585 561 2627 612 si
2680 575 2788 614 non
2824 558 3066 623 divinam
3098 560 3431 629 passibilita-

1854 666 1960 710 tem
1986 656 2291 709 naturalem
2319 662 2374 708 et
2401 669 2511 707 non
2543 653 2688 705 illam
2721 652 3027 707 secundum
3075 651 3434 707 inhabitatio.

1854 763 1980 802 nem
2009 748 2232 802 dicitis?

1924 839 2011 891 47.
2053 837 2107 892 Si
2155 844 2240 891 est
2270 836 2512 891 Verbum
2539 846 2737 890 natura
2785 832 3142 905 impassibilis
3186 843 3244 889 et
3279 834 3433 906 juxta

1852 927 2308 982 consuetudinem
2354 928 2617 996 loquendi
2645 926 2789 995 apud
2819 940 2917 980 eos
2948 941 3145 995 passus
3171 934 3255 981 est
3294 926 3434 997 ipse,

1851 1019 2131 1086 quomodo
2175 1018 2351 1083 novit,
2395 1018 2641 1087 seipsum
2678 1032 2786 1071 non
2825 1017 3165 1087 impassibile
3210 1017 3436 1072 omnino

1852 1106 2025 1167 novit,
2046 1104 2151 1157 nisi
2187 1103 2429 1173 seipsum
2465 1105 2727 1173 passibile
2752 1106 3025 1160 exsistens
3054 1105 3293 1175 ignoret.

1921 1194 2009 1248 48.
2043 1194 2100 1248 Si
2142 1194 2606 1263 quemadmodum
2650 1194 2888 1249 animam
2918 1210 3235 1264 corpusque
3266 1195 3440 1251 totius

1853 1283 2096 1337 hominis
2125 1293 2309 1352 partes
2345 1293 2601 1353 tanquam
2629 1286 2898 1341 naturalis
2940 1286 3134 1342 forma:
3170 1286 3434 1353 dicimus,

1852 1374 1933 1429 sic
1962 1384 2017 1428 et
2046 1376 2285 1430 Verbum
2310 1384 2366 1430 et
2396 1392 2617 1431 carnem
2651 1388 2836 1447 partes
2874 1371 3109 1441 Christi,-
3135 1393 3247 1433 non
3278 1379 3437 1449 quasi

1852 1468 2142 1536 compositi
2192 1467 2477 1538 cujusdam
2532 1478 2784 1535 tantum,
2840 1470 2935 1525 sed
2982 1470 3125 1525 sicut
3171 1470 3440 1525 naturalis

1853 1556 2043 1613 formae
2070 1559 2325 1625 dicimus,
2358 1560 2447 1614 die
2476 1561 2610 1629 quid
2642 1569 2754 1615 tota
2785 1561 2876 1615 illa
2906 1561 3124 1616 forma?

1923 1651 2010 1705 49.
2039 1650 2211 1706 Unica
2245 1651 2421 1706 unicae
2451 1652 2600 1705 illius
2646 1652 2828 1706 carnis
2870 1654 3126 1719 passione
3156 1654 3439 1724 quomodo

202 1744 282 1797 τοῦ
331 1741 613 1813 ἀνθρώπου
664 1742 887 1811 πάσχει,
940 1740 1003 1792 τὸ
1050 1740 1108 1792 δὲ
1148 1738 1430 1807 συμπάχει
1474 1737 1540 1805 τῇ
1584 1731 1751 1786 αὑτοῦ

1859 1756 1984 1810 pars
2018 1742 2261 1796 hominis
2290 1744 2516 1812 patitur,
2561 1759 2689 1812 pars
2729 1744 2879 1798 carni
2925 1745 3051 1814 ejus
3096 1753 3154 1799 et
3194 1761 3306 1800 non
3333 1745 3440 1801 sibi

203 1836 345 1906 σαρκὶ
390 1836 479 1888 καὶ
520 1834 618 1903 οὐχ
665 1833 875 1900 ὲαυτῷ;
908 1831 1018 1883 Καὶ
1056 1832 1085 1883 ὁ
1132 1829 1473 1899 συμπάσχων
1514 1827 1645 1895 γὰρ,
1693 1826 1751 1877 ὲν

198 1927 355 1997 ἐαυτῷ
381 1928 615 1996 πάσχει·
644 1925 761 1989 πῶς
781 1926 877 1977 καὶ
898 1924 999 1989 οιὶκ
1028 1924 1089 1975 ὲν
1122 1920 1200 1991 τῷ
1232 1922 1535 1988 πάσχοντι;
1575 1919 1623 1969 εἰ
1657 1917 1750 1968 καὶ
1797 1926 1805 1935 ·

198 2018 257 2067 δι’
283 2016 465 2069 ἑαυτοῦ
508 2015 704 2085 ὥσπερ
742 2019 838 2067 καὶ
882 2015 911 2066 ὁ
951 2012 1174 2081 πάσχων
1211 2010 1270 2062 ὲν
1302 2006 1483 2077 ἑαυτῷ
1523 2008 1746 2075 πάσχει,

200 2111 281 2163 καὶ
309 2111 401 2162 οὐκ
426 2112 483 2161 ἓν
513 2109 595 2178 τῷ
614 2108 1039 2177 ,συμπάσχοντι.

258 2208 314 2255 ν’.
351 2199 455 2252 τοῦ
480 2199 693 2270 Κυρίου
724 2197 885 2267 ἡμῶν
926 2197 1102 2267 Ἰησοῦ
1138 2195 1380 2265 Χριστοῦ
1411 2194 1503 2248 δύο
1544 2195 1601 2246 αἱ
1648 2192 1749 2262 φύ-

200 2312 315 2358 σεις,
340 2288 415 2356 εἷς
440 2294 500 2345 δὲ
535 2294 565 2345 ὁ
595 2286 853 2353 θάνατος.
878 2282 1050 2351 Οὗτος
1079 2285 1172 2343 οῦν
1198 2292 1247 2342 εἰ
1281 2291 1381 2359 μὲν
1408 2286 1549 2341 κατὰ
1589 2287 1750 2353 φύσιν

199 2385 329 2453 αὐτῷ
357 2385 515 2452 μόνον
552 2383 690 2447 ἐστὶ,
724 2382 823 2452 τῆς
855 2381 1058 2450 θνητῆς
1087 2379 1257 2445 αὐτοῦ
1296 2379 1509 2446 φύσεως
1546 2378 1747 2448 μόνης-⁸

197 2475 237 2525 εἰ
270 2474 321 2525 δὲ
351 2474 441 2525 καὶ
479 2473 637 2543 παρὰ
688 2472 873 2540 φύσιν,
906 2473 1001 2524 καὶ
1043 2474 1145 2539 τῆς
1174 2471 1444 2524 ἀθανάτου
1464 2485 1477 2498 ·
1508 2470 1627 2530 πῶς
1657 2463 1750 2520 οῦν

198 2563 384 2615 simne
421 2563 562 2617 κατὰ
593 2562 758 2633 θύσιν
792 2562 826 2631 ἦ
856 2562 1008 2633 παρὰ
1047 2562 1206 2629 φύσιν
1236 2560 1430 2613 παθεῖν
1457 2558 1550 2613 τὸν
1577 2560 1750 2625 Λόγον

188 2655 413 2721 εύὼκεῐν
438 2672 453 2717 ;

254 2744 346 2799 va'.
386 2748 447 2799 Ei
477 2746 704 2810 πάντως
752 2745 1079 2816 ἰσαρίθμους
1108 2743 1254 2797 εἶναι,
1290 2744 1555 2822 δέονῆταῖς
1588 2741 1752 2809 φύσε-

195 2856 287 2904 σιν,
324 2837 395 2901 ὧς
424 2855 615 2907 φασιν,
662 2838 785 2891 ἐπεὶ
826 2837 952 2907 μίαν
998 2837 1178 2905 φαμὲν
1204 2836 1301 2903 τῆς
1332 2834 1490 2903 ἁγίας
1517 2832 1748 2901 Τριὰδίις

193 2928 279 2997 τὴν
318 2928 499 2994 φύσιν,
546 2928 679 2997 μίαν
721 2927 1041 2995 λεγέτωσαν
1085 2928 1179 2980 καὶ
1208 2926 1309 2995 τὴν
1337 2926 1640 2977 ὑπόστασιν
1666 2941 1678 2953 ·
1715 2922 1748 2991 ἢ

192 3019 299 3071 ἐπεὶ
337 3022 485 3092 τρεῖς
520 3037 710 3089 φαμεν
742 3019 842 3081 τὰς
876 3020 1225 3083 ὑποστάσεις,
1261 3017 1412 3087 τρεῖς
1441 3016 1752 3083 λεγέτωσαν

194 3108 275 3159 καὶ
298 3108 391 3170 τὰς
427 3109 659 3177 φύσεις·
696 3106 875 3177 πολλῷ
916 3108 1025 3179 γὰρ
1067 3108 1268 3177 μᾶλλον
1308 3108 1408 3160 οὐκ
1442 3107 1588 3161 ἐστιν
1619 3106 1753 3160 ὑπό·
1776 3136 1821 3199 C

196 3214 362 3261 ςτασις
390 3199 670 3261 ἀνούσιος,
702 3198 846 3269 ἢπερ
876 3198 1030 3251 οὐσία
1060 3198 1430 3260 ἀνυπόστατος

251 3290 340 3359 νβ’.
384 3291 442 3341 Εἰ
492 3292 526 3360 ἡ
581 3290 780 3352 ἓνωσις
833 3289 927 3342 καὶ
978 3292 1046 3343 τὰ
1090 3291 1346 3361 ἡνωμένα
1396 3289 1489 3342 τοῦ
1538 3290 1673 3359 πρός
1705 3306 1755 3341 τι

192 3377 290 3431 ἐστι
321 3381 484 3433 πᾶσιν
513 3381 983 3451 ὡμολογημένως,
1008 3381 1124 3443 πῶς
1160 3381 1294 3450 μετὰ
1314 3381 1413 3452 τὴν
1438 3382 1633 3435 ἕνωσιν
1656 3383 1756 3433 οὐκ

191 3466 313 3523 εἶναι
335 3471 425 3524 δύο
452 3472 582 3525 τάδε
616 3472 655 3526 ἃ
682 3474 772 3525 καὶ
802 3473 1057 3541 ἡνωμένα
1085 3468 1225 3525 εἶναι
1242 3472 1598 3543 ὀνομάζουσιν
1624 3474 1757 3542 ἀλη-

192 3563 303 3627 θῶς,
335 3567 535 3620 οἴονται
564 3567 712 3630 οἵδε;
743 3567 851 3636 Τῆς
886 3568 996 3636 γὰρ
1036 3566 1285 3629 ὲνώσεως
1318 3567 1391 3637 μὴ
1420 3567 1748 3637 παυθείσης,

192 3656 381 3726 ἀνάγκη
416 3660 512 3711 καὶ
541 3660 616 3717 τὰ
646 3660 903 3728 ἡνωμένα
925 3659 1377 3726 συνεισάγεσθαι.
1414 3659 1532 3711 Ἔτι
1572 3658 1678 3729 μὴν
1707 3660 1756 3711 εἰ

196 3750 258 3817 μὴ
280 3752 377 3821 πρὸ
398 3752 495 3822 τῆς
528 3752 788 3813 ὲνὼσεως
819 3751 913 3804 δύο
939 3748 1005 3821 ἦν
1030 3752 1152 3805 τάδε
1182 3752 1321 3805 αὐτὰ
1345 3752 1412 3805 τὰ
1444 3753 1585 3804 κατὰ
1619 3754 1755 3821 Χρι-

193 3844 297 3894 στὸν
326 3846 580 3913 ἡνωμένα
608 3842 845 3914 κυρίως·
878 3845 937 3895 οὐ
967 3844 1075 3914 γὰρ
1105 3844 1188 3914 δὴ,
1207 3844 1282 3907 ὡς
1310 3844 1603 3916 Νεπόριος
1632 3842 1758 3913 βού-

192 3931 342 3997 λεται,
383 3937 479 3988 καὶ
522 3934 857 4005 προῦπῆρξε
905 3935 966 3987 τὸ
1014 3936 1355 4003 ἀνθρώπινον
1388 3935 1483 3988 τοῦ
1519 3936 1753 4006 Κυρίου,

193 4019 293 4075 εἶτα
311 4026 524 4079 ἑνοῦται
549 4044 563 4057 ·
609 4028 755 4097 μήτε
794 4027 933 4095 μετὰ
965 4029 1063 4097 τὴν
1086 4027 1279 4079 ἕνωσιν
1310 4029 1504 4096 ὁρᾶται
1540 4027 1661 4080 δύοο
1695 4028 1755 4080 ού

194 4114 283 4181 γάρ
333 4116 444 4169 ἐστι
488 4117 653 4183 λῆξις
700 4117 861 4186 τῆσδε
911 4116 1018 4186 τῆς
1062 4118 1375 4188 ἀπεράντου
1408 4117 1687 4180 ὲνώσεωςο
1724 4118 1755 4189 ἢ

190 4206 443 4269 οἰδέπῡτε,
490 4211 524 4278 ἦ
577 4212 641 4262 ἐν
692 4211 759 4278 τῇ
795 4207 983 4260 ἑνὼσει
1010 4210 1129 4261 ἐστὶ
1167 4208 1259 4261 δύο
1286 4210 1353 4262 τὰ
1390 4209 1643 4280 ἡνωμένα
1700 4210 1757 4260 ὲν

190 4296 383 4368 Χριστῴ
416 4301 774 4370 ἀσυγχύτως.

250 4398 337 4457 vf.
390 4392 483 4445 Ἕκ
529 4392 631 4445 δύο
667 4390 889 4459 φύσεων
939 4392 972 4461 ἦ
1010 4391 1206 4445 κοινῶν
1250 4393 1435 4446 ἰδικῶν
1492 4411 1624 4462 φασι
1664 4394 1756 4446 τὸν

1858 1834 1959 1903 ipsi
1994 1835 2360 1904 compatitur?
2386 1836 2635 1904 Namque
2661 1837 3001 1905 compatiens
3034 1837 3088 1892 in
3121 1837 3305 1907 seipso
3339 1853 3439 1907 pa-

1858 1924 2027 1991 titur;
2070 1927 2347 1995 quomodo
2376 1938 2432 1982 et
2460 1943 2570 1981 non
2612 1930 2667 1982 in
2711 1929 2996 1997 patiente?
3024 1927 3181 1984 Licet
3206 1944 3305 1999 per
3350 1944 3440 1984 se-

1858 2017 2035 2085 ipsum
2085 2018 2229 2073 sicut
2271 2028 2327 2073 et
2373 2021 2591 2090 patiens
2637 2021 2691 2073 in
2716 2022 2899 2090 seipse
2945 2020 3183 2090 patiatur
3222 2030 3281 2077 et
3324 2036 3443 2077 non

1856 2109 1911 2162 in
1949 2110 2339 2178 compatiente.

1926 2197 2014 2250 50.
2052 2198 2267 2252 Domini
2299 2200 2475 2255 nostri
2512 2200 2639 2255 Jesu
2670 2199 2874 2254 Christi
2910 2200 3031 2255 duae
3067 2211 3298 2263 natura},
3330 2218 3442 2258 una

1857 2303 2025 2343 mors.
2059 2289 2191 2355 Quae
2222 2292 2267 2345 si
2299 2293 2602 2345 secundum
2636 2302 2885 2348 naturam
2920 2293 3144 2361 quidem
3182 2294 3283 2364 ipsi
3318 2303 3442 2350 lan-

1861 2391 1973 2435 tum
2004 2393 2107 2445 est,
2142 2385 2393 2439 mortalis
2419 2387 2541 2454 ejus
2578 2393 2788 2440 natura
2820 2385 3021 2451 solius;
3061 2386 3107 2441 si
3137 2403 3270 2441 vero
3300 2404 3444 2455 pra:-

1859 2478 1943 2524 ter
1977 2482 2334 2537 naturam,.et
2376 2475 2742 2532 immortalis:
2768 2477 3045 2545 quomodo
3078 2492 3210 2547 ergo
3240 2493 3441 2533 secun-

1857 2561 1987 2615 dum
2034 2574 2286 2618 naturam
2319 2566 2404 2619 vel
2453 2576 2655 2635 praeter
2699 2578 2953 2623 naturam
3002 2584 3222 2638 passum
3270 2569 3442 2626 fuisse

1856 2653 2096 2707 Verbum
2130 2670 2197 2708 ex
2220 2656 2565 2725 beneplacito
2588 2658 2804 2713 dicitis?

1928 2745 2013 2801 51.
2043 2744 2098 2799 Si
2124 2748 2348 2801 omnino
2373 2749 2621 2818 ejusdem
2650 2752 2866 2805 numeri
2895 2766 3018 2807 esse
3041 2761 3295 2822 oporteat
3315 2769 3443 2810 cum

1859 2838 2095 2897 naturis,
2141 2838 2283 2892 sicut
2324 2841 2499 2903 aiunt,
2544 2844 2922 2910 cumunicam
2967 2845 3206 2900 dicimus
3243 2855 3447 2904 sancta

1860 2926 2153 2983 Trinitatis
2178 2940 2453 2995 naturam,
2479 2934 2694 2987 unicam
2717 2944 2965 2999 asserant
2983 2944 3040 2990 et
3061 2937 3441 3008 hypostasim;

1858 3028 1953 3072 aut
1994 3035 2119 3072 eum
2171 3029 2282 3074 tres
2324 3021 2573 3078 dicamus
2619 3024 2971 3095 hyposlases,
3010 3034 3121 3081 tres
3156 3026 3342 3082 dicant
3387 3034 3446 3081 et

1859 3122 2085 3166 naturas
2114 3130 2126 3165 :
2160 3128 2285 3166 nam
2313 3115 2483 3168 multo
2518 3117 2691 3185 magis
2722 3133 2829 3170 non
2856 3126 2940 3172 est
2971 3118 3283 3189 hypostasis
3310 3119 3443 3176 abs-

1855 3217 1961 3271 que
1990 3204 2229 3257 essentia
2263 3221 2426 3273 quam
2456 3209 2692 3261 essentia
2723 3210 2929 3279 absque
2960 3211 3268 3281 hypostasi.

1926 3296 2012 3350 52.
2069 3296 2122 3349 Si
2177 3298 2435 3352 omnibus
2489 3296 2543 3351 in
2597 3300 2847 3368 professo
2890 3311 3020 3356 sunt
3071 3302 3338 3357 adunatio
3386 3311 3448 3358 et

1855 3388 2095 3442 adunata
2129 3405 2315 3443 rerum
2344 3392 2410 3444 ad
2437 3392 2744 3463 quodlibet,
2770 3393 3046 3463 quomodo
3076 3403 3202 3462 post
3228 3394 3444 3449 aduna-

1858 3482 2062 3534 tionem
2113 3497 2221 3535 non
2257 3498 2379 3537 esse
2420 3484 2531 3537 duo
2577 3485 2691 3539 hinc
2721 3500 2843 3553 quae
2875 3495 2931 3539 et
2970 3485 3209 3541 adunata
3244 3488 3447 3541 merito

1857 3580 2077 3635 vocant,
2109 3571 2450 3627 arbitrantur
2480 3574 2606 3627 isti?
2635 3574 2751 3629 Non
2780 3576 2927 3629 enim
2956 3584 3209 3631 cessante
3234 3577 3449 3630 aduna-

1858 3662 2028 3727 tione,
2062 3677 2288 3718 necesse
2336 3673 2420 3718 est
2461 3673 2516 3717 et
2552 3665 2789 3720 adunata
2834 3683 2942 3721 una
2988 3666 3198 3721 induci.
3250 3667 3449 3722 Adhuc

1859 3763 2040 3808 tamen
2070 3756 2112 3809 si
2142 3764 2269 3809 ante
2294 3756 2685 3815 adunationem
2709 3774 2821 3811 non
2849 3759 3176 3831 duoessent
3198 3759 3301 3813 ista
3324 3776 3449 3828 qua:

1858 3847 1914 3901 in
1939 3846 2162 3902 Christo
2191 3847 2503 3916 specialiter
2527 3849 2766 3903 adunata
2801 3860 2949 3913 sunt,
2981 3867 3093 3905 non
3120 3851 3272 3905 enim
3302 3850 3450 3905 sicut

1857 3939 1974 3992 vult
2036 3939 2354 4003 Nestorius,
2437 3941 2760 4009 praaexstitit
2826 3942 3127 3998 humanum
3178 3943 3445 4008 Domino,

1859 4031 2062 4085 deinde
2090 4033 2389 4086 adunatnm
2421 4040 2524 4097 est,
2554 4048 2658 4088 nec
2681 4044 2805 4103 post
2830 4034 3222 4090 adunationem
3253 4034 3451 4090 viden-

1862 4132 1953 4177 tur
1981 4123 2126 4185 duo;
2173 4140 2282 4179 non
2329 4125 2476 4178 enim
2511 4124 2866 4179 adunationis
2900 4126 3068 4195 hujus
3097 4126 3307 4196 absque
3337 4126 3447 4183 ﬁne

1860 4216 2098 4270 cessatio
2126 4224 2209 4269 est
2238 4234 2251 4269 :
2283 4216 2367 4269 vel
2396 4231 2699 4285 nunquam,
2732 4218 2816 4271 vel
2855 4219 2909 4271 in
2947 4218 3282 4274 adunatione
3318 4228 3448 4274 sunt

1864 4306 1971 4361 duo
2006 4306 2058 4359 in
2090 4307 2310 4362 Christo
2339 4306 2546 4373 absque
2580 4306 2905 4362 confusione
2934 4307 3193 4362 adunata.

1934 4399 2021 4453 55.
2055 4400 2094 4453 Ε
2126 4398 2340 4451 duabus
2365 4398 2578 4452 naturis
2610 4408 2701 4451 aut
2730 4399 3118 4453 communibus
3150 4410 3244 4453 aut
3271 4391 3449 4469 parti-

193 4480 367 4547 Κύριον
401 4484 565 4552 ἡμῶν
606 4481 829 4551 Ἰησοῦν
857 4483 1118 4551 Χριστόν.
1155 4484 1218 4537 Εἰ
1261 4484 1360 4553 μὲν
1398 4480 1493 4537 οῦν
1537 4486 1750 4551 κοινῶν,

1867 4492 2149 4546 cularibns
2192 4491 2483 4544 Dominum
2523 4498 2774 4543 nostrum
2808 4490 2992 4544 Jesum
3038 4486 3447 4547 Christum'di-

190 4570 267 4620 ni
300 4573 441 4625 πᾶσα
478 4575 511 4641 ἡ
544 4575 697 4638 ἁγία
747 4570 918 4641 Τριὰς
959 4572 1251 4644 ἐσαρκώοη
1283 4574 1373 4625 καὶ
1414 4576 1753 4643 ἐσταυρώθη,

194 4662 268 4712 καὶ
296 4664 440 4715 πᾶσα
475 4666 509 4731 ἡ
550 4663 924 4732 ἀνθρωπότης
965 4664 1021 4714 ὲν
1056 4664 1205 4733 αὐτῷ
1230 4682 1242 4695 ·
1279 4667 1327 4716 εἰ
1361 4666 1418 4717 δὲ
1457 4667 1515 4731 ἐξ
1553 4667 1757 4725 ίῦικὼν,

190 4751 217 4818 ἢ
245 4753 477 4824 δυνάμει,
507 4756 542 4823 ἢ
585 4753 852 4823 ἐνεργείᾳ
876 4749 1015 4808 εἶναι
1042 4758 1555 4825 προεπινοουμένων
1581 4759 1762 4818 αὐτοῖς

194 4844 280 4911 πρὸ
304 4846 562 4913 Χριστοῦ.
598 4844 667 4896 Ei
706 4843 810 4913 μὲν
840 4840 934 4895 οῦν
964 4843 1195 4912 δυνάμει
1229 4845 1409 4915 μόνον,
1437 4847 1468 4915 ἢ
1502 4848 1641 4915 μετὰ
1664 4850 1762 4921 τὴν

192 4936 359 4991 ἕνωσιν
390 4938 558 5001 εὐθὺς
586 4937 835 5004 γέγοναν
862 4933 1009 5004 αῦτῷ
1032 4937 1126 4988 καὶ
1152 4938 1402 5006 ἐνεργείᾳ
1430 4938 1522 4989 δύο
1549 4938 1758 5004 φύσειςο

190 5025 218 5093 ἢ
249 5027 386 5082 οὔπω
420 5030 545 5098 μὲν,
586 5029 817 5081 ἔσονται
848 5026 922 5078 se
960 5042 1114 5090 ποτε,
1155 5028 1188 5096 ἢ
1229 5027 1482 5080 οὐδέποτε
1523 5029 1762 5095 γίνονται

192 5099 436 5191 ἐνεργείᾳ,
470 5120 573 5175 καὶ
627 5119 829 5172 νοοῖντ¹
867 5118 933 5170 ἂν
965 5118 1159 5171 οὕτωσῖ
1211 5118 1298 5172 ἀεί
1328 5136 1387 5171 τε
1418 5121 1627 5179 ἀτελεῖς
1668 5122 1763 5173 καὶ

196 5211 347 5281 μάτην
382 5214 610 5282 ἔχουσαι
644 5210 815 5264 τοῦτο
860 5210 1089 5279 δυνάμει
1135 5213 1213 5273 εἰς
1243 5212 1271 5264 ὂ
1318 5212 1509 5266 οὔποτε
1542 5216 1763 5282 ἥξουσιν

196 5300 451 5375 ἐνεργείᾳ*
488 5305 539 5357 εἰ
592 5304 654 5356 δὲ
700 5301 960 5372 ἐνεργείᾳ
1000 5302 1163 5366 οῦσας
1199 5307 1291 5359 καὶ
1340 5307 1443 5376 πρὸ
1486 5306 1584 5375 τῆς
1624 5307 1762 5359 κατὰ

195 5392 276 5457 τὴν
313 5396 630 5464 οἰκονομίαν
687 5391 941 5455 ἑνώσεως
986 5393 1132 5446 ἴσασι
1178 5396 1341 5448 τάσδε
1377 5396 1548 5459 ίδικάς
1581 5415 1636 5449 τε
1669 5399 1763 5450 καὶ

194 5481 459 5550 διεστώσας
520 5488 622 5540 καὶ
679 5481 1007 5551 ὑφεστώσας
1064 5484 1161 5549 τὰς
1216 5486 1327 5555 δύο,
1363 5490 1419 5542 ἐν
1468 5490 1573 5541 τίνι
1631 5494 1762 5561 πρὶς

196 5572 457 5648 Νεστὸριον
484 5575 861 5645 διαφωνοῦσι,
898 5575 1222 5643 λεγέτωσαν.

1865 4592 1997 4637 cunt
2026 4602 2036 4635 :
2068 4583 2246 4651 itaque
2276 4583 2319 4637 si
2354 4598 2383 4636 e
2408 4582 2816 4645 communibus,
2851 4593 3048 4636 cuncta
3081 4599 3300 4653 quoque
3328 4582 3452 4639 Tri-

1862 4675 2009 4727 nitas
2058 4685 2245 4728 sancta
2292 4675 2574 4727 incarnata
2624 4683 2707 4727 est
2750 4682 2804 4727 et
2840 4674 3121 4738 cruciﬁxa,
3166 4684 3222 4729 et
3251 4684 3449 4731 cuncta

1866 4766 1919 4819 in
1940 4767 2091 4834 ipso.
2130 4765 2183 4821 Si
2213 4782 2241 4819 e
2266 4764 2711 4834 particularihus.
2740 4782 2863 4833 quae
2894 4766 3105 4820 scilicet
3130 4776 3222 4820 aut
3256 4776 3453 4836 poten-

1868 4856 1961 4915 tia,
1993 4863 2089 4908 aut
2131 4854 2449 4923 operatione
2498 4870 2618 4908 esse
2650 4858 2998 4925 pracogitata
3042 4865 3171 4910 sunt
3214 4857 3283 4911 ab
3316 4858 3452 4926 ipsis

1865 4954 1991 4999 ante
2022 4946 2339 5009 Christum,‘
2360 4946 2633 5013 siquidem
2663 4948 2905 5014 potentia
2943 4950 3176 5011 tantum,
3207 4937 3293 5001 vei
3326 4959 3451 5018 post

1866 5036 2257 5090 adunationem
2290 5036 2399 5090 cito
2438 5038 2575 5090 facta
2605 5046 2731 5091 sunt
2762 5038 2864 5107 ipsi
2895 5048 2948 5091 et
2977 5040 3296 5109 operatione
3328 5038 3454 5095 dua!

1866 5137 2101 5189 naturas,
2148 5129 2243 5182 vel
2267 5145 2375 5182 non
2422 5130 2533 5181 Cito
2562 5117 2808 5195 quidem,
2853 5130 2947 5183 sed
2990 5146 3110 5183 mox
3142 5138 3327 5193 erunt,
3361 5130 3450 5185 vel

1866 5232 2149 5285 nunquam
2198 5217 2336 5272 fiunt
2381 5219 2719 5287 operatione.
2756 5228 2810 5273 et
2844 5218 2908 5271 ad
2957 5220 3035 5274 sic
3069 5220 3451 5289 cogitandum,

1867 5323 2085 5377 semper
2116 5308 2447 5378 imperfecta:
2489 5318 2543 5363 et
2573 5326 2711 5364 vane
2746 5311 2800 5364 id
2834 5312 3155 5380 impotentia
3183 5312 3454 5368 habentes

1866 5399 1933 5452 ad
1971 5398 2115 5467 quod
2151 5415 2432 5468 nunquam
2481 5415 2648 5468 opere
2684 5400 3008 5464 devenient;
3042 5401 3085 5455 si
3124 5417 3253 5455 vero
3284 5418 3453 5457 ener-

1868 5491 1953 5561 gia
1982 5491 2312 5545 cxsistentes
2341 5499 2396 5545 et
2431 5500 2557 5544 ante
2596 5491 2986 5546 adunationem
3026 5493 3327 5547 secundum
3366 5494 3452 5547 in-

1868 5585 2242 5638 carnationem
2277 5592 2513 5638 noscunt
2543 5584 2642 5637 has
2688 5584 3047 5652 particulares
3088 5594 3141 5638 et
3172 5594 3457 5654 separatas

1868 5686 1923 5729 et
1951 5675 2279 5729 suhstitutas
2326 5673 2481 5739 duas,
2534 5677 2586 5727 in
2637 5688 2742 5743 quo
2797 5691 2825 5728 a
2876 5676 3130 5729 Nestorio
3170 5675 3453 5740 ditiorum,

1870 5766 2069 5821 dicant.
