4094 6334
618 384 755 449 1799

607 581 914 640 conﬁteris,
939 591 1068 632 ecce
1094 576 1415 631 totalitatem
1440 577 1508 630 ab
1534 576 1884 631 ctiicientium
1907 594 2025 633 eam
2050 595 2175 649 par-

614 674 749 727 tium
771 666 1088 724 nominibus
1109 666 1363 732 vocabis;
1395 666 1670 735 quomodo
1692 681 1823 737 ergo
1852 678 2172 723 naturarum

610 762 985 833 duplicitatcm
1029 758 1321 812 adunatam
1371 774 1479 811 non
1525 757 1665 813 dicis
1708 773 1829 813 esse
1870 760 2170 824 Christum,

609 868 729 922 qua
756 858 885 907 sunt
906 851 1124 904 Deus-et
1148 848 1312 911 homo
1335 857 1598 918 etipartes
1626 849 1796 905 totius
1822 850 2175 920 hypostaseos

602 941 847 997 Christi?

679 1033 768 1100 55.
803 1032 859 1088 Si
890 1046 1000 1085 non
1033 1030 1155 1085 duae
1176 1028 1366 1085 Dei'et
1389 1030 1633 1086 hominis
1660 1040 1887 1096 naturae,
1918 1032 2013 1089 sed
2040 1049 2169 1102 una,

606 1136 858 1189 quamam
890 1121 1113 1190 proprie
1159 1121 1363 1175 Christi
1410 1127 1490 1176 est
1524 1130 1731 1175 natura.
1770 1122 1912 1193 Ergo
1949 1124 2170 1177 realiter

605 1211 911 1266 secundum
941 1226 1040 1265 vos
1072 1210 1280 1265 Christi
1317 1222 1517 1280 parens
1548 1220 1736 1265 sancta
1773 1212 1932 1281 Virgo
1970 1221 2171 1267 et-non

606 1302 701 1356 Dei
733 1318 932 1372 parens
962 1302 1259 1366 diceretur,
1292 1319 1414 1373 qua:
1445 1312 1697 1358 naturam
1726 1304 1953 1369 alteram
1984 1319 2013 1357 a
2044 1304 2176 1359 sim-

607 1393 821 1461 pliciter
847 1393 1031 1447 divina
1058 1400 1114 1446 et
1135 1392 1380 1446 humana
1413 1394 1683 1463 genuerit.

674 1482 761 1537 56.
791 1484 986 1537 Adhuc
1009 1498 1040 1537 a
1067 1482 1435 1539 diﬂ'erentiam
1471 1485 1783 1539 dicentibus
1806 1482 1992 1541 etnon
2017 1484 2175 1540 diﬁ‘e-

606 1570 782 1624 reutia
815 1571 1237 1625 numerantibus
1265 1572 1652 1640 inquirendum
1682 1591 1695 1626 :
1724 1575 1879 1641 quasi
1913 1573 2173 1628 distincta

606 1662 771 1716 verbo
802 1662 1037 1716 dicimus
1065 1672 1121 1716 et
1160 1677 1268 1716 non
1306 1665 1460 1731 quasi
1492 1665 1714 1719 deﬁnita
1754 1665 2169 1735 hypostasibus;

604 1766 793 1803 nonne
826 1752 1202 1806 deﬁnitionem
1237 1754 1429 1808 dicunt
1469 1762 1595 1808 ante
1639 1755 2003 1810 differentiam
2052 1772 2172 1810 esse

1844 379 2150 439 LEONTII
2189 381 2363 440 ΒΥΖΑ
2374 378 2586 440 NTlNl

683 494 773 548 ει.
805 491 862 546 Si
888 496 1063 543 totum
1088 485 1380 555 compositi
1398 485 1604 541 Christi
1634 488 1801 541 Deum
1826 498 1879 542 et
1903 490 2176 543 hominem
2208 493 2255 550 Α

3704 384 3842 450 1800

2354 492 2443 543 νδ’.
2480 491 2537 542 Ei
2564 490 2624 542 τὸ
2661 490 2778 541 ὅλον
2807 490 2900 542 τοῦ
2930 493 3182 545 συνθέτου
3205 491 3441 562 Χριστοῦ
3468 492 3598 545 Θεὸν
3631 496 3720 547 καὶ
3748 496 3843 547 ἄν-

2284 582 2500 649 θρωπον
2526 581 2829 648 ὁμολογεῖς,
2865 582 2974 633 ἰδοὺ
3004 583 3103 649 τὴν
3131 582 3361 651 ὁλότητα
3406 585 3474 652 τῇ
3513 583 3621 637 τῶν
3650 585 3849 639 ἀποτεσ

2282 670 2543 721 lactt):ti
2577 671 2743 739 αὐτῆς
2798 670 2977 739 μερῶν
3037 672 3324 741 ἐπωνυμία
3380 672 3845 742 προσαγορεύεις·

2281 760 2396 820 πῶς
2431 758 2525 811 οὖν
2552 760 2651 828 ,τὴν
2687 759 2851 812 δυάδα
2876 760 2985 812 τῶν
3014 759 3225 828 φύσεων
3260 762 3544 831 ἡνωμένην
3581 765 3642 817 οὐ
3665 764 3847 832 λέγεις

2280 847 2419 901 εἶναι
2450 851 2702 922 Χριστὸν,
2739 851 2802 902 αἴ
2826 853 2931 903 εἰσι
2952 850 3083 913 Θεὸς
3116 851 3206 902 καὶ
3238 851 3541 917 ἄνθρωπος,
3572 855 3663 906 καὶ
3702 855 3847 925 μέρη

2274 938 2377 1006 ’τῆς
2413 937 2541 1007 ὅλης
2572 939 2921 1000 ὑποστάσεως
2950 938 3220 1008 Χριστοῦ;

2353 1029 2447 1081 γε’.
2482 1031 2544 1082 Ei
2594 1032 2669 1102 μὴ
2699 1031 2791 1083 δύο
2847 1031 3037 1099 φύσεις
3076 1027 3212 1084 Θεοῦ
3249 1031 3343 1085 καὶ
3373 1031 3681 1101 ἀνθρώπου,
3708 1035 3849 1088 ἀλλὰ

2288 1123 2405 1189 μία,
2438 1121 2520 1179 τίς
2571 1122 2715 1182 ἰδίως
2742 1120 2974 1192 Χριστοῦ
3004 1121 3121 1174 ἐστὶ
3166 1121 3366 1189 φύσις;
3403 1122 3545 1190 ’Δρα
3574 1136 3637 1190 γε
3675 1125 3847 1188 ὅντως

2283 1210 2405 1262 καθ’
2448 1210 2594 1278 ὑμᾶς
2639 1209 3063 1278 Χριστοτόκοςηή
3119 1209 3250 1276 ἁγία
3300 1209 3573 1279 Παρθένος
3634 1212 3726 1263 καὶ
3778 1214 3847 1265 οὐ

2279 1300 2539 1367 Θευτόκος
2572 1299 2802 1367 λέγοιτο,
2852 1298 3014 1368 φύσιν
3056 1300 3251 1369 ἑτέραν
3300 1299 3454 1370 παρὰ
3508 1300 3606 1372 τὴν
3654 1301 3848 1365 ἁπλῶς

2278 1391 2429 1445 θείαν
2464 1393 2555 1445 καὶ
2586 1390 2931 1460 ἀνθρωπείαν
2957 1389 3213 1443 τεκοῦσα.

2350 1489 2457 1546 νς’.
2497 1481 2618 1534 Ἔτι
2650 1482 2949 1551 ὲρωτητέον
2996 1481 3191 1541 αὐτοὺς
3227 1480 3611 1551 λέγονταςτὴν
3653 1480 3845 1551 διαφο-

2282 1576 2401 1644 ρὰν,
2424 1573 2519 1626 καὶ
2553 1572 2653 1625 οὐκ
2678 1572 2800 1643 ἀριο
2810 1570 3042 1640 μοῦντας
3070 1569 3139 1622 τὰ
3166 1570 3510 1640 διαφέροντα’
3547 1572 3621 1635 ὼς
3652 1571 3809 1626 διακι
3826 1600 3845 1613 ο

2279 1664 2517 1737 κριμὲναη
2537 1664 2614 1734 τῷ
2643 1663 2786 1733 λόγῳ
2810 1675 3009 1733 φαμεν,
3037 1664 3128 1717 καὶ
3152 1664 3249 1732 οὐχ
3276 1664 3352 1723 ὼς
3374 1664 3703 1734 διωρισμένα
3717 1667 3845 1731 ταῖς

2281 1756 2657 1809 ὑποστάσεσινι
2689 1751 2807 1825 ἆρά
2853 1771 2984 1821 φασι
3028 1755 3116 1806 τὸν
3149 1754 3429 1824 διορισμὸν
3454 1756 3558 1825 πρὸ
3590 1755 3688 1824 τῆς
3726 1754 3846 1809 δια-

604 1848 834 1905 naturae,
878 1858 944 1894 an
989 1857 1114 1895 cum
1149 1842 1497 1897 diﬂ‘crcntia?
1525 1842 1583 1898 Si
1623 1860 1753 1914 ergo
1794 1845 2013 1914 quidem
2047 1855 2174 1900 ante

2280 1845 2449 1914 φορᾶς.
2470 1830 2611 1895 εἶναι
2641 1841 2871 1911 φύσει,ἢ
2903 1844 2999 1896 σὺν
3031 1845 3095 1913 τῇ
3119 1842 3385 1911 διαφορᾷς
3413 1844 3475 1895 Ei
3503 1844 3602 1911 μὲν
3619 1838 3710 1896 οὖν
3734 1842 3846 1909 πρὸ

603 1930 967 1985 diﬁ'erentiam
1002 1933 1262 1997 dixerint,
1291 1936 1397 1988 erit
1430 1945 1486 1990 et
1513 1936 1581 1989 de
1611 1938 1837 1990 omnino
1867 1952 1973 1992 non
2006 1936 2167 1990 αισθ-

604 2020 854 2075 rentibus
881 2020 1150 2085 deﬁnitio,
1186 2022 1329 2076 sicut
1356 2022 1697 2078 deﬁniuntur
1725 2032 1781 2079 et
1808 2032 2093 2093 punctum,
2119 2032 2174 2077 et

606 2113 787 2164 unitas
813 2122 869 2166 et
907 2112 1155 2181 spiritus,
1184 2122 1240 2166 et
1270 2114 1384 2181 ipsa
1414 2113 1948 2183 diﬂ‘orentizeexpers
1989 2114 2173 2167 divina

604 2210 837 2267 natura;
886 2212 943 2255 et
979 2219 1086 2256 una
1110 2218 1241 2273 ergo
1275 2203 1407 2271 ipsis
1451 2213 1644 2257 natura
1685 2204 1986 2258 secundum
2028 2205 2175 2272 quod

605 2292 766 2345 unica
793 2292 1087 2359 deﬁnitur;
1118 2304 1279 2361 porro
1306 2292 1610 2347 secundum
1641 2294 1787 2362 quod
1810 2284 2093 2358 delinitur,
2118 2301 2173 2347 et

603 2399 633 2436 τι
675 2398 906 2437 numero
953 2382 1244 2447 discessit;
1282 2400 1383 2438 nec
1424 2385 1575 2438 unici
1615 2384 1820 2439 Christi
1856 2400 2169 2449 numerum,

600 2470 698 2525 sed
742 2481 799 2525 et
828 2471 1067 2541 Spiritus
1097 2473 1191 2540 qui
1227 2472 1280 2525 in
1316 2473 1433 2541 ipso
1458 2482 1543 2527 est
1574 2473 1977 2543 particulariter
1998 2481 2054 2527 ct
2085 2473 2170 2526 di-

603 2562 850 2616 vinitatis
882 2578 1003 2631 quae
1036 2564 1091 2617 in
1141 2562 1260 2631 ipso
1292 2572 1376 2616 est
1419 2562 1553 2618 dant
1596 2579 1920 2629 numerum;
1957 2565 2001 2618 si
2038 2580 2171 2619 vero

603 2668 728 2704 cum
756 2652 1087 2713 differentia,
1110 2663 1207 2707 aut
1235 2663 1355 2721 post
1378 2653 1767 2719 dilerentiam,
1790 2655 2166 2709 deﬁnitionem

606 2743 916 2797 necessario
951 2743 1138 2798 vident
1169 2744 1562 2809 diﬁ‘erentium,
1599 2746 1873 2815 quomodo
1905 2746 2172 2801 diﬁ'eren-

603 2835 735 2886 tiam
767 2833 1038 2897 dicentes,
1059 2834 1437 2888 deﬁnitionem
1473 2835 1845 2889 diﬂcrentium
1875 2838 2017 2890 circa
2049 2852 2174 2890 rer-

606 2925 734 2978 bum
784 2939 891 2977 non
943 2924 1163 2978 dicunt?
1218 2924 1285 2978 Et
1336 2925 1614 2994 quomodo
1664 2940 1771 2979 non
1822 2941 1889 2980 ex
1924 2927 2169 2979 omnium

599 3030 871 3070 consensu
916 3023 973 3068 et
1004 3023 1219 3069 servata
1258 3015 1588 3069 adunatione
1634 3015 1936 3070 secundum
1972 3016 2170 3070 horum

604 3105 962 3174 hypostasim,
985 3120 1049 3158 ea
1069 3119 1193 3172 quae
1215 3106 1381 3159 verbo
1404 3106 1668 3159 diﬁerunt
1696 3114 1752 3159 et
1780 3104 2170 3161 diﬁcrentibus

604 3195 1001 3250 tlcﬁnientibus
1082 3195 1269 3250 verbis
1311 3195 1464 3263 quasi
1494 3196 1826 3266 quibusdam
1896 3196 2167 3251 limitibus

604 3284 827 3338 deﬁnita
867 3286 1201 3339 munerant?

2276 1935 2373 2003 τῆς
2404 1933 2663 2002 διαφορᾶς
2695 1933 2915 1998 εἴποιεν,
2940 1933 3090 1984 ἔσται
3141 1933 3233 1983 καὶ
3261 1934 3317 1983 ἐν
3344 1938 3453 1995 τοῖς
3475 1936 3655 2001 πάντη
3683 1932 3842 1986 ἀδια-

2277 2027 2463 2094 φόροις
2495 2026 2524 2077 ὁ
2553 2024 2851 2094 διορισμὸς,
2898 2025 2975 2085 ὼς
3018 2022 3297 2092 διωρίσθαι
3330 2023 3423 2077 καὶ
3457 2022 3713 2092 στιγμὴν,
3745 2022 3845 2075 καὶ

2282 2115 2507 2181 μονάδα,
2538 2116 2632 2166 καὶ
2675 2113 2829 2176 νοῦν,
2870 2112 2966 2165 καὶ
3013 2113 3181 2181 αὐτὴν
3222 2113 3323 2182 τὴν
3365 2111 3655 2181 ἀδιάφορον
3687 2112 3843 2165 θείαν

2281 2208 2461 2274 φύσιν·
2489 2208 2581 2258 καὶ
2610 2208 2643 2276 ή
2670 2205 2768 2275 μία
2800 2201 2892 2258 οὖν
2922 2206 3107 2267 αὐτοῖς
3138 2205 3316 2272 φύσις,
3355 2205 3476 2258 καθ’
3532 2205 3561 2257 ὃ
3613 2205 3733 2274 μία,
3760 2205 3845 2257 δι-

2280 2296 2532 2367 ώρισται*
2561 2297 2664 2349 καθ
2723 2296 2751 2348 ὃ
2779 2296 2835 2349 δὲ
2862 2295 3165 2365 διώρισται,
3192 2297 3282 2348 καὶ
3302 2295 3518 2365 ἀριθμῷ
3546 2296 3839 2347 ὑπέπεσενυ

2278 2389 2339 2442 οὐ
2374 2389 2535 2457 μόνου
2564 2404 2623 2439 τε
2649 2386 2882 2458 Χριστοῦ
2906 2385 3157 2455 ἀριθμὸν,
3186 2386 3321 2439 ἀλλὰ
3354 2386 3447 2437 καὶ
3482 2384 3576 2437 τοῦ
3612 2387 3669 2438 ὲν
3692 2385 3843 2455 αύτῷ

2274 2479 2367 2531 νοῦ
2402 2480 2503 2544 ἰδία
2530 2478 2624 2531 καὶ
2653 2478 2749 2547 τῆς
2777 2480 2835 2529 ἐν
2868 2475 3017 2545 αὐτῷ
3041 2475 3292 2546 θεότητος
3321 2474 3553 2528 διδόασιν
3583 2474 3838 2545 ἀριθμόν

2276 2573 2324 2622 εί
2356 2570 2408 2622 δὲ
2437 2570 2534 2621 σὺν
2562 2570 2627 2639 τῇ
2654 2568 2907 2637 διαφορᾷ,
2937 2566 2971 2634 ἢ
3021 2566 3156 2636 μετὰ
3182 2567 3278 2635 τὴν
3326 2565 3610 2635 διαφορὰν,
3643 2566 3736 2618 τὸν
3760 2566 3811 2618 δι

2274 2658 2502 2729 ορισμδν
2548 2657 2855 2725 ἀναγκαίως
2898 2655 3066 2724 ὁρῶσι
3113 2654 3220 2706 τῶν
3267 2654 3668 2723 διαφερόντων,
3724 2654 3844 2717 πῶς

2277 2748 2549 2819 διαφορὰν
2578 2748 2832 2815 λέγοντες
2884 2746 2976 2799 τὸν
3002 2744 3143 2798 κατὰ
3168 2745 3259 2797 τὸν
3304 2746 3461 2811 λόγον
3507 2747 3619 2800 τῶν
3653 2747 3845 2813 διαφε-

2281 2844 2485 2910 ρόντων
2542 2836 2817 2910 διορισμὸν
2848 2834 2908 2888 οῦ
2941 2852 3071 2903 φασι
3091 2876 3105 2901 ,
3157 2835 3253 2887 καὶ
3274 2830 3719 2903 ὁμολογούμένως
3744 2838 3847 2891 καὶ

2279 2914 2374 3001 τῆς
2404 2931 2524 2984 καθ’
2553 2931 2848 2983 ὑπόστασιν
2881 2926 3059 2981 αὐτῶν
3112 2927 3357 2990 ὲνὼσεως
3392 2928 3846 2999 φυλαττομένης,

2279 3024 2348 3074 τὰ
2392 3022 2720 3092 διαφέροντα
2781 3020 2860 3089 τῷ
2879 3021 3025 3091 λόγῳ
3079 3022 3171 3074 καὶ
3224 3020 3497 3091 διαφόροις,
3547 3021 3851 3092 ὁριστικοῐς

2276 3112 2456 3180 λόγοις
2489 3106 2600 3164 οἷόν
2644 3128 2784 3164 τισιν
2814 3113 2956 3179 ὅροις
3006 3106 3352 3181 διοριζόμενα
3396 3111 3848 3182 ἀπαριθμοῦσιν;

671 3378 762 3431 57.
797 3378 1071 3432 Numerus
1099 3386 1194 3431 aut
1227 3394 1357 3447 prae,
1400 3390 1497 3434 aut
1526 3396 1631 3434 una
1672 3390 1768 3437 aut
1800 3389 1924 3451 post
1954 3380 2171 3435 exsistit

2344 3374 2439 3438 νζν.
2458 3374 2516 3426 Ὀ
2538 3371 2770 3441 ἀριθμὸς
2798 3370 2829 3440 ἢ
2865 3370 3207 3439 προῦπάρχει
3231 3371 3261 3441 ἧ
3296 3374 3628 3443 συνυπάρχει
3656 3375 3687 3445 ἦ
3716 3376 3853 3446 μεθε

605 3469 831 3523 relative
866 3470 931 3523 ad
970 3470 1369 3537 diﬁ‘erentiam;
1404 3471 1772 3528 differentiam
1808 3487 1941 3542 ergo
1968 3473 2174 3527 aduna-

605 3570 786 3613 tarum
808 3560 1022 3614 Domini
1045 3567 1363 3615 naturarum
1386 3564 1481 3632 qui
1502 3563 1854 3626 conﬁtentur,
1881 3580 2170 3621 numerum

603 3652 750 3705 circa
795 3651 966 3720 ipsam
1019 3663 1216 3723 nempe
1268 3654 1578 3709 differentia
1621 3657 1864 3725 negotia,
1901 3656 2172 3724 siquidem

604 3750 733 3797 ante
760 3743 932 3812 ipsam
967 3754 1205 3804 noscunt
1236 3761 1550 3810 numerum,
1583 3747 1768 3800 dicant
1803 3747 1896 3801 ubi
1923 3747 2174 3802 videntes

606 3836 709 3889 ista
742 3843 836 3890 aut
879 3851 1011 3889 sane
1042 3836 1257 3890 diversa
1291 3846 1739 3901 numeraverunt,
1775 3846 1835 3889 ut
1861 3854 1929 3890 ex
1959 3838 2175 3891 duabus

603 3926 842 3980 diversis
869 3926 1003 3994 ipsis
1026 3926 1099 3979 sit
1123 3941 1231 3983 una
1261 3934 1456 3980 natura
1494 3936 1589 3980 aut
1617 3927 1931 3982 differentia
1956 3942 2169 3997 expers,

602 4017 825 4085 quando
870 4016 1047 4072 divisa
1086 4028 1173 4073 cst
1220 4019 1641 4073 similitudinem
1690 4019 1919 4083 habens,
1951 4019 2171 4087 quando

602 4106 839 4160 adunata
873 4114 957 4159 est
988 4120 1100 4174 prae
1133 4122 1191 4160 se
1230 4107 1566 4172 admittens;
1605 4108 1808 4162 si-vero
1841 4125 1967 4162 cum
2011 4109 2171 4164 diﬁ‘e-

606 4197 785 4251 rentia
817 4204 912 4251 aut
939 4204 1063 4266 post
1090 4196 1260 4264 ipsam
1298 4211 1562 4251 numerus
1589 4205 1694 4262 est,
1726 4199 2039 4253 necessario
2070 4199 2174 4253 dif-

603 4287 893 4340 ferentiam
921 4286 1134 4348 dantes,
1170 4292 1267 4338 aut
1304 4300 1429 4339 cum
1477 4285 1591 4354 ipsa
1620 4293 1715 4338 aut
1745 4296 1967 4355 propter
2000 4286 2169 4354 ips'am

602 4384 663 4428 et
706 4389 888 4428 rerum
932 4355 1305 4427 diﬁcrentium
1360 4388 1650 4427 numerum
1699 4374 1842 4443 exigi
1887 4374 2169 4429 videbunt.

677 4462 764 4517 58.
799 4461 856 4515 Si
886 4472 1111 4515 uname
1135 4460 1369 4523 duabus,
1396 4476 1499 4514 nec
1520 4462 1756 4530 amplius
1789 4460 1924 4515 d'uas
1951 4468 2173 4518 naturas

607 4552 822 4608 Domini
864 4554 1040 4610 nostri
1072 4554 1198 4609 Iesu
1234 4554 1437 4609 Christi
1478 4570 1598 4609 esse
1636 4556 1809 4618 aiunt,
1849 4553 2053 4620 dicant,
2085 4554 2171 4610 di-

606 4643 733 4697 vina
753 4644 1077 4697 relationem
1097 4643 1164 4697 de
1183 4642 1460 4697 communi
1478 4652 1534 4697 et
1548 4644 1861 4711 particulari
1879 4653 2171 4712 superante

2281 3468 2519 3535 υπάρχει
2578 3466 2677 3531 τῆς
2722 3461 2985 3529 διαφορᾶς
3020 3462 3231 3524 πάντως
3256 3477 3268 3490 ·
3309 3464 3404 3531 τὴν
3445 3458 3537 3515 οὖν
3578 3464 3852 3534 διαφορὰν

2277 3556 2385 3610 τῶν
2408 3554 2699 3626 ἡνωμένων
2730 3552 2940 3621 φύσεων
2967 3552 3060 3605 τοῦ
3098 3554 3305 3623 Κυρίου
3348 3555 3397 3604 οἱ
3432 3555 3849 3623 ὁμολογοῦντες,

2278 3647 2370 3699 τὸν
2406 3643 2639 3714 ἀριθμὸν
2680 3643 2771 3694 τὸν
2819 3643 2941 3693 κατ’
2974 3642 3175 3709 αὐτὴν,
3206 3642 3375 3710 ἦγουν
3418 3642 3487 3694 τὰ
3519 3643 3849 3715 διαφέροντα

2280 3737 2602 3806 πράγματα,
2631 3735 2678 3786 εἰ
2710 3734 2804 3801 μὲν
2831 3732 2937 3802 πρὸ
2966 3733 3130 3801 αὐτῆς
3162 3732 3329 3794 ἴσασι,
3365 3732 3699 3800 λεγέτωσαν,
3737 3735 3849 3789 ποῦ

2284 3828 2479 3888 ἰδόντες
2510 3824 2647 3877 αὐτὰ
2675 3825 2707 3894 ἢ
2742 3824 2870 3876 πότε
2897 3823 3126 3891 διάφορα
3164 3821 3496 3891 ἠρίθμησαν,
3529 3823 3615 3876 ἳνα
3662 3827 3724 3877 ἐκ
3749 3825 3851 3879 δύο

2282 3917 2379 3987 μὲν
2404 3916 2674 3987 διαφόρων
2712 3916 2808 3984 μία
2832 3916 2890 3967 δὲ
2916 3915 3075 3983 φύσις
3106 3913 3190 3984 εἴη
3227 3918 3410 3978 αὐτοῖς
3431 3915 3525 3969 νῦν
3554 3917 3586 3986 ἦ
3616 3908 3840 3986 ἀδιάφο-

2280 4023 2393 4076 ρος,
2442 4005 2531 4056 ὅτε
2577 4004 2814 4057 διίστατο
2840 4002 3038 4073 ἔχουσα
3077 4003 3137 4054 τὸ
3165 4005 3367 4072 ὅμοιον,
3406 4007 3495 4057 ὅτε
3540 4005 3598 4058 δὲ
3657 4006 3846 4075 ήνώθη

2277 4097 2401 4150 τάδε
2432 4094 2671 4147 λαϐοῦσα
2700 4095 2761 4146 τὸ
2792 4094 3066 4165 διάφορον·
3113 4096 3160 4146 εἰ
3205 4093 3262 4146 δὲ
3305 4095 3400 4147 σὺν
3432 4098 3497 4165 τῇ
3522 4095 3774 4166 διαφορᾷο
3808 4098 3846 4167 ἦ

2282 4189 2420 4258 μετὰ
2447 4188 2652 4255 ταύτην
2686 4188 2713 4239 ὁ
2753 4189 2985 4257 ἀριθμός
3020 4191 3187 4247 ἐστιν,
3222 4189 3535 4253 ἀναγκαίως
3579 4190 3849 4260 διαφορὰν

2277 4261 2543 4350 δόντες,τῆ
2587 4282 2682 4332 σὺν
2728 4280 2899 4347 αὐτῇ,
2952 4278 2984 4347 ἢ
3031 4278 3116 4329 ἐπ’
3150 4278 3306 4348 αὐτῇ,
3352 4278 3444 4330 καὶ⁵
3490 4280 3578 4331 τὸν
3611 4281 3845 4349 ἀριθμὸν

2278 4371 2385 4423 τῶν
2416 4370 2781 4439 διαφερόντων
2809 4369 3319 4437 εἰσπραχθήσονται.

2350 4460 2451 4529 νη’.
2481 4461 2543 4513 Εί
2583 4460 2711 4530 μίαν
2741 4463 2803 4511 ὲκ
2848 4459 2963 4520 δύο,
2992 4458 3109 4526 οὐχὶ
3155 4458 3211 4509 δὲ
3257 4459 3351 4510 καὶ
3384 4456 3478 4510 δύο
3510 4460 3698 4527 φύσεις
3741 4460 3838 4512 τοῦ

2279 4552 2485 4621 Κυρίου
2520 4550 2676 4619 ἡμῶν
2725 4548 2899 4618 Ἰησοῦ
2939 4546 3171 4617 Χριστοῦ
3195 4544 3332 4615 εἷναί
3360 4565 3512 4616 φασι,
3534 4548 3849 4615 λεγέτωσαν

2278 4642 2555 4711 τῆς-θείας
2581 4641 2721 4709 ὑπὲρ
2745 4640 2837 4691 τὸν
2859 4637 2951 4690 τοῦ
2980 4637 3156 4691 κοινοῦ
3190 4640 3281 4690 καὶ
3314 4639 3480 4691 ίδικοῦ
3502 4639 3656 4705 λόγον
3677 4639 3850 4710 οῦσης

603 4745 675 4784 ex
720 4732 963 4784 omnium
1011 4746 1280 4785 consensu
1315 4741 1548 4794 natura,
1596 4732 1822 4784 alteram
1871 4731 2104 4785 duarum
2146 4749 2175 4787 e

2284 4733 2496 4803 φύσεως
2527 4730 2991 4798 ὁμολογουμένως,
3041 4729 3139 4798 τὴν
3180 4728 3370 4797 ἑτέραν
3416 4730 3524 4783 τῶν
3556 4730 3649 4783 δύο
3679 4728 3737 4795 ἐξ
3768 4725 3849 4784 ὧν

602 4821 807 4891 quibus
852 4820 1123 4884 Salvator,
1170 4820 1381 4875 scilicet
1429 4820 1847 4877 huminitatcm.
1883 4837 2174 4889 quamnam

603 4912 837 4966 dicunt?
887 4910 1275 4974 Communem,
1327 4919 1420 4963 aut
1472 4910 1899 4979 particularem?
1945 4910 1999 4965 Si
2046 4926 2178 4981 ergo

604 5001 830 5071 quidem
868 5000 1254 5068 particularem
1282 5000 1570 5069 quamdam
1606 5009 1855 5054 naturam
1885 5001 2182 5069 particula-

608 5092 746 5145 riter
772 5091 1136 5145 exsistentem
1160 5101 1216 5146 et
1230 5091 1438 5161 absque
1468 5092 1648 5146 Verbo
1675 5091 1815 5147 forte
1840 5093 1984 5148 hanc
2015 5108 2183 5148 exco-

609 5184 806 5253 gitant,
837 5184 1187 5252 perSpicuum
1218 5194 1303 5238 est
1330 5183 1476 5252 quod
1516 5184 1895 5238 Nestorianam
1926 5185 2175 5255 impieta-

609 5282 720 5327 tem
770 5281 1070 5327 sectantur.
1124 5273 1179 5328 Si
1227 5289 1572 5328 communem
1621 5275 1762 5328 hanc
1808 5275 2031 5339 dicunt,
2082 5284 2175 5329 aut

610 5364 963 5434 cogitatione,
1014 5372 1109 5417 aut
1140 5376 1233 5427 ‘re,
1284 5366 1449 5419 totius
1482 5381 1611 5418 vero
1650 5365 1837 5419 forma:
1879 5367 2173 5420 essentiam

609 5455 800 5519 aiunt;
845 5455 891 5507 si
940 5470 1071 5524 ergo
1115 5455 1339 5523 quidem
1391 5457 1723 5525 cogitatione
1772 5457 1962 5510 dicunt
2011 5472 2173 5511 unam

611 5559 951 5598 essecarum
996 5560 1025 5596 e
1072 5546 1273 5614 quibus
1304 5546 1551 5601 Salvator
1594 5549 1930 5617 compositus
1959 5558 2044 5601 est
2071 5561 2179 5602 una

612 5643 807 5690 natura
860 5646 1149 5699 constans,
1205 5640 1558 5707 perspicuum
1626 5646 1710 5692 est
1758 5639 1903 5708 quod
1954 5638 2183 5692 rationis

614 5727 882 5781 naturalis
907 5728 1051 5781 circa
1099 5728 1276 5797 ipsum
1310 5730 1487 5782 media
1535 5743 1678 5797 pars,
1714 5729 2041 5798 cogitatione
2077 5729 2218 5783 erit.

614 5825 671 5872 et
721 5832 828 5872 non
874 5834 953 5884 re,
1000 5819 1210 5875 scilicet
1256 5820 1555 5875 humanum
1601 5834 1726 5887 pars
1773 5819 2184 5888 compositionis

2279 4826 2308 4876 ὁ
2337 4825 2547 4893 Σωτὴρ,
2586 4824 2753 4892 ἧγουν
2787 4821 2881 4891 τὴν
2913 4820 3278 4888 ἀνθρωπείαν,
3310 4821 3502 4873 ὁποίαν
3535 4822 3703 4887 φασί;
3734 4840 3850 4874 κοι-

2281 4916 2397 4984 νὴν,
2427 4915 2460 4981 ἦ
2493 4913 2669 4981 ῑδικήν
2692 4929 2706 4972 ;
2732 4913 2794 4964 Ei
2830 4912 2927 4980 μὲν
2956 4907 3048 4963 οὖν
3098 4911 3268 4979 ίδικην
3293 4927 3414 4962 τινα
3450 4910 3755 4973 ἰδιάζουσαν
3783 4927 3849 4962 τε

2281 5009 2451 5075 χωρὶς
2479 5004 2572 5056 τοῦ
2593 5003 2763 5071 Λόγου
2800 5000 2931 5054 ποτὲ
2961 5000 3161 5071 ταύτην
3192 5001 3415 5064 οἴονται,
3451 5001 3607 5070 δῆλον
3632 5001 3708 5063 ὡς
3736 5001 3815 5053 Νε
3834 5032 3848 5041 ~

2284 5096 2575 5167 στοριανώς
2605 5094 2925 5149 ἀσεϐοῦσιν·
2962 5094 3011 5145 εί
3054 5093 3111 5145 δὲ
3160 5093 3343 5161 κοινὴν
3386 5091 3542 5161 τήνδε
3574 5094 3847 5160 λέγουσιν,

2281 5190 2315 5259 ἢ
2362 5189 2460 5256 τὴν
2504 5186 2734 5256 ἐπινοίᾳ,
2766 5184 2798 5254 ἢ
2829 5183 2927 5252 τὴν
2972 5184 3277 5252 πράγματι,
3313 5183 3437 5235 ὅλου
3459 5182 3517 5234 δὲ
3550 5182 3642 5234 τοῦ
3673 5182 3849 5244 εἴδους

2281 5277 2467 5329 οὐσίαν
2495 5275 2682 5338 φασίν.
2731 5274 2789 5325 Ei
2826 5273 2923 5343 μὲν
2966 5268 3057 5324 οὖν
3089 5272 3186 5341 τὴν
3226 5272 3439 5340 ἐπινοίᾳ
3466 5271 3683 5338 λέγουσι
3718 5270 3851 5341 μίαν

2283 5356 2555 5413 εἶναιτῶν
2585 5360 2645 5423 ἐξ
2688 5353 2762 5412 ὧν
2809 5360 2837 5408 ὁ
2877 5358 3067 5427 Σωτὴρ
3098 5357 3349 5421 σύνθετός
3384 5360 3499 5410 ἐστι
3542 5360 3685 5410 κατά
3720 5359 3853 5428 μίαν

2283 5452 2442 5518 φύσιν
2470 5453 2739 5519 ὑφεστὼς,
2782 5450 2949 5518 σαφὲς
2982 5448 3057 5510 ὡς
3106 5448 3167 5499 τὸ
3204 5449 3375 5517 ἥμισυ
3400 5448 3492 5501 τοῦ
3537 5448 3655 5502 κατ’
3686 5449 3852 5502 αὑτὸν

2285 5540 2517 5610 φυσικοῦ
2542 5541 2724 5607 λόγου,
2754 5538 2966 5609 ἐπινοίᾳ
2987 5538 3136 5590 ἔσται
3167 5538 3304 5606 ἔχων
3326 5541 3419 5590 καὶ
3450 5539 3512 5590 οὐ
3539 5539 3849 5610 πράγματι.

2284 5635 2451 5701 ἤγουν
2475 5633 2545 5684 τοι
2561 5629 2902 5699 ἀνθρώπινον
2942 5631 3103 5697 μέρος
3132 5629 3229 5697 τῆς
3258 5630 3558 5690 συνθέσεως
3588 5629 3774 5680 αὐτοῦ’
3800 5631 3850 5680 εἰ

2286 5726 2341 5777 δὲ
2372 5724 2515 5777 κατὰ
2543 5723 2701 5775 τοῦτο
2730 5723 2824 5773 καὶ
2868 5722 2932 5773 ἐκ
2963 5722 3061 5790 τῆς
3092 5721 3368 5788 Παρθένου
3398 5720 3716 5790 σαρκοῦται,
3752 5722 3850 5772 καὶ

2287 5814 2588 5886 ἀνθρώποις
2637 5812 2846 5883 ὼράθη.
2886 5810 2981 5867 καὶ
3036 5810 3377 5881 ἐσταυρώθη,
3425 5811 3522 5864 καὶ
3556 5811 3625 5863 τὰ
3661 5810 3848 5878 λοιπὰ,
