4094 6334
252 307 388 373 Ῑὸυιλ

1357 294 1652 355 CONTRA
1694 291 2290 352 MONOPHl’SlTAS.

3350 280 3483 344 1802

246 421 442 481 πάντως
476 419 568 471 καὶ
596 417 763 470 ταῦτα
792 411 1005 481 ἐπινοίᾳ
1045 410 1138 462 καὶ
1177 410 1235 461 οὐ
1273 409 1560 479 πράγματι
1588 405 1800 475 ἀληθῶς

1929 405 2044 473 :jus.
2078 401 2134 455 Si
2170 416 2295 455 vere
2327 400 2470 453 (τίνι-η
2518 396 2651 450 illud
2684 407 2738 451 et
2768 415 2794 449 υ
2830 396 3049 466 Virgine
3082 395 3403 450 incarnatur
3429 407 3484 450 et

246 509 538 579 γεγένηται·
581 507 630 558 εί
660 506 715 558 δὲ
762 502 1046 573 πράγματι
1086 499 1204 569 μὲν,
1252 498 1436 567 κοινὴν
1460 497 1514 549 δὲ
1552 496 1649 565 τὴν
1681 494 1803 547 κατ’

246 599 393 653 αὑτὸν
422 598 584 667 φύσιν
624 596 725 666 τῆς
769 590 1185 662 ἁνθρωπότητός
1234 605 1419 658 φασιν,
1480 588 1599 640 ἐπεὶ
1633 588 1689 640 ὲν
1737 588 1801 654 τῇ

243 694 384 761 κοινῇ
433 692 499 759 τῇ
548 687 834 758 πράγματι
877 678 1017 737 εἶναι
1058 682 1349 751 λεγομένῃ,
1392 678 1593 742 Ἰούδας
1618 695 1677 732 τε
1714 679 1804 731 καὶ

246 783 457 844 Πιλᾶτος
492 780 663 843 ἐστὶν,
690 778 800 849 ἄρα
830 778 924 829 καὶ
953 770 1099 830 οὗτοι
1125 772 1279 827 οὐδὲν
1301 768 1462 843 ἦττον
1478 770 1570 824 τοῦ
1605 769 1806 822 Δεσπόο

244 889 327 924 του
365 867 809 937 ὲσταυρὼθησαν,
833 865 928 918 καὶ
954 867 1019 916 ἐκ
1048 862 1257 932 νεκρῶν
1288 860 1612 928 ἁνέστησαψ
1646 858 1806 919 αὑτός

244 979 299 1015 τε
324 961 466 1014 οὐδὲν
498 956 663 1030 ἦττον
695 957 973 1027 προέδωκὲ
1007 972 1066 1008 τε
1102 954 1196 1007 καὶ
1237 950 1585 1022 ἐσταύρωσεν
1612 948 1808 1011 αύτούς

243 1070 298 1104 τε
326 1052 413 1103 καὶ
453 1050 665 1103 ἑαυτόν.
684 1046 841 1101 Οὕτω
867 1047 924 1100 δὲ
947 1047 1040 1099 καὶ
1072 1041 1471 1113 ωγγενηθῆναι
1506 1040 1652 1111 αὐτῷ
1678 1041 1807 1093 Ἀνι-

243 1159 334 1204 va;
364 1158 420 1192 τε
453 1140 550 1191 καὶ
596 1139 851 1204 Καῖάφας
888 1138 952 1189 ὲκ
986 1136 1084 1205 τῆς
1130 1133 1293 1203 ἁγίας
1328 1132 1607 1203 Παρθένου
1639 1133 1811 1184 νοοῖτο

242 1234 321 1286 ἄν.
340 1232 496 1285 Ἀλλὰ
525 1231 634 1301 μὴν
654 1233 746 1282 καὶ
770 1230 801 1282 ό
827 1228 1125 1300 προπάτωρ
1150 1226 1322 1296 αὐτῆς
1345 1225 1529 1289 Δαϐὶδ,
1557 1224 1651 1278 καὶ
1671 1223 1808 1292 αύτὴ

242 1330 273 1399 ή
321 1326 589 1397 ἄχραντος
641 1324 739 1394 μία
768 1340 854 1385 τις
898 1316 1034 1375 οὖσα
1076 1321 1175 1390 τῆς
1214 1317 1404 1387 κοινῆς
1434 1315 1674 1387 φύσεως,
1723 1316 1810 1383 ὑφ’

241 1418 429 1486 ἑαυτῆς
456 1415 786 1486 γεννηθῆναι
822 1414 920 1467 σὺν
969 1411 1048 1483 τῷ
1080 1410 1201 1480 Θεῷ
1252 1409 1410 1479 Λόγῳ
1462 1406 1567 1478 τὴν
1628 1405 1812 1477 κοινὴν

240 1508 392 1577 φύσιν
429 1507 532 1576 τῆς
563 1504 983 1575 ἀνθρωπότητος
1014 1501 1295 1572 γεννώσης
1324 1498 1625 1569 λογισθείηο
1656 1492 1732 1552 ὧν
1762 1498 1813 1550 τί

238 1598 582 1669 ἀτοπώτερον
631 1596 843 1666 ἐξεύροι
882 1612 988 1659 τις,
1038 1594 1071 1664 ἢ
1120 1591 1603 1664 βλασφημότερον;
1643 1591 1706 1643 Ei
1760 1590 1814 1642 δὲ

1905 495 1974 549 ab
1993 493 2315 547 hominibus
2332 492 2480 545 visus
2505 500 2608 554 est,
2632 500 2686 543 et
2705 487 3004 543 cruciﬁxus
3026 498 3131 553 est,
3166 496 3222 542 et
3248 488 3482 558 reliqua,

1907 602 2133 657 prorsus
2159 593 2215 639 et
2255 584 2343 637 illa
2368 575 2722 653 cogitatione,
2760 594 2863 636 nec
2897 596 2954 635 re
2988 595 3118 635 vere
3159 579 3301 636 facta
3332 592 3482 635 sunt.

1907 678 1963 733 Si
1997 692 2129 733 vero
2159 692 2215 732 re
2245 675 2490 746 quidem,
2517 689 2866 730 communem
2898 688 3032 729 vero
3062 672 3129 728 de
3169 674 3290 743 ipso
3324 684 3486 728 natu-

1909 785 2026 825 ram
2060 767 2423 822 humanitatis
2455 773 2743 831 asserunt,
2788 765 3235 835 quandoquidem
3283 766 3336 820 in
3388 766 3490 820 hac.

1910 859 2189 915 communi
2221 858 2366 913 dicta
2394 873 2515 928 quae
2545 857 2601 911 in
2646 873 2705 913 re
2732 856 2947 913 exsisﬁt
2983 852 3155 912 Juda's
3197 867 3255 912 et
3285 857 3490 912 Pilatus

1910 959 2060 1017 sunt,
2087 967 2219 1022 ergo
2244 959 2301 1006 et
2341 949 2433 1004 isti
2476 961 2588 1003 non
2613 948 2798 1003 minus
2824 963 2987 1018 quam
3012 948 3277 1003 Dominus
3306 950 3491 1003 cruci—

1913 1046 2004 1101 ﬁxi
2037 1053 2165 1101 sunt
2196 1055 2252 1101 et
2277 1060 2307 1099 a
2331 1044 2567 1099 mortuis
2598 1051 3054 1109 resurrexerunt;
3102 1043 3332 1113 ipseque
3380 1058 3490 1097 non

1912 1139 2095 1194 minus
2125 1147 2181 1193 et
2218 1137 2365 1207 ipsos
2393 1145 2452 1192 et
2483 1152 2541 1193 se
2568 1136 2747 1206 ipsum
2774 1145 2833 1191 et
2863 1135 3089 1190 tradidit
3113 1143 3170 1190 et
3194 1134 3490 1190 cruciﬁxit.

1914 1228 2006 1285 Sic
2032 1237 2088 1285 et
2116 1245 2225 1283 una
2254 1244 2378 1284 cum
2412 1230 2531 1298 ipso
2559 1236 2719 1283 natos
2753 1238 2808 1283 et
2836 1228 3024 1283 Annas
3063 1236 3120 1282 et
3160 1226 3397 1299 Caiphas
3426 1244 3492 1281 ex

1914 1329 2102 1377 sancta
2126 1320 2346 1391 Virgine
2369 1319 2795 1390 excogitaretur.
2819 1318 2927 1374 Sed
2946 1328 3001 1373 et
3022 1320 3143 1388 ejus
3164 1334 3299 1373 avus
3322 1318 3491 1373 David

1914 1419 1971 1465 et
1998 1411 2113 1479 ipsa
2144 1408 2494 1463 immaculata
2530 1407 2691 1462 unica
2733 1405 2981 1476 quaedam
3024 1405 3300 1459 exsistens
3327 1404 3497 1473 hujus

1913 1503 2227 1559 communis
2251 1511 2465 1557 natura:
2490 1501 2558 1555 ab
2583 1500 2700 1571 ipsa
2720 1498 2907 1571 genita
2934 1498 3234 1563 diceretur,
3260 1497 3330 1552 ab
3354 1496 3494 1567 ipsa,

1919 1596 2175 1665 inquam,
2210 1593 2556 1649 humanitate
2603 1606 2731 1645 cum
2778 1591 2892 1646 Deo
2922 1589 3106 1647 Verbo
3150 1604 3498 1645 communem

238 1691 461 1755 λέγοιεν·
494 1689 687 1758 Ὑμεῖς
710 1684 803 1741 οὖν
836 1690 894 1741 ἑν
935 1686 1029 1740 δύο
1059 1685 1255 1756 φύσεσι
1282 1684 1373 1739 τὸν
1413 1684 1691 1754 Δεσπότην
1725 1683 1814 1736 δο-

1929 1698 2170 1743 naturam
2194 1688 2471 1759 gignente.
2490 1685 2738 1753 Quorum
2759 1684 2891 1755 quid
2912 1683 3209 1739 absurdius
3229 1682 3498 1744 invenies,

240 1782 509 1850 ξάζοντες,
534 1781 733 1833 ὁποίων
761 1779 967 1833 τούτων
991 1777 1127 1849 φατέ
1144 1794 1162 1843 ;
1182 1776 1434 1846 ἀφθόνως
1453 1776 1635 1839 αὐτοῖς
1659 1773 1816 1845 ἐροῦ.

242 1891 358 1944 μεν,
394 1873 470 1935 ὡς
506 1874 572 1925 ἐκ
598 1871 692 1925 δύο
730 1871 827 1941 μὲν
855 1871 955 1942 τῆς
981 1886 1041 1924 τε
1062 1868 1217 1932 θείας
1244 1868 1341 1922 καὶ
1367 1868 1467 1939 τῆς
1495 1870 1682 1937 κοινῆς
1716 1866 1812 1919 ἀνσ-

234 1962 515 2033 θρωπείας
562 1962 730 2030 ἄμφω
763 1959 1244 2031 προϋπαρχουσῶν
1274 1958 1371 2027 τῆς
1403 1960 1649 2019 ἒνὼσεως
1681 1958 1817 2028 Χρι-

240 2054 365 2108 στοῦ
401 2069 603 2124 φαμεν
633 2056 692 2107 ὲν
726 2052 819 2105 δύο
870 2053 949 2118 δὲ,
981 2052 1079 2118 τῆς
1125 2068 1183 2104 τε
1217 2051 1357 2122 ὑπὲρ
1385 2051 1478 2104 τὸν
1512 2049 1695 2104 κοινὸν
1724 2050 1817 2102 λό-

238 2165 334 2215 γον
359 2148 456 2199 και
489 2146 657 2223 ίδικδν
686 2144 853 2214 οῠσης
885 2143 1071 2213 κοινῆς
1102 2143 1354 2211 θεότητος
1388 2143 1483 2196 καὶ
1509 2142 1610 2213 τῆς
1646 2142 1819 2209 ίδικῆς

239 2240 407 2309 μόνου
440 2236 607 2291 αὐτοῦ
658 2236 1102 2307 ἁνθρωπότητος.
1145 2236 1260 2305 Τὴν
1292 2235 1389 2306 μὲν
1420 2236 1530 2303 γὰρ
1603 2235 1669 2287 ἐκ
1715 2233 1809 2285 δύο

238 2332 461 2401 φύσεων
488 2328 674 2399 φωνὴν
706 2330 965 2400 συνιστᾷν
992 2326 1238 2393 δυνατὸν,
1272 2328 1367 2380 καὶ
1413 2328 1477 2378 ὲκ
1533 2326 1626 2395 τῆς
1682 2325 1822 2377 κατὰ

239 2420 537 2491 ἀφαίρεσιν
566 2418 993 2489 λαμσανομένης
1032 2415 1249 2486 φύσεως
1278 2420 1344 2493 εκ
1375 2416 1471 2471 τοῦ
1505 2415 1683 2471 κοινοῦ
1714 2415 1823 2469 τῶν

241 2509 549 2581 ἀνθρώπων
581 2509 717 2580 πρὸς
749 2513 815 2580 τῇ
858 2509 1185 2580 ἑνυπάρκτῳ
1227 2507 1444 2577 θεότητι
1485 2506 1702 2579 ἐπινοίᾳ
1732 2503 1817 2560 οὗ·

244 2618 368 2657 σαν·
420 2601 634 2673 ιπινοίςι
688 2600 797 2671 γὰρ
854 2602 948 2655 καὶ
993 2599 1311 2671 θεωροῦμεν
1342 2600 1451 2671 πρὸ
1481 2599 1723 2670 Χριστοῦ
1755 2599 1822 2651 τὰ

241 2690 507 2764 Χριστοῦ*
551 2690 621 2743 τὰ
656 2690 715 2743 δὲ
746 2691 803 2742 ὲν
834 2689 983 2761 αύτῷ
1009 2689 1338 2757 ύφεστώτως
1364 2691 1493 2744 ὄντα
1514 2690 1819 2759 ὁμολογεῖν,

238 2784 348 2837 οῦκ
403 2781 523 2835 ἔστι
558 2781 664 2851 πρὸ
713 2780 899 2845 αὐτοῦ,
935 2781 1049 2837 ἀλλ’
1086 2784 1143 2836 ὲν
1188 2781 1355 2851 αὐτῷ·
1404 2780 1543 2835 ὥστε
1595 2781 1693 2853 τὴν
1732 2783 1826 2851 ὐφ-

244 2874 498 2929 εσιῶσαν
528 2874 692 2929 αὑτοῦ
735 2874 1151 2947 ἁνθρωπότητα,
1182 2875 1231 2927 oi
1257 2873 1351 2928 δύο
1398 2873 1589 2944 φύσεις
1624 2874 1826 2938 εἰδότες

245 2967 535 3037 ἡκυμένας
586 2967 645 3019 έν
688 2964 910 3037 Χριστῷ
953 2981 1086 3033 φασι
1133 2964 1355 3036 μᾶλλον,
1385 2966 1530 3036 ῆπεο
1563 2965 1612 3017 οί
1643 2966 1707 3019 ὲκ
1733 2966 1828 3018 δυο

245 3060 466 3125 φύσεων
490 3056 739 3126 λέγοντες
767 3056 950 3112 αύτόν.

1845 1748 1893 1806 Β

1920 1782 2006 1836 vel
2059 1781 2232 1851 magis
2279 1778 2699 1849 blaspliemum?
2744 1777 2801 1833 Si
2853 1786 3037 1831 autem
3083 1775 3323 1831 dixerint
3352 1792 3366 1829 :
3395 1776 3506 1829 Vis

1918 1890 2053 1945 ergo
2080 1889 2110 1929 e
2142 1872 2361 1928 duabus
2387 1871 2603 1927 naturis
2637 1871 2930 1927 Dominum
2965 1870 3333 1934 celebrantes,
3367 1884 3504 1939 qua-

1923 1964 2176 2018 rum'nam
2219 1962 2440 2016 illarum
2472 1960 2692 2015 dicitis?
2726 1958 2949 2029 Absque
3001 1958 3206 2013 invidia
3241 1958 3375 2027 ipsis
3422 1974 3509 2011 re-

1921 2053 2348 2125 spondebimus,
2375 2052 2532 2123 quasi
2561 2067 2592 2107 e
2624 2051 2840 2106 duabus
2869 2049 3092 2121 quidem
3138 2059 3195 2104 et
3232 2048 3418 2104 divina
3452 2059 3510 2103 et

1921 2144 2201 2201 communi
2222 2144 2461 2198 humana
2479 2140 2991 2212 praeexsistentibus
3008 2140 3074 2193 ad
3084 2139 3329 2194 unatioui
3346 2138 3451 2194 Clu
3468 2140 3510 2193 i-

1925 2239 1996 2295 sti
2025 2238 2216 2293 ambas
2245 2236 2511 2301 dicimus;
2550 2234 2605 2289 in
2641 2233 2857 2289 duabus
2890 2248 3043 2298 vero,
3065 2231 3346 2288 communi
3371 2232 3511 2287 divi-

1927 2329 2099 2383 nitate
2122 2343 2245 2397 quae
2266 2341 2559 2382 commune
2584 2324 2814 2380 verbum
2830 2332 2888 2379 et
2909 2323 3241 2394 particulare
3263 2333 3508 2393 superat,

1925 2429 1983 2475 et
2024 2419 2344 2489 particulari
2380 2416 2553 2489 ipsius
2598 2417 2771 2472 solius
2812 2414 3174 2470 humanitate.
3204 2414 3451 2485 Namque
3481 2432 3511 2469 ο

1926 2512 2143 2568 duabus
2175 2511 2388 2567 naturis
2416 2524 2609 2565 vocem
2647 2509 2892 2564 stabilire
2925 2508 3188 2578 possibile
3212 2516 3321 2569 est.
3356 2519 3413 2563 et
3446 2524 3511 2563 ex

1929 2611 2126 2657 natura
2182 2618 2279 2671 per
2320 2602 2718 2657 extraetionem
2770 2611 3049 2671 assumpta
3116 2616 3184 2656 ex
3224 2602 3510 2656 hominum

1930 2695 2209 2749 communi
2238 2704 2435 2749 natura
2456 2694 2522 2748 ad
2547 2694 2893 2748 divinitatem
2926 2694 3075 2747 intus
3097 2703 3512 2764 permanentem

1929 2787 2260 2857 cogitatione
2294 2785 2675 2840 exsisteutem.
2711 2783 3057 2853 Cogitatione
3101 2784 3253 2838 enim
3298 2794 3356 2838 et
3386 2794 3514 2838 ante

1931 2876 2211 2931 Christum
2244 2891 2307 2930 ea
2345 2890 2466 2945 qum
2497 2875 2553 2928 in
2598 2874 2821 2929 Christo
2866 2881 2997 2927 sunt
3044 2873 3512 2943 contemplamur;

1934 2983 2056 3038 qua:
2084 2982 2212 3020 vero
2244 2967 2297 3020 iu
2328 2966 2450 3036 ipso
2482 2966 2661 3034 reipsa
2688 2971 2819 3019 sunt
2838 2963 3116 3030 conﬁteri,
3136 2980 3247 3020 non
3266 2975 3351 3021 est
3380 2964 3514 3020 illud

1850 3045 1891 3104 (ἶ
1925 3068 2052 3111 ante
2082 3057 2284 3127 ipsum,
2309 3056 2405 3111 scd
2442 3056 2497 3111 in
2539 3056 2690 3126 ipso;
2713 3056 2788 3110 ita
2822 3064 2883 3111 ut
2917 3056 3312 3112 subsistentem
3341 3057 3517 3126 ipsius

248 3150 671 3214 humanitatem,
696 3149 792 3219 qui
815 3148 953 3205 duas
978 3158 1200 3204 naturas
1253 3156 1491 3204 noscunt
1514 3147 1784 3203 adunatas
1838 3148 1892 3201 in
1929 3147 2174 3214 Christo,
2207 3147 2402 3204 dicunt
2446 3148 2620 3219 magis
2655 3162 2818 3219 quam
2853 3148 2947 3218 qui
2983 3164 3013 3205 e
3047 3147 3263 3204 duabus
3306 3149 3519 3203 naturis

247 3243 430 3312 ipsam
466 3240 676 3296 dicunt.

326 3336 430 3388 νυν.
469 3332 595 3388 Ἐτι
628 3336 661 3404 ή
714 3335 813 3403 μία
850 3333 1014 3405 φύσις
1043 3333 1135 3388 τοῦ
1172 3333 1307 3388 Θεοῦ
1344 3333 1519 3402 Λόγου
1546 3334 1582 3404 ή
1606 3333 1701 3387 νῦν
1743 3350 1834 3386 σε-

248 3423 628 3497 σαρκωμὲνη,
664 3420 735 3497 ἦν
772 3441 903 3478 ποτε
961 3423 1443 3495 σεσαρκωμένη,ἢ
1486 3424 1639 3494 οὐχίς
1686 3424 1733 3476 εί
1782 3424 1837 3476 δὲ

244 3517 417 3572 ⁴τοῦτο
456 3515 825 3586 ἁναμφίὸολον
864 3515 961 3569 καὶ
1008 3514 1217 3579 αὐτοῖς,
1250 3515 1547 3568 ἀκουστέον
1578 3508 1708 3584 iter)
1742 3514 1837 3566 αύο

248 3609 389 3674 τῶν,
430 3609 480 3661 εἰ
518 3605 655 3660 θεοῦ
684 3622 742 3659 τε
773 3606 945 3673 Λόγου
976 3600 1067 3676 ἦν,
1113 3606 1207 3659 καὶ
1260 3604 1423 3675 φύσις
1467 3600 1558 3676 ἦν,
1611 3607 1705 3657 καὶ
1738 3604 1837 3674 μία

245 3695 343 3771 ἣν,
377 3700 474 3753 καὶ
520 3697 625 3769 πρὸ
674 3696 770 3750 τοῦ
820 3695 1196 3767 σαρκωθῆναι,
1254 3695 1623 3767 σαρκωθεῖτα,
1655 3696 1710 3748 τί
1740 3698 1838 3747 ἐπ-

252 3789 612 3861 εκτήσατο,ἧ
664 3788 717 3840 τί
744 3788 1074 3855 ἁπεϐάλετο;
1116 3791 1165 3841 εί
1202 3788 1301 3858 μὲν
1352 3787 1504 3842 οὐδὲν
1537 3788 1842 3841 ἀπεδάλετο

250 3886 344 3955 (οὐ
401 3885 514 3955 γὰρ
564 3882 709 3937 κατὰ
756 3883 966 3951 τροπὴν
1002 3882 1221 3952 εἴρηται
1243 3882 1338 3935 καὶ
1366 3882 1724 3950 μετουσίωσιν
1756 3880 1837 3944 τὸ,

252 3975 657 4047 σεσαρκωμένη
683 4013 700 4037 ,
748 3972 935 4043 ὥσπερ
971 3972 1151 4042 φαμὲν
1207 3973 1301 4025 ἐπὶ
1328 3971 1422 4026 τοῦ
1464 3972 1827 4043 κρυστάλλου,

254 4069 367 4139 μία
383 4066 544 4137 φύσις
563 4065 750 4127 ὓδατος
779 4063 1163 4135 λελιθωμένη),
1196 4064 1356 4135 δῆλον
1386 4064 1461 4128 ὡς
1490 4065 1841 4136 ἐπεκτήσατο

250 4158 465 4229 σάρκα,
493 4156 670 4228 ἦγουν
687 4154 1097 4226 ἁνθρωπότηταο
1132 4155 1270 4227 αὕτη
1295 4155 1350 4209 δὲ
1373 4156 1425 4209 τί
1453 4158 1591 4221 ἐστι,
1620 4157 1841 4226 ποιότης

246 4251 285 4318 ἢ
320 4248 492 4318 φύσις
528 4266 643 4313 τις;
677 4249 725 4301 εἰ
755 4248 812 4300 δὲ
844 4248 1063 4311 πάντως
1113 4248 1274 4316 φύσις
1324 4247 1462 4319 αὕτη
1515 4252 1548 4319 ἡ
1581 4248 1841 4317 κτηθείσα

249 4342 427 4411 φύσις
446 4341 584 4411 πρὸς
615 4342 680 4411 τῇ
716 4338 1037 4409 κτησαμένῃ
1064 4340 1233 4411 αὐτὴν
1264 4342 1362 4412 μιᾷ
1382 4340 1475 4394 τοῦ
1499 4340 1635 4394 Θεοῦ
1668 4342 1841 4407 Λόγου

251 4432 458 4503 φύσει,
494 4430 658 4483 πόσαι
692 4429 757 4484 ἂν
796 4426 926 4495 εἶεν,
961 4432 1272 4485 εἰπάτωσαν
1300 4432 1430 4503 ἡμῖν
1464 4431 1838 4500 εὐγνωμόνως.

333 4527 399 4592 ξ’.
440 4526 564 4580 Ἔτι
610 4527 676 4578 ὲκ
717 4524 812 4579 δύο
852 4525 1065 4595 φύσεων
1100 4524 1197 4595 τὴν
1233 4526 1362 4595 μίαν
1394 4525 1555 4593 φύσιν
1580 4524 1673 4577 τοῦ
1706 4523 1839 4576 Θεοῦ

2008 3334 2096 3388 59.
2133 3331 2327 3387 Adhuc
2364 3330 2523 3386 unica
2553 3331 2651 3386 Dei
2682 3331 2846 3387 Verbi
2875 3340 3070 3385 natura
3103 3346 3224 3399 quae
3255 3348 3403 3386 nunc
3434 3332 3522 3387 in.

1934 3436 2159 3481 carnata
2191 3434 2295 3489 est,
2324 3433 2519 3480 eratne
2544 3425 2676 3479 olim
2703 3424 3008 3489 incarnata,
3030 3439 3101 3477 an
3126 3423 3274 3477 non?
3302 3423 3359 3478 Si
3387 3438 3525 3477 vero

1941 3520 2073 3574 illud
2114 3518 2479 3573 indubitabile
2524 3526 2581 3573 et
2630 3516 2785 3588 ipsis,
2818 3532 2884 3572 ex
2920 3516 3057 3586 ipsis
3085 3516 3447 3581 audiendum,
3479 3520 3523 3571 si

1938 3612 2038 3667 Dei
2070 3610 2237 3667 Verbi
2283 3618 2423 3674 erat,
2457 3610 2503 3664 si
2552 3618 2771 3673 natura,
2805 3607 2850 3663 si
2903 3608 3088 3671 unica,
3134 3608 3180 3663 si
3228 3615 3523 3678 antequam

1941 3705 2326 3760 inearnaretur
2375 3704 2688 3765 incarnata,
2747 3700 2881 3771 quid
2933 3700 3261 3770 acquisivit,
3321 3701 3528 3771 quidve

1940 3793 2216 3866 perdidit?
2252 3792 2311 3848 Si
2344 3792 2484 3847 nihil
2511 3790 2733 3861 quidem
2766 3790 3041 3861 perdidit;
3084 3805 3196 3845 non
3236 3790 3386 3845 enim
3427 3806 3529 3861 per

1938 3896 2162 3957 tropum
2177 3896 2231 3941 et
2247 3884 2804 3941 communicationem
2819 3882 3029 3937 dicitur
3042 3881 3199 3946 illud,
3216 3882 3499 3936 incarnata
3510 3924 3526 3948 ,

1938 3980 2087 4035 sicut
2106 3979 2342 4034 dicimus
2363 3977 2431 4032 de
2451 3977 2644 4047 glaeie,
2664 3992 2770 4030 una
2800 3986 2997 4030 natura
3030 3988 3184 4043 aquae
3215 3975 3268 4027 iu
3290 3974 3527 4045 lapidem

1946 4086 2236 4136 conversa,
2268 4069 2623 4140 perspicuum
2653 4075 2740 4122 est
2760 4065 2906 4137 quod
2940 4079 3185 4128 carnem,
3226 4065 3281 4119 id
3311 4072 3397 4121 est
3422 4066 3529 4120 hu-

1944 4165 2263 4217 manitatem
2324 4161 2638 4231 acquisivit.
2702 4158 2820 4230 Ipsa
2870 4174 3004 4214 vero
3045 4156 3180 4229 quid
3240 4159 3358 4213 est?
3397 4174 3529 4213 num

1945 4256 2181 4325 qualitas
2215 4262 2308 4307 aut
2326 4261 2520 4307 natura
2554 4250 2836 4320 quaedam?
2860 4249 2917 4304 Si
2936 4265 3067 4306 vero
3085 4250 3311 4321 penitus
3330 4258 3529 4303 natura

1947 4346 2064 4415 ipsa
2094 4344 2365 4415 acquisita
2387 4352 2587 4397 natura
2610 4342 2677 4397 ab
2694 4344 3015 4411 aequirente
3040 4341 3216 4413 ipsam
3241 4341 3407 4395 unica
3432 4340 3525 4394 Dei

1944 4437 2109 4496 Verbi
2132 4447 2348 4501 natura,
2386 4436 2581 4506 quales
2609 4435 2721 4489 sint
2749 4434 2911 4489 nobis
2936 4434 3042 4490 ﬁde
3070 4433 3285 4506 integra
3312 4434 3525 4488 dicant.

2016 4530 2103 4585 60.
2153 4528 2347 4583 Adhuc
2392 4544 2424 4583 e
2456 4528 2671 4581 duabus
2704 4527 2920 4580 naturis
2957 4526 3175 4582 unicam
3222 4527 3317 4581 Dei
3364 4526 3525 4580 Verbi

251 4622 443 4690 Λόγου
482 4620 581 4690 τὴν
615 4618 1040 4689 σεσαρκωμένην
1073 4618 1270 4681 ἴσασιν,
1306 4619 1338 4689 ἦ
1374 4618 1612 4689 Χριστοῦ
1647 4619 1825 4686 μόνονς

1944 4628 2194 4675 naturam
2221 4619 2561 4673 incarnatam
2592 4618 2804 4679 dicunt,
2832 4628 2928 4671 aut
2947 4616 3151 4671 Christi
3186 4617 3436 4671 tantum?
3468 4617 3524 4669 Si

253 4717 310 4768 εί
362 4713 466 4783 μὲν
516 4710 759 4782 Χριστοῦ
794 4711 972 4781 μόνον,
1030 4708 1354 4779 κακούργως
1410 4711 1539 4780 περὶ
1604 4709 1841 4779 Χριστοῦ

254 4800 687 4870 ἀνακρινόμενοι
716 4800 845 4870 παρ’
874 4800 1053 4869 ἡμῶν,
1087 4800 1147 4851 ού
1186 4799 1274 4852 διὰ
1310 4798 1401 4852 τοῦ
1447 4798 1611 4852 αὑτοῦ
1639 4797 1841 4868 ὀνόμα-

256 4911 382 4958 τος,
412 4892 551 4947 ἀλλὰ
578 4891 665 4944 διὰ
704 4890 801 4946 τοῦ
833 4890 970 4945 Θεοῦ
1006 4891 1181 4960 Λόγου
1211 4892 1309 4961 τὴν
1340 4892 1469 4961 περὶ
1494 4891 1602 4945 τῶν
1627 4890 1842 4959 φύσεων

252 4984 570 5050 ἀπολογίαν
598 4982 899 5037 ποιοῦνται.
937 4984 1001 5037 Εἰ
1042 4984 1099 5036 δὲ
1133 4984 1230 5037 καὶ
1264 4982 1357 5036 τοῦ
1389 4983 1564 5052 Λόγου
1594 4983 1693 5054 τὴν
1718 4983 1844 5051 μίαν

257 5074 434 5143 φύσιν
457 5076 523 5127 ὲκ
554 5072 647 5126 δύο
668 5073 847 5141 λέγειν
868 5074 1162 5142 τολμῶσιν,
1185 5072 1339 5126 ἔσται
1358 5075 1453 5126 καὶ
1477 5072 1619 5143 αύτὴ
1643 5072 1845 5143 δηλαδὴ

257 5167 335 5219 ὲκ
363 5164 619 5231 θεότητός
646 5180 707 5217 τε
738 5166 833 5217 καί
867 5162 1287 5234 ἀνθρωπότητος
1336 5164 1457 5217 καθ’
1493 5163 1662 5234 αὐτὴν
1692 5181 1844 5217 νοουα

260 5254 433 5325 μόνη*
462 5255 557 5307 καὶ
588 5252 933 5323 σαρκουμένη
957 5252 1014 5305 δὲ
1036 5252 1219 5317 πάλιν,
1253 5254 1445 5324 ἑτέραν
1463 5253 1621 5321 φύσιν
1643 5254 1845 5325 σαρκὸς

259 5344 708 5414 ἑπικπισαμένη·
742 5343 943 5413 τριπλῆ
987 5344 1042 5397 δὲ
1082 5345 1203 5397 ἀντὶ
1237 5344 1430 5414 διπλῆς
1476 5348 1540 5399 ἐκ
1587 5344 1681 5398 δύο
1712 5363 1847 5416 σορ-

260 5436 385 5491 κῶν
430 5438 524 5489 καὶ
558 5435 688 5505 μιᾶς
724 5434 980 5504 θεότητος
1014 5435 1528 5508 συγκεκροτημένη.

343 5526 439 5592 ξαθ.
475 5527 599 5579 Ἔτι
630 5526 752 5580 ἐπεὶ
785 5528 849 5579 ὲκ
870 5526 962 5579 δύο
1002 5527 1216 5595 φύσεων
1244 5530 1300 5581 ἓν
1325 5546 1373 5581 τι
1402 5528 1657 5597 γενέσθαι
1692 5528 1847 5597 φασὶ,

265 5619 535 5672 πευστέον
570 5618 752 5671 αὐτῶν
780 5617 841 5669 τὸ
878 5618 934 5671 ἓν
959 5618 1114 5672 τοῦτο
1154 5621 1258 5672 τίνι
1287 5620 1429 5693 λόγῳ
1462 5622 1521 5675 ἓν
1562 5639 1759 5690 cae-tv;
1809 5625 1840 5697 ἦ

268 5713 381 5783 rip
412 5710 488 5783 τῷ
518 5711 765 5778 ὀνόματι,
795 5708 828 5779 ἢ
858 5709 933 5779 τῷ
975 5713 1142 5777 γένει,
1178 5712 1214 5779 ἣ
1245 5714 1321 5783 τῷ
1349 5714 1499 5779 εῖδει,
1535 5716 1565 5782 ἧ
1603 5716 1678 5786 τῷ
1718 5718 1839 5787 ἀρι-

525 5805 803 5866 Ριιτιιοι..
838 5807 953 5869 CR.
994 5805 1317 5867 LXXXVI.

1949 4711 2152 4767 Christi
2202 4711 2425 4779 quidem
2482 4720 2691 4763 tantum
2741 4724 2999 4779 perverse
3049 4709 3195 4763 circa
3244 4708 3528 4763 Christum

1946 4802 2176 4875 iudicati
2208 4818 2237 4856 a
2280 4802 2458 4865 nobis,
2504 4818 2610 4855 non
2649 4809 2872 4871 propter
2898 4815 3121 4864 nomen,
3168 4800 3264 4855 sed
3303 4807 3529 4869 propter

1952 4897 2123 4951 Deum
2148 4894 2389 4950 Verbum
2410 4895 2714 4964 apologiam
2738 4894 2805 4948 de
2827 4902 2956 4948 natu
2967 4894 3040 4947 ris
3062 4892 3289 4947 faciunt.
3312 4892 3372 4947 Si
3397 4908 3528 4945 veru

1951 4997 2008 5042 et
2036 4986 2202 5042 Verbi
2244 4986 2460 5040 unicam
2493 4993 2745 5039 naturam
2771 4999 2805 5039 e
2836 4984 3051 5039 duabus
3078 4983 3265 5038 dicere
3300 4984 3525 5043 audent.

1950 5079 2057 5132 erit
2090 5089 2146 5132 et
2173 5077 2287 5146 ipsa
2320 5093 2451 5131 sane
2490 5092 2519 5131 ο
2548 5076 2835 5131 divinitate
2865 5084 2922 5131 et
2956 5076 3294 5130 humanitate
3326 5090 3527 5129 secun-

1952 5170 2082 5223 dum
2130 5169 2301 5238 ipsam
2352 5168 2621 5239 cogitata;
2672 5178 2729 5223 et
2775 5169 3059 5223 incuruata
3104 5184 3319 5231 rursus,
3367 5169 3531 5222 aliain

1952 5262 2134 5316 carnis
2182 5270 2431 5314 naturam
2464 5260 2787 5330 aequirens,
2821 5261 3015 5330 triplex
3063 5269 3245 5316 autem
3282 5277 3382 5330 pro
3424 5260 3531 5314 du-

1951 5354 2099 5423 plici,
2137 5369 2167 5408 e
2201 5353 2416 5407 duabus
2445 5353 2706 5408 carnibus
2749 5362 2804 5407 et
2851 5370 2956 5407 una
2989 5352 3277 5408 divinitate
3307 5368 3532 5422 compa-

1949 5446 2071 5499 sita.

2019 5537 2105 5590 6l.
2131 5536 2323 5590 Adhuc
2357 5551 2480 5591 cum
2507 5555 2536 5590 e
2563 5536 2777 5591 duabus
2808 5537 3021 5591 naturis
3055 5552 3222 5591 unum
3254 5535 3533 5606 quoddam

1954 5627 2071 5682 ﬁeri
2108 5628 2312 5695 dicunt,
2352 5629 2419 5682 ab
2452 5630 2532 5683 eis
2580 5628 2969 5699 inquirendum
3023 5628 3155 5683 illud
3206 5644 3376 5683 unum
3426 5643 3539 5697 qua

1949 5721 2160 5776 ratione
2192 5736 2361 5774 unum
2384 5721 2611 5777 dicunt?
2631 5722 2736 5776 Aut
2756 5721 2902 5777 enim
2926 5721 3167 5781 nomine.
3193 5730 3286 5775 aut
3312 5734 3530 5793 genus,

3139 5811 3208 5875 57
