4094 6334
602 333 739 399 1803

1839 345 2146 404 LEONTII
2188 346 2591 407 ΒΪΖΛΝΤΙΝΙ

3705 348 3844 413 1804

594 454 693 502 aut
720 441 918 509 forma,
959 453 1304 500 autnumeru
1331 463 1501 501 unum
1537 463 1657 503 esse
1694 450 1899 521 aliquid
1938 453 2168 508 dicunt:
2199 508 2203 516 ε

2277 455 2397 527 0μῷ
2453 455 2510 509 ἓν
2539 450 2679 510 εἷναί
2712 471 2762 507 τι
2786 455 3023 519 λέγουσι·
3056 456 3207 528 παρά
3236 457 3343 529 γὰρ
3374 457 3522 526 τάδε,
3550 458 3753 530 ὲτέρως
3775 458 3841 517 ’ἐν

594 540 798 604 praeter
842 534 947 589 ista
994 534 1173 601 enim,
1228 536 1389 591 aliter
1432 554 1601 593 unum
1634 540 1765 610 quid
1823 542 2006 598 dicere
2059 560 2169 597 non

594 626 861 681 valemus.
891 625 1082 697 itaque
1122 628 1168 682 si
1202 629 1423 684 nomine
1458 647 1627 685 unum
1661 633 1935 703 quoddam
1964 634 2169 689 factum

594 727 699 782 est,
735 725 943 773 tantum
976 718 1340 777 similitudine
1366 723 1749 793 appellationis
1777 726 2014 780 adunata
2042 738 2170 781 sunt

593 806 705 863 duo
750 807 895 875 hac,
930 808 1148 864 diversa
1184 824 1316 864 vero
1361 819 1558 866 natura
1602 820 1661 867 et
1703 813 2064 885 incomposita
2098 815 2167 870 ad

592 897 828 954 invicem
845 898 1025 956 adhuc
1046 906 1195 966 sunt,
1223 908 1279 957 et
1310 899 1473 956 homo
1496 910 1731 964 tantum.
1754 912 1849 959 aut
1871 905 2017 959 Deus
2046 914 2167 960 tan-

590 996 731 1056 tum,
750 998 845 1045 aut
864 989 1013 1045 aliud
1044 989 1318 1061 quoddam
1343 992 1489 1063 quod
1519 1009 1622 1049 nec
1650 994 1768 1063 Dei,
1788 1010 1893 1052 nec
1924 997 2167 1053 hominis

590 1096 791 1136 nomen
812 1080 1009 1137 retinet
1039 1080 1107 1136 de
1137 1091 1372 1153 utroque
1417 1082 1826 1153 pmdicabitur.
1874 1085 1933 1141 Si
1977 1096 2161 1142 autem

588 1187 789 1243 genere
818 1179 1101 1227 estrunum
1130 1172 1451 1229 exsistensa
1477 1189 1588 1244 quo
1616 1175 1908 1231 conﬁcitur
1934 1177 2079 1233 Deus
2109 1186 2167 1232 et

588 1264 775 1329 homo,
811 1262 1056 1334 ejusdem
1100 1265 1318 1335 generis
1349 1280 1482 1338 ergo
1513 1267 1631 1322 hac
1666 1285 1678 1321 :
1717 1283 1816 1323 cur
1848 1282 1980 1339 ergo
2009 1283 2165 1323 com-

588 1371 755 1410 mune
788 1354 922 1425 ipsis
953 1356 1235 1426 magisque
1276 1358 1590 1413 universale
1627 1359 1724 1413 Dei
1754 1374 1925 1430 genus
1956 1376 2168 1430 quaere-

588 1462 644 1500 re
716 1446 1108 1517 satagendum?
1157 1445 1446 1513 Quomodo
1489 1463 1677 1519 porro,
1734 1449 1883 1505 illius
1927 1452 2166 1506 recentis

585 1538 937 1594 adunationis
971 1539 1280 1605 occasione,
1320 1539 1456 1595 illud
1498 1540 1946 1610 antiquissimum
1993 1558 2167 1613 genus

584 1632 653 1687 ab
683 1631 819 1703 ipsis
842 1631 1208 1702 excogitatum
1239 1632 1359 1687 est?
1392 1631 1447 1687 Si
1481 1648 1612 1687 vero
1649 1630 1827 1687 forma
1866 1648 2035 1688 unum
2077 1633 2163 1689 di-

585 1730 738 1788 cunt,
771 1721 881 1778 duo
915 1722 1142 1777 omnino
1182 1730 1276 1777 aut
1331 1723 1491 1793 plura
1557 1731 1725 1778 erunt
1788 1723 2071 1780 individua
2096 1726 2163 1780 in

586 1815 729 1884 ipso,
764 1814 818 1869 id
860 1822 963 1880 est,
993 1814 1351 1885 hypostases;
1383 1824 1440 1869 et
1466 1814 1522 1868 in
1554 1814 1770 1870 duabus
1796 1817 2049 1885 personis
2080 1817 2165 1871 vel
2193 1797 2239 1856 Β

586 1907 641 1962 in
683 1906 940 1978 pluribus
983 1907 1257 1977 cogitatur
1285 1906 1574 1975 Christus;
1618 1906 1837 1962 unicam
1862 1924 2000 1964 vero
2046 1910 2161 1964 for-

588 2014 734 2054 mam
778 2007 834 2054 et
872 1998 1180 2054 divinitatis
1224 2005 1279 2053 et
1310 1998 1672 2055 humanitatis
1717 2015 1836 2055 esse
1888 2000 2165 2071 quomodo

587 2092 1056 2157 ratiocinandum,
1109 2090 1385 2146 intellectu
1437 2092 1613 2163 majus
1654 2100 1759 2147 est.
1816 2090 1875 2147 Si
1922 2108 2055 2147 vero
2099 2091 2167 2147 de

586 2184 711 2241 istis
742 2184 881 2239 nihil
912 2181 1115 2237 rationi
1161 2188 1612 2248 consentaneum,
1650 2183 1960 2238 necessario
1995 2198 2165 2237 unum

585 2291 819 2333 numero
846 2290 988 2343 esse,
1016 2272 1166 2345 quod
1214 2288 1245 2329 e
1290 2272 1506 2329 duabus
1537 2273 1752 2329 naturis
1784 2272 1844 2328 fit
1890 2274 2162 2343 reliquum

583 2379 700 2435 est;
734 2368 881 2440 quod
911 2376 1095 2423 autem
1129 2380 1300 2421 unum
1336 2381 1569 2422 numero
1603 2366 1825 2431 dicitur,
1859 2382 2029 2421 unum
2060 2366 2161 2438 hy-

584 2460 1073 2532 postasiexsistens
1094 2460 1351 2525 dicimus,
1378 2468 1437 2515 et
1458 2475 1569 2514 non
1594 2466 1788 2514 natura
1814 2475 2011 2524 unum,
2034 2458 2160 2513 ideo

583 2549 1046 2621 quemadmodum
1089 2562 1355 2603 numerus
1389 2546 1768 2617 unusquisque
1795 2560 2160 2600 numerorum

2275 563 2327 599 τι
2347 547 2524 615 λέγειν
2558 546 2659 599 οὑκ
2689 545 2859 599 ἔστιν.
2897 546 2959 598 Et
2991 542 3083 599 οὖν
3109 547 3185 618 τῷ
3216 547 3438 618 ὀνόματι
3461 552 3521 603 ἓν
3546 566 3598 603 τι
3630 550 3840 619 γέγονε,

2277 640 2437 709 μόνον
2472 637 2761 709 ὁμωνυμίᾳ
2789 637 3077 708 ήνώθησαν
3110 640 3177 693 τά
3203 639 3317 705 δύο,
3354 641 3619 712 ἑτερυφυῆ
3656 642 3711 695 δὲ
3746 645 3842 696 καὶ

2272 729 2540 785 ἀσύνθετα
2568 729 2819 800 ἀλλήλοις
2848 728 2929 783 ἔτι
2957 730 3128 794 ἐστὶν,
3170 732 3455 802 ἄνθρωπός
3497 750 3554 785 τε
3600 733 3781 803 μόνον,
3806 735 3839 803 ἢ

2272 822 2405 886 Θεὸς
2426 823 2603 891 μόνον,
2628 821 2663 889 ἢ
2688 820 2876 890 ἔτερόν
2898 839 2977 889 τι,
3008 821 3036 875 ὃ
3069 823 3207 893 μήτε
3223 823 3358 877 Θεοῦ
3387 825 3523 896 μήτε
3551 824 3842 896 ἀνθρώπου

2272 914 2420 967 ἐστὶν
2449 914 2641 981 δνομα,
2670 914 2915 983 ἑκατέρῳ
2947 913 3392 985 ἐπικληθήσεται·
3423 917 3471 968 ει
3500 915 3558 968 δὲ
3586 914 3664 986 τῷ
3692 918 3843 984 γένει

2270 1002 2416 1057 ἐστὶν
2448 1001 2504 1055 ἓν
2536 1003 2598 1055 τὸ
2625 1003 2916 1072 γενόμενον
2963 1002 3054 1070 ὑφ’
3079 1001 3108 1055 ὃ
3150 1002 3293 1055 τελεῖ
3324 1003 3457 1068 Θεὸς
3495 1005 3589 1058 καὶ
3630 1005 3843 1077 άνθρω-

2268 1112 2390 1159 πος,
2423 1093 2660 1165 ὁμογενῆ
2707 1093 2816 1164 ἄρα
2841 1092 2989 1146 τάδε.
3029 1093 3095 1145 Τί
3125 1092 3183 1147 at
3214 1094 3323 1165 ἄρα
3352 1093 3411 1147 τὸ
3443 1096 3622 1148 κοινόν
3654 1113 3714 1148 τε
3741 1097 3841 1148 αὑ-

2266 1189 2378 1249 τοῖς
2412 1181 2852 1251 καθολικώτερόν
2880 1199 2941 1235 τε
2964 1182 3099 1237 Θεοῦ
3120 1184 3275 1252 γένος
3302 1186 3597 1255 ζητητέον;
3633 1186 3747 1250 πῶς
3780 1203 3840 1238 τε

2267 1274 2374 1328 ἀπὸ
2424 1273 2738 1346 προσφάτου
2802 1270 3047 1336 ἑνώσεως
3092 1271 3212 1325 τόδε
3268 1272 3628 1343 ἀρχαιότατον
3684 1273 3843 1341 γένος

2267 1363 2449 1426 αὑτοῖς
2483 1359 2790 1432 ὲπενοήθη;
2831 1360 2892 1412 Εἰ
2931 1359 2985 1412 δὲ
3015 1359 3095 1431 τῷ
3124 1360 3255 1414 εῖδει
3296 1360 3354 1414 ἓν
3393 1362 3525 1414 αὑτό
3561 1379 3712 1430 φασι,
3745 1362 3845 1415 δύο

2266 1454 2483 1517 πάντως
2538 1452 2572 1522 ἢ
2620 1455 2715 1505 καὶ
2769 1450 2991 1504 πλείονά
3046 1452 3163 1504 ἐστι
3212 1451 3280 1505 τά
3333 1451 3423 1505 ὑπ’
3454 1452 3587 1505 αὑτὸ
3638 1453 3839 1523 ἄτομα.

2264 1546 2433 1616 ἤγουν
2472 1544 2820 1607 ὑποστάσεις,
2875 1544 2970 1597 καὶ
3010 1543 3069 1596 ὲν
3097 1542 3191 1596 δύο
3230 1544 3543 1615 προσώποις
3568 1547 3768 1597 νοεῖται
3802 1544 3839 1614 ἢ

2266 1636 2324 1689 ὲν
2370 1633 2587 1687 πλείοσι
2623 1633 2874 1701 Χριστός
2903 1632 2959 1685 ἓν
2988 1633 3043 1685 δὲ
3076 1631 3215 1695 εἶδος
3245 1632 3497 1704 θεότητός
3524 1651 3585 1687 τε
3625 1636 3718 1688 καὶ
3751 1636 3847 1687 ἀνι

2267 1724 2617 1796 θρωπότητος
2650 1720 2787 1777 εἶναι
2814 1725 2961 1787 ὅπως
2990 1723 3291 1793 λογιστέον,
3332 1724 3669 1795 ἀδιανόητον·
3701 1728 3747 1777 εί
3783 1725 3843 1777 δὲ

2266 1814 2468 1867 τούτων
2498 1813 2651 1867 οὐδὲν
2685 1812 2927 1881 εὑλογον,
2961 1811 3019 1877 ἐξ
3048 1814 3296 1883 ἀνάγκης
3325 1814 3383 1867 ἓν
3405 1813 3483 1884 τῷ
3514 1815 3733 1886 ἀριθμῷ
3762 1812 3849 1868 εἶ-

2264 1924 2351 1960 ναι
2381 1904 2440 1959 τὸ
2473 1908 2536 1959 ἐκ
2576 1903 2669 1958 δύο
2702 1904 2917 1974 φύσεων
2968 1904 3258 1975 γενόμενον
3289 1904 3655 1958 ὑπολείπεται·
3692 1905 3755 1959 τὸ
3782 1906 3845 1959 δὲ

2266 1996 2483 2069 ἀριθμῷ
2512 1996 2571 2048 ἓν
2608 1996 2920 2066 λεγόμενον,
2948 1997 3007 2049 τὸ
3033 1998 3098 2067 τῇ
3128 1997 3422 2050 ὑποστάσει
3462 1997 3520 2049 ἓν
3549 1997 3610 2050 6v
3634 2015 3842 2068 φαμεν,

2266 2090 2361 2144 καὶ
2388 2090 2449 2142 οὑ
2480 2088 2541 2142 τὸ
2566 2091 2630 2159 τῇ
2664 2088 2826 2157 φύσει
2859 2087 2945 2143 ἓν·
2969 2088 3102 2141 διότι
3135 2088 3321 2159 ὥσπερ
3350 2089 3582 2161 ἀριθμὸς
3611 2091 3846 2157 ἕκαστος

2269 2179 2515 2234 συνθέσει
2542 2178 2791 2251 ἀριθμῶν
2820 2178 2854 2251 ἢ
2897 2180 3141 2249 μονάδων
3171 2180 3230 2233 τὸ
3256 2181 3313 2233 ἓν
3333 2197 3387 2233 τι
3425 2177 3562 2234 εἶναι
3587 2180 3721 2251 ἔχει,
3749 2181 3847 2235 οὑ-

2269 2290 2375 2335 τως
2426 2272 2520 2327 καὶ
2569 2273 2625 2327 αἱ
2672 2273 2999 2336 ὑποστάσεις
3028 2273 3279 2327 συνθέσει
3312 2273 3526 2344 φύσεων
3568 2275 3663 2328 καὶ
3699 2276 3849 2328 ιδιω-

2272 2366 2458 2435 μάτων
2500 2364 2931 2435 συμπαραλήψει
2987 2364 3350 2434 ὑφίστανται,
3402 2366 3433 2435 ἢ
3488 2366 3844 2436 τούλάχιστον

2270 2452 2556 2523 συμπλοκῇ
2587 2451 2801 2520 φύσεως
2835 2454 2965 2523 μιᾶς
2994 2453 3084 2504 καὶ
3116 2451 3427 2521 ἰδιώματος·
3452 2452 3512 2506 τὸ
3540 2455 3646 2525 γὰρ
3676 2454 3843 2523 φύσει

2268 2542 2325 2595 ἓν
2350 2537 2513 2609 εἶναι,
2547 2540 2841 2595 ἀσυνθέτου
2874 2540 3049 2611 πάντη
3088 2540 3312 2611 μονάδος
3352 2540 3481 2594 ἴδιόν
3518 2543 3654 2595 ἐστι.

583 2652 680 2697 aut
709 2639 1004 2696 monadum
1034 2638 1435 2709 compositione
1462 2637 1609 2709 quod
1646 2638 1718 2692 sit
1747 2652 1915 2692 unum
1947 2635 2152 2707 aliquid
2189 2633 2376 2699 habet,
2424 2632 2504 2687 sic
2550 2640 2607 2687 et
2657 2630 2980 2701 bypostases
3043 2639 3370 2685 naturarum
3437 2632 3841 2702 compositione

583 2732 1098 2803 proprietatumque
1124 2728 1509 2799 conjuncaione
1543 2736 1817 2794 constant,
1881 2728 1967 2783 vel
2028 2728 2222 2782 saltem
2260 2732 2469 2779 naturae
2498 2724 2663 2778 unius
2695 2730 2750 2777 et
2779 2722 3135 2793 proprietatis
3164 2723 3509 2779 connexione
3540 2742 3551 2755 -
3581 2738 3706 2778 nam
3738 2739 3842 2780 na-

585 2836 707 2880 tura
748 2838 916 2879 unum
942 2836 1066 2878 esse
1099 2820 1471 2890 incompositae
1492 2834 1726 2889 prorsus
1752 2819 2002 2873 monadis
2028 2818 2309 2888 proprium
2341 2824 2445 2871 est.

656 2918 743 2973 62.
788 2915 849 2972 Si
907 2916 1038 2987 quia
1076 2928 1187 2967 non
1238 2911 1377 2966 duas
1419 2920 1642 2965 naturas
1688 2911 1757 2966 ad
1801 2911 2039 2965 litteram
2093 2910 2160 2964 de

2333 2906 2431 2977 ξβ’.
2464 2907 2526 2959 Εἰ
2556 2905 2645 2960 διὰ
2673 2906 2734 2960 τὸ
2767 2906 2842 2978 μὴ
2884 2906 3162 2977 εἰρηκέναι
3191 2907 3317 2970 τοὺς
3344 2896 3593 2977 Πατέρας
3616 2907 3708 2961 δὺο
3738 2910 3843 2979 (po-

584 3008 805 3066 Christo
846 3005 1134 3079 proferunt
1178 3003 1401 3069 Patres,
1451 3002 1609 3056 aiunt
1638 3000 2159 3071 pratermittendam

2268 3015 2373 3061 σεις
2420 2996 2698 3063 αὐτολεξεὶ
2744 2997 2836 3051 ἐπὶ
2889 2996 3159 3068 Χριστοῦ,
3201 2996 3619 3051 ὑποστέλλεσθαι
3677 3017 3841 3068 φασι,

587 3100 739 3154 vocis
790 3095 1116 3159 novitatem,
1149 3100 1244 3147 aut
1280 3090 1572 3160 quemdam
1630 3089 1848 3145 unicam
1905 3098 2157 3144 naturam

2268 3089 2357 3160 τὴν
2413 3088 2794 3157 καινοφωνίαν,
2844 3088 2877 3159 ἢ
2927 3087 3259 3154 δειξάτωσάν
3313 3104 3434 3141 τινα
3488 3087 3619 3158 μίαν
3671 3088 3841 3158 φύσιν

587 3189 913 3260 simpliciter
945 3185 1219 3241 dicentem
1282 3180 1578 3252 recipiant,
1617 3186 1714 3241 aut
1760 3190 1815 3234 et
1857 3178 1961 3250 ipsi
1992 3178 2157 3233 talem

2268 3182 2445 3245 ἁπλῶς
2474 3181 2720 3248 λέγοντα,
2764 3180 2797 3251 ἢ
2826 3180 2922 3233 καὶ
2952 3179 3107 3233 αὑτοὶ
3153 3178 3253 3250 τὴν
3291 3179 3504 3232 τοιάνδε
3536 3180 3718 3250 φωνὴν
3758 3183 3840 3252 μὴ

589 3297 781 3337 vocem
814 3295 886 3334 ne
923 3288 1129 3333 temere
1162 3274 1438 3338 dictitent,
1474 3271 1695 3343 quando
1730 3286 1830 3327 nos
1858 3281 1913 3326 et
1938 3279 2162 3325 naturas
2185 3314 2203 3374 (

2268 3272 2807 3345 προπετευέσθωσαν,
2841 3272 2976 3325 ὅπου
3024 3287 3087 3339 γε
3132 3272 3292 3341 ἡμεῖς
3318 3270 3414 3324 καὶ
3447 3270 3659 3340 φύσεις,
3701 3272 3844 3326 ἀλλὰ

590 3374 687 3431 sed
716 3382 773 3429 et
794 3372 932 3428 duas
957 3370 1207 3426 dicentes
1242 3363 1499 3421 audimus
1533 3363 1836 3436 exquisitos
1860 3365 2004 3419 inter
2044 3377 2162 3417 ma-
2190 3362 2203 3374 ‘

2268 3367 2361 3420 καὶ
2387 3365 2501 3432 δύο,
2535 3364 2795 3434 λέγοντας
2824 3362 3093 3434 ἀκούομεν
3135 3362 3263 3427 τοὺς
3292 3363 3576 3435 ἐκκρίτους
3616 3363 3725 3417 τῶν
3753 3364 3844 3415 δι-

590 3466 810 3537 gistros.

2268 3455 2571 3509 δασκάλων.

662 3558 749 3614 65.
794 3555 891 3612 Dei
932 3551 1098 3611 Verbi
1156 3563 1352 3610 natura
1389 3552 1553 3609 unica
1602 3559 1858 3621 tanquam
1884 3544 2161 3602 incarnati

2342 3547 2443 3617 ξγν.
2488 3546 2559 3601 Ἢ
2589 3545 2683 3600 τοῦ
2728 3545 2863 3600 Θεοῦ
2904 3545 3077 3614 Λόγου
3108 3543 3269 3615 φύσις
3301 3543 3399 3615 μία
3444 3545 3522 3609 ὡς
3555 3561 3843 3615 σεσαρκωο

591 3661 695 3717 est,
725 3658 823 3705 aut
869 3658 926 3705 et
973 3659 1231 3718 tanquam
1281 3647 1487 3717 absque
1522 3643 1733 3700 carne?
1789 3641 1846 3697 Si
1903 3650 2161 3709 tanquam

2272 3640 2433 3712 μένου
2466 3640 2635 3704 ἐστὶν,
2669 3639 2703 3709 ἢ
2734 3638 2830 3693 καὶ
2858 3637 2934 3702 ὡς
2958 3638 3239 3709 ὰσάνρκου;
3271 3639 3320 3689 εί
3356 3635 3453 3707 μὲν
3493 3632 3586 3689 οὖν
3624 3635 3699 3699 ὡς
3744 3652 3844 3689 σε-

594 3741 863 3800 incarnati
876 3741 1131 3811 quidem,
1156 3747 1282 3794 ante
1304 3736 1741 3793 incarnationem
1760 3748 1870 3787 non
1899 3746 2005 3787 una
2023 3737 2163 3794 erat,

2268 3730 2644 3803 σαρκωμένου,
2681 3729 2789 3800 πρὸ
2837 3729 2935 3795 τῆς
2989 3727 3320 3799 σαρκώσεως
3355 3727 3418 3780 οὑ
3458 3727 3558 3798 μία
3589 3723 3676 3797 ἦν,
3717 3727 3841 3781 ἀλλ’

593 3838 691 3894 sed
741 3835 1014 3898 semiuna,
1056 3840 1151 3887 aut
1184 3831 1432 3901 quadam
1464 3844 1592 3900 pars
1644 3825 1794 3891 talis;
1846 3822 2028 3878 adhuc
2059 3835 2164 3876 nec

2268 3822 2430 3892 ἥμισυ
2473 3820 2623 3890 μιᾶς,
2656 3818 2691 3890 ἦ
2735 3835 2788 3872 τι
2808 3818 3004 3872 τοιόνδε
3038 3820 3245 3890 μόριονο
3276 3816 3356 3869 ἔτι
3379 3816 3485 3886 μὴν
3511 3816 3633 3869 οὑδὲ
3664 3818 3691 3868 ὁ
3720 3816 3809 3868 Πα
3832 3845 3845 3858 -

594 3930 778 3994 Pater,
810 3941 915 3983 nec
944 3923 1188 3995 Spiritus
1215 3930 1442 3977 sanctus
1478 3918 1645 3973 unius
1664 3916 1771 3971 erit
1792 3921 2003 3970 naturas
2036 3926 2165 3983 per-

2268 3912 2366 3984 τὴρ
2404 3912 2437 3982 ἢ
2466 3911 2527 3964 τὺ
2572 3911 2727 3977 ἆγτον
2767 3908 2993 3981 Πνεῦμα
3024 3910 3150 3979 μιᾶς
3174 3908 3324 3961 ἔσται
3353 3907 3569 3976 φύσεως
3598 3906 3841 3970 τελείας.

593 3992 772 4077 facta,
803 4018 859 4074 Si
891 3992 1075 4073 autem
1093 4022 1296 4070 etante
1323 4010 1755 4068 incarnationem
1781 4020 1888 4060 una
1910 4010 2045 4069 erat,
2073 4002 2160 4058 vel

2268 4002 2330 4054 Εἰ
2362 4001 2419 4054 δὲ
2454 4000 2548 4054 καὶ
2579 3999 2682 4071 πρὸ
2703 4000 2801 4070 τῆς
2834 3998 3158 4068 σαρκώσεως
3185 3996 3280 4067 μία
3305 3992 3392 4067 ἦν,
3427 3995 3461 4067 ἢ
3490 3994 3642 4049 οῦδὲν
3664 4013 3843 4066 προο-

592 4112 731 4169 nihil
768 4109 1021 4183 apposuit
1057 4106 1309 4164 naturale
1341 4104 1413 4159 ad
1446 4102 1779 4174 liypostasim
1806 4097 1971 4153 Verbi
2008 4110 2158 4160 caro,

2268 4092 2431 4161 έθηκε
2457 4090 2684 4161 φυσικὸν
2717 4091 2749 4160 ή
2777 4088 2914 4161 σὰρξ
2939 4092 3004 4159 τῇ
3037 4088 3333 4142 ὑποστάσει
3367 4086 3458 4138 τοῦ
3498 4086 3695 4153 Λόγου,
3740 4089 3844 4141 καὶ

592 4216 651 4261 et
684 4175 857 4260 ιλιιέὲ
881 4199 1185 4257 secundum
1237 4196 1573 4268 bypostasim
1618 4191 1894 4247 celebrata
1937 4196 2161 4241 natura-

2268 4183 2469 4252 ψευδὴς
2493 4184 2525 4253 ἡ
2556 4181 2676 4235 καθ’
2704 4179 2996 4233 ὑπόστασιν
3022 4178 3214 4241 ἓνωσις
3242 4176 3456 4246 φύσεων
3481 4175 3839 4250 δοξαζομένη,

595 4310 719 4351 rum
742 4292 1025 4358 adunatio,
1057 4290 1141 4345 vel
1166 4265 1412 4359 apposita
1444 4300 1608 4340 unam
1651 4289 1901 4337 naturam
1929 4286 2166 4331 naturae-

2268 4274 2302 4343 ἢ
2337 4272 2632 4342 προσθεῖσα
2665 4271 2793 4341 μίαν
2823 4269 2984 4339 φύσιν
3009 4269 3040 4337 ἢ
3068 4267 3254 4339 μόριον
3284 4265 3497 4336 φύσεως
3531 4266 3841 4334 ὲπισυνῆψε

594 4400 663 4442 ve
694 4392 909 4455 partem
938 4358 1226 4453 conjunxit
1251 4377 1421 4448 priori
1469 4373 1631 4431 Verbi
1656 4370 1831 4427 unica:
1864 4376 2092 4423 naturae.

2269 4365 2334 4433 τῇ
2369 4362 2609 4434 προτέρᾳ
2636 4360 2795 4431 φύσει
2822 4361 2922 4433 μιᾷ
2946 4358 3037 4413 τοῦ
3070 4360 3265 4429 Λόγου.

610 4559 2767 4602 ______________________________.__._____

1550 4718 2137 4810 ΜΑΡΤΥΡΙΑΙ
2205 4716 2430 4804 ΤΩΝ
2506 4710 2867 4800 ΑΓΙΩΝ.

1448 5044 2059 5139 TESTIMON
2089 5042 2200 5132 IA
2269 5035 3026 5131 SANCTORUM.

2194 5240 2265 5255 —

666 5385 776 5443 Sed
801 5399 902 5439 cur
946 5393 1070 5445 nos,
1109 5375 1284 5438 aiunt,
1317 5372 1684 5443 undequaque
1731 5367 2203 5427 circnmvenien-j

2357 5365 2517 5420 Ἀλλὰ
2546 5365 2598 5418 τί
2627 5365 2795 5435 ἡμᾶς,
2827 5362 2981 5432 φασὶ,
3018 5359 3353 5430 πανταχόθεν
3399 5362 3842 5433 περιτρέχοντες,

599 5485 703 5541 tes,
729 5473 797 5528 ad
832 5462 1079 5527 vestram
1097 5461 1426 5534 compellitis
1453 5458 1829 5517 sententiam?
1865 5458 1976 5518 Nos
2017 5457 2166 5511 enim

2273 5459 2353 5522 εἰς
2379 5458 2476 5528 τὴν
2520 5455 2798 5527 ὑμετέραν
2830 5452 2985 5518 δόξαν
3032 5451 3418 5519 συνελαύνετες
3452 5454 3614 5523 ἡμεῖς
3642 5455 3750 5525 γὰρ
3772 5456 3842 5527 ἢν

594 5565 743 5639 quod
794 5562 861 5617 ad
910 5562 1149 5617 litteram
1198 5555 1420 5610 Patrum
1455 5554 1849 5608 documentum
1882 5550 2169 5605 hausimus

2274 5548 2549 5614 αὑτολεξεὶ
2601 5545 2947 5601 διδασκαλίαν
3005 5546 3278 5617 πατρικὴν
3332 5544 3489 5616 ἴσμεν
3525 5546 3654 5616 περὶ
3705 5547 3843 5616 Χρι-

594 5634 741 5714 circa
775 5653 1074 5715 Christum,
1112 5658 1275 5702 unam
1297 5644 1556 5700 videlicet
1588 5644 1683 5698 Dei
1718 5641 1881 5696 Verbi
1913 5651 2164 5695 naturam

2276 5641 2423 5704 στοῦ,
2455 5642 2629 5693 εῐτουν
2664 5637 2792 5708 μίαν
2828 5635 2990 5704 φύσιν
3022 5634 3117 5689 τοῦ
3164 5634 3299 5689 Θεοῦ
3329 5634 3503 5703 Λόγου
3560 5650 3845 5705 σεσαρκω-

597 5751 931 5806 hicarnaum
968 5738 1264 5799 secundum
1300 5745 1549 5793 sanctum
1588 5734 1946 5791 Athanasium
1983 5740 2036 5789 et
2060 5730 2165 5804 Cy-

2278 5729 2445 5801 μὲνην
2500 5726 2638 5781 κατά
2696 5725 2786 5779 τὸν
2840 5725 2995 5791 ἀγιον
3041 5722 3358 5778 Ἀθανάσιον
3411 5723 3504 5776 καὶ
3554 5720 3842 5792 Ruptum,
