4094 6334
236 363 369 434 1805

1419 368 1714 428 (ΣΟᾸΤΒΑ
1758 358 2353 426 MONOPHYSITAS.

3361 356 3499 423 1806

234 488 393 558 ὑμεῖς
420 484 479 538 δὲ
506 485 574 553 ἦν
611 501 747 552 φατε
789 483 1115 553 ξενοφωνίαν
1150 484 1391 554 οὐδαμοῦ
1433 486 1547 547 τοῖς
1578 482 1826 555 Πατράσι

1932 483 2111 536 rillum
2137 499 2151 549 ;
2179 498 2276 537 vos
2310 488 2495 535 autem
2527 494 2691 549 quant
2740 477 2950 534 aﬂertis
2991 476 3225 532 alienam
3261 478 3502 549 appella.

235 576 417 649 ῥητῶς
441 575 709 646 κειμένην
739 575 1086 645 εὑρίσκομεν,
1106 576 1275 646 ἤγουν
1291 575 1383 627 δύο
1411 574 1619 644 φύσεις,
1647 577 1692 628 εί
1723 574 1817 627 καὶ

236 670 587 741 ἀδιαιρέτους
620 670 665 721 Χ
675 668 881 739 ριστοῦ.

307 852 425 907 Καί
460 852 548 905 τοί
600 866 682 917 γε,
713 843 759 902 ὧ
799 842 966 916 οὗτοι,
1010 851 1037 902 ὁ
1069 842 1331 918 ὑμέτερος
1379 843 1693 917 καθηγητὴς
1723 844 1826 896 Σε-

241 946 412 1017 ﬁmo;
444 942 565 1014 βοᾷ,
617 942 694 1006 ὡς
739 944 980 996 πλεῖστοι
1029 941 1139 995 τῶν
1173 938 1344 1008 ἁγίων
1389 938 1643 1009 Πατὲρων
1673 938 1823 991 616m-

236 1038 453 1106 σλήτως
487 1036 795 1106 ἐχρήσαντο
836 1039 899 1106 τῇ
946 1036 1054 1088 τῶν
1085 1030 1177 1088 δύο
1218 1034 1430 1105 φύσεων
1467 1035 1650 1103 φωνῇ’
1705 1031 1823 1094 πῶς

232 1122 330 1180 οὖν
381 1126 646 1179 τάναντία
696 1122 852 1195 ὑμεῖς
902 1125 1130 1194 >.έγετε;
1176 1124 1293 1179 ἀλλ’
1340 1122 1509 1188 ὅντως
1558 1124 1709 1187 ,κατὰ
1762 1120 1824 1176 τὸ

236 1218 536 1286 εἰρημένον
597 1220 677 1286 τῇ
710 1215 900 1286 Σοφίᾳσ
948 1235 968 1267 ι
1004 1212 1410 1287 Προφασίζεται
1461 1214 1602 1286 ἀνὴρ
1653 1214 1823 1267 θέλων

234 1307 574 1376 χωρίζεσθαι
605 1308 781 1375 φίλου.
818 1326 835 1358 ι
885 1306 1036 1360 Ἐπεὶ
1063 1309 1146 1361 ὅτι
1172 1303 1327 1361 οὐδὲν
1362 1308 1581 1378 ἰσχυρὸν
1608 1307 1639 1377 ἢ
1663 1306 1822 1374 λόγου

236 1392 388 1461 ἄξιον
423 1394 455 1467 ἢ
489 1398 719 1469 ἀκριϐὲς
748 1398 860 1468 ἔχει
890 1399 1077 1469 ὑμῖνὴ
1111 1400 1334 1470 ἀφορμὴ
1364 1399 1463 1465 τῆς
1506 1399 1642 1470 πρὶς
1680 1402 1825 1468 ἡμᾶς

236 1489 526 1554 ᾱενέξεως
569 1488 730 1557 αὕτη,
780 1489 1013 1560 ἑτοίμως
1042 1488 1134 1544 καὶ
1190 1491 1543 1562 πολυτρόπως
1582 1492 1679 1543 σὺν
1709 1492 1826 1562 Θεῷ

236 1584 691 1651 παραστήσομεν.
740 1581 941 1652 Πρῶτα
972 1582 1071 1651 μὲν
1095 1583 1205 1652 γὰρ
1243 1584 1291 1636 εἰ
1326 1584 1425 1653 τὴν
1465 1585 1522 1637 ὲν
1551 1579 1704 1637 δυάδι
1728 1582 1828 1653 φύ-

236 1688 382 1724 σεων
405 1673 700 1742 ἀδιαιρέτῳ
731 1672 1021 1740 ὁμολογίαν
1060 1675 1151 1726 ἐπὶ
1186 1673 1279 1726 τοῦ
1319 1673 1524 1745 Κυρίου
1558 1674 1824 1738 σέϐοντες.

239 1765 376 1829 περὶ
402 1763 503 1833 τὴν
548 1764 744 1835 ἑτέραν
792 1764 1061 1831 διαφωνοῦ
1074 1782 1171 1834 μεν
1206 1764 1337 1835 ὑμῖν
1381 1764 1704 1833 ἐξαγγελίαν
1731 1766 1825 1819 τοῦ

236 1855 541 1924 δόγματος,
584 1856 753 1927 ἡγουν
781 1854 878 1925 τὴν
911 1856 1182 1924 λέγουσαν
1214 1856 1342 1927 μίαν
1359 1856 1537 1925 ,φύσιν
1565 1857 1659 1911 τοῦ
1690 1859 1824 1912 Θεοῦ

233 1947 416 2017 Λόγου
482 1950 946 2019 σεσαρκωμένην,
1003 1950 1097 2002 καὶ
1149 1947 1222 2019 μὴ
1277 1949 1477 2019 μᾶλλον
1533 1950 1687 2020 ὑμῶν
1733 1952 1827 2004 καὶ

232 2042 398 2113 τήνδε
434 2042 866 2112 ἀσμενιζόμεθα,
904 2041 1072 2106 ὅντως
1118 2042 1184 2095 ἂν
1233 2041 1415 2105 καλῶς
1456 2042 1828 2096 διεστέλλεσθε

235 2135 375 2203 παρ’
402 2136 434 2202 ἡ
445 2133 562 2199 μῶν
586 2148 600 2161 ·
629 2135 676 2185 εἰ
700 2132 754 2186 δὲ
785 2132 881 2185 καὶ
906 2133 1110 2203 ταύτην
1138 2132 1212 2197 ὡς
1241 2132 1338 2204 τὴν
1362 2131 1532 2203 αὐτὴν
1560 2132 1617 2185 δὲ
1648 2132 1826 2202 πάντη

237 2221 410 2279 οὖσαν
461 2228 528 2295 τῇ
586 2225 747 2295 ἑτέρᾳ
790 2224 1289 2294 συναποδεχόμεθα,
1336 2223 1455 2287 πῶς
1512 2224 1738 2293 ἁςέντες
1769 2226 1829 2278 τδ

236 2316 561 2388 ἀνακρίνειν
598 2315 729 2369 αὐτὸ
772 2314 956 2383 τοῦτο,
996 2315 1046 2369 εί
1102 2315 1320 2387 ἀληθῶς
1362 2316 1559 2370 ταυτόν
1602 2317 1717 2369 ἐστι
1762 2319 1828 2389 τῇ

236 2402 473 2477 δυνάμει
505 2407 567 2460 τὸ
589 2406 779 2473 λέγειν
817 2407 948 2477 μίαν
975 2406 1135 2476 φύσιν
1164 2403 1259 2460 τοῦ
1293 2405 1428 2459 Θεοῦ
1470 2408 1829 2478 σεσαρκωμέ-

238 2518 376 2572 νην,
434 2501 533 2553 καὶ
580 2496 743 2553 δυάδα
791 2499 1007 2568 φύσεων
1050 2496 1287 2570 Χριστοῦ
1349 2492 1474 2553 καθ⁴
1532 2498 1831 2554 ὑπόστασιν

243 2590 382 2660 μίαν
408 2590 716 2660 ἡνωμένην,
746 2586 825 2660 τῷ
863 2589 936 2660 μὴ
986 2590 1078 2643 ἐπὶ
1125 2590 1234 2643 τῶν
1273 2589 1454 2644 αὐτῶν
1494 2591 1690 2656 λέξεων
1719 2595 1829 2655 τοῖς

241 2680 496 2749 Πατράσι
529 2682 791 2752 κειμένην
826 2682 983 2751 τήνδε
1036 2681 1135 2753 τὴν
1184 2680 1416 2746 ἔννοιαν,
1449 2684 1832 2753 παραιτεῖσθαί

244 2787 389 2839 φατε
428 2771 528 2842 τὴν
568 2769 827 2840 τοιαύτην
872 2769 1192 2843 ὁμολογίανς
1246 2772 1407 2839 εἴπερ
1440 2774 1551 2845 γὰρ
1592 2775 1667 2844 μὴ
1716 2777 1832 2828 ἔστι

242 2860 345 2916 καὶ
370 2862 433 2913 ὲκ
460 2860 807 2933 παραλλήλου
832 2879 884 2915 τι
908 2862 967 2917 τὸ
989 2863 1120 2917 αὐτὸ
1141 2858 1322 2934 λέγειν
1338 2867 1395 2918 ὲν
1422 2864 1518 2937 τῷ,
1535 2864 1829 2918 Ἀκούσατε

241 2957 635 3021 ταῦτα,πάντα
670 2958 739 3011 τὰ
771 2956 922 3029 ἔθνη,
947 2960 1297 3024 ἐνωτίσασθε,
1331 2962 1532 3024 πάντες
1561 2961 1609 3014 οί
1644 2978 1829 3015 κατοι-

244 3048 474 3113 κοῦντες
488 3051 591 3121 τὴν
609 3050 958 3122 οἰκουμένην,
974 3052 1281 3121 λεγέτωσαν
1303 3055 1436 3122 ἡμῖν
1455 3053 1508 3106 τί
1530 3052 1591 3106 τὸ
1611 3053 1832 3109 ἀκούειν

1926 573 2151 635 tionem,
2182 573 2381 627 nullibi
2415 572 2558 642 apud
2575 572 2772 627 “Patres
2799 570 2946 626 clare
2975 570 3315 625 enuntiatam
3349 570 3506 623 inve-

1924 667 2125 726 nimus,
2153 665 2359 720 scilicet
2396 664 2531 719 duas
2554 672 2780 717 naturas
2811 678 2931 731 qua:
2978 671 3159 717 tamen
3188 660 3502 732 disjungerc

1922 765 2135 825 queunt
2160 756 2212 809 in
2242 756 2486 811 Christo.

1992 848 2061 903 Et
2093 863 2247 915 sane,
2281 862 2314 901 ο
2345 863 2462 909 vos,
2489 855 2671 901 vester
2706 845 2817 898 dux
2853 858 3077 900 severos
3109 844 3328 909 clamat,
3357 844 3503 913 quod

1924 950 2239 995 sanctorum
2283 940 2503 994 Patrum
2542 936 2812 1008 plerique,
2864 951 2969 991 nec
3016 935 3284 991 conviciis
3318 935 3504 1005 digne.

1926 1024 2156 1083 duarum
2188 1036 2511 1082 naturarum
2534 1026 2778 1081 dictione
2810 1025 2894 1079 usi
2927 1025 3071 1089 sint;
3101 1023 3379 1093 quomodo
3404 1023 3510 1094 igi-

1928 1131 2016 1176 tur
2035 1121 2375 1177 contrarium
2410 1134 2510 1174 vos
2540 1118 2819 1189 objicitis?
2848 1117 2955 1173 Sed
2995 1117 3175 1187 reipsa
3204 1116 3507 1171 secundum

1927 1213 2139 1268 dictum
2182 1228 2212 1266 a
2254 1210 2529 1282 Sapientia
2576 1230 2588 1265 :
2641 1232 2657 1262 ι
2686 1210 3017 1265 Oeeasiones
3076 1208 3277 1279 quaerit
3346 1207 3509 1261 homo

1927 1306 2022 1376 qui
2058 1302 2177 1360 vult
2209 1304 2467 1360 recedere
2496 1303 2565 1358 ab
2603 1302 2782 1357 amico
2801 1304 2841 1356 ⁸.
2883 1322 2900 1353 ι
2940 1300 3076 1356 Cum
3103 1301 3240 1354 nihil
3267 1299 3507 1354 validum

1927 1407 2297 1453 autsermone
2345 1396 2573 1467 dignum
2630 1406 2726 1449 aut
2768 1404 3085 1449 accuratum
3141 1394 3307 1447 habet
3356 1393 3513 1446 vobis

1928 1498 2159 1547 conatus
2205 1489 2547 1545 diversitatis
2591 1489 2810 1544 anobis
2867 1487 2990 1553 iste,
3039 1496 3166 1557 apte
3206 1496 3262 1541 et
3293 1486 3512 1540 diverso

1930 1580 2093 1635 modo
2113 1595 2236 1635 cum
2266 1577 2763 1635 Deoinstabimus.
2806 1579 2993 1634 I'rimo
3039 1578 3260 1647 quidem
3292 1578 3336 1631 si
3382 1592 3515 1631 con-

1930 1671 2225 1727 fessionem
2282 1671 2625 1742 duplicitatis
2661 1682 2873 1726 natura:
2917 1670 3272 1724 indivisibilis
3311 1670 3377 1723 de
3405 1670 3512 1723 Do-

1933 1764 2081 1818 mino
2108 1764 2197 1835 pic
2227 1766 2555 1835 cogitantes,
2589 1764 2734 1819 circa
2761 1764 3030 1834 reliquam
3062 1780 3091 1818 a
3117 1763 3276 1818 vobis
3304 1762 3516 1817 dissen-

1932 1855 2101 1910 timus
2154 1856 2555 1926 expositionem
2602 1856 2875 1926 dOgtnatis
2920 1871 3115 1926 nempe
3163 1870 3286 1925 qum
3350 1869 3511 1908 unam

1929 1946 2028 2001 Dei
2064 1947 2231 2002 Verbi
2261 1948 2399 2003 dicit
2423 1957 2676 2003 naturam
2712 1949 3073 2009 incarnatam,
3116 1957 3169 2003 et
3204 1964 3312 2002 non
3340 1947 3515 2018 magis

1928 2054 2095 2109 quam
2145 2055 2241 2094 vos
2284 2048 2340 2095 et
2378 2040 2524 2094 illam
2580 2042 2817 2111 benigne
2864 2041 3281 2110 amplectimur,
3337 2040 3514 2109 reipsa

1931 2130 2073 2185 bene
2109 2146 2136 2185 a
2180 2124 2342 2185 nobis
2370 2131 2728 2202 elongamini.
2766 2130 2822 2185 Si
2852 2146 2981 2186 vero
3035 2141 3091 2185 et
3134 2132 3279 2186 illam
3339 2129 3513 2200 ipsam

1934 2230 2189 2291 tanquam
2211 2222 2461 2277 eamdem
2486 2223 2713 2277 omnino
2735 2223 3089 2279 exsistentcm
3108 2239 3269 2292 quam
3288 2224 3513 2277 alteram

1931 2313 2215 2368 vobiscum
2264 2313 2643 2379 admittimus,
2698 2315 2977 2385 quomodo
3030 2315 3163 2370 illud
3194 2316 3516 2370 discernere

1933 2405 2294 2476 negligentes,
2352 2408 2397 2459 si
2430 2421 2555 2461 vere
2606 2406 2750 2460 idem
2786 2417 2868 2461 est
2902 2407 3101 2463 virtute
3133 2406 3320 2461 dicere
3351 2422 3516 2461 unam

1932 2505 2184 2551 naturam
2209 2497 2305 2553 Dei
2324 2497 2487 2552 Verbi
2512 2498 2850 2553 incarnatam
2872 2506 2925 2553 et
2956 2508 3280 2552 naturarum
3304 2498 3511 2555 Christi

1932 2589 2312 2659 duplicitatem
2353 2590 2657 2645 secundum
2713 2591 3049 2662 hypostasim
3091 2607 3253 2645 unam
3309 2591 3520 2644 aduna-

1935 2687 2064 2743 tam,
2113 2694 2178 2734 eo
2226 2682 2372 2750 quod
2406 2680 2587 2735 verbis
2649 2681 2844 2735 iisdem
2896 2696 3003 2735 non
3063 2681 3416 2737 inveniamus
3459 2682 3515 2735 in

1932 2773 2185 2828 Patribus
2216 2775 2543 2843 explicatam
2598 2775 2904 2838 notionem,
2939 2775 3239 2845 quomodo,
3271 2776 3518 2845 inquam,

1936 2861 2287 2932 rejicicndam
2339 2855 2525 2917 dicitis
2554 2862 2715 2916 talem
2749 2862 3201 2918 confessionem?
3235 2863 3288 2918 Si
3337 2873 3518 2919 tamen

1934 2968 2045 3006 non
2068 2952 2643 3022 licetparallelismum
2666 2954 2721 3007 in
2754 2953 3033 3023 loquendo
3061 2953 3248 3009 dicere
3275 2972 3287 3006 :
3314 2954 3519 3009 Audite

1936 3048 2073 3107 ha'c,
2102 3062 2293 3102 omnes
2326 3058 2537 3118 gentes,
2581 3048 2809 3104 auribus
2855 3050 3123 3120 percipite
3179 3066 3370 3106 omnes
3424 3052 3517 3121 qui

238 3141 400 3212 παρὰ
428 3138 489 3195 τὸ
517 3140 889 3206 ὲνωτίζεσθαι,
922 3143 1015 3196 καὶ
1052 3146 1180 3197 ποτα
1239 3145 1309 3197 τὰ
1356 3144 1505 3214 ἔθνη,
1546 3147 1674 3199 ποῖα
1705 3145 1762 3198 δὲ
1787 3148 1828 3199 οΙ

1944 3138 2206 3194 habitatis
2251 3139 2465 3205 orbem.
2509 3141 2698 3197 dicant
2729 3141 2890 3197 nobis
2925 3142 3056 3211 quid
3076 3143 3267 3197 audire
3296 3152 3352 3198 et
3385 3145 3517 3213 quid

238 3233 631 3297 κατοικοῦντες
679 3232 780 3304 τὴν
824 3234 1193 3304 οἱκουμὲνην;
1227 3237 1291 3288 Εἰ
1328 3234 1385 3288 δὲ
1417 3236 1510 3289 καὶ
1540 3236 1632 3290 τοῦ
1666 3237 1831 3290 αὐτοῦ

230 3326 400 3389 ὂντας
435 3324 861 3396 σημαινομένου,
894 3326 972 3396 τῷ
1007 3326 1081 3397 μὴ
1106 3326 1385 3393 αὑτο).εξε“ι
1410 3327 1496 3381 διὰ
1527 3328 1635 3382 τῶν
1660 3330 1832 3383 Πατέ-

244 3433 362 3486 ρων
390 3416 645 3486 εἰρῆσθαι
670 3416 767 3488 τὴν
798 3418 887 3471 διὰ
916 3417 1013 3487 τῆς
1042 3414 1228 3481 δυάδος
1307 3417 1598 3487 ὁμολογίαν
1637 3437 1837 3491 παραι-

240 3503 489 3565 τοῦνται,
528 3506 693 3576 εἴπερ
719 3506 889 3569 ὅντως
932 3504 1141 3559 σκῶλον
1188 3505 1490 3572 ἀξιόλογον,
1534 3506 1631 3559 καὶ
1671 3523 1835 3559 σκαν-

238 3594 413 3647 δάλου
461 3595 634 3648 αἴτιόν
681 3597 796 3649 ἐστι
836 3594 896 3649 τὸ
932 3594 1112 3662 λέγειν
1147 3594 1345 3667 εὐσεϐῆ
1398 3595 1631 3660 ἔννοιαν,
1667 3597 1834 3666 χωρὶς

240 3685 349 3753 τῆς
376 3686 470 3737 ἐπὶ
500 3684 698 3750 λέξεως
726 3686 899 3756 αὐτῆς
945 3702 1109 3739 τινων
1154 3688 1623 3759 προεγνωσμένων
1658 3687 1833 3741 Πατέ-

246 3794 363 3848 ρων
386 3778 631 3831 εὐσεϐῶν
662 3778 1002 3849 συμφωνίας,
1036 3780 1251 3851 πρῶτον
1281 3779 1379 3851 μὲν
1407 3780 1580 3844 οὐδεὶς
1605 3780 1831 3851 Περσῶν

241 3868 277 3940 ἦ
317 3869 610 3939 Ῥωμαίων
639 3871 671 3941 ἢ
698 3872 965 3941 Φράγγων
990 3870 1022 3942 ἦ
1052 3872 1229 3925 Ἰνδῶν
1253 3871 1377 3926 οὔτε
1406 3875 1689 3943 προφήτην
1713 3873 1834 3927 οὐδὲ

242 3963 338 4013 τὸν
387 3961 590 4032 Κύριον
639 3961 803 4014 αὐτὸν
842 3959 1159 4027 ἀποδέξεται
1213 3962 1283 4017 τὰ
1332 3964 1529 4035 εὐσεῦἧ
1586 3964 1833 4035 δόγματα

241 4052 658 4122 διαλεγόμενον,
686 4052 809 4105 ἐπεὶ
844 4054 904 4105 ού
948 4055 1186 4121 γνωσταὶ
1226 4054 1411 4118 αὐτοῖς
1447 4056 1834 4127 προϋπάρχουο

247 4161 334 4195 σιν
360 4146 418 4195 at
461 4144 635 4208 λέξεις
661 4145 718 4197 αἱ
764 4143 892 4214 παρ’
936 4140 1116 4197 αὐτῶν
1165 4144 1345 4208 ίδικῶς
1394 4145 1707 4216 λεγόμεναι,
1738 4148 1832 4200 ἐὰν

255 4239 333 4308 μὴ
363 4238 434 4289 δι’
463 4235 665 4310 ἑτέρων
707 4235 890 4299 αὐτοῖς
941 4236 1317 4307 ὲρμηνευθῶσι
1362 4236 1559 4302 λέξεων
1604 4238 1832 4292 ἀλλοίων

247 4347 310 4382 τε
360 4329 555 4397 φωνῶν
608 4329 705 4381 καὶ
760 4328 1021 4382 ποικίλων
1074 4328 1489 4401 περιφράσεων·
1545 4324 1720 4394 ἄλλως
1772 4330 1833 4384 δὲ

244 4420 370 4473 οῦδὲ
417 4418 659 4488 Ἑϐραῖοι
720 4420 1131 4490 πεισθήσονται,
1185 4423 1268 4475 ὅτι
1314 4418 1483 4485 ὅντως
1538 4419 1702 4476 εἰκὼν
1735 4421 1828 4475 τοῦ

1934 3230 2165 3284 auribus
2181 3231 2469 3302 percipere
2488 3248 2502 3297 ;
2521 3232 2653 3300 quid
2676 3240 2886 3302 gentes,
2908 3240 2963 3286 et
2988 3232 3121 3303 quid
3145 3234 3237 3302 qui
3265 3234 3517 3289 habitant

1931 3322 2158 3389 orbem?
2192 3321 2246 3376 Si
2273 3337 2405 3377 vero
2439 3332 2495 3376 et
2552 3322 2744 3377 eadem
2782 3339 2839 3378 re
2860 3325 3163 3382 exsistcnte
3212 3329 3514 3400 designata.

1934 3431 2000 3470 eo
2025 3414 2169 3485 quod
2204 3415 2271 3469 ad
2303 3415 2542 3470 litteram
2592 3432 2621 3470 a
2653 3416 2910 3471 Patribus
2945 3433 3052 3471 non
3086 3418 3229 3474 dicta
3262 3429 3345 3475 est
3384 3437 3521 3475 con-

1934 3507 2099 3562 fessio
2133 3517 2393 3571 renuunt,
2421 3507 2462 3562 si
2499 3518 2676 3563 tamen
2712 3508 2891 3579 reipsa
2916 3509 3309 3566 oﬂ‘cndiculum
3340 3523 3523 3568 atten-

1938 3596 2087 3651 tione
2131 3597 2358 3667 dignum
2413 3605 2468 3650 et
2505 3597 2749 3651 scandali
2796 3614 2963 3654 causa
3015 3608 3100 3655 est
3141 3601 3287 3671 piam
3332 3603 3521 3659 dicere

1933 3688 2217 3743 notionem
2302 3688 2510 3758 absque
2601 3689 2833 3759 loquelae
2910 3690 3083 3760 ipsius
3156 3695 3519 3762 quorumdam

1934 3780 2394 3850 praecognitorum
2456 3780 2675 3833 Patrum
2719 3781 2943 3849 piorum
3002 3781 3313 3845 harmonia,
3342 3785 3521 3852 primo

1936 3872 2158 3941 quidem
2217 3873 2508 3928 Persarum
2569 3883 2662 3927 aut
2708 3873 3115 3940 Romanorum,
3171 3885 3261 3928 aut
3304 3877 3518 3930 Phran-

1938 3978 2130 4035 gorum
2163 3962 2579 4033 (Francorum?)
2634 3970 2731 4015 aut
2772 3963 3056 4029 Indorum,
3097 3964 3214 4018 sive
3272 3964 3519 4033 prophe-

1937 4065 2093 4118 tam,
2164 4054 2277 4109 sive
2342 4054 2631 4108 Dominum
2700 4056 2881 4124 ipsum
2960 4056 3193 4124 recipiet
3263 4058 3349 4126 pia
3418 4058 3520 4112 do-

1935 4154 2114 4216 gmata
2169 4155 2566 4215 proponentcm
2612 4162 2734 4200 eum
2761 4145 2960 4214 ignota:
3011 4145 3144 4215 ipsis
3196 4148 3307 4201 sint
3356 4164 3521 4203 νοοίης

1935 4253 2057 4308 quae
2104 4237 2171 4291 ab
2198 4239 2280 4291 eis
2307 4238 2525 4307 proprie
2577 4238 2859 4302 dicuntur,
2902 4238 3009 4293 nisi
3055 4254 3154 4308 per
3204 4242 3338 4295 alias
3382 4242 3517 4311 ipsis

1937 4330 2373 4400 interpretentur
2404 4346 2565 4384 voces
2595 4338 2650 4384 et
2681 4330 2913 4385 aliorum
2952 4344 3211 4385 sonorum
3243 4341 3299 4385 et
3330 4334 3514 4387 diver-

1937 4438 2121 4478 sarum
2162 4422 2589 4493 periphrasium.
2629 4423 2802 4477 Aiiter
2832 4438 2935 4477 nec
2995 4420 3204 4478 llclmiei
3256 4425 3320 4479 ad
3357 4426 3516 4481 ﬁdem

244 4510 388 4565 Θεοῦ
418 4511 514 4566 καὶ
541 4510 829 4583 χαρακτὴρ
858 4513 952 4565 καὶ
999 4513 1339 4583 ἀπαύγασμα
1390 4515 1418 4566 ὁ
1450 4514 1621 4583 Λόγος
1667 4514 1828 4568 αὑτοῦ

1938 4514 2253 4577 devenient,
2294 4514 2417 4583 quia
2450 4515 2627 4583 reipsa
2675 4515 2853 4585 imago
2886 4517 2981 4570 Dei
3044 4526 3099 4570 et
3134 4516 3420 4573 character
3463 4531 3522 4575 et

246 4606 425 4669 ἐστιν,
456 4606 579 4656 ἐπεὶ
612 4605 688 4676 μὴ
718 4604 832 4657 ἐστι
884 4604 1045 4659 τοῦτο
1087 4606 1365 4673 αύτολεξεί
1402 4624 1504 4659 που
1535 4608 1592 4659 ἐν
1622 4609 1687 4677 τῇ
1720 4609 1831 4661 Πα-

246 4696 377 4766 λαιᾷ
405 4711 418 4723 °
450 4694 574 4748 οὗτε
611 4696 946 4767 Σαμαρεῖται
984 4699 1107 4768 περὶ
1142 4697 1375 4769 κρίσεώς
1411 4715 1463 4751 τι
1509 4698 1829 4763 καταδέξον-

246 4808 335 4844 ται
364 4790 693 4863 μελλούσης,
712 4793 835 4844 ἐπεὶ
862 4795 960 4845 οὐκ
989 4794 1181 4866 ἐλέχθη
1206 4794 1385 4866 ῥητῶς
1411 4793 1478 4847 τὰ
1504 4796 1632 4865 περὶ
1659 4794 1828 4865 αὐτῆς

246 4883 459 4952 Μωῦςῇ
492 4899 567 4950 πη
601 4898 615 4911 ·
649 4882 763 4935 ἀλλ’
799 4882 917 4934 οὐδὲ
950 4884 1156 4951 Ἀρειον.
1210 4885 1302 4935 καὶ
1351 4883 1606 4952 Εὑνόμιοι
1658 4883 1751 4936 καὶ
1780 4886 1827 4937 οἱ

244 4972 426 5024 λοιποὶ
456 4972 556 5041 τὴν
582 4971 675 5025 τοῦ
703 4973 991 5041 ὁμοουσίου
1024 4972 1055 5043 ἢ
1089 4974 1357 5027 συναῖδίου
1400 4974 1583 5043 φωνὴν
1612 4975 1705 5027 ἐπὶ
1732 4974 1827 5027 τοῦ

247 5062 471 5131 Πατρὸς
498 5064 591 5115 καὶ
629 5063 725 5115 τοῦ
758 5062 892 5116 Υἰοῦ
919 5064 1016 5116 καὶ
1062 5062 1156 5116 τοῦ
1196 5064 1349 5130 ἁγίου
1396 5064 1709 5133 Πνεύματος
1736 5067 1830 5119 ἀν-

243 5155 483 5219 έξονται,
515 5156 635 5207 ἐπεὶ
658 5156 799 5225 μήτε
825 5158 891 5224 τῇ
924 5156 1055 5226 ἁγίᾳ.
1086 5156 1275 5228 Γραφῇ
1319 5174 1392 5227 πη
1424 5158 1639 5227 εἴρηται
1669 5158 1825 5210 αὺτο-

241 5247 394 5313 λεξεὶ
422 5244 570 5312 τάδε,
604 5249 740 5317 μηδὲ
774 5249 887 5311 τοῖς
938 5247 1043 5316 πρὸ
1069 5247 1247 5301 αὐτῶν
1271 5249 1677 5317 Χριστιανικοῖς
1703 5266 1829 5315 συγ-

241 5340 565 5408 γράμμασι.

326 5433 472 5487 Ἀλλ’
498 5433 615 5487 οὐδὲ
637 5434 815 5505 αὐτὴν
840 5432 941 5502 τὴν
971 5432 1073 5487 ὑπὸ
1104 5434 1197 5488 τοῦ
1223 5434 1435 5505 Πατρός
1472 5436 1631 5506 ἡμῶν
1666 5436 1825 5488 Ἀθα-

240 5525 435 5580 νασίου
467 5525 644 5595 φωνὴν
672 5525 773 5577 ἐπί
820 5523 916 5577 τοῦ
969 5525 1169 5596 Κυρίου
1213 5526 1475 5595 λέγουσαν
1506 5527 1635 5597 μίαν
1663 5526 1825 5594 φύσιν

242 5617 342 5673 τώ
378 5616 503 5670 Θεοῦ
548 5619 725 5686 Λόγου
782 5618 1204 5686 σεταρχωιιένην
1260 5616 1704 5687 καταδεξόμεθα·
1765 5616 1823 5668 οὐ

316 5795 507 5855 ‘Prov.
542 5816 694 5863 nm,
742 5796 793 5850 1.

1938 4608 2196 4677 splendor
2220 4607 2457 4661 Verbum
2484 4607 2601 4676 ejus
2629 4618 2732 4670 est,
2765 4623 2890 4661 eum
2917 4623 3025 4663 non
3069 4610 3138 4663 sit
3162 4610 3296 4664 illud
3331 4612 3395 4663 ad
3424 4612 3518 4664 lit-

1939 4707 2109 4751 teram
2148 4713 2375 4765 usquam
2431 4697 2482 4749 in
2515 4696 2698 4751 Veteri
2736 4696 3107 4752 Testamento.
3142 4700 3253 4753 Nec
3278 4699 3519 4755 Samari-

1941 4789 2052 4843 tani
2086 4789 2154 4843 de
2193 4789 2402 4859 judicio
2451 4790 2635 4844 futuro
2677 4789 2978 4857 quidquam
3015 4790 3333 4853 admittant,
3389 4807 3516 4846 cum

1937 4896 2045 4934 non
2071 4880 2139 4934 ad
2168 4881 2405 4936 litteram
2451 4896 2677 4949 usquam
2708 4880 2763 4934 in
2800 4880 2981 4952 Moyse
3006 4881 3307 4951 quidquam
3346 4882 3412 4937 de
3449 4898 3517 4938 eo

1936 4970 2168 5040 legatur.
2209 4969 2313 5024 Sed
2344 4985 2442 5023 nec
2474 4966 2663 5024 Ariani
2721 4970 2806 5024 vel
2833 4970 3159 5025 Eunomiani
3208 4982 3262 5026 et
3316 4973 3516 5043 reliqui

1936 5078 2129 5117 vocem
2156 5064 2424 5118 omoousii
2449 5072 2541 5117 aut
2568 5064 3053 5120 eonsubstantialis
3078 5074 3133 5119 et
3157 5068 3413 5121 cmi-terni
3447 5068 3516 5125 de

1935 5154 2095 5209 Patre
2126 5166 2176 5209 et
2211 5155 2349 5209 Filio
2396 5166 2451 5209 et
2492 5155 2700 5225 Spiritu
2733 5166 2925 5211 sancto
2963 5158 3351 5223 sustinebunt,
3388 5175 3514 5216 eum

1934 5246 2127 5301 nullibi
2154 5247 2205 5299 in
2233 5256 2414 5301 sancta
2446 5245 2726 5316 Scriptura
2752 5247 2816 5302 ad
2844 5249 3076 5303 litteram
3099 5250 3215 5304 inec
3233 5250 3509 5319 dicantur,

1932 5355 2032 5393 nec
2063 5340 2114 5393 in
2150 5338 2479 5393 Christianis
2511 5339 2731 5408 scriptis
2768 5351 2893 5396 ante
2928 5343 3093 5410 ipsos.

2004 5430 2110 5485 Sed
2146 5445 2246 5484 nec
2277 5430 2447 5498 ipsam
2475 5430 2654 5483 Patris
2701 5432 2877 5485 nostri
2902 5432 3185 5489 Athanasii
3220 5452 3409 5491 vocem
3442 5438 3513 5493 de

1931 5522 2161 5577 Domino
2196 5522 2467 5577 dicentem
2505 5539 2667 5576 unam
2716 5522 2810 5578 Dei
2861 5524 3020 5580 Verbi
3049 5536 3299 5581 naturam
3335 5529 3512 5581 incar-

1934 5626 2113 5670 natam
2164 5613 2515 5669 admittmmts
2579 5634 2589 5667 :
2645 5629 2755 5669 non
2807 5615 2953 5669 enim
3004 5626 3170 5673 estet
3200 5619 3267 5674 ab
3298 5620 3378 5674 eis
3410 5622 3506 5689 qui
