4094 6334
628 350 760 417 1807

1893 354 2195 415 LEONTH
2241 354 2642 415 ΒΥΖΑΝΤΙΝΙ

3735 362 3868 431 1803

624 473 751 521 ante
782 463 937 520 illum
966 464 1193 520 luerunt
1217 463 1385 529 dicta,
1416 463 1546 518 licet
1575 472 1629 518 et
1656 463 1900 521 notionis
1922 465 2089 536 hujus
2121 468 2190 520 vis

2307 466 2410 536 γάρ
2436 466 2553 519 ἐστι
2586 466 2678 519 καὶ
2708 470 2817 529 τοῖς
2854 466 2959 537 πρὸ
2990 469 3157 522 αὑτοῦ
3200 468 3358 538 τυχὸν
3393 471 3679 544 εἰρημένη,
3705 475 3751 524 εἰ
3782 476 3869 526 καὶ

627 555 931 627 antiquitus
960 557 1121 612 vixin
1140 556 1392 612 confesso
1413 564 1559 611 esset
1593 576 1603 609 :
1639 556 1876 612 Verbum
1900 558 2045 612 enim
2072 573 2199 612 caro

628 646 831 701 factum
866 656 968 711 est,
999 645 1256 701 audimus
1283 661 1312 700 a
1351 645 1630 717 Theologo
1660 661 1675 700 :
1702 646 1849 716 quod
1892 655 2039 702 certe
2092 664 2197 702 una

625 748 821 793 natura
854 736 950 793 Dei
984 737 1150 793 Verbi
1184 737 1464 793 incarnata
1497 746 1600 803 est,
1641 753 1751 793 non
1783 738 2099 794 audivimus
2129 743 2199 795 ab

625 831 767 900 ipso,
807 828 905 884 sed
938 845 1007 884 ex
1041 829 1146 885 hoc
1207 830 1363 899 ipso:
1393 829 1632 885 Verbum
1682 844 1810 886 caro
1855 831 2062 886 iactum
2115 841 2199 886 est

626 919 1013 974 intelleximus.
1070 918 1408 989 Simpliciter
1434 927 1619 974 autem
1654 918 1701 974 si
1743 920 2060 974 nationibus
2085 922 2195 976 suis

624 1026 732 1064 non
758 1010 930 1081 magis
951 1010 1405 1080 obtemperamus
1419 1010 1667 1081 quolibet
1687 1010 1850 1066 modo
1865 1012 2194 1082 praedicatis,

623 1102 719 1157 sed
748 1102 1018 1157 dictiones
1048 1102 1354 1172 sequimur,
1382 1110 1546 1159 omne
1592 1102 1984 1159 documentum
2020 1103 2197 1173 primo

626 1194 1046 1262 pronuntiatum
1078 1194 1331 1263 quamvis
1360 1203 1572 1249 rectum
1605 1210 1836 1265 prorsus
1866 1195 1956 1259 sit,
1988 1197 2199 1250 novita-

625 1294 734 1338 tem
766 1284 1015 1340 redolere
1038 1283 1376 1355 judicabitur
1394 1282 1754 1341 etaudientes
1782 1284 2193 1341 scandalizabit.

622 1376 726 1431 Per
761 1376 1086 1431 recentioris
1114 1376 1717 1447 enim’compositionis
1758 1391 1923 1430 voces
1969 1392 2199 1446 prorsus

619 1470 882 1523 dicuntur
953 1468 1319 1539 praenuntiata
1381 1467 1749 1532 documenta,
1802 1469 1895 1523 ubi
1951 1484 2093 1538 swpe
2142 1479 2198 1523 ct

622 1559 772 1630 ipsos
801 1568 1003 1615 sanctae
1038 1558 1335 1629 Scriptura:
1380 1559 1446 1615 ad
1481 1559 1719 1615 litteram
1764 1560 2044 1629 expositos
2078 1568 2188 1615 tex-

620 1662 709 1707 tus
753 1668 851 1722 per
875 1651 1082 1722 ingenii
1114 1667 1349 1707 acumen
1377 1666 1545 1707 veros
1562 1665 1684 1706 csse
1712 1650 1991 1716 novimus,
2024 1659 2081 1704 et
2112 1664 2199 1705 se-

618 1742 861 1797 cundum
896 1743 1187 1814 allegorias
1232 1739 1527 1814 aliquando
1580 1750 1839 1812 tanquam
1902 1740 2197 1796 mendaces

2301 553 2400 622 τῆς
2424 555 2633 618 ἐννοίας
2658 555 2826 625 αὐτῆς
2846 550 2914 627 ἦν
2941 556 2972 627 ή
3001 556 3230 629 δύναμις
3260 559 3427 613 πάλαι
3452 560 3866 633 ὼμολογημένη·

2314 646 2371 699 '0
2394 646 2565 713 Άόγος
2586 646 2695 716 γάρ
2718 647 2857 718 σάρξ
2876 649 3112 717 ἐγένετο,
3133 652 3449 721 ἠκούσαμεν
3477 653 3541 703 ἐκ
3569 651 3663 705 τοῦ
3680 653 3871 708 Θεολό·

2300 752 2395 802 γου
2423 752 2439 782 -.
2469 735 2528 788 τὸ
2560 736 2741 805 μέντοι
2772 737 2901 805 μίαν
2941 738 3101 807 φύσιν
3149 739 3244 793 τοῦ
3267 739 3404 794 Θεοῦ
3448 742 3623 808 Λόγου
3678 759 3857 815 σεσαρ

2303 826 2560 897 κωμένην
2586 825 2747 892 εἶναι,
2780 832 2879 884 οὑκ
2900 831 3216 902 ἠκούσαμεν
3245 833 3342 887 σὺν
3372 835 3543 905 αὑτῷ,
3578 836 3694 890 ἀλλ’
3723 837 3871 910 ἐνοή-

2303 935 2476 989 σαμεν
2499 918 2557 985 ἐξ
2580 920 2746 974 αὑτοῦ
2775 921 2927 975 τοῦδε
2952 922 3067 988 τοῦ,
3100 943 3117 975 ι
3143 922 3203 978 '0
3224 926 3397 995 Λόγος
3417 927 3552 995 σάρξ
3578 928 3819 996 ἐγένετο·
3845 948 3864 983 ι

2301 1009 2495 1083 ἁπλῶς
2517 1009 2574 1064 δὲ
2601 1012 2650 1063 εί
2692 1013 2766 1083 μὴ
2793 1016 2912 1076 ταῖς
2958 1015 3185 1078 ἐννοίαις
3208 1017 3331 1079 ταῖς
3359 1016 3642 1071 εὐσεϐέσιν
3674 1019 3872 1089 μᾶλλον

2299 1101 2603 1171 πειθόμεθα
2634 1103 2882 1157 ὁπωσοῦν
2918 1104 3428 1176 ὲξαγγελλομέναις.
3476 1109 3612 1163 ἀλλὰ
3635 1111 3757 1173 ταῖς
3786 1110 3872 1164 λέ-

2301 1192 2445 1257 ξεσιν
2484 1194 2750 1263 ἑπόμεθα,
2793 1197 2942 1249 πᾶσα
2973 1196 3290 1252 διδασκαλία
3319 1200 3551 1267 πρώτως
3578 1200 3868 1272 λεγομένη,

2300 1282 2401 1338 κᾶν
2423 1284 2598 1355 ὀρθῶς
2623 1286 2797 1357 πάντη
2843 1286 2977 1357 ἔχοι,
3016 1293 3374 1359 καινοφωνείν
3405 1291 3754 1362 κριθήσεται,
3781 1292 3874 1345 καὶ

2302 1376 2646 1430 σκανδαλίσει
2692 1379 2821 1441 τοὺς
2872 1380 3179 1450 ἀκροατάς·
3236 1381 3323 1436 διὰ
3386 1384 3707 1455 καινοτέρας
3764 1383 3873 1454 γὰρ

2301 1467 2600 1531 συνθέσεως
2633 1467 2832 1536 λέξεων
2862 1471 3078 1535 πάντως
3117 1472 3332 1542 εἴρηται
3369 1473 3438 1527 τὰ
3481 1474 3770 1546 πρόσφατα
3794 1476 3872 1529 δι-

2298 1557 2569 1628 δάγματα,
2601 1560 2734 1613 ὅπου
2785 1578 2848 1629 γε
2900 1561 3159 1626 πολλάκις
3207 1564 3303 1618 καὶ
3347 1565 3516 1629 αὑτάς
3565 1565 3666 1635 τῆς
3714 1566 3874 1636 ἁγίας

2299 1650 2521 1721 Γραφῆς
2575 1652 2673 1717 τὰς
2716 1652 2897 1724 ῥητῶς
2937 1654 3264 1725 ἐγκειμένας
3304 1658 3549 1727 χρήσεις,
3591 1659 3682 1717 διὰ
3722 1678 3877 1732 περι-

2300 1742 2447 1805 νοίας
2490 1742 2831 1813 γινώσκομεν
2864 1744 3083 1815 ἀληθεῖς
3114 1742 3251 1799 εἶναι
3276 1763 3291 1777 ·
3331 1750 3425 1800 καὶ
3466 1748 3609 1801 κατά
3644 1748 3873 1819 ἀλληγο·

618 1832 1050 1889 consideramus.
1088 1831 1302 1903 Quippe
1346 1849 1360 1885 :
1391 1830 1741 1886 lntroducam
1766 1846 1866 1886 vos
1907 1830 1965 1885 in
1994 1839 2190 1885 terram

2305 1802 2569 1906 ρως-ἔσθ’
2601 1837 2713 1901 ὅτε,
2732 1802 2870 1891 ’ἐπεί
2890 1802 2973 1890 τοί
3005 1802 3172 1907 γενὼς
3200 1838 3415 1910 ψευδεῖς
3438 1802 3876 1915 θεωροῦμενί’τδ

618 1926 758 1980 lacte
802 1934 857 1979 et
887 1923 1046 1979 melle
1093 1931 1405 1979 manantem
1427 1963 1442 1989 ,
1475 1922 1546 1978 de
1582 1922 1759 1994 plagis
1786 1937 1818 1977 a
1856 1920 2093 1977 Iordane
2127 1920 2196 1977 ad

618 2015 953 2085 Euphratem
998 2007 1229 2079 dictum,
1289 2020 1668 2069 commentum
1717 2018 1865 2066 esset
1906 2009 2013 2065 nisi
2039 2008 2195 2080 adju-

622 2117 779 2162 vante
839 2105 1177 2178 imaginandi
1212 2104 1270 2161 vi
1298 2118 1656 2161 nosceremus
1712 2099 1861 2172 quod
1901 2099 2090 2155 herbis
2140 2106 2197 2153 ct

617 2200 820 2270 plantis
847 2200 1105 2255 fertiliter
1145 2196 1451 2257 abundaret
1486 2204 1670 2262 terra;
1709 2193 1805 2249 ubi
1851 2193 2024 2247 multa
2066 2205 2188 2261 pas-

617 2308 740 2357 cua,
782 2292 965 2346 multa:
997 2305 1129 2346 oves
1162 2297 1219 2346 et
1250 2290 1424 2346 altilia
1465 2295 1521 2347 et
1550 2302 1771 2360 greges;
1807 2286 1901 2341 ubi
1942 2285 2196 2340 animalia

619 2384 743 2449 ista,
773 2391 826 2438 et
856 2383 1017 2439 lactis
1070 2382 1264 2454 copia;
1324 2382 1579 2439 similiter
1607 2379 1703 2436 ubi
1752 2380 1953 2451 plantae
1984 2380 2191 2445 multae,

621 2476 871 2546 plurimae
928 2484 1057 2531 sunt
1098 2492 1130 2531 e
1177 2473 1827 2531 ﬂoribusmelliﬁcantes
1879 2487 2045 2541 apes;
2097 2472 2192 2527 ubi

619 2568 807 2637 plures
838 2568 945 2622 illa:
1014 2567 1084 2622 ab
1117 2567 1363 2638 ipsisque
1403 2566 1512 2622 mel
1540 2564 1856 2637 copiosum;
1887 2574 1942 2619 et
1972 2564 2193 2634 quando

617 2674 749 2729 ergo
788 2657 925 2714 dicit
959 2673 973 2711 :
1009 2676 1027 2711 ι
1065 2657 1124 2713 Si
1155 2658 1353 2713 oculus
1397 2664 1525 2712 tuus
1574 2654 1909 2711 scandalizat
1942 2662 2015 2718 te,
2064 2669 2192 2710 eum

618 2750 826 2822 projice
848 2750 943 2805 abs
970 2759 1021 2806 te
1038 2751 1085 2816 ",
1115 2770 1132 2803 ι
1167 2750 1396 2807 dictioni
1420 2747 1812 2820 cogitationive
1829 2746 1985 2819 prius
2009 2755 2192 2802 atten-

618 2841 882 2908 dendum,
920 2828 1192 2912 siquidem
1220 2841 1402 2895 littera
1431 2839 1652 2905 occidit,
1702 2839 1933 2909 spiritus
1950 2854 2081 2893 vero
2106 2838 2191 2892 vi-

616 2933 823 3000 viﬁcat,
848 2935 992 2991 sicut
1028 2949 1125 2989 vos
1160 2932 1503 3003 respondetis
1530 2931 1709 2986 nobis.

690 3113 796 3168 Sed
839 3112 1047 3183 pariter
1090 3112 1160 3167 ad
1192 3110 1297 3167 hoc
1338 3110 1597 3167 diceretis
1630 3129 1642 3165 :
1674 3109 1817 3178 Quid
1850 3124 2001 3181 ergo,
2037 3108 2190 3179 pium

615 3206 832 3276 signum
859 3204 1095 3260 habente
1124 3202 1303 3273 prima
1353 3218 1487 3258 voce
1533 3202 1835 3258 secundum
1864 3216 1962 3257 vos
1990 3215 2188 3255 novam

614 3293 891 3363 eliingitis,
922 3292 1028 3346 nisi
1068 3291 1195 3362 quia
1243 3290 1376 3360 quid
1406 3290 1798 3345 machinamini
1846 3288 2055 3344 notioni
2092 3302 2190 3357 op-

615 3384 855 3454 positum
880 3383 903 3437 ?
932 3383 1084 3437 Licet
1113 3382 1262 3437 enim
1287 3389 1344 3437 ct
1370 3380 1437 3436 ad
1470 3396 1566 3435 vos
1603 3379 1798 3435 merito
1840 3379 2014 3435 licere
2041 3377 2186 3449 quod

615 3491 848 3545 quarum
909 3490 1108 3529 vocum
1154 3489 1289 3529 usus
1341 3472 1523 3537 idem,
1592 3473 1787 3527 harum
1849 3470 2188 3526 abundantia

617 3583 757 3623 vana
783 3585 813 3633 ;.
853 3568 952 3646 sed
996 3566 1455 3622 considerandum
1503 3564 1779 3634 quomodo
1813 3563 2005 3619 eadem
2037 3572 2090 3619 et
2120 3564 2187 3620 iis

614 3659 710 3729 qui
758 3658 1018 3713 emittunt
1068 3658 1233 3712 aliam
1264 3656 1560 3713 dictionem
1609 3658 1678 3712 ab
1724 3656 1881 3711 initio
1905 3666 1963 3711 et
2003 3656 2073 3713 iis
2092 3658 2185 3727 qui

614 3768 835 3809 onmem
882 3753 1047 3807 talem
1078 3751 1222 3822 piam
1253 3749 1655 3805 confessionem
1702 3750 1759 3802 in
1789 3748 1960 3803 dubio
2003 3759 2185 3804 erunt.

614 3848 860 3916 Namque
890 3846 933 3900 si
972 3843 1119 3899 idem
1140 3852 1225 3899 est
1260 3860 1273 3897 :
1311 3842 1555 3899 Verbum
1590 3856 1718 3896 caro
1748 3840 1954 3894 factum
1979 3849 2084 3907 est,
2132 3850 2189 3895 et

616 3940 799 3993 dicere
832 3951 997 3989 unam
1031 3945 1281 3989 naturam
1325 3934 1421 3987 Dei
1464 3932 1632 3988 Verbi
1684 3932 2045 3996 incarnatam,
2088 3946 2188 3985 cur

615 4034 706 4088 illa
734 4031 891 4085 nobis
914 4027 1228 4085 introducta
1248 4025 1499 4081 est?Cur
1526 4024 1572 4080 si
1604 4024 1749 4078 idem
1779 4031 1865 4079 est
1891 4042 1904 4077 :
1942 4042 1959 4075 ι
1996 4022 2111 4093 Ego
2131 4031 2188 4077 et

616 4129 775 4182 Pater
797 4138 967 4179 unum
1001 4138 1191 4179 sumus
1212 4123 1263 4187 ’,,
1298 4138 1315 4173 ο
1354 4118 1602 4175 additum
1633 4126 1717 4173 est
1739 4126 1794 4171 et
1826 4115 2187 4172 consubstan-

616 4220 745 4275 tiale
772 4219 840 4274 de
890 4219 1050 4274 Patre
1094 4226 1150 4271 et
1178 4214 1357 4271 Filio?
1389 4213 1446 4269 Si
1478 4214 1642 4267 etiam
1665 4221 1889 4281 propter
1920 4209 2183 4279 quosdam

616 4313 753 4368 duas
783 4321 1006 4366 naturas
1026 4310 1095 4363 ‘in
1123 4308 1344 4363 Christo
1374 4306 1622 4359 dicentes
1643 4344 1657 4368 ,
1721 4302 1940 4371 propria
1974 4300 2183 4355 haben-

614 4419 723 4462 tem
782 4414 1078 4473 utrumque
1128 4416 1237 4454 non
1293 4398 1469 4453 solum
1519 4394 1821 4451 secundum
1877 4408 2184 4448 sermonem

2302 1928 2433 1998 γάρ,
2470 1926 2684 1993 Είσάξω
2715 1929 2857 2000 ὑμᾶς
2888 1930 2965 1993 είς
3000 1930 3102 2001 γῆν
3152 1933 3380 2002 ῥέουσαν
3431 1932 3574 2000 γάλα
3605 1935 3699 1989 καὶ
3734 1937 3873 2006 μέλι,

2302 2022 2430 2090 περὶ
2479 2019 2581 2089 τῆς
2636 2019 2745 2073 άπὸ
2787 2019 3055 2091 Ἰορδάνου
3113 2022 3306 2094 μέχρις
3359 2023 3646 2095 Εὐφράτου
3694 2028 3875 2098 χώρας

2301 2111 2611 2181 εἰρημένον,
2638 2111 2833 2181 ψευδὲς
2868 2111 2933 2166 ἂν
2980 2113 3085 2184 εἴη,
3118 2116 3166 2167 εί
3199 2114 3277 2186 μὴ
3307 2113 3393 2168 διά
3428 2116 3705 2187 περινοίας
3733 2118 3875 2183 γνῶ·-

2304 2219 2404 2271 μεν
2426 2204 2507 2256 ὅτι
2534 2202 2840 2273 πολύφυτος
2866 2204 2961 2257 καὶ
2989 2203 3297 2277 βοτανώδης
3320 2208 3351 2277 ή
3380 2207 3454 2277 γῆ
3478 2224 3491 2239 ·
3523 2200 3584 2261 οῦ
3606 2208 3662 2262 δὲ
3686 2208 3877 2263 πολλαὶ

2301 2292 2515 2363 βοσκαὶ,
2553 2296 2724 2349 πολλά
2771 2297 2940 2367 κτήνη
2996 2298 3089 2352 καὶ
3136 2296 3429 2369 θρέμματα
3479 2300 3575 2353 καὶ
3611 2303 3871 2372 ποῖμναι·

2298 2379 2358 2439 οῦ
2385 2384 2441 2437 δὲ
2482 2384 2596 2449 ζῶα
2628 2385 2775 2451 τάδε,
2836 2387 2930 2441 καὶ
2962 2386 3233 2455 γάλακτος
3278 2389 3536 2457 ἀφθονία·
3572 2391 3777 2461 ὁμοίως
3818 2408 3874 2444 τε

2299 2476 2434 2529 ὅπου
2470 2477 2662 2530 πολλαὶ
2712 2477 2956 2549 βοτάναι,
3011 2478 3261 2533 πλεῖσταί
3312 2481 3451 2533 εἰσιν
3496 2481 3553 2534 αί
3599 2481 3876 2549 άνθολόγοι

2303 2564 2575 2635 μέλιτται·
2603 2559 2664 2621 οὗ
2689 2566 2746 2621 δὲ
2773 2567 2991 2630 πλείους
3020 2563 3197 2635 αὗται,
3224 2567 3318 2621 καὶ
3345 2568 3407 2621 τὸ
3453 2570 3516 2622 ἐκ
3553 2569 3719 2623 τῶνδε
3756 2571 3875 2641 μέλι

2300 2655 2464 2710 πολύ·
2502 2657 2595 2710 καὶ
2638 2658 2724 2711 ὅτε
2764 2657 2855 2711 οῦν
2912 2659 3082 2727 λέγει·
3133 2679 3151 2711 ι
3192 2660 3321 2714 Ἐὰν
3367 2662 3395 2713 ό
3442 2659 3724 2731 ὀφθαλμός
3782 2677 3872 2715 σου

2299 2745 2627 2820 σκανδαλίζῃ
2656 2765 2737 2814 σε,
2768 2748 2963 2802 ἔκϐαλε
2992 2749 3153 2803 αὑτὸν
3188 2748 3296 2803 άπὸ
3338 2751 3457 2818 σοῦ,
3488 2769 3507 2803 ›
3542 2751 3618 2822 τῷ
3652 2752 3805 2823 ρητῷ
3840 2752 3872 2822 ἢ

2298 2843 2364 2911 τῇ
2396 2839 2607 2912 διανοίᾳ
2658 2842 2989 2911 προσεκτέον
3022 2840 3275 2913 πρώτως,
3330 2841 3487 2913 εἰπερ
3530 2842 3592 2895 τὸ
3639 2845 3873 2914 γράμμα

2297 2931 2633 2999 ἀποκτείνει,
2651 2932 2713 2986 τὸ
2740 2933 2797 2987 δὲ
2830 2931 3047 3002 πνεῦμα
3079 2932 3356 2999 ζωοποιεῖ,
3380 2926 3424 2986 ὦ
3447 2928 3615 3001 οῦτοι,
3647 2934 3878 3008 ἀποκρί-

2296 3024 2459 3078 νασθε
2488 3028 2641 3095 ἡμῖν.

2379 3115 2517 3169 Ἀλλ’
2576 3117 2706 3179 ίσως
2758 3116 2904 3188 πρὸς.
2936 3117 3063 3172 τάδε
3095 3118 3298 3172 εἷποιτε
3324 3130 3337 3145 ·
3380 3117 3445 3170 Τί
3472 3116 3567 3172 οῦν
3599 3116 3737 3181 ὅλως
3776 3115 3873 3187 τὴν

2294 3208 2491 3280 εὐσεδῆ
2524 3208 2797 3278 σημασίαν
2844 3208 3075 3280 ὲχοὺσης
3105 3212 3204 3280 τῆς
3248 3210 3470 3279 πρώτης
3511 3210 3715 3281 φωνῆς.
3752 3210 3874 3262 δευ-

2293 3301 2456 3372 τέραν
2491 3301 2649 3371 ὑμεῖς
2682 3304 3080 3372 καινουργείτε,
3112 3303 3160 3354 εί
3187 3302 3265 3371 μή
3290 3317 3343 3354 τι
3379 3303 3701 3374 σκαιωρεῖτε
3729 3299 3873 3355 κατὰ

2292 3391 2391 3461 τῆς
2419 3391 2661 3460 ὲννοίας;
2691 3390 2811 3459 ἐξὸν
2840 3392 2950 3463 γάρ
2990 3394 3164 3445 εἰπεῖν
3204 3394 3295 3445 καὶ
3332 3390 3468 3463 πρὸς
3508 3393 3648 3463 ὑμᾶς
3681 3389 3871 3444 εὑκαί-

2296 3502 2404 3556 ρως
2432 3485 2515 3539 ὅτι
2545 3477 2620 3539 ὧν
2649 3486 2684 3557 ή
2721 3485 2920 3556 χρῆσις
2950 3488 2982 3556 ή
3023 3484 3182 3556 αὑτὴ.
3231 3482 3436 3537 τούτων
3469 3486 3501 3554 ή
3552 3482 3872 3537 πολυτέλεια

2294 3570 2559 3646 περιττή·
2594 3573 2731 3630 ἀλλὰ
2783 3576 3043 3628 σκεπτέον
3086 3574 3162 3637 ὡς
3208 3573 3277 3628 τὰ
3313 3573 3452 3627 αὑτὰ
3490 3572 3584 3626 καὶ
3616 3574 3729 3635 τοῖς
3774 3571 3873 3639 τὴν

2295 3666 2488 3735 ἑτέραν
2525 3665 2708 3737 φωνὴν
2746 3664 2988 3737 ἀρχῆθεν
3031 3664 3513 3735 προϐαλλομένοις,
3556 3662 3651 3717 καὶ
3687 3663 3871 3715 πᾶσαν

2291 3755 2502 3808 τοιάνδε
2527 3755 2726 3826 εὐσεσῆ
2777 3756 3067 3825 ὁμολογίαν
3096 3754 3533 3826 ἀπορηθήσεται.
3566 3752 3631 3805 Τί
3662 3753 3772 3823 γὰρ
3804 3749 3871 3805 ἂν

2293 3847 2342 3899 εί
2365 3845 2559 3900 ταυτόν
2581 3846 2811 3918 ὲστιτῷ·
2840 3847 2899 3900 Ὀ
2924 3827 3129 3914 (λόγος
3156 3845 3291 3916 σὰρξ
3320 3843 3590 3913 Evt-ivero,»
3616 3841 3675 3896 τὸ
3688 3839 3872 3911 λέγειν

2296 3938 2423 4009 μίαν
2475 3940 2636 4007 φύσιν
2668 3938 2762 3992 τοῦ
2813 3938 2949 3992 Θεοῦ
2996 3939 3168 4007 Λόγου
3223 3936 3671 4006 σεσαρκωμένην,
3726 3934 3870 4000 αῦτη

2290 4030 2423 4098 ἡμῖν
2452 4028 2847 4099 ὲπεισυνέχθη;
2882 4029 2934 4082 τί
2973 4028 3029 4082 δὲ
3064 4030 3110 4081 εἰ
3156 4026 3350 4080 ταυτόν
3386 4026 3501 4077 ἔστι
3533 4024 3630 4095 τῷ·
3678 4042 3696 4075 ι
3721 4020 3869 4090 Ἐγὼ

2294 4122 2388 4177 καὶ⁵
2407 4122 2434 4173 ὁ
2457 4122 2647 4193 Πατὴρ
2672 4122 2730 4175 ἓν
2768 4125 2958 4192 ἐσμεν,
2996 4139 3013 4172 ι
3049 4119 3438 4190 προσεφράσθη
3472 4118 3566 4172 καὶ
3588 4117 3648 4171 τὸ
3674 4115 3871 4187 όμοοὺ-

2294 4232 2405 4269 σιον
2431 4213 2523 4268 τοῦ
2550 4214 2759 4285 Πατρδς
2787 4213 2923 4284 πρὸς
2948 4211 3037 4264 τὸν
3060 4210 3219 4275 Υίόν;
3254 4211 3299 4262 εί
3322 4210 3377 4262 δὲ
3404 4209 3575 4272 οὑτως
3596 4208 3684 4262 διά
3713 4224 3869 4269 τινας

2291 4307 2384 4361 δύο
2417 4306 2606 4375 φύσεις
2630 4305 2888 4374 λέγοντας
2924 4300 3180 4375 Χριστοῦ,
3222 4302 3367 4363 ἰδίως
3407 4300 3638 4369 ἔχουσαν
3676 4299 3870 4353 ἑκατέ-

2294 4416 2395 4470 ραν
2433 4398 2493 4451 οὑ
2553 4397 2712 4467 μόνον
2768 4394 3096 4462 κατὰλόγον
3143 4393 3395 4463 φυσικὸν,
3424 4391 3558 4446 ἀλλὰ
3591 4393 3685 4447 καὶ
3725 4391 3870 4446 κατὰ

614 4498 924 4570 physicum,
965 4492 1060 4549 sed
1095 4501 1149 4546 et
1203 4489 1507 4545 secundum
1541 4487 1898 4557 hypostaseos
1941 4485 2183 4539 existen-

2297 4490 2387 4559 τὴν
2425 4486 2660 4558 ὕπαρξιν
2706 4487 2874 4557 αὑτὴν
2926 4484 3027 4553 τῆς
3074 4484 3449 4548 ὑποστάσεως,
3489 4485 3658 4555 ἦγουν
3686 4485 3780 4538 τόν
3810 4500 3867 4536 τε

616 4592 746 4645 tiam
781 4587 993 4643 scilicet
1029 4595 1084 4640 et
1105 4583 1343 4639 Verbum
1368 4590 1423 4635 et
1454 4594 1677 4635 carnem
1711 4577 1950 4639 Domini,
1987 4584 2041 4631 et
2074 4591 2182 4629 non

615 4679 795 4749 ipsum
825 4677 1063 4734 Verbum
1099 4689 1319 4730 carnem
1355 4671 1715 4740 assumpsisse
1755 4668 2184 4739 dogmatizantes

614 4772 792 4824 inuna
810 4768 1110 4825 secundum
1145 4764 1477 4837 hypostasim
1498 4762 1851 4827 adunatione,
1874 4759 2184 4814 necessario

614 4863 862 4933 oportuit
890 4860 1075 4915 dicere
1112 4858 1331 4913 unicam
1374 4854 1466 4910 Dei
1499 4853 1665 4908 Verbi
1711 4861 1967 4906 naturam
2008 4850 2184 4904 incar-

614 4964 820 5020 natam,
851 4962 912 5008 ut
940 4959 995 5006 ct
1028 4948 1366 5022 signiﬁcetur
1397 4956 1717 5001 naturarum
1744 4943 2040 5013 duplicitas
2089 4956 2185 5011 per

617 5047 669 5101 id
706 5045 852 5116 quod
880 5044 1106 5107 dicitur,
1142 5041 1423 5094 incarnata
1446 5046 1639 5091 natura
1670 5036 1829 5105 quasi
1859 5035 1926 5089 ad
1958 5033 2184 5104 aliquid.

618 5152 852 5207 namque
878 5134 945 5189 ad
970 5134 1350 5188 incarnantem
1385 5127 1609 5183 dicitur.
1635 5127 1703 5182 Et
1728 5126 2081 5196 perspicuum
2105 5133 2188 5178 est

616 5230 763 5300 quod
794 5244 901 5283 non
937 5227 990 5280 in
1022 5223 1254 5280 monade
1285 5238 1375 5277 res
1398 5221 1464 5276 ad
1511 5218 1719 5289 aliquid
1750 5228 1909 5283 sunt;
1937 5227 1996 5271 ut
2020 5216 2184 5271 etiam

618 5324 770 5377 locus
800 5318 981 5389 impiis
1026 5333 1135 5372 non
1185 5316 1348 5370 datus
1393 5313 1466 5368 sit
1509 5321 1734 5383 propter
1784 5311 1982 5365 lemma
2038 5311 2189 5365 vocis

618 5416 852 5469 duarum
878 5420 1203 5465 naturarum
1221 5406 1472 5462 dividere
1495 5403 1838 5476 hypostasim
1873 5402 2112 5467 unicam,
2135 5402 2189 5456 in

618 5502 1066 5576 imprudentibus
1112 5500 1307 5555 eodem
1352 5496 1578 5552 nomine
1618 5494 1921 5566 signiﬁcata
1973 5507 2189 5547 natura.

2293 4581 2463 4647 Λόγον
2500 4579 2593 4633 καὶ
2618 4577 2716 4649 τὴν
2754 4579 2931 4647 σάρκα
2956 4574 3051 4629 τοῦ
3075 4576 3303 4645 Κυρίου,
3336 4576 3427 4628 καὶ
3450 4574 3551 4628 οὐκ
3582 4574 3747 4627 αὑτὸν
3778 4573 3870 4629 τὸν

2293 4670 2463 4739 Λόγον
2496 4669 2877 4741 σεσαρκῶσθαι
2903 4668 3326 4737 δογματίζοντας
3378 4669 3437 4720 ὲν
3480 4668 3579 4737 μιᾷ
3622 4668 3689 4736 τῇ
3743 4665 3868 4719 καθ’

2294 4762 2587 4814 ὑπόστασιν
2635 4759 2846 4824 ὲνὼσει,
2908 4759 3219 4827 ἀναγκαίως
3265 4758 3453 4826 ἐδέησε
3507 4757 3687 4826 λέγειν
3740 4757 3870 4827 μίαν

2294 4853 2455 4923 φύσιν
2490 4850 2584 4905 τοῦ
2637 4850 2773 4904 Θεοῦ
2804 4851 2981 4917 Λόγου
3020 4850 3466 4919 σεσαρκωμένην,
3515 4848 3599 4901 ἵνα
3637 4848 3731 4901 καὶ
3774 4864 3872 4916 ση-

2296 4945 2557 5015 μαίνηται
2595 4943 2656 4997 τὸ
2694 4942 2870 4995 διττὸν
2907 4941 3014 4996 τῶν
3046 4940 3260 5008 φύσεων
3311 4941 3396 4992 διὰ
3428 4939 3522 4992 τοῦ
3553 4940 3628 5002 ὡς
3655 4940 3792 5009 πρός
3819 4955 3869 4990 τι

2291 5035 2546 5103 λέγεσθαι
2575 5035 2673 5106 τὴν
2736 5034 3164 5101 σεσαρκωμένην
3208 5031 3393 5099 φύσιν·
3446 5030 3581 5101 πρὸς
3633 5030 3743 5101 γὰρ
3772 5028 3873 5100 τὴν

2296 5126 2662 5199 σαρκώσασαν
2688 5126 2938 5194 εἴρηται·
2974 5125 3067 5176 καὶ
3117 5122 3274 5192 δῆλόν
3326 5126 3495 5187 ἔστιν,
3539 5123 3614 5187 ὡς
3664 5122 3766 5175 οὑκ
3814 5122 3872 5173 ὲν

2294 5215 2481 5287 μονάδι
2509 5215 2576 5267 τὰ
2602 5216 2738 5286 πρός
2762 5214 2815 5266 τί
2849 5215 2984 5277 ἐστι,
3019 5211 3171 5283 χώρα
3206 5229 3267 5263 τε
3302 5214 3415 5274 τοῖς
3443 5209 3763 5264 δυσσεϐοῦσι
3799 5209 3872 5280 μὴ

2290 5308 2416 5377 δοθῇ
2445 5308 2534 5361 διὰ
2572 5306 2666 5359 τοῦ
2695 5306 2985 5377 λήμματος
3015 5302 3116 5373 τῆς
3155 5303 3263 5357 τῶν
3308 5302 3403 5355 δύο
3446 5302 3663 5370 φύσεων
3686 5306 3873 5371 φωνῆς

2291 5400 2533 5470 δικάζειν
2563 5399 2743 5451 αὑτῶν
2778 5398 2875 5468 τὴν
2908 5398 3036 5466 μίαν
3069 5397 3393 5461 ὑπόστασιν,
3432 5397 3491 5448 ὲν
3524 5396 3638 5458 τοῖς
3669 5398 3871 5464 ἀπερι-

2296 5491 2556 5553 σκέπτοις
2586 5486 2987 5559 όμωνυμούσης
3019 5486 3116 5555 τῆς
3168 5483 3412 5553 φύσεως·
3471 5483 3564 5535 καὶ
3610 5481 3874 5543 πολλάκις

616 5597 684 5653 iit
710 5609 849 5664 saepe
880 5594 1004 5648 loco
1021 5591 1273 5647 essentia:
1295 5600 1349 5646 et
1372 5589 1493 5643 loco
1511 5586 1814 5659 personalis
1838 5586 2190 5658 hypostascos

2297 5584 2416 5637 ἀντὶ
2446 5583 2633 5645 οὐσίας
2667 5581 2761 5635 καὶ
2815 5580 2939 5633 ἀντὶ
2991 5580 3351 5651 προσωπικῆς
3408 5577 3465 5630 δὲ
3517 5576 3874 5639 ὑποστάσεως

691 5770 707 5800 '
735 5767 921 5823 Matth.
954 5783 1007 5834 v,
1038 5766 1126 5822 29.
1205 5765 1224 5797 ⁸
1252 5763 1410 5819 Joan.
1443 5777 1499 5828 Χ,
1538 5758 1623 5814 50,
