4094 6334
239 368 366 434 tuae

1401 377 1695 438 CONTRA
1741 375 1897 437 ΜοΝ
1903 375 2168 439 OPHYSI
2181 381 2225 441 Τ
2231 381 2339 440 AS.

3359 373 3494 438 ιδιθ

231 487 551 559 λεγομένης,
609 489 732 543 δέον
780 490 889 562 ἀρα
921 493 1012 545 καὶ
1054 492 1142 546 διᾶ
1189 493 1249 546 τὸ
1293 493 1626 564 καινοτέρως
1656 493 1819 547 πάλιν

1944 493 2103 560 Ιίοιεε,
2139 503 2378 564 Oportet.
2418 503 2475 549 et
2503 495 2574 548 ob
2604 493 2657 548 id
2690 493 2835 562 quod
2887 491 3164 546 recentius
3204 490 3406 544 iterum
3442 499 3496 545 et

232 579 324 632 καὶ
352 578 659 644 ἀντιθέτως
700 581 1078 653 ἀσεϐήσαντάς
1114 600 1265 646 τινας
1312 584 1442 654 μίαν
1474 584 1634 653 φύσιν
1670 583 1813 636 κατὰ

233 670 442 742 τροπὴν
475 670 510 741 ἢ
546 671 817 743 σύγχυσιν
854 675 1155 745 γενομένην
1203 675 1298 728 τοῦ
1329 676 1501 744 Λόγου
1531 675 1630 745 τὴν
1662 677 1815 729 ἐναν-

237 760 522 833 ορώπησιν
582 763 981 835 δογματίζειν,
1045 767 1446 839 καινουργῆσαι
1510 769 1604 821 καὶ
1666 768 1814 838 ἡμᾶς

235 853 443 907 τοιάνδε
476 855 685 927 φωνὴν,
738 857 865 928 ἥτις
914 859 1005 913 τόν
1049 876 1108 912 τε
1143 859 1282 931 πρὸς
1324 861 1451 924 τοὺς
1497 859 1817 932 εἰρημένους

235 945 548 1015 αἰρετικοὺς
583 949 846 1013 ἐναντίως
871 947 1061 1020 ἔχοντα
1117 951 1341 1016 σκοπὸν,
1389 950 1578 1022 ὥσπερ
1607 945 1700 1004 οὖν
1725 950 1820 1004 καὶ

237 1039 270 1106 ὴ
299 1038 402 1107 μία
428 1037 595 1106 φύσις
625 1040 722 1094 τοῦ
753 1039 884 1094 Θεοῦ
914 1042 1090 1118 ᾼόγου
1118 1043 1513 1114 σεσαρκωμὲνη
1536 1042 1816 1111 φυλάττει,

238 1129 334 1183 καὶ
360 1131 472 1184 ἀπὸ
491 1131 602 1185 τῶν
626 1131 856 1204 ὕστερον
878 1135 1230 1204 άναφυέντων
1255 1133 1559 1198 κακοδόξων
1578 1133 1821 1188 διαστέλ-

235 1221 414 1288 λεται,
444 1223 586 1294 ὅπερ
611 1224 713 1277 οὑκ
743 1219 890 1296 εἶχεν
928 1228 960 1297 ή
988 1225 1180 1296 πρώτη
1218 1225 1428 1295 σαφῶς,
1461 1227 1556 1280 καὶ
1595 1225 1690 1282 δύο
1721 1221 1824 1295 φύ-

241 1329 361 1376 σεις
389 1314 486 1368 τοῦ
515 1315 637 1379 ἑνὸς
659 1316 901 1387 Χριστοῦ
931 1317 1218 1388 ήνωμένας
1248 1317 1390 1372 κατὰ
1421 1317 1522 1386 τὴν
1563 1317 1692 1387 μίαν
1725 1317 1822 1371 αὑ-

236 1403 338 1457 τοῦ
366 1405 672 1462 ὑπόστασιν
715 1410 998 1479 διασαφεῖν
1019 1425 1032 1438 ·
1058 1410 1086 1463 ὃ
1115 1409 1226 1480 γὰρ
1260 1411 1292 1480 ἡ
1325 1408 1517 1482 πρώτη
1559 1409 1711 1480 φωνὴ
1739 1408 1829 1463 διὰ

238 1497 339 1551 τοῦ
367 1499 613 1568 εἰσάγειν
662 1502 1082 1577 σεσαρκωμένον
1131 1520 1184 1556 τι
1235 1503 1327 1558 καί
1383 1501 1620 1572 σαρκοῦν
1652 1502 1828 1571 ἔλεγε,

239 1589 407 1642 τοῦτο
442 1591 582 1661 αῦτη
637 1593 800 1663 μόνον
857 1593 946 1647 διὰ
994 1596 1094 1664 τῆς
1142 1594 1333 1658 δυάδος
1390 1593 1579 1663 λέγει·
1609 1593 1638 1646 ὃ
1670 1593 1728 1646 δὲ
1771 1593 1830 1647 ἒν

242 1671 391 1728 εἶναι
447 1677 632 1748 ἐκείνη
685 1679 775 1734 διὰ
822 1680 924 1750 τῆς
976 1682 1206 1752 μονάδος
1235 1684 1509 1754 παριστᾷν
1558 1683 1829 1752 βούλεται,

242 1767 409 1821 τοῦτο
455 1768 595 1840 αῦτη
645 1771 732 1826 διὰ
785 1773 884 1842 τῆς
917 1774 1036 1838 ἑνὸς
1084 1774 1321 1846 Χριστοῦ
1369 1775 1495 1830 καθ’
1532 1775 1834 1830 ὑπόστασιν

1916 601 2014 653 per
2048 585 2367 641 antitlicsim
2402 585 2567 656 impie
2601 584 2867 655 degentes
2885 583 3106 654 quidam
3141 597 3304 636 unam
3335 589 3497 634 natu-

1916 691 2056 739 ram,
2102 677 2256 747 juxta
2310 677 2674 732 mutationem
2713 682 2812 729 aut
2840 672 3244 736 confusionem,
3298 670 3497 725 factam

1916 767 2082 823 Verbi
2137 767 2618 837 enanthropesim,
2670 765 3080 836 dogmatizant,
3134 770 3372 834 Oportet,
3415 761 3501 814 in.

1918 874 2108 930 quam,
2143 874 2341 914 novam
2366 858 2626 930 eﬂingere
2649 873 2751 914 nos
2780 872 2972 912 vocem
2993 856 3156 911 talem
3183 870 3306 924 qua:
3335 854 3499 908 ﬁnem

1919 951 2230 1020 oppositum
2258 951 2325 1006 ad
2355 950 2532 1006 dictos
2572 950 2897 1013 haereticos,
2922 949 3064 1004 sicut
3092 955 3149 1002 et
3174 963 3280 1001 una
3304 954 3499 1000 natura

1922 1043 2020 1097 Dei
2051 1042 2219 1097 Verbi
2239 1042 2544 1106 incarnata,
2577 1051 2780 1108 servat,
2797 1051 2901 1096 eta
2928 1038 3244 1094 novissimis
3272 1020 3500 1092 nasdcn-

1925 1131 2074 1186 tibus
2098 1133 2242 1187 male
2267 1131 2622 1186 credentibus
2659 1130 2992 1186 secernitur.
3023 1129 3207 1184 Prima
3247 1142 3352 1182 vox
3385 1125 3502 1181 eii-

1928 1228 2043 1276 tum
2076 1223 2225 1277 hunc
2249 1223 2396 1278 clare
2428 1238 2539 1278 non
2570 1223 2786 1289 habuit,
2817 1231 2876 1277 ct
2909 1222 3046 1276 duas
3077 1229 3301 1275 naturas
3343 1218 3508 1273 unius

1925 1307 2129 1364 Christi
2183 1310 2449 1365 adunatas
2503 1310 2814 1366 secundum
2863 1312 3082 1366 unicam
3143 1310 3285 1364 hanc
3337 1309 3509 1378 ipsius

1927 1399 2267 1470 hypostasim
2307 1400 2683 1456 manifestare.
2711 1401 2867 1468 Quod
2897 1402 3045 1456 enim
3071 1401 3248 1470 prima
3287 1415 3387 1454 rex
3424 1399 3510 1452 in-

1931 1493 2275 1550 troducendo
2300 1495 2416 1549 hme
2444 1495 2786 1549 inearnatum
2809 1493 3018 1564 aliquid
3052 1505 3106 1548 et
3133 1493 3510 1547 incarnantem

1932 1585 2169 1652 dicebat,
2203 1586 2336 1641 illud
2365 1596 2574 1642 tantum
2613 1603 2714 1657 per
2741 1587 3118 1657 duplicitatem
3149 1585 3318 1639 altera
3343 1584 3510 1639 dicit:

1933 1677 2080 1747 quod
2111 1686 2494 1733 autemunum
2529 1694 2651 1734 esse
2699 1678 2790 1732 illa
2820 1694 2919 1746 per
2966 1677 3255 1731 monadem
3305 1677 3513 1731 consti-

1937 1778 2090 1824 tuere
2143 1769 2401 1835 intendit,
2446 1770 2583 1824 illud
2633 1785 2732 1840 per
2763 1771 2932 1824 unius
2963 1769 3168 1824 Christi
3210 1769 3515 1832 secundum

247 1857 503 1948 ἑνώσεως
555 1837 851 1931 ότμολογεῖί
901 1865 1087 1936 ἐκείνη
1127 1837 1225 1936 μὲν
1279 1865 1409 1948 γάρ,
1437 1865 1830 1938 παρεσιώπησε

1944 1858 2271 1929 hypostasim
2295 1837 2683 1914 adunationem
2713 1860 2885 1914 altera
2907 1859 3224 1914 confitetur.
3257 1859 3353 1914 Illa
3368 1859 3516 1913 enim

244 1946 354 2016 τὴν
381 1946 578 2003 ῑνωσιν
624 1951 717 2003 καὶ
746 1950 851 2020 τὴν
897 1952 1123 2024 ὁλότητα
1177 1956 1285 2008 τῶν
1311 1946 1626 2026 ήνὼμένων,
1662 1958 1829 2026 ἤγουν

250 2036 514 2107 Χριστὸν,
547 2041 877 2111 ἀρκεσθεῖσα
903 2045 970 2116 τῇ
999 2043 1098 2114 τῆς
1133 2044 1361 2114 μονάδος
1385 2047 1478 2099 καὶ
1508 2047 1830 2118 συμπλοκῆς

246 2127 457 2198 εννοέᾳ,
491 2127 567 2190 ὡς
595 2131 796 2203 ἐχούσῃ
817 2133 982 2198 δεῖξιν
1009 2134 1102 2187 τοῦ
1127 2152 1186 2188 τε
1216 2136 1405 2190 διπλοῦ
1434 2137 1543 2192 τῶν
1578 2138 1828 2208 συμπλα-

247 2217 463 2273 κέντων
486 2221 579 2275 καὶ
610 2222 813 2276 ἑνιαίου
855 2224 951 2278 τοῦ
985 2226 1432 2298 συμπλέγματος,
1467 2228 1562 2282 ἅτε
1601 2228 1654 2283 δὲ
1690 2225 1830 2283 εἴναι

251 2311 359 2379 μὲν
379 2311 476 2366 δύο
494 2313 562 2366 τὰ
589 2316 930 2386 συγκείμενά
954 2334 1088 2388 φησι
1111 2336 1125 2350 ο
1150 2318 1274 2372 οὔτε
1295 2319 1354 2372 δὲ
1379 2320 1524 2383 ἰδίως
1546 2320 1830 2391 ὀνομάζειν

247 2403 324 2456 τὰ
357 2403 499 2476 μέρη
554 2405 712 2476 τῆσδε
768 2408 866 2476 τῆς
899 2408 1154 2477 ὁλότητος
1203 2411 1442 2466 σύνοιδεν
1493 2414 1550 2466 ὲν
1602 2413 1680 2483 τῷ
1732 2413 1831 2482 τῆς

250 2495 509 2561 ὲνώσεως
535 2497 697 2570 λόγῳ,
737 2499 861 2553 οὔτε
899 2503 1058 2573 σιγᾷν
1086 2502 1188 2573 τὴν
1224 2504 1350 2574 μίαν
1388 2504 1686 2560 ὑπόστασιν
1715 2507 1831 2560 risi-

254 2585 438 2648 ὒεται,
465 2585 590 2640 οῦτε
628 2590 996 2660 παρατρέχειν
1031 2591 1126 2662 τὴν
1160 2592 1353 2646 ἕνωσιν
1387 2597 1678 2665 συγχωρεῖ,
1709 2595 1830 2650 οὔτε

257 2676 336 2747 μὴ
367 2677 655 2748 γνωρίζειν
684 2680 856 2734 ἀπασι
908 2681 1184 2750 βούλεται,
1220 2685 1365 2748 τίνος
1419 2685 1712 2758 προσώπου
1743 2705 1832 2757 γι-

254 2768 498 2824 νώσκειν
515 2765 680 2824 οὖσαν
706 2772 866 2840 τῆσδε
889 2773 991 2842 τῆς
1020 2775 1256 2845 φυσικῆς
1277 2775 1468 2840 δυάδος
1494 2775 1591 2847 τὴν
1615 2778 1830 2846 ἕνωσιν,

258 2865 357 2950 καὶΖ
382 2863 484 2933 τὴν
513 2864 878 2937 ὑποστατικὴν
915 2866 1137 2937 μονάδα,
1177 2867 1234 2921 ἓν
1273 2869 1396 2922 κατ’
1437 2869 1642 2939 ἀμφοῖν
1679 2869 1832 2926 Θεῖσα

257 2952 320 3004 τὺ
347 2951 544 3021 ὄνομα.

334 3046 481 3115 ’Δρα
510 3041 604 3100 οὖν
636 3046 757 3100 ἐπεὶ
790 3047 886 3102 καὶ
914 3049 1128 3120 Ι’Λρειος
1187 3048 1313 3119 μίαν
1353 3049 1515 3121 φύσιν
1556 3051 1650 3106 τοῦ
1699 3052 1832 3106 Θεοῦ

260 3137 358 3191 καὶ
386 3136 566 3207 Λόγου
614 3139 1040 3211 σεσαρκωμένην
1089 3142 1246 3210 φησὶ,
1274 3141 1628 3213 ’βουλόμενος
1663 3143 1834 3211 δεῖξαι

261 3228 336 3291 ὡς
363 3230 432 3283 οὑ
457 3229 633 3301 πάντη
658 3233 758 3301 τῆς
781 3230 874 3287 τοῦ
906 3232 1118 3304 Πατρδς
1153 3233 1387 3302 φυσικῆς
1435 3235 1703 3306 άτρεψίας
1729 3235 1846 3290 ἐστί

261 3318 360 3372 καὶ
412 3319 443 3372 ό
482 3321 655 3385 Υἰόςο
707 3323 804 3376 καὶ
864 3322 1240 3394 Ἀπολινάριος
1310 3324 1410 3394 τὴν
1467 3325 1640 3397 αὐτὴν
1693 3325 1844 3395 λέγει

263 3409 702 3481 ἀπαραλλάκτως
731 3412 935 3484 φωνὴν,
968 3414 1090 3468 ἀντὶ
1117 3413 1211 3468 νοῦ
1244 3414 1476 3484 ψυχικοῦ
1526 3417 1846 3488 βουλόμενος

267 3497 408 3555 εἶναι
432 3503 488 3555 ἐν
524 3502 606 3574 τῷ
634 3503 899 3574 Κυριακῷ
930 3504 1201 3577 ἀνθρώπῳ
1226 3507 1317 3560 τὸν
1345 3507 1538 3573 Λόγον,
1584 3508 1752 3576 ἤγουν
1777 3512 1844 3580 τῇ

264 3592 583 3665 ψυχωθείσῃ
611 3596 774 3666 σαρκὶ
801 3595 994 3663 αὑτοῦ,
1023 3597 1218 3667 ἀλόγου
1247 3597 1462 3667 φύσεώς
1488 3615 1632 3661 τινος
1661 3600 1848 3670 ἑτερο-

266 3686 442 3751 φυοῦς
467 3689 603 3757 ἡμῖν
630 3689 976 3758 παριστάνων
1005 3685 1142 3746 εἶναι
1181 3692 1280 3761 τὴν
1320 3693 1384 3744 ὲκ
1414 3692 1510 3762 τῆς
1537 3693 1850 3763 οἰκονομίας

267 3781 616 3850 εὐεργεσίαν.
649 3781 894 3853 Εὑτυχὴς
922 3781 978 3836 δὲ
1009 3783 1068 3836 τὸ
1102 3783 1232 3836 αὑτὸ
1261 3783 1648 3854 ἀπαρατρώτῳ
1669 3785 1845 3853 φωνῇ,

266 3871 390 3925 ἀλλ’
418 3873 540 3945 οὐχὶ
577 3873 758 3945 ἐννοίᾳ
799 3875 960 3944 φησί·
991 3873 1066 3937 ὡς
1099 3873 1206 3946 γὰρ
1239 3874 1334 3928 τοῦ
1368 3875 1541 3941 Λόγου
1578 3875 1743 3930 αὑτοῦ
1769 3875 1848 3939 εἰς

269 3965 455 4033 σάρκα
484 3965 969 4034 μετουσιωθὲντος,
987 3967 1082 4020 καί⁸
1103 3967 1255 4021 οὐδὲν
1275 3966 1489 4038 ἔχοντος
1508 3969 1641 4038 ἡμῖν
1664 3968 1849 4038 όμοού-

269 4072 390 4108 σιον
419 4057 512 4109 τοῦ
540 4055 749 4125 Κυρίου
776 4056 923 4125 λέγει
951 4058 1014 4110 τὸ
1044 4057 1174 4126 μίαν
1207 4058 1367 4126 φύσιν
1397 4058 1490 4126 τοῦ
1523 4058 1658 4112 Θεοῦ
1675 4060 1846 4128 Λόγου

270 4149 728 4220 σεσαρκωμένην,
768 4149 952 4214 καθὼς
983 4150 1286 4223 Γρηγόριος
1323 4153 1350 4205 ό
1389 4151 1654 4220 Θεολόγος
1684 4153 1741 4204 ὲν
1771 4151 1848 4221 τῷ

271 4239 412 4307 πρὸς
461 4239 761 4308 Κληδόνιόν
793 4256 926 4309 φησι
961 4241 1092 4311 περὶ
1126 4241 1332 4295 τούτων
1375 4241 1555 4295 αὐτῶν
1581 4256 1597 4276 ο
1640 4242 1720 4294 ὅτι
1751 4241 1850 4303 τὰς

270 4329 377 4397 μὲν
405 4331 650 4394 εὐσεῦεῖς
679 4331 853 4397 λέξεις
878 4331 1196 4402 ὁμολογοῦσι
1228 4332 1355 4403 περί
1388 4331 1456 4395 ἃς
1481 4333 1571 4386 τὸν
1603 4331 1727 4386 νοῦν
1750 4349 1850 4385 κα-

265 4420 574 4492 κουργοῦσι
594 4438 610 4452 ο
642 4422 741 4475 καὶ
779 4422 918 4490 μετά
944 4422 1149 4492 βραχέα
1177 4423 1358 4485 πάλιν,
1388 4423 1574 4493 ἐπειδὴ
1601 4424 1657 4476 αἰ
1689 4423 1851 4477 αὑταὶ

1935 1949 2161 2018 quidem
2202 1951 2376 2006 tacuit
2421 1951 2813 2006 adunationem
2846 1959 2903 2005 et
2932 1951 3300 2005 adunatorum
3336 1951 3520 2005 totali-

1938 2047 2125 2103 tatem,
2179 2041 2390 2096 scilicet
2439 2041 2742 2107 Christum,
2795 2041 3132 2098 sufﬁcienter
3169 2041 3422 2098 monadis
3465 2053 3520 2097 et

1937 2133 2299 2187 eonnexionis
2351 2132 2576 2187 notione
2628 2132 3019 2187 iudicationem
3071 2131 3320 2201 prmbcns
3363 2134 3516 2202 quasi

1937 2223 2350 2279 demonstrante
2383 2232 2496 2278 tum
2547 2239 2919 2279 eonnexorum
2966 2223 3366 2294 duplicitatcm,
3404 2231 3517 2276 tum

1937 2315 2374 2386 singularitatem
2439 2317 2900 2387 compositionis,
2956 2333 3079 2386 qua:
3135 2317 3358 2386 quidem
3397 2332 3520 2372 esse

1938 2406 2048 2461 duo
2095 2408 2345 2477 conjecta
2376 2408 2515 2462 dicit
2549 2426 2562 2461 :
2592 2424 2695 2464 nec
2737 2424 2870 2463 vero
2910 2407 3325 2478 particulariter
3356 2408 3522 2478 hujus

1941 2498 2229 2553 totalitatis
2269 2507 2456 2568 partes
2495 2515 2694 2554 vocare
2725 2500 2900 2566 novit,
2941 2515 3046 2554 nec
3093 2507 3271 2554 tacere
3303 2499 3522 2554 unicam

1938 2588 2272 2660 hypostasim
2311 2590 2578 2654 creditur,
2610 2606 2713 2645 nec
2740 2590 3094 2661 prmtcrgredi
3125 2589 3518 2646 adunationem

1939 2680 2091 2745 sinit,
2127 2697 2231 2736 nec
2256 2683 2516 2737 omnibus
2544 2698 2656 2736 non
2699 2682 2992 2738 ostendere
3030 2682 3170 2745 vult,
3207 2684 3366 2755 cujus
3400 2701 3532 2755 per-

1940 2787 2087 2828 sonae
2107 2773 2464 2829 exsistentem
2494 2788 2827 2844 cognoscere
2854 2775 3019 2845 hujus
3050 2776 3322 2831 naturalis
3345 2777 3497 2847 dupli
3523 2813 3536 2821 -

1939 2865 2122 2920 citatis
2179 2865 2572 2922 adunationem
2623 2877 2680 2922 et
2744 2867 3144 2938 hypostaticam
3210 2869 3533 2933 monadem,

1941 2972 2113 3012 unum
2137 2957 2427 3012 amborum
2454 2965 2705 3014 statuens
2733 2973 2960 3014 nomen.

2012 3049 2162 3121 Ergo
2198 3065 2324 3106 cum
2347 3059 2404 3106 et
2425 3049 2593 3107 Arius
2616 3051 2835 3107 unicam
2861 3052 2958 3107 Dei
2989 3059 3047 3108 et
3068 3053 3236 3108 Verbi
3268 3063 3521 3108 naturam

1945 3143 2286 3198 inearnatam
2316 3143 2476 3210 dicit,
2513 3144 2810 3200 ostendere
2853 3146 3068 3210 volens,
3108 3146 3259 3217 quod
3286 3162 3392 3201 non
3427 3164 3522 3218 pe-

1949 3233 2100 3288 nitus
2143 3235 2324 3289 Patris
2354 3235 2620 3290 naturalis
2648 3235 3116 3292 immutabilit‘atis
3148 3247 3232 3292 est
3265 3248 3321 3292 et
3352 3238 3526 3292 Filius

1949 3334 2006 3380 et
2051 3325 2425 3396 Apollinarius
2473 3327 2667 3382 eadem
2734 3327 2910 3382 utitur
2952 3327 3161 3396 absque
3211 3328 3525 3383 ditl‘erentia

1951 3433 2108 3483 voce,
2135 3419 2259 3474 loco
2291 3419 2494 3474 mentis
2536 3418 2847 3489 spiritualis
2876 3433 2998 3473 esse
3029 3419 3215 3474 volens
3240 3420 3526 3475 Dominico

1954 3509 2010 3564 in
2056 3509 2280 3565 homine
2318 3508 2583 3576 Verbum,
2630 3509 2844 3565 ςοίἰίεοι
2890 3508 2947 3563 in
3006 3508 3281 3579 spirituali
3329 3510 3526 3565 cti‘ecta

1953 3615 2119 3657 carne
2171 3601 2316 3670 ejus,
2366 3600 2705 3655 irrationalis
2760 3611 2972 3655 naturae
3029 3596 3318 3672 cujusdam
3365 3602 3527 3656 nobis

1953 3692 2205 3762 praebens
2233 3707 2356 3747 esse
2387 3691 2831 3748 benevolentiam
2854 3708 2923 3746 ex
2960 3693 3378 3761 incarnatione;
3414 3695 3526 3748 Eu-

1956 3782 2144 3854 tyehes
2168 3798 2301 3838 vero
2325 3783 2538 3839 idem...
2559 3783 2943 3855 ἀπαρατρὼτῳ
2978 3800 3134 3851 voce,
3163 3784 3259 3839 sed
3285 3802 3396 3838 non
3431 3802 3528 3840 no-

1958 3875 2105 3929 tione
2133 3874 2272 3929 dicit
2298 3891 2311 3928 :
2342 3874 2415 3928 ita
2460 3875 2607 3929 enim
2637 3875 2815 3930 Verbo
2846 3875 2964 3945 ipso
2991 3875 3046 3929 in
3072 3891 3298 3930 carnem
3353 3885 3528 3930 trans-

1955 3966 2324 4021 substantiato
2353 3974 2409 4020 et
2432 3966 2568 4020 nihil
2600 3966 2838 4021 habente
2876 3966 3022 4035 quod
3062 3967 3224 4022 nobis
3285 3969 3514 4021 consul»

1956 4057 2214 4112 stantiale
2262 4057 2335 4113 sit
2387 4057 2640 4120 Domino,
2665 4056 2798 4110 dicit
2861 4057 3078 4110 unicam
3132 4066 3381 4112 naturam
3435 4059 3527 4112 Dei

1959 4150 2120 4205 Verbi
2171 4149 2532 4214 incarnatam,
2599 4150 2743 4203 sicut
2769 4147 3071 4218 Gregorius
3115 4149 3426 4219 ’l‘heologus
3472 4151 3527 4204 in

1958 4246 2192 4293 tractatu
2230 4237 2298 4292 ad
2335 4235 2662 4292 Cledonium
2711 4237 2890 4307 inquit
2932 4238 3000 4293 de
3043 4238 3197 4307 ipsis,
3235 4240 3362 4308 quia
3408 4241 3529 4308 pias

1955 4329 2178 4400 quidem
2197 4329 2468 4385 dictiones
2497 4329 2832 4385 conﬁtentur
2857 4330 2925 4384 ad
2948 4345 3086 4401 quas
3113 4340 3354 4386 mentem
3387 4332 3529 4387 male

1957 4432 2364 4494 contorquent,
2411 4432 2466 4479 et
2496 4425 2693 4478 iterum
2739 4425 2903 4494 paulo
2940 4427 3101 4489 inl‘ra,
3147 4425 3277 4480 dum
3321 4427 3528 4482 eaedem

263 4505 449 4574 λέξεις
502 4510 684 4574 καλῶς
749 4511 847 4582 μὲν
891 4510 1238 4582 ὲξηγηθεῖσαι
1292 4512 1353 4565 τὸ
1386 4511 1606 4577 εὐσεϐὲς
1642 4511 1837 4584 ἔχουσι,

1957 4513 2234 4569 dictiones
2267 4514 2408 4569 bene
2446 4514 2668 4583 quidem
2709 4516 2972 4586 exposita:
3024 4517 3127 4587 piae
3170 4527 3324 4583 sunt,
3387 4519 3531 4573 male

269 4600 465 4663 κακῶς
489 4601 546 4653 δὲ
567 4603 880 4672 νοοῦμεναι,
916 4602 976 4654 τὸ
999 4602 1252 4666 δυσσεϐὲς
1273 4601 1511 4673 ἔχουσιν.

341 4691 416 4746 υἰ
449 4691 558 4744 ἀπὸ
591 4691 883 4764 Νεπορίου
926 4693 982 4747 δὲ
1017 4694 1112 4748 καὶ⁵
1141 4687 1217 4749 ὧν
1251 4695 1360 4750 ἀπο
1413 4697 1731 4769 Νεστόριος,
1763 4697 1856 4751 δύο

274 4783 473 4852 φύσεις
499 4782 736 4853 Χριστοῦ
764 4785 1046 4855 ἡνωμένας
1070 4786 1390 4857 ἁδιαιρέτως
1430 4788 1671 4858 λέγουσι,
1730 4791 1852 4844 καθ’

270 4875 311 4929 ἃ.
346 4879 622 4948 μαρτυρεῖ
640 4878 696 4930 ὲν
735 4881 800 4948 τῇ
829 4879 964 4948 πρὸς
998 4880 1296 4933 Σούκενσον
1317 4881 1548 4952 δευτέρᾳ
1594 4882 1850 4953 ἐπιστολῇ

275 4965 550 5037 Κύριλλος
582 4969 611 5022 ό
633 4966 986 5032 διδάσκαλος·
1010 4969 1228 5039 λέγουσι
1249 4971 1306 5023 δὲ
1334 4974 1396 5024 τὸ
1418 4973 1728 5044 ἀδιαίρετον
1757 4977 1852 5028 καὶ

275 5059 376 5130 τὴν
399 5058 596 5114 ἕνωσιν
641 5062 737 5114 καὶ
769 5055 914 5115 οῦτοι
965 5063 1234 5126 ὑπούλως·
1267 5065 1326 5117 οὑ
1375 5065 1495 5118 καθ’
1557 5067 1855 5120 ὑπόστασιν

273 5152 414 5221 γὰρ,
449 5150 512 5204 οὑ
550 5151 692 5206 κατά
723 5154 822 5223 τὴν
877 5153 987 5206 τῶν
1013 5153 1228 5222 φύσεων
1277 5154 1455 5208 αὑτῶν
1512 5157 1852 5226 συμπλοκὴν,

271 5244 419 5297 ἀλλὰ
459 5246 527 5315 τῇ
575 5245 838 5318 ἰσοτιμίᾳ,
892 5249 959 5317 τῇ
1025 5246 1404 5318 ταυτοὸουλίᾳ,
1456 5251 1522 5319 τῇ
1578 5249 1855 5320 αὑΘεντίᾳ,

275 5334 526 5406 ἡνῶσθαι
549 5336 870 5407 ἀδιαιρέτως
894 5337 1012 5406 μὲν,
1045 5339 1306 5409 σχετικῶς
1365 5338 1421 5392 δὲ
1468 5341 1859 5410 ὁμολογοῦντες

273 5427 372 5480 τδν
398 5426 572 5494 Λόγον
594 5431 658 5497 τῇ
690 5428 854 5499 σαρκί
879 5446 892 5459 ·
926 5431 974 5481 εἰ
1006 5431 1099 5482 καὶ
1129 5430 1229 5493 τὰς
1260 5429 1455 5498 φύσεις
1512 5432 1684 5496 αὑτὰς
1714 5433 1854 5486 sint.

281 5518 391 5570 σῶν
443 5517 747 5587 προσώπων
775 5519 875 5581 τὰς
915 5519 1202 5589 ἡνωμένας
1229 5520 1369 5573 κατὰ
1399 5519 1626 5591 γνώμην
1673 5524 1854 5591 φασίν.

290 5610 619 5671 Ἀναγκαῖον
645 5609 911 5662 δέδεικται
947 5607 1104 5673 εἶναι,
1137 5609 1213 5672 ὡς
1259 5609 1433 5678 οἶμαι,
1475 5611 1547 5684 μὴ
1577 5616 1697 5676 ταῖς
1747 5633 1858 5680 φω-

281 5699 405 5757 ναῖς
438 5697 618 5760 ἀτελῶς
649 5698 1105 5766 προσέχειν,άλλ3ι
1139 5702 1250 5762 τοῖς
1278 5701 1452 5768 mima.
1469 5719 1511 5754 τι
1537 5721 1549 5731 ·
1583 5704 1674 5755 καὶ
1702 5706 1752 5756 εἴ
1783 5723 1858 5765 τις

282 5790 384 5856 μὶν
418 5789 872 5860 καινοτέρανξιοινή
914 5792 1043 5857 ἔστι,
1177 5790 1425 5843 ἆνὲκκθυ,
1458 5795 1508 5845 7.}
1548 5798 1638 5847 77.".
1676 5799 1728 5862 λίς
1766 5801 1827 5867 ὀρ

1957 4606 2230 4675 cogitatae,
2279 4605 2462 4675 impia:
2486 4613 2636 4661 sum.

2031 4696 2133 4763 Qui
2157 4713 2292 4751 vero
2321 4713 2350 4751 a
2388 4698 2670 4763 Nestorio,
2707 4709 2762 4754 et
2789 4699 3077 4755 Nestorius
3108 4700 3177 4754 ab
3215 4699 3368 4769 ipsis,
3395 4700 3534 4755 cluas

1958 4796 2188 4844 naturas
2233 4788 2438 4844 Christi
2495 4789 2941 4860 inseparabiliter
2994 4791 3262 4845 adunatas
3307 4791 3530 4851 docent,

1962 4889 2124 4949 prout
2172 4880 2227 4935 in
2266 4881 2504 4936 secunda
2556 4885 2623 4936 ad
2671 4881 2976 4936 Sucensum
3027 4883 3256 4950 cpistola
3301 4891 3532 4936 testatur

1956 4971 2194 5042 Cyrillus
2223 4973 2505 5041 magister,
2539 4973 2912 5042 inseparabile
2941 4985 2996 5027 et
3020 4974 3411 5030 adunationem
3438 4976 3529 5031 isti

1958 5077 2178 5130 quoque
2199 5061 2467 5117 fallaciter
2483 5063 2696 5127 dicunt,
2731 5079 2842 5118 non
2859 5064 3006 5118 enim
3027 5066 3330 5119 secundum
3361 5067 3534 5136 hypo-

1959 5153 2174 5220 stasim,
2191 5162 2287 5208 aut
2305 5155 2612 5210 secundum
2631 5165 2954 5210 naturarum
2976 5155 3218 5224 ipsarum
3238 5156 3534 5211 connexio-

1961 5260 2110 5309 nem,
2161 5246 2255 5299 sed
2302 5246 2617 5316 :equalitate
2651 5247 2896 5312 honoris,
2957 5248 3256 5301 voluntatis
3297 5263 3532 5302 consen-

1960 5337 2136 5400 sione,
2174 5337 2974 5406 auctoritateinseparabiliter
3022 5339 3246 5392 adunati
3282 5339 3528 5407 quidem.

1963 5427 2187 5481 relative
2218 5444 2350 5481 vero
2384 5429 2713 5481 confitentes
2739 5429 2977 5482 Verbum
3005 5444 3129 5480 eum
3169 5443 3367 5489 carne;
3403 5428 3531 5481 licet

1962 5527 2190 5572 naturas
2219 5518 2366 5586 ipsas
2398 5534 2519 5572 esse
2554 5533 2912 5585 personarum
2952 5517 3222 5571 atlunatas
3265 5527 3322 5569 ιιι
3363 5528 3527 5570 anim

1961 5619 2133 5674 mant,
2177 5609 2384 5663 dicant.
2423 5609 2804 5664 Necessarium
2846 5609 3280 5663 demonstratum
3319 5619 3422 5670 est,
3473 5624 3532 5662 ut.

1964 5713 2118 5770 puto,
2149 5718 2255 5754 non
2293 5718 2452 5754 voc-es
2487 5699 2810 5768 sinu-licitt-r
2851 5715 3066 5761 (ἪΙἋΙὌ,
3100 5699 3190 5752 sed
3240 5699 3528 5756 notiones;

1962 5808 2010 5846 υἱ
2055 5797 2093 5850 si
2139 5811 2259 5864 τιν-ρ
2294 5797 2510 5863 quidem
2546 5793 2815 5845 ινιτ-Μέθη·
2843 5809 2938 5840 \n‘t
2977 5803 3078 5858 νηῒ,
3122 5792 3407 5860 ι-ιλίιιιιείινιλ
3444 5808 3538 5839 ιτς
