4094 6334
638 346 766 413 1811

1894 367 2200 429 LEONTII
2238 369 2641 437 ΒΥΖΑΝΤΙΝΙ

3726 388 3864 452 18ίὲ
3902 394 3903 399 “

634 480 696 517 ro
740 473 794 519 et
848 465 914 519 ab
964 467 1122 523 initio
1174 472 1446 541 l'requenti
1493 476 1835 536 orthodoxiae
1896 483 2190 537 conformis

2296 484 2396 556 χῆς
2416 490 2817 563 ὁμολογουμένῃ
2849 492 3129 566 όρθοδοξία
3170 501 3450 567 συμφωνεῖ
3494 498 3633 552 κατά
3672 502 3729 555 τὸ
3763 522 3862 574 ση-

631 558 782 625 juxta
826 559 1217 627 signiﬁcatum,
1264 560 1409 619 hanc
1457 569 1829 625 venerabilem
1883 572 2089 628 habere
2142 585 2197 628 et

635 656 895 714 tanquam
925 639 1209 718 propriam
1254 655 1510 723 amplecti
1546 669 1782 727 oportet.
1829 660 1886 715 Si
1916 678 2035 732 quas
2063 680 2196 718 vero

640 738 763 789 trita
801 736 856 791 in
891 754 1047 794 sacra
1083 741 1367 813 Scriptura
1393 757 1589 803 cuncta
1619 760 1673 804 et
1701 752 1843 821 apud
1868 753 2056 808 Patres
2082 770 2199 808 om-

634 842 732 881 nes
777 844 882 883 vox
927 831 1226 898 invenitur,
1257 836 1351 889 sed
1378 847 1606 907 propter
1632 840 1853 910 impiam
1899 845 2193 912 quamdam

635 920 935 976 novitatem
984 925 1401 994 excogitationis
1428 945 1456 983 a
1503 932 1741 1000 quodam
1780 935 2109 990 transfertur
2138 937 2194 991 in

634 1012 1013 1077 diversitatem
1063 1032 1092 1070 a
1148 1027 1299 1073 recta
1348 1021 1596 1089 notione,
1649 1025 1796 1078 illam
1858 1026 2087 1097 rejiccre
2139 1038 2194 1082 et

634 1104 893 1161 detestari
926 1123 1023 1162 nos
1046 1117 1301 1180 tanquam
1326 1112 1501 1168 bonos
1524 1118 1929 1173 nummularios
1950 1129 2191 1189 oportet,

636 1211 747 1250 non
814 1199 1204 1255 numismatum
1272 1203 1504 1274 eﬁigiem
1570 1215 1627 1260 et
1674 1210 2193 1280 superscriptionem

633 1298 891 1346 curantes
930 1302 1161 1357 tantum,
1199 1296 1294 1350 sed
1346 1305 1400 1351 et
1448 1299 1629 1367 ipsum
1664 1310 1952 1371 argentum
1997 1304 2194 1359 callide

633 1382 1050 1439 considerantes
1090 1394 1145 1439 et
1190 1386 1585 1459 investigantes
1632 1392 1675 1445 si
1716 1394 1895 1464 reipsa
1955 1396 2192 1466 probum

632 1484 735 1528 cst.
784 1475 1000 1530 Etenim
1041 1480 1352 1535 testimonia
1416 1483 1634 1538 Domini
1708 1498 2002 1556 argentum
2068 1488 2194 1560 igne

633 1565 919 1633 probatum
948 1567 1208 1624 dicuntur
1235 1588 1248 1635 ;
1274 1582 1547 1643 quotquot
1583 1580 1727 1630 enim
1758 1578 1966 1648 aliquid
2003 1595 2033 1634 a
2077 1580 2194 1650 pri-

632 1670 723 1708 mo
772 1658 1065 1713 verborum
1113 1661 1304 1716 auditu
1346 1665 1600 1735 judicant
1646 1668 1932 1735 virtutem,
1978 1685 2103 1724 cum
2140 1681 2196 1726 et

631 1747 742 1800 sint
785 1749 981 1805 littera:
1030 1752 1337 1808 dictionum
1386 1766 1569 1825 partes
1612 1758 1934 1821 eiﬁcientes.
1980 1762 2194 1816 discant

2303 579 2660 648 μαινόμενον,
2727 583 2929 647 ταύτην
2981 587 3299 641 ποτνιᾶσθαι
3369 592 3460 643 καὶ
3515 591 3586 655 ὡς
3653 595 3864 648 οίκείαυ

2298 670 2710 737 ἀσμενίζεσθαιο
2755 671 2899 736 εἴτις
2929 674 2985 727 δὲ
3012 680 3348 750 τετριμμένη
3380 698 3437 735 τε
3473 687 3538 754 τῇ
3572 686 3699 756 ἁγίᾳ
3720 687 3862 757 Γρα·

2298 763 2370 829 φῇ
2405 761 2551 831 πάσῃ
2573 763 2666 815 καὶ
2690 766 2799 826 τοῖς
2828 762 3104 836 Πατ’ράσιν
3133 768 3275 833 ὅλοις
3327 771 3442 824 ἔστι
3492 777 3663 845 φωνὴ,
3722 777 3866 830 κατά

2295 865 2415 901 τινα
2459 849 2514 901 δὲ
2565 850 2798 923 δυσσεϐῆ
2842 855 3195 924 καινοτομίαν
3243 860 3513 928 νοήματος
3568 863 3673 916 ὑπό
3717 882 3863 927 τινος

2296 941 2626 1012 προφέρεται
2676 944 2756 1006 είς
2813 944 3076 1015 διαφορὰν
3133 948 3301 1018 ὀρθῆς
3370 953 3612 1018 ἐννοίας,
3656 956 3864 1023 ταύτην

2294 1031 2721 1101 ἀποδοκιμάζειν
2787 1034 2884 1088 καὶ
2905 1036 3278 1104 βδελύττεσθαι
3306 1040 3380 1104 ὡς
3434 1044 3629 1107 καλοὺς
3652 1062 3863 1116 τραπε-

2295 1123 2448 1188 ζίτας
2472 1124 2589 1177 δέον
2623 1126 2787 1196 ἡμᾶς,
2846 1126 2920 1198 μὴ
2972 1129 3049 1199 τῷ
3082 1131 3385 1201 ὲπιπολαίῳ
3416 1136 3724 1207 χαρακτῆρι
3752 1137 3865 1189 τῶν

2295 1216 2647 1285 νομισμάτων
2676 1218 2768 1269 καὶ
2792 1221 2903 1280 τοῖς
2924 1219 3245 1291 χαράγμασι
3287 1225 3648 1295 προσέχοντας
3678 1228 3862 1296 μόνον,

2296 1304 2431 1358 ἀλλὰ
2463 1308 2555 1359 καὶ
2579 1306 2711 1358 αὐτὸ
2738 1306 2798 1360 τὸ
2841 1308 3104 1378 ἀργύριον
3143 1311 3405 1380 ἐντέχνως
3454 1315 3867 1384 παρανοοῦντας

2296 1397 2389 1448 καὶ
2426 1396 2882 1462 κατεξετάζοντας
2916 1400 2964 1451 εί
2986 1399 3155 1464 ὅντως
3205 1402 3425 1471 δόκιμόν
3450 1404 3563 1457 ἐστι
3587 1420 3599 1431 ·
3635 1406 3701 1458 τὰ
3750 1406 3866 1476 γὰρ

2294 1485 2450 1553 λόγια
2471 1488 2698 1558 Κυρίου,
2731 1489 2993 1560 ἀργύριον
3017 1492 3414 1561 πεπυρωμένον
3445 1494 3688 1563 δοκίμιον
3716 1496 3869 1567 εἴρη-

2294 1596 2385 1631 ται
2411 1596 2425 1610 ’
2457 1580 2570 1632 ὅσοι
2616 1580 2724 1651 γάρ
2767 1597 2819 1633 τι
2869 1582 3007 1635 κατά
3059 1582 3281 1653 πρώτην
3322 1585 3489 1656 ἀκοὴν
3518 1586 3629 1639 τῶν
3659 1586 3867 1650 λέξεων

2296 1669 2535 1739 κρίνουσι
2569 1670 2666 1741 τὴν
2694 1672 2944 1742 δύναμιν,
2978 1674 3098 1726 ἐπεὶ
3124 1675 3217 1727 καὶ
3249 1674 3314 1729 τὰ
3336 1676 3637 1746 γράμματα
3661 1676 3866 1739 λέξεὼν

2296 1758 2432 1809 εἰσιν
2456 1759 2791 1828 ἀπογραφαί,
2836 1760 3255 1831 μανθανέτωσαν
3282 1764 3362 1816 ὅτι
3393 1764 3564 1828 οὕτως
3599 1763 3865 1827 πολλάκις

630 1838 777 1907 quod
802 1840 846 1894 si
866 1857 1009 1911 saepe
1031 1844 1217 1900 littera
1242 1847 1465 1913 occidit,
1488 1849 1714 1919 spiritus
1732 1867 1865 1906 vero
1889 1851 2129 1907 viviﬁcat
2147 1854 2188 1919 ’,

2296 1845 2356 1897 τὸ
2375 1819 2613 1917 γράμμα
2627 1819 2971 1915 ἀποκτέννει,
2992 1849 3051 1903 τὸ
3068 1850 3121 1903 δὲ
3143 1850 3365 1922 πνεῦμα
3389 1819 3661 1920 ζωοποιεῖ,
3680 1819 3862 1907 εῐτουν

631 1930 772 1985 sicut
799 1940 853 1985 et
878 1947 1052 1987 mens.

697 2021 838 2087 Quid
868 2038 1000 2095 ergo
1027 2025 1207 2083 adhuc
1234 2029 1378 2084 mihi
1424 2030 1721 2087 verborum
1765 2034 2002 2103 amplius
2048 2035 2192 2090 circa

630 2113 764 2168 illud
790 2115 1115 2172 ?Noverunt
1144 2108 1299 2175 enim
1318 2137 1511 2194 omnes
1533 2125 1678 2194 quod
1722 2126 2001 2181 Manichaei
2038 2126 2193 2181 euri-

629 2204 792 2258 stiani
808 2214 861 2259 et
886 2206 1214 2264 Samaritani
1232 2220 1288 2266 et
1304 2193 1517 2267 Hebraei
1542 2224 1597 2269 et
1614 2214 1800 2270 Ariani
1819 2228 1873 2271 et
1896 2204 2190 2273 Sabelliani

626 2305 683 2349 et
711 2297 1077 2354 Valentiniani
1105 2311 1159 2355 et
1190 2302 1526 2361 Marcionitae
1543 2315 1597 2361 et
1619 2308 1926 2363 Nestoriani
1954 2318 2009 2374 et
2033 2310 2194 2379 Apol-

628 2388 905 2462 linaristai
934 2400 990 2446 et
1023 2392 1279 2449 universa
1312 2396 1530 2465 proprie
1582 2398 1726 2453 dicta
1752 2400 1892 2455 male
1927 2401 2194 2470 dogmati-

629 2479 870 2531 zantium
928 2482 1088 2535 turba
1144 2498 1174 2535 e
1230 2498 1386 2538 sacra
1441 2484 1726 2555 Scriptura
1795 2497 1911 2542 tum
1981 2488 2189 2550 Veteri,

630 2579 742 2622 tum
792 2569 945 2625 Novo
986 2580 1042 2626 et
1079 2574 1522 2642 prmcedentibus
1584 2578 1860 2643 Patribus,
1926 2580 2189 2648 quosdam

626 2671 808 2717 textus
832 2668 1136 2733 excerpunt
1156 2667 1209 2720 in
1235 2670 1474 2737 propria:
1495 2669 1916 2740 excogitationis
1944 2672 2192 2726 testimo-

626 2754 800 2833 nium,
844 2755 999 2825 quasi
1032 2758 1221 2811 eadem
1253 2758 1629 2828 signiﬁcarent
1671 2762 1725 2816 hi
1767 2773 1949 2818 textus
1987 2780 2052 2819 ac
2090 2780 2189 2819 vo-

626 2847 745 2900 lunt
780 2846 905 2915 ipsi.
936 2848 1076 2902 Num
1105 2865 1237 2920 ergo
1279 2852 1561 2906 notionem
1603 2853 1646 2907 si
1694 2865 1839 2909 recte
1878 2863 2024 2911 esset
2046 2856 2188 2924 apud

628 2938 777 3005 ipsos
814 2939 1213 3007 iudicaremus,
1249 2950 1303 2995 et
1333 2958 1443 2995 non
1486 2958 1651 3000 voces
1687 2945 2048 3016 simpliciter?
2080 2947 2187 3003 Sed

628 3027 927 3095 sophistice
946 3042 1253 3099 exponente
1280 3032 1521 3088 Sabellio
1545 3035 1679 3097 illud
1711 3053 1724 3090 :
1760 3056 1777 3087 ι
1808 3037 1921 3109 Ego
1944 3046 2000 3092 et
2021 3038 2186 3093 Pater

2294 1953 2437 1998 νους.

2372 2028 2435 2079 Τί
2460 2028 2523 2099 δὴ
2552 2030 2661 2099 ἄρα
2701 2049 2793 2100 μοι
2827 2032 3009 2103 δεήσει
3029 2033 3202 2104 λόγων
3240 2036 3464 2108 μακρῶν
3495 2037 3630 2110 περὶ
3658 2037 3816 2092 τοῦδε
3845 2056 3861 2101 ς

2297 2122 2425 2172 πᾶσι
2452 2120 2557 2189 γὰρ
2587 2122 2826 2188 γνωστὸν
2859 2124 2934 2187 ὡς
2963 2125 3255 2196 Μανιχαῖοι
3302 2128 3619 2199 Χριστιανοὶ
3643 2129 3735 2181 καὶ
3757 2128 3867 2182 Σα-

2297 2212 2547 2278 μαρεῖται
2576 2210 2670 2263 καὶ
2704 2210 2947 2280 Ἑϐραῖοι
2981 2216 3075 2267 καὶ
3117 2215 3388 2287 Ἀρειανοὶ
3406 2218 3496 2279 καὶ
3516 2214 3867 2270 Σαϐελλιανοὶ

2295 2300 2386 2353 καὶ
2407 2300 2843 2355 Οὐαλεντινιανοὶ
2857 2302 2950 2355 καὶ
2967 2305 3378 2374 Μαρκιωνισταὶ
3394 2308 3490 2361 καὶ
3506 2308 3867 2378 Νεστοριανοὶ

2295 2390 2852 2462 κα¹ι⁹Απο).ιναρισταὶ
2882 2396 2973 2447 καὶ
3018 2396 3168 2449 πᾶσα
3214 2396 3399 2461 ἅπλῶς
3449 2396 3863 2467 ὁμολογουμένη

2294 2485 2596 2550 κακοδοξία,
2622 2484 2687 2537 ἐκ
2713 2501 2771 2538 τε
2809 2484 2908 2555 τῆς
2944 2486 3108 2554 ἀγίας
3153 2487 3376 2558 Γραφῆς
3402 2489 3645 2550 Παλαιᾶς
3666 2503 3725 2539 τε
3762 2488 3865 2540 καὶ

2292 2578 2459 2643 Νέας,
2491 2575 2584 2629 καὶ
2615 2574 2723 2628 τῶν
2744 2574 3125 2647 προλαϐόντων
3153 2579 3412 2647 Πατέρων
3441 2578 3592 2642 τινὰς
3635 2578 3865 2649 χρήσεις

2292 2674 2623 2745 πσρασπῶσι
2654 2674 2793 2746 πρὸς
2822 2672 3128 2745 μαρτυρίαν
3151 2671 3245 2727 τοῦ
3269 2672 3469 2724 οἰκείου
3490 2669 3862 2741 φρονήματος,

2289 2770 2364 2832 ὡς
2386 2769 2453 2822 τά
2481 2770 2618 2823 αύτά
2640 2767 2969 2839 βουλομένας
2992 2766 3173 2831 αὐτοῖς
3193 2782 3207 2797 ’
3234 2766 3341 2838 ἄρα
3369 2760 3462 2820 οὖν
3494 2765 3614 2836 οὐχὶ
3641 2764 3741 2836 τὴν
3769 2762 3865 2817 ἔν-

2292 2877 2438 2913 νοιαν
2474 2860 2524 2912 εί
2551 2858 2726 2930 ὀρθῶς
2746 2859 2930 2922 αύτοίς
2956 2857 3070 2928 ἔχοι
3088 2857 3397 2927 κρίνοιμεν,
3418 2856 3513 2909 καὶ
3534 2856 3595 2909 ού
3624 2855 3722 2919 τὰς
3744 2872 3866 2923 φω-

2291 2952 2388 3013 νὰς
2406 2949 2619 3017 ἁπλῶς;
2655 2949 2817 3003 ’Λλλά
2838 2947 3186 3020 παράγοντος
3224 2947 3514 3001 Σαϐελλίου
3542 2947 3623 3001 τό⁹
3655 2966 3672 2997 ι
3718 2944 3868 3013 Ἐγὼ

2284 3041 2386 3102 ,καὶ
2411 3043 2439 3094 ό
2471 3039 2660 3111 Πατὴρ
2685 3040 2745 3095 ἓν
2771 3041 2959 3110 ἐσμεν,
3012 3058 3032 3091 ι
3065 3039 3160 3093 καὶ
3210 3037 3561 3109 ἀναιροῦντος
3588 3036 3687 3108 τὴν
3711 3054 3869 3106 τρια-

630 3135 797 3173 unum
842 3137 1054 3188 sumus,
1092 3142 1109 3173 ι
1148 3132 1202 3178 ει
1235 3125 1436 3179 trinam
1478 3126 1815 3197 hypostasim
1868 3129 2188 3200 rejiciente;

2294 3131 2447 3199 δικὴν
2476 3130 2805 3184 ὑπόστασιν·
2857 3130 2951 3183 καὶ
2988 3127 3254 3199 Εὐνομίου
3299 3127 3743 3198 προϐαλλομένου
3773 3125 3858 3180 τό·

626 3220 683 3264 et
705 3211 976 3266 Eunomio
1002 3213 1313 3281 proferente
1340 3217 1474 3271 illud
1506 3234 1519 3271 :
1554 3237 1572 3269 ι
1607 3218 1709 3285 Qui
1740 3220 1888 3274 misit
1909 3234 1995 3275 me
2027 3221 2189 3275 Pater

627 3304 800 3372 major
823 3319 907 3358 me
931 3305 1083 3368 est”,
1131 3324 1148 3356 ι
1179 3316 1235 3361 et
1266 3309 1554 3364 monadem
1586 3310 1907 3366 destruente
1938 3325 2043 3366 nec
2067 3327 2177 3366 non

626 3404 836 3451 naturae
872 3397 1237 3466 aequalitatem
1282 3398 1337 3453 in
1386 3400 1692 3465 divinitate,
1728 3402 1806 3457 sic
1843 3402 2049 3457 insulse
2081 3403 2191 3457 cir—

628 3487 984 3542 cumferimur
1028 3489 1248 3559 quidem
1312 3491 1380 3546 ab
1428 3491 1633 3561 impiis,
1667 3502 1760 3546 aut
1788 3493 1972 3563 potius
2006 3494 2062 3549 in
2090 3508 2188 3563 op—

626 3579 864 3645 positum
915 3580 1356 3636 circumferitnur
1409 3583 1557 3637 omni
1607 3590 1769 3638 vento
1816 3585 2081 3639 doctrina:
2120 3585 2189 3639 ad

627 3670 834 3724 erroris
857 3670 1124 3726 insaniam
1152 3674 1364 3742 jactati,
1397 3674 1477 3730 sic
1512 3685 1567 3730 et
1593 3691 1623 3730 a
1653 3678 1832 3747 seipsa
1866 3676 2189 3747 discrepans

630 3768 841 3814 tantum
873 3771 1138 3831 quantum
1183 3780 1213 3818 a
1258 3766 1487 3821 vocibus
1547 3778 1789 3823 sanctam
1848 3766 2187 3838 Scripturam

630 3851 1047 3918 concludcmus,
1074 3862 1131 3909 et
1178 3855 1462 3927 Evangelii
1514 3858 1797 3913 oraculum
1831 3874 1952 3914 esse
1985 3868 2041 3915 et
2078 3875 2187 3915 non

629 3959 753 3998 esse
782 3945 1177 4002 rdmittemus?
1202 3948 1319 4003 Non
1350 3949 1430 4004 sic
1458 3950 1553 4019 pii,
1582 3966 1689 4005 non
1720 3950 1818 4015 sic,
1864 3951 1960 4006 sed
2008 3953 2187 4023 reipsa

629 4036 938 4091 differentia
960 4039 1292 4095 aestimantes
1310 4041 1401 4110 qui
1424 4057 1521 4111 per
1539 4056 1731 4096 sensus
1746 4042 2018 4099 exercitos
2040 4059 2189 4099 com-

629 4124 971 4192 parationem
1006 4125 1279 4181 bonorum
1308 4130 1654 4184 etmalorum
1686 4131 1969 4200 habemus,
2002 4134 2187 4189 omnia

626 4216 980 4282 aestimantes,
1012 4217 1215 4272 bonum
1248 4220 1568 4274 retinemus.

703 4388 849 4458 Ergo
916 4391 1167 4446 veritatis
1231 4395 1405 4463 gratia
1476 4409 1671 4449 omnes
1720 4397 1812 4465 qui
1884 4398 2187 4455 secundum

2302 3241 2318 3275 ι
2364 3222 2423 3275 '0
2448 3220 2772 3283 ἀποστείλας
2799 3238 2889 3292 με,
2917 3218 3128 3289 Πατὴρ,
3168 3217 3369 3288 μείζων
3395 3217 3494 3289 μού
3531 3218 3670 3281 ἐστι,
3698 3235 3719 3269 ι
3762 3216 3867 3271 καὶ

2294 3310 2685 3381 ἀνατρέποντος
2732 3307 2831 3379 τὴν
2858 3305 3059 3375 μονάδα
3073 3305 3167 3358 καὶ
3193 3303 3292 3374 τὴν
3324 3304 3572 3372 ίσοφυῖαν
3595 3303 3695 3370 τῆς
3733 3301 3863 3355 θεό-

2295 3416 2481 3471 τητος,
2507 3397 2704 3452 οὑτωσὶ
2732 3397 2974 3467 ἀνοήτως
3016 3391 3542 3466 συμπεριφερόμεθα
3592 3392 3690 3461 μὲν
3743 3394 3866 3453 τοῖς

2294 3490 2537 3556 ἀσεϐέσι,
2606 3488 2803 3559 μᾶλλον
2832 3487 2891 3539 δὲ
2946 3487 3041 3540 καὶ
3092 3482 3627 3556 ἀντιπεριφερόμεθα
3696 3483 3868 3536 παντὶ

2297 3582 2482 3651 ἀνέμῳ
2495 3580 2596 3648 τῆς
2620 3576 2970 3641 διδασκαλίας
2994 3576 3128 3647 πρὸς
3154 3575 3251 3647 τὴν
3279 3573 3493 3646 μωρίαν
3514 3572 3611 3641 τῆς
3648 3571 3865 3641 πλάνης

2298 3666 2765 3736 κλυδωνιζόμενοι,
2824 3663 2965 3718 οὕτω
3016 3680 3076 3717 τε
3126 3664 3293 3732 ἑαυτῇ
3351 3661 3677 3731 ἀσύμφωνον
3735 3658 3865 3713 ὅσον

2295 3760 2404 3813 ἀπὸ
2434 3759 2543 3815 τῶν
2576 3757 2769 3828 φωνῶν
2792 3756 2889 3827 τὴν
2909 3755 3071 3825 ἀγίαν
3099 3754 3322 3825 Γραφὴν
3350 3750 3706 3822 λογισόμεθα,
3763 3750 3868 3804 καὶ

2293 3848 2355 3902 τὸ
2383 3849 2639 3919 κήρυγμα
2682 3844 2776 3899 τοῦ
2804 3844 3136 3913 Εὐαγγελίου
3167 3839 3305 3897 εἶναί
3337 3858 3396 3895 τε
3441 3841 3535 3895 καὶ
3569 3841 3671 3894 οὐκ
3715 3835 3867 3895 εῖναι

2294 3936 2728 4007 καταδεξάμεθας
2784 3934 2882 4004 οὐχ
2929 3933 3102 3996 οὕτως
3138 3933 3188 3986 οί
3238 3931 3482 3995 εὐσεϐεῖς
3514 3930 3632 3984 ἀλλ’
3686 3930 3866 3995 ὅντως

2292 4030 2677 4100 δοκιμάζοντες
2709 4026 2775 4080 τὰ
2804 4023 3129 4094 διαφέροντα
3170 4023 3220 4075 οἱ
3250 4022 3339 4075 διά
3406 4020 3519 4075 τῶν
3579 4036 3869 4091 γεγυμνα-

2298 4120 2507 4190 σμένων
2524 4102 2891 4187 αίσθήτηρίων
2920 4115 3017 4177 τὰς
3039 4111 3351 4182 συγκρίσεις
3363 4110 3473 4164 τῶν
3497 4108 3675 4165 καλῶν
3690 4127 3748 4162 τε
3768 4111 3871 4164 καὶ

2295 4211 2479 4267 κακῶν
2536 4206 2869 4279 ποιούμενοι,
2915 4204 3093 4261 πάντα
3136 4201 3540 4275 δοκιμάζοντες,
3589 4200 3649 4256 τὸ
3696 4201 3868 4256 καλὸν

2295 4303 2513 4374 κατέχοι
2521 4320 2638 4374 μεν.

2364 4395 2572 4451 Οὐκοῦν
2599 4391 2905 4465 φιλαλήθως
2934 4391 3140 4455 πάντας
3179 4390 3306 4454 τοὺς
3341 4390 3482 4444 κατά
3501 4404 3623 4442 τινα
3658 4385 3865 4441 σκοπὸν

628 4480 918 4549 quemdam
958 4482 1344 4538 haereticorum
1395 4485 1558 4540 ﬁnem
1600 4487 1789 4541 dicunt
1834 4490 1983 4559 quod
2027 4491 2187 4547 unica

2294 4488 2400 4542 τῶν
2434 4484 2726 4557 αίρετικῶν
2745 4484 2997 4551 λέγοντας
3025 4482 3085 4536 τὸ
3114 4482 3243 4552 μίαν
3270 4481 3431 4551 φύσιν
3460 4478 3554 4533 τοῦ
3596 4478 3732 4532 Θεοῦ
3755 4480 3864 4531 Λο-

630 4572 704 4629 sit
782 4580 978 4628 natura
1052 4573 1150 4628 Dei
1253 4575 1408 4629 v’erbi
1492 4576 1818 4642 incarnata,

631 4672 792 4728 sunt;
827 4664 920 4718 sed
966 4673 1021 4718 et
1055 4662 1330 4735 quotquot
1369 4667 1523 4737 juxta
1561 4668 1841 4723 notionem
1900 4670 2188 4739 quamdam

633 4755 855 4822 impiam
905 4765 1189 4810 autumant
1217 4757 1593 4825 duplicitatem
1635 4767 1957 4813 naturarum
1988 4760 2192 4816 Christi

631 4845 992 4899 :tdunatarum
1013 4846 1459 4915 inseparabiliter
1479 4863 1741 4917 respuere
1761 4858 1879 4915 est;
1900 4850 2195 4906 admittere

631 4952 764 4990 vero
798 4952 827 4991 e
871 4946 1062 4991 contra
1100 4946 1211 4992 tum
1256 4954 1449 4994 omnes
1482 4942 1576 5009 qui
1609 4942 1823 4994 unicam
1857 4942 2048 4997 dicunt
2090 4959 2190 4998 na-

631 5040 811 5081 turam
842 5030 937 5083 Dei
969 5029 1132 5084 Verbi
1167 5030 1528 5095 incarnatam,
1565 5032 1722 5100 quasi
1750 5034 1935 5087 alterae
1962 5044 2187 5099 naturae,

630 5119 843 5173 scilicet
885 5129 1093 5173 naturae.
1133 5121 1315 5174 carnis
1359 5122 1570 5175 unitam
1623 5133 1875 5176 naturam
1906 5124 2068 5180 Verbi
2096 5140 2185 5180 se-

629 5209 868 5263 cundum
912 5209 1270 5281 ltypostasim.
1318 5219 1431 5265 tum
1465 5227 1659 5269 omnes
1686 5214 1778 5281 qui
1811 5214 2187 5283 duplicitatem

630 5300 967 5354 conﬁtentur
1012 5310 1327 5355 naturarum
1377 5302 1583 5357 Christi
1625 5302 1988 5358 adunatarum
2042 5306 2189 5359 inse-

631 5394 948 5462 parabiliter
979 5411 1086 5448 non
1128 5396 1429 5449 secundum
1476 5412 1658 5449 rerum
1708 5397 1853 5450 circa
1897 5399 2187 5451 essentiam

628 5482 1103 5536 consideratarum
1146 5484 1371 5552 aliquid,
1405 5486 1499 5538 sed
1530 5486 1829 5540 secundum
1856 5489 2188 5557 ltypostasim

630 5574 805 5643 ipsam
847 5585 1189 5639 naturarum,
1226 5576 1279 5629 id
1322 5584 1406 5629 est
1430 5578 1481 5629 in
1528 5578 1691 5632 unius
1721 5594 1971 5647 personae
2006 5582 2191 5634 osten-

1904 4580 2191 4651 ablegandi
2286 4596 2384 4649 γου
2421 4577 2849 4648 σεσαρκωμένην
2875 4572 3377 4645 ἀποσκορακιστέον
3401 4587 3414 4603 ο
3449 4570 3586 4624 ἀλλὰ
3625 4570 3721 4623 καὶ
3742 4572 3863 4623 ὅσοι

2291 4671 2429 4725 κατά
2466 4685 2590 4723 τινα
2615 4666 2821 4721 ἔννοιαν
2843 4664 3080 4733 δυσσεϐῆ
3142 4680 3275 4735 φασι
3324 4661 3490 4715 δυάδα
3520 4659 3736 4730 φύσεων
3750 4660 3865 4714 τῶν

2290 4760 2528 4833 Χριστοῦ
2555 4757 2848 4830 ήνωμένων
2875 4754 3215 4826 ἀδιαιρέτως,
3240 4751 3675 4807 καταπτυστέον·
3725 4752 3866 4803 ἀπο-

2290 4852 2504 4906 δεκτέον
2532 4851 2588 4904 at
2606 4848 2767 4903 πάλιν
2800 4845 3007 4911 πάντας
3033 4844 3159 4906 τούς
3180 4862 3238 4898 τε
3266 4844 3394 4914 μίαν
3411 4842 3573 4912 φύσιν
3599 4841 3863 4909 λέγοντας

2290 4943 2383 4998 τοῦ
2450 4940 2583 4995 Θεοῦ
2625 4938 2799 5007 Λόγου
2847 4934 3294 5007 σεσαρκωμένην,
3331 4933 3407 4996 ὼς
3451 4932 3617 5002 ἑτέρᾳ.
3673 4930 3865 4999 φύσει,

2289 5037 2457 5106 ἤγουν
2483 5036 2547 5103 τῇ
2578 5032 2674 5099 τῆς
2704 5028 2907 5100 σαρκδς
2932 5026 3214 5098 ἡνωμένην
3236 5027 3333 5096 τὴν
3365 5024 3524 5093 φύσιν
3560 5022 3654 5076 τοῦ
3681 5021 3864 5090 Λόγου

2292 5128 2413 5181 καθ’
2445 5127 2760 5186 ὑπόστασιν,
2802 5122 2897 5175 καὶ
2931 5120 3139 5181 πάντας
3181 5118 3236 5170 δὲ
3288 5119 3413 5179 τοὺς
3455 5113 3866 5185 ὁμολογοῦντας

2290 5216 2454 5269 δυάδα
2481 5214 2693 5283 φύσεων
2718 5206 2953 5281 Χριστοῦ
2979 5206 3275 5279 ὴνωμένων
3300 5204 3616 5275 ἀδιαιρέτως
3637 5204 3698 5256 οὒ
3722 5205 3869 5255 κατά

2293 5326 2353 5361 τε
2385 5309 2489 5360 τῶν
2517 5305 2643 5375 περὶ
2665 5304 2767 5371 τὴν
2795 5300 2982 5353 οὐσίαν
3015 5297 3427 5368 θεωρουμένων,
3454 5295 3590 5348 ἀλλά
3610 5293 3747 5347 κατά
3764 5295 3868 5363 τὴν

2294 5399 2590 5449 ὑπόστασιν
2619 5392 2789 5459 αὐτὴν
2838 5388 2943 5441 τῶν
2976 5388 3211 5455 φύσεων,
3272 5384 3550 5437 τουτέστιν
3606 5383 3684 5445 είς
3743 5381 3866 5445 ἑνὸς

2296 5485 2587 5556 προσώπου
2607 5480 2770 5546 δεῖξιν
2791 5478 2885 5533 τοῦ
2907 5480 3124 5549 ἀμφοῖν,
3147 5478 3217 5541 ὡς
3241 5475 3337 5547 τὴν
3358 5475 3523 5545 αὐτὴν
3549 5469 3710 5527 οὖσαν
3730 5473 3867 5525 ἐκαο

2296 5581 2457 5649 τέραν
2484 5574 2774 5645 ὁμολογίαν
2797 5570 3219 5640 ποτνιωμένους.

628 5666 838 5721 sionem
896 5666 1199 5731 amborum,
1246 5669 1400 5739 quasi
1452 5668 1699 5723 eamdem
1723 5670 2078 5727 exsistentem
2119 5681 2407 5741 utramque
2450 5664 2850 5724 confessionem
2876 5669 3197 5719 reverenter
3223 5658 3507 5715 habentes.

702 5784 718 5813 '
749 5782 792 5837 ll
821 5781 945 5837 Cor.
979 5797 1055 5848 ιιι,
1082 5782 1132 5835 6.
1214 5783 1253 5813 ¹⁰
1285 5783 1440 5837 1mm.
1480 5799 1589 5849 xw,
1622 5784 1711 5837 28.
