4094 6334
279 354 414 421 1813

1430 363 1727 423 CONTRA
1768 360 2363 425 MONOPHYSITAS.

3393 352 3525 417 1815

347 469 470 521 Ὅτι
498 469 611 540 γὰρ
640 472 734 523 καὶ
768 469 1031 543 Κύριλλος
1061 474 1087 527 ό
1116 473 1304 544 Πατὴρ
1360 476 1457 544 τὴν
1504 477 1675 546 αὐτὴν
1716 471 1855 530 οἶδεν

2026 476 2164 544 Quia
2196 476 2343 531 enim
2366 484 2422 530 et
2446 473 2685 544 (lyrinus
2701 472 2861 527 Pater
2884 472 3132 527 eamdem
3162 471 3317 526 novit
3348 473 3528 526 notio—

277 560 488 613 ῑννοιαν
514 556 657 615 εἶναι
679 563 777 631 τῆς
808 564 936 631 μιᾶς
953 561 1166 633 φύσεως
1182 563 1275 617 τοῦ
1295 564 1428 618 Θεοῦ
1452 566 1627 633 Λόγου
1654 582 1851 636 σεσαρο

279 648 557 719 θεωμένης,
627 649 769 703 κατά
813 650 913 721 τὴν
947 651 1111 706 αὐτοῦ
1165 653 1374 707 ἔννοιαν
1417 654 1719 725 λεγομένης
1760 656 1854 709 καὶ

276 740 385 792 τῶν
418 739 600 811 ὀρθῶς
617 740 885 796 νοούντων
908 742 1000 795 δύο
1036 744 1230 813 φύσεις
1261 744 1500 815 Χριστοῦ
1538 744 1661 797 καθ’
1720 747 1847 798 ὑπό-

278 847 467 885 στασιν
491 831 628 901 μίαν
662 834 968 904 ήνωμὲνας,
999 836 1138 889 κατά
1162 837 1262 905 τὴν
1284 835 1512 897 Λέοντός
1544 852 1604 889 τε
1637 835 1732 889 τοῦ
1763 854 1853 889 σο-

275 921 530 990 φωτάτου
574 922 669 976 καὶ
698 923 805 977 τῶν
836 924 1004 993 ἀγίων
1026 924 1283 996 Πατὲρων
1321 924 1429 979 τῶν
1450 912 1527 978 ὲν
1554 928 1619 995 τῇ
1655 926 1852 996 συνόδῳ

273 1012 626 1080 Χαλκηδόνος
656 1012 971 1085 ὁμολογίαν,
1010 1014 1301 1067 ἀκουστέον
1339 1010 1505 1067 αὐτοῦ
1534 1015 1590 1065 ὲν
1622 1015 1687 1083 τῇ
1716 1012 1852 1081 πρὸς

274 1103 540 1171 Εὐλόγιον
609 1104 983 1176 πρεσϐύτερον
1040 1104 1299 1174 ἐπιστολῇ
1373 1104 1498 1157 τάδε
1565 1103 1847 1172 λέγοντος·

280 1198 553 1250 «Κάκεῐνο
583 1197 643 1250 δὲ
678 1196 752 1268 μὴ
780 1196 1146 1265 ἀγνοείτωσαν
1165 1212 1179 1225 ·
1209 1197 1344 1249 ὅπου
1383 1195 1491 1265 γάρ
1512 1195 1705 1259 ἒνωσις
1737 1194 1853 1247 δνο-

277 1287 540 1357 μάζεται,
581 1288 681 1357 οὐχ
708 1287 824 1349 ἑνὸς
856 1287 1181 1357 πράγματος
1221 1287 1548 1358 σημαίνεται
1617 1287 1851 1351 σύνοδος,

274 1377 397 1432 ἀλλ’
430 1378 465 1447 ἢ
496 1378 589 1431 δύο
632 1378 665 1449 ἢ
717 1380 809 1432 καὶ
838 1377 1102 1432 πλειόνων
1145 1380 1239 1432 καὶ
1290 1377 1568 1450 διαφόρων
1600 1378 1854 1448 ἀλλήλοις

274 1470 426 1522 κατὰ
477 1469 573 1539 τὴν
640 1469 823 1539 φύσιν.
861 1470 923 1522 El
988 1469 1167 1533 τοίνυν
1218 1469 1449 1538 λέγομεν
1488 1468 1589 1540 τὴν
1635 1468 1852 1531 ἕνωσιν,

272 1561 755 1630 ὁμολογοῖμενιότι
798 1560 1001 1630 σαρκδς
1027 1560 1389 1631 ὲψυχωμένης
1414 1560 1621 1632 νοερῶς
1647 1561 1739 1614 καὶ
1770 1560 1873 1613 λόι

274 1669 415 1719 γον*
461 1654 554 1703 καὶ
588 1654 636 1706 οἱ
670 1651 846 1704 esset
880 1651 1139 1720 λέγοντες
1183 1650 1395 1721 φύσεις,
1431 1650 1607 1714 οὕτως
1640 1650 1853 1704 νοοῦσιο

276 1743 425 1814 πλὴν
448 1743 545 1813 τῆς
580 1742 825 1805 ἑνώσεως
852 1742 1523 1813 ὁμολογουμένης,νούκέτι
1557 1742 1854 1796 διίστανται

1954 582 2082 621 nem
2111 582 2235 621 esse
2253 565 2599 620 unicaelllius
2628 571 2840 618 natura:
2873 564 2972 618 Dei
3001 561 3167 617 Verbi
3198 562 3525 625 incarnatae,

1954 657 2259 712 secundum
2295 657 2416 725 ejus
2451 658 2736 710 notionem
2767 654 2950 717 dieue,
2993 662 3052 708 et
3091 662 3242 707 recte
3284 651 3533 723 cogitan-

1955 749 2092 803 tium
2143 747 2280 801 duas
2330 746 2537 803 Christi
2575 755 2803 800 naturas
2840 743 3150 800 secundum
3189 743 3530 814 hypostasim

1954 854 2118 894 unam
2140 837 2433 900 adunatas,
2457 838 2611 906 juxta
2635 836 2837 890 Leonis
2871 833 3269 904 sapientissimi
3299 843 3358 888 et
3401 849 3532 888 san-

1953 938 2168 985 ctorum
2187 930 2413 984 Patrum
2427 924 3529 998 synodiChalcedonensisconfessionem

1953 1021 2148 1075 audire
2181 1030 2267 1073 est
2297 1020 2474 1087 ipsum
2524 1019 2578 1071 in
2612 1018 2851 1087 epistola
2884 1017 2952 1072 ad
2981 1018 3274 1088 Eulogium
3304 1016 3533 1089 presby-

1957 1122 2134 1166 terum
2161 1111 2287 1164 talia
2310 1111 2587 1165 dicentem
2616 1127 2628 1163 :
2672 1128 2689 1160 ι
2729 1109 2796 1163 Et
2824 1108 3063 1164 illud'ne
3091 1107 3353 1179 ignOrent
3392 1126 3405 1161 :
3438 1108 3532 1162 ubi

1954 1203 2102 1257 enim
2141 1203 2458 1256 nominatur
2489 1201 2777 1264 adunatio,
2817 1214 2928 1254 non
2953 1199 3353 1269 uniusnegotii
3390 1198 3536 1252 indis

1955 1301 2115 1348 catur
2155 1291 2565 1357 convenientia,
2610 1291 2705 1345 sed
2750 1298 2847 1345 aut
2886 1290 3125 1345 duorum
3156 1298 3255 1343 aut
3287 1289 3532 1359 plurium

1955 1392 2011 1438 et
2034 1384 2102 1438 ab
2122 1384 2356 1438 invicem
2387 1392 2583 1438 natura
2614 1382 3072 1452 discrepantium.
3102 1382 3160 1437 Si
3208 1382 3377 1452 igitur
3438 1381 3535 1435 ad-

1960 1477 2282 1531 unationem
2312 1476 2569 1541 dicimus,
2603 1475 2932 1531 conﬁtemur
2957 1474 3103 1545 quod
3134 1474 3321 1529 carnis
3360 1473 3529 1542 spiri-

1957 1567 2183 1622 tualiter
2225 1563 2482 1622 animataé
2508 1577 2565 1622 et
2590 1568 2755 1621 Verbi
2790 1584 2804 1619 :
2836 1576 2894 1621 et
2923 1567 3061 1621 duas
3085 1566 3183 1636 qui
3213 1564 3409 1620 dicunt
3439 1578 3537 1618 na-

1958 1668 2115 1713 turas
2149 1658 2228 1713 sic
2259 1658 2534 1728 cogitant;
2568 1666 2765 1727 praeter
2784 1654 3180 1711 adunationem
3205 1669 3371 1725 quam
3402 1669 3536 1710 con-

1960 1750 2212 1815 ﬁtentur,
2238 1765 2348 1803 non
2371 1749 2610 1818 amplius
2634 1748 2958 1803 dividuntur
2979 1748 3047 1803 ab
3074 1748 3310 1803 invicem
3329 1745 3537 1801 aduna-

276 1827 531 1903 ἀλλήλων
558 1834 625 1885 τὰ
649 1832 947 1897 ἑνωθέντα,
976 1833 1090 1887 ἀλλ’
1116 1828 1196 1896 εἷς
1224 1833 1408 1887 λοιπὸν
1438 1834 1590 1896 Υίδς,
1621 1833 1720 1902 μία
1755 1832 1855 1901 φύ-

1967 1850 2033 1907 ta,
2058 1841 2154 1896 sed
2192 1848 2365 1897 restat
2406 1857 2549 1896 unus
2578 1840 2772 1905 Filius,
2806 1853 2915 1894 una
2964 1848 3162 1894 natura
3208 1840 3329 1909 ejus
3371 1839 3535 1908 quasi

279 1944 369 1986 σις
406 1924 575 1979 αὐτοῦ
601 1924 676 1989 ὡς
705 1923 1077 1995 σαρκωθὲντος
1103 1923 1196 1977 τοῦ
1216 1925 1388 1994 Λόγου
1410 1940 1423 1954 ·
1451 1924 1625 1978 τάὖτα
1644 1923 1879 1995 ὼμολό--

280 2033 465 2088 γησαν
490 2018 536 2069 oi
562 2016 660 2087 τῆς
684 2015 996 2084 ’Λνατολῆς.
1026 2032 1047 2067 ι

357 2109 480 2162 Ἔτι
511 2108 619 2179 μὴν
646 2108 741 2160 καὶ
776 2108 834 2159 ὲν
866 2109 928 2177 τῇ
969 2105 1203 2177 δευτέρᾳ
1239 2107 1376 2179 πρὸς
1408 2107 1709 2162 Σούκενσον
1736 2110 1859 2163 ἑπι-

280 2198 447 2269 στο).ᾔ
476 2196 647 2261 οὕτως
684 2197 840 2267 φησι,
872 2196 1383 2267 ἀποσκευαζόμενος
1439 2198 1568 2262 τοὺς
1623 2200 1743 2251 κατ’
1774 2199 1860 2252 ἔν-

279 2308 435 2343 νοιαν
456 2288 737 2359 μειώσεως
767 2289 800 2356 ἢ
830 2288 1080 2360 φύρσεως
1109 2288 1217 2342 τῶν
1249 2288 1613 2342 συνελθόντων
1636 2288 1858 2342 διαϐάλ-

277 2383 477 2444 λοντας
509 2381 671 2434 αὐτὸν
700 2380 883 2449 λέγειν
908 2380 1005 2451 τὴν
1046 2380 1174 2451 μίαν
1227 2379 1408 2450 φύσιν.
1447 2397 1465 2431 ι
1509 2380 1571 2432 Εἰ
1603 2380 1707 2450 μὲν
1751 2380 1861 2452 γὰρ

279 2474 533 2537 εἰπόντες
552 2473 712 2541 φύσιν
744 2473 840 2526 τοῦ
864 2474 1034 2541 Λόγου
1060 2474 1453 2543 σεσιγήκαμεν,
1492 2473 1593 2526 οὐκ
1623 2473 1859 2543 ἐπενέγ-

281 2584 479 2629 καντες
509 2567 569 2620 τὸ
590 2564 1088 2633 σεσαρκωμὲνην,
1121 2562 1235 2617 ἀλλ’
1263 2557 1374 2616 οἷον
1392 2562 1592 2629 ἔξωθεν
1621 2562 1861 2627 τιθέντες

279 2660 383 2727 τὴν
407 2656 742 2728 οἰκονομίαν,
762 2651 832 2727 ἦν
858 2656 1042 2721 αὐτοῖς
1065 2654 1208 2725 τάχα
1228 2670 1330 2709 που
1358 2654 1451 2707 καὶ
1468 2653 1570 2708 οὐκ
1593 2652 1860 2717 ἀπίθανος

278 2754 309 2803 ὁ
340 2749 519 2816 λόγος,
552 2746 1043 2819 προσποιουμένοις
1087 2746 1298 2817 ὲρωτᾷν
1332 2742 1435 2798 ποῦ
1463 2745 1523 2799 τὸ
1547 2744 1753 2799 τέλειον
1804 2745 1861 2797 ὲν

279 2839 703 2910 ἁνθρωπότητη
743 2837 860 2901 πῶς
892 2836 1202 2907 ὑφέστηκεν
1241 2838 1273 2906 ἡ
1315 2835 1436 2890 καθ’
1484 2837 1635 2906 ἡμᾶς
1664 2836 1860 2901 οὐσίας

280 2928 475 3001 ὲκειδὴ
524 2930 581 2983 δὲ
616 2932 711 2985 καὶ
763 2930 819 2983 ὲν
849 2928 1231 3000 ἀνθρωπότητι
1293 2928 1591 2999 τελειότης,
1648 2929 1743 2983 καὶ
1762 2928 1864 2998 τῆς

280 3020 409 3075 καθ’
438 3021 586 3090 ἡμᾶς
613 3018 801 3083 οὐσίας
833 3020 866 3090 ὴ
913 3018 1144 3091 δήλωσις
1199 3020 1613 3091 είσκεκόμισται
1648 3018 1736 3074 διὰ
1764 3018 1860 3073 τοῦ

277 3112 466 3179 λέγειν
491 3110 980 3179 σεσαρκωμένην,
1004 3109 1430 3175 παυσάσθωσαν,
1447 3127 1465 3161 ι
1495 3109 1593 3163 καὶ
1622 3108 1689 3162 τά
1710 3107 1861 3179 ἑξῆς.

281 3206 351 3255 Τί
376 3204 473 3259 οὖν
492 3204 629 3276 πρὸς
660 3206 727 3275 τῇ
763 3204 862 3275 μιᾷ
884 3202 1044 3271 φύσει
1076 3201 1170 3255 τοῦ
1192 3202 1365 3270 Λόγου
1384 3203 1479 3257 καὶ
1510 3202 1866 3274 ἀνθρωπίνην

278 3296 499 3350 τελείαν
528 3294 717 3348 οὐσίαν
780 3293 1108 3365 εἰσκομίζων
1138 3292 1225 3347 διὰ
1252 3292 1345 3347 τοῦ
1371 3294 1864 3363 σεσαρκωμένην,

282 3392 344 3442 οὐ
373 3386 472 3441 δύο
496 3382 636 3439 εἶναι
668 3384 946 3454 λογίσεται
973 3386 1070 3448 τὰς
1097 3384 1308 3455 φύσεις,
1341 3385 1560 3439 ἀκούων
1602 3385 1735 3452 μίαν
1769 3382 1869 3453 φύ-

286 3498 375 3534 σιν
414 3479 510 3533 τοῦ
541 3476 680 3531 Θεοῦ
713 3478 884 3543 Λόγου
919 3477 1380 3549 σεσαρκωμένην;
1428 3477 1567 3547 Φησὶ
1599 3476 1706 3546 γὰρ
1776 3477 1870 3529 καὶ

286 3572 435 3642 μετὰ
456 3570 703 3641 βραχέα·
740 3587 759 3621 r
801 3570 868 3623 Τί
914 3570 1023 3641 γάρ
1058 3571 1204 3622 ἐστιν
1234 3567 1651 3639 ἀνθρωπότητος
1683 3567 1865 3638 φύσις,

284 3662 432 3731 πλὴν
463 3660 549 3714 ὅτι
579 3661 718 3732 σὰρξ
740 3660 1065 3731 ὲψυχωμένη
1106 3660 1343 3731 νοερῶς;
1374 3678 1394 3712 ι

354 3752 470 3805 Τοῦ
505 3752 721 3823 Πατρὺς
773 3748 868 3805 οὖν
930 3750 1119 3820 σαφῶς
1175 3751 1309 3821 ἡμῖν
1334 3748 1870 3821 μαρτυροῦντοςτὴν

283 3846 428 3915 πρὸς
453 3845 622 3898 αὐτὸν
644 3845 739 3898 καὶ
774 3844 871 3915 τὴν
892 3843 1152 3913 ἀλήθειαν
1183 3840 1535 3911 συμφωνίαν,
1579 3840 1691 3895 τῶν
1737 3858 1868 3911 νοη-

289 3940 486 4007 ptith
537 3937 645 4006 ἀρα
676 3935 751 4005 μὴ
776 3934 1017 3997 εὐσεϐῶς
1053 3934 1196 4004 ἔχειν
1233 3931 1579 4005 δηλουμένων
1606 3935 1727 3997 ταῖς
1752 3950 1869 4002 φω-

284 4030 411 4091 ναῖς
432 4030 599 4097 ἡμεῖς
627 4027 688 4079 οὐ
721 4024 1131 4096 προσκείμεθα·
1171 4024 1279 4078 οὐδ’
1304 4022 1373 4078 αὖ
1429 4024 1592 4078 πάλιν
1632 4023 1873 4088 εὐσεϐῶς

287 4121 529 4188 ἑχόντων
560 4118 659 4183 τὰς
686 4119 870 4188 φωνὰς
900 4117 1362 4187 ἀποστρεφόμεθα
1400 4133 1415 4149 ⁸
1442 4117 1568 4171 οὐτε
1596 4117 1704 4187 γὰρ
1736 4116 1874 4170 ἕνω-

289 4207 433 4276 σιςῆ
472 4208 638 4276 μονὰς
676 4205 861 4269 ἁπλῶς
886 4204 1137 4259 ὁπωσοῦν
1170 4205 1606 4277 συμφραζομένη
1630 4204 1743 4257 τισὶ
1772 4205 1872 4268 τὰς

287 4296 489 4365 φύσεις
539 4295 719 4348 αὐτῶν
762 4298 996 4365 ἀναιρεῖ,
1052 4299 1103 4349 εἰ
1161 4296 1237 4366 μὴ
1304 4297 1383 4359 εις
1436 4296 1653 4362 φύσεως
1701 4294 1874 4364 αὐτῆς

1960 1931 2229 1989 incarnati
2253 1931 2415 1989 Verbi
2438 1950 2452 2000 ;
2474 1932 2593 1987 haec
2616 1930 2855 1987 confessi
2888 1930 3130 2000 suntqui
3151 1930 3219 1985 ab
3236 1930 3485 1986 Oriente.
3514 1949 3531 1977 ι

2033 2106 2229 2163 Adhuc
2257 2116 2314 2163 et
2347 2107 2401 2163 in
2443 2107 2686 2163 secunda
2712 2108 2781 2163 ad
2815 2107 3123 2164 Sucensnm
3168 2108 3426 2177 epistola,
3456 2108 3539 2164 sic

1960 2198 2097 2255 dicit
2120 2200 2367 2255 refutans
2393 2200 2519 2257 illos
2536 2201 2631 2271 qui
2652 2201 2807 2272 juxta
2837 2200 3244 2256 imminutionis
3269 2212 3361 2257 aut
3403 2200 3537 2255 mis-

1961 2290 2134 2345 tionis
2180 2290 2634 2347 convenientium
2699 2292 2983 2346 notionem
3035 2299 3292 2347 asserunt
3350 2291 3537 2361 ipsum

1959 2390 2216 2436 naturam
2246 2382 2464 2437 unicam
2495 2381 2688 2437 dicere
2719 2400 2732 2435 :
2767 2401 2785 2434 ‹
2812 2382 3031 2438 Etenim
3056 2382 3102 2438 si
3126 2393 3385 2436 naturam
3415 2382 3539 2451 qui-

1961 2472 2104 2528 dem,
2126 2471 2292 2529 Verbi
2322 2474 2577 2530 dicentes
2614 2473 2899 2539 siluimus,
2925 2490 3039 2530 non
3060 2473 3329 2529 adversus
3360 2475 3543 2528 incar-

1962 2572 2149 2620 natam
2176 2572 2421 2635 agentes,
2448 2564 2544 2619 sed
2589 2572 2847 2635 tanquam
2906 2566 2975 2621 ab
3025 2574 3182 2621 extra
3214 2571 3533 2621 statuentes

1961 2655 2337 2713 oeconomiam
2366 2655 2791 2721 incarnationis,
2816 2664 2937 2711 erat
2968 2656 3103 2726 ipsis
3133 2656 3249 2711 cito
3290 2672 3395 2712 nec
3432 2672 3544 2712 non

1962 2744 2282 2800 verisimilis
2322 2758 2531 2809 sermo,
2564 2744 2957 2800 affectantibus
2983 2745 3268 2815 inquirere
3295 2745 3389 2801 ubi
3415 2762 3544 2816 per-

1964 2837 2170 2893 fectum
2220 2836 2277 2891 in
2316 2836 2696 2892 humanitate?
2745 2836 2849 2893 Ubi
2875 2836 3123 2892 substitit
3169 2837 3407 2893 essentia
3455 2853 3547 2894 se-

1965 2928 2207 2983 cundum
2262 2929 2401 2983 nos?
2439 2927 2577 2983 Cum
2610 2942 2745 2982 vero
2780 2928 2837 2983 in
2870 2928 3220 2983 humanitate
3248 2928 3544 2999 perfectio,

1963 3029 2021 3075 et
2064 3020 2320 3075 essentia:
2369 3028 2538 3089 prout
2582 3020 2640 3073 in
2685 3018 2848 3075 nobis
2903 3019 3277 3076 manifestatio
3316 3021 3553 3078 affertur-

1969 3111 2205 3169 dicendo
2234 3113 2598 3178 incantatam,
2643 3111 2961 3167 sileantzet
2987 3127 3110 3181 qua:
3156 3122 3486 3183 sequuntur.
3522 3133 3549 3167 ον

1969 3203 2112 3271 Quid
2146 3218 2279 3275 ergo
2306 3204 2483 3259 unica:
2512 3203 2677 3259 Verbi
2703 3212 2913 3259 natura
2935 3213 2991 3259 et
3017 3204 3316 3260 humanam
3369 3205 3548 3275 perfe-

1968 3303 2113 3351 ctam
2142 3295 2439 3351 essentiam
2475 3294 2712 3349 aﬂ‘erens
2748 3310 2848 3365 per
2872 3296 3235 3361 incarnatam,
3262 3309 3376 3349 non
3408 3295 3549 3350 duas

1968 3401 2091 3442 esse
2114 3385 2596 3456 argumentabitur
2614 3394 2840 3439 naturas
2864 3386 3096 3440 audiens
3114 3400 3276 3441 unam
3294 3392 3549 3439 naturam

1968 3476 2065 3532 Dei
2092 3476 2259 3534 Verbi
2299 3476 2677 3531 incarnatam?
2719 3475 2861 3530 Dicit
2897 3476 3047 3531 enim
3083 3484 3139 3531 et
3189 3476 3349 3546 paulo
3374 3483 3499 3545 post
3534 3493 3547 3528 :

1978 3586 1996 3619 ι
2032 3566 2177 3633 Quid
2205 3566 2356 3621 enim
2394 3575 2480 3620 est
2515 3565 2877 3620 humanitatis
2921 3574 3140 3630 natura,
3184 3576 3550 3636 praeterquam

1970 3672 2099 3713 caro
2121 3656 2363 3710 animata
2398 3654 2804 3724 spiritualiter?
2842 3674 2861 3707 ι

2041 3747 2207 3801 Patre
2264 3760 2401 3816 ergo
2452 3746 2601 3800 clare
2632 3743 2795 3800 nobis
2843 3744 3219 3800 testimonium
3272 3743 3439 3798 dante
3485 3744 3552 3799 de

1971 3836 2359 3893 convenientia
2382 3836 2528 3891 inter
2552 3837 2734 3906 ipsum
2752 3846 2808 3891 et
2824 3835 3552 3905 veritatem,.cogitatienum

1971 3941 2082 3982 non
2104 3925 2193 3996 pie
2216 3940 2338 3980 esse
2372 3924 2761 3995 apparentium
2792 3924 3024 3979 vocibus
3044 3938 3147 3978 nos
3175 3923 3416 3983 animum
3441 3939 3553 3979 non

1972 4016 2344 4084 intendimus;
2402 4031 2507 4072 nec
2556 4031 2779 4086 quoque
2817 4018 2907 4086 pie
2937 4032 2994 4072 sc
3032 4016 3358 4072 habentium
3389 4032 3555 4072 voces

1972 4124 2312 4164 aversantur.
2346 4108 2460 4163 Nec
2488 4108 2637 4163 enim
2665 4107 2928 4162 adunatio
2973 4116 3069 4161 aut
3100 4123 3293 4162 monas
3338 4108 3555 4178 simpli-

1972 4201 2114 4257 citer
2174 4199 2424 4271 quolibet
2496 4200 2660 4253 modo
2718 4198 2863 4254 dicta
2922 4200 3256 4269 quibusdam
3325 4208 3557 4254 naturas

1974 4294 2224 4363 ipsorum
2265 4291 2468 4359 aufert,
2513 4291 2622 4347 nisi
2676 4292 2732 4345 in
2766 4302 2983 4347 naturae
3036 4292 3211 4363 ipsius
3262 4292 3555 4347 monndem

292 4386 508 4458 μονάδα
529 4387 684 4456 ἥκειν
729 4386 957 4441 νοοῦντα
984 4388 1090 4441 ίδια
1135 4388 1234 4456 τῆς
1271 4386 1414 4440 κατὰ
1443 4386 1717 4457 σύγχυσιν
1743 4385 1865 4440 ἑνώ-

1972 4385 2164 4440 venire
2215 4384 2551 4455 cogitantem
2599 4384 2824 4453 propria
2860 4384 3216 4438 adunationis
3249 4384 3561 4439 secundum

290 4494 438 4541 σεως
458 4494 471 4507 ο
501 4478 670 4549 ἑτέρα
694 4477 803 4547 γὰρ
823 4477 1017 4541 Ξνωσις
1048 4476 1205 4531 τοῦτο
1234 4479 1294 4531 οὐ
1325 4482 1499 4532 ποιεῖ’
1524 4480 1651 4532 οὐδὲ
1677 4481 1709 4550 ἡ
1740 4479 1865 4543 δυὰς

1976 4478 2301 4543 misturam;
2339 4478 2513 4531 altera
2540 4477 2687 4530 enim
2724 4477 2989 4532 adunatio
3023 4475 3075 4531 id
3105 4492 3216 4531 non
3263 4475 3427 4542 facit;
3456 4493 3566 4535 nec

291 4571 518 4632 πάντως
544 4569 988 4641 κατηγορηθεῑσά
1016 4586 1185 4635 τινος,
1209 4571 1303 4623 καὶ
1336 4571 1416 4633 είς
1435 4571 1702 4641 πρόσωπα
1737 4571 1865 4624 διαι-

1977 4569 2277 4639 duplicitas
2306 4570 2527 4638 penitus
2557 4570 2914 4639 pronuntiata
2934 4569 3002 4623 de
3028 4570 3235 4637 aliquo,
3260 4578 3315 4624 et
3347 4571 3401 4624 in
3436 4586 3560 4640 per-

292 4664 386 4733 ρεῖ
413 4660 592 4726 τοῦτο,
618 4662 667 4713 ει
702 4662 776 4732 μὴ
826 4661 908 4723 είς
946 4661 1306 4732 προσωπικὴν
1351 4661 1603 4715 δίπλασιν
1660 4661 1745 4733 εἴη
1788 4661 1877 4733 λη.

291 4755 499 4823 φθείσα
516 4768 531 4785 ·
561 4751 643 4815 τίς
673 4752 783 4823 γὰρ
802 4752 867 4805 ἂν
896 4751 1038 4806 εἴποι
1063 4752 1193 4805 διότι
1213 4752 1408 4816 ἒνωσίς
1429 4770 1509 4816 τις
1529 4750 1750 4821 λέγεται
1781 4756 1876 4809 καὶ

298 4844 472 4915 μονὰς
505 4845 535 4913 ἡ
566 4841 659 4895 τοῦ
683 4842 804 4896 ὅλου
844 4842 1156 4912 Ῥωμαῖκοῦ
1184 4843 1345 4914 τυχὸν
1387 4844 1646 4915 στρατοῦ,
1678 4845 1771 4897 καὶ
1820 4844 1878 4899 ἓν

296 4937 397 4989 ἐπὶ
428 4935 646 4987 πάντων
674 4933 782 4987 τῶν
818 4936 876 4987 ὲν
900 4933 1071 5005 ταύτῃ
1106 4932 1667 5005 περιλαμϐανομένων
1699 4938 1879 4991 κεῖται

296 5031 473 5097 [intra
503 5027 609 5080 τῶν
634 5024 939 5097 ἀνθρώπιον
962 5026 1058 5079 καὶ
1082 5027 1321 5096 ἡμιόνων
1353 5027 1448 5079 καὶ
1476 5027 1741 5098 καμήλων
1772 5030 1880 5081 τῶν

296 5123 363 5173 ὲν
390 5119 563 5187 αὐτῷ,
601 5118 689 5173 διά
715 5118 837 5171 τόδε
866 5119 961 5171 καὶ
1004 5118 1103 5188 μία
1133 5119 1292 5187 φύσις
1320 5119 1468 5172 ἐστὶν
1499 5119 1526 5171 ό
1558 5121 1663 5182 πᾶς
1715 5138 1881 5189 στρα-

294 5213 393 5275 τός
421 5229 435 5276 ;
466 5210 581 5263 ἀλλ’
610 5213 771 5282 αὔτη,
809 5210 993 5281 φησὶν,
1026 5209 1128 5263 οὐκ
1156 5210 1268 5263 ἐστι
1296 5211 1418 5264 καθ’
1448 5211 1749 5265 ὑπόστασιν
1779 5212 1881 5279 φύ-

303 5320 451 5356 σεων
487 5302 697 5363 ἓνωσις.

376 5394 645 5446 Σκεπτέον
678 5388 791 5458 οὖν,
812 5392 841 5445 δ
872 5392 1029 5462 ἔφην,
1052 5393 1126 5456 ὡς
1152 5395 1250 5446 οὐκ
1287 5392 1434 5445 ἔστιν
1467 5392 1664 5445 ’ἐνωσιν
1698 5392 1883 5456 ἁπλῶς

302 5486 483 5536 ποιεῖν
521 5484 648 5553 μίαν
674 5485 832 5554 (φύσιν
855 5502 867 5511 ·
897 5484 1014 5537 ἀλλ’
1042 5486 1161 5537 οὐδὲ
1190 5487 1236 5537 εἰ
1266 5484 1387 5536 καθ’
1417 5485 1717 5537 ὑπόστασιν
1748 5486 1881 5537 ἕνω-

308 5594 394 5639 σις
418 5576 504 5642 εἴη
557 5578 715 5646 μόνον
771 5576 1066 5646 λεγομένη,
1124 5576 1327 5644 μονάδα
1375 5579 1595 5645 ποιήσει
1646 5576 1883 5645 φύσεως,

305 5669 423 5720 ἀλλ’
455 5668 485 5735 ἦ
514 5669 681 5739 μόνης
708 5670 1058 5733 ὑποστάσεως
1079 5685 1093 5698 ·
1126 5667 1249 5721 οὐτε
1284 5667 1391 5739 γὰρ
1419 5668 1614 5738 βύϐλος
1649 5668 1680 5737 ἢ
1719 5668 1885 5735 σπόγ-

310 5778 405 5827 γος
432 5760 583 5815 ὕδατι
601 5762 862 5832 ἐμεαφεὶς
889 5764 983 5816 καὶ
1005 5761 1413 5832 ἁνιμησάμενος
1438 5762 1541 5831 ὂὶῳ
1570 5760 1745 5831 ἐπειτῴ
1770 5762 1886 5813 ὄλπιν

1979 4675 2145 4714 sonas
2191 4659 2388 4713 dividit
2434 4659 2596 4724 illud,
2634 4660 2739 4714 nisi
2800 4660 2855 4715 in
2908 4660 3235 4729 duplicitate
3284 4661 3558 4730 personali

1981 4752 2055 4807 sit
2079 4751 2376 4806 intellecta.
2434 4750 2573 4818 Quis
2602 4752 2749 4805 enim
2779 4751 2995 4806 diceret
3023 4766 3090 4805 eo
3117 4752 3261 4820 quod
3294 4752 3560 4806 adunatio

1980 4842 2234 4913 quaedam
2313 4843 2531 4898 dicatur
2561 4852 2619 4898 et
2678 4858 2889 4907 monas,
2946 4843 3240 4897 universus
3299 4858 3562 4901 romanus

1981 4936 2283 4999 exercitus,
2324 4946 2377 4989 et
2414 4951 2585 4988 unum
2637 4935 2705 4989 de
2743 4936 3004 4989 omnibus
3037 4934 3097 4988 in
3144 4933 3265 5004 ipso
3307 4950 3558 5003 compre-

1984 5026 2173 5080 hensis
2211 5034 2317 5080 stet
2360 5041 2561 5081 nomen
2616 5026 2899 5079 hominum
2961 5036 3016 5081 et
3072 5027 3448 5096 jumentorum
3505 5035 3563 5079 et

1985 5116 2321 5169 camelorum
2350 5132 2469 5187 quae
2510 5116 2564 5169 in
2600 5116 2737 5185 ipso,
2781 5117 2931 5185 quod
2990 5126 3288 5185 propterea
3334 5124 3394 5170 et
3451 5131 3561 5171 una

1984 5218 2178 5263 natura
2218 5208 2288 5261 sit
2319 5208 2496 5261 omnis
2534 5208 2854 5262 exercitus?
2894 5208 3002 5262 Sed
3034 5208 3171 5278 ipsa,
3219 5208 3419 5278 inquit,
3449 5223 3562 5265 non

1985 5312 2067 5355 est
2112 5302 2412 5355 secundum
2467 5302 2801 5372 hypostasim
2843 5311 3166 5355 naturarum
3204 5301 3487 5356 adunatio.

2056 5392 2529 5447 Considerandum
2556 5410 2703 5463 ergo.
2721 5394 2865 5463 quod
2899 5393 3169 5457 dicebam,
3191 5393 3335 5463 quod
3355 5409 3465 5446 non
3490 5394 3561 5447 Ιί-

1988 5494 2075 5538 cet
2100 5484 2493 5539 adunationcm
2519 5487 2842 5555 simpliciter
2864 5486 3041 5538 facere
3076 5501 3237 5537 unam
3267 5493 3557 5550 naturam;

1989 5575 2084 5630 sed
2118 5591 2217 5629 nec
2248 5576 2293 5630 si
2328 5576 2633 5629 secundum
2660 5576 3000 5645 hypostasim
3028 5575 3288 5629 mlnnalio
3321 5576 3392 5629 sit
3439 5584 3564 5627 tan—

1993 5677 2106 5721 tum
2140 5667 2309 5731 dicta,
2353 5669 2643 5721 monadem
2675 5668 2837 5721 faciet
2877 5677 3108 5732 natm-:11,
3134 5667 3226 5720 sed
3265 5667 3432 5720 solius
3470 5667 3569 5736 hy-

1988 5768 2309 5829 poslascos;
2339 5778 2443 5815 non
2473 5760 2617 5814 cnim
2653 5776 2888 5829 papyrus
2920 5763 2998 5813 ιρι
3020 5760 3242 5831 spongia
3284 5760 3335 5812 in
3366 5773 3567 5827 aquam
