4094 6334
587 330 722 395 18Ῑ5

1853 339 2159 400 LEONTII
2196 336 2595 397 BYZANTINI

3690 329 3829 392 1818

584 446 842 500 immersa
883 456 937 501 et
987 449 1227 503 totaliter
1270 449 1615 514 extraeta,in
1666 458 1919 503 naturam
1969 447 2152 504 veniet

2256 449 2395 512 τόδε,
2453 450 2531 513 είς
2573 446 2734 517 φύσιν
2778 448 2903 515 ἥκει
2955 447 3084 515 μίαν
3133 447 3229 499 σὺν
3257 446 3333 516 τῷ
3388 445 3558 504 ὕδατι,
3597 442 3713 496 ἀλλ’
3741 446 3829 506 είς

584 553 750 592 unam
791 554 913 594 cum
937 556 1097 611 aqua,
1127 542 1221 596 sed
1254 543 1308 596 in
1351 543 1698 598 existentiam
1722 559 1921 609 unam;
1953 558 2147 612 quem-

582 629 876 684 admodum
938 646 1072 701 ergo
1120 640 1176 686 et
1234 632 1438 688 ferrum
1497 643 1552 687 et
1597 633 1738 704 ignis
1780 634 1835 687 iu
1889 634 2149 689 incande-

582 720 805 775 scentiae
827 719 1214 784 existentiam:
1242 733 1298 779 et
1338 725 1547 794 lapides
1579 734 1636 779 et
1657 725 1799 794 ligna
1850 725 1905 780 in
1954 724 2149 777 domus

581 810 805 880 quidem
869 811 1225 868 existentiam
1287 815 1513 869 alteram
1573 823 1870 881 venerunt,
1925 823 2149 870 naturas

582 915 714 954 vero
750 900 995 967 easdem,
1022 902 1119 958 sed
1145 903 1412 960 adunatas
1435 904 1501 957 ad
1528 903 1786 969 invicem,
1816 904 2150 958 convenien-

586 998 669 1044 tes
707 989 765 1046 in
806 990 973 1062 hujus
1024 993 1480 1062 compositionem
1526 1003 1583 1047 et
1624 992 2044 1047 fabricationem
2092 992 2145 1047 in

583 1096 777 1145 unum,
811 1083 1024 1137 scilicet
1043 1082 1419 1137 exsistantiam
1444 1083 1662 1146 domus,
1688 1083 1913 1138 habent.
1940 1082 1994 1137 Si
2016 1096 2149 1151 ergo

582 1178 638 1224 et
668 1169 722 1224 in
759 1178 1012 1226 naturam
1045 1188 1208 1226 unam
1239 1173 1384 1227 sicut
1416 1188 1564 1227 nunc
1579 1181 1637 1228 et
1668 1173 1723 1227 in
1745 1173 2145 1240 exsistentiam,

583 1261 739 1317 tieret
765 1262 1027 1318 adunatio
1051 1264 1512 1333 quemadmodum
1544 1264 1605 1319 ﬁt
1634 1264 1704 1320 de
1744 1266 1985 1334 κλαύρας
2028 1264 2151 1336 χίας

582 1360 638 1406 et
661 1352 730 1409 de
762 1354 974 1410 mollita
1024 1354 1381 1426 (μαλθακτοῦ)
1417 1371 1544 1410 cera
1576 1356 1632 1410 in
1670 1356 1966 1411 mastiches
1994 1371 2149 1411 com-

580 1445 911 1515 positionem
967 1446 1226 1502 adunatis
1281 1447 1526 1509 realiter.
1578 1455 1635 1503 et
1682 1455 1933 1501 naturam
1983 1462 2147 1501 unam

581 1535 765 1591 dicere
810 1551 1035 1592 necesse
1064 1546 1243 1592 estex
1289 1537 1644 1592 adunatione.
1674 1536 2150 1593 Considerandum

578 1641 711 1680 vero
730 1627 875 1697 quod
907 1643 1010 1684 nec
1037 1628 1304 1683 mastiche
1331 1644 1435 1684 nec
1468 1644 1589 1685 sera
1624 1616 1685 1684 iu.
1711 1629 1952 1699 prepriis
1989 1641 2151 1685 natu-

581 1717 788 1773 ralibus
814 1714 1246 1789 specialitatibus
1268 1728 1401 1776 tunc
1429 1732 1485 1775 et
1518 1721 1914 1791 compositione
1959 1730 2015 1776 et
2050 1737 2149 1777 co-

2254 540 2551 592 ὑπόστασιν
2610 539 2737 609 μίαν
2762 556 2774 568 ⁸
2837 537 3024 608 ὥσπερ
3066 536 3159 590 οῦν
3193 538 3285 589 καὶ
3342 535 3558 606 σίδηρος
3590 530 3825 603 καὶπῦρ

2253 634 2331 695 είς
2375 630 2574 700 μύδρον
2606 631 2934 684 ὑπόστασιν·
2968 630 3060 682 καὶ
3083 628 3221 681 λίθοι
3271 627 3380 697 γὰρ
3419 626 3513 680 καὶ
3561 625 3692 690 ξύλα
3741 627 3826 687 είς

2251 720 2400 773 οίκου
2433 720 2529 789 μὲν
2556 718 2852 773 ὑπόστασιν
2880 718 3076 789 ἑτέραν
3104 713 3270 789 ἧκαν,
3304 716 3496 784 φύσεις
3526 714 3583 767 δὲ
3610 715 3703 777 τὰς
3729 714 3829 766 αὑ⁴

2250 809 2368 873 τὰς,
2421 807 2535 861 ἀλλ’
2563 810 2853 880 ήνωμένας
2894 807 3172 879 ἀλλήλαις,
3212 806 3311 869 τὰς
3346 803 3707 866 συνελθούσας
3743 804 3828 865 είς

2251 898 2349 971 τὴν
2387 899 2543 953 τοῦδε
2580 899 2861 963 σύστασιν,
2896 900 2991 953 καὶ
3023 898 3121 970 τὴν
3166 899 3256 967 ὑφ’
3310 898 3369 951 ἓν
3400 898 3613 960 στάσιν,
3648 895 3830 948 είτουν

2253 990 2552 1044 ὑπόστασιν
2588 989 2684 1043 τοῦ
2716 990 2868 1044 οίκου
2903 990 3150 1061 ἔχουσινο
3183 992 3233 1043 εί
3273 988 3453 1060 μέντοι
3490 987 3587 1040 καὶ
3614 987 3692 1048 εἰς
3724 984 3832 1052 φύ-

2254 1098 2337 1134 σιν
2362 1080 2511 1151 μίαν,
2545 1081 2735 1147 ὥσπερ
2768 1079 2862 1135 οῦν
2892 1082 2989 1135 καὶ
3012 1080 3335 1144 ὑπόστασιν,
3369 1076 3583 1146 Ῡένοιτο
3606 1076 3830 1136 ἓνωσις,

2251 1163 2363 1223 οἷον
2387 1171 2598 1240 γίνεται
2624 1171 2719 1225 ἐπὶ
2749 1173 2848 1242 τῆς
2884 1171 3129 1243 κλαὺρας
3157 1172 3300 1241 χίας,
3346 1169 3441 1222 καὶ
3494 1166 3588 1221 τοῦ
3622 1164 3834 1235 μαλθα-

2254 1259 2380 1314 κτοῦ
2409 1260 2581 1331 κηροῦ
2610 1262 2691 1324 είς
2719 1263 2956 1333 μαστιχή
2968 1278 3136 1332 ματος
3195 1260 3456 1314 σύστασιν
3519 1258 3834 1327 ἐνουμένων

2251 1350 2436 1414 ὅντως,
2470 1353 2564 1406 καὶ
2595 1352 2759 1423 φύσιν
2796 1353 2931 1423 μίαν
2974 1353 3188 1421 ἀνάγκη
3245 1351 3427 1419 λέγειν
3463 1350 3555 1402 ἐπὶ
3593 1348 3660 1417 τῇ
3697 1343 3837 1398 ἑνώ-

2253 1461 2362 1499 σει.
2389 1446 2664 1501 Σκεπτὲον
2690 1447 2745 1501 δὲ
2772 1446 2847 1511 ὡς
2876 1444 3000 1499 οὔτε
3025 1447 3058 1516 ἡ
3095 1444 3334 1515 μαστίχη
3359 1440 3484 1496 οὔτε
3504 1441 3532 1493 ὁ
3556 1439 3729 1509 κηρὸς
3766 1439 3833 1491 ὲν

2251 1538 2371 1599 ταῖς
2394 1538 2624 1602 οἰκείαις
2657 1540 2915 1607 φυσικαῖς
2963 1537 3190 1607 ἰδιότησι
3221 1535 3340 1588 τότε
3391 1534 3487 1587 καὶ
3533 1531 3837 1585 συστάσεσι

2253 1624 2350 1683 καὶ
2365 1632 2577 1701 χροιαῖς
2591 1632 2687 1683 καὶ
2702 1622 2916 1693 λοιπαῖς
2936 1629 3185 1697 ποιότησι
3200 1628 3377 1697 πάντη
3394 1625 3618 1696 μένουσι
3641 1621 3837 1675 λοιπὸν

2253 1722 2397 1777 κατά
2435 1723 2595 1795 τήνδε
2620 1722 2721 1794 τὴν
2741 1723 2956 1785 ἕνωσιν,
2986 1718 3112 1775 οὒτε
3152 1720 3269 1772 ἔστι
3301 1717 3515 1789 θατέρῳ
3531 1714 3640 1769 τῶν
3673 1713 3836 1766 ίδίων

581 1807 792 1862 loribus
816 1818 874 1864 et
907 1809 1137 1880 reliquis
1174 1811 1535 1881 qualitatibus
1577 1790 1802 1882 penitus
1833 1821 2143 1871 remanent.

2258 1815 2440 1887 μερῶν
2464 1790 2718 1887 ὁμοιότης
2765 1816 2823 1867 ιν
2855 1814 2933 1883 τῷ
2972 1814 3347 1882 μαστιχήματι
3375 1806 3657 1878 σωζομένη
3690 1806 3836 1877 πρὸς

579 1907 769 1967 postea
800 1900 1105 1955 secundum
1127 1902 1275 1955 illam
1302 1901 1690 1957 adunationem
1739 1918 1841 1959 nec
1871 1911 1953 1957 est
1979 1904 2147 1958 alter-

582 1990 691 2044 utri
744 1993 1093 2061 propriarum
1131 1994 1369 2063 partium
1411 1993 1715 2048 similitudo
1758 1995 1815 2047 in
1855 1996 2148 2050 masticlies

580 2080 979 2148 compositione
1023 2091 1239 2137 servata
1282 2083 1349 2137 ad
1390 2099 1454 2137 ea
1502 2099 1625 2153 qua:
1672 2083 1918 2155 ejusdem
1962 2084 2148 2141 forma:

2253 1907 2323 1960 τὰ
2338 1908 2556 1980 ὁμοειδῆ
2575 1925 2590 1941 ο
2606 1906 2733 1961 οὔτε
2755 1908 2862 1976 γὰρ
2878 1906 3022 1977 χίας,
3050 1905 3172 1958 οὑδὲ
3191 1902 3361 1972 κηροῦ
3384 1918 3436 1954 τι
3449 1901 3632 1971 ὅμοιον
3650 1899 3835 1966 πάντη

2253 1998 2363 2070 ἔχει
2392 2001 2452 2053 τὸ
2473 2000 2727 2055 σύνθετον
2759 1998 3077 2070 μαστίχημα
3101 2012 3117 2029 ’
3158 1996 3323 2050 οὑδὲό
3356 1994 3618 2065 ἢλεκτρος
3648 1989 3835 2055 πάντη

2252 2091 2455 2159 χρυσοῦ
2494 2087 2633 2154 εἶδος
2661 2092 2756 2145 καὶ
2775 2089 3018 2161 ἀργύρου
3049 2088 3230 2151 σώζει.

579 2179 730 2224 sunt.
756 2172 868 2226 Nec
888 2172 1035 2227 enim
1060 2174 1185 2243 χίας
1214 2188 1319 2229 nec
1369 2190 1510 2229 cene
1541 2175 1720 2231 simile
1754 2176 1888 2239 quid
1921 2192 2148 2245 prorsus
2188 2183 2391 2237 retinet
2450 2182 2819 2252 compositum
2882 2179 3201 2242 masticbes,
3232 2191 3338 2232 nec
3366 2175 3635 2230 electrum
3669 2182 3839 2241 pror-

579 2280 674 2320 sus
712 2267 1067 2323 auriformam
1097 2277 1153 2322 et
1181 2271 1390 2339 argenti
1421 2278 1624 2323 servat.

650 2356 718 2410 Et
755 2357 801 2412 si
837 2358 918 2412 sic
953 2360 1139 2415 dicere
1178 2360 1245 2415 de
1275 2359 1498 2417 Christo
1536 2362 1698 2417 decet
1737 2363 2148 2431 adunationem,

577 2447 738 2502 vobis
774 2450 1199 2519 relinquendum
1225 2460 1288 2506 ut
1319 2452 1582 2523 iudicetis
1622 2454 1770 2523 quod
1825 2469 1929 2509 nec
1974 2454 2151 2525 reipsa

578 2539 745 2600 Deus,
768 2556 871 2595 nec
903 2542 1069 2597 homo
1098 2546 1190 2597 sit.
1255 2542 1312 2598 Si
1360 2559 1497 2599 vero
1546 2548 1731 2613 ipsum
1780 2544 2004 2614 quidem
2039 2560 2149 2599 non

567 2630 763 2685 «licitis
786 2632 886 2695 sic,
923 2633 1215 2703 quemdam
1243 2650 1376 2690 vero
1403 2635 1549 2690 inter
1568 2635 1775 2691 electos
1796 2636 1987 2691 Patres
2007 2635 2149 2690 hanc

578 2722 636 2775 in
668 2730 921 2776 naturam
949 2723 1343 2779 adunatiouem
1372 2725 1680 2781 ostendatis
1708 2724 2009 2789 dicentem.
2035 2739 2155 2780 ces-

579 2810 828 2866 sabimus
874 2828 904 2867 a
950 2815 1329 2869 controversia
1383 2816 1707 2881 vobiscum;
1754 2816 1797 2870 si
1840 2830 1974 2871 vero
2018 2814 2152 2870 illud

579 2901 934 2958 adunationis
958 2902 1015 2957 in
1049 2913 1303 2960 naturam
1350 2905 1548 2976 dogma
1579 2906 1906 2961 dilaniatum
1958 2915 2015 2960 et
2061 2920 2156 2960 ex-

583 3008 813 3062 pansum
850 2994 1154 3050 secundum
1194 2997 1500 3060 notionem,
1529 2997 1693 3065 quale
1722 3006 1827 3062 est,
1858 3011 1963 3050 nec
1993 2994 2154 3050 vobis

2331 2366 2440 2420 Καὶ⁵
2462 2367 2510 2419 εί
2534 2365 2705 2429 οὑτως
2724 2364 2904 2433 λέγειν
2931 2363 3023 2419 ἐπὶ
3040 2360 3277 2433 Χριστοῦ
3314 2356 3536 2426 εὔλογον
3566 2357 3668 2421 τὴν
3688 2357 3835 2412 ἔνω-

2260 2475 2365 2521 σιν,
2398 2458 2527 2528 ὑμῖν
2581 2454 3039 2524 ὲγκαταλειπτέον
3088 2453 3295 2522 κρῖναι,
3347 2450 3423 2513 ὡς
3467 2450 3601 2521 μήτε
3656 2449 3839 2514 ὅντως

2255 2548 2386 2601 Θεὸν
2418 2550 2555 2620 μήτε
2586 2546 2873 2617 ἄνθρωπον
2900 2540 3039 2599 εἶναι
3103 2546 3151 2597 εἱ
3181 2542 3237 2596 δὲ
3269 2542 3431 2596 αὑτὸν
3472 2542 3569 2611 μὲν
3598 2538 3658 2594 οὗ
3690 2558 3835 2610 φατε

2254 2640 2396 2704 τόδε,
2426 2639 2549 2693 τινὰ
2581 2639 2639 2693 δὲ
2689 2638 2799 2692 τῶν
2837 2636 3110 2704 ἐκκρίτων
3147 2635 3409 2704 Πατὲρων
3461 2633 3669 2703 ταύτην
3727 2630 3836 2703 τὴν

2256 2731 2339 2793 είς
2379 2731 2538 2798 φύσιν
2568 2729 2764 2783 ἕνωσιν
2796 2726 3022 2795 δείξοιτε
3052 2725 3301 2794 λέγοντα,
3344 2722 3673 2793 παυσόμεθα
3726 2724 3836 2792 τῆς

2257 2821 2395 2892 πρὸς
2441 2821 2585 2891 ὑμᾶς
2646 2818 3138 2891 ἀμφισϐητήσεωςσ
3177 2820 3225 2871 εί
3265 2815 3321 2870 δὲ
3374 2815 3493 2870 τόδε
3529 2814 3589 2868 τὸ
3623 2815 3722 2884 τῆς
3746 2816 3835 2878 εἰς

2260 2910 2422 2978 φύσιν
2448 2909 2691 2974 ἐνώσεως
2719 2908 2896 2979 δόγμα
2952 2907 3362 2978 διαξαινόμενον
3403 2906 3544 2960 κατά
3601 2905 3700 2976 τὴν
3738 2906 3835 2958 ἔν-

2259 3016 2430 3064 νοιαν,
2458 2992 2570 3052 οἷόν
2602 2998 2664 3052 τι
2708 2999 2846 3063 ἔστι,
2894 2997 3035 3069 μήτε
3065 2996 3196 3067 ὑμῖν
3242 2995 3492 3060 δεκτέον,
3540 2996 3675 3065 μήτε
3720 2996 3836 3050 τινὶ

582 3083 1004 3151 admittendum,
1033 3088 1417 3158 nectcuiquam
1463 3089 1733 3145 divinitus
1758 3088 2151 3158 inspiratorum

2255 3092 2363 3147 τῶν
2398 3091 2673 3163 θεοφόρων
2705 3089 2917 3154 λεκτὸν,
2949 3092 3066 3152 πῶς
3090 3091 3235 3144 δσιον
3258 3086 3431 3151 οὑτως
3450 3087 3541 3141 διὰ
3571 3086 3670 3158 τὴν
3689 3087 3831 3140 ’ἐνωοη

584 3174 901 3241 dicendum,
976 3179 1256 3247 quomodo
1323 3180 1534 3250 justum
1618 3180 1697 3235 sic
1765 3195 1865 3251 per
1944 3178 2155 3235 aduna—

586 3269 790 3323 tionem
814 3270 1145 3340 simpliciter
1197 3279 1293 3327 aut
1317 3271 1481 3327 etiam
1507 3271 1909 3335 exsistentiam,
1932 3270 2155 3324 unicam

584 3370 837 3414 naturam
869 3376 968 3417 vos
1001 3364 1343 3432 praetexere?
1374 3363 1494 3418 Non
1549 3372 1859 3419 metuentes
1895 3363 1985 3433 pie
2012 3362 2158 3418 sicut

586 3450 910 3507 divisionem
935 3454 1382 3509 convenientium
1411 3456 1485 3508 ita
1508 3464 1565 3509 et
1583 3470 1771 3509 earum
1793 3454 2154 3509 mutationem

584 3552 641 3596 et
678 3544 1058 3600 confusionem
1097 3561 1198 3615 per
1242 3544 1654 3617 imprudentem
1695 3560 1884 3600 vocem
1909 3546 2154 3601 subscri-

586 3631 717 3687 bere
736 3632 761 3686 Ἰ

664 3724 881 3779 Etenim
908 3733 966 3781 et
994 3726 1129 3783 illud
1158 3743 1266 3783 non
1299 3744 1398 3783 vos
1441 3737 1753 3798 praetereat,
1792 3728 1941 3797 quod
1974 3726 2157 3781 accin-

586 3815 692 3870 ctis
715 3814 781 3869 ad
805 3816 1074 3871 naturalia
1095 3832 1239 3887 saepe
1266 3818 1379 3873 visa
1400 3832 1485 3872 εει
1506 3827 1564 3872 et
1591 3816 1975 3872 distinctarum
2006 3815 2154 3870 exsi-

587 3906 917 3961 stentiarum
958 3907 1154 3963 ell‘ecta
1185 3908 1516 3978 quibusdam
1544 3907 1810 3962 naturalis
1850 3905 2153 3961 adunatio:

585 4004 743 4051 aceto
771 3999 1058 4068 supposito
1088 4010 1211 4069 post
1238 4014 1466 4070 parvum
1512 3999 1866 4053 intervallum
1925 4011 1999 4052 aes
2025 4011 2155 4066 sup-

584 4089 826 4158 positum
852 4090 1032 4160 ipsum
1064 4092 1288 4163 quidem
1330 4093 1535 4149 acescit
1563 4100 1726 4163 gustu
1775 4089 2151 4160 rubiginosus,

584 4188 642 4233 et
685 4180 907 4236 videtur
956 4183 1363 4252 quodammodo
1409 4186 1465 4240 in
1516 4181 1917 4252 compositione
1971 4180 2158 4235 made-

583 4269 791 4325 factum
834 4282 892 4328 et
938 4273 1217 4341 effusum;
1273 4286 1491 4330 acetum
1536 4290 1670 4329 vero
1714 4272 2062 4329 convolvitur
2097 4273 2152 4326 in

585 4364 1012 4420 crassitudinem
1038 4366 1431 4422 condensatam
1451 4367 1504 4421 in
1525 4364 1984 4435 coagulationem,
2008 4377 2155 4416 ama-

585 4453 758 4508 rescit
807 4465 995 4521 qustu,
1025 4465 1082 4512 et
1111 4457 1297 4528 aliquo
1327 4459 1490 4514 modo
1534 4460 1720 4514 colore
1762 4460 2059 4515 erubescit.
2088 4459 2156 4514 Et

583 4545 917 4616 simpliciter
958 4548 1264 4604 miscentur
1294 4550 1475 4620 quoad
1522 4551 1801 4606 naturales
1838 4552 2153 4617 qualitates,

582 4647 639 4690 et
671 4638 981 4707 separantia
1016 4648 1072 4694 et
1107 4651 1356 4711 separata
1411 4641 1594 4709 quoad
1661 4642 2000 4714 liypostases.
2035 4643 2157 4698 Non

582 4744 715 4799 ergo
736 4730 1001 4787 adunatio
1025 4730 1080 4785 in
1104 4741 1360 4787 naturam
1388 4733 1766 4799 indivisibilis,
1788 4734 2155 4790 adunatorum

585 4820 751 4875 ﬁdem
781 4822 932 4888 facit,
965 4824 1060 4878 sed
1100 4832 1309 4878 tantum
1358 4825 1682 4879 mutationis
1712 4825 1929 4881 illorum
1961 4841 2158 4881 secun-

584 4909 716 4965 dum
748 4912 1043 4967 essentiam
1097 4913 1151 4967 in
1200 4915 1572 4970 ostensionem
1620 4916 1859 4971 sumitur
1900 4924 1957 4971 et
2009 4916 2157 4972 clare

582 5003 887 5074 cogitatur;
921 5004 1059 5061 illud
1089 5008 1237 5062 enim
1270 5007 1493 5077 proprie
1517 5006 1717 5063 exinde
1745 5007 2015 5077 sequitur.

657 5184 764 5240 Sed
788 5186 869 5241 sic
900 5184 1122 5255 quidem
1158 5186 1270 5249 illa,
1322 5192 1384 5241 ut
1411 5200 1481 5241 ex
1509 5185 1850 5241 abundantia
1896 5185 2155 5240 ostenda-

588 5292 713 5330 mus
758 5291 879 5341 vos,
928 5275 1059 5345 quid
1091 5290 1197 5330 nec
1218 5275 1361 5331 hanc
1396 5274 1692 5330 absurdam
1746 5273 2033 5329 audaciam
2070 5273 2156 5327 di—

586 5366 959 5438 ctionisjuxta
992 5366 1278 5436 proprium
1316 5367 1595 5437 ingenium
1636 5366 1939 5432 habetis,ut
1982 5366 2155 5419 nostri

585 5459 880 5529 propiores
904 5459 1203 5525 acccdatis,
1228 5469 1445 5515 tantum
1487 5475 1625 5515 vero
1652 5476 1749 5529 per
1795 5459 2157 5530 sympathiam

586 5551 879 5620 quamdam
907 5564 961 5606 et
992 5553 1399 5623 imprudentem
1452 5568 1659 5608 morem
1718 5562 1775 5606 et
1818 5553 2156 5621 inexpertem

587 5644 1096 5713 praesumptionem,
1134 5646 1222 5699 illa
1278 5662 1303 5700 ιι
1338 5646 1617 5715 primitiva
1662 5654 1714 5698 et
1777 5660 1900 5698 vera
1958 5642 2157 5711 pictati-

594 5735 980 5805 abalienantia,
1039 5747 1091 5791 et
1142 5738 1517 5793 llmrezsiarelm'
1564 5737 1689 5790 farti
1744 5734 2092 5807 ςρληηείεγιὶτῑὶ
2132 5754 2157 5786 n

2260 3202 2345 3241 σιν
2372 3183 2622 3255 ἀπλῶςῆ
2656 3182 2751 3237 καὶ
2803 3182 2903 3253 τὴν
2942 3180 3263 3246 ὑπόστασιν,
3323 3178 3423 3251 τὴν
3481 3177 3613 3249 μίαν
3664 3176 3837 3248 φύσιν

2260 3277 2405 3346 ὑμᾶς
2466 3272 2935 3347 προφασίζεσθαις
3006 3272 3081 3342 μὴ
3145 3270 3529 3342 ὀρρωδοῦντας
3587 3269 3835 3333 εὐσεϐῶς

2256 3366 2445 3438 ὥσπερ
2464 3368 2563 3436 τὴν
2592 3366 2856 3438 διαίρεσιν
2879 3364 2988 3417 τῶν
3007 3363 3391 3423 συνελθόντων.
3416 3362 3588 3427 οὕτως
3612 3363 3705 3417 καὶ
3732 3362 3838 3434 τὴν

2257 3458 2465 3531 τροπὴν
2499 3457 2680 3512 αὑτῶν
2707 3456 2802 3509 καὶ
2834 3453 3115 3526 σύγχυσιν,
3164 3453 3255 3509 διὰ
3290 3452 3392 3525 τῆς
3423 3452 3837 3526 ἀπεριπὲπτου

2259 3549 2443 3619 φωνῆς
2461 3546 2801 3618 ὑπογράφειν
2818 3562 2833 3613 ;

2330 3722 2442 3776 Καὶ
2470 3721 2580 3795 γὰρ
2603 3722 2824 3778 κάκεῖνο
2851 3724 2926 3796 μὴ
2956 3724 3219 3793 ἀγνοείτω
3253 3724 3419 3795 ὑμᾶς,
3449 3723 3525 3788 ὡς
3558 3725 3671 3787 τοῖς
3704 3726 3837 3795 περὶ

2261 3812 2469 3884 φυσικά
2489 3805 2964 3886 γεγυμνασμένοις
3003 3815 3160 3888 ὤφθη
3218 3815 3481 3880 πολλάκις
3506 3815 3602 3869 καὶ
3648 3814 3837 3870 διακε-

2259 3908 2535 3979 κριμένων
2583 3908 2695 3965 τῶν
2745 3910 3101 3966 ὑποστάσεων
3151 3910 3417 3982 γενομένη
3463 3910 3576 3964 τισὶ
3623 3912 3834 3984 φυσικὴ

2258 3996 2453 4060 ἕνωσις
2470 4013 2492 4068 ’ρ
2525 3997 2604 4069 τῷ
2631 3997 2741 4071 γὰρ
2765 3998 2877 4065 δξει
2910 3999 3257 4071 ὑποκειμένῳ
3285 3999 3344 4064 ἐξ
3396 3998 3581 4069 ὀλίγου
3607 3999 3835 4072 διαστή-

2262 4102 2431 4157 ματος
2469 4086 2827 4157 ὑποκείμενος
2871 4088 3088 4161 χαλκός,
3118 4089 3281 4154 αὐτὸς
3332 4090 3428 4160 μὲν
3476 4089 3725 4155 ὀξύνεταί
3770 4107 3835 4143 τε

2258 4176 2357 4247 τὴν
2384 4175 2571 4245 γεῦσιν
2605 4176 2872 4249 ίούμενος,
2901 4179 2996 4232 καὶ
3019 4177 3302 4241 όπτίζεταί
3335 4194 3453 4241 πως
3492 4176 3594 4247 τὴν
3629 4174 3838 4232 σύστα-

2262 4283 2347 4320 σιν
2374 4266 2781 4339 ὲκδιαινόμενος
2811 4268 2906 4322 καὶ
2930 4268 3292 4340 ἀναχεόμενος
3313 4283 3328 4299 ο
3364 4266 3427 4321 τὸ
3461 4268 3520 4320 δὲ
3566 4265 3687 4331 ὅξος
3736 4283 3837 4321 συ-

2263 4356 2557 4429 στρέφεται
2582 4375 2644 4411 τε
2683 4361 2764 4422 είς
2793 4358 3083 4431 παχύτητα
3110 4357 3462 4428 γλοιοὺμενον
3484 4356 3588 4429 τὴν
3628 4354 3839 4411 σύστα-

2189 4437 2236 4497 D
2264 4464 2368 4516 σιν,
2416 4449 2766 4522 πικραίνεται
2797 4467 2858 4504 τε
2906 4449 3007 4522 τῂν
3030 4449 3241 4521 γεῦσιν,
3292 4449 3387 4504 καὶ
3416 4447 3690 4520 ὲρνθαίνει
3717 4465 3839 4513 πως

2258 4542 2319 4594 τδ
2367 4541 2592 4613 χρῶμα’
2624 4541 2721 4596 καὶ
2766 4542 2957 4606 ἀπλῶς
2989 4542 3396 4614 ἀντικίρνανται
3450 4540 3549 4604 τὰς
3596 4540 3835 4609 φυσικὰς

2260 4632 2570 4701 ποιότητας,
2604 4634 2698 4686 καὶ
2724 4632 2987 4686 διεστῶτα
3004 4649 3063 4684 τε
3093 4632 3187 4685 καὶ⁸
3207 4631 3542 4703 διωρισμένα
3576 4630 3675 4695 τὰς
3702 4630 3838 4685 ὑπο-

2261 4724 2511 4790 στάσεις-ε
2546 4726 2645 4779 οὑκ
2672 4727 2781 4795 ἄρα
2810 4721 2903 4780 οὖν
2938 4727 2971 4796 ἡ
3004 4728 3084 4790 είς
3112 4725 3273 4796 φύσιν
3299 4725 3492 4789 ἓνωσις
3527 4725 3625 4779 τοῦ
3660 4724 3837 4779 ἀδιαι-

2260 4817 2439 4886 ρέτου,
2480 4817 2589 4872 τῶν
2633 4818 2941 4872 ἑνωθέντων
2988 4818 3273 4886 πίστωσις,
3322 4818 3459 4872 ἀλλά
3521 4817 3684 4888 μόνον
3731 4817 3833 4887 τῆς

2260 4912 2589 4966 κατόὑσίαν
2615 4911 2954 4976 ἀλλοιώσεως
2997 4911 3176 4965 αὑτῶν
3237 4913 3319 4974 εἰς
3350 4910 3517 4977 δεῖξιν
3560 4911 3834 4983 λαμϐάνευ

2256 5020 2347 5057 τας
2396 4989 2489 5059 καὶ
2551 5006 2751 5059 νοεῖται
2806 5004 3025 5074 σαφῶς’
3076 5006 3240 5060 τοῦτο
3278 5004 3389 5075 γὰρ
3442 5004 3589 5073 ίδίως
3641 5005 3835 5058 ἕπεται

2258 5095 2404 5149 τῐδε.

2344 5186 2482 5238 Ἀλλ’
2523 5184 2697 5243 οὕτως
2734 5186 2833 5255 μὲν
2877 5187 3028 5252 τάδε,
3064 5187 3152 5242 ενα
3204 5193 3268 5241 ὲκ
3308 5187 3631 5258 περιουσίας
3687 5189 3833 5257 ὑμᾶς

2259 5277 2543 5347 δείξωμεν,
2590 5278 2664 5341 ὡς
2689 5278 2809 5331 οὑδὲ
2854 5278 3014 5343 τήνδε
3042 5281 3142 5347 τὴν
3185 5280 3379 5348 ἄλογον
3433 5280 3685 5349 ἀφορμὴν
3736 5279 3837 5349 τῆς

2260 5370 2604 5433 ταυτολεξίας
2651 5369 2801 5440 ἔχετε
2835 5372 2913 5434 εἰς
2943 5370 3042 5438 τὴν
3068 5370 3293 5435 διένεξιν
3332 5371 3434 5441 τὴν
3475 5370 3611 5440 πρὸς
3661 5372 3835 5440 ἡμᾶς.

2266 5463 2422 5530 μόνον
2445 5462 2501 5514 δὲ
2526 5462 2614 5514 διά
2643 5478 2765 5515 τινα
2796 5461 3174 5532 προσπάθειαν
3218 5462 3312 5515 καὶ
3372 5461 3658 5527 ἀλόγιστον
3712 5477 3837 5513 συν·

2264 5554 2448 5623 ήθειαν
2476 5553 2569 5605 καὶ
2596 5551 2952 5605 ἀϐασάνιστον
2985 5552 3253 5622 πρόληψιν
3290 5553 3417 5623 περὶ
3451 5551 3545 5605 τοῦ
3598 5551 3837 5621 ἀρχῆθεν

2263 5647 2357 5711 τῆς
2379 5643 2610 5714 ἀληθοῦς
2634 5642 2914 5706 εὐσεϐείας
2954 5644 3380 5714 ἀποδεδρακότα.
3415 5647 3509 5697 καὶ
3560 5645 3834 5713 αἰρεσιαρι

2699 5754 2715 5763 '
2751 5734 3070 5786 ἀυαθξτετθτ
3129 5735 3284 5783 rvi-7v
3342 5736 3369 5782 9'-
3432 5736 3527 5785 τῖ’-ι’
3570 5735 3747 5785 03‘???)

2701 5777 2713 5798 ξ
2799 5776 2811 5802 ι
2860 5788 2868 5800 ι
2921 5777 2967 5800 ῗ⁴
3055 5779 3069 5787 ’⁷
3149 5791 3178 5804 ,⁸
3296 5781 3304 5797 9
3363 5789 3370 5805 ι
3485 5785 3494 5805 ι
3570 5775 3591 5802 Γ
3754 5775 3768 5797 9

2860 5788 2868 5800 ι
2926 5790 2935 5800 ι
3149 5794 3157 5802 .
3169 5791 3178 5804 Α
3298 5788 3303 5797 ί
3363 5789 3370 5805 ο

2267 5737 2530 5797 νηίτῖιηττς
2564 5735 2715 5804 ὑμεῖς
2751 5735 3070 5802 ἀ’;ο”ἷῖετθε
3129 5735 3304 5804 ἧς’ῗη.
3570 5736 3591 5802 β
