4094 6334
276 364 405 430 l8l7

1434 377 1726 440 CONTRA
1769 378 2364 442 MONOPHYSITAS.

268 481 391 540 τοὺς
424 479 669 549 γραφέας
699 483 1067 554 χορηγοῦντες
1100 487 1255 555 ὑμεῖς
1280 490 1731 564 μὴ-ἀποκᾶμητεο
1757 494 1831 549 κα⁴

1953 497 2138 563 nobis,
2164 507 2260 552 aut
2311 498 2538 552 bihliam
2584 507 2680 552 aut
2733 500 3034 570 scriptorcs
3074 501 3363 573 dirigendo
3421 520 3519 559 vos

267 571 365 622 οὐκ
393 571 736 640 ἑκλείψωμεν
759 574 891 644 ὑμῖν
914 575 1000 628 διὰ
1027 575 1142 646 βίον
1170 581 1372 643 παντὸς
1395 571 1673 653 Πατρικᾶς
1696 588 1838 656 χρή-

269 675 383 722 σεις
411 662 834 727 κατεπάὸοντες,
873 665 959 719 ἵνα
984 667 1078 720 τοῦ
1106 669 1242 739 πρὸς
1271 674 1423 741 ἡμᾶς
1461 675 1839 746 ἀγριαίνεσθαι

265 750 760 817 ύποθωπεύσαντες
810 758 1268 830 καταπαύσωμεν.

337 838 400 891 Εἰ
419 839 477 892 δὲ
499 841 592 893 καὶ
619 843 776 896 τοῦτο
799 844 928 915 ὑμῖν
959 849 1233 917 φορτικὸν,
1294 851 1416 903 ὅσον
1451 851 1515 904 ἐκ
1548 854 1836 925 προχείρου

260 927 454 996 ἀρκεῖν
481 933 575 984 καὶ
600 934 680 992 είς
715 933 1031 1008 σύμμετρον
1059 937 1280 1007 ἔλεγχον
1314 940 1683 1012 ἀποχρώντως
1700 944 1836 1012 ἔχει,

258 1019 401 1081 τέως
459 1023 847 1095 παραθήσομεν
906 1027 1054 1098 ὑμῖν,
1110 1032 1170 1084 οὐ
1211 1033 1372 1102 μόνον
1433 1034 1540 1087 τῶν
1570 1035 1838 1105 ἐκκρίτων

256 1109 291 1178 ἠ
302 1108 425 1176 μῶν
455 1111 716 1182 [πατέρων
741 1117 1069 1188 μαρτυρίαις
1094 1120 1471 1186 δυσωποῦντες
1511 1123 1710 1177 είδέναι
1739 1123 1836 1195 φύ·

259 1216 382 1263 σεις
432 1203 524 1254 ἐπὶ
552 1204 646 1256 τοῦ
701 1208 906 1278 Κυρίου
957 1195 1271 1282 σωζομένας
1326 1215 1462 1282 μετὰ
1491 1217 1590 1284 τῆν
1619 1215 1835 1282 ἕνωσιν,

256 1292 402 1346 ἀλλὰ
450 1295 545 1347 καὶ
610 1296 718 1349 τῶν
750 1298 1034 1371 ὑμετέρων
1093 1302 1490 1372 καθηγεμόνων
1544 1306 1837 1376 ὁμολογίας

257 1382 394 1453 περὶ
427 1385 622 1440 τούτου
644 1389 976 1458 προάγοντες
995 1409 1008 1421 ·
1031 1394 1080 1445 εί
1111 1393 1189 1457 δὲ,
1223 1393 1300 1456 ὡς
1331 1393 1452 1458 ἔθος
1476 1395 1605 1465 ὑμῖν
1637 1396 1837 1449 πολλά-

255 1489 369 1537 κις,
415 1474 828 1543 γελωτοποιεῖτσ
883 1483 978 1536 καὶ
1035 1486 1171 1558 πρὸς
1196 1487 1370 1539 ταῦτα
1419 1487 1836 1558 ὲφευρίσκοντες

252 1563 466 1633 λέγειν,
485 1563 570 1630 ’ὡς
593 1569 810 1639 ἀληθῶς
841 1572 1032 1640 φύσεις
1074 1575 1174 1643 μὲν
1206 1577 1476 1647 εἴρηνται,
1515 1578 1630 1630 ἀλλ’
1657 1579 1718 1632 ού
1743 1578 1837 1631 δύο

258 1655 406 1724 μετὰ
433 1657 532 1727 τὴν
558 1657 752 1713 ἕνωσιν
783 1661 874 1714 ἐπὶ
902 1663 996 1716 τοῦ
1029 1666 1257 1735 Κυρίου,
1291 1669 1419 1738 ὑμῖν
1443 1669 1836 1740 ἐγκαταλείψε-

258 1763 366 1815 μεν
389 1748 452 1801 τὸ
471 1749 658 1805 λοιπὸν
678 1751 949 1807 διδάσκειν
974 1757 1119 1826 ἡμᾶς
1148 1758 1280 1822 ὅσας
1309 1758 1429 1812 δέον
1453 1762 1612 1814 τάσδε
1667 1765 1830 1829 νοεῖν,

1947 603 2058 641 non
2089 587 2360 643 insudatis
2408 605 2423 655 ;
2454 603 2556 642 nec
2589 588 2747 652 vobis
2783 589 3159 658 relinquamus
3207 606 3306 660 per
3349 599 3516 645 totam

1945 679 2117 734 vitam
2143 679 2668 734 Patrumsermones
2695 680 3123 749 permulcentes,
3153 690 3210 735 et
3232 680 3518 736 blandien-

1945 781 2030 826 tcs
2071 771 2140 825 ab
2183 771 2554 827 exulceranda
2589 772 2645 827 in
2690 788 2811 834 nos,
2857 772 2914 826 in
2955 787 3089 842 pace
3139 773 3514 843 quiescamus.

2017 863 2073 918 Si
2109 879 2242 918 vero
2273 865 2438 918 etiam
2473 864 2603 918 illud
2628 864 2784 918 vobis
2819 863 3218 934 importunum,
3251 874 3516 934 quantum

1943 953 2180 1009 faciliter
2209 953 2340 1009 satis
2363 969 2484 1008 esse
2511 966 2567 1008 et
2593 955 2648 1008 in
2676 954 2933 1008 idoneam
2963 954 3344 1024 probationem
3369 955 3516 1009 suni-

1943 1045 2096 1100 ciens
2125 1054 2230 1110 est,
2265 1044 2444 1114 primo
2467 1045 2766 1100 oﬂ'eremus
2790 1045 2948 1100 vobis
2974 1060 3085 1100 non
3115 1045 3292 1100 solum
3313 1047 3518 1101 eleclo-

1945 1152 2067 1190 rum
2097 1136 2318 1190 Patrum
2350 1144 2666 1191 nostrorum
2699 1136 3030 1190 testimoniis
3061 1151 3186 1190 cum
3215 1135 3514 1191 diﬁidentia

1943 1224 2211 1279 habentes
2243 1233 2468 1280 naturas
2493 1225 2637 1280 circa
2676 1224 2970 1280 Dominum
3002 1227 3144 1282 scire
3185 1226 3517 1282 salvitlcatas

1942 1321 2068 1381 post
2099 1311 2510 1376 adunationem,
2546 1315 2643 1369 sed
2690 1323 2746 1370 et
2797 1323 3107 1370 vestrorum
3143 1315 3346 1372 ducum
3378 1334 3510 1371 con-

1940 1400 2210 1456 fessiones
2245 1402 2313 1457 de
2369 1403 2474 1458 hoc
2509 1404 2880 1472 proferemus.
2919 1404 2978 1460 Si
3009 1421 3159 1471 vero,
3185 1407 3328 1461 sicut
3357 1407 3515 1462 vobis

1942 1503 2083 1558 saepe
2114 1504 2233 1545 mos
2282 1499 2389 1556 est,
2437 1491 2686 1556 rideatis,
2735 1500 2792 1546 ct
2859 1493 2927 1547 ad
2989 1493 3097 1551 hoc
3138 1495 3514 1566 excogitantes

1941 1579 2128 1635 dicere
2173 1581 2322 1650 quod
2376 1597 2505 1635 vere
2552 1589 2766 1638 natura:
2812 1582 3034 1652 quidem
3085 1585 3367 1649 dicentur,
3417 1586 3544 1641 sed.

1941 1687 2051 1726 non
2097 1669 2208 1725 duo
2250 1680 2372 1740 post
2423 1670 2812 1725 adunationem
2854 1671 2923 1726 de
2960 1670 3202 1738 Christo,
3233 1673 3394 1730 vobis
3421 1689 3511 1727 rc-

1943 1762 2189 1817 manebit
2224 1769 2282 1816 ut
2333 1761 2610 1831 reliquum
2654 1761 2900 1817 doceatis
2942 1777 3086 1827 nos.
3112 1773 3249 1832 quot
3295 1769 3515 1833 oportet

253 1839 420 1909 εἰπερ
448 1839 558 1911 ἄρα
581 1842 681 1912 τὴν
721 1843 882 1912 φύσιν
915 1849 1109 1901 ταυτδν
1141 1848 1256 1902 ῐστε
1287 1845 1426 1904 εἶναι
1468 1853 1561 1904 καὶ
1589 1853 1687 1916 τὰς
1735 1853 1831 1922 φύ-

1941 1855 2042 1909 has
2084 1855 2343 1923 cegitare,
2379 1855 2425 1908 si
2456 1868 2589 1922 ergo
2618 1863 2872 1908 naturam
2908 1854 3088 1923 ipsum
3133 1854 3288 1909 scitis
3313 1869 3433 1909 esse
3458 1857 3516 1907 c't

256 1945 400 1995 σεις,
430 1934 574 1987 κατά
597 1951 659 2002 γε
694 1936 758 1989 τὺ
786 1938 954 1991 ποσὸν
979 1937 1251 2010 νοούμενα
1271 1958 1284 1970 ·
1323 1941 1573 2014 οὐδὲθγὰρ
1621 1945 1835 2015 τοιῆσδε

254 2023 503 2089 ἀμαθίας
559 2026 899 2095 κατάγνωσιν
951 2029 1184 2100 φέρετε,
1241 2033 1314 2104 μὴ
1363 2033 1729 2105 διακρίνοντες
1775 2039 1836 2090 τὸ

255 2113 440 2165 ἑνικὸν
462 2114 569 2168 ἀπὸ
593 2117 688 2170 τοῦ
716 2116 1106 2188 πληθυντικοῦ,
1137 2122 1197 2186 ἐξ
1225 2123 1472 2195 ἀνάγκης
1493 2125 1525 2196 ἢ
1564 2126 1780 2191 πλείους
1801 2129 1831 2200 ἢ

251 2203 354 2256 δύο
380 2205 505 2273 τότε
531 2207 811 2278 ἐλάχιστον
839 2208 1041 2265 δώσετε
1069 2207 1210 2267 εἶναι
1235 2214 1397 2269 τάσδε
1436 2215 1514 2286 τῷ
1562 2217 1713 2289 ποσῷ
1737 2218 1834 2282 τὰς

250 2295 483 2360 ἐνούσας
509 2299 748 2369 Χριστῷ,
777 2301 872 2356 καὶ
903 2301 1069 2366 οὔσας
1097 2305 1353 2376 Χριστὸν,
1388 2307 1484 2360 καὶ
1510 2309 1568 2361 ὲν
1604 2304 1691 2372 αἷς
1717 2312 1834 2364 ἐστι

251 2385 494 2454 Χριστός
513 2403 528 2417 '
558 2390 622 2441 ἐκ
651 2390 745 2442 δύο
770 2391 878 2462 γὰρ
910 2393 1002 2445 καὶ
1029 2393 1189 2463 μόνον
1215 2395 1502 2463 ἀτρέπτων
1520 2398 1613 2452 καὶ
1635 2400 1836 2470 ἀμειώ-

248 2495 366 2531 των
433 2480 598 2550 καὶὴ
655 2481 848 2546 ἓνωσις
877 2485 1113 2554 Χριστοῦ
1169 2486 1504 2562 ὡμολόγητο
1552 2493 1648 2543 καὶ
1701 2493 1832 2562 ὑμῖν

251 2573 352 2623 καὶ
372 2573 537 2641 ἡμῖν·
577 2573 718 2643 πλὴν
748 2575 839 2627 καὶ
865 2575 960 2629 δύο
991 2577 1172 2646 ῥητῶς
1219 2579 1480 2648 λέγοντας
1530 2583 1831 2653 δείξωμενο

248 2663 317 2715 ού
353 2663 516 2730 μόνον
564 2664 620 2717 δὲ
678 2664 855 2727 τοῦτο,
907 2667 1041 2722 ἀλλὰ
1096 2669 1191 2722 καὶ
1242 2671 1344 2740 τὴν
1403 2673 1830 2745 ἀντιλεγομένην

249 2754 388 2823 ἡμῖν
419 2752 550 2822 μίαν
583 2754 766 2822 φύσιν.
796 2757 865 2827 ἦν
893 2775 1057 2827 φασιν
1086 2759 1216 2825 οἵδε,
1243 2762 1526 2832 προδήλως
1573 2765 1830 2818 ἀποδοκιο

250 2845 552 2913 μὰζοντας,
589 2847 678 2900 ἵνα
715 2848 877 2919 μηδὲν
897 2850 1028 2921 ἡμῖν
1054 2853 1134 2915 εἰς
1168 2852 1468 2918 παντελοῦς
1517 2855 1843 2927 ἀνατροπῆς

247 2937 449 3017 χρείαν
476 2937 834 3008 ὑπολείπηται
863 2940 999 3010 πρὸς
1039 2941 1240 3007 αύτούς
1260 2959 1275 2974 ’
1307 2945 1528 3016 πρῶτον
1584 2947 1684 3016 μὲν
1738 2943 1832 3001 οὖν

246 3027 380 3089 τοὺς
409 3029 1007 3099 οἱονεὶύπογραφικοὺς
1038 3033 1297 3103 ὁρισμοὺς
1319 3035 1558 3105 Χριστοῦ
1589 3037 1695 3090 ὑπὸ
1724 3037 1830 3092 τῶν

247 3119 517 3190 Πατέρων
586 3121 914 3193 εἰρημένους
973 3123 1305 3179 ἀκουστέον*
1365 3144 1500 3197 φασι
1567 3130 1676 3201 γὰρ
1736 3129 1831 3184 οῦ-

243 3222 381 3272 τως⁹

253 3392 331 3448 TI
379 3386 555 3445 ΕΣΤΙ
600 3391 985 3446 ΧΡΙΣΤΟΣΟ
1038 3395 1583 3450 ΠΡΟΣΚΥΝΗΤΟΣ
1614 3398 1825 3452 ΗΜΙΝ.

867 3506 1249 3564 ’Δθανασίοω

324 3643 345 3670 ι
374 3623 512 3690 Θεὸς
549 3625 647 3679 καὶ
662 3624 950 3696 ἅνθρωπος
971 3626 1001 3678 ὁ
1029 3625 1213 3689 αὐτὸς,
1253 3619 1333 3688 εἷς
1360 3623 1438 3678 ὣν
1487 3625 1611 3679 καθ’
1655 3623 1834 3696 ῦπαρ-

244 3718 355 3784 ξιν,
387 3717 652 3787 ἀνελλιπῆ
681 3717 750 3771 τὰ
777 3717 1034 3788 ἑκάτερα.
1069 3735 1089 3770 ι
1116 3716 1182 3770 Τί
1201 3717 1259 3772 δέ
1290 3718 1409 3771 ἑστι
1441 3717 1569 3772 τάδε
1596 3717 1666 3770 τὰ
1695 3718 1831 3772 ἑκά-

242 3827 411 3879 τερα,
450 3810 546 3863 καὶ
573 3808 629 3862 τί
649 3807 781 3872 Θεὸς
812 3809 905 3861 καὶ
932 3808 1238 3880 ἄνθρωπος,
1261 3807 1459 3863 εῐπατε
1496 3810 1546 3863 εί
1573 3807 1768 3879 φύσεις
1793 3807 1828 3878 ἢ

277 3901 408 3955 bri:

242 3920 411 3973 οοχι;

873 3991 1214 4047 Βασιλείαν.

321 4101 343 4136 ι
379 4081 584 4154 Θεότης
608 4080 836 4152 ὶμψύχῳ
864 4083 1030 4154 σαρκὶ
1055 4081 1396 4153 κεχρημένη.
1430 4101 1448 4134 ι

863 4195 986 4261 Γρη
995 4193 1219 4263 βορίου.

323 4304 345 4337 ι
378 4281 559 4352 Καινὴ
602 4282 771 4353 μίξις,
809 4282 941 4345 Θεὸς
972 4282 1065 4336 καὶ
1091 4281 1400 4354 ἄνθρωπος,
1430 4282 1488 4336 ἓν
1507 4281 1566 4348 ἐξ
1590 4285 1822 4354 ἀμφοῖν,

241 4378 348 4432 καὶ
380 4376 451 4430 δι’
475 4375 596 4439 ἐνὸς
617 4373 927 4446 ἀμφότερα.
970 4391 988 4425 ι

878 4483 990 4538 Τοῦ
1017 4486 1224 4541 αὐτοῦ.

321 4597 340 4630 ι
382 4578 594 4648 Κρᾶσις
623 4575 760 4631 Θεοῦ
784 4578 878 4632 καὶ
913 4577 1135 4648 σαρκὸς.
1161 4576 1250 4630 διὰ
1302 4577 1474 4649 μέσης
1493 4577 1689 4649 ψυχῆς·
1707 4597 1823 4632 voe-

241 4673 376 4741 ρᾶς,
406 4655 795 4740 μεσιτευούσης
828 4669 1043 4736 θεότητι
1069 4669 1162 4723 καὶ
1191 4669 1392 4741 σαρκὸς
1423 4669 1719 4741 παχύτητι.
1755 4701 1826 4710 -

254 4761 319 4813 '0
355 4759 488 4822 Tib;
533 4759 668 4813 Θεοῦ
699 4759 798 4824 ὢν,
843 4761 937 4813 καὶ
985 4758 1111 4823 Tib;
1167 4759 1459 4830 ἀνθρώπου
1506 4761 1822 4830 γενόμενος,

242 4852 423 4922 ἇμςω
450 4843 530 4912 εἷς
561 4849 692 4913 Υἱὸς
724 4851 821 4904 καὶ
847 4849 1000 4912 Θεὸς,
1026 4849 1120 4902 τοῦ
1159 4850 1466 4920 κρείττονος
1489 4851 1821 4920 ὲκνικήσαν-

241 4958 361 5004 τος.
421 4959 442 4992 ›
508 4940 695 4995 Ἔστιν
756 4939 867 5012 ἄρα
919 4941 980 4992 τδ
1023 4940 1245 5012 νικηθὲν
1311 4942 1408 4994 καὶ
1453 4942 1514 4995 τὸ
1567 4942 1822 5013 νικῆσαν.

244 5064 324 5077 --
356 5050 377 5081 ι
423 5031 805 5102 ’Δνθρωπότης
833 5031 1118 5101 χρισθείσα
1148 5032 1384 5102 θεότητι,
1422 5033 1520 5087 καλ⁸
1559 5033 1824 5104 γενομένη

243 5123 394 5192 ὅπερ
424 5121 487 5174 τὸ
513 5123 726 5192 χρίσαν,
753 5122 847 5174 καὶ
876 5115 989 5175 οἷον
1024 5123 1196 5175 εἰπεῖν
1227 5123 1476 5194 ὀμόθεος.
1499 5143 1518 5176 ι

883 5237 937 5288 Κ
939 5235 1031 5303 ινρί
1032 5238 1209 5291 .uov.

327 5345 348 5375 ι
389 5321 482 5386 Εἷς
509 5324 683 5388 biiab;
701 5323 799 5378 καὶ
830 5325 1139 5396 ἄνθρωπος.
1173 5329 1200 5379 ὁ
1226 5327 1386 5390 αὐτὸς
1411 5326 1569 5380 τοῦτο
1601 5328 1822 5380 κάκεῖνο

245 5417 516 5489 ὑπάρχων
545 5433 604 5468 τε
639 5418 735 5469 καὶ
780 5415 1088 5486 νοούμενος.
1134 5448 1205 5458 --
1250 5419 1310 5471 '0
1347 5419 1441 5472 τοῦ
1492 5419 1627 5472 Θεοῦ
1656 5419 1826 5486 Λόγος

247 5510 348 5560 καὶ
375 5507 502 5568 Υἱὸς
528 5506 954 5577 ἐνανθρωπήςξας
1004 5507 1099 5560 καὶ
1138 5510 1578 5579 σεσαρκωμένος.
1601 5542 1666 5550 —-
1698 5509 1830 5570 Θεὸς

246 5600 306 5650 ἐν
332 5593 630 5663 προσλήψει
655 5595 856 5664 σαρκὶς
877 5595 1079 5668 vesp-'7);
1103 5594 1480 5665 ἓψυχωμένης,
1533 5597 1828 5664 abbate-"51;

245 5687 509 5759 γενέσθαι
531 5688 624 5739 καὶ
656 5686 1155 5756 ἅνθίιιιπος.σ-υΜέα
1181 5690 1339 5756 φύσις
1364 5691 1458 5741 τοῦ
1487 5691 1621 5742 Θεοῦ
1655 5692 1827 5761 Μ-,νν-ἰ

244 5775 666 5847 σςσαρκωμένη.
712 5795 726 5817 ι

1858 4508 1912 4568 D

1943 1954 2189 2008 naturas,
2214 1943 2442 1998 relative
2468 1943 2536 1997 ad
2559 1943 2924 2013 quantitatem
2949 1943 3207 2013 cogitata.
3236 1943 3350 1998 Nec
3363 1945 3513 1998 enim

1943 2047 2106 2092 tantm
2137 2036 2540 2092 damnationem
2593 2035 2840 2090 toleratis
2888 2036 3228 2106 ignorantiae,
3263 2037 3511 2106 singula-

1942 2127 2160 2181 ritatem
2202 2140 2231 2178 a
2265 2123 2578 2194 pluralitate
2609 2138 2719 2176 non
2750 2122 3152 2186 discernentes,
3198 2123 3514 2178 necessario

1941 2217 2055 2270 sive
2088 2216 2274 2284 plures
2301 2214 2416 2269 sive
2445 2212 2583 2267 duas
2606 2211 2674 2266 ad
2705 2211 2992 2266 minimum
3022 2227 3144 2266 esse
3167 2211 3372 2265 dabitis
3394 2211 3516 2265 illas

1942 2309 1996 2362 in
2027 2308 2338 2377 quantitate
2385 2305 2715 2361 exsistentes
2763 2305 2820 2358 in
2860 2303 3080 2358 Christo
3131 2311 3187 2357 et
3215 2302 3515 2358 eﬂieieutes

1938 2397 2244 2461 Christum,
2269 2403 2325 2450 et
2347 2395 2403 2448 in
2427 2393 2630 2464 quibus
2656 2401 2741 2446 est
2759 2391 3033 2448 Christus.
3062 2392 3101 2446 E
3125 2392 3342 2447 duobus
3362 2395 3511 2448 enim

1939 2498 1995 2543 et
2033 2497 2244 2542 tantum
2289 2484 2727 2541 immutabilibus
2756 2493 2812 2538 ct
2839 2483 3128 2552 completis
3167 2491 3222 2537 et
3252 2482 3514 2536 adunatio

1936 2578 2144 2634 Christi
2177 2578 2232 2632 in
2262 2576 2512 2633 confesso
2537 2585 2593 2630 et
2622 2575 2784 2629 nobis
2812 2583 2868 2628 et
2900 2574 3060 2629 vobis
3081 2582 3221 2628 erat.
3257 2576 3512 2628 Attamen

1937 2683 1994 2727 et
2033 2657 2179 2727 duos
2204 2671 2270 2725 ad
2308 2671 2545 2724 litteram
2593 2678 2934 2739 exponentes
2971 2667 3357 2732 ostendemus;
3402 2682 3511 2719 non

1938 2766 2116 2820 solum
2151 2771 2335 2817 autem
2371 2761 2526 2825 illud,
2574 2761 2668 2816 sed
2719 2771 2774 2814 ct
2822 2767 3235 2814 controversam
3284 2772 3313 2810 a
3358 2757 3516 2812 vobis

1939 2856 2153 2910 unicam
2183 2863 2436 2910 naturam
2479 2867 2642 2921 quam
2693 2851 2884 2904 dicunt
2930 2848 3020 2904 isti
3071 2848 3361 2902 manifeste
3408 2849 3512 2901 im-

1937 2945 2258 3015 probantcs,
2293 2953 2352 2997 ut
2376 2943 2511 2996 nihil
2547 2958 2577 2996 a
2608 2942 2767 2996 nobis
2797 2939 3130 3009 imperfectae
3160 2937 3516 2993 refutationis

1938 3051 2103 3107 opere
2159 3035 2302 3090 desit
2353 3050 2481 3104 erga
2543 3033 2710 3103 ipsos.
2747 3032 2990 3087 Primum
3039 3029 3262 3099 quidem
3303 3029 3515 3085 Christi

1938 3125 2290 3184 definitiones
2313 3126 2470 3196 quasi
2505 3124 2832 3180 summarias
2856 3139 2886 3178 a
2912 3122 3169 3178 Patribus
3198 3121 3376 3178 dictas
3409 3137 3511 3178 au-

1859 3189 1902 3246 c
1934 3219 2068 3276 dere
2100 3227 2217 3287 est;
2242 3189 2437 3275 dichnt
2454 3218 2600 3273 enim
2631 3217 2744 3273 sic:

1973 3400 2146 3466 QUID
2179 3399 2312 3454 EST
2340 3395 2676 3453 CHRISTUS
2709 3393 3129 3449 ADORANDUS
3162 3394 3202 3447 Α
3241 3393 3468 3448 ΝΟΒΙδ.

2567 3510 2872 3565 Athanasii.

2015 3649 2032 3680 ι
2066 3629 2212 3682 Deus
2251 3635 2308 3681 et
2340 3625 2504 3680 homo
2531 3623 2696 3686 idem,
2745 3637 2889 3676 unus
2934 3630 3157 3675 cxstans
3209 3618 3512 3674 secundum

1934 3718 2346 3782 exsistentiam,
2399 3713 2645 3785 perfecta
2693 3724 2950 3784 utraque.
2975 3733 2993 3766 ι
3035 3713 3176 3780 Quid
3213 3727 3342 3767 vero
3385 3721 3515 3766 sunt

1934 3814 2052 3869 haec
2085 3821 2338 3880 utraque,
2379 3819 2435 3863 et
2479 3808 2608 3877 quid
2659 3809 2802 3862 Deus
2830 3815 2886 3862 et
2913 3805 3101 3872 homo,
3133 3805 3300 3860 dicite
3334 3804 3378 3857 si
3417 3819 3512 3857 na—

1935 3916 2074 3960 tura:
2103 3911 2233 3960 sunt
2259 3910 2358 3957 aut
2379 3901 2527 3956 non?

2615 3989 2823 4044 Basilii.

2013 4106 2030 4139 ι
2055 4085 2322 4141 Divinitas
2353 4083 2595 4137 animata
2623 4097 2791 4137 carne
2826 4091 3008 4138 utens.
3037 4099 3056 4134 ι

2596 4190 2856 4261 Gregorii.

2013 4305 2030 4336 ι
2053 4285 2203 4340 Nova
2247 4282 2556 4338 commistio
2587 4283 2732 4338 Deus
2757 4291 2814 4337 et
2850 4282 3037 4348 homo,
3071 4295 3243 4336 unum
3289 4294 3359 4334 ex
3388 4295 3513 4335 am-

1936 4378 2134 4445 bobus,
2153 4385 2208 4432 et
2238 4391 2338 4446 per
2367 4389 2535 4428 unum
2572 4382 2830 4443 utraque.
2856 4393 2875 4427 ι

2588 4484 2859 4556 Ejusdem.

2005 4579 2365 4638 (Commistio
2423 4578 2519 4632 Dei
2563 4586 2619 4631 et
2658 4577 2862 4640 carnis,
2894 4591 2994 4646 per
3031 4574 3273 4630 medium
3314 4574 3514 4628 animm

1927 4671 2233 4745 spiritualis
2288 4667 2583 4723 mediantis
2637 4667 2782 4720 inter
2828 4666 3172 4720 divinitatem
3219 4674 3276 4718 et
3325 4664 3515 4718 carnis

1926 4762 2371 4822 crassitudinem.
2393 4759 2563 4814 Filius
2581 4758 2676 4813 Dei
2699 4758 2970 4813 cxsistens
2996 4767 3054 4811 et
3079 4756 3250 4810 Filius
3273 4754 3514 4809 hominis

1926 4855 2125 4917 factus,
2143 4842 2305 4906 am'bo
2327 4865 2468 4904 unus
2493 4847 2662 4902 Filius
2683 4855 2735 4901 et
2759 4845 3166 4912 Deus,meliorc
3187 4845 3464 4898 vincente.
3487 4863 3504 4895 ι

1928 4945 2026 5000 Est
2041 4958 2171 5014 ergo
2193 4941 2396 4995 victum
2424 4949 2480 4994 et
2505 4939 2855 4994 vincens—1
2879 4937 3162 4994 Divinitati
3185 4944 3511 4991 consecrata

1928 5035 2244 5092 humanitas
2283 5042 2341 5090 et
2371 5033 2513 5088 facta
2536 5031 2682 5102 quod
2721 5039 2808 5086 est
2853 5045 3203 5092 consecrare,
3231 5035 3313 5094 et,
3349 5037 3410 5082 ut
3437 5027 3510 5081 itu

1931 5129 2133 5194 dicant,
2173 5125 2429 5181 similiter
2455 5125 2618 5179 Deus.
2646 5143 2661 5174 ι

2627 5233 2835 5304 Cyrilli.

2009 5327 2202 5382 «Unus
2239 5326 2382 5380 Deus
2430 5337 2485 5380 et
2535 5325 2722 5390 homo,
2774 5324 2917 5378 idem
2969 5321 3104 5377 illud
3153 5320 3421 5376 cxsistcns
3457 5333 3514 5376 rt

1930 5417 2418 5488 cogitatus—Dei
2461 5417 2700 5472 Verbum
2726 5425 2782 5470 ct
2808 5416 2980 5470 Filius
3014 5415 3106 5484 qui
3143 5415 3374 5469 formam
3410 5415 3513 5467 ho-

1930 5511 2096 5565 minis
2122 5510 2302 5565 induit
2349 5521 2404 5565 ct
2455 5511 2777 5565 incarnatus
2817 5519 3000 5563 est.—-
3027 5509 3174 5562 Dens
3218 5509 3271 5560 in
3315 5507 3512 5576 adjun-

1931 5601 2116 5654 rtionc
2159 5601 2342 5655 carnis
2378 5601 2740 5670 spiritualilcr
2785 5599 3148 5653 animalmcui
3198 5599 3511 5666 lmneplaci-

1934 5703 2048 5744 tum
2097 5703 2181 5746 est
2228 5693 2504 5744 hominem
2557 5691 2907 5742 σῖ‹·ι’ἰ.---1ῖτιτι
2961 5698 3150 5738 natura
3202 5688 3294 5738 lh'i
3347 5686 3509 5740 V't‘t'l'i

1937 5786 2240 5836 incuruata.
2273 5803 2287 5830 ι

3385 384 3518 448 1313
3597 449 3601 452 _
