4094 6334
236 382 348 447 ιειι

1379 387 1676 448 CONTRA
1716 388 2315 450 MONOPHYSITAS.

3339 390 3477 455 l822

232 495 474 563 ὸιόματα.
517 495 963 549 ι’Ἐπισκεπτέον
989 497 1069 549 ὅτι
1093 496 1153 548 οὗ
1184 499 1249 567 τῇ
1280 498 1491 569 ἐπινοίᾳ
1522 493 1662 551 εἶναι
1696 499 1793 563 τὰς

1901 502 2012 555 tnul
2066 501 2483 571 distinguuntur
2532 510 2588 555 et
2635 504 2879 557 nomina.
2910 522 2929 553 ι
2998 504 3475 563 Considerandum

235 587 423 652 φύσεις,
457 586 596 641 ἀλλὰ
651 586 961 641 διίστασθαι
987 591 1103 651 ταῖς
1134 588 1399 651 ἐπινοίαις
1452 590 1549 653 τὰς
1600 590 1794 658 φύσεις

236 677 399 749 φησίν.

829 789 940 844 Τοῦ
978 790 1184 844 αὑτοῦ.

300 903 315 932 ι
352 880 719 950 Κιρναμὲνων
757 880 948 953 ὥσπερ
988 883 1099 935 τῶν
1132 882 1369 950 φύσεων,
1411 883 1555 938 οὕτω
1595 884 1652 937 δὲ
1701 885 1796 938 καὶ

234 972 327 1022 τῶν
365 972 639 1041 κλήσεων,
685 972 783 1027 καὶ
836 974 1261 1045 περιχωρουσῶν
1316 976 1396 1038 εἰς
1450 974 1687 1045 ἀλλήλας
1719 976 1796 1046 τῷ

235 1061 360 1132 λόγῳ
385 1063 483 1131 τῆς
514 1065 809 1133 συμφυΐας.
858 1083 877 1116 ι

317 1176 663 1241 Βασιλείου,
702 1175 770 1229 ἐκ
801 1177 905 1231 τοῦ
935 1178 1165 1245 πρώτου
1197 1179 1346 1245 πρὸς
1383 1181 1704 1249 Εὐνόμιον.

301 1283 319 1317 ι
353 1266 429 1318 οὗ
456 1266 550 1319 δύο
580 1266 813 1337 λέγομεν
841 1268 974 1321 Θεὸν
994 1270 1101 1341 ἰδίᾳ
1123 1271 1217 1323 καὶ
1246 1270 1549 1342 ἇνθρωποψ
1578 1266 1659 1333 εἷς
1686 1272 1798 1344 γὰρ

236 1349 312 1425 ἧν·
341 1356 478 1409 ἀλλὰ
504 1359 625 1409 κατ’
659 1357 902 1410 ἐπίνοιαν
939 1358 1038 1429 τὴν
1068 1360 1298 1412 ἑκάστου
1326 1359 1484 1428 φύσιν
1509 1359 1798 1429 λογιζόμε-

236 1462 330 1498 νοι·
354 1446 476 1499 οὐδὲ
498 1446 606 1517 γὰρ
634 1450 663 1501 ὀ
697 1449 901 1519 Πέτρος
932 1449 1025 1502 δύο
1053 1450 1277 1519 ἐνόησεν
1316 1450 1509 1513 εἰπὼν,
1537 1450 1797 1518 Χριστοῦ

235 1530 334 1591 οὖν
373 1538 673 1603 παθόντος
704 1524 872 1608 γύπὲρ
921 1540 1093 1608 ἡμῶν
1140 1543 1342 1610 σαρκί.
1374 1561 1391 1594 ι
1438 1543 1497 1595 Ὀ
1532 1542 1693 1606 αὐτὸς
1740 1544 1798 1596 δὲ

235 1628 395 1695 pira;
424 1628 699 1692 Βασίλειός
728 1647 858 1700 φησι
890 1631 1025 1701 πρὸς
1059 1633 1323 1702 Εὐνόμιον
1371 1630 1511 1687 εῖναι
1550 1633 1673 1687 τινὰ
1702 1636 1798 1703 μὲν

234 1718 483 1780 ἐπίνοιαν,
508 1720 608 1789 τὴν
638 1720 811 1792 ἀληθῆ
841 1722 1038 1793 νοητὴν
1068 1723 1324 1794 θεωρίαν,
1369 1725 1464 1777 καὶ
1494 1720 1637 1777 εἶναι
1683 1726 1799 1777 ἐτέ-

1896 589 2041 658 quod
2080 605 2189 643 non
2240 590 2569 659 eogitation’c
2600 606 2722 646 esse
2770 600 3017 657 naturas,
3046 592 3142 651 sed
3186 595 3464 665 cogitatio-

1896 681 2061 737 nibus
2093 681 2355 752 distingui
2390 682 2546 737 dicit.

2545 797 2818 867 Ejusdem.

1977 905 1992 936 ι
2019 886 2216 953 Mistis,
2264 896 2322 940 ut
2352 886 2426 940 ita
2453 886 2653 951 dicam,
2694 888 2931 952 naturis,
2957 888 3034 943 sic
3053 897 3108 943 et
3136 890 3476 952 nominibus,

1896 988 1952 1034 et
1981 977 2406 1034 succedentibus
2436 977 2503 1031 ad
2548 977 2783 1032 invicem
2814 979 2988 1033 verbo
3013 980 3428 1050 coagulationis.
3454 1000 3471 1029 ι

2219 1170 2433 1236 Basilii,
2473 1189 2500 1226 e
2538 1174 2709 1241 primo
2741 1175 2809 1227 ad
2838 1174 3184 1230 Eunomium.

1978 1263 2136 1316 «Non
2169 1263 2308 1317 duos
2337 1264 2576 1320 dicimus
2606 1266 2776 1319 Deum
2826 1268 3049 1337 proprie
3078 1276 3134 1322 et
3174 1269 3477 1333 hominem,

1898 1353 2101 1422 quippe
2152 1353 2247 1421 qui
2304 1369 2447 1408 unus
2491 1363 2629 1419 erat,
2680 1357 2775 1411 sed
2826 1357 3131 1411 secundum
3191 1360 3477 1415 notionem

1899 1442 2333 1512 uniuscujusque
2401 1453 2652 1499 naturam
2719 1448 3151 1511 conelndentes;
3211 1464 3334 1502 nam
3378 1465 3479 1503 nec

1897 1535 2095 1589 Petrus
2138 1531 2277 1587 duos
2322 1535 2587 1604 cogitavit
2623 1534 2850 1590 dicens:
2887 1536 3094 1591 Christo
3126 1538 3290 1607 igitur
3325 1556 3478 1607 passo

1899 1626 1955 1677 in
1985 1642 2147 1679 carne
2166 1634 2347 1679 nostra
2371 1627 2435 1680 “.
2467 1645 2483 1676 ι
2512 1625 2738 1695 Magnus
2770 1626 2912 1679 idem
2930 1626 3163 1681 Basilius
3185 1627 3251 1680 ad
3294 1628 3477 1681 Euno-

1900 1714 2070 1768 mium
2104 1714 2237 1769 dicit
2286 1729 2408 1769 esse
2442 1716 2733 1784 quamdam
2794 1715 3017 1784 quidem
3063 1717 3476 1786 cogitationem,

235 1825 324 1879 ριν
368 1808 464 1879 τὴν
515 1812 657 1864 κατὰ
691 1812 1021 1884 ἀνάπλασμα
1067 1814 1316 1883 ψεύδους,
1351 1810 1438 1868 οἷα
1488 1816 1597 1869 τῶν
1634 1816 1793 1886 μυθο-

1898 1819 2085 1859 veram
2122 1804 2551 1859 intellectualem
2595 1806 3135 1875 contemplationem,
3163 1816 3326 1877 atque
3348 1816 3471 1861 eSSe

232 1900 388 1953 ποιῶν
422 1901 519 1953 καὶ
549 1900 875 1973 ζωγράφων
914 1906 962 1958 εἰ
997 1905 1095 1973 μὲν
1124 1901 1218 1960 οὖν
1250 1906 1386 1976 πρὸς
1428 1906 1518 1959 τὸν
1543 1905 1676 1958 Θεὸν
1703 1906 1795 1958 καὶ

231 1992 528 2064 ἄνθρωπον,
554 1996 654 2067 τὴν
679 1995 877 2067 ἀληθῆ·
918 2000 966 2050 εί
1014 1997 1071 2050 δὲ
1105 1998 1244 2068 πρὸς
1287 1997 1347 2050 τὸ
1383 1997 1487 2067 ίδίᾳ
1534 1996 1632 2067 τὴν
1675 1998 1796 2050 ὲπί-

231 2100 373 2136 νοιαν
394 2084 688 2155 ἀκούομεν,
717 2086 814 2157 τὴν
838 2088 1248 2159 ἁναπλαστικὴν
1277 2088 1579 2156 λογιστέον.
1617 2088 1795 2143 Μόνον

230 2174 329 2243 γὰρ
353 2174 441 2227 διὰ
464 2174 526 2227 τδ
555 2176 889 2247 διαρθρῶσαι
916 2181 1127 2242 ἑαυτοῖς
1152 2180 1214 2233 τὸ
1234 2179 1491 2250 διάφορον
1516 2179 1622 2231 τῶν
1655 2180 1795 2249 ήνωο

232 2265 414 2332 μένων,
463 2268 583 2329 ταῖς
638 2268 961 2334 φαντασίαις
1015 2270 1121 2340 ίδίᾳ
1174 2271 1402 2324 ἕκαστον
1436 2268 1789 2340 ἀφορίζομεν,

229 2355 324 2420 tm;
357 2355 577 2428 ἴδωμεν,
605 2356 659 2409 τί
692 2358 791 2429 μὲν
821 2360 964 2425 ἰδίως
992 2360 1167 2428 τοῦδε,
1198 2362 1251 2415 τί
1289 2361 1344 2415 δὲ
1379 2362 1471 2414 τοῦ
1506 2362 1716 2433 ἑτέρου.

814 2648 926 2703 τοῦ
982 2648 1191 2706 αὑτοῦ.

302 2732 394 2788 Ἐκ
444 2734 642 2790 τούτου
685 2736 767 2791 δεῖ
797 2740 1051 2812 συνορᾷν,
1097 2739 1246 2804 ὅπως
1276 2742 1335 2795 ἐν
1367 2739 1448 2811 τῷ
1477 2742 1562 2795 ἑνὶ
1590 2741 1687 2797 καὶ
1709 2742 1789 2815 τῷ

225 2824 362 2895 αὐτῷ
386 2826 655 2900 ἑκατέρας
689 2828 905 2899 φύσεως
930 2830 1226 2903 ἀποδειχθῇ
1259 2832 1293 2903 ἡ
1323 2830 1575 2902 ἀλήθεια.

588 2945 915 3013 Γρηγορίου
944 2943 1051 2999 τοῦ
1084 2946 1398 3015 Θεολόγου.

296 3051 315 3085 ι
356 3034 665 3105 ’Δπεστάλη
702 3035 824 3106 μὲν,
854 3035 969 3090 ἀλλ’
1001 3034 1076 3099 ὡς
1103 3035 1411 3109 ἄνθρωπος·
1434 3037 1657 3103 διπλοῦς
1679 3037 1789 3111 γὰρ

224 3112 306 3197 ἦν.
342 3146 361 3181 ι

224 3241 516 3308 Κυριλλου
555 3241 626 3296 ἐκ
655 3242 763 3298 τοῦ
809 3243 961 3313 πρὸς
1007 3246 1335 3302 Θεοδόσιον
1372 3246 1479 3302 τὸν
1501 3246 1789 3313 βασιλέα.

294 3349 311 3382 ι
349 3332 459 3395 Τὰς
492 3332 606 3403 γὰρ
654 3332 1031 3403 εὐαγγελικὰς,
1064 3336 1194 3406 περὶ
1223 3336 1318 3390 τοῦ
1368 3337 1573 3408 Κυρίου
1609 3337 1792 3405 φωνὰς

226 3423 373 3492 ἴσμεν
400 3425 527 3487 τοὺς
560 3423 845 3494 θεολόγους
871 3426 1073 3497 ἄνδρας
1099 3427 1200 3490 τὰς
1228 3427 1329 3498 μὲν
1353 3426 1793 3490 κοινοποιοῦντας

226 3511 296 3574 ὡς
334 3514 416 3581 ἐφ’
447 3513 569 3577 ὲνδς
619 3514 936 3585 προσώπου,
966 3516 1067 3579 τὰς
1103 3517 1161 3570 δὲ
1202 3516 1548 3587 διαιροῦντας
1591 3517 1666 3583 ὡς
1700 3517 1796 3571 ἐπὶ

222 3604 309 3658 δύο
337 3607 576 3674 φύσεωνο
623 3608 718 3660 καὶ
744 3608 845 3671 τὰς
879 3610 978 3679 μὲν
1009 3609 1355 3681 θεοπρεπείς,
1386 3608 1531 3664 κατὰ
1560 3608 1656 3681 τὴν
1698 3611 1793 3664 ἁν-

226 3694 541 3769 θρωτ-Δτητα
569 3696 737 3752 αὑτοῦ
762 3698 1023 3763 διδόντας.
1062 3717 1082 3751 ι

229 3900 329 3952 Τοῦ
352 3901 670 3969 Θεολότου,
708 3899 776 3952 ἐκ
806 3899 911 3953 τοῦ
937 3898 1071 3967 περὶ
1101 3898 1237 3953 Υιοῦ
1270 3898 1553 3966 δευτέρου
1582 3900 1790 3968 λόγου.

292 4010 311 4043 ι
340 3992 410 4044 Ti.
444 3992 553 4063 γὰρ
596 3990 1032 4063 συναμφότερον,
1065 3991 1143 4057 ἓν,
1172 3990 1285 4044 ἀλλ’
1312 3992 1373 4046 οὐ
1406 3994 1475 4063 τῇ
1508 3991 1692 4061 φύσει,
1727 3992 1793 4061 τῇ

225 4082 277 4135 δὲ
314 4084 535 4153 συνόδῳ.
578 4102 597 4135 ι

852 4197 1177 4264 Κυρίλλου.

293 4305 311 4338 ι
341 4288 497 4341 Μετὰ
526 4287 716 4358 μέντοι
744 4287 843 4357 τὴν
871 4287 1087 4347 ἕνωσιν.
1121 4288 1183 4340 οὐ
1226 4287 1542 4358 διαιροῦμεν
1571 4288 1668 4352 τὰς
1697 4288 1797 4357 φύ-

225 4391 329 4439 σεις
361 4378 456 4429 ἀπ’
488 4376 767 4447 ἀλλήλων,
799 4377 916 4430 οὐδὲ
972 4380 1053 4439 είς
1093 4376 1186 4429 δύο
1218 4377 1365 4441 υίοὺς
1407 4378 1679 4447 τέμνομεν
1701 4377 1794 4431 τὸν

224 4467 310 4520 ἕνα
342 4470 435 4522 καὶ
480 4470 808 4540 ἀμέριστον.
847 4488 865 4520 ι
903 4469 1069 4539 Δῆλον
1100 4467 1229 4539 ἄρα,
1257 4468 1330 4531 ὼς
1361 4469 1410 4521 εί
1440 4469 1533 4521 καὶ
1558 4468 1794 4538 ἀδιαιρέ-

1897 1896 2123 1950 alteram
2171 1896 2323 1966 juxta
2360 1896 2631 1951 mendacii
2666 1896 2964 1961 ﬁctionem,
3007 1899 3224 1967 qualem
3257 1898 3473 1952 fabula-

1898 1995 2081 2040 torum
2128 1996 2184 2043 et
2229 1988 2535 2057 pictorum;
2580 1988 2626 2043 si
2676 2004 2807 2059 ergo
2854 1989 3077 2058 quidem
3116 1990 3261 2044 circa
3313 1991 3471 2049 illud.

1895 2078 2066 2132 Deum
2093 2086 2151 2133 et
2188 2079 2492 2146 hominem,
2533 2096 2749 2145 veram;
2793 2080 2837 2133 si
2872 2094 3005 2133 vero
3064 2080 3477 2149 particulariter

1896 2162 2040 2218 circa
2108 2166 2495 2235 cogitationem
2558 2168 2835 2233 audimus,
2885 2166 3066 2222 ﬁctam
3137 2169 3470 2223 concludere

1896 2265 2135 2323 oportet.
2180 2257 2416 2313 Tantum
2452 2261 2599 2313 enim
2644 2260 2698 2313 in
2739 2260 3071 2314 articulatim
3105 2260 3240 2330 ipsis
3285 2261 3471 2329 expla—

1894 2346 2078 2401 nando
2106 2349 2472 2404 adnnatorum
2503 2352 2936 2417 distinctionem,
2968 2352 3271 2422 phantasiis
3301 2352 3473 2421 parti-

1895 2437 2156 2493 culariter
2186 2455 2634 2510 unumquemque
2672 2441 2967 2496 deﬁnimus
2985 2442 3161 2496 donec
3182 2456 3474 2497 noscamus

1894 2528 2026 2598 quid
2054 2529 2183 2585 hinc
2216 2532 2442 2601 proprie
2468 2533 2535 2588 de
2563 2533 2759 2600 altero,
2792 2534 2926 2604 quid
2960 2534 3113 2589 illiue
3138 2532 3207 2589 de
3228 2533 3423 2588 altero.

2552 2650 2830 2721 Ejusdem.

1967 2743 2049 2797 Ex
2082 2743 2189 2798 hoc
2221 2730 2439 2812 oportet
2474 2744 2828 2797 considerare
2878 2741 3156 2813 quomodo
3186 2741 3242 2796 in
3277 2756 3387 2795 uno
3418 2752 3475 2794 et

1897 2834 2091 2890 eodem
2138 2833 2429 2904 utriusque
2472 2842 2683 2889 natura:
2738 2834 3080 2890 manifestata
3126 2843 3212 2889 est
3248 2834 3471 2888 veritas.

2413 2943 2653 3014 Gregorii
2687 2942 2947 3015 Theologi.

1975 3037 2210 3094 iMissus
2255 3046 2340 3094 est
2382 3035 2746 3106 quidem,sed
2799 3044 2859 3089 ut
2906 3035 3090 3101 homo,
3134 3034 3337 3105 quippe
3379 3034 3475 3102 qui

1898 3129 2102 3201 duplex
2130 3136 2271 3186 erat.
2296 3150 2315 3182 ›

1987 3242 2197 3314 Cyrilli,
2227 3259 2254 3297 e
2278 3242 2471 3312 scripto
2503 3241 2573 3295 ad
2613 3237 2954 3295 Theodosium
2990 3238 3384 3306 imperatorem.

1974 3336 2144 3390 «Nam
2197 3334 2538 3405 evangelicas
2584 3332 2653 3388 de
2711 3330 2945 3385 Domino
2998 3343 3164 3383 voces
3219 3326 3478 3381 novimus

1895 3427 2180 3496 theologos
2218 3426 2386 3490 viros,
2443 3425 2577 3480 alias
2619 3424 2885 3479 adhibere
2932 3434 3254 3476 communes
3314 3418 3474 3487 quasi

1896 3516 1964 3569 de
1993 3530 2103 3569 una
2138 3528 2395 3583 persona,
2442 3513 2576 3567 alias
2622 3513 2893 3575 diversas,
2934 3510 3089 3579 quasi
3138 3509 3206 3563 de
3258 3507 3478 3562 duabus

1896 3607 2141 3673 naturis;
2169 3616 2225 3660 et
2268 3606 2404 3660 alias
2433 3615 2494 3659 ut
2519 3605 2679 3660 decet
2706 3606 2897 3666 Deum,
2931 3604 3083 3672 juxta
3126 3601 3246 3670 ejus
3271 3600 3476 3654 divini-

1898 3705 2090 3761 tatem,
2118 3697 2255 3750 alias
2281 3704 2345 3749 ut
2369 3694 2581 3749 homini
2608 3693 2863 3765 congruit
2880 3694 3033 3763 juxta
3058 3692 3179 3762 ejus
3209 3690 3472 3745 humani-

1897 3796 2064 3843 tatem
2089 3786 2222 3841 dant
2246 3786 2506 3857 theologi.
2535 3804 2553 3837 ι

2109 3897 2378 3967 Theologi.
2407 3914 2469 3951 ex
2494 3897 2722 3951 secundo
2747 3896 2809 3949 de
2838 3895 2970 3951 Filio
3005 3904 3260 3949 tractatu.

1973 3988 2145 4042 «Nam
2171 3988 2331 4042 ambo
2349 4003 2478 4053 una,
2512 4003 2619 4041 non
2650 3995 2865 4051 natura,
2899 3986 2995 4042 sed
3022 3985 3375 4039 adunatione.
3406 4005 3425 4035 ο

2576 4190 2784 4259 Cyrilli.

1976 4301 1992 4333 ι
2013 4282 2143 4335 Post
2169 4280 2557 4335 adunationem
2592 4288 2794 4339 tamen.
2843 4295 2951 4335 non
2980 4288 3205 4333 naturas
3232 4278 3300 4332 ab
3334 4278 3478 4330 invi-

1898 4386 2017 4427 cem
2052 4371 2372 4437 dividimus,
2420 4386 2521 4424 nec
2572 4371 2625 4425 in
2666 4370 2806 4425 duos
2850 4369 2989 4425 ﬁlios
3023 4385 3273 4425 sccamus
3306 4386 3476 4423 unum

1898 4459 2051 4513 illum
2095 4466 2151 4513 et
2194 4458 2605 4512 indivisibilem.
2634 4476 2650 4509 ›
2683 4456 2924 4512 Evidens
2956 4466 3037 4511 est
3076 4473 3210 4527 ergo
3240 4456 3384 4527 quod
3429 4458 3476 4511 si

223 4572 355 4622 τους,
382 4559 498 4611 ἀλλ’
526 4555 624 4613 οὖν
657 4557 851 4629 φύσεις
878 4553 984 4610 οἶδε
1015 4558 1114 4619 τὰς
1146 4556 1284 4627 μετὰ
1314 4556 1413 4628 τὴν
1445 4556 1660 4619 ἕνωσιν,
1694 4557 1788 4609 καὶ

1899 4546 2263 4604 indivisibiles
2315 4549 2489 4614 novit,
2517 4550 2709 4618 utique
2740 4549 2895 4603 novit
2934 4558 3160 4604 naturas
3194 4549 3315 4602 illas
3355 4557 3479 4618 post

219 4647 277 4700 οὐ
304 4648 371 4718 φὺ
380 4667 460 4704 σιν
493 4650 649 4720 μίαν.

405 4759 751 4828 Γρηγορίου
787 4756 840 4810 Ν
844 4758 1045 4824 ύσσης
1072 4756 1221 4811 κατὰ
1250 4758 1571 4826 Εὐνομίου.

291 4868 309 4901 σ
340 4850 472 4905 Οὔτε
504 4851 768 4915 ζωοποιεῖ
796 4849 888 4901 τὸν
915 4849 1165 4919 Λάζαρον
1198 4849 1231 4918 ἡ
1261 4833 1575 4919 ἀνθρωπίνη
1605 4848 1787 4918 φύσις,

223 4940 333 4995 οὔτε
364 4943 597 5015 δακρύει
622 4941 719 4994 τὸν
751 4940 1003 5008 κείμενον
1041 4942 1073 5009 ἡ
1111 4938 1331 5010 ἀπαθὴς
1357 4940 1598 5003 ἐξουσία.
1628 4959 1648 4991 ι
1680 4940 1791 4993 Καὶ

226 5033 390 5085 πάλινο
441 5053 461 5086 ι
507 5035 617 5086 Τὸν
664 5031 890 5101 μεσίτην
927 5029 1063 5083 Θεοῦ
1101 5030 1192 5083 καὶ
1237 5029 1562 5101 ἀνθρώπων,
1609 5029 1789 5093 καθὼς

225 5124 308 5176 καὶ
335 5124 620 5194 ὠνόμασεν
641 5124 670 5175 ὁ
701 5122 844 5182 θεῖος
883 5121 1225 5184 ’Λπὸστολος,
1256 5121 1405 5174 οὐδὲν
1429 5122 1601 5184 οὕτως
1635 5122 1710 5184 ὡς
1734 5124 1792 5175 τὸ

223 5212 308 5265 τοῦ
354 5214 482 5267 Tia?)
534 5214 813 5267 δείκνυσιν
841 5211 1031 5278 ὄνομα,
1088 5211 1328 5283 ἑκατέρα
1372 5211 1532 5279 φύσει
1563 5213 1627 5280 τῇ
1674 5211 1794 5282 θεία

225 5303 307 5356 καὶ
335 5303 653 5376 ἀνθρωπίνῃ
693 5302 838 5354 κατὰ
866 5301 927 5353 τὸ
964 5301 1079 5353 ἴσον
1108 5301 1575 5371 ἐφαρμοζὸμενον.
1622 5320 1639 5352 ι

225 5412 327 5465 τοῦ
354 5413 815 5483 Χρυσοστόμου,
844 5411 914 5463 ἐκ
945 5409 1049 5462 τοῦ
1076 5411 1226 5462 κατὰ
1256 5410 1785 5478 Ἀπολινοριστῶγ.

292 5523 309 5556 ι
341 5505 498 5560 υῦτω
548 5502 835 5558 κάνταῦθα
876 5501 975 5569 τῆς
1016 5501 1162 5565 θείας
1192 5501 1549 5572 ὲνιδρυσάσης
1576 5502 1652 5571 τῷ
1687 5503 1790 5555 σώ-

228 5611 345 5661 ματι
378 5599 617 5666 ςύσεως,
645 5596 745 5649 ἕνα
780 5594 932 5657 Υἱὸν,
978 5593 1033 5645 ἓν
1080 5595 1387 5664 πρόσωπον,
1419 5594 1479 5647 τὸ
1515 5596 1787 5671 συναμφό-

289 5773 323 5806 ¹¹
350 5772 371 5830 1
402 5776 551 5832 Petr.
588 5790 660 5841 tv,
698 5775 746 5829 Ι.
832 5774 871 5805 ¹¹
905 5774 921 5827 Ι
951 5772 1190 5829 Timeth.
1225 5790 1282 5841 .1,
1318 5773 1367 5826 ὕ.

1898 4641 2313 4703 adunationem.
2342 4657 2443 4697 nec
2472 4649 2721 4695 naturam
2747 4657 2929 4696 unam.

2143 4759 2379 4829 Gregorii
2416 4759 2640 4829 Nysseni
2671 4768 2856 4812 contra
2889 4758 3234 4812 Eunomium.

1980 4871 1998 4904 ς
2019 4852 2133 4907 Nec
2162 4852 2406 4906 viviﬁcat
2432 4850 2698 4906 Lazarum
2726 4851 2965 4905 humana
2998 4861 3215 4913 natura,
3261 4866 3364 4903 nec
3392 4850 3482 4902 lu—

1895 4951 1985 5014 get
2035 4952 2312 4997 mortuum
2369 4942 2721 5011 impassibilis
2766 4943 3069 4996 essentia.»
3124 4942 3188 4995 Ει
3234 4942 3467 4995 iterum:

1905 5056 1923 5087 ι
1943 5034 2292 5090 Mediatore'm
2311 5036 2407 5089 Dei
2422 5045 2477 5089 et
2492 5036 2799 5094 hominum.
2818 5051 2980 5105 quem
3000 5033 3295 5087 admodum
3320 5042 3478 5086 vocat

1900 5127 2053 5181 illum
2082 5126 2241 5180 divus
2271 5127 2567 5196 Apostolus
2590 5128 2631 5158 ¹²
2660 5126 2799 5180 nihil
2834 5126 2977 5180 sicut
3006 5125 3127 5178 Filii
3161 5139 3359 5177 nomen
3384 5140 3474 5175 os-

1904 5215 2100 5275 tendit,
2131 5216 2347 5284 utrique
2377 5224 2585 5269 natura:
2610 5215 2809 5271 divina:
2832 5224 2887 5268 et
2913 5214 3167 5267 humanm
3189 5212 3475 5280 aequaliter

1896 5302 2257 5357 conveniente
2284 5303 2504 5356 nomine
2543 5303 2668 5357 isto.
2700 5322 2716 5352 ι

2007 5414 2358 5485 Chrysostomi
2390 5431 2416 5467 e
2443 5424 2672 5467 tractatu
2708 5423 2890 5467 contra
2923 5412 3356 5483 Apollinarium.

1978 5526 1992 5553 ε
2022 5506 2112 5561 Sic
2135 5517 2191 5561 et
2228 5507 2301 5560 ibi
2327 5506 2511 5561 divina
2539 5516 2730 5559 natura
2788 5522 2911 5559 cum
2966 5505 3186 5573 corpori
3216 5499 3475 5555 immisis-

1900 5607 1972 5651 δίει
2007 5597 2200 5651 Filium
2242 5613 2429 5662 unum,
2473 5613 2631 5650 unum
2675 5613 2984 5667 personant,
3014 5598 3176 5649 ambo
3212 5610 3313 5647 una
3345 5605 3475 5661 pcr-
