4094 6334
232 357 364 424 1825

1396 359 1693 420 CONTRA
1732 351 2331 421 MONOPHYSITAS.

227 467 320 524 οὗν
354 467 707 530 ὑποστάσεις,
735 485 753 519 ι
801 468 930 520 ἰδοὺ
978 466 1071 520 οἷν
1094 468 1175 521 ὅτι
1207 464 1312 522 οἶδε
1339 470 1437 534 τὰς
1476 468 1667 538 φύσεις
1708 484 1806 538 με-

1910 465 2080 535 igitur
2126 475 2182 521 et
2231 467 2587 523 exsistentiat.
2621 488 2657 519 -ι
2711 470 2847 524 ilice
2897 487 3027 542 ergo
3077 475 3230 528 novit
3274 488 3500 535 naturas

231 561 425 624 νούσας
464 560 605 631 μετά
633 560 731 631 τὴν
759 560 953 612 ἕνωσιν
994 561 1053 612 ὲν
1082 561 1324 631 Χριστῷ,
1351 561 1637 631 διωνύμως
1672 560 1802 631 ὀμο-

225 651 376 719 λογεῐ
403 648 600 713 cimini,
636 649 734 702 εἴτ’
760 644 854 702 οὑν
914 650 1260 714 ὑποστάσεις·
1299 650 1516 719 λέγεται
1560 651 1669 721 γὰρ
1715 650 1809 702 καὶ

227 743 531 804 ὑπόστασις
581 742 736 812 παρά
789 740 853 793 τὸ
900 742 1342 814 ὑφεστηκέναιή
1402 742 1597 813 φύσις’
1648 743 1696 795 εἰ
1752 741 1808 794 δὲ

226 832 419 901 ὥσπερ
468 830 697 884 είώοασι
752 832 1126 899 γελωτοποιῶς
1159 833 1578 901 ἀποκρίνασθαι,
1610 832 1807 887 οὐκοῦν

226 920 324 969 καὶ
352 916 623 986 πρόσωπα
648 916 741 970 δύο
769 918 1043 987 μένουσιν*
1074 920 1177 990 ἔφη
1209 922 1316 991 γὰρ
1346 923 1439 975 καὶ
1457 923 1805 988 ὑποστάσεις,

226 1005 451 1075 πρῶτον
486 1006 589 1075 μὲν
624 1007 810 1076 σαφῶς
843 1010 1066 1074 ἑαυτοὺς
1107 1012 1463 1082 ἀπεκάλυψαν
1497 1014 1611 1086 ἰδίῳ
1643 1011 1808 1069 πάθει

226 1096 608 1161 δουλεύοντας,
638 1099 732 1151 καὶ
763 1100 892 1163 τοὺς
919 1102 1169 1173 Πατέρας
1199 1102 1434 1173 βάλλειν,
1466 1105 1564 1160 καὶ
1594 1110 1805 1177 πατρα-

225 1186 370 1242 λοῐαι
404 1188 649 1255 γίνεσθαι
680 1192 758 1261 μὴ
792 1192 1152 1264 ὑφορώμενοι,
1187 1196 1347 1265 μόνον
1383 1197 1438 1250 δὲ
1475 1200 1573 1267 τῆς
1599 1199 1807 1269 πλάνης

226 1278 445 1331 ἑαυτῶν
472 1282 896 1350 προεστηκότες
923 1281 1019 1336 τοῦ
1067 1285 1175 1357 γὰρ
1203 1287 1416 1359 Πατρὸς
1457 1289 1585 1342 τάδε
1619 1289 1808 1358 λέγον-

226 1386 345 1433 τος,
388 1370 439 1422 εἰ
467 1369 640 1434 οὑτως
664 1372 846 1425 νοοῦσι
877 1373 973 1427 καὶ
998 1373 1094 1428 νῦν
1119 1377 1410 1446 πρόσωπον
1439 1380 1537 1450 τὴν
1571 1380 1808 1434 ὑπόστα-

227 1477 339 1523 σιν,
374 1460 589 1533 ἀνάγκη
626 1462 755 1525 τοὺς
785 1467 896 1527 τοῖς
936 1465 1247 1536 εἰρημένοις
1282 1470 1668 1540 προσέχοντας,
1712 1472 1808 1523 καὶ

227 1551 399 1623 μηῶν
451 1554 943 1622 προσεπινοοῦντας
998 1556 1031 1627 ἢ
1070 1558 1439 1631 ὑφαιροῦντας
1466 1561 1647 1633 νόημα
1676 1579 1690 1593 ο
1744 1563 1805 1615 οὑ

222 1642 341 1714 γὰρ
371 1643 531 1714 Θέμις
562 1645 639 1714 τῷ
675 1646 852 1716 ὀρθῶς
879 1648 1135 1718 κρίνοντι,
1168 1650 1260 1704 τὸν
1300 1652 1708 1721 πολεμιώτατον
1737 1655 1804 1723 τῇ

222 1734 519 1805 δυσσεϐεία
548 1737 866 1807 Νεστορίου,
915 1732 1379 1810 συνομολογοῦντα
1417 1743 1567 1813 αὑτῷ
1600 1744 1694 1797 νῦν
1736 1743 1806 1796 τὰ

1911 559 2197 613 manentes
2224 568 2348 628 post
2372 558 2761 615 adunatinnem
2793 563 2846 615 iu
2875 561 3127 629 Christo,
3155 565 3371 629 duobus
3399 586 3499 624 no-

1912 648 2154 702 minibus
2187 650 2486 705 contitetur
2515 650 2734 716 dicens,
2772 652 2939 722 igitur
2968 663 3023 709 et
3055 655 3431 713 exsistentias.
3475 680 3493 710 ι

1909 738 2120 793 Dicitur
2157 740 2303 794 enim
2345 741 2666 796 exsistantia
2708 741 2777 796 ab
2814 743 3133 799 exsistendo
3176 753 3397 801 natura.
3439 749 3497 805 Si

1908 845 2041 885 vero
2062 830 2206 885 sicut
2225 840 2631 887 consueverunt
2652 833 2965 889 scurriliter
2984 836 3342 903 respondere,
3366 853 3499 910 ergo

1908 930 1964 977 et
1980 938 2232 993 personae
2261 923 2383 979 dum
2414 934 2671 989 manent;
2706 926 2925 980 dicebat
2956 928 3104 981 enim
3138 918 3195 983 et
3225 931 3499 985 exsistcn-

1911 1019 2031 1068 tias.
2072 1014 2257 1069 Primo
2294 1014 2516 1085 quidem
2554 1016 2843 1070 evidenter
2885 1017 3095 1087 seipsos
3132 1019 3501 1098 prodiderunt

1909 1105 2145 1174 propriae
2188 1106 2425 1175 passioui
2469 1107 2795 1170 servientes,
2834 1117 2892 1162 et
2932 1109 3124 1165 Patres
3164 1113 3396 1185 rejicere
3442 1121 3499 1167 et

1909 1198 2212 1265 parricidas
2245 1196 2363 1252 ﬁeri
2400 1214 2507 1252 non
2545 1208 2883 1263 metuentes,
2918 1209 3131 1255 tantum
3165 1218 3299 1258 vero
3332 1219 3496 1259 erro-

1909 1302 2023 1341 rem
2059 1303 2220 1341 suum
2253 1288 2625 1343 ostendentes.
2663 1287 2790 1344 llaec
2823 1292 2973 1344 enim
3008 1290 3228 1347 dicente
3252 1293 3417 1352 Patre
3450 1294 3500 1349 si

1908 1377 1987 1432 sic
2034 1378 2276 1448 cogitant
2319 1386 2377 1433 et
2425 1395 2575 1434 nune
2638 1396 2929 1449 personam
3006 1382 3348 1454 hypostasin,
3397 1400 3499 1439 ne-

1907 1483 2059 1523 cesse
2097 1478 2183 1524 est
2219 1470 2383 1524 dictis
2421 1474 2773 1526 attendentes
2808 1482 2865 1527 et
2907 1473 3044 1527 nihil
3090 1475 3230 1528 ultra
3276 1475 3500 1546 excogi-

1910 1567 2088 1614 tantes
2108 1569 2202 1615 aut
2223 1561 2612 1617 imminuentes
2627 1563 2947 1634 cogitatum.
2966 1565 3084 1618 Non
3103 1566 3251 1620 enim
3273 1579 3493 1638 mquum

1906 1660 1986 1706 est
2030 1661 2177 1707 recte
2207 1652 2498 1724 iudicanti,
2531 1654 2969 1715 infensissimum
3011 1658 3248 1712 Nestorii
3293 1659 3497 1729 impie-

1911 1743 2039 1809 tati,
2073 1743 2427 1799 conﬁtentem
2462 1760 2587 1801 cum
2624 1747 2743 1816 ipso
2775 1762 2927 1803 nunc
2958 1750 3151 1803 eadem
3187 1751 3494 1816 mstimarc,

222 1826 372 1879 αὑτά
398 1826 659 1899 λαθορᾷν.
696 1831 1005 1899 μαχόμενον
1030 1832 1086 1885 δὲ
1111 1832 1257 1904 αὑτῷ
1288 1835 1548 1907 μυριάκις
1572 1834 1801 1907 κράζον-

1913 1834 1969 1887 in
2015 1834 2193 1904 ipsum
2235 1850 2367 1891 vero
2412 1846 2781 1908 pugnantem,
2825 1840 3026 1894 millies
3068 1842 3397 1895 clamantem
3442 1858 3499 1897 In

225 1936 285 1971 τι
326 1920 386 1972 ἐν
419 1922 483 1990 τῇ
512 1921 649 1992 πρὸς
687 1919 978 1992 Ἐϐραίους
1004 1923 1263 1995 ἐξηγήσει
1294 1926 1387 1979 καὶ
1413 1928 1471 1980 ἐν
1492 1927 1720 1997 ἑτέροις,
1744 1928 1803 1980 οὐ

226 2007 324 2061 δύο
355 2004 495 2062 εῖναι
518 2008 830 2079 προσώπων
877 2010 1089 2064 ἕνωσιν·
1119 2012 1224 2085 ἔφη
1253 2013 1364 2083 γὰρ
1391 2017 1521 2085 περὶ
1564 2016 1659 2069 τοῦ
1700 2034 1807 2086 μα-

224 2100 665 2171 ταιόφρονοςτὴν
689 2100 797 2154 τῶν
814 2103 1122 2174 προσώπων
1145 2104 1338 2159 ἕνωσιν
1365 2106 1466 2160 οὐκ
1497 2102 1613 2161 οἶδα
1644 2109 1808 2162 πόθεν

225 2192 610 2262 ὲξευρηκότος·
642 2193 712 2245 τὰ
744 2193 800 2247 δὲ
824 2194 1095 2250 ἑνωθέντα
1122 2195 1297 2252 ταῦτά
1341 2214 1476 2269 φησι
1501 2200 1593 2252 καὶ
1628 2203 1806 2269 μεῖναι

225 2282 515 2351 ἀσύγχυτα
564 2282 682 2338 νῦν.
735 2285 798 2337 Ei
848 2280 943 2338 οῦν
974 2285 1049 2350 ὡς
1078 2288 1343 2357 πρόσωπα
1370 2289 1518 2357 λέγει
1547 2291 1645 2354 τὰς
1678 2292 1809 2345 ὑπο-

229 2373 454 2435 στάσεις
482 2372 849 2443 ἀσυγχύτους,
877 2375 1099 2445 γέγονεν
1147 2377 1481 2443 ὑπόσπονδος
1517 2381 1593 2452 τῷ
1625 2382 1811 2434 ἀσεϐεῖ

227 2462 257 2515 ὀ
282 2462 565 2533 πολέμιος·
599 2463 715 2517 ἀλλ’
754 2466 802 2518 οὶ
851 2466 961 2521 τῶν
994 2468 1142 2522 ἰδίων
1183 2470 1518 2540 ἀμνήμονες,
1570 2472 1685 2534 πῶς
1714 2472 1810 2525 νῦν

228 2556 329 2607 οὐκ
348 2554 768 2625 ἀποφαίνονται,
798 2558 882 2612 ὅτι
906 2560 999 2613 ἐπὶ
1022 2559 1118 2613 τοῦ
1143 2560 1247 2631 τῆς
1274 2563 1587 2633 οἰκονομίας
1612 2564 1806 2632 Λόγου,

230 2646 397 2715 φύσιν
418 2664 478 2700 τε
511 2647 607 2700 καὶ
666 2648 964 2702 ὑπόστασιν
988 2650 1183 2705 ταυτὸν
1202 2647 1342 2705 οῖδεν
1368 2651 1397 2705 ὃ
1421 2668 1478 2705 τε
1493 2652 1810 2715 διδάσκαλος

231 2737 503 2809 Κύριλλος
532 2739 628 2792 καὶ
676 2740 876 2809 ήμεῖςς
912 2740 1017 2795 Ἕκ
1051 2757 1109 2793 τε
1160 2736 1252 2795 οῦν
1304 2741 1528 2807 τούτων,
1585 2743 1643 2796 τὸ
1694 2745 1811 2797 ἐκεῖ

228 2828 445 2897 ψευδές
479 2831 574 2883 καὶ
596 2832 659 2884 ὲκ
688 2830 796 2885 τῶν
825 2832 1015 2901 ὲκεῖ,ή
1046 2829 1231 2884 ἐνθάδε
1262 2831 1605 2902 εὑρεσιλογία
1632 2834 1811 2886 αὑτῶν

234 2921 555 2991 atat-151110;.

245 3013 530 3070 Ἰωάννου
570 3015 675 3070 τοῦ
706 3018 1140 3087 Χρυσοστόμου
1167 3019 1235 3089 ἐξ
1264 3017 1373 3086 τῆς
1404 3018 1553 3089 πρὸς
1586 3019 1810 3074 Καισά-

756 3104 895 3155 ριον
929 3087 1281 3156 ἐπιστολῆς.

1909 1928 2306 1983 commentario
2339 1928 2407 1982 ad
2444 1929 2702 1984 Hebraeos
2737 1939 2795 1984 et
2835 1930 2891 1985 in
2931 1932 3074 1998 aliis,
3112 1947 3220 1987 non
3260 1933 3498 1988 duarum

1907 2032 2028 2073 esse
2075 2034 2438 2088 personarum
2489 2020 2914 2089 adunationem;
2965 2024 3184 2079 dicebat
3231 2025 3378 2080 enim
3428 2025 3499 2082 de

1910 2106 2105 2162 insano
2126 2149 2140 2172 ,
2167 2124 2522 2179 personarum
2555 2110 2948 2167 adunationem
2974 2151 2989 2175 ,
3016 2112 3203 2168 nescio
3233 2113 3382 2168 unde
3411 2113 3497 2168 in-

1908 2196 2185 2251 veniente.
2211 2197 2462 2253 Adunata
2486 2213 2616 2252 vero
2641 2198 2759 2253 haec
2783 2199 2918 2254 dicit
2941 2210 2997 2255 et
3022 2217 3247 2256 manere
3297 2203 3496 2257 incon-

1908 2285 2031 2341 fusa
2074 2303 2241 2342 nunc.
2278 2287 2345 2343 Si
2384 2303 2516 2358 ergo
2556 2297 2816 2358 tanquam
2860 2306 3127 2359 personas
3168 2292 3499 2362 hypostases

1909 2377 2229 2434 inconfusus
2255 2379 2413 2443 dicit,
2440 2380 2625 2435 socius
2653 2380 2830 2436 factus
2857 2389 2943 2435 est
2975 2381 3131 2451 impii
3162 2382 3359 2437 hostis.
3386 2381 3495 2437 Sed

1909 2470 2003 2540 qui
2028 2471 2377 2541 propriarum
2396 2471 2800 2526 obliviscuntur
2817 2488 3022 2536 rerum,
3044 2473 3321 2542 quomodo
3342 2489 3496 2528 nunc

1908 2576 2021 2616 non
2048 2563 2458 2617 convincuntur
2480 2563 2629 2633 quod
2655 2564 2723 2617 de
2748 2563 3145 2618 incarnationis
3164 2563 3369 2631 Verbo,
3395 2580 3497 2620 na-

1913 2662 2093 2706 turam
2128 2663 2184 2707 et
2221 2653 2560 2725 hypostasim
2592 2669 2719 2708 eum
2754 2655 2910 2709 novit
2945 2664 3057 2710 tum
3095 2656 3356 2727 magister
3385 2657 3495 2727 Cy-

1912 2747 2091 2812 rillus,
2128 2757 2242 2802 tum
2273 2748 2528 2802 novimus
2555 2748 2721 2802 etiam
2752 2749 2888 2802 nos?
2915 2748 2996 2802 Ex
3025 2749 3147 2802 istis
3175 2764 3328 2821 ergo,
3360 2748 3496 2803 illud

1913 2836 1989 2891 ibi
2016 2837 2308 2903 fallaciter,
2334 2845 2390 2891 et
2414 2853 2481 2893 ex
2506 2838 2617 2892 illis
2644 2837 2720 2891 ibi
2750 2837 3057 2906 loquacitas
3080 2838 3280 2893 exinde
3303 2854 3504 2894 eorum

1913 2927 2223 2982 manifesta.
2920 2944 2923 2945 '

1984 3018 2215 3081 Ioannis
2251 3018 2607 3091 Cltrysostomi
2634 3037 2698 3074 cx
2730 3021 2973 3092 Epistola
3010 3024 3079 3076 ad
3113 3022 3423 3079 Camurium.

305 3202 325 3235 ι
374 3179 783 3252 Γνωριξόμενον
815 3177 915 3248 μὲν
945 3176 1024 3247 τῷ
1060 3177 1361 3247 ἀσυγχύτῳ
1396 3179 1491 3231 καὶ
1526 3178 1808 3250 ἀδιαιρέτῳ

1992 3191 2010 3225 ι
2061 3174 2350 3246 Cognitum
2396 3174 2619 3245 quidem
2706 3174 3000 3230 inconfuso
3041 3185 3098 3231 et
3142 3176 3501 3246 inseparabili

245 3278 418 3347 λόγῳ,
466 3275 568 3327 οὐκ
623 3274 681 3325 ἐν
744 3272 845 3342 μιᾷ
890 3270 1077 3339 φύσει,
1118 3268 1233 3322 ἀλλ’
1268 3270 1325 3321 ὲν
1348 3269 1467 3323 δυσὶ
1490 3269 1744 3333 τελείαις.
1785 3289 1804 3322 ι

232 3370 342 3424 [αἱ
389 3366 508 3438 μετ’
530 3364 705 3435 ὀλίγα.
756 3383 776 3416 ι
835 3364 995 3425 Ποῖος
1023 3357 1117 3416 οῦν
1150 3361 1284 3434 ᾅδης
1314 3361 1644 3433 ἐξηρεύξατο
1683 3364 1810 3433 μίαν

231 3461 331 3514 ἐπὶ
364 3459 458 3513 τοῦ
492 3455 728 3529 Χριστοῦ
763 3455 944 3523 λέγειν
977 3454 1167 3523 φύσιν;
1206 3472 1226 3506 ι
1250 3453 1362 3506 Kal
1396 3453 1535 3521 μετὰ
1578 3452 1808 3525 βραχέα·

233 3570 255 3602 ι
290 3552 356 3605 El
390 3549 503 3620 γὰρ
528 3548 623 3603 καὶ
648 3547 799 3618 διττὴ
831 3548 865 3616 ἡ
903 3544 1086 3615 φύσις,
1114 3543 1230 3600 ἀλλ’
1257 3541 1350 3596 οὖν
1377 3543 1682 3614 ἀδιαίρετος
1716 3545 1812 3598 καὶ

228 3646 601 3705 ἀδιάσπαστος
623 3642 657 3711 ἡ
685 3640 903 3704 ἓνωσις,
930 3638 991 3692 ἑν
1014 3639 1095 3691 ἑνὶ
1120 3637 1223 3707 τῆς
1249 3634 1494 3706 υίότητος
1521 3635 1813 3707 ὁμολογου-

233 3735 372 3805 μένη
406 3730 705 3805 προσώπῳ.
741 3748 760 3783 ι

236 3848 349 3903 τοῦ
378 3847 554 3916 ἁγίου
597 3842 937 3916 Ἰουστίνου
985 3841 1286 3916 μάρτυρος
1331 3843 1399 3896 ἐκ
1456 3843 1565 3916 τοῦ
1611 3844 1811 3910 τρίτου

295 3912 575 4044 fiala)?
592 3914 699 3969 τοῦ
748 3913 884 3981 περὶ
946 3912 1058 3981 τῆς
1111 3913 1285 3982 ἁγίας
1334 3913 1577 3982 Τριάδυς
1632 3928 1812 3982 κεφα-

342 4005 483 4041 αιου
514 4005 531 4038 ι
582 4026 594 4039 .

296 3990 483 4042 λαιόυ
514 3990 594 4042 ιζ’.

310 4098 327 4129 ι
368 4079 541 4131 Ὅταν
566 4072 659 4130 οὖν
687 4074 930 4146 ἀκούσῃς
964 4073 1059 4127 τοῦ
1092 4076 1210 4136 ἑνὸς
1239 4072 1368 4128 Υίοῦ
1416 4073 1519 4137 τὰς
1561 4073 1811 4137 ἐναντίας

230 4168 440 4238 φωνὰς,
472 4166 824 4237 καταλλήλως
875 4162 1067 4236 μέριζε
1119 4167 1240 4229 ταῖς
1268 4165 1463 4235 φύσεσι
1491 4166 1560 4222 τὰ
1591 4165 1810 4235 λεγόμε-

228 4279 317 4316 να.
358 4279 377 4313 ι
414 4259 524 4313 Καὶ
564 4259 703 4329 μετά
741 4258 940 4329 βραχύ·
975 4275 993 4308 ι
1051 4257 1319 4329 Ἐκάστης
1352 4256 1391 4311 ἃ
1428 4257 1637 4326 πέφυκε
1662 4257 1812 4328 δεχο-

228 4354 403 4425 μένης
439 4352 673 4421 φύσεως.
714 4368 734 4401 ›
790 4351 899 4403 Kal
933 4348 1051 4419 μετ’
1081 4349 1259 4418 ὀλίγα·
1301 4366 1319 4401 t
1359 4349 1572 4421 Ὠσπερ
1598 4342 1678 4411 εἷς
1712 4350 1811 4420 μέν

226 4449 377 4500 ἐστιν
407 4446 717 4512 ἄνθρωπος,
751 4443 865 4514 ἔχει
900 4444 955 4497 δὲ
994 4443 1090 4497 δύο
1135 4443 1327 4513 φύσεις
1372 4442 1680 4515 διαφόρους,
1716 4443 1811 4497 καὶ

1911 3265 2105 3332 verbo,
2129 3280 2242 3321 non
2268 3267 2324 3321 in
2355 3282 2460 3321 una
2488 3277 2705 3332 natura,
2732 3268 2827 3322 sed
2856 3268 2912 3321 in
2943 3268 3159 3324 duabus
3182 3269 3491 3339 perfectis.»

1912 3356 1983 3411 Et
2017 3367 2145 3427 post
2178 3358 2366 3417 brevia
2404 3376 2417 3413 :
2466 3378 2485 3409 ι
2525 3357 2716 3425 Qualis
2751 3359 2919 3430 igitur
2952 3360 3202 3416 internus
3237 3377 3402 3416 unam
3440 3362 3496 3416 in

1910 3446 2133 3503 Christo
2158 3451 2429 3504 cruciavit
2456 3450 2640 3505 dicere
2665 3452 2958 3504 naturam?
2987 3473 3005 3502 ι
3036 3452 3103 3506 Et
3129 3462 3254 3522 post
3278 3468 3449 3523 pauca
3477 3470 3491 3507 :

1919 3557 1938 3590 ι
1972 3536 2029 3592 Si
2057 3538 2205 3592 enim
2235 3549 2291 3593 et
2318 3539 2521 3611 duplex
2550 3550 2766 3605 natura,
2795 3542 2890 3595 sed
2920 3541 3273 3597 indivisibilis
3297 3551 3355 3597 et
3381 3559 3493 3598 non

1911 3626 2228 3680 dilanianda
2263 3626 2525 3683 adunatio
2560 3644 2723 3698 quam
2760 3630 2814 3683 in
2852 3646 2957 3684 una
2995 3629 3237 3685 tilietatis
3271 3631 3499 3687 conﬁte-

1910 3733 2036 3772 mur
2063 3732 2319 3787 persona.
2354 3737 2373 3770 ι

1911 3825 2095 3881 Sancti
2118 3827 2318 3882 Justini
2345 3830 2601 3899 martyris
2624 3845 2651 3882 e
2678 3830 2832 3883 tertia
2862 3829 2996 3883 libra
3021 3831 3085 3883 de
3105 3841 3295 3888 sancta
3319 3834 3495 3888 Trini-

2291 3910 2419 3964 tate,
2450 3899 2621 3970 capite
2650 3899 2849 3953 decimo
2879 3902 3123 3970 septimo.

1991 4074 2009 4106 ι
2044 4055 2275 4122 Quando
2306 4071 2436 4127 ergo
2466 4056 2725 4112 audivisti
2762 4058 2927 4112 unius
2949 4058 3070 4113 Filii
3092 4060 3374 4129 oppositas
3401 4077 3496 4116 vo-

1910 4162 2022 4213 ces,
2048 4149 2117 4203 ab
2146 4149 2378 4203 invicem
2409 4148 2595 4203 divide
2623 4166 2724 4217 pro
2749 4150 2964 4206 naturis
2990 4151 3159 4205 dicta.
3191 4172 3209 4205 ι
3238 4152 3307 4207 Ει
3333 4156 3503 4223 paulo

1909 4248 2036 4311 post
2060 4258 2073 4293 :
2107 4260 2125 4292 ι
2155 4240 2509 4311 Unaquaeque
2531 4257 2654 4311 quae
2675 4242 2866 4312 genuit
2892 4242 3193 4311 accipiente
3222 4252 3435 4298 natura.
3470 4264 3493 4295 ι

1911 4332 1980 4387 Ει
2012 4332 2177 4403 paulo
2208 4340 2329 4402 post
2364 4353 2375 4387 :
2417 4351 2435 4383 ι
2472 4330 2946 4399 Quemadmodum
2978 4348 3123 4386 unus
3152 4332 3379 4401 quidem
3411 4342 3499 4387 est

1913 4425 2100 4485 homo.
2133 4423 2272 4479 duas
2298 4438 2429 4479 vero
2458 4432 2683 4478 naturas
2712 4422 2880 4477 habet
2911 4421 3181 4488 diversas,
3213 4432 3379 4493 atque
3408 4438 3501 4479 se-

229 4540 349 4592 κατ“
389 4538 514 4592 ἄλλο
549 4538 649 4606 μὲν
687 4535 963 4603 λογίζεται
986 4574 1003 4600 ,
1050 4535 1172 4588 κατ’
1208 4534 1335 4589 ἀλλο
1379 4534 1433 4587 δὲ
1461 4514 1808 4602 τδλογισθὲν

1910 4517 2155 4573 cundum
2208 4517 2435 4571 alteram
2486 4514 2710 4585 quidem
2760 4515 3144 4578 ratiocinatur,
3191 4515 3506 4571 secundum

227 4632 461 4700 ἐνεργεῖ.
501 4648 520 4679 ι
553 4623 691 4681 Εἳτα
709 4625 941 4693 ιἐπάγει⁸
986 4645 1004 4677 ι
1039 4625 1227 4691 Οὕτως
1259 4628 1287 4679 ὀ
1325 4625 1452 4690 Υἱὸς
1486 4620 1567 4690 εἷς
1595 4624 1672 4679 ὢν
1718 4624 1811 4678 καὶ

228 4720 319 4773 δύο
363 4718 575 4787 φύσεις,
619 4715 743 4770 κατ’
771 4715 937 4787 ἄλλην
971 4716 1069 4785 μὲν
1095 4715 1194 4778 τὰς
1223 4714 1552 4785 θεοσημείας
1581 4714 1812 4786 ἐργάζε-

229 4830 337 4875 ται,
388 4812 511 4865 κατ’
533 4810 703 4879 ἀλλην
743 4808 799 4862 δὲ
851 4808 920 4861 τά
967 4806 1204 4861 ταπεινὰ
1254 4805 1611 4878 παρεδέξατο.
1648 4825 1666 4857 ι
1702 4804 1812 4857 Καὶ

232 4904 353 4972 μεθ’
383 4902 565 4972 ἕτεραο
604 4920 623 4951 ι
659 4894 754 4962 Εἷς
781 4899 951 4970 ἥλιος,
976 4897 1168 4968 φύσεις
1192 4897 1249 4950 δὲ
1280 4896 1394 4961 δύο,
1426 4897 1460 4967 ἡ
1485 4896 1581 4965 μὲν
1613 4896 1808 4965 φωτὸς,

230 4993 337 5065 ἠδὲ
364 4992 612 5063 σώματος
637 4990 885 5061 ἡλιακοῦ·
917 4990 1090 5053 οὕτως
1120 4987 1399 5043 κάνταῦθα
1426 4983 1506 5051 εἷς
1559 4987 1657 5057 μὲν
1682 4986 1811 5049 Υἱὸς

228 5090 324 5139 καὶ
371 5088 575 5157 Κύριος
637 5087 732 5136 καὶ
765 5082 1000 5153 Χριστὸς
1032 5084 1126 5135 καὶ
1160 5080 1492 5151 Μονογενὴς,
1529 5081 1724 5149 φύσεις
1751 5079 1811 5131 δὲ

224 5178 341 5241 δύο,
392 5179 430 5246 ἡ
472 5178 570 5246 μὶν
600 5174 742 5245 ὑπὲρ
775 5175 943 5245 ἡμᾶς,
992 5175 1027 5245 ἡ
1056 5173 1113 5227 δὲ
1136 5172 1403 5243 ἡμετέρα.
1450 5191 1467 5223 ι

232 5354 343 5411 Τοῦ
387 5354 562 5420 ἁγίου
620 5352 980 5421 Ἀμϐροσίου
1037 5352 1375 5406 ἐπισκόπου
1428 5348 1813 5403 Μεδιολάνων

367 5426 445 5477 ἐκ
490 5420 597 5490 τῆς
624 5420 945 5491 ἑρμηνείας
978 5422 1085 5475 τοῦ
1125 5422 1299 5490 ἁγίου
1330 5421 1663 5489 συμϐόλου.

300 5537 321 5571 ι
363 5516 506 5581 Τοὺς
558 5516 615 5569 δὲ
665 5515 924 5584 λέγοντας
972 5514 1136 5585 (μετὰ
1173 5517 1243 5566 τὰ
1270 5514 1328 5565 ὲν
1357 5512 1508 5583 μέσῳ
1535 5510 1680 5579 τινὰ)
1712 5511 1809 5571 τὰς

229 5609 424 5678 φύσεις
468 5606 559 5660 τοῦ
611 5604 853 5677 Χριστοῦ
898 5605 1037 5659 κατά
1091 5605 1395 5675 ἀνάκρασιν
1446 5602 1810 5672 συγχυθείσας

230 5699 362 5764 μίαν
395 5695 645 5764 γενέσθαι
678 5696 865 5765 φύσιν,
907 5697 1001 5750 καὶ
1039 5695 1112 5767 μὴ
1153 5694 1549 5764 ὁμολογοῦντας
1584 5693 1673 5745 τὸν
1703 5692 1807 5743 Κύ‹

230 5806 346 5854 ρων
381 5787 543 5856 ἡμῶν
584 5788 797 5857 Ἰησοῦν
826 5787 1083 5859 Χριστὸν,
1115 5786 1211 5841 δύο
1240 5782 1379 5840 εἶναι
1419 5786 1611 5855 φύσεις
1638 5784 1805 5851 ἁσυγς

1912 4608 2141 4663 alteram
2177 4622 2299 4677 quae
2332 4607 2672 4662 ratiocinans
2700 4618 2786 4662 est
2813 4617 3102 4679 operatur.
3137 4625 3155 4660 ι
3191 4607 3329 4662 Dein
3363 4607 3499 4663 sub-

1908 4698 2091 4769 iungit
2126 4717 2139 4751 :
2184 4717 2202 4749 ι
2246 4698 2336 4753 Sic
2372 4698 2544 4753 Filius
2578 4703 2671 4768 qui
2707 4714 2852 4753 unus
2884 4707 2969 4753 est
3001 4707 3057 4754 et
3091 4699 3213 4755 dua:
3248 4708 3494 4763 ποιηταῖς.

1912 4790 2216 4847 secundum
2255 4789 2483 4844 alteram
2524 4790 2747 4859 quidem
2788 4791 2974 4845 divina
3015 4790 3265 4862 prodigia
3303 4806 3503 4861 opera-

1914 4892 2024 4945 tur,
2061 4882 2363 4937 secundum
2409 4882 2638 4935 alteram
2678 4881 2890 4950 abjeeta
2930 4881 3173 4937 admisit.
3216 4900 3234 4932 ι
3272 4882 3339 4937 Et
3375 4895 3506 4952 pos:

1913 4974 2017 5027 alia
2050 4992 2063 5026 :
2104 4994 2122 5023 ‹
2158 4973 2311 5029 Unus
2338 4974 2440 5037 sol,
2470 4982 2681 5027 natura!
2705 4988 2839 5027 vero
2869 4974 3012 5039 duze,
3044 4974 3218 5028 altera
3246 4973 3510 5035 luminisr

1912 5062 2162 5132 corporis
2191 5062 2376 5117 solarii
2406 5063 2607 5126 altera;
2640 5062 2719 5116 sic
2745 5070 2801 5115 et
2832 5061 2907 5116 ibi
2938 5077 3084 5117 unus
3110 5062 3286 5116 Fiiius
3311 5070 3368 5116 et
3394 5062 3504 5115 Do-

1913 5153 2097 5207 minus
2126 5162 2182 5205 et
2210 5150 2465 5206 Christus
2492 5160 2547 5204 et
2579 5151 2918 5221 unigenitus,
2947 5158 3162 5205 natura).
3188 5164 3327 5203 vero
3356 5149 3509 5211 duae,

1912 5245 2085 5300 altera
2118 5258 2279 5312 supra
2309 5257 2433 5307 nos,
2463 5242 2635 5297 altera
2667 5250 2874 5297 nostra.
2911 5260 2932 5293 θ

1948 5350 2133 5408 Sancti
2162 5349 2429 5405 Ambrosii
2455 5350 2932 5404 Mediolanemium
2963 5348 3211 5421 Episcopi
3240 5366 3267 5402 ε
3297 5359 3478 5403 uincti

2350 5420 2573 5492 symboli
2603 5422 3061 5491 interpretatione.

1990 5535 2007 5565 ι
2049 5515 2157 5569 Eos
2199 5516 2290 5585 qui
2339 5515 2533 5569 dicunt
2573 5514 2733 5584 (post
2774 5529 2839 5567 ea
2882 5528 3006 5579 qua
3049 5513 3105 5565 in
3150 5510 3332 5566 medio
3377 5519 3511 5566 sunt

1913 5606 2198 5676 quaedam)
2235 5617 2460 5659 naturas
2497 5604 2551 5657 in
2587 5603 2809 5657 Christo
2843 5618 2943 5671 per
2972 5602 3259 5657 misturam
3294 5615 3510 5670 coagu-

1911 5694 2049 5747 latas
2080 5691 2297 5745 unicam
2332 5690 2449 5744 ﬁeri
2479 5698 2729 5743 naturam
2750 5731 2765 5753 ,
2795 5704 2897 5743 nec
2926 5689 3218 5743 Dominum
3249 5697 3507 5742 nostrum

1911 5782 2096 5837 Jesum
2139 5780 2421 5836 Christum
2460 5778 2794 5835 conﬁtentur
2825 5779 2961 5833 duas
2999 5794 3120 5833 esse
3162 5786 3389 5831 naturas
3427 5776 3511 5830 in-

3358 373 3497 440 1826
3604 414 3606 418 ι
