4094 6334
551 375 691 440 1823

545 576 802 631 dividens
841 588 948 625 non
997 570 1051 623 in
1091 584 1199 622 una
1226 574 1421 620 natura
1460 563 1644 626 unica,
1679 560 1772 616 sed
1808 561 1865 614 in
1899 558 2117 614 duabus

547 666 826 738 perfectis.
854 661 1013 717 Circa
1051 675 1215 714 unam
1259 657 1431 720 enim,
1464 652 1745 738 quomodo
1772 648 2118 713 confusionis

545 727 856 826 exemptio?
903 752 1193 818 Quomodo
1233 727 1608 803 distinctionis
1634 741 1926 798 absentia?
1967 739 2118 805 Quo-

545 847 708 902 modo
761 844 1024 899 adunatio
1081 840 1220 894 forte
1264 835 1577 892 diceretur?
1613 835 1749 889 Nam
1801 832 1962 886 unica
2009 831 2116 886 sibi

552 939 656 1009 ipsi
686 937 831 990 uniri
866 943 962 988 aut
987 930 1249 987 confundi
1278 939 1372 984 aut
1411 945 1442 982 a
1487 943 1545 982 se
1573 927 1689 996 ipsa
1715 923 1982 993 distingui
2021 939 2119 976 ne-

545 1027 726 1094 quit.»
772 1025 839 1078 Et
887 1021 1051 1092 paulo
1111 1021 1264 1088 post:
1301 1017 1546 1070 (lterum
1605 1013 1673 1067 ad
1734 1011 1883 1066 aliud
1930 1011 2124 1064 leviter

545 1129 855 1172 sermonem
890 1111 1280 1166 transferentes
1309 1108 1465 1162 aiunt
1507 1105 1653 1177 quod
1691 1115 1815 1174 post
1838 1103 2124 1158 adunatio-

549 1225 678 1265 nem
710 1208 895 1263 dicere
925 1206 1062 1260 duas
1090 1211 1316 1258 naturas
1338 1217 1446 1256 non
1463 1207 1710 1271 Oportet;
1730 1198 1952 1252 attende
1975 1197 2126 1251 vocis

551 1296 980 1372 signiﬁcationi:
1035 1295 1428 1350 adunationem
1475 1290 1684 1354 dixisti,
1733 1288 2124 1344 adunationem

549 1406 685 1447 vero
719 1389 884 1444 unius
925 1403 1035 1442 non
1084 1385 1335 1440 invenies
1379 1383 1596 1438 factam.
1628 1401 1645 1433 ι
1681 1383 1747 1436 Et
1772 1381 1937 1451 paulo
1968 1387 2124 1450 post:

559 1503 576 1533 ε
599 1482 1020 1536 Consucvcrunt
1050 1485 1108 1530 et
1133 1476 1185 1530 id
1214 1476 1456 1546 obiicere
1485 1491 1498 1529 :
1527 1473 1666 1527 Num
1688 1471 1891 1527 Christi
1925 1485 2130 1539 corpus

550 1583 607 1629 et
635 1572 960 1644 sanguinem
1021 1569 1256 1623 ﬁdeliter
1288 1569 1487 1638 pieque
1540 1581 1648 1620 non
1700 1562 2011 1618 sumimus?
2052 1560 2129 1615 Ita

554 1676 711 1724 sane,
739 1658 976 1721 dicetur,
1004 1672 1112 1711 non
1141 1657 1269 1725 quia
1295 1670 1499 1725 corpus
1519 1663 1576 1709 et
1598 1653 1919 1723 sanguinem
1948 1651 2129 1704 divina

555 1765 680 1819 pars
708 1755 835 1803 ante
860 1746 1219 1801 humanitatis
1248 1745 1683 1815 assumptionem
1709 1755 1906 1798 natura
1942 1756 2131 1812 posse-

1814 353 2125 417 LEONTII
2167 353 2572 413 BYZANTINI

544 487 696 548 fecit,
731 482 1012 554 cognitum
1047 492 1144 548 per
1175 474 1415 530 Verbum
1458 487 1561 527 nec
1605 467 1970 533 confundens,
2015 479 2118 521 nec

2249 483 2279 516 ’Ξ
2291 481 2380 534 ρον
2429 464 2658 516 ἁπε·.ἐλε
2671 480 2721 514 3:
2755 502 2766 524 ,

3669 341 3807 408 1824

2821 459 3222 531 γνωριζόμεναι
3266 459 3446 528 μέντοι
3511 456 3810 526 ἀσυγχύτῳ

2224 557 2319 610 καὶ
2348 555 2636 626 ἀδιαιρέτῳ
2668 553 2845 623 Λόγῳ,
2873 552 2974 605 οὒκ
3000 553 3056 604 ὲν
3087 553 3184 622 μιᾷ
3221 552 3357 621 μόνῃ
3388 549 3570 618 φύσει,
3609 545 3724 601 ἀλλ’
3745 548 3811 602 εν

2218 647 2342 701 δυσὶ
2376 645 2632 707 τελείαις.
2696 643 2820 696 Ἐπὶ
2862 644 2970 714 γὰρ
3002 644 3152 712 μιᾶς,
3188 640 3306 705 πῶς
3351 641 3411 694 τὸ
3463 639 3809 709 ἀσύγχυτονς

2222 741 2339 802 πῶς
2379 741 2440 792 τὸ
2479 737 2818 807 ἀδιαίρετονς
2850 735 3031 805 πῶςή
3060 734 3255 796 ἓνωσις
3296 732 3511 803 λεχθείη
3560 731 3688 784 ποτέ
3718 747 3734 796 ;
3765 732 3804 801 ἠ

2223 833 2330 901 γὰρ
2367 831 2464 902 μία
2505 831 2672 901 ἑαυτῇ
2706 828 2978 894 ἑνοῦσθαι,
3008 828 3040 890 ἦ
3068 827 3410 897 συγχεῖσθαι,
3441 825 3473 898 ἢ
3511 825 3569 892 ἐξ
3601 824 3808 893 ἑαυτῆς

2223 921 2572 993 διαιρεῖσθαι,
2601 921 2663 973 οὐ
2723 920 2970 972 δύναται.
3008 937 3025 969 ι
3056 918 3169 972 Καὶ
3207 917 3344 988 μετὰ
3376 915 3606 988 βραχέα·
3638 932 3656 965 ι
3693 913 3810 966 Πά-

2224 1013 2308 1064 λιν
2335 1012 2420 1065 ἐπ’
2451 1011 2578 1065 ἄλλο
2631 1007 3052 1080 μεταπηδῶντές
3102 1023 3258 1076 φασι,
3313 1006 3452 1075 μετὰ
3481 1004 3580 1074 τὴν
3608 1005 3809 1058 ἕνωσιν

2231 1107 2306 1174 μὴ
2357 1104 2556 1175 χρῆναι
2599 1102 2777 1170 λέγειν
2806 1100 2900 1154 δύο
2935 1099 3148 1168 φύσειςο
3182 1097 3419 1168 πρόσεχε
3456 1099 3522 1167 τῇ
3560 1091 3807 1167 σημασξᾳ

2226 1199 2319 1251 τοῦ
2352 1196 2542 1269 ῥητοῦ·
2569 1195 2766 1248 ἕνωσιν
2790 1189 2970 1256 εἶπας·
3007 1192 3202 1245 ἕνωσιν
3240 1190 3296 1242 δὲ
3328 1191 3456 1260 μιᾶς
3491 1189 3590 1241 οὐκ
3621 1187 3688 1241 ἂν
3716 1184 3810 1238 εὔ-

2231 1306 2344 1361 ροις
2397 1287 2710 1357 γινομένην.
2755 1304 2772 1336 ο
2812 1284 2921 1338 Καὶ
2955 1283 3093 1352 μετὰ
3127 1281 3357 1352 βραχέαο
3411 1299 3429 1332 ι
3473 1278 3718 1361 Εῐὼθασι
3749 1276 3813 1329 δὲ

2229 1382 2323 1433 καὶ
2360 1379 2516 1431 τοῦτο
2547 1376 2870 1447 προτείνειν·
2907 1376 3050 1446 ’Ἄρα
3080 1375 3142 1427 οὺ
3168 1373 3229 1426 τὸ
3269 1372 3429 1440 σῶμα
3453 1369 3549 1423 καὶ
3578 1370 3638 1422 τὸ
3668 1360 3817 1437 αἷμα

2228 1471 2323 1524 τοῦ
2357 1469 2494 1524 Θεοῦ
2526 1469 2878 1539 λαμϐάνομεν
2911 1465 3118 1529 πιστῶς
3140 1466 3236 1518 καὶ
3267 1453 3542 1527 εύσεεώςς
3574 1462 3701 1525 Ναὶ,
3729 1457 3817 1511 λε-

2233 1565 2409 1616 κτέον·
2435 1563 2534 1632 οὐχ
2558 1563 2638 1615 ὅτι
2665 1559 2824 1630 σῶμα
2853 1559 2949 1613 καὶ
2975 1555 3136 1627 αἷμα,
3172 1555 3236 1618 τὸ
3271 1554 3425 1608 Θείον
3458 1553 3564 1623 πρὸ
3596 1553 3690 1622 τῆς
3721 1551 3814 1602 ὲν-

2233 1653 2644 1726 ανΘρωπήσεως
2693 1651 2958 1719 ἐκέκτητο
3004 1649 3186 1718 φύσειο
3215 1646 3332 1700 ἀλλ’
3367 1644 3554 1715 ἐπειδὴ
3598 1642 3668 1696 τὰ
3711 1643 3819 1711 τῆς

2238 1747 2441 1817 σαρκὸς
2471 1745 2811 1806 ἰδιοποεῖται,
2846 1741 2992 1812 ἔχειν
3019 1740 3237 1808 λέγεται
3268 1736 3461 1791 ταῦτα’
3493 1733 3538 1787 ὣ
3567 1733 3659 1788 τοῦ
3689 1735 3816 1786 ἀτο-

556 1842 660 1905 dit,
712 1840 806 1896 sed
860 1849 1150 1910 postquam
1195 1812 1654 1908 propria—carnis
1705 1852 1803 1891 sua
1844 1835 1974 1888 fecit
2021 1834 2137 1888 haec

2249 1812 2528 1910 τιή-ματοςῐ
2562 1836 2606 1890 ὣ
2638 1837 2737 1906 τῆς
2785 1833 3015 1897 ἀσεϐοῦς
3048 1831 3320 1892 διανοίαςὶ
3374 1826 3674 1881 κινδυνεύει
3705 1825 3820 1895 γὰρ

555 1931 765 1984 habere
799 1928 1023 1982 dicitur.
1064 1930 1105 1980 Ο
1138 1927 1476 1982 absurdum!
1507 1926 1551 1978 Ο
1586 1925 1806 1994 impiam
1844 1923 2135 1994 cogitatio~

556 2023 717 2088 nem!
760 2021 819 2074 ln
866 2019 1117 2090 periculo
1164 2029 1241 2073 est
1281 2018 1428 2072 enim
1473 2016 1617 2087 apud
1650 2017 1797 2086 ipsos
1826 2013 2137 2069 divinitatis

559 2112 826 2183 dignatio,
876 2121 932 2166 et
979 2111 1178 2165 exinde
1235 2109 1582 2164 Dominicum
1639 2123 1840 2178 corpus
1908 2117 1966 2160 ut
2030 2122 2130 2160 ve-

560 2221 684 2258 rum
728 2221 930 2274 corpus
978 2203 1223 2258 conﬁteri
1271 2218 1381 2256 non
1445 2202 1744 2257 sustinent.
1791 2201 1895 2254 Per
1966 2200 2140 2254 dicto-

564 2312 684 2350 rum
727 2298 873 2352 enim
908 2297 1167 2350 astutiam
1226 2303 1491 2349 mutatum
1530 2294 1700 2348 fuisse
1754 2293 1886 2346 illud
1914 2293 1966 2345 in
1994 2291 2140 2345 divi-

562 2392 789 2444 nitatem
825 2404 960 2442 vane
982 2389 1314 2459 excogitant,
1343 2388 1561 2440 unicam
1590 2385 1787 2439 exinde
1811 2383 2140 2453 et'ﬁngentes

564 2491 841 2543 naturam,
860 2490 916 2534 et
937 2481 1082 2533 illam
1107 2495 1214 2533 non
1241 2478 1587 2532 invenientes
1608 2477 1792 2531 dicere
1811 2475 1988 2544 qualis
2004 2475 2094 2529 sit.
2119 2495 2136 2526 ο

640 2567 906 2641 Et'paulo
945 2579 1062 2640 post
1103 2588 1116 2625 :
1161 2589 1179 2620 ‹
1225 2571 1518 2640 Fugiamus
1561 2570 1682 2622 illos
1722 2567 1815 2637 qui
1855 2566 2143 2632 dividunt;

567 2664 612 2718 si
648 2662 793 2717 enim
828 2669 882 2716 et
914 2662 1112 2731 duplex
1145 2672 1364 2725 natura,
1400 2660 1566 2730 igitur
1598 2659 1950 2714 indivisibilis
1982 2667 2037 2712 et
2071 2659 2148 2712 la-

568 2753 744 2823 cet-ari
782 2769 902 2824 quae
936 2754 1127 2824 nequit
1161 2753 1423 2808 adunatio
1462 2754 1515 2805 in
1553 2767 1659 2805 una
1696 2750 1936 2805 ﬁiietatis
1961 2749 2150 2804 'conﬁ-

571 2845 734 2901 tenda
762 2860 994 2916 persona
1025 2855 1081 2902 et
1111 2862 1216 2899 una
1247 2844 1561 2916 hypostasi;
1595 2843 1869 2914 fugiamus
1901 2843 2026 2896 illos
2054 2842 2146 2911 qni

576 2951 736 2989 unam
768 2925 1016 2989 naturain
1046 2943 1167 3005 post
1196 2933 1588 2988 adunationem
1621 2930 1960 2984 mendaciter
1984 2943 2151 2996 expo-

573 3036 715 3082 nunt
749 3045 762 3080 :
798 3042 922 3081 nam
960 3028 1122 3081 unius
1157 3027 1416 3090 notione,
1453 3023 1520 3079 ad
1555 3023 1864 3093 passionem
1901 3019 2153 3092 impassi-

575 3119 671 3173 bili
707 3119 816 3175 Deo
847 3117 1253 3172 attribuendam
1289 3117 1648 3170 inducuntur.
1689 3132 1707 3165 ι

635 3231 821 3304 (Συνιιιὶ
848 3248 874 3285 e
903 3232 1213 3286 tractatibus
1243 3239 1427 3285 contra
1461 3228 1766 3285 Nestorium
1794 3228 1846 3280 in
1875 3225 2099 3281 secundo

1234 3317 1498 3355 sermone.

657 3410 674 3441 ι
705 3390 885 3447 Unum
911 3391 1196 3454 conlitcre,
1225 3398 1446 3444 naturas
1475 3403 1584 3441 non
1613 3385 1887 3449 dividens,
1915 3382 2076 3439 simul
2103 3390 2157 3436 et

580 3491 761 3545 sciens
792 3483 939 3556 quod
975 3481 1159 3537 carnis
1185 3478 1408 3550 quidem
1439 3484 1523 3532 cst
1555 3490 1735 3530 sermo
1765 3475 1922 3537 alter,
1956 3471 2158 3529 divini-

581 3581 714 3636 tatis
734 3594 864 3634 vero
888 3576 982 3646 qui
1009 3576 1180 3645 ipsam
1206 3572 1374 3627 solam
1403 3569 1580 3624 decet.
1615 3586 1634 3619 ι
1665 3567 1804 3621 Ecce
1835 3581 1964 3636 ergo
2009 3565 2157 3619 clare

583 3673 650 3728 ad
682 3687 788 3726 non
823 3667 1172 3723 auferendam
1204 3662 1612 3733 duplicitatem,
1638 3659 1734 3714 sed
1766 3675 1874 3712 non
1907 3657 2158 3712 dividen-

586 3767 710 3819 dam
738 3763 990 3816 hortatur
1017 3747 1161 3811 illam
1190 3771 1311 3824 qua:
1335 3753 1537 3821 duplex
1561 3751 1714 3820 juxta
1749 3751 1980 3803 haluras
2019 3749 2162 3803 exsi-

584 3856 718 3920 stit,
758 3859 815 3907 et
850 3846 1292 3921 cognoscendum
1339 3843 1392 3896 in
1435 3842 1582 3912 quali
1607 3840 1760 3894 verbi
1794 3840 2160 3895 differentiam

587 3945 819 4002 alterius
864 3941 931 3996 ad
981 3939 1207 3993 alteram
1254 3935 1403 4000 vult,
1451 3941 1676 4002 naturas
1725 3931 1915 3986 dicens
1959 3941 2015 3986 et
2058 3931 2162 3986 alia

591 4036 781 4092 verba.

629 4150 884 4220 Ejusdem
919 4162 981 4199 ea:
1013 4141 1444 4220 interpretatione
1475 4135 1728 4220 Epistola:
1762 4136 1828 4189 ad
1865 4135 2124 4200 (chrwos,

1163 4211 1390 4265 secunda
1427 4225 1492 4278 pa
1501 4216 1598 4260 rte.

673 4329 691 4361 ι
728 4307 806 4362 Ad
844 4305 1076 4360 invicem
1113 4299 1465 4354 inrﬁ‘abiliter
1495 4303 1550 4349 ct
1583 4309 1748 4363 supra
1779 4308 2000 4348 sensum
2036 4308 2168 4349 con-

592 4407 868 4456 venerunt
897 4394 1158 4449 divinitas
1185 4401 1238 4444 et
1268 4387 1600 4443 humanitas.
1627 4394 1682 4440 et
1709 4384 2026 4438 diﬁercntes
2049 4384 2170 4453 qui-

2238 1932 2368 2002 παρ’
2395 1931 2578 1992 αὐτοῖς
2617 1928 2716 1997 τῆς
2762 1926 3018 1997 Θεότητος
3044 1925 3104 1978 τὺ
3134 1922 3372 1991 ἀξίωμα,
3415 1920 3512 1972 καὶ
3557 1916 3721 1970 πάλιν
3754 1916 3820 1968 τὸ

2238 2021 2518 2092 κυριακὸν
2569 2020 2731 2090 σῶμα
2776 2018 2853 2082 ὡς
2899 2017 3151 2086 ἀληθινὸν
3200 2014 3359 2085 σῶμα
3392 2011 3676 2082 ὁμολογεῖν
3715 2009 3821 2062 οὐκ

2245 2115 2552 2185 ἀνέχονται·
2582 2112 2649 2165 δι’
2680 2110 2921 2173 ἐπινοεας
2949 2109 3055 2179 γὰρ
3089 2107 3287 2170 λέξεων
3325 2103 3630 2174 τετράφθαι
3657 2101 3824 2154 τοῦτο

2242 2211 2321 2270 εἰς
2345 2206 2577 2274 θεότητα
2606 2203 2992 2273 φαντάζονται,
3027 2199 3154 2269 μίαν
3182 2196 3435 2252 ἐντεῦθεν
3466 2191 3822 2248 κατασκευά-

2243 2299 2428 2362 ζοντες
2459 2296 2639 2365 φύσινσ
2670 2295 2764 2349 καὶ
2793 2293 2962 2362 αὐτὴν
2993 2291 3136 2354 τίνος
3167 2285 3330 2354 εἶναι,
3361 2287 3437 2358 μὴ
3470 2285 3824 2356 εὑρίσκοντες

2243 2390 2454 2460 λέγειν,
2485 2407 2502 2438 ι

2342 2564 2451 2618 Καὶ
2523 2565 2640 2630 μετ’
2707 2549 2888 2629 ὀλίγαο
2947 2580 2964 2612 ι
3023 2561 3288 2629 Φύγωμεν
3350 2553 3477 2612 τοὺς
3555 2550 3829 2624 διαιροῦντ

2248 2674 2366 2721 ταςο
2392 2658 2440 2708 εἰ
2466 2655 2574 2725 γὰρ
2623 2655 2717 2707 καὶ
2749 2652 2901 2722 διττὴ
2938 2655 2970 2723 ὴ
3021 2651 3203 2720 φύσις,
3237 2649 3353 2704 ἀλλ’
3377 2645 3469 2700 οὖν
3519 2645 3827 2715 ἀδιαίρετος

2251 2753 2342 2802 καὶ
2371 2749 2732 2809 ἀδιάσπαστος
2767 2749 2800 2816 ἡ
2833 2746 3049 2809 ἓνωσις,
3081 2747 3138 2797 ἐν
3169 2743 3251 2797 ἐνὶ
3288 2742 3387 2812 τῆς
3421 2741 3668 2810 υἱότητος
3704 2740 3833 2808 ὁμο·

2249 2839 2557 2909 λογουμένη
2594 2834 2894 2907 προσώπῳ,
2929 2834 3022 2890 καὶ
3071 2835 3168 2905 μιᾷ
3200 2832 3523 2886 ὑποστάσει·
3563 2829 3832 2909 φύγωμεν

2250 2932 2376 2995 τοὺς
2424 2929 2553 3002 μίαν
2586 2929 2746 2998 φύσιν
2779 2927 2918 2998 μετὰ
2960 2926 3059 2998 τὴ)
3088 2926 3284 2979 ἕνωσιν
3336 2905 3831 2994 τερατευομένόυς·

2252 3026 2316 3094 τῇ
2345 3021 2452 3093 γὰρ
2482 3020 2582 3090 τῆς
2632 3021 2760 3090 μιᾶς
2801 3019 3035 3090 ἐπινοίᾳ,
3091 3017 3170 3089 τῷ
3225 3014 3430 3070 ἀπαθεῖ
3476 3012 3597 3084 Θεῷ
3657 3010 3836 3074 πάθος

2255 3114 2592 3186 προσάπτειν
2628 3111 2963 3180 ἐπείγονται.
2997 3127 3015 3162 ι

2257 3229 2564 3297 Κυρίλνιου
2590 3225 2661 3280 ἐκ
2685 3223 2802 3278 τῶν
2834 3222 3344 3347 κατέἱόΝεστορίου
3371 3220 3441 3274 ἐν
3467 3217 3546 3284 τῷ
3571 3215 3838 3286 δευτέρῳ

2942 3333 2958 3347 .
3025 3309 3122 3347 νω.

2942 3309 3122 3362 ⁵ιογῳ.

2336 3410 2353 3442 ι
2401 3388 2766 3460 Ὀμολόγησον
2792 3387 2911 3450 ἕνα,
2968 3387 3044 3459 μὴ
3068 3383 3293 3454 διαιρῶν
3331 3380 3428 3443 τάς
3456 3379 3668 3451 φύσεις,
3695 3377 3840 3448 μετὰ

2257 3482 2355 3536 τοῦ
2385 3481 2586 3536 εἰδέναι
2618 3480 2700 3533 ὅτι
2732 3477 2934 3548 σαρκὸς
2966 3476 3065 3546 μὲν
3111 3475 3297 3544 ἕτερος
3352 3473 3534 3540 λόγος,
3578 3469 3840 3538 θεότητος

2260 3573 2316 3626 δὲ
2347 3573 2374 3624 ὁ
2409 3572 2545 3642 αὐτῇ
2577 3570 2670 3624 καὶ
2701 3569 2834 3638 μόνῃ
2865 3565 3112 3636 πρέπων.
3154 3583 3173 3618 ι
3213 3564 3344 3617 Ἰδοὺ
3383 3558 3478 3616 οὖν
3508 3559 3713 3628 σαφῶς,
3735 3560 3842 3612 οὐκ

2263 3666 2501 3736 ἀναιρεῖν
2525 3662 2623 3732 τὴν
2646 3661 2834 3722 δυάδα,
2865 3657 3000 3712 ἀλλὰ
3033 3658 3108 3728 μὴ
3137 3657 3367 3727 διαιρεῖν
3399 3653 3654 3724 παραινεῖ
3678 3650 3842 3721 τήνδε

2262 3757 2358 3826 τὴν
2413 3756 2555 3808 κατὰ
2591 3753 2688 3815 τὰς
2721 3752 2930 3822 φύσεις,
2962 3747 3253 3817 γινώσκειν
3299 3762 3358 3798 τε
3409 3744 3546 3814 πρὸς
3574 3741 3653 3812 τῷ
3683 3741 3843 3811 ποσῷ

2264 3851 2357 3904 καὶ
2406 3849 2504 3918 τὴν
2551 3843 2817 3915 διαφορὰν
2857 3840 2951 3895 τόὖ
3001 3841 3158 3906 λόγου
3194 3836 3430 3906 θατέρας
3465 3833 3602 3903 πρὸς
3641 3830 3843 3901 ἑτέραν

2267 3941 2536 4013 βούλεται,
2573 3937 2764 4008 φύσεις
2794 3952 2853 3988 τε
2884 3931 3054 3988 εἰπὼν
3083 3931 3176 3986 καὶ
3211 3929 3433 4001 ἐτέρους
3461 3925 3674 3994 λόγους.

2273 4145 2382 4198 Τοῦ
2409 4140 2594 4198 αὐτοῦ
2627 4142 2695 4195 ἐκ
2718 4139 2826 4202 τῆς
2859 4135 3174 4204 ἑρμηνείας
3200 4131 3307 4199 τῆς
3336 4129 3486 4198 πρὸς
3535 4124 3847 4192 Ἑϐραίους

2793 4206 3073 4274 δευτέρου
3102 4205 3306 4271 τόμου.

2345 4325 2362 4358 ι
2406 4302 2722 4373 Συνέϐησαν
2748 4301 2803 4354 δὲ
2844 4297 3100 4367 ἀλλήλαις
3131 4294 3463 4364 ἁπορῤήτως
3487 4307 3547 4343 τε
3572 4286 3664 4341 καὶ
3698 4287 3846 4354 ὑπὲρ

2271 4400 2394 4453 νοῦν
2433 4398 2623 4466 Θεότης
2670 4393 2765 4446 καὶ
2811 4388 3187 4459 άνϐρωπότης’
3227 4384 3320 4436 καὶ
3359 4382 3606 4449 διάφοροι
3654 4378 3749 4447 μὲν
3787 4379 3844 4428 αἱ

591 4494 722 4548 dem
764 4499 974 4544 natura:
1015 4487 1069 4540 in
1110 4483 1382 4543 confesso,
1420 4496 1561 4532 unus
1601 4487 1782 4532 tamen
1819 4486 1874 4529 et
1913 4475 2063 4529 solus
2102 4492 2145 4530 c:

2272 4493 2463 4561 φύσεις
2502 4484 2984 4559 ὁμολογουμένως,
3026 4480 3167 4550 πλὴν
3207 4471 3288 4540 εἷς
3338 4493 3397 4528 τε
3437 4473 3530 4528 καὶ
3582 4471 3738 4541 μόνος
3787 4468 3849 4533 ἐξ

599 4585 866 4642 ainbobus
903 4580 1090 4635 Filius.
1135 4596 1151 4626 ι
1193 4574 1348 4641 Quod
1383 4589 1514 4642 ergo
1548 4570 1895 4631 diﬂ‘ercntcs,
1933 4567 2080 4638 quod
2115 4578 2170 4622 ct

594 4689 808 4734 natura:
831 4685 980 4736 sunt,
1009 4670 1162 4725 novit
1218 4668 1272 4722 Si
1305 4683 1434 4736 ergo
1466 4680 1573 4717 non
1607 4671 1832 4716 naturas
1863 4672 1986 4730 post.
2020 4675 2171 4714 com-

599 4765 928 4839 positionem
956 4760 1117 4822 dicit,
1147 4771 1246 4811 nec
1268 4755 1513 4808 diversas
1537 4750 1877 4805 divinitatem
1903 4758 1958 4803 et
1983 4749 2177 4802 huma-

602 4860 850 4913 nitatem.

903 4943 1153 5016 Ejusdem
1187 4956 1248 4993 ea:
1281 4938 1484 5000 eadem,
1518 4946 1666 4989 sexta
1702 4942 1873 5002 parte.

681 5064 697 5092 ι
738 5041 794 5096 Si
833 5039 978 5094 enim
1022 5035 1333 5104 cogitantur
1371 5029 1600 5082 diversa:
1640 5034 1696 5079 et
1735 5025 1878 5077 inter
1917 5037 1972 5075 se
2019 5021 2181 5075 dissi-

603 5133 763 5190 miles
798 5146 828 5184 a
868 5128 1034 5183 rebus
1069 5125 1123 5177 in
1159 5119 1548 5175 adunationem
1584 5112 2040 5170 convenientibus
2080 5126 2178 5164 na-

600 5237 761 5287 tur-.e,
788 5232 949 5276 carne
973 5217 1097 5270 dico
1120 5223 1173 5268 et
1197 5213 1329 5274 Deo,
1355 5210 1520 5280 igitur
1544 5223 1686 5261 unus
1708 5218 1764 5260 et
1788 5206 1935 5260 solus
1959 5219 2086 5257 vere
2113 5218 2180 5256 ex

605 5312 873 5370 ambobus
917 5309 1076 5363 ﬁlius.
1133 5324 1149 5355 ι
1196 5301 1436 5358 Evidens
1476 5307 1561 5353 est
1602 5311 1734 5366 ergo
1777 5295 1920 5365 quod
1964 5293 2182 5363 quando

608 5422 753 5463 unus
796 5421 860 5460 ex
907 5399 1194 5459 ambobus,
1239 5403 1369 5448 tunc
1413 5392 1722 5461 cogitantur
1759 5399 1811 5442 et
1858 5399 2087 5447 natnrm,
2129 5394 2182 5437 et

607 5497 679 5550 ab
717 5495 953 5548 invicem
991 5486 1285 5543 dissimiles
1321 5483 1465 5537 circa
1499 5480 1778 5536 Christum
1816 5485 1937 5545 post.
1974 5475 2182 5528 aduna-

612 5588 843 5644 tionem.

823 5700 1070 5769 Ejus.‘lmn
1109 5713 1132 5745 τ·
1167 5694 1491 5750 Scholiormn
1524 5685 1747 5740 ξεινικά)
1780 5683 1971 5750 capite.

696 5813 713 5846 ί
752 5793 885 5861 ριιὶςι
927 5791 1128 5860 alisque
1170 5787 1484 5843 t'unfu,~“.nnc
1525 5769 1898 5834 remntHCl‘unl
1945 5782 2180 5833 natttra',

2272 4586 2474 4654 ἀμφοῖν
2503 4582 2649 4641 Υἱός.
2689 4579 2841 4632 »Ὅτι
2877 4593 2937 4628 τε
2965 4569 3056 4627 οὖν
3088 4572 3356 4640 διάφοροι,
3394 4565 3489 4621 καὶ
3518 4565 3607 4618 ὅτι
3634 4563 3726 4616 καὶ
3751 4561 3849 4630 φύ-

2276 4694 2388 4737 σεις
2415 4673 2542 4737 εἰσὶΔ
2570 4667 2729 4725 οἶδεν·
2763 4669 2810 4721 εἱ
2841 4662 2936 4720 οὖν
2967 4665 3040 4735 μὴ
3071 4663 3260 4731 φύσεις
3288 4659 3425 4730 μετὰ
3450 4657 3548 4726 τὴν
3575 4652 3849 4724 σύμϐασιν

2273 4716 2441 4834 λέγει,
2469 4716 2592 4818 οὔτε
2618 4716 3166 4830 διαφόρουςθεόττίτα
3327 4716 3742 4817 ἀνθρωπότητα.

2495 4923 2601 4977 Τοῦ
2645 4917 2832 4973 αὐτοῦ
2864 4916 2932 4969 ἐκ
2975 4912 3085 4982 τῆς
3116 4909 3306 4976 αὐτῆς
3341 4908 3525 4986 τόμου
3563 4902 3617 4969 ς’

2357 5036 2375 5067 ι
2431 5016 2492 5068 El
2537 5014 2646 5083 γὰρ
2701 5010 2794 5063 καὶ
2849 5005 3094 5061 νοοῦνται
3150 5003 3418 5070 διάφοροι,
3454 4997 3549 5049 καὶ
3593 4993 3856 5083 ἀλλήλαις

2280 5111 2453 5164 ἄνισοι
2491 5105 2598 5158 τῶν
2622 5105 2700 5165 εἰς
2740 5100 2969 5167 ἑνότητα
3006 5088 3524 5163 συνδεδραμηκότων
3548 5085 3604 5138 αἱ
3637 5082 3854 5150 φύσεις,

2284 5199 2482 5268 σαρκὸς
2516 5196 2580 5260 δὴ
2609 5194 2754 5259 λέγω
2782 5191 2874 5244 καὶ
2916 5185 3073 5252 Θεοῦ,
3102 5183 3216 5238 ἀλλ’
3248 5177 3341 5235 οὖν
3383 5173 3462 5242 εἶς
3487 5195 3547 5230 τε
3576 5176 3668 5230 καὶ
3700 5173 3858 5244 μόνος

2283 5293 2311 5343 ὁ
2338 5259 2394 5356 ἐξ
2419 5287 2620 5357 ἀμφοῖν
2652 5283 2778 5345 Υἱὸς
2806 5278 3042 5348 ἀληθῶς.
3082 5296 3098 5326 ι
3137 5275 3303 5341 Δῆλον
3327 5271 3433 5340 ἄρα
3459 5269 3540 5321 ὅτι
3571 5269 3660 5320 ὅτε
3692 5259 3771 5325 εἷς
3802 5264 3859 5328 ἐξ

2285 5382 2509 5448 ἀμφοῖν,
2545 5377 2665 5428 τότε
2694 5375 2787 5426 καὶ
2815 5369 3061 5424 νοοῦνται
3109 5366 3204 5419 καὶ
3243 5363 3455 5432 φύσεις,
3481 5359 3576 5411 καὶ
3600 5355 3862 5424 ἀλλήλαις

2287 5472 2457 5523 ἄνισοι
2489 5468 2580 5520 ἐπὶ
2618 5463 2854 5535 Χριστοῦ
2899 5458 3034 5530 μετᾶ
3066 5458 3160 5526 τὴν
3187 5456 3399 5508 Ξνωσιν.

2295 5675 2402 5728 Τρῐ·
2440 5671 2624 5726 αὐτοῦ
2675 5670 2741 5720 ἐκ
2790 5669 2892 5720 τοῦ
2937 5674 3000 5718 ια¹
3047 5660 3377 5730 και-μα.ΐαίου
3423 5655 3539 5710 τῶν
3572 5650 3862 5720 Σχοιῖων.

2370 5785 2385 5815 ι
2431 5765 2545 5814 Ὄτυ
2581 5761 2634 5814 δὲ
2686 5758 2816 5826 ἁτὸγ
2834 5774 2974 5827 Αυττιο
3023 5751 3399 5824 μεμῖνὴκειτιν
3431 5747 3479 5798 ai
3520 5742 3727 5812 ψύξεις,
3765 5735 3862 5788 εἴτ’
