4094 6334
606 378 742 440 ἶείῖἳ

1865 381 2172 441 LEONTII
2214 382 2616 442 BYZANTINI

3708 382 3841 445 18M

601 494 780 555 licuit,
804 502 863 545 ut
891 494 1000 561 jam
1031 492 1293 555 diximus,
1331 508 1440 546 non
1474 494 1603 547 item
1636 503 1690 547 et
1719 493 1780 547 D.
1818 494 2007 563 Cyrilli
2034 505 2153 548 tem-

2269 496 2324 547 δὲ
2378 495 2469 547 τὸν
2523 496 2714 565 χρόνον
2755 495 2848 548 τοῦ
2899 496 3057 564 ἁγίου
3101 497 3370 566 Κυρίλλου
3406 498 3507 567 τῆς
3535 498 3688 550 νόσου
3731 497 3844 549 τῶν

600 601 754 653 pore,
792 600 923 653 (pro,
958 587 1084 637 dum
1112 601 1207 653 per
1238 585 1509 639 Ecclesias
1533 585 1854 639 Nestoriana
1876 586 1994 639 lues
2018 602 2167 656 gras-

600 677 845 741 sabatur,
873 693 935 729 ea
974 691 1076 728 vos
1100 677 1269 746 magis
1302 677 1580 746 magisque
1612 677 1807 745 rejecta
1833 675 1957 729 fuit.
2001 697 2018 727 ι

671 769 727 822 Si
762 769 836 821 ita
864 776 967 831 est,
998 768 1211 834 insane,
1240 769 1441 838 rejecta
1472 770 1726 838 ergnjam
1758 776 1919 819 antea
1952 766 2075 830 fuit,
2112 776 2167 821 et

600 860 775 912 multo
830 860 1001 929 magis
1040 869 1165 928 post
1208 859 1549 913 Nestorium.
1581 858 1733 929 Quod
1783 872 1906 911 cum
1951 857 2025 909 ita
2073 856 2163 920 sit,

597 952 876 1017 quomodo
927 966 1056 1019 ergo
1101 949 1356 1004 Patribus
1408 949 1515 1003 illis
1560 965 1622 1003 ea
1673 965 1801 1003 voce
1850 950 1927 1001 uti
1957 948 2167 1028 licuit?

598 1042 867 1095 Praeterea
898 1040 942 1094 si
976 1027 1307 1094 vocabulum
1336 1041 1470 1094 illud
1501 1044 1761 1112 rejeetutn
1798 1039 1899 1093 fuit
1933 1027 1984 1092 in
2014 1041 2164 1109 judi-

597 1131 685 1183 cio
710 1141 900 1185 contra
928 1131 1269 1195 Nestorium,
1301 1147 1401 1185 cur
1428 1146 1589 1185 nemo
1624 1140 1827 1185 emtum
1861 1128 2134 1184 Cbalcedo

596 1238 821 1277 nensem
852 1224 1105 1277 Nestorio
1148 1225 1508 1293 posteriorem
1546 1225 1612 1277 de
1656 1223 1759 1277 hoc
1796 1221 1935 1290 ipso,
1976 1236 2082 1288 quo
2122 1221 2167 1275 is

598 1328 731 1367 usus
775 1322 879 1378 est,
925 1314 1240 1383 redarguit?
1273 1314 1369 1368 sed
1414 1316 1464 1368 id
1514 1330 1681 1368 unum
1722 1314 1773 1367 ei
1800 1313 1933 1365 vitio
1977 1313 2162 1377 vertit,

594 1405 741 1473 quod
772 1420 802 1458 e
829 1407 1042 1460 naturis
1086 1406 1315 1460 duabus-
1345 1406 1570 1460 minizne
1612 1406 1975 1474 compositura
2004 1403 2165 1457 Chri-

594 1507 739 1571 stum
768 1508 1001 1563 asserat,
1036 1516 1137 1554 nec
1178 1515 1367 1554 earum
1410 1500 1462 1553 in
1503 1516 1608 1553 una
1648 1497 2002 1553 subsistentia
2037 1512 2167 1549 enit-

589 1592 934 1660 junctionem
985 1591 1328 1661 proﬁteatur.
1362 1590 1517 1655 Quod
1562 1598 1743 1645 autem
1792 1590 1895 1643 hoc
1934 1588 2079 1642 dicat
2111 1596 2167 1643 et

593 1698 747 1737 sacra
775 1684 1038 1754 synodus,
1063 1685 1188 1752 quis
1218 1683 1473 1738 dubitat?
1493 1682 1536 1736 si
1565 1683 1709 1735 enim
1735 1681 1824 1735 illa
1847 1680 1965 1734 suis
1986 1680 2165 1733 feren-

591 1774 679 1828 dis
716 1775 959 1829 decretis
998 1776 1071 1829 ita
1108 1775 1395 1844 loquitur:
1436 1795 1452 1825 ι
1486 1774 1832 1843 Suscipimus
1872 1772 1935 1825 D.
1973 1770 2162 1841 Cyrilli

2269 588 2567 656 Νεστορίου
2619 589 2993 656 καινοφωνιῶν
3027 590 3126 651 τὰς
3168 591 3491 661 Ἐκκλησῑας
3520 592 3842 660 ἐπινεμομέ-

2270 696 2387 747 νης.
2417 680 2508 731 ἐπὶ
2542 678 2703 732 πλέον
2732 682 2763 748 ἡ
2790 680 2934 743 λέξις
2962 681 3400 752 ἀπεδοκιμάσθη.
3435 700 3453 731 ι

2344 772 2504 822 Ὥστε
2544 768 2653 833 οὖν,
2702 765 2745 822 ὦ
2786 766 2962 835 οὗτος,
3013 772 3106 823 καὶ
3150 772 3313 825 πάλαι
3351 774 3584 842 ἀδόκιμα
3614 773 3706 825 καὶ
3746 772 3844 825 ἐπὶ

2271 861 2433 915 πῗηέον
2470 862 2607 931 μετὰ
2640 863 2963 933 Νεστόριον·
3000 865 3118 927 πῶς
3160 861 3252 917 οὖν
3300 865 3639 935 ὰδιαϐλὴτως
3678 867 3844 935 ἐχρή-

2270 942 2432 1007 σαντο
2464 954 2640 1022 αὐτῇ;
2686 949 2807 1005 εἶτα
2848 954 2904 1006 δὲ
2950 956 2997 1006 εί
3046 954 3398 1023 διαϐέϐληται
3447 957 3541 1007 καὶ
3582 956 3841 1011 ἀπεδοκιρ

2271 1042 2452 1111 μάσθη
2484 1042 2629 1094 κατὰ
2669 1043 2987 1112 Νεστόριον,
3022 1046 3138 1107 πῶς
3165 1046 3224 1097 ού
3254 1047 3392 1097 κατὰ
3420 1046 3535 1097 τόδε
3572 1044 3841 1115 γράφεται

2265 1135 2407 1204 τιςῆ
2447 1136 2743 1205 κατηγορεῖ
2793 1135 2892 1204 τῆς
2957 1138 3016 1188 ὲν
3074 1136 3377 1207 Χαλκηδόνι
3414 1138 3633 1190 συνόδου
3698 1136 3843 1203 μετᾶ

2266 1227 2561 1298 Νεστόριον
2607 1226 2802 1295 οὔσης
2841 1227 2979 1280 ἀλλὰ
3021 1228 3155 1281 διότι
3211 1230 3284 1298 μὴ
3336 1229 3428 1281 καὶ
3457 1231 3518 1281 ὲκ
3550 1229 3641 1281 δύο
3666 1228 3840 1293 λέγει,

2268 1319 2363 1370 καὶ
2412 1318 2510 1388 τὴν
2540 1318 2662 1372 καθ’
2692 1320 2991 1373 ὑπόστασιν
3032 1320 3228 1373 ἕνωσιν
3253 1320 3488 1389 Χριστοῦ
3515 1336 3528 1351 ο
3562 1321 3643 1372 ὅτι
3670 1320 3726 1371 δὲ
3755 1319 3845 1370 λέ-

2268 1424 2355 1475 γει
2382 1400 2527 1473 τάδε,
2559 1408 2642 1471 τίς
2672 1408 3045 1478 ἀμφιϐάλλει;
3085 1428 3103 1459 ι
3131 1410 3192 1461 Εἰ
3221 1410 3332 1476 γὰρ
3360 1410 3391 1479 ή
3429 1408 3645 1471 σύνοδος
3670 1408 3846 1476 ψηφι-

2271 1498 2477 1567 ζομὲνη
2522 1500 2688 1569 φησὶν
2730 1498 2925 1565 οὕτως,
2974 1500 3074 1562 τὰς
3111 1498 3204 1553 τοῦ
3252 1502 3526 1570 μακαρίου
3572 1500 3847 1568 Κυρίλλου

2265 1590 2357 1644 τοῦ
2377 1590 2476 1659 τῆς
2503 1590 2898 1661 Ἀλεξανδρέων
2923 1590 3248 1659 Ἐκκλησίας
3276 1591 3566 1660 γενομένου
3584 1591 3849 1659 ποιμένος

2268 1680 2554 1742 ἀυνοδικὰς
2584 1680 2874 1743 ἐπιστολὰς
2921 1680 3057 1751 πρὸς
3108 1681 3403 1750 Νεστόριον
3430 1681 3525 1733 καὶ
3555 1680 3690 1749 πρὸς
3718 1680 3849 1741 τοὺς

2266 1773 2362 1840 τῆς
2387 1771 2678 1841 Ἀνατολῆς
2707 1771 2977 1842 δεχόμεθα
3008 1773 3271 1844 ἀρμοδίας
3302 1773 3468 1836 οὔσας
3499 1773 3579 1835 εἰς
3622 1771 3850 1839 ἔλεγχον

591 1864 686 1932 qui
718 1864 979 1919 Ecclesia
1002 1865 1389 1920 Metandrinaz
1416 1864 1679 1934 praefuit,
1729 1871 1919 1919 contra
1961 1862 2153 1916 Nesto-

2264 1862 2365 1930 τῆς
2400 1862 2696 1933 Νεστορίου
2744 1862 3189 1933 φρενοϐλαϐείας,
3226 1885 3243 1915 ο
3287 1858 3377 1927 αἷς
3409 1864 3719 1925 ἐπιστολαῖς
3751 1860 3851 1915 καὶ

590 1955 736 2008 rium
780 1966 836 2010 et
881 1954 1190 2011 Orientales
1219 1954 1510 2025 episcopos
1548 1956 1839 2027 synodales
1878 1954 2157 2028 epistolas,

587 2060 711 2112 quae
735 2046 1052 2100 Nestorium
1082 2047 1260 2116 ipsum
1300 2062 1410 2101 sua“:
1446 2046 1737 2101 dementia:
1757 2047 1901 2101 clare
1936 2048 2159 2101 comiti-

587 2144 741 2189 cunt.
771 2154 789 2186 ι
815 2134 1027 2201 Quibus
1050 2136 1101 2190 in
1125 2136 1374 2205 epistolis
1406 2146 1629 2191 sanctus
1656 2136 1819 2191 Pater
1854 2138 2161 2190 naturalem

2268 1955 2363 2026 τὴν
2394 1953 2626 2023 φυσικὴν
2675 1955 2770 2007 καὶ
2812 1956 2909 2024 τὴν
2959 1956 3080 2008 καθ’
3122 1956 3423 2008 ὑπόστασιν
3459 1957 3655 2009 ἕνωσιν
3686 1954 3791 2023 ἔφη
3821 1955 3849 2006 6

2269 2044 2419 2109 Πατῆ
2430 2061 2479 2111 ρ,
2507 2044 2623 2107 πῶς
2651 2044 2770 2114 ούχὶ
2796 2045 2863 2097 τὰ
2889 2045 3027 2098 αὐτὰ
3050 2047 3321 2116 ὁμολογεῖ,
3352 2042 3396 2116 ᾧ
3426 2050 3723 2118 συμφωνεῖ,
3749 2050 3847 2098 καὶ

2268 2134 2327 2186 ὃν
2360 2134 2681 2204 ἀποδέχεται
2713 2136 2770 2186 ἐν
2805 2137 3013 2202 τοῖσδε;

586 2229 1037 2297 conjunctionem
1080 2230 1131 2282 in
1166 2244 1272 2282 una
1296 2229 1600 2297 eademque
1664 2229 2021 2283 subsistentia
2086 2227 2421 2282 conﬁtetur:
2456 2224 2737 2295 quomodo
2806 2226 3049 2297 synodus
3090 2228 3204 2297 ipsa
3249 2244 3360 2283 non
3402 2238 3487 2283 est
3550 2230 3605 2283 in
3648 2227 3846 2282 eadem

586 2322 880 2387 sententia,
939 2337 1003 2375 ac
1049 2322 1160 2386 ille,
1211 2322 1433 2392 quicum
1477 2323 1705 2377 omnino
1764 2324 2061 2385 consentit,
2108 2330 2163 2376 et
2194 2338 2354 2393 quem
2382 2322 2485 2375 hac
2517 2322 2569 2375 in
2606 2338 2666 2377 re
2697 2323 2935 2376 maxime
2968 2322 3166 2391 probat
3196 2322 3697 2406 amplectiturque?

653 2414 791 2469 Cum
816 2428 981 2483 porro
1001 2427 1101 2467 nos
1126 2429 1234 2466 uno
1257 2428 1351 2467 ore
1377 2413 1667 2478 fateamur,
1686 2412 2157 2481 praedicemusque

584 2503 867 2561 Christum
909 2504 1197 2556 Dominum
1232 2519 1299 2558 ex
1335 2503 1551 2557 duabus
1595 2504 1813 2557 naturis
1854 2518 1973 2557 esse
2004 2517 2157 2557 com-

584 2594 845 2664 positum,
878 2593 1245 2662 eamdemque
1266 2593 1450 2647 -simul
1483 2594 1537 2647 in
1576 2594 1793 2647 duabus
1824 2592 2024 2647 iisdem
2061 2608 2158 2645 na-

584 2682 728 2736 turis
783 2681 1210 2747 subsistentem;
1255 2697 1491 2753 cumque
1540 2699 1850 2738 asseramus
1911 2690 1965 2736 et
2020 2698 2153 2736 con-

579 2774 925 2845 iunctionem
993 2782 1049 2828 et
1111 2784 1366 2828 naturam
1428 2785 1733 2844 utramque,
1799 2776 1995 2845 parati,
2068 2774 2157 2829 vel

584 2866 837 2935 angelum
899 2867 1079 2934 ipsum
1118 2882 1148 2920 e
1195 2867 1335 2921 caelo
1381 2866 1830 2927 descendentem,
1870 2867 1974 2920 nisi
2014 2866 2156 2920 idem

584 2958 857 3019 Crederet,
906 2956 1214 3021 exsecrari;
1262 2971 1361 3011 cur
1412 2957 1603 3011 eadem
1650 2965 1706 3011 et
1738 2957 1841 3025 ipsi
1881 2972 1991 3010 non
2034 2972 2158 3010 cre-

583 3050 721 3104 dunt
790 3048 1229 3119 prolitenturque
1277 3048 1565 3103 nobiscum
1612 3048 1893 3103 Christum
1941 3063 2062 3102 cum
2091 3063 2159 3101 ex

584 3141 799 3195 duabus
830 3140 1045 3194 naturis
1079 3140 1359 3209 componi,
1398 3150 1509 3193 tum
1544 3141 1596 3194 in
1631 3140 1782 3194 hisee
1810 3138 2161 3193 subsistere?

2339 2412 2527 2479 Ἠμῶν
2554 2411 2611 2463 δὲ
2654 2410 3034 2481 προλεγόντων
3063 2428 3123 2462 τε
3154 2412 3249 2463 καὶ
3278 2411 3651 2477 συλλεγόντων
3685 2410 3747 2463 τὸ
3780 2415 3850 2465 ὲκ

2259 2502 2350 2554 δύο
2378 2502 2592 2570 φύσεων
2622 2498 2761 2555 εἶναι
2791 2502 2879 2555 τὸν
2910 2500 3134 2571 Κύριον,
3169 2500 3305 2571 μετὰ
3332 2502 3422 2554 τοῦ
3445 2504 3605 2554 καὶέν
3622 2502 3713 2555 δύο
3737 2503 3848 2573 φύ-

2259 2609 2406 2645 σεσιν
2427 2588 2590 2655 εἶναι,
2614 2594 2707 2645 καὶ
2731 2593 2998 2659 λεγόντων
3028 2595 3121 2647 καὶ
3144 2592 3244 2663 τὴν
3270 2592 3511 2657 σύνοδον,
3545 2596 3637 2646 καὶ
3659 2597 3849 2648 πᾶσαν

2257 2681 2440 2750 φύσιν,
2471 2682 2563 2734 καὶ
2588 2683 2818 2749 ἄγγελον
2844 2681 2901 2746 ἐξ
2924 2683 3175 2753 ούρανοῦ,
3207 2685 3254 2735 εί
3289 2684 3361 2752 μὴ
3383 2684 3555 2746 οὕτως
3582 2686 3849 2753 ἐφρόνουν

2260 2770 2787 2841 ἀναθεματιζόντων,
2811 2772 2901 2825 διὰ
2923 2772 2975 2823 τί
3005 2774 3077 2842 μὴ
3108 2774 3497 2843 καταόἐχονται
3527 2774 3684 2827 αὐτοὶ
3714 2775 3847 2827 τάδε

2264 2861 2671 2929 συνομολογεῖν,
2706 2862 2959 2929 λέγοντες
3008 2863 3102 2915 καὶ
3154 2865 3215 2915 τὸ
3246 2867 3309 2917 ὲκ
3363 2865 3457 2917 δύο
3491 2867 3627 2935 μετὰ
3654 2865 3751 2918 τοῦ
3788 2868 3849 2919 ὲν

2260 2950 2353 3003 δύο
2384 2953 2480 3004 σὺν
2512 2954 2643 3020 ἡμῖν
2670 2969 2685 3018 ;
2720 2954 2812 3005 καὶ
2840 2953 3099 3022 Σεϐἦρον,
3135 2954 3227 3006 καὶ
3257 2956 3568 3027 Διόσκορον,
3596 2958 3688 3010 καὶ
3718 2962 3851 3024 τοὺς

2266 3044 2383 3111 μετ’
2417 3041 2618 3105 αὐτῶν,
2668 3044 2716 3094 εί
2772 3043 2847 3113 μὴ
2896 3044 3067 3104 οὕτως
3100 3045 3386 3114 ἐφρόνουν,
3418 3047 3849 3117 ἀναθεματίζειν

2262 3129 2607 3200 αἱρούμενοι;
2642 3131 2945 3185 Φλαϐιανοῦ
2980 3151 3035 3184 τε
3063 3134 3158 3185 τοῦ
3201 3135 3503 3203 μακαρίτου
3544 3137 3643 3208 τῆς
3693 3136 3854 3191 ὲκθέ-

581 3234 694 3288 Cur
720 3242 775 3285 et
812 3232 1099 3296 Severum,
1138 3242 1193 3286 et
1256 3233 1599 3296 Dioscorum,
1644 3246 1949 3300 eorumque
1980 3240 2153 3283 secta-

2267 3238 2404 3285 σεως
2434 3223 2664 3291 ἐχούσης
2706 3223 2824 3283 καὶ,
2857 3242 2875 3274 ι
2913 3224 3057 3277 Μίαν
3086 3224 3142 3277 δὲ
3177 3227 3337 3293 φύσιν
3358 3225 3450 3278 τοῦ
3480 3227 3614 3280 Θεοῦ
3640 3229 3847 3295 Λόγου,

585 3332 731 3378 tores
756 3325 915 3377 aliter
941 3324 1265 3385 sentientes,
1303 3338 1412 3376 non
1437 3322 1697 3375 damnant
1722 3331 1884 3389 atque
1919 3320 2151 3389 proseri-

583 3414 762 3469 bunt?
809 3415 877 3468 Et
924 3430 1047 3468 cum
1101 3414 1278 3469 felicis
1319 3413 1599 3467 memoria:
1631 3411 1921 3465 Flavianus
1959 3410 2012 3463 in
2052 3425 2148 3464 sua

583 3505 710 3559 fidei
739 3505 1084 3573 expositione
1117 3504 1284 3567 dicat,
1322 3522 1337 3554 ι
1382 3504 1556 3559 Unam
1584 3503 1681 3557 Dei
1708 3502 1871 3556 Verbi
1897 3510 2148 3555 naturam

582 3597 945 3660 inearnatam,
987 3596 1347 3664 eamdemque
1362 3595 1759 3649 humanitatem
1788 3593 2151 3661 assumpsisse

582 3687 881 3756 prmdicare
956 3702 1062 3739 non
1140 3685 1501 3750 dubitamus,
1561 3693 1850 3755 propterea
1908 3684 2034 3753 quia
2086 3699 2154 3737 ex

2260 3314 2685 3383 σεσαρκωμὲνην
2737 3314 2919 3382 μέντοι
2956 3317 3048 3367 καὶ
3101 3318 3625 3387 ἐνανθρωπήσσσανκ
3658 3319 3848 3387 λέγειν

2257 3410 2317 3460 ού
2337 3407 2751 3478 παραιτούμεθα
2772 3408 2857 3460 διὰ
2887 3408 2978 3461 τὸν
3004 3407 3063 3473 ἐξ
3089 3411 3293 3477 ἀμφοῖν
3328 3411 3423 3462 ἕνα
3452 3411 3658 3481 Κύριον
3683 3412 3851 3479 ἡμῶν

2271 3500 2483 3569 Ἰησοῦν
2518 3500 2783 3570 Χριστόν·
2822 3520 2836 3549 ι
2874 3501 2967 3552 καὶ
2990 3500 3147 3553 τοῦτο
3165 3502 3262 3570 τῆς
3286 3502 3502 3555 συνόδου
3535 3502 3853 3571 ποτνιωμέ-

2260 3606 2323 3659 νη
2337 3608 2379 3653 ς,
2412 3589 2527 3651 πῶς
2551 3591 2674 3659 οὐχὶ
2693 3589 2836 3642 κατὰ
2871 3590 3050 3643 πάντα
3074 3592 3203 3645 τάδε
3233 3592 3446 3656 τούτοις
3478 3592 3845 3662 συμφθέγγεσ

2261 3698 2351 3734 ται
2380 3682 2413 3751 ἡ
2446 3680 2690 3745 σύνοδοςς

580 3779 794 3833 duabus
818 3780 1032 3833 naturis
1053 3794 1194 3833 unus
1217 3779 1481 3832 Dominus
1510 3787 1701 3832 noster
1720 3777 1879 3832 Jesus
1911 3776 2165 3831 Christus
2201 3774 2582 3842 componitur;
2619 3793 2636 3824 ι
2674 3789 2912 3843 cumque
2957 3788 3113 3829 sacra
3182 3775 3427 3844 synodus
3491 3774 3683 3829 eadem
3723 3773 3851 3828 haec

580 3879 894 3934 veneretur,
948 3870 1222 3939 quomodo
1254 3884 1367 3923 non
1410 3869 1553 3923 idem
1586 3870 1641 3921 in
1684 3868 1771 3922 his
1802 3867 2061 3921 omnibus
2089 3873 2144 3920 et
2184 3866 2299 3934 ipsa
2321 3879 2449 3917 cum
2479 3864 2740 3919 Flaviano
2765 3866 2973 3920 sentit?

649 3963 819 4017 Divus
846 3972 1031 4017 autem
1064 3964 1175 4018 Leo
1198 3964 1476 4017 sententia
1501 3972 1557 4017 et
1578 3962 1801 4016 decreto
1825 3977 1927 4015 suo
1959 3961 2153 4016 confir-

580 4062 694 4109 mat
730 4066 960 4127 rataque
984 4054 1155 4108 habet
1177 4055 1365 4107 omnia
1390 4068 1513 4121 quae
1535 4052 1589 4106 in
1612 4052 1845 4107 concilio
1872 4052 2151 4121 Ephesino

579 4154 768 4198 contra
814 4143 1129 4198 Nestorium
1158 4160 1187 4196 a
1219 4141 1346 4196 divo
1383 4142 1587 4212 Cyrillo
1640 4142 1850 4207 prolata
1904 4140 2147 4195 fuerunt.

585 4257 603 4287 ‹
651 4236 834 4290 Firma
887 4245 1166 4299 maneant,
1212 4234 1411 4302 inquit,
1455 4231 1680 4288 concilii
1728 4232 1987 4301 Ephesini
2026 4231 2149 4301 (cui

579 4328 757 4383 felicis
789 4326 1189 4382 recordationis
1216 4324 1453 4395 Cyrinus
1476 4324 1712 4394 praefuit)
1735 4332 1925 4378 contra
1956 4324 2150 4379 Nesto-

582 4421 724 4474 rium
750 4428 891 4481 aeta,
925 4433 994 4471 ne
1032 4417 1175 4472 forte
1206 4426 1321 4470 tum
1354 4416 1610 4471 damnata
1640 4416 1893 4486 impietas
1925 4432 2019 4485 per
2050 4416 2152 4469 hoc

580 4509 757 4577 ipsum
799 4506 913 4560 ullo
952 4504 1115 4559 modo
1137 4516 1212 4558 'se
1250 4503 1508 4572 decipiat.
1552 4501 2007 4572 Quandoquidem
2041 4502 2151 4556 Eu-

582 4598 768 4670 tycltes
795 4599 917 4667 jure
951 4614 1012 4651 ac
1034 4600 1234 4651 merito
1265 4611 1295 4650 a
1322 4594 1525 4657 Christi
1559 4594 1803 4648 fidelium
1834 4594 2150 4647 communi-

2327 3958 2480 4010 Λέων
2523 3957 2579 4009 δὲ
2628 3961 2656 4010 6
2701 3958 3009 4026 θαυμάσιος
3060 3961 3158 4030 μιᾷ
3202 3959 3439 4029 κυρώσει
3484 3963 3578 4015 καὶ
3614 3964 3844 4035 συνόψει

2258 4049 2437 4102 πάντα
2494 4048 2622 4101 τάδε
2673 4052 2744 4101 τὰ
2808 4049 2953 4102 κατὰ
2997 4050 3296 4120 Νεστορίου
3346 4054 3613 4122 εἰρημένα
3668 4057 3726 4107 ἐν
3773 4061 3844 4129 τῇ

2257 4141 2315 4193 ἐν
2347 4138 2561 4209 Ἐφέσῳ
2594 4140 2795 4211 συνόδῳ
2831 4140 2937 4193 ύτιὺ
2968 4139 3063 4193 τοῦ
3099 4143 3374 4211 μακαρίου
3408 4146 3680 4213 Κυρίλλου
3714 4148 3845 4202 ὲπι-

2258 4230 2621 4301 σφραγίζεται
2654 4233 2745 4284 καὶ
2774 4234 2956 4302 κυροῖ,
2995 4234 3201 4300 λέγων’
3262 4253 3278 4284 ι
3316 4235 3396 4288 Τά
3434 4238 3614 4304 μέντοι
3641 4256 3703 4306 γε
3736 4242 3845 4311 τῆς

2259 4323 2526 4393 πρότερον
2567 4325 2624 4376 ὲν
2653 4322 2867 4394 Ἐφέσῳ
2897 4324 3117 4377 συνόδου
3138 4366 3152 4390 ,
3208 4321 3428 4396 ἧστινος
3466 4330 3495 4381 6
3554 4332 3648 4402 τῆς
3679 4334 3847 4397 ὁσίας

2258 4413 2480 4481 μνήμης
2513 4412 2783 4484 Κύριλλος
2814 4415 2934 4467 τότε
2965 4417 3326 4486 προήδρευεν,
3365 4420 3508 4472 κατὰ
3533 4422 3843 4493 Νεστορίου

2256 4502 2440 4565 tamn;
2494 4504 2810 4574 πραχθέντα
2833 4545 2847 4570 ,
2906 4507 3317 4577 διαμενὲτωσαν
3339 4525 3350 4538 ·
3416 4514 3613 4581 μήπως
3649 4516 3680 4582 ὴ
3712 4518 3843 4570 τότε

2254 4595 2723 4649 καταδικασθεῖσα
2748 4597 3056 4663 δυσσέϐεια,
3084 4600 3151 4653 δι’
3177 4602 3309 4654 αὐτὸ
3330 4586 3486 4671 τούτο
3510 4606 3632 4658 καθ’
3655 4609 3843 4663 ὁτιοῦν

582 4668 691 4747 late
726 4691 992 4760 expulsus
1035 4698 1140 4755 est,
1184 4697 1240 4743 et
1280 4687 1349 4741 ab
1398 4685 1527 4742 sede
1575 4701 1673 4739 sua
1714 4685 1978 4754 dejectus.
2013 4682 2145 4738 Nam

2260 4687 2455 4755 ἑαυτὴν
2487 4688 2768 4758 ἀπατήσῃ,
2803 4689 2997 4761 ὅτιπερ
3034 4692 3276 4761 Exi-auxi};
3310 4694 3536 4756 δικαίως
3565 4698 3847 4768 ἀναθεμα-

578 4798 718 4851 pura
760 4780 917 4845 fides,
966 4788 1022 4834 et
1055 4795 1118 4833 ea
1166 4777 1575 4847 sitnplicissima
1624 4777 1914 4846 disciplina
1962 4778 2146 4848 (quam

578 4888 678 4927 nos
701 4886 790 4936 eo,
818 4887 930 4940 quo
961 4870 1137 4925 sancti
1167 4871 1380 4933 Patres,
1406 4873 1591 4923 animo
1630 4878 1685 4925 ct
1719 4868 1915 4923 aﬂectu
1946 4869 2145 4937 praedi-

578 4964 787 5031 camus)
817 4964 1011 5018 eadem
1049 4961 1323 5017 sententia
1363 4960 1586 5015 damnat
1630 4976 1790 5029 prava
1820 4959 2058 5013 Nestorii
2090 4969 2147 5014 et

576 5053 914 5123 Eutychetis,
987 5068 1289 5121 eorumque
1350 5060 1682 5106 sectatorum
1725 5050 1995 5117 dogmata,
2030 5064 2148 5103 om-

576 5145 839 5212 triumque
867 5128 1103 5198 istorum
1132 5143 1399 5197 nefariam
1435 5138 1764 5196 sententiam
1792 5138 1989 5192 iisdem
2022 5138 2145 5192 telis

574 5234 819 5303 conﬁgit.
848 5254 865 5285 ι

643 5325 749 5381 Sed
775 5326 1066 5380 redeamus
1098 5324 1297 5378 iterum
1325 5321 1392 5376 ad
1418 5337 1566 5383 eum,
1599 5322 1693 5391 qui
1724 5321 1929 5377 fatetur
1958 5322 2144 5392 plures

574 5426 793 5471 sanctos
823 5417 1014 5471 Patres
1048 5413 1253 5469 dixisse
1282 5413 1563 5468 Christum
1595 5412 1810 5467 duabus
1846 5415 1898 5467 in
1928 5415 2141 5467 naturis

572 5504 902 5569 subsistere;
928 5504 1224 5559 concilium
1251 5516 1381 5557 vero
1413 5499 1857 5557 Clialcetloncnse
1884 5518 1992 5556 non
2017 5502 2142 5555 ideo

573 5596 943 5665 reprehendi,
1002 5595 1147 5664 quod
1208 5595 1260 5650 id
1317 5595 1496 5664 ipsum
1558 5594 1798 5655 dixerit,
1858 5592 1953 5647 sed
2008 5594 2135 5662 quia

569 5686 845 5742 Christum
885 5686 1141 5741 eumdem
1193 5701 1257 5739 ex
1313 5686 1525 5740 duabus
1580 5684 1941 5753 compositum
1992 5683 2135 5739 haud

571 5776 887 5842 aliiruiatit;
926 5787 977 5831 et
1009 5777 1238 5847 reliqua,
1269 5794 1387 5846 qua:
1424 5777 1536 5846 ipse
1568 5775 1892 5833 deblaterat.
1936 5776 2134 5830 Verum

2255 4776 2457 4841 τισθεὶς
2480 4778 2912 4847 καταϐέϐληται·
2944 4783 2975 4849 ή
3005 4781 3316 4852 καθαρότης
3340 4784 3449 4855 γὰρ
3474 4786 3570 4856 τῆς
3595 4787 3844 4854 πίστεως

2255 4866 2348 4918 καὶ.
2378 4867 2732 4931 διδασκαλία,
2770 4870 2835 4939 ἢν
2866 4869 2942 4946 τῷ
2973 4872 3126 4940 αύτῴ
3157 4874 3431 4944 πνεύματι
3463 4877 3836 4947 κηρύττομεν,

2251 4956 2439 5025 ὥσπερ
2472 4961 2521 5011 οἱ
2555 4959 2706 5026 ἆγιοι
2735 4960 2980 5032 Πατέρες
3008 4964 3167 5033 ἡμῶν
3189 5004 3202 5025 ,
3255 4968 3348 5019 καὶ
3385 4968 3485 5038 τὴν
3509 4970 3837 5039 Νεστορίου,

2253 5048 2348 5099 καὶ
2399 5048 2495 5114 τὴν
2542 5047 2852 5119 Εὐτυχοῦς,
2916 5054 3055 5121 μετὰ
3104 5056 3214 5107 τῶν
3255 5058 3575 5125 ἡγουμένων
3616 5060 3841 5135 αὐτῶνι

2254 5141 2340 5192 ἐπ’
2368 5140 2489 5210 ἴσης
2520 5142 2869 5207 καταδικάζει
2902 5145 2996 5198 καὶ
3023 5144 3209 5201 διώκει
3239 5149 3581 5213 κακοδοξίαν.
3616 5170 3635 5202 ι

2334 5318 2650 5373 Ἀκουστέον
2688 5320 2743 5373 δὲ
2791 5321 2874 5375 ἔτι
2908 5322 3003 5376 τοῦ
3034 5324 3288 5392 λέγοντος
3339 5328 3421 5379 ὅτι
3472 5330 3564 5383 καὶ
3605 5329 3837 5393 πλείους

2246 5411 2353 5463 τῶν
2379 5412 2640 5482 Πατέρων
2669 5413 3009 5485 ἁδιαϐλήτως
3038 5419 3347 5487 ἐχρήσαντο
3381 5424 3530 5490 φωνῇ
3558 5424 3622 5490 τῇ
3652 5423 3709 5473 ὲν
3735 5423 3834 5476 δύο

2252 5502 2343 5554 ἐπὶ
2370 5501 2628 5572 Χριστοῦ,
2661 5505 2755 5580 καὶ
2781 5506 2863 5568 ὅτι
2894 5506 2991 5576 οὐχ
3016 5508 3088 5570 ὡς
3118 5508 3389 5576 λέγουσαν
3414 5512 3474 5564 τὸ
3497 5514 3554 5562 ἐν
3578 5512 3670 5564 δύο
3692 5516 3834 5584 rpi—

2251 5611 2409 5661 φεται
2437 5594 2534 5663 τὴν
2564 5595 2782 5648 σύνοδον
2802 5637 2817 5661 ,
2860 5597 2975 5651 ἁλλ’
3006 5600 3079 5663 ὡς
3113 5601 3175 5653 τὸ
3207 5603 3268 5654 ἐκ
3298 5602 3391 5656 δύο
3424 5604 3497 5673 μὴ
3526 5605 3825 5658 εἰποῦσανο

2247 5687 2339 5738 καὶ
2370 5685 2435 5737 τὰ
2462 5684 2623 5739 λοιπᾶ
2651 5686 2685 5739 ἆ
2711 5704 2875 5756 φησιν
2898 5707 2911 5721 ·
2945 5693 3043 5745 οὐκ
3065 5691 3181 5748 οἶδα
3206 5696 3313 5764 γὰρ
3346 5697 3463 5759 πῶς
3489 5696 3665 5751 λαϐὼν
3696 5700 3830 5751 ἑαυ-

2245 5776 2334 5829 ciu
2374 5775 2559 5836 ὥσπερ
2593 5777 2793 5832 ἕνυπνα
2826 5780 3024 5848 λαλῶν,
3066 5788 3122 5837 ὲν
3157 5788 3270 5849 τοῖς
3300 5786 3498 5840 ἑαυτοῦ
3530 5789 3825 5858 συγγρὰμο
