  <div class='ocr_page' id='page_1' title='image "/cluster/home/n/w/nwhite01/storage/ocr_20150623/86 pars.2/pst.000005712885/057.png"; bbox 0 0 4094 6334; ppageno 0'>
   <div class='ocr_carea' id='block_1_1' title="bbox 581 394 711 456">
    <p class='ocr_par' dir='ltr' id='par_1_1' title="bbox 581 394 711 456">
     <span class='ocr_line' id='line_1_1' title="bbox 581 394 711 456; baseline 0 -2"><span class='ocrx_word' id='word_1_1' title='bbox 581 394 711 456; x_wconf 69' lang='grc'><strong>1847</strong></span> 
     </span>
    </p>
   </div>
   <div class='ocr_carea' id='block_1_2' title="bbox 1860 393 2615 461">
    <p class='ocr_par' dir='ltr' id='par_1_2' title="bbox 1860 393 2615 461">
     <span class='ocr_line' id='line_1_2' title="bbox 1860 393 2615 461; baseline -0.003 -7"><span class='ocrx_word' id='word_1_2' title='bbox 1860 393 2170 455; x_wconf 82' lang='lat' dir='ltr'><strong>LEONTII</strong></span> <span class='ocrx_word' id='word_1_3' title='bbox 2209 393 2615 461; x_wconf 74' lang='lat' dir='ltr'><strong>BYZANTINI</strong></span> 
     </span>
    </p>
   </div>
   <div class='ocr_carea' id='block_1_3' title="bbox 3679 393 3824 456">
    <p class='ocr_par' dir='ltr' id='par_1_3' title="bbox 3679 393 3824 456">
     <span class='ocr_line' id='line_1_3' title="bbox 3679 393 3824 456; baseline 0 -1"><span class='ocrx_word' id='word_1_4' title='bbox 3679 393 3824 456; x_wconf 69' lang='grc'><strong>1848</strong></span> 
     </span>
    </p>
   </div>
   <div class='ocr_carea' id='block_1_4' title="bbox 575 503 2154 578">
    <p class='ocr_par' dir='ltr' id='par_1_4' title="bbox 575 507 2139 578">
     <span class='ocr_line' id='line_1_4' title="bbox 575 507 2139 578; baseline -0.003 -16"><span class='ocrx_word' id='word_1_5' title='bbox 575 509 856 578; x_wconf 72' lang='lat' dir='ltr'><strong>Ejusdem,</strong></span> <span class='ocrx_word' id='word_1_6' title='bbox 895 525 957 561; x_wconf 75' lang='lat' dir='ltr'><strong>ex</strong></span> <span class='ocrx_word' id='word_1_7' title='bbox 996 510 1083 562; x_wconf 83' lang='lat' dir='ltr'><strong>lib.</strong></span> <span class='ocrx_word' id='word_1_8' title='bbox 1127 509 1182 562; x_wconf 82' lang='lat' dir='ltr'><strong>Il</strong></span> <span class='ocrx_word' id='word_1_9' title='bbox 1221 525 1338 578; x_wconf 81' lang='lat' dir='ltr'><strong>cap.</strong></span> <span class='ocrx_word' id='word_1_10' title='bbox 1385 509 1434 572; x_wconf 76' lang='lat' dir='ltr'><strong>l,</strong></span> <span class='ocrx_word' id='word_1_11' title='bbox 1471 508 1669 564; x_wconf 82' lang='lat' dir='ltr'><strong>Contra</strong></span> <span class='ocrx_word' id='word_1_12' title='bbox 1700 507 2139 564; x_wconf 82' lang='lat' dir='ltr'><strong>Grammaticum.</strong></span> 
     </span>
    </p>
   </div>
   <div class='ocr_carea' id='block_1_5' title="bbox 2255 503 3817 578">
    <p class='ocr_par' dir='ltr' id='par_1_5' title="bbox 2255 503 3817 578">
     <span class='ocr_line' id='line_1_5' title="bbox 2255 503 3817 578; baseline 0.002 -19"><span class='ocrx_word' id='word_1_13' title='bbox 2255 505 2361 559; x_wconf 83' lang='grc' dir='ltr'>Τοῦ</span> <span class='ocrx_word' id='word_1_14' title='bbox 2381 505 2567 559; x_wconf 85' lang='grc' dir='ltr'>αὐτοῦ</span> <span class='ocrx_word' id='word_1_15' title='bbox 2590 506 2658 559; x_wconf 81' lang='grc' dir='ltr'>ἐκ</span> <span class='ocrx_word' id='word_1_16' title='bbox 2679 503 2798 557; x_wconf 83' lang='grc' dir='ltr'><strong>τῶν</strong></span> <span class='ocrx_word' id='word_1_17' title='bbox 2818 505 2967 571; x_wconf 83' lang='grc' dir='ltr'>πρὸς</span> <span class='ocrx_word' id='word_1_18' title='bbox 2991 505 3098 558; x_wconf 84' lang='grc' dir='ltr'>τόν</span> <span class='ocrx_word' id='word_1_19' title='bbox 3115 508 3560 578; x_wconf 77' lang='grc' dir='ltr'>Γραμματικόν,</span> <span class='ocrx_word' id='word_1_20' title='bbox 3579 510 3713 578; x_wconf 75' lang='grc' dir='ltr'>λόγ.</span> <span class='ocrx_word' id='word_1_21' title='bbox 3728 512 3817 573; x_wconf 76' lang='grc' dir='ltr'><strong>β’,</strong></span> 
     </span>
    </p>
   </div>
   <div class='ocr_carea' id='block_1_6' title="bbox 653 659 2143 732">
    <p class='ocr_par' dir='ltr' id='par_1_6' title="bbox 653 659 2143 732">
     <span class='ocr_line' id='line_1_6' title="bbox 653 659 2143 732; baseline 0.004 -23"><span class='ocrx_word' id='word_1_22' title='bbox 653 678 670 709; x_wconf 81' lang='grc'><strong><em>‹</em></strong></span> <span class='ocrx_word' id='word_1_23' title='bbox 719 659 1062 715; x_wconf 71' lang='lat' dir='ltr'><strong>Manentibus</strong></span> <span class='ocrx_word' id='word_1_24' title='bbox 1097 661 1326 731; x_wconf 74' lang='lat' dir='ltr'><strong>integris</strong></span> <span class='ocrx_word' id='word_1_25' title='bbox 1354 671 1410 715; x_wconf 85' lang='lat' dir='ltr'><strong>et</strong></span> <span class='ocrx_word' id='word_1_26' title='bbox 1433 663 1734 717; x_wconf 73' lang='lat' dir='ltr'><strong>immutatis</strong></span> <span class='ocrx_word' id='word_1_27' title='bbox 1761 663 1828 716; x_wconf 87' lang='lat' dir='ltr'><strong>iis</strong></span> <span class='ocrx_word' id='word_1_28' title='bbox 1843 677 1914 717; x_wconf 87' lang='lat' dir='ltr'><strong>ex</strong></span> <span class='ocrx_word' id='word_1_29' title='bbox 1940 662 2143 732; x_wconf 87' lang='lat' dir='ltr'><strong>qujbus</strong></span> 
     </span>
    </p>
   </div>
   <div class='ocr_carea' id='block_1_7' title="bbox 576 750 2141 824">
    <p class='ocr_par' dir='ltr' id='par_1_7' title="bbox 576 750 2141 824">
     <span class='ocr_line' id='line_1_7' title="bbox 576 750 2141 824; baseline 0.001 -20"><span class='ocrx_word' id='word_1_30' title='bbox 576 751 890 820; x_wconf 88' lang='lat' dir='ltr'><strong>conjunctio</strong></span> <span class='ocrx_word' id='word_1_31' title='bbox 917 750 1056 805; x_wconf 86' lang='lat' dir='ltr'><strong>facta</strong></span> <span class='ocrx_word' id='word_1_32' title='bbox 1083 761 1186 817; x_wconf 84' lang='lat' dir='ltr'><strong>est,</strong></span> <span class='ocrx_word' id='word_1_33' title='bbox 1231 769 1352 823; x_wconf 68' lang='lat' dir='ltr'><strong>qua:</strong></span> <span class='ocrx_word' id='word_1_34' title='bbox 1380 755 1602 823; x_wconf 88' lang='lat' dir='ltr'><strong>quidem</strong></span> <span class='ocrx_word' id='word_1_35' title='bbox 1649 756 1702 809; x_wconf 91' lang='lat' dir='ltr'><strong>in</strong></span> <span class='ocrx_word' id='word_1_36' title='bbox 1743 753 2141 824; x_wconf 77' lang='lat' dir='ltr'><strong>compositione</strong></span> 
     </span>
    </p>
   </div>
   <div class='ocr_carea' id='block_1_8' title="bbox 576 829 2142 915">
    <p class='ocr_par' dir='ltr' id='par_1_8' title="bbox 576 829 2142 915">
     <span class='ocr_line' id='line_1_8' title="bbox 576 829 2142 915; baseline 0.002 -20"><span class='ocrx_word' id='word_1_37' title='bbox 576 829 905 907; x_wconf 70' lang='lat' dir='ltr'><strong>subsistunt,</strong></span> <span class='ocrx_word' id='word_1_38' title='bbox 937 859 1046 897; x_wconf 86' lang='lat' dir='ltr'><strong>non</strong></span> <span class='ocrx_word' id='word_1_39' title='bbox 1092 855 1273 899; x_wconf 90' lang='lat' dir='ltr'><strong>tamen</strong></span> <span class='ocrx_word' id='word_1_40' title='bbox 1318 845 1373 898; x_wconf 88' lang='lat' dir='ltr'><strong>in</strong></span> <span class='ocrx_word' id='word_1_41' title='bbox 1418 845 1728 900; x_wconf 89' lang='lat' dir='ltr'><strong>unitatibus</strong></span> <span class='ocrx_word' id='word_1_42' title='bbox 1763 845 1985 915; x_wconf 89' lang='lat' dir='ltr'><strong>propria</strong></span> <span class='ocrx_word' id='word_1_43' title='bbox 2011 845 2142 898; x_wconf 92' lang='lat' dir='ltr'><strong>sub-</strong></span> 
     </span>
    </p>
   </div>
   <div class='ocr_carea' id='block_1_9' title="bbox 575 931 1181 1004">
    <p class='ocr_par' dir='ltr' id='par_1_9' title="bbox 575 931 1181 1004">
     <span class='ocr_line' id='line_1_9' title="bbox 575 931 1181 1004; baseline 0 -17"><span class='ocrx_word' id='word_1_44' title='bbox 575 931 824 987; x_wconf 78' lang='lat' dir='ltr'><strong>sistentia</strong></span> <span class='ocrx_word' id='word_1_45' title='bbox 850 936 1115 1004; x_wconf 67' lang='lat' dir='ltr'><strong>pmditis.</strong></span> <span class='ocrx_word' id='word_1_46' title='bbox 1164 956 1181 987; x_wconf 70' lang='grc' dir='ltr'><strong>ι</strong></span> 
     </span>
    </p>
   </div>
   <div class='ocr_carea' id='block_1_10' title="bbox 643 1009 2142 1097">
    <p class='ocr_par' dir='ltr' id='par_1_10' title="bbox 643 1009 2142 1097">
     <span class='ocr_line' id='line_1_10' title="bbox 643 1009 2142 1097; baseline 0.002 -20"><span class='ocrx_word' id='word_1_47' title='bbox 643 1023 725 1077; x_wconf 84' lang='grc' dir='ltr'><strong>Εη</strong></span> <span class='ocrx_word' id='word_1_48' title='bbox 764 1009 979 1094; x_wconf 74' lang='lat' dir='ltr'><strong>cogitur</strong></span> <span class='ocrx_word' id='word_1_49' title='bbox 1011 1026 1169 1080; x_wconf 90' lang='lat' dir='ltr'><strong>fateri</strong></span> <span class='ocrx_word' id='word_1_50' title='bbox 1218 1029 1480 1097; x_wconf 81' lang='lat' dir='ltr'><strong>integrum</strong></span> <span class='ocrx_word' id='word_1_51' title='bbox 1518 1027 1818 1083; x_wconf 85' lang='lat' dir='ltr'><strong>secundum</strong></span> <span class='ocrx_word' id='word_1_52' title='bbox 1862 1028 2142 1097; x_wconf 85' lang='lat' dir='ltr'><strong>quantita-</strong></span> 
     </span>
    </p>
   </div>
   <div class='ocr_carea' id='block_1_11' title="bbox 577 1117 2146 1187">
    <p class='ocr_par' dir='ltr' id='par_1_11' title="bbox 577 1117 2146 1187">
     <span class='ocr_line' id='line_1_11' title="bbox 577 1117 2146 1187; baseline 0.001 -20"><span class='ocrx_word' id='word_1_53' title='bbox 577 1122 706 1180; x_wconf 89' lang='lat' dir='ltr'><strong>tem,</strong></span> <span class='ocrx_word' id='word_1_54' title='bbox 744 1123 800 1169; x_wconf 91' lang='lat' dir='ltr'><strong>et</strong></span> <span class='ocrx_word' id='word_1_55' title='bbox 837 1117 1166 1170; x_wconf 73' lang='lat' dir='ltr'><strong>immutabile</strong></span> <span class='ocrx_word' id='word_1_56' title='bbox 1222 1118 1526 1173; x_wconf 89' lang='lat' dir='ltr'><strong>secundum</strong></span> <span class='ocrx_word' id='word_1_57' title='bbox 1565 1118 1873 1173; x_wconf 78' lang='lat' dir='ltr'><strong>naturalem</strong></span> <span class='ocrx_word' id='word_1_58' title='bbox 1909 1117 2146 1187; x_wconf 85' lang='lat' dir='ltr'><strong>qualita-</strong></span> 
     </span>
    </p>
   </div>
   <div class='ocr_carea' id='block_1_12' title="bbox 575 1207 2147 1279">
    <p class='ocr_par' dir='ltr' id='par_1_12' title="bbox 575 1207 2147 1279">
     <span class='ocr_line' id='line_1_12' title="bbox 575 1207 2147 1279; baseline 0.002 -21"><span class='ocrx_word' id='word_1_59' title='bbox 575 1214 708 1259; x_wconf 91' lang='lat' dir='ltr'><strong>tem.</strong></span> <span class='ocrx_word' id='word_1_60' title='bbox 743 1207 809 1260; x_wconf 87' lang='lat' dir='ltr'><strong>Et</strong></span> <span class='ocrx_word' id='word_1_61' title='bbox 846 1219 972 1273; x_wconf 85' lang='lat' dir='ltr'><strong>post</strong></span> <span class='ocrx_word' id='word_1_62' title='bbox 1010 1208 1261 1278; x_wconf 71' lang='lat' dir='ltr'><strong>quaedam</strong></span> <span class='ocrx_word' id='word_1_63' title='bbox 1299 1210 1443 1264; x_wconf 88' lang='lat' dir='ltr'><strong>alia:</strong></span> <span class='ocrx_word' id='word_1_64' title='bbox 1481 1229 1499 1262; x_wconf 87' lang='grc'><strong>‹</strong></span> <span class='ocrx_word' id='word_1_65' title='bbox 1536 1212 1610 1264; x_wconf 85' lang='lat' dir='ltr'><strong>Ea</strong></span> <span class='ocrx_word' id='word_1_66' title='bbox 1649 1227 1718 1266; x_wconf 81' lang='lat' dir='ltr'><strong>ex</strong></span> <span class='ocrx_word' id='word_1_67' title='bbox 1756 1210 1959 1279; x_wconf 88' lang='lat' dir='ltr'><strong>quibus</strong></span> <span class='ocrx_word' id='word_1_68' title='bbox 1988 1209 2147 1264; x_wconf 88' lang='lat' dir='ltr'><strong>Chri-</strong></span> 
     </span>
    </p>
   </div>
   <div class='ocr_carea' id='block_1_13' title="bbox 574 1301 2145 1372">
    <p class='ocr_par' dir='ltr' id='par_1_13' title="bbox 574 1301 2145 1372">
     <span class='ocr_line' id='line_1_13' title="bbox 574 1301 2145 1372; baseline 0.001 -22"><span class='ocrx_word' id='word_1_69' title='bbox 574 1306 693 1352; x_wconf 87' lang='lat' dir='ltr'><strong>stus</strong></span> <span class='ocrx_word' id='word_1_70' title='bbox 723 1301 1091 1369; x_wconf 83' lang='lat' dir='ltr'><strong>componitur,</strong></span> <span class='ocrx_word' id='word_1_71' title='bbox 1135 1301 1190 1354; x_wconf 87' lang='lat' dir='ltr'><strong>in</strong></span> <span class='ocrx_word' id='word_1_72' title='bbox 1222 1301 1626 1372; x_wconf 83' lang='lat' dir='ltr'><strong>compositione</strong></span> <span class='ocrx_word' id='word_1_73' title='bbox 1668 1303 1786 1372; x_wconf 84' lang='lat' dir='ltr'><strong>ipsa</strong></span> <span class='ocrx_word' id='word_1_74' title='bbox 1827 1308 2145 1355; x_wconf 84' lang='lat' dir='ltr'><strong>manserunt</strong></span> 
     </span>
    </p>
   </div>
   <div class='ocr_carea' id='block_1_14' title="bbox 575 1388 1234 1458">
    <p class='ocr_par' dir='ltr' id='par_1_14' title="bbox 575 1388 1234 1458">
     <span class='ocr_line' id='line_1_14' title="bbox 575 1388 1234 1458; baseline 0.003 -19"><span class='ocrx_word' id='word_1_75' title='bbox 575 1388 788 1458; x_wconf 80' lang='lat' dir='ltr'><strong>integra</strong></span> <span class='ocrx_word' id='word_1_76' title='bbox 818 1399 874 1443; x_wconf 88' lang='lat' dir='ltr'><strong>et</strong></span> <span class='ocrx_word' id='word_1_77' title='bbox 904 1389 1169 1458; x_wconf 81' lang='lat' dir='ltr'><strong>perfecta.</strong></span> <span class='ocrx_word' id='word_1_78' title='bbox 1213 1409 1234 1441; x_wconf 68' lang='grc' dir='ltr'><strong>ι</strong></span> 
     </span>
    </p>
   </div>
   <div class='ocr_carea' id='block_1_15' title="bbox 566 1493 2146 1573">
    <p class='ocr_par' dir='ltr' id='par_1_15' title="bbox 566 1493 2146 1573">
     <span class='ocr_line' id='line_1_15' title="bbox 566 1493 2146 1573; baseline 0.004 -25"><span class='ocrx_word' id='word_1_79' title='bbox 566 1493 753 1549; x_wconf 81' lang='lat' dir='ltr'><strong>Severi</strong></span> <span class='ocrx_word' id='word_1_80' title='bbox 807 1513 871 1550; x_wconf 79' lang='lat' dir='ltr'><strong>ea:</strong></span> <span class='ocrx_word' id='word_1_81' title='bbox 918 1499 1155 1568; x_wconf 73' lang='lat' dir='ltr'><strong>ejusdem</strong></span> <span class='ocrx_word' id='word_1_82' title='bbox 1195 1502 1418 1573; x_wconf 80' lang='lat' dir='ltr'><strong>epistola</strong></span> <span class='ocrx_word' id='word_1_83' title='bbox 1452 1501 1513 1573; x_wconf 76' lang='lat' dir='ltr'><strong><em>II</em></strong></span> <span class='ocrx_word' id='word_1_84' title='bbox 1553 1503 1623 1554; x_wconf 84' lang='lat' dir='ltr'><strong>ad</strong></span> <span class='ocrx_word' id='word_1_85' title='bbox 1670 1500 1911 1573; x_wconf 80' lang='lat' dir='ltr'><strong>Sergium</strong></span> <span class='ocrx_word' id='word_1_86' title='bbox 1949 1501 2146 1558; x_wconf 86' lang='lat' dir='ltr'><strong>Gram-</strong></span> 
     </span>
    </p>
   </div>
   <div class='ocr_carea' id='block_1_16' title="bbox 1168 1571 1548 1643">
    <p class='ocr_par' dir='ltr' id='par_1_16' title="bbox 1168 1571 1548 1643">
     <span class='ocr_line' id='line_1_16' title="bbox 1168 1571 1548 1643; baseline 0.005 -21"><span class='ocrx_word' id='word_1_87' title='bbox 1168 1572 1417 1625; x_wconf 82' lang='lat' dir='ltr'><strong>maticttm</strong></span> <span class='ocrx_word' id='word_1_88' title='bbox 1450 1571 1548 1643; x_wconf 82' lang='lat'><strong>(5).</strong></span> 
     </span>
    </p>
   </div>
   <div class='ocr_carea' id='block_1_17' title="bbox 651 1656 2145 1732">
    <p class='ocr_par' dir='ltr' id='par_1_17' title="bbox 651 1656 2145 1732">
     <span class='ocr_line' id='line_1_17' title="bbox 651 1656 2145 1732; baseline 0.006 -25"><span class='ocrx_word' id='word_1_89' title='bbox 651 1673 669 1706; x_wconf 77' lang='grc' dir='ltr'><strong>ι</strong></span> <span class='ocrx_word' id='word_1_90' title='bbox 716 1656 884 1712; x_wconf 79' lang='lat' dir='ltr'><strong>Valde</strong></span> <span class='ocrx_word' id='word_1_91' title='bbox 921 1659 1094 1713; x_wconf 85' lang='lat' dir='ltr'><strong>miror</strong></span> <span class='ocrx_word' id='word_1_92' title='bbox 1135 1668 1188 1714; x_wconf 91' lang='lat' dir='ltr'><strong>te</strong></span> <span class='ocrx_word' id='word_1_93' title='bbox 1220 1661 1680 1732; x_wconf 72' lang='lat' dir='ltr'><strong>compositionem</strong></span> <span class='ocrx_word' id='word_1_94' title='bbox 1720 1676 1919 1716; x_wconf 85' lang='lat' dir='ltr'><strong>vocare</strong></span> <span class='ocrx_word' id='word_1_95' title='bbox 1963 1661 2145 1716; x_wconf 85' lang='lat' dir='ltr'><strong>carnis</strong></span> 
     </span>
    </p>
   </div>
   <div class='ocr_carea' id='block_1_18' title="bbox 579 1749 2145 1820">
    <p class='ocr_par' dir='ltr' id='par_1_18' title="bbox 579 1749 2145 1820">
     <span class='ocr_line' id='line_1_18' title="bbox 579 1749 2145 1820; baseline 0.008 -23"><span class='ocrx_word' id='word_1_96' title='bbox 579 1749 1034 1816; x_wconf 70' lang='lat' dir='ltr'><strong>assumptionem,</strong></span> <span class='ocrx_word' id='word_1_97' title='bbox 1073 1749 1165 1819; x_wconf 89' lang='lat' dir='ltr'><strong>qui</strong></span> <span class='ocrx_word' id='word_1_98' title='bbox 1199 1751 1330 1804; x_wconf 80' lang='lat' dir='ltr'><strong>alibi</strong></span> <span class='ocrx_word' id='word_1_99' title='bbox 1359 1752 1626 1820; x_wconf 59' lang='lat' dir='ltr'><strong>pradicas</strong></span> <span class='ocrx_word' id='word_1_100' title='bbox 1657 1767 1820 1807; x_wconf 90' lang='lat' dir='ltr'><strong>unam</strong></span> <span class='ocrx_word' id='word_1_101' title='bbox 1845 1752 1901 1806; x_wconf 89' lang='lat' dir='ltr'><strong>in</strong></span> <span class='ocrx_word' id='word_1_102' title='bbox 1926 1752 2145 1809; x_wconf 86' lang='lat' dir='ltr'><strong>Christo</strong></span> 
     </span>
    </p>
   </div>
   <div class='ocr_carea' id='block_1_19' title="bbox 2905 576 3145 642">
    <p class='ocr_par' dir='ltr' id='par_1_19' title="bbox 2905 576 3145 642">
     <span class='ocr_line' id='line_1_19' title="bbox 2905 576 3145 642; baseline 0.013 -16"><span class='ocrx_word' id='word_1_103' title='bbox 2905 591 3036 642; x_wconf 74' lang='grc' dir='ltr'>κεφ.</span> <span class='ocrx_word' id='word_1_104' title='bbox 3075 576 3145 630; x_wconf 82' lang='grc' dir='ltr'>α’.</span> 
     </span>
    </p>
   </div>
   <div class='ocr_carea' id='block_1_20' title="bbox 2322 659 3822 733">
    <p class='ocr_par' dir='ltr' id='par_1_20' title="bbox 2322 659 3822 733">
     <span class='ocr_line' id='line_1_20' title="bbox 2322 659 3822 733; baseline 0.001 -17"><span class='ocrx_word' id='word_1_105' title='bbox 2322 685 2340 716; x_wconf 78' lang='grc' dir='ltr'><strong>ι</strong></span> <span class='ocrx_word' id='word_1_106' title='bbox 2387 664 2498 718; x_wconf 81' lang='lat' dir='ltr'><strong>Kal</strong></span> <span class='ocrx_word' id='word_1_107' title='bbox 2545 663 2655 717; x_wconf 86' lang='grc' dir='ltr'>τῶν</span> <span class='ocrx_word' id='word_1_108' title='bbox 2705 661 2767 728; x_wconf 75' lang='grc' dir='ltr'><strong>ἐξ</strong></span> <span class='ocrx_word' id='word_1_109' title='bbox 2803 659 2879 717; x_wconf 84' lang='grc' dir='ltr'>ὧν</span> <span class='ocrx_word' id='word_1_110' title='bbox 2925 666 2959 733; x_wconf 75' lang='grc' dir='ltr'><strong>ἡ</strong></span> <span class='ocrx_word' id='word_1_111' title='bbox 2992 664 3187 727; x_wconf 72' lang='grc' dir='ltr'>ἓνωσις</span> <span class='ocrx_word' id='word_1_112' title='bbox 3227 663 3498 733; x_wconf 81' lang='grc' dir='ltr'><strong>μενόντων</strong></span> <span class='ocrx_word' id='word_1_113' title='bbox 3530 665 3822 733; x_wconf 83' lang='grc' dir='ltr'>άμειώτων</span> 
     </span>
    </p>
   </div>
   <div class='ocr_carea' id='block_1_21' title="bbox 2245 753 3822 821">
    <p class='ocr_par' dir='ltr' id='par_1_21' title="bbox 2245 753 3822 821">
     <span class='ocr_line' id='line_1_21' title="bbox 2245 753 3822 821; baseline 0.001 -15"><span class='ocrx_word' id='word_1_114' title='bbox 2245 756 2339 807; x_wconf 80' lang='grc' dir='ltr'>καὶ</span> <span class='ocrx_word' id='word_1_115' title='bbox 2391 753 2796 816; x_wconf 81' lang='grc' dir='ltr'>άναλλοιώτων,</span> <span class='ocrx_word' id='word_1_116' title='bbox 2851 755 2907 806; x_wconf 78' lang='grc' dir='ltr'>ἐν</span> <span class='ocrx_word' id='word_1_117' title='bbox 2950 753 3200 805; x_wconf 81' lang='grc' dir='ltr'><strong>συνθέσει</strong></span> <span class='ocrx_word' id='word_1_118' title='bbox 3236 754 3293 806; x_wconf 75' lang='grc' dir='ltr'>δὲ</span> <span class='ocrx_word' id='word_1_119' title='bbox 3335 754 3683 821; x_wconf 79' lang='grc' dir='ltr'><strong>ὑφεστώτων,</strong></span> <span class='ocrx_word' id='word_1_120' title='bbox 3724 755 3822 808; x_wconf 81' lang='grc' dir='ltr'><strong>καί</strong></span> 
     </span>
    </p>
   </div>
   <div class='ocr_carea' id='block_1_22' title="bbox 2247 843 3823 916">
    <p class='ocr_par' dir='ltr' id='par_1_22' title="bbox 2247 843 3823 916">
     <span class='ocr_line' id='line_1_22' title="bbox 2247 843 3823 916; baseline -0.001 -18"><span class='ocrx_word' id='word_1_121' title='bbox 2247 847 2344 898; x_wconf 88' lang='grc' dir='ltr'><strong>οὐκ</strong></span> <span class='ocrx_word' id='word_1_122' title='bbox 2375 847 2432 896; x_wconf 83' lang='grc' dir='ltr'>ὲν</span> <span class='ocrx_word' id='word_1_123' title='bbox 2460 845 2684 914; x_wconf 85' lang='grc' dir='ltr'>μονάσιν</span> <span class='ocrx_word' id='word_1_124' title='bbox 2716 843 3160 915; x_wconf 69' lang='grc' dir='ltr'>ίδιοσυστάτοις.»</span> <span class='ocrx_word' id='word_1_125' title='bbox 3202 844 3335 896; x_wconf 83' lang='grc' dir='ltr'>Ἰδοὺ</span> <span class='ocrx_word' id='word_1_126' title='bbox 3368 845 3429 897; x_wconf 91' lang='grc' dir='ltr'><strong>τό</strong></span> <span class='ocrx_word' id='word_1_127' title='bbox 3456 863 3515 898; x_wconf 86' lang='grc' dir='ltr'><strong>τε</strong></span> <span class='ocrx_word' id='word_1_128' title='bbox 3545 846 3823 916; x_wconf 83' lang='grc' dir='ltr'>ἁμείωτον</span> 
     </span>
    </p>
   </div>
   <div class='ocr_carea' id='block_1_23' title="bbox 2247 931 3827 999">
    <p class='ocr_par' dir='ltr' id='par_1_23' title="bbox 2247 931 3827 999">
     <span class='ocr_line' id='line_1_23' title="bbox 2247 931 3827 999; baseline -0.003 -13"><span class='ocrx_word' id='word_1_129' title='bbox 2247 932 2386 986; x_wconf 84' lang='grc' dir='ltr'>κατὰ</span> <span class='ocrx_word' id='word_1_130' title='bbox 2417 932 2607 995; x_wconf 83' lang='grc' dir='ltr'>ποσὸν,</span> <span class='ocrx_word' id='word_1_131' title='bbox 2646 933 2742 985; x_wconf 65' lang='grc' dir='ltr'><strong>καὶ¹</strong></span> <span class='ocrx_word' id='word_1_132' title='bbox 2774 931 3133 984; x_wconf 77' lang='grc' dir='ltr'><strong>ἀναλλοίωτον</strong></span> <span class='ocrx_word' id='word_1_133' title='bbox 3163 931 3306 983; x_wconf 82' lang='grc' dir='ltr'>κατὰ</span> <span class='ocrx_word' id='word_1_134' title='bbox 3334 934 3486 984; x_wconf 78' lang='grc' dir='ltr'>ποιὸν</span> <span class='ocrx_word' id='word_1_135' title='bbox 3511 933 3688 998; x_wconf 80' lang='grc' dir='ltr'>λέγειν</span> <span class='ocrx_word' id='word_1_136' title='bbox 3715 949 3827 999; x_wconf 85' lang='grc' dir='ltr'>φυ-</span> 
     </span>
    </p>
   </div>
   <div class='ocr_carea' id='block_1_24' title="bbox 2248 1020 3826 1090">
    <p class='ocr_par' dir='ltr' id='par_1_24' title="bbox 2248 1020 3826 1090">
     <span class='ocr_line' id='line_1_24' title="bbox 2248 1020 3826 1090; baseline -0.001 -17"><span class='ocrx_word' id='word_1_137' title='bbox 2248 1022 2398 1075; x_wconf 79' lang='grc' dir='ltr'>σικὸν</span> <span class='ocrx_word' id='word_1_138' title='bbox 2448 1020 2789 1075; x_wconf 85' lang='grc' dir='ltr'>συνωθεῖται.</span> <span class='ocrx_word' id='word_1_139' title='bbox 2855 1023 2960 1074; x_wconf 81' lang='lat' dir='ltr'><strong>Kal</strong></span> <span class='ocrx_word' id='word_1_140' title='bbox 3003 1022 3157 1090; x_wconf 76' lang='grc' dir='ltr'>μετά</span> <span class='ocrx_word' id='word_1_141' title='bbox 3204 1038 3374 1074; x_wconf 81' lang='grc' dir='ltr'>τινα·</span> <span class='ocrx_word' id='word_1_142' title='bbox 3439 1041 3459 1073; x_wconf 80' lang='grc' dir='ltr'><strong>ι</strong></span> <span class='ocrx_word' id='word_1_143' title='bbox 3505 1024 3615 1074; x_wconf 84' lang='lat' dir='ltr'><strong>Kal</strong></span> <span class='ocrx_word' id='word_1_144' title='bbox 3644 1023 3716 1082; x_wconf 81' lang='grc' dir='ltr'>ὡς</span> <span class='ocrx_word' id='word_1_145' title='bbox 3746 1020 3826 1072; x_wconf 75' lang='grc' dir='ltr'><strong>τὰ</strong></span> 
     </span>
    </p>
   </div>
   <div class='ocr_carea' id='block_1_25' title="bbox 2247 1105 3824 1182">
    <p class='ocr_par' dir='ltr' id='par_1_25' title="bbox 2247 1105 3824 1182">
     <span class='ocr_line' id='line_1_25' title="bbox 2247 1105 3824 1182; baseline -0.002 -18"><span class='ocrx_word' id='word_1_146' title='bbox 2247 1113 2306 1177; x_wconf 76' lang='grc' dir='ltr'><strong>ἐξ</strong></span> <span class='ocrx_word' id='word_1_147' title='bbox 2347 1106 2424 1164; x_wconf 82' lang='grc' dir='ltr'>ὧν</span> <span class='ocrx_word' id='word_1_148' title='bbox 2469 1105 2550 1173; x_wconf 69' lang='grc' dir='ltr'>εἷς</span> <span class='ocrx_word' id='word_1_149' title='bbox 2591 1111 2618 1162; x_wconf 85' lang='grc' dir='ltr'>ὁ</span> <span class='ocrx_word' id='word_1_150' title='bbox 2662 1110 2897 1180; x_wconf 80' lang='grc' dir='ltr'>Χριστὸς</span> <span class='ocrx_word' id='word_1_151' title='bbox 2939 1111 2998 1163; x_wconf 82' lang='grc' dir='ltr'>ὲν</span> <span class='ocrx_word' id='word_1_152' title='bbox 3037 1113 3104 1182; x_wconf 80' lang='grc' dir='ltr'>τῇ</span> <span class='ocrx_word' id='word_1_153' title='bbox 3147 1111 3415 1177; x_wconf 83' lang='grc' dir='ltr'>συνθέσει,</span> <span class='ocrx_word' id='word_1_154' title='bbox 3453 1112 3691 1176; x_wconf 77' lang='grc' dir='ltr'>τε.ιείως</span> <span class='ocrx_word' id='word_1_155' title='bbox 3721 1108 3824 1162; x_wconf 74' lang='grc' dir='ltr'><strong>καὶ</strong></span> 
     </span>
    </p>
   </div>
   <div class='ocr_carea' id='block_1_26' title="bbox 2246 1201 2942 1272">
    <p class='ocr_par' dir='ltr' id='par_1_26' title="bbox 2246 1201 2942 1272">
     <span class='ocr_line' id='line_1_26' title="bbox 2246 1201 2942 1272; baseline -0.003 -16"><span class='ocrx_word' id='word_1_156' title='bbox 2246 1203 2538 1272; x_wconf 82' lang='grc' dir='ltr'>ἀμειώτως</span> <span class='ocrx_word' id='word_1_157' title='bbox 2567 1201 2890 1272; x_wconf 83' lang='grc' dir='ltr'>ὑφέστηκεν.</span> <span class='ocrx_word' id='word_1_158' title='bbox 2923 1220 2942 1254; x_wconf 71' lang='grc' dir='ltr'><strong>ι</strong></span> 
     </span>
    </p>
   </div>
   <div class='ocr_carea' id='block_1_27' title="bbox 2252 1499 3825 1572">
    <p class='ocr_par' dir='ltr' id='par_1_27' title="bbox 2252 1499 3825 1572">
     <span class='ocr_line' id='line_1_27' title="bbox 2252 1499 3825 1572; baseline -0.003 -11"><span class='ocrx_word' id='word_1_159' title='bbox 2252 1506 2363 1561; x_wconf 85' lang='grc' dir='ltr'><strong>Τοῦ</strong></span> <span class='ocrx_word' id='word_1_160' title='bbox 2409 1505 2609 1560; x_wconf 78' lang='grc' dir='ltr'>αὑτοῦ</span> <span class='ocrx_word' id='word_1_161' title='bbox 2640 1503 2903 1572; x_wconf 77' lang='grc' dir='ltr'>Σεϐήρου</span> <span class='ocrx_word' id='word_1_162' title='bbox 2959 1505 3027 1557; x_wconf 83' lang='grc' dir='ltr'>ἐκ</span> <span class='ocrx_word' id='word_1_163' title='bbox 3068 1501 3178 1570; x_wconf 79' lang='grc' dir='ltr'>τῆς</span> <span class='ocrx_word' id='word_1_164' title='bbox 3222 1502 3374 1570; x_wconf 83' lang='grc' dir='ltr'>πρὸς</span> <span class='ocrx_word' id='word_1_165' title='bbox 3417 1499 3664 1571; x_wconf 61' lang='lat' dir='ltr'><strong>rem-tor</strong></span> <span class='ocrx_word' id='word_1_166' title='bbox 3712 1501 3825 1556; x_wconf 73' lang='grc' dir='ltr'>τόν</span> 
     </span>
    </p>
   </div>
   <div class='ocr_carea' id='block_1_28' title="bbox 2475 1572 3586 1643">
    <p class='ocr_par' dir='ltr' id='par_1_28' title="bbox 2475 1572 3586 1643">
     <span class='ocr_line' id='line_1_28' title="bbox 2475 1572 3586 1643; baseline -0.003 -15"><span class='ocrx_word' id='word_1_167' title='bbox 2475 1575 2897 1643; x_wconf 80' lang='grc' dir='ltr'>Γραμματικὸν</span> <span class='ocrx_word' id='word_1_168' title='bbox 2925 1572 3208 1641; x_wconf 79' lang='grc' dir='ltr'><strong>δευτέρας</strong></span> <span class='ocrx_word' id='word_1_169' title='bbox 3234 1573 3586 1636; x_wconf 78' lang='grc' dir='ltr'><strong>ἐπιστολῆς.</strong></span> 
     </span>
    </p>
   </div>
   <div class='ocr_carea' id='block_1_29' title="bbox 2326 1659 3825 1731">
    <p class='ocr_par' dir='ltr' id='par_1_29' title="bbox 2326 1659 3825 1731">
     <span class='ocr_line' id='line_1_29' title="bbox 2326 1659 3825 1731; baseline -0.001 -18"><span class='ocrx_word' id='word_1_170' title='bbox 2326 1681 2344 1713; x_wconf 73' lang='grc' dir='ltr'><strong>ι</strong></span> <span class='ocrx_word' id='word_1_171' title='bbox 2386 1663 2499 1714; x_wconf 80' lang='lat' dir='ltr'><strong>Kal</strong></span> <span class='ocrx_word' id='word_1_172' title='bbox 2549 1662 3020 1731; x_wconf 69' lang='grc' dir='ltr'>καταπέπληγμαι</span> <span class='ocrx_word' id='word_1_173' title='bbox 3064 1661 3216 1727; x_wconf 91' lang='grc' dir='ltr'>λίαν,</span> <span class='ocrx_word' id='word_1_174' title='bbox 3272 1662 3389 1723; x_wconf 82' lang='grc' dir='ltr'><strong>πῶς</strong></span> <span class='ocrx_word' id='word_1_175' title='bbox 3435 1662 3528 1713; x_wconf 73' lang='grc' dir='ltr'>καὶ</span> <span class='ocrx_word' id='word_1_176' title='bbox 3567 1659 3825 1712; x_wconf 81' lang='grc' dir='ltr'>σύνθεσιν</span> 
     </span>
    </p>
   </div>
   <div class='ocr_carea' id='block_1_30' title="bbox 2249 1749 3828 1822">
    <p class='ocr_par' dir='ltr' id='par_1_30' title="bbox 2249 1749 3828 1822">
     <span class='ocr_line' id='line_1_30' title="bbox 2249 1749 3828 1822; baseline -0.002 -18"><span class='ocrx_word' id='word_1_177' title='bbox 2249 1752 2540 1821; x_wconf 80' lang='grc' dir='ltr'><strong>ὀνομάζεις</strong></span> <span class='ocrx_word' id='word_1_178' title='bbox 2571 1753 2670 1822; x_wconf 81' lang='grc' dir='ltr'><strong>τὴν</strong></span> <span class='ocrx_word' id='word_1_179' title='bbox 2704 1753 2979 1821; x_wconf 84' lang='grc' dir='ltr'>σάρκωσιν</span> <span class='ocrx_word' id='word_1_180' title='bbox 3003 1769 3016 1781; x_wconf 87' lang='grc'><strong>·</strong></span> <span class='ocrx_word' id='word_1_181' title='bbox 3075 1751 3223 1804; x_wconf 81' lang='grc' dir='ltr'>ἐστιν</span> <span class='ocrx_word' id='word_1_182' title='bbox 3252 1752 3385 1803; x_wconf 81' lang='grc' dir='ltr'>ὅπου</span> <span class='ocrx_word' id='word_1_183' title='bbox 3422 1752 3514 1803; x_wconf 74' lang='grc' dir='ltr'><strong>καὶ</strong></span> <span class='ocrx_word' id='word_1_184' title='bbox 3546 1749 3708 1802; x_wconf 85' lang='grc' dir='ltr'>πάλιν</span> <span class='ocrx_word' id='word_1_185' title='bbox 3733 1749 3828 1801; x_wconf 83' lang='grc' dir='ltr'><strong>λέ-</strong></span> 
     </span>
    </p>
   </div>
   <div class='ocr_carea' id='block_1_31' title="bbox 577 1830 2154 1913">
    <p class='ocr_par' dir='ltr' id='par_1_31' title="bbox 577 1838 2144 1910">
     <span class='ocr_line' id='line_1_31' title="bbox 577 1838 2144 1910; baseline 0.004 -21"><span class='ocrx_word' id='word_1_186' title='bbox 577 1838 896 1902; x_wconf 80' lang='lat' dir='ltr'><strong>essentiam,</strong></span> <span class='ocrx_word' id='word_1_187' title='bbox 930 1847 987 1893; x_wconf 90' lang='lat' dir='ltr'><strong>et</strong></span> <span class='ocrx_word' id='word_1_188' title='bbox 1019 1841 1363 1908; x_wconf 84' lang='lat' dir='ltr'><strong>qualitatem.</strong></span> <span class='ocrx_word' id='word_1_189' title='bbox 1405 1841 1671 1910; x_wconf 87' lang='lat' dir='ltr'><strong>Nunquid</strong></span> <span class='ocrx_word' id='word_1_190' title='bbox 1713 1858 1780 1896; x_wconf 86' lang='lat' dir='ltr'><strong>ex</strong></span> <span class='ocrx_word' id='word_1_191' title='bbox 1822 1842 2144 1896; x_wconf 80' lang='lat' dir='ltr'><strong>confusione</strong></span> 
     </span>
    </p>
   </div>
   <div class='ocr_carea' id='block_1_32' title="bbox 2255 1830 3824 1913">
    <p class='ocr_par' dir='ltr' id='par_1_32' title="bbox 2255 1841 3824 1913">
     <span class='ocr_line' id='line_1_32' title="bbox 2255 1841 3824 1913; baseline -0.002 -18"><span class='ocrx_word' id='word_1_192' title='bbox 2255 1853 2403 1911; x_wconf 71' lang='grc' dir='ltr'>γεις,</span> <span class='ocrx_word' id='word_1_193' title='bbox 2456 1845 2585 1912; x_wconf 81' lang='grc' dir='ltr'>μιᾶς</span> <span class='ocrx_word' id='word_1_194' title='bbox 2631 1843 3011 1913; x_wconf 78' lang='grc' dir='ltr'>γεγενημένης</span> <span class='ocrx_word' id='word_1_195' title='bbox 3058 1842 3318 1905; x_wconf 78' lang='grc' dir='ltr'>καθάπαξ</span> <span class='ocrx_word' id='word_1_196' title='bbox 3355 1842 3545 1904; x_wconf 84' lang='grc' dir='ltr'>οὐσίας</span> <span class='ocrx_word' id='word_1_197' title='bbox 3591 1841 3623 1910; x_wconf 85' lang='grc' dir='ltr'>ἢ</span> <span class='ocrx_word' id='word_1_198' title='bbox 3666 1841 3824 1893; x_wconf 84' lang='grc' dir='ltr'>ποιό-</span> 
     </span>
    </p>
   </div>
   <div class='ocr_carea' id='block_1_33' title="bbox 578 1930 2144 2001">
    <p class='ocr_par' dir='ltr' id='par_1_33' title="bbox 578 1930 2144 2001">
     <span class='ocr_line' id='line_1_33' title="bbox 578 1930 2144 2001; baseline 0.004 -19"><span class='ocrx_word' id='word_1_199' title='bbox 578 1930 745 1998; x_wconf 73' lang='lat' dir='ltr'><strong>empit</strong></span> <span class='ocrx_word' id='word_1_200' title='bbox 776 1933 1115 2001; x_wconf 87' lang='lat' dir='ltr'><strong>coujunctio,</strong></span> <span class='ocrx_word' id='word_1_201' title='bbox 1147 1941 1201 1987; x_wconf 89' lang='lat' dir='ltr'><strong>et</strong></span> <span class='ocrx_word' id='word_1_202' title='bbox 1239 1934 1295 1987; x_wconf 92' lang='lat' dir='ltr'><strong>in</strong></span> <span class='ocrx_word' id='word_1_203' title='bbox 1322 1935 1620 1988; x_wconf 85' lang='lat' dir='ltr'><strong>essentiam</strong></span> <span class='ocrx_word' id='word_1_204' title='bbox 1655 1950 1820 1988; x_wconf 87' lang='lat' dir='ltr'><strong>unam</strong></span> <span class='ocrx_word' id='word_1_205' title='bbox 1856 1950 2009 1989; x_wconf 87' lang='lat' dir='ltr'><strong>versa</strong></span> <span class='ocrx_word' id='word_1_206' title='bbox 2046 1935 2144 1989; x_wconf 73' lang='lat' dir='ltr'><strong>de~</strong></span> 
     </span>
    </p>
   </div>
   <div class='ocr_carea' id='block_1_34' title="bbox 579 2020 2142 2093">
    <p class='ocr_par' dir='ltr' id='par_1_34' title="bbox 579 2020 2142 2093">
     <span class='ocr_line' id='line_1_34' title="bbox 579 2020 2142 2093; baseline 0.006 -22"><span class='ocrx_word' id='word_1_207' title='bbox 579 2020 671 2072; x_wconf 76' lang='lat' dir='ltr'><strong>siit</strong></span> <span class='ocrx_word' id='word_1_208' title='bbox 724 2022 905 2077; x_wconf 88' lang='lat' dir='ltr'><strong>omnis</strong></span> <span class='ocrx_word' id='word_1_209' title='bbox 954 2024 1327 2093; x_wconf 88' lang='lat' dir='ltr'><strong>compositio?</strong></span> <span class='ocrx_word' id='word_1_210' title='bbox 1355 2032 1417 2078; x_wconf 91' lang='lat' dir='ltr'><strong>ut</strong></span> <span class='ocrx_word' id='word_1_211' title='bbox 1450 2043 1467 2075; x_wconf 79' lang='grc' dir='ltr'><strong>ι</strong></span> <span class='ocrx_word' id='word_1_212' title='bbox 1500 2033 1688 2079; x_wconf 88' lang='lat' dir='ltr'><strong>sancta</strong></span> <span class='ocrx_word' id='word_1_213' title='bbox 1718 2025 1989 2088; x_wconf 87' lang='lat' dir='ltr'><strong>Trinitas,</strong></span> <span class='ocrx_word' id='word_1_214' title='bbox 2040 2027 2142 2088; x_wconf 84' lang='lat' dir='ltr'><strong>ais,</strong></span> 
     </span>
    </p>
   </div>
   <div class='ocr_carea' id='block_1_35' title="bbox 577 2116 2144 2188">
    <p class='ocr_par' dir='ltr' id='par_1_35' title="bbox 577 2116 2144 2188">
     <span class='ocr_line' id='line_1_35' title="bbox 577 2116 2144 2188; baseline 0.002 -21"><span class='ocrx_word' id='word_1_215' title='bbox 577 2123 797 2168; x_wconf 88' lang='lat' dir='ltr'><strong>maneat</strong></span> <span class='ocrx_word' id='word_1_216' title='bbox 843 2116 1108 2182; x_wconf 88' lang='lat' dir='ltr'><strong>Trinitas,</strong></span> <span class='ocrx_word' id='word_1_217' title='bbox 1149 2133 1290 2173; x_wconf 85' lang='lat' dir='ltr'><strong>neve</strong></span> <span class='ocrx_word' id='word_1_218' title='bbox 1340 2133 1800 2186; x_wconf 86' lang='lat' dir='ltr'><strong>supervacaneam</strong></span> <span class='ocrx_word' id='word_1_219' title='bbox 1851 2132 2144 2188; x_wconf 86' lang='lat' dir='ltr'><strong>personam</strong></span> 
     </span>
    </p>
   </div>
   <div class='ocr_carea' id='block_1_36' title="bbox 577 2202 2146 2274">
    <p class='ocr_par' dir='ltr' id='par_1_36' title="bbox 577 2202 2146 2274">
     <span class='ocr_line' id='line_1_36' title="bbox 577 2202 2146 2274; baseline 0.003 -21"><span class='ocrx_word' id='word_1_220' title='bbox 577 2210 845 2256; x_wconf 85' lang='lat' dir='ltr'><strong>assumat.</strong></span> <span class='ocrx_word' id='word_1_221' title='bbox 868 2222 887 2254; x_wconf 75' lang='grc' dir='ltr'><strong>ι</strong></span> <span class='ocrx_word' id='word_1_222' title='bbox 912 2202 982 2258; x_wconf 87' lang='lat' dir='ltr'><strong>Et</strong></span> <span class='ocrx_word' id='word_1_223' title='bbox 1011 2221 1263 2260; x_wconf 79' lang='lat' dir='ltr'><strong>rursum:</strong></span> <span class='ocrx_word' id='word_1_224' title='bbox 1290 2223 1306 2255; x_wconf 76' lang='grc' dir='ltr'><strong>ι</strong></span> <span class='ocrx_word' id='word_1_225' title='bbox 1325 2204 1392 2258; x_wconf 89' lang='lat' dir='ltr'><strong>Et</strong></span> <span class='ocrx_word' id='word_1_226' title='bbox 1418 2212 1598 2274; x_wconf 88' lang='lat' dir='ltr'><strong>putas,</strong></span> <span class='ocrx_word' id='word_1_227' title='bbox 1628 2205 1724 2268; x_wconf 90' lang='lat' dir='ltr'><strong>ait,</strong></span> <span class='ocrx_word' id='word_1_228' title='bbox 1748 2205 1854 2258; x_wconf 89' lang='lat' dir='ltr'><strong>hoc</strong></span> <span class='ocrx_word' id='word_1_229' title='bbox 1872 2205 1938 2258; x_wconf 84' lang='lat' dir='ltr'><strong>ad</strong></span> <span class='ocrx_word' id='word_1_230' title='bbox 1959 2220 2146 2259; x_wconf 88' lang='lat' dir='ltr'><strong>essen-</strong></span> 
     </span>
    </p>
   </div>
   <div class='ocr_carea' id='block_1_37' title="bbox 577 2292 2146 2367">
    <p class='ocr_par' dir='ltr' id='par_1_37' title="bbox 577 2292 2146 2367">
     <span class='ocr_line' id='line_1_37' title="bbox 577 2292 2146 2367; baseline 0.004 -23"><span class='ocrx_word' id='word_1_231' title='bbox 577 2292 708 2345; x_wconf 89' lang='lat' dir='ltr'><strong>tiam</strong></span> <span class='ocrx_word' id='word_1_232' title='bbox 755 2309 919 2347; x_wconf 89' lang='lat' dir='ltr'><strong>unam</strong></span> <span class='ocrx_word' id='word_1_233' title='bbox 966 2295 1214 2367; x_wconf 73' lang='lat' dir='ltr'><strong>redigere</strong></span> <span class='ocrx_word' id='word_1_234' title='bbox 1242 2303 1466 2350; x_wconf 82' lang='lat' dir='ltr'><strong>naturas</strong></span> <span class='ocrx_word' id='word_1_235' title='bbox 1499 2297 1655 2359; x_wconf 90' lang='lat' dir='ltr'><strong>duas,</strong></span> <span class='ocrx_word' id='word_1_236' title='bbox 1689 2297 1952 2365; x_wconf 85' lang='lat' dir='ltr'><strong>qualitate</strong></span> <span class='ocrx_word' id='word_1_237' title='bbox 1990 2305 2146 2350; x_wconf 87' lang='lat' dir='ltr'><strong>natu-</strong></span> 
     </span>
    </p>
   </div>
   <div class='ocr_carea' id='block_1_38' title="bbox 576 2381 2147 2456">
    <p class='ocr_par' dir='ltr' id='par_1_38' title="bbox 576 2381 2147 2456">
     <span class='ocr_line' id='line_1_38' title="bbox 576 2381 2147 2456; baseline 0.003 -21"><span class='ocrx_word' id='word_1_238' title='bbox 576 2382 704 2448; x_wconf 87' lang='lat' dir='ltr'><strong>rali,</strong></span> <span class='ocrx_word' id='word_1_239' title='bbox 753 2381 1043 2439; x_wconf 79' lang='lat' dir='ltr'><strong>divinitate</strong></span> <span class='ocrx_word' id='word_1_240' title='bbox 1087 2386 1301 2440; x_wconf 85' lang='lat' dir='ltr'><strong>scilicet</strong></span> <span class='ocrx_word' id='word_1_241' title='bbox 1341 2395 1398 2441; x_wconf 92' lang='lat' dir='ltr'><strong>et</strong></span> <span class='ocrx_word' id='word_1_242' title='bbox 1449 2387 1816 2451; x_wconf 85' lang='lat' dir='ltr'><strong>humanitate,</strong></span> <span class='ocrx_word' id='word_1_243' title='bbox 1861 2386 2023 2456; x_wconf 88' lang='lat' dir='ltr'><strong>plane</strong></span> <span class='ocrx_word' id='word_1_244' title='bbox 2057 2386 2147 2441; x_wconf 84' lang='lat' dir='ltr'><strong>di—</strong></span> 
     </span>
    </p>
   </div>
   <div class='ocr_carea' id='block_1_39' title="bbox 575 2478 2148 2562">
    <p class='ocr_par' dir='ltr' id='par_1_39' title="bbox 575 2478 2148 2562">
     <span class='ocr_line' id='line_1_39' title="bbox 575 2478 2148 2562; baseline 0.002 -34"><span class='ocrx_word' id='word_1_245' title='bbox 575 2491 782 2539; x_wconf 85' lang='lat' dir='ltr'><strong>versas,</strong></span> <span class='ocrx_word' id='word_1_246' title='bbox 814 2492 880 2531; x_wconf 90' lang='lat' dir='ltr'><strong>ex</strong></span> <span class='ocrx_word' id='word_1_247' title='bbox 915 2478 1120 2547; x_wconf 87' lang='lat' dir='ltr'><strong>quibus</strong></span> <span class='ocrx_word' id='word_1_248' title='bbox 1149 2478 1378 2548; x_wconf 79' lang='lat' dir='ltr'><strong>integris</strong></span> <span class='ocrx_word' id='word_1_249' title='bbox 1416 2487 1580 2562; x_wconf 75' lang='lat' dir='ltr'><strong>atque</strong></span> <span class='ocrx_word' id='word_1_250' title='bbox 1612 2478 1890 2532; x_wconf 79' lang='lat' dir='ltr'><strong>distinctis</strong></span> <span class='ocrx_word' id='word_1_251' title='bbox 1923 2494 2148 2532; x_wconf 88' lang='lat' dir='ltr'><strong>manen-</strong></span> 
     </span>
    </p>
   </div>
   <div class='ocr_carea' id='block_1_40' title="bbox 575 2567 2138 2624">
    <p class='ocr_par' dir='ltr' id='par_1_40' title="bbox 575 2567 2138 2624">
     <span class='ocr_line' id='line_1_40' title="bbox 575 2567 2138 2624; baseline 0.001 -4"><span class='ocrx_word' id='word_1_252' title='bbox 575 2567 726 2622; x_wconf 87' lang='lat' dir='ltr'><strong>tibus</strong></span> <span class='ocrx_word' id='word_1_253' title='bbox 743 2569 882 2622; x_wconf 86' lang='lat' dir='ltr'><strong>citra</strong></span> <span class='ocrx_word' id='word_1_254' title='bbox 898 2568 1280 2624; x_wconf 87' lang='lat' dir='ltr'><strong>confusionem</strong></span> <span class='ocrx_word' id='word_1_255' title='bbox 1307 2585 1526 2624; x_wconf 88' lang='lat' dir='ltr'><strong>omnem</strong></span> <span class='ocrx_word' id='word_1_256' title='bbox 1548 2569 1799 2624; x_wconf 82' lang='lat' dir='ltr'><strong>subsistit</strong></span> <span class='ocrx_word' id='word_1_257' title='bbox 1823 2569 2094 2624; x_wconf 86' lang='lat' dir='ltr'><strong>Christus.</strong></span> <span class='ocrx_word' id='word_1_258' title='bbox 2119 2589 2138 2621; x_wconf 81' lang='grc'>›</span> 
     </span>
    </p>
   </div>
   <div class='ocr_carea' id='block_1_41' title="bbox 572 2678 2144 2751">
    <p class='ocr_par' dir='ltr' id='par_1_41' title="bbox 572 2678 2144 2751">
     <span class='ocr_line' id='line_1_41' title="bbox 572 2678 2144 2751; baseline 0 -18"><span class='ocrx_word' id='word_1_259' title='bbox 572 2678 830 2749; x_wconf 69' lang='lat' dir='ltr'><strong>Ejusdem</strong></span> <span class='ocrx_word' id='word_1_260' title='bbox 880 2682 1148 2746; x_wconf 78' lang='lat' dir='ltr'><strong>hatretici,</strong></span> <span class='ocrx_word' id='word_1_261' title='bbox 1206 2698 1272 2736; x_wconf 71' lang='lat' dir='ltr'><strong>ea</strong></span> <span class='ocrx_word' id='word_1_262' title='bbox 1328 2681 1546 2751; x_wconf 80' lang='lat' dir='ltr'><strong>epistola</strong></span> <span class='ocrx_word' id='word_1_263' title='bbox 1607 2681 1694 2735; x_wconf 84' lang='lat' dir='ltr'><strong>III</strong></span> <span class='ocrx_word' id='word_1_264' title='bbox 1770 2682 1840 2736; x_wconf 83' lang='lat' dir='ltr'><strong>ad</strong></span> <span class='ocrx_word' id='word_1_265' title='bbox 1905 2681 2144 2735; x_wconf 84' lang='lat' dir='ltr'><strong>eumdem</strong></span> 
     </span>
    </p>
   </div>
   <div class='ocr_carea' id='block_1_42' title="bbox 1238 2751 1500 2823">
    <p class='ocr_par' dir='ltr' id='par_1_42' title="bbox 1238 2751 1500 2823">
     <span class='ocr_line' id='line_1_42' title="bbox 1238 2751 1500 2823; baseline -0.004 -17"><span class='ocrx_word' id='word_1_266' title='bbox 1238 2751 1500 2823; x_wconf 85' lang='lat' dir='ltr'><strong>Sergium.</strong></span> 
     </span>
    </p>
   </div>
   <div class='ocr_carea' id='block_1_43' title="bbox 651 2838 2148 2918">
    <p class='ocr_par' dir='ltr' id='par_1_43' title="bbox 651 2838 2148 2918">
     <span class='ocr_line' id='line_1_43' title="bbox 651 2838 2148 2918; baseline 0.003 -29"><span class='ocrx_word' id='word_1_267' title='bbox 651 2858 668 2889; x_wconf 75' lang='grc' dir='ltr'><strong>ι</strong></span> <span class='ocrx_word' id='word_1_268' title='bbox 718 2838 869 2894; x_wconf 88' lang='lat' dir='ltr'><strong>Scito</strong></span> <span class='ocrx_word' id='word_1_269' title='bbox 903 2855 1016 2894; x_wconf 90' lang='lat' dir='ltr'><strong>rem</strong></span> <span class='ocrx_word' id='word_1_270' title='bbox 1067 2856 1179 2895; x_wconf 86' lang='lat' dir='ltr'><strong>non</strong></span> <span class='ocrx_word' id='word_1_271' title='bbox 1219 2841 1294 2896; x_wconf 87' lang='lat' dir='ltr'><strong>ita</strong></span> <span class='ocrx_word' id='word_1_272' title='bbox 1333 2856 1390 2895; x_wconf 91' lang='lat' dir='ltr'><strong>se</strong></span> <span class='ocrx_word' id='word_1_273' title='bbox 1429 2841 1656 2904; x_wconf 87' lang='lat' dir='ltr'><strong>habere,</strong></span> <span class='ocrx_word' id='word_1_274' title='bbox 1718 2857 1840 2896; x_wconf 90' lang='lat' dir='ltr'><strong>cum</strong></span> <span class='ocrx_word' id='word_1_275' title='bbox 1878 2857 1980 2918; x_wconf 78' lang='lat' dir='ltr'><strong>ego</strong></span> <span class='ocrx_word' id='word_1_276' title='bbox 2030 2841 2148 2910; x_wconf 87' lang='lat' dir='ltr'><strong>pla-</strong></span> 
     </span>
    </p>
   </div>
   <div class='ocr_carea' id='block_1_44' title="bbox 577 2929 2149 3000">
    <p class='ocr_par' dir='ltr' id='par_1_44' title="bbox 577 2929 2149 3000">
     <span class='ocr_line' id='line_1_44' title="bbox 577 2929 2149 3000; baseline 0.001 -18"><span class='ocrx_word' id='word_1_277' title='bbox 577 2945 704 2983; x_wconf 90' lang='lat' dir='ltr'><strong>num</strong></span> <span class='ocrx_word' id='word_1_278' title='bbox 738 2929 989 2994; x_wconf 87' lang='lat' dir='ltr'><strong>fecerim,</strong></span> <span class='ocrx_word' id='word_1_279' title='bbox 1019 2931 1556 3000; x_wconf 83' lang='lat' dir='ltr'><strong>auctoritatibusque</strong></span> <span class='ocrx_word' id='word_1_280' title='bbox 1587 2932 1730 2986; x_wconf 91' lang='lat' dir='ltr'><strong>bene</strong></span> <span class='ocrx_word' id='word_1_281' title='bbox 1761 2931 1948 2984; x_wconf 88' lang='lat' dir='ltr'><strong>multis</strong></span> <span class='ocrx_word' id='word_1_282' title='bbox 1967 2938 2149 2984; x_wconf 86' lang='lat' dir='ltr'><strong>osten-</strong></span> 
     </span>
    </p>
   </div>
   <div class='ocr_carea' id='block_1_45' title="bbox 575 3020 2149 3092">
    <p class='ocr_par' dir='ltr' id='par_1_45' title="bbox 575 3020 2149 3092">
     <span class='ocr_line' id='line_1_45' title="bbox 575 3020 2149 3092; baseline -0.001 -18"><span class='ocrx_word' id='word_1_283' title='bbox 575 3020 748 3076; x_wconf 87' lang='lat' dir='ltr'><strong>derim</strong></span> <span class='ocrx_word' id='word_1_284' title='bbox 781 3021 888 3076; x_wconf 91' lang='lat' dir='ltr'><strong>dici</strong></span> <span class='ocrx_word' id='word_1_285' title='bbox 915 3037 1027 3076; x_wconf 91' lang='lat' dir='ltr'><strong>non</strong></span> <span class='ocrx_word' id='word_1_286' title='bbox 1069 3031 1336 3092; x_wconf 84' lang='lat' dir='ltr'><strong>oportere</strong></span> <span class='ocrx_word' id='word_1_287' title='bbox 1370 3022 1786 3078; x_wconf 85' lang='lat' dir='ltr'><strong>Emmanuelem</strong></span> <span class='ocrx_word' id='word_1_288' title='bbox 1825 3036 1947 3076; x_wconf 88' lang='lat' dir='ltr'><strong>esse</strong></span> <span class='ocrx_word' id='word_1_289' title='bbox 1984 3021 2149 3074; x_wconf 88' lang='lat' dir='ltr'><strong>unius</strong></span> 
     </span>
    </p>
   </div>
   <div class='ocr_carea' id='block_1_46' title="bbox 566 3112 2148 3185">
    <p class='ocr_par' dir='ltr' id='par_1_46' title="bbox 566 3112 2148 3185">
     <span class='ocr_line' id='line_1_46' title="bbox 566 3112 2148 3185; baseline 0 -21"><span class='ocrx_word' id='word_1_290' title='bbox 566 3119 631 3177; x_wconf 49' lang='lat' dir='ltr'><strong>,et</strong></span> <span class='ocrx_word' id='word_1_291' title='bbox 669 3112 919 3182; x_wconf 90' lang='lat' dir='ltr'><strong>ejusdem</strong></span> <span class='ocrx_word' id='word_1_292' title='bbox 950 3112 1226 3178; x_wconf 61' lang='lat' dir='ltr'><strong>essentia,</strong></span> <span class='ocrx_word' id='word_1_293' title='bbox 1266 3122 1324 3168; x_wconf 92' lang='lat' dir='ltr'><strong>et</strong></span> <span class='ocrx_word' id='word_1_294' title='bbox 1362 3114 1663 3185; x_wconf 85' lang='lat' dir='ltr'><strong>qualitatis.</strong></span> <span class='ocrx_word' id='word_1_295' title='bbox 1700 3121 1866 3182; x_wconf 83' lang='lat' dir='ltr'><strong>atque</strong></span> <span class='ocrx_word' id='word_1_296' title='bbox 1896 3112 2148 3182; x_wconf 89' lang='lat' dir='ltr'><strong>proprie-</strong></span> 
     </span>
    </p>
   </div>
   <div class='ocr_carea' id='block_1_47' title="bbox 577 3200 2150 3273">
    <p class='ocr_par' dir='ltr' id='par_1_47' title="bbox 577 3200 2150 3273">
     <span class='ocr_line' id='line_1_47' title="bbox 577 3200 2150 3273; baseline 0.001 -20"><span class='ocrx_word' id='word_1_297' title='bbox 577 3200 757 3254; x_wconf 67' lang='lat' dir='ltr'><strong>tatis.»</strong></span> <span class='ocrx_word' id='word_1_298' title='bbox 788 3200 857 3254; x_wconf 88' lang='lat' dir='ltr'><strong>Et</strong></span> <span class='ocrx_word' id='word_1_299' title='bbox 875 3219 1093 3257; x_wconf 70' lang='lat' dir='ltr'><strong>rursus:</strong></span> <span class='ocrx_word' id='word_1_300' title='bbox 1125 3202 1479 3260; x_wconf 72' lang='lat' dir='ltr'><strong>«Nemosana</strong></span> <span class='ocrx_word' id='word_1_301' title='bbox 1511 3213 1694 3259; x_wconf 89' lang='lat' dir='ltr'><strong>mente</strong></span> <span class='ocrx_word' id='word_1_302' title='bbox 1725 3203 1986 3273; x_wconf 65' lang='lat' dir='ltr'><strong>praeditus</strong></span> <span class='ocrx_word' id='word_1_303' title='bbox 2002 3201 2150 3256; x_wconf 84' lang='lat' dir='ltr'><strong>dicet</strong></span> 
     </span>
    </p>
   </div>
   <div class='ocr_carea' id='block_1_48' title="bbox 578 3294 2150 3366">
    <p class='ocr_par' dir='ltr' id='par_1_48' title="bbox 578 3294 2150 3366">
     <span class='ocr_line' id='line_1_48' title="bbox 578 3294 2150 3366; baseline 0.001 -21"><span class='ocrx_word' id='word_1_304' title='bbox 578 3299 830 3347; x_wconf 87' lang='lat' dir='ltr'><strong>naturam</strong></span> <span class='ocrx_word' id='word_1_305' title='bbox 868 3295 965 3348; x_wconf 86' lang='lat' dir='ltr'><strong>Dei</strong></span> <span class='ocrx_word' id='word_1_306' title='bbox 992 3295 1178 3358; x_wconf 76' lang='lat' dir='ltr'><strong>Verbi,</strong></span> <span class='ocrx_word' id='word_1_307' title='bbox 1224 3296 1582 3366; x_wconf 85' lang='lat' dir='ltr'><strong>ejusdemque</strong></span> <span class='ocrx_word' id='word_1_308' title='bbox 1615 3311 1835 3351; x_wconf 88' lang='lat' dir='ltr'><strong>carnem</strong></span> <span class='ocrx_word' id='word_1_309' title='bbox 1875 3294 2056 3348; x_wconf 87' lang='lat' dir='ltr'><strong>anima</strong></span> <span class='ocrx_word' id='word_1_310' title='bbox 2094 3303 2150 3346; x_wconf 91' lang='lat' dir='ltr'><strong>et</strong></span> 
     </span>
    </p>
   </div>
   <div class='ocr_carea' id='block_1_49' title="bbox 579 3371 2151 3452">
    <p class='ocr_par' dir='ltr' id='par_1_49' title="bbox 579 3371 2151 3452">
     <span class='ocr_line' id='line_1_49' title="bbox 579 3371 2151 3452; baseline -0.001 -17"><span class='ocrx_word' id='word_1_311' title='bbox 579 3383 792 3437; x_wconf 84' lang='lat' dir='ltr'><strong>ratione</strong></span> <span class='ocrx_word' id='word_1_312' title='bbox 820 3383 1128 3452; x_wconf 63' lang='lat' dir='ltr'><strong>praeditam,</strong></span> <span class='ocrx_word' id='word_1_313' title='bbox 1153 3385 1207 3438; x_wconf 94' lang='lat' dir='ltr'><strong>in</strong></span> <span class='ocrx_word' id='word_1_314' title='bbox 1244 3400 1352 3439; x_wconf 87' lang='lat' dir='ltr'><strong>una</strong></span> <span class='ocrx_word' id='word_1_315' title='bbox 1377 3371 1729 3439; x_wconf 84' lang='lat' dir='ltr'><strong>subsistentia</strong></span> <span class='ocrx_word' id='word_1_316' title='bbox 1760 3384 1863 3452; x_wconf 88' lang='lat' dir='ltr'><strong>ipsi</strong></span> <span class='ocrx_word' id='word_1_317' title='bbox 1924 3385 2151 3452; x_wconf 82' lang='lat' dir='ltr'><strong>conjun-</strong></span> 
     </span>
    </p>
   </div>
   <div class='ocr_carea' id='block_1_50' title="bbox 576 3473 2143 3545">
    <p class='ocr_par' dir='ltr' id='par_1_50' title="bbox 576 3473 2143 3545">
     <span class='ocr_line' id='line_1_50' title="bbox 576 3473 2143 3545; baseline -0.002 -19"><span class='ocrx_word' id='word_1_318' title='bbox 576 3482 721 3526; x_wconf 87' lang='lat' dir='ltr'><strong>ctam</strong></span> <span class='ocrx_word' id='word_1_319' title='bbox 755 3489 876 3528; x_wconf 87' lang='lat' dir='ltr'><strong>esse</strong></span> <span class='ocrx_word' id='word_1_320' title='bbox 909 3473 1076 3528; x_wconf 90' lang='lat' dir='ltr'><strong>unius</strong></span> <span class='ocrx_word' id='word_1_321' title='bbox 1106 3475 1382 3535; x_wconf 69' lang='lat' dir='ltr'><strong>essentite.</strong></span> <span class='ocrx_word' id='word_1_322' title='bbox 1413 3484 1469 3529; x_wconf 90' lang='lat' dir='ltr'><strong>et</strong></span> <span class='ocrx_word' id='word_1_323' title='bbox 1494 3475 1739 3545; x_wconf 89' lang='lat' dir='ltr'><strong>ejusdem</strong></span> <span class='ocrx_word' id='word_1_324' title='bbox 1775 3473 2077 3544; x_wconf 89' lang='lat' dir='ltr'><strong>qualitatis.</strong></span> <span class='ocrx_word' id='word_1_325' title='bbox 2125 3489 2143 3523; x_wconf 72' lang='grc' dir='ltr'><strong>ι</strong></span> 
     </span>
    </p>
   </div>
   <div class='ocr_carea' id='block_1_51' title="bbox 850 3585 1877 3656">
    <p class='ocr_par' dir='ltr' id='par_1_51' title="bbox 850 3585 1877 3656">
     <span class='ocr_line' id='line_1_51' title="bbox 850 3585 1877 3656; baseline -0.002 -16"><span class='ocrx_word' id='word_1_326' title='bbox 850 3585 1126 3656; x_wconf 78' lang='lat' dir='ltr'><strong>Ejusdem,</strong></span> <span class='ocrx_word' id='word_1_327' title='bbox 1165 3602 1228 3640; x_wconf 74' lang='lat' dir='ltr'><strong>ea:</strong></span> <span class='ocrx_word' id='word_1_328' title='bbox 1258 3585 1478 3656; x_wconf 69' lang='lat' dir='ltr'><strong>epistola</strong></span> <span class='ocrx_word' id='word_1_329' title='bbox 1508 3586 1578 3639; x_wconf 85' lang='lat' dir='ltr'><strong>ad</strong></span> <span class='ocrx_word' id='word_1_330' title='bbox 1614 3585 1877 3639; x_wconf 82' lang='lat' dir='ltr'><strong>eumdem.</strong></span> 
     </span>
    </p>
   </div>
   <div class='ocr_carea' id='block_1_52' title="bbox 656 3699 2151 3769">
    <p class='ocr_par' dir='ltr' id='par_1_52' title="bbox 656 3699 2151 3769">
     <span class='ocr_line' id='line_1_52' title="bbox 656 3699 2151 3769; baseline -0.001 -17"><span class='ocrx_word' id='word_1_331' title='bbox 656 3719 675 3752; x_wconf 74' lang='grc' dir='ltr'><strong>ι</strong></span> <span class='ocrx_word' id='word_1_332' title='bbox 722 3700 768 3754; x_wconf 80' lang='grc' dir='ltr'>Α</span> <span class='ocrx_word' id='word_1_333' title='bbox 803 3699 1010 3756; x_wconf 82' lang='lat' dir='ltr'><strong>Christi</strong></span> <span class='ocrx_word' id='word_1_334' title='bbox 1057 3700 1300 3756; x_wconf 83' lang='lat' dir='ltr'><strong>fidelium</strong></span> <span class='ocrx_word' id='word_1_335' title='bbox 1336 3701 1743 3756; x_wconf 83' lang='lat' dir='ltr'><strong>communitate</strong></span> <span class='ocrx_word' id='word_1_336' title='bbox 1785 3699 2151 3769; x_wconf 79' lang='lat' dir='ltr'><strong>segregandos</strong></span> 
     </span>
    </p>
   </div>
   <div class='ocr_carea' id='block_1_53' title="bbox 578 3789 2151 3862">
    <p class='ocr_par' dir='ltr' id='par_1_53' title="bbox 578 3789 2151 3862">
     <span class='ocr_line' id='line_1_53' title="bbox 578 3789 2151 3862; baseline -0.001 -19"><span class='ocrx_word' id='word_1_337' title='bbox 578 3791 893 3862; x_wconf 76' lang='lat' dir='ltr'><strong>iudicamus</strong></span> <span class='ocrx_word' id='word_1_338' title='bbox 919 3806 1037 3854; x_wconf 89' lang='lat' dir='ltr'><strong>eos,</strong></span> <span class='ocrx_word' id='word_1_339' title='bbox 1073 3791 1168 3861; x_wconf 88' lang='lat' dir='ltr'><strong>qui</strong></span> <span class='ocrx_word' id='word_1_340' title='bbox 1200 3797 1324 3860; x_wconf 91' lang='lat' dir='ltr'><strong>post</strong></span> <span class='ocrx_word' id='word_1_341' title='bbox 1364 3800 1701 3860; x_wconf 88' lang='lat' dir='ltr'><strong>assumptam</strong></span> <span class='ocrx_word' id='word_1_342' title='bbox 1735 3805 1957 3843; x_wconf 87' lang='lat' dir='ltr'><strong>carnem</strong></span> <span class='ocrx_word' id='word_1_343' title='bbox 1989 3789 2151 3843; x_wconf 89' lang='lat' dir='ltr'><strong>Chri-</strong></span> 
     </span>
    </p>
   </div>
   <div class='ocr_carea' id='block_1_54' title="bbox 584 3880 2154 3950">
    <p class='ocr_par' dir='ltr' id='par_1_54' title="bbox 584 3880 2154 3950">
     <span class='ocr_line' id='line_1_54' title="bbox 584 3880 2154 3950; baseline -0.001 -15"><span class='ocrx_word' id='word_1_344' title='bbox 584 3891 731 3935; x_wconf 84' lang='lat' dir='ltr'><strong>stum</strong></span> <span class='ocrx_word' id='word_1_345' title='bbox 759 3881 1015 3935; x_wconf 90' lang='lat' dir='ltr'><strong>dividunt</strong></span> <span class='ocrx_word' id='word_1_346' title='bbox 1035 3882 1089 3935; x_wconf 93' lang='lat' dir='ltr'><strong>in</strong></span> <span class='ocrx_word' id='word_1_347' title='bbox 1107 3890 1333 3935; x_wconf 87' lang='lat' dir='ltr'><strong>naturas</strong></span> <span class='ocrx_word' id='word_1_348' title='bbox 1348 3881 1484 3934; x_wconf 89' lang='lat' dir='ltr'><strong>duas</strong></span> <span class='ocrx_word' id='word_1_349' title='bbox 1508 3899 1521 3944; x_wconf 88' lang='lat'><strong>;</strong></span> <span class='ocrx_word' id='word_1_350' title='bbox 1554 3881 1702 3950; x_wconf 89' lang='lat' dir='ltr'><strong>quod</strong></span> <span class='ocrx_word' id='word_1_351' title='bbox 1729 3896 1859 3935; x_wconf 91' lang='lat' dir='ltr'><strong>sane</strong></span> <span class='ocrx_word' id='word_1_352' title='bbox 1885 3880 2154 3950; x_wconf 86' lang='lat' dir='ltr'><strong>supplicio</strong></span> 
     </span>
    </p>
   </div>
   <div class='ocr_carea' id='block_1_55' title="bbox 2248 1930 3825 2002">
    <p class='ocr_par' dir='ltr' id='par_1_55' title="bbox 2248 1930 3825 2002">
     <span class='ocr_line' id='line_1_55' title="bbox 2248 1930 3825 2002; baseline -0.003 -17"><span class='ocrx_word' id='word_1_353' title='bbox 2248 1948 2442 1998; x_wconf 58' lang='grc' dir='ltr'>τητοςς</span> <span class='ocrx_word' id='word_1_354' title='bbox 2491 1933 2598 2001; x_wconf 78' lang='grc' dir='ltr'>ἄρα</span> <span class='ocrx_word' id='word_1_355' title='bbox 2628 1933 2738 2001; x_wconf 78' lang='grc' dir='ltr'>γὰρ</span> <span class='ocrx_word' id='word_1_356' title='bbox 2767 1933 2946 2002; x_wconf 75' lang='grc' dir='ltr'>ἦρχθη</span> <span class='ocrx_word' id='word_1_357' title='bbox 2975 1932 3074 2002; x_wconf 78' lang='grc' dir='ltr'>μὲν</span> <span class='ocrx_word' id='word_1_358' title='bbox 3104 1935 3136 2001; x_wconf 84' lang='grc' dir='ltr'>ή</span> <span class='ocrx_word' id='word_1_359' title='bbox 3166 1932 3358 1993; x_wconf 71' lang='grc' dir='ltr'>ἓνωσις</span> <span class='ocrx_word' id='word_1_360' title='bbox 3390 1933 3453 1983; x_wconf 82' lang='grc' dir='ltr'>ὲκ</span> <span class='ocrx_word' id='word_1_361' title='bbox 3481 1930 3825 2000; x_wconf 73' lang='grc' dir='ltr'>συγχύσεως,</span> 
     </span>
    </p>
   </div>
   <div class='ocr_carea' id='block_1_56' title="bbox 2250 2022 3828 2092">
    <p class='ocr_par' dir='ltr' id='par_1_56' title="bbox 2250 2022 3828 2092">
     <span class='ocr_line' id='line_1_56' title="bbox 2250 2022 3828 2092; baseline -0.004 -14"><span class='ocrx_word' id='word_1_362' title='bbox 2250 2027 2343 2078; x_wconf 77' lang='grc' dir='ltr'><strong>καὶ</strong></span> <span class='ocrx_word' id='word_1_363' title='bbox 2394 2025 2670 2077; x_wconf 80' lang='grc' dir='ltr'>πέπαυται</span> <span class='ocrx_word' id='word_1_364' title='bbox 2713 2023 2769 2077; x_wconf 72' lang='grc' dir='ltr'>δὲ</span> <span class='ocrx_word' id='word_1_365' title='bbox 2821 2026 2854 2091; x_wconf 76' lang='grc' dir='ltr'>ἡ</span> <span class='ocrx_word' id='word_1_366' title='bbox 2901 2023 3184 2087; x_wconf 80' lang='grc' dir='ltr'>σύνθεσις,</span> <span class='ocrx_word' id='word_1_367' title='bbox 3236 2024 3330 2076; x_wconf 80' lang='grc' dir='ltr'>καὶ</span> <span class='ocrx_word' id='word_1_368' title='bbox 3364 2026 3444 2085; x_wconf 76' lang='grc' dir='ltr'>εἰς</span> <span class='ocrx_word' id='word_1_369' title='bbox 3479 2023 3607 2092; x_wconf 87' lang='grc' dir='ltr'>μίαν</span> <span class='ocrx_word' id='word_1_370' title='bbox 3633 2022 3828 2074; x_wconf 82' lang='grc' dir='ltr'>οὐσίαν</span> 
     </span>
    </p>
   </div>
   <div class='ocr_carea' id='block_1_57' title="bbox 2251 2112 3823 2185">
    <p class='ocr_par' dir='ltr' id='par_1_57' title="bbox 2251 2112 3823 2185">
     <span class='ocr_line' id='line_1_57' title="bbox 2251 2112 3823 2185; baseline -0.003 -19"><span class='ocrx_word' id='word_1_371' title='bbox 2251 2113 2653 2185; x_wconf 83' lang='grc' dir='ltr'>μετεχώρησεν,</span> <span class='ocrx_word' id='word_1_372' title='bbox 2694 2115 2799 2178; x_wconf 81' lang='grc' dir='ltr'>ἵνα,</span> <span class='ocrx_word' id='word_1_373' title='bbox 2822 2115 2898 2179; x_wconf 83' lang='grc' dir='ltr'>ὼς</span> <span class='ocrx_word' id='word_1_374' title='bbox 2923 2116 3124 2182; x_wconf 83' lang='grc' dir='ltr'>λέγεις,</span> <span class='ocrx_word' id='word_1_375' title='bbox 3156 2118 3187 2184; x_wconf 84' lang='grc' dir='ltr'>ἡ</span> <span class='ocrx_word' id='word_1_376' title='bbox 3220 2115 3348 2182; x_wconf 79' lang='grc' dir='ltr'>ἁγία</span> <span class='ocrx_word' id='word_1_377' title='bbox 3373 2113 3542 2184; x_wconf 72' lang='grc' dir='ltr'>Τριὰς</span> <span class='ocrx_word' id='word_1_378' title='bbox 3569 2112 3823 2182; x_wconf 78' lang='grc' dir='ltr'>φυλαχθῇ</span> 
     </span>
    </p>
   </div>
   <div class='ocr_carea' id='block_1_58' title="bbox 2248 2203 3822 2276">
    <p class='ocr_par' dir='ltr' id='par_1_58' title="bbox 2248 2203 3822 2276">
     <span class='ocr_line' id='line_1_58' title="bbox 2248 2203 3822 2276; baseline -0.001 -20"><span class='ocrx_word' id='word_1_379' title='bbox 2248 2204 2417 2270; x_wconf 86' lang='grc' dir='ltr'>Τριὰς</span> <span class='ocrx_word' id='word_1_380' title='bbox 2443 2243 2457 2266; x_wconf 86' lang='grc'><strong>,</strong></span> <span class='ocrx_word' id='word_1_381' title='bbox 2511 2205 2606 2258; x_wconf 80' lang='grc' dir='ltr'>κα¹ι</span> <span class='ocrx_word' id='word_1_382' title='bbox 2644 2204 2719 2275; x_wconf 81' lang='grc' dir='ltr'>μὴ</span> <span class='ocrx_word' id='word_1_383' title='bbox 2753 2207 3008 2273; x_wconf 85' lang='grc' dir='ltr'>περιττὸν</span> <span class='ocrx_word' id='word_1_384' title='bbox 3040 2205 3334 2275; x_wconf 86' lang='grc' dir='ltr'>πρόσωπον</span> <span class='ocrx_word' id='word_1_385' title='bbox 3367 2203 3755 2276; x_wconf 77' lang='grc' dir='ltr'>παραδέξεται.</span> <span class='ocrx_word' id='word_1_386' title='bbox 3801 2222 3822 2254; x_wconf 73' lang='grc' dir='ltr'><strong>ο</strong></span> 
     </span>
    </p>
   </div>
   <div class='ocr_carea' id='block_1_59' title="bbox 2247 2294 3827 2364">
    <p class='ocr_par' dir='ltr' id='par_1_59' title="bbox 2247 2294 3827 2364">
     <span class='ocr_line' id='line_1_59' title="bbox 2247 2294 3827 2364; baseline -0.004 -14"><span class='ocrx_word' id='word_1_387' title='bbox 2247 2295 2358 2350; x_wconf 80' lang='lat' dir='ltr'><strong>Kal</strong></span> <span class='ocrx_word' id='word_1_388' title='bbox 2396 2296 2585 2351; x_wconf 75' lang='grc' dir='ltr'>πάλιν</span> <span class='ocrx_word' id='word_1_389' title='bbox 2603 2314 2615 2325; x_wconf 94' lang='grc'><strong>·</strong></span> <span class='ocrx_word' id='word_1_390' title='bbox 2639 2315 2657 2348; x_wconf 77' lang='grc' dir='ltr'><strong>ι</strong></span> <span class='ocrx_word' id='word_1_391' title='bbox 2685 2297 2795 2348; x_wconf 82' lang='lat' dir='ltr'><strong>Kal</strong></span> <span class='ocrx_word' id='word_1_392' title='bbox 2811 2295 2897 2364; x_wconf 78' lang='grc' dir='ltr'>εἴη</span> <span class='ocrx_word' id='word_1_393' title='bbox 2929 2295 3086 2348; x_wconf 87' lang='grc' dir='ltr'>τοῦτο</span> <span class='ocrx_word' id='word_1_394' title='bbox 3118 2296 3254 2364; x_wconf 82' lang='grc' dir='ltr'>πρὸς</span> <span class='ocrx_word' id='word_1_395' title='bbox 3284 2295 3411 2364; x_wconf 87' lang='grc' dir='ltr'>μίαν</span> <span class='ocrx_word' id='word_1_396' title='bbox 3435 2294 3622 2346; x_wconf 88' lang='grc' dir='ltr'>οὐσίαν</span> <span class='ocrx_word' id='word_1_397' title='bbox 3644 2294 3827 2360; x_wconf 76' lang='grc' dir='ltr'>ἄγειν,</span> 
     </span>
    </p>
   </div>
   <div class='ocr_carea' id='block_1_60' title="bbox 2248 2386 3830 2459">
    <p class='ocr_par' dir='ltr' id='par_1_60' title="bbox 2248 2386 3830 2459">
     <span class='ocr_line' id='line_1_60' title="bbox 2248 2386 3830 2459; baseline -0.003 -19"><span class='ocrx_word' id='word_1_398' title='bbox 2248 2390 2316 2442; x_wconf 84' lang='grc' dir='ltr'>τὰ</span> <span class='ocrx_word' id='word_1_399' title='bbox 2347 2392 2412 2458; x_wconf 80' lang='grc' dir='ltr'>τῇ</span> <span class='ocrx_word' id='word_1_400' title='bbox 2447 2391 2649 2459; x_wconf 80' lang='grc' dir='ltr'>φυσικῇ</span> <span class='ocrx_word' id='word_1_401' title='bbox 2681 2389 2929 2457; x_wconf 77' lang='grc' dir='ltr'>ποιότητι</span> <span class='ocrx_word' id='word_1_402' title='bbox 2959 2387 3310 2456; x_wconf 80' lang='grc' dir='ltr'>διαφέροντα,</span> <span class='ocrx_word' id='word_1_403' title='bbox 3347 2386 3578 2454; x_wconf 87' lang='grc' dir='ltr'>θεότητα</span> <span class='ocrx_word' id='word_1_404' title='bbox 3609 2386 3699 2440; x_wconf 83' lang='grc' dir='ltr'><strong>καὶ</strong></span> <span class='ocrx_word' id='word_1_405' title='bbox 3726 2387 3830 2437; x_wconf 82' lang='grc' dir='ltr'>άν-</span> 
     </span>
    </p>
   </div>
   <div class='ocr_carea' id='block_1_61' title="bbox 2249 2472 3831 2552">
    <p class='ocr_par' dir='ltr' id='par_1_61' title="bbox 2249 2472 3831 2552">
     <span class='ocr_line' id='line_1_61' title="bbox 2249 2472 3831 2552; baseline -0.001 -20"><span class='ocrx_word' id='word_1_406' title='bbox 2249 2481 2577 2552; x_wconf 88' lang='grc' dir='ltr'>θρωπότητα</span> <span class='ocrx_word' id='word_1_407' title='bbox 2596 2519 2612 2545; x_wconf 89' lang='grc'><strong>,</strong></span> <span class='ocrx_word' id='word_1_408' title='bbox 2650 2479 2710 2544; x_wconf 75' lang='grc' dir='ltr'><strong>ἐξ</strong></span> <span class='ocrx_word' id='word_1_409' title='bbox 2736 2472 2811 2534; x_wconf 82' lang='grc' dir='ltr'>ὧν</span> <span class='ocrx_word' id='word_1_410' title='bbox 2841 2479 3164 2550; x_wconf 78' lang='grc' dir='ltr'>ἀσυγχύτως</span> <span class='ocrx_word' id='word_1_411' title='bbox 3201 2480 3295 2532; x_wconf 74' lang='grc' dir='ltr'><strong>καὶ</strong></span> <span class='ocrx_word' id='word_1_412' title='bbox 3327 2477 3615 2541; x_wconf 61' lang='lat' dir='ltr'><strong>anetum;</strong></span> <span class='ocrx_word' id='word_1_413' title='bbox 3645 2477 3831 2546; x_wconf 85' lang='grc' dir='ltr'>ὐπάρ-</span> 
     </span>
    </p>
   </div>
   <div class='ocr_carea' id='block_1_62' title="bbox 2249 2574 2659 2643">
    <p class='ocr_par' dir='ltr' id='par_1_62' title="bbox 2249 2574 2659 2643">
     <span class='ocr_line' id='line_1_62' title="bbox 2249 2574 2659 2643; baseline 0.002 -20"><span class='ocrx_word' id='word_1_414' title='bbox 2249 2591 2331 2642; x_wconf 88' lang='grc' dir='ltr'>χει</span> <span class='ocrx_word' id='word_1_415' title='bbox 2357 2574 2611 2643; x_wconf 86' lang='grc' dir='ltr'>Χριστός.</span> <span class='ocrx_word' id='word_1_416' title='bbox 2642 2591 2659 2623; x_wconf 74' lang='grc' dir='ltr'><strong>ι</strong></span> 
     </span>
    </p>
   </div>
   <div class='ocr_carea' id='block_1_63' title="bbox 2254 2681 3834 2755">
    <p class='ocr_par' dir='ltr' id='par_1_63' title="bbox 2254 2681 3834 2755">
     <span class='ocr_line' id='line_1_63' title="bbox 2254 2681 3834 2755; baseline -0.003 -14"><span class='ocrx_word' id='word_1_417' title='bbox 2254 2688 2363 2741; x_wconf 87' lang='grc' dir='ltr'><strong>Τοῦ</strong></span> <span class='ocrx_word' id='word_1_418' title='bbox 2392 2687 2579 2741; x_wconf 85' lang='grc' dir='ltr'>αὐτοῦ</span> <span class='ocrx_word' id='word_1_419' title='bbox 2607 2687 2903 2755; x_wconf 81' lang='grc' dir='ltr'>αίρετικοῦ</span> <span class='ocrx_word' id='word_1_420' title='bbox 2935 2688 3000 2740; x_wconf 69' lang='grc' dir='ltr'>ἐκ</span> <span class='ocrx_word' id='word_1_421' title='bbox 3026 2688 3136 2752; x_wconf 84' lang='grc' dir='ltr'>τῆς</span> <span class='ocrx_word' id='word_1_422' title='bbox 3163 2685 3451 2755; x_wconf 15' lang='grc' dir='ltr'>πρὸςκτὸν</span> <span class='ocrx_word' id='word_1_423' title='bbox 3474 2681 3662 2742; x_wconf 81' lang='grc' dir='ltr'>αὑτὸν</span> <span class='ocrx_word' id='word_1_424' title='bbox 3684 2684 3834 2750; x_wconf 78' lang='grc' dir='ltr'><strong>Σέρ⁹</strong></span> 
     </span>
    </p>
   </div>
   <div class='ocr_carea' id='block_1_64' title="bbox 2663 2753 3404 2825">
    <p class='ocr_par' dir='ltr' id='par_1_64' title="bbox 2663 2753 3404 2825">
     <span class='ocr_line' id='line_1_64' title="bbox 2663 2753 3404 2825; baseline 0 -16"><span class='ocrx_word' id='word_1_425' title='bbox 2663 2753 2797 2825; x_wconf 66' lang='grc' dir='ltr'>ἶγιον</span> <span class='ocrx_word' id='word_1_426' title='bbox 2827 2759 3030 2824; x_wconf 80' lang='grc' dir='ltr'><strong>τρίτης</strong></span> <span class='ocrx_word' id='word_1_427' title='bbox 3056 2753 3404 2820; x_wconf 79' lang='grc' dir='ltr'>ἐπιστολῆς.</span> 
     </span>
    </p>
   </div>
   <div class='ocr_carea' id='block_1_65' title="bbox 2327 2844 3831 2917">
    <p class='ocr_par' dir='ltr' id='par_1_65' title="bbox 2327 2844 3831 2917">
     <span class='ocr_line' id='line_1_65' title="bbox 2327 2844 3831 2917; baseline -0.005 -17"><span class='ocrx_word' id='word_1_428' title='bbox 2327 2868 2344 2900; x_wconf 78' lang='grc' dir='ltr'><strong>ι</strong></span> <span class='ocrx_word' id='word_1_429' title='bbox 2373 2848 2510 2901; x_wconf 84' lang='grc' dir='ltr'>Ἴσθι</span> <span class='ocrx_word' id='word_1_430' title='bbox 2547 2846 2639 2900; x_wconf 81' lang='grc' dir='ltr'><strong>οὖν</strong></span> <span class='ocrx_word' id='word_1_431' title='bbox 2693 2846 2768 2917; x_wconf 79' lang='grc' dir='ltr'>μὴ</span> <span class='ocrx_word' id='word_1_432' title='bbox 2809 2846 2979 2909; x_wconf 81' lang='grc' dir='ltr'>οὕτως</span> <span class='ocrx_word' id='word_1_433' title='bbox 3020 2847 3164 2915; x_wconf 81' lang='grc' dir='ltr'>ἐχειν</span> <span class='ocrx_word' id='word_1_434' title='bbox 3194 2845 3256 2897; x_wconf 78' lang='grc' dir='ltr'><strong>τὸ</strong></span> <span class='ocrx_word' id='word_1_435' title='bbox 3283 2844 3498 2913; x_wconf 73' lang='grc' dir='ltr'>ἀληθὲς,</span> <span class='ocrx_word' id='word_1_436' title='bbox 3530 2844 3625 2897; x_wconf 75' lang='grc' dir='ltr'>καὶ</span> <span class='ocrx_word' id='word_1_437' title='bbox 3656 2859 3831 2914; x_wconf 78' lang='grc' dir='ltr'>προσ-</span> 
     </span>
    </p>
   </div>
   <div class='ocr_carea' id='block_1_66' title="bbox 2250 2931 3834 3005">
    <p class='ocr_par' dir='ltr' id='par_1_66' title="bbox 2250 2931 3834 3005">
     <span class='ocr_line' id='line_1_66' title="bbox 2250 2931 3834 3005; baseline -0.005 -14"><span class='ocrx_word' id='word_1_438' title='bbox 2250 2934 2637 3005; x_wconf 83' lang='grc' dir='ltr'>αποφήσαντός</span> <span class='ocrx_word' id='word_1_439' title='bbox 2698 2951 2800 3004; x_wconf 87' lang='grc' dir='ltr'><strong>μου</strong></span> <span class='ocrx_word' id='word_1_440' title='bbox 2876 2934 2972 2987; x_wconf 74' lang='grc' dir='ltr'><strong>καὶ</strong></span> <span class='ocrx_word' id='word_1_441' title='bbox 3035 2933 3122 2986; x_wconf 83' lang='grc' dir='ltr'>διὰ</span> <span class='ocrx_word' id='word_1_442' title='bbox 3186 2933 3451 2985; x_wconf 85' lang='grc' dir='ltr'>πλειόνων</span> <span class='ocrx_word' id='word_1_443' title='bbox 3507 2931 3834 3003; x_wconf 75' lang='grc' dir='ltr'>μαρτυριῶν</span> 
     </span>
    </p>
   </div>
   <div class='ocr_carea' id='block_1_67' title="bbox 2249 3012 3836 3094">
    <p class='ocr_par' dir='ltr' id='par_1_67' title="bbox 2249 3012 3836 3094">
     <span class='ocr_line' id='line_1_67' title="bbox 2249 3012 3836 3094; baseline -0.002 -17"><span class='ocrx_word' id='word_1_444' title='bbox 2249 3025 2665 3088; x_wconf 80' lang='grc' dir='ltr'>ἀποδείξαντος,</span> <span class='ocrx_word' id='word_1_445' title='bbox 2727 3025 2803 3087; x_wconf 85' lang='grc' dir='ltr'><strong>ὡς</strong></span> <span class='ocrx_word' id='word_1_446' title='bbox 2855 3025 2916 3076; x_wconf 89' lang='grc' dir='ltr'><strong>οὐ</strong></span> <span class='ocrx_word' id='word_1_447' title='bbox 2961 3025 3066 3094; x_wconf 81' lang='grc' dir='ltr'><strong>χρὴ</strong></span> <span class='ocrx_word' id='word_1_448' title='bbox 3113 3023 3296 3091; x_wconf 81' lang='grc' dir='ltr'>λέγειν</span> <span class='ocrx_word' id='word_1_449' title='bbox 3343 3023 3434 3076; x_wconf 83' lang='grc' dir='ltr'><strong>τὸν</strong></span> <span class='ocrx_word' id='word_1_450' title='bbox 3476 3012 3836 3094; x_wconf 72' lang='grc' dir='ltr'>Ἐμμανουήλ</span> 
     </span>
    </p>
   </div>
   <div class='ocr_carea' id='block_1_68' title="bbox 2254 3110 3828 3186">
    <p class='ocr_par' dir='ltr' id='par_1_68' title="bbox 2254 3110 3828 3186">
     <span class='ocr_line' id='line_1_68' title="bbox 2254 3110 3828 3186; baseline -0.004 -18"><span class='ocrx_word' id='word_1_451' title='bbox 2254 3118 2384 3186; x_wconf 78' lang='grc' dir='ltr'>μιᾶς</span> <span class='ocrx_word' id='word_1_452' title='bbox 2411 3115 2600 3176; x_wconf 78' lang='grc' dir='ltr'>οὐσίας</span> <span class='ocrx_word' id='word_1_453' title='bbox 2630 3131 2691 3166; x_wconf 88' lang='grc' dir='ltr'><strong>τε</strong></span> <span class='ocrx_word' id='word_1_454' title='bbox 2737 3115 2831 3166; x_wconf 74' lang='grc' dir='ltr'>καὶ</span> <span class='ocrx_word' id='word_1_455' title='bbox 2866 3115 3157 3183; x_wconf 85' lang='grc' dir='ltr'>ποιότητος</span> <span class='ocrx_word' id='word_1_456' title='bbox 3187 3113 3284 3166; x_wconf 77' lang='grc' dir='ltr'>καὶ</span> <span class='ocrx_word' id='word_1_457' title='bbox 3313 3111 3431 3174; x_wconf 78' lang='grc' dir='ltr'>ἑνὸς</span> <span class='ocrx_word' id='word_1_458' title='bbox 3463 3110 3774 3181; x_wconf 78' lang='grc' dir='ltr'>ἰδιώματος.</span> <span class='ocrx_word' id='word_1_459' title='bbox 3808 3131 3828 3162; x_wconf 74' lang='grc' dir='ltr'><strong>ι</strong></span> 
     </span>
    </p>
   </div>
   <div class='ocr_carea' id='block_1_69' title="bbox 2255 3202 3837 3272">
    <p class='ocr_par' dir='ltr' id='par_1_69' title="bbox 2255 3202 3837 3272">
     <span class='ocr_line' id='line_1_69' title="bbox 2255 3202 3837 3272; baseline -0.005 -11"><span class='ocrx_word' id='word_1_460' title='bbox 2255 3207 2364 3261; x_wconf 83' lang='lat' dir='ltr'><strong>Kal</strong></span> <span class='ocrx_word' id='word_1_461' title='bbox 2399 3206 2585 3259; x_wconf 74' lang='grc' dir='ltr'>πάλιν</span> <span class='ocrx_word' id='word_1_462' title='bbox 2605 3222 2618 3237; x_wconf 89' lang='grc'><strong>·</strong></span> <span class='ocrx_word' id='word_1_463' title='bbox 2688 3223 2706 3255; x_wconf 78' lang='grc' dir='ltr'><strong>ι</strong></span> <span class='ocrx_word' id='word_1_464' title='bbox 2751 3205 2864 3257; x_wconf 91' lang='grc' dir='ltr'>Οὐκ</span> <span class='ocrx_word' id='word_1_465' title='bbox 2898 3203 2963 3258; x_wconf 80' lang='grc' dir='ltr'>ἄν</span> <span class='ocrx_word' id='word_1_466' title='bbox 2993 3221 3076 3268; x_wconf 85' lang='grc' dir='ltr'><strong>τις</strong></span> <span class='ocrx_word' id='word_1_467' title='bbox 3110 3202 3233 3256; x_wconf 90' lang='grc' dir='ltr'>νοῦν</span> <span class='ocrx_word' id='word_1_468' title='bbox 3263 3203 3403 3272; x_wconf 76' lang='grc' dir='ltr'>ἔχων</span> <span class='ocrx_word' id='word_1_469' title='bbox 3433 3203 3579 3254; x_wconf 76' lang='grc' dir='ltr'>εἴποι</span> <span class='ocrx_word' id='word_1_470' title='bbox 3609 3203 3708 3270; x_wconf 77' lang='grc' dir='ltr'>τὴν</span> <span class='ocrx_word' id='word_1_471' title='bbox 3736 3202 3837 3254; x_wconf 87' lang='grc' dir='ltr'><strong>τοῦ</strong></span> 
     </span>
    </p>
   </div>
   <div class='ocr_carea' id='block_1_70' title="bbox 2255 3293 3834 3366">
    <p class='ocr_par' dir='ltr' id='par_1_70' title="bbox 2255 3293 3834 3366">
     <span class='ocr_line' id='line_1_70' title="bbox 2255 3293 3834 3366; baseline -0.004 -15"><span class='ocrx_word' id='word_1_472' title='bbox 2255 3299 2391 3352; x_wconf 85' lang='grc' dir='ltr'>Θεοῦ</span> <span class='ocrx_word' id='word_1_473' title='bbox 2437 3299 2653 3365; x_wconf 86' lang='grc' dir='ltr'>Λόγου,</span> <span class='ocrx_word' id='word_1_474' title='bbox 2710 3297 2805 3349; x_wconf 71' lang='grc' dir='ltr'>καὶ</span> <span class='ocrx_word' id='word_1_475' title='bbox 2852 3297 2950 3366; x_wconf 82' lang='grc' dir='ltr'><strong>τὴν</strong></span> <span class='ocrx_word' id='word_1_476' title='bbox 2991 3295 3234 3365; x_wconf 73' lang='grc' dir='ltr'>ἔμψυχον</span> <span class='ocrx_word' id='word_1_477' title='bbox 3282 3295 3377 3346; x_wconf 79' lang='grc' dir='ltr'>καὶ</span> <span class='ocrx_word' id='word_1_478' title='bbox 3415 3294 3596 3346; x_wconf 83' lang='grc' dir='ltr'>ἔννουν</span> <span class='ocrx_word' id='word_1_479' title='bbox 3627 3293 3834 3363; x_wconf 83' lang='grc' dir='ltr'>σάρκα,</span> 
     </span>
    </p>
   </div>
   <div class='ocr_carea' id='block_1_71' title="bbox 2256 3383 3840 3458">
    <p class='ocr_par' dir='ltr' id='par_1_71' title="bbox 2256 3383 3840 3458">
     <span class='ocr_line' id='line_1_71' title="bbox 2256 3383 3840 3458; baseline -0.003 -16"><span class='ocrx_word' id='word_1_480' title='bbox 2256 3389 2354 3458; x_wconf 81' lang='grc' dir='ltr'>τὴν</span> <span class='ocrx_word' id='word_1_481' title='bbox 2402 3388 2698 3441; x_wconf 84' lang='grc' dir='ltr'>ὲνωθεῖσαν</span> <span class='ocrx_word' id='word_1_482' title='bbox 2747 3386 2898 3455; x_wconf 80' lang='grc' dir='ltr'>αὐτῷ</span> <span class='ocrx_word' id='word_1_483' title='bbox 2945 3386 3065 3439; x_wconf 84' lang='grc' dir='ltr'>καθ’</span> <span class='ocrx_word' id='word_1_484' title='bbox 3115 3385 3448 3449; x_wconf 77' lang='grc' dir='ltr'>ὑπόστασιν,</span> <span class='ocrx_word' id='word_1_485' title='bbox 3504 3383 3840 3454; x_wconf 81' lang='grc' dir='ltr'>γεγενῆσθαι</span> 
     </span>
    </p>
   </div>
   <div class='ocr_carea' id='block_1_72' title="bbox 2261 3477 3118 3549">
    <p class='ocr_par' dir='ltr' id='par_1_72' title="bbox 2261 3477 3118 3549">
     <span class='ocr_line' id='line_1_72' title="bbox 2261 3477 3118 3549; baseline -0.006 -15"><span class='ocrx_word' id='word_1_486' title='bbox 2261 3481 2388 3549; x_wconf 74' lang='grc' dir='ltr'>μιᾶς</span> <span class='ocrx_word' id='word_1_487' title='bbox 2417 3479 2607 3542; x_wconf 83' lang='grc' dir='ltr'>οὐσίας</span> <span class='ocrx_word' id='word_1_488' title='bbox 2639 3478 2733 3531; x_wconf 71' lang='grc' dir='ltr'>καὶ</span> <span class='ocrx_word' id='word_1_489' title='bbox 2763 3477 3072 3549; x_wconf 85' lang='grc' dir='ltr'>ποιότητος.</span> <span class='ocrx_word' id='word_1_490' title='bbox 3100 3495 3118 3529; x_wconf 71' lang='grc' dir='ltr'><strong>ι</strong></span> 
     </span>
    </p>
   </div>
   <div class='ocr_carea' id='block_1_73' title="bbox 2318 3584 3780 3660">
    <p class='ocr_par' dir='ltr' id='par_1_73' title="bbox 2318 3584 3780 3660">
     <span class='ocr_line' id='line_1_73' title="bbox 2318 3584 3780 3660; baseline -0.002 -18"><span class='ocrx_word' id='word_1_491' title='bbox 2318 3588 2427 3642; x_wconf 85' lang='grc' dir='ltr'><strong>Τοῦ</strong></span> <span class='ocrx_word' id='word_1_492' title='bbox 2451 3587 2637 3642; x_wconf 81' lang='grc' dir='ltr'>αὑτοῦ</span> <span class='ocrx_word' id='word_1_493' title='bbox 2667 3587 2736 3640; x_wconf 78' lang='grc' dir='ltr'>ἐκ</span> <span class='ocrx_word' id='word_1_494' title='bbox 2763 3587 2872 3654; x_wconf 78' lang='grc' dir='ltr'>τῆς</span> <span class='ocrx_word' id='word_1_495' title='bbox 2901 3587 3052 3655; x_wconf 85' lang='grc' dir='ltr'>πρὸς</span> <span class='ocrx_word' id='word_1_496' title='bbox 3078 3587 3186 3639; x_wconf 78' lang='grc' dir='ltr'><strong>τὸν</strong></span> <span class='ocrx_word' id='word_1_497' title='bbox 3209 3588 3397 3660; x_wconf 48' lang='lat' dir='ltr'><strong>apter</strong></span> <span class='ocrx_word' id='word_1_498' title='bbox 3420 3584 3780 3652; x_wconf 72' lang='grc' dir='ltr'>ἐπιστολῆς.</span> 
     </span>
    </p>
   </div>
   <div class='ocr_carea' id='block_1_74' title="bbox 2338 3697 3845 3768">
    <p class='ocr_par' dir='ltr' id='par_1_74' title="bbox 2338 3697 3845 3768">
     <span class='ocr_line' id='line_1_74' title="bbox 2338 3697 3845 3768; baseline 0.001 -18"><span class='ocrx_word' id='word_1_499' title='bbox 2338 3719 2354 3750; x_wconf 78' lang='grc' dir='ltr'><strong>ι</strong></span> <span class='ocrx_word' id='word_1_500' title='bbox 2399 3697 2917 3768; x_wconf 75' lang='grc' dir='ltr'>Ἀναθεματίζοντες</span> <span class='ocrx_word' id='word_1_501' title='bbox 2958 3699 3141 3751; x_wconf 89' lang='grc' dir='ltr'>τοίνυν</span> <span class='ocrx_word' id='word_1_502' title='bbox 3187 3698 3315 3761; x_wconf 81' lang='grc' dir='ltr'>τοὺς</span> <span class='ocrx_word' id='word_1_503' title='bbox 3356 3697 3703 3767; x_wconf 81' lang='grc' dir='ltr'>διαιροῦντας</span> <span class='ocrx_word' id='word_1_504' title='bbox 3745 3697 3845 3751; x_wconf 76' lang='grc' dir='ltr'><strong>τὸν</strong></span> 
     </span>
    </p>
   </div>
   <div class='ocr_carea' id='block_1_75' title="bbox 2259 3791 3842 3864">
    <p class='ocr_par' dir='ltr' id='par_1_75' title="bbox 2259 3791 3842 3864">
     <span class='ocr_line' id='line_1_75' title="bbox 2259 3791 3842 3864; baseline -0.001 -19"><span class='ocrx_word' id='word_1_505' title='bbox 2259 3794 2354 3846; x_wconf 73' lang='grc' dir='ltr'><strong>ἕνα</strong></span> <span class='ocrx_word' id='word_1_506' title='bbox 2383 3793 2620 3864; x_wconf 83' lang='grc' dir='ltr'>Χριστὸν</span> <span class='ocrx_word' id='word_1_507' title='bbox 2658 3792 2799 3863; x_wconf 79' lang='grc' dir='ltr'>μετὰ</span> <span class='ocrx_word' id='word_1_508' title='bbox 2825 3794 2924 3861; x_wconf 85' lang='grc' dir='ltr'>τὴν</span> <span class='ocrx_word' id='word_1_509' title='bbox 2951 3793 3146 3846; x_wconf 76' lang='grc' dir='ltr'>ἕνωσιν</span> <span class='ocrx_word' id='word_1_510' title='bbox 3176 3796 3242 3862; x_wconf 85' lang='grc' dir='ltr'>τῇ</span> <span class='ocrx_word' id='word_1_511' title='bbox 3270 3792 3423 3845; x_wconf 84' lang='grc' dir='ltr'>δυάδι</span> <span class='ocrx_word' id='word_1_512' title='bbox 3455 3792 3564 3846; x_wconf 85' lang='grc' dir='ltr'>τῶν</span> <span class='ocrx_word' id='word_1_513' title='bbox 3596 3791 3842 3859; x_wconf 81' lang='grc' dir='ltr'>φύσεων,</span> 
     </span>
    </p>
   </div>
   <div class='ocr_carea' id='block_1_76' title="bbox 2261 3883 3845 3954">
    <p class='ocr_par' dir='ltr' id='par_1_76' title="bbox 2261 3883 3845 3954">
     <span class='ocr_line' id='line_1_76' title="bbox 2261 3883 3845 3954; baseline -0.001 -18"><span class='ocrx_word' id='word_1_514' title='bbox 2261 3886 2322 3937; x_wconf 84' lang='grc' dir='ltr'><strong>οὐ</strong></span> <span class='ocrx_word' id='word_1_515' title='bbox 2354 3885 2422 3937; x_wconf 84' lang='grc' dir='ltr'>δι’</span> <span class='ocrx_word' id='word_1_516' title='bbox 2445 3883 2576 3938; x_wconf 82' lang='grc' dir='ltr'>αὐτὸ</span> <span class='ocrx_word' id='word_1_517' title='bbox 2606 3884 2666 3936; x_wconf 85' lang='grc' dir='ltr'><strong>τὸ</strong></span> <span class='ocrx_word' id='word_1_518' title='bbox 2697 3884 2876 3951; x_wconf 82' lang='grc' dir='ltr'>λέγειν</span> <span class='ocrx_word' id='word_1_519' title='bbox 2903 3884 3094 3952; x_wconf 79' lang='grc' dir='ltr'>φύσεις</span> <span class='ocrx_word' id='word_1_520' title='bbox 3125 3884 3156 3954; x_wconf 80' lang='grc' dir='ltr'>ἢ</span> <span class='ocrx_word' id='word_1_521' title='bbox 3196 3884 3465 3954; x_wconf 74' lang='grc' dir='ltr'>ἰδιότητας</span> <span class='ocrx_word' id='word_1_522' title='bbox 3494 3884 3526 3953; x_wconf 82' lang='grc' dir='ltr'><strong>ἢ</strong></span> <span class='ocrx_word' id='word_1_523' title='bbox 3556 3883 3845 3952; x_wconf 74' lang='grc' dir='ltr'>ἐνεργείας</span> 
     </span>
    </p>
   </div>
   <div class='ocr_carea' id='block_1_77' title="bbox 582 3971 2154 4045">
    <p class='ocr_par' dir='ltr' id='par_1_77' title="bbox 582 3973 2154 4045">
     <span class='ocr_line' id='line_1_77' title="bbox 582 3973 2154 4045; baseline -0.001 -16"><span class='ocrx_word' id='word_1_524' title='bbox 582 3973 776 4045; x_wconf 80' lang='lat' dir='ltr'><strong>dignos</strong></span> <span class='ocrx_word' id='word_1_525' title='bbox 796 3988 891 4029; x_wconf 91' lang='lat' dir='ltr'><strong>eos</strong></span> <span class='ocrx_word' id='word_1_526' title='bbox 921 3988 1230 4038; x_wconf 88' lang='lat' dir='ltr'><strong>censemus,</strong></span> <span class='ocrx_word' id='word_1_527' title='bbox 1253 3989 1361 4027; x_wconf 93' lang='lat' dir='ltr'><strong>non</strong></span> <span class='ocrx_word' id='word_1_528' title='bbox 1386 3973 1533 4042; x_wconf 91' lang='lat' dir='ltr'><strong>quod</strong></span> <span class='ocrx_word' id='word_1_529' title='bbox 1569 3974 1758 4042; x_wconf 90' lang='lat' dir='ltr'><strong>plures</strong></span> <span class='ocrx_word' id='word_1_530' title='bbox 1785 3981 2031 4035; x_wconf 86' lang='lat' dir='ltr'><strong>naturas,</strong></span> <span class='ocrx_word' id='word_1_531' title='bbox 2061 3982 2154 4027; x_wconf 89' lang='lat' dir='ltr'><strong>aut</strong></span> 
     </span>
    </p>
   </div>
   <div class='ocr_carea' id='block_1_78' title="bbox 2255 3971 3847 4045">
    <p class='ocr_par' dir='ltr' id='par_1_78' title="bbox 2263 3971 3847 4044">
     <span class='ocr_line' id='line_1_78' title="bbox 2263 3971 3847 4044; baseline -0.004 -15"><span class='ocrx_word' id='word_1_532' title='bbox 2263 3974 2874 4044; x_wconf 80' lang='grc' dir='ltr'>ὐπαναθεματισθέντες</span> <span class='ocrx_word' id='word_1_533' title='bbox 2912 3975 3072 4026; x_wconf 87' lang='grc' dir='ltr'>τοῦτό</span> <span class='ocrx_word' id='word_1_534' title='bbox 3108 3991 3287 4042; x_wconf 86' lang='grc' dir='ltr'>φαμεν</span> <span class='ocrx_word' id='word_1_535' title='bbox 3309 4014 3323 4038; x_wconf 94' lang='grc'><strong>,</strong></span> <span class='ocrx_word' id='word_1_536' title='bbox 3378 3974 3514 4027; x_wconf 76' lang='grc' dir='ltr'>ἀλλὰ</span> <span class='ocrx_word' id='word_1_537' title='bbox 3549 3971 3640 4025; x_wconf 80' lang='grc' dir='ltr'>διὰ</span> <span class='ocrx_word' id='word_1_538' title='bbox 3663 3974 3724 4024; x_wconf 83' lang='grc' dir='ltr'>τὸ</span> <span class='ocrx_word' id='word_1_539' title='bbox 3747 3972 3847 4023; x_wconf 83' lang='grc' dir='ltr'><strong>λέ-</strong></span> 
     </span>
    </p>
   </div>
   <div class='ocr_carea' id='block_1_79' title="bbox 583 4059 2154 4135">
    <p class='ocr_par' dir='ltr' id='par_1_79' title="bbox 583 4061 2154 4133">
     <span class='ocr_line' id='line_1_79' title="bbox 583 4061 2154 4133; baseline 0 -17"><span class='ocrx_word' id='word_1_540' title='bbox 583 4063 975 4133; x_wconf 89' lang='lat' dir='ltr'><strong>proprietates,</strong></span> <span class='ocrx_word' id='word_1_541' title='bbox 1001 4071 1096 4117; x_wconf 84' lang='lat' dir='ltr'><strong>aut</strong></span> <span class='ocrx_word' id='word_1_542' title='bbox 1122 4062 1478 4131; x_wconf 87' lang='lat' dir='ltr'><strong>operationes</strong></span> <span class='ocrx_word' id='word_1_543' title='bbox 1498 4062 1707 4126; x_wconf 85' lang='lat' dir='ltr'><strong>dicant,</strong></span> <span class='ocrx_word' id='word_1_544' title='bbox 1729 4063 1826 4117; x_wconf 88' lang='lat' dir='ltr'><strong>sed</strong></span> <span class='ocrx_word' id='word_1_545' title='bbox 1861 4061 1986 4132; x_wconf 84' lang='lat' dir='ltr'><strong>quia</strong></span> <span class='ocrx_word' id='word_1_546' title='bbox 2018 4062 2154 4116; x_wconf 85' lang='lat' dir='ltr'><strong>duas</strong></span> 
     </span>
    </p>
   </div>
   <div class='ocr_carea' id='block_1_80' title="bbox 2255 4059 3848 4135">
    <p class='ocr_par' dir='ltr' id='par_1_80' title="bbox 2262 4059 3848 4135">
     <span class='ocr_line' id='line_1_80' title="bbox 2262 4059 3848 4135; baseline -0.003 -15"><span class='ocrx_word' id='word_1_547' title='bbox 2262 4086 2379 4135; x_wconf 84' lang='grc' dir='ltr'>γειν</span> <span class='ocrx_word' id='word_1_548' title='bbox 2403 4066 2550 4120; x_wconf 74' lang='grc' dir='ltr'>δύο.»</span> <span class='ocrx_word' id='word_1_549' title='bbox 2573 4059 2713 4118; x_wconf 80' lang='grc' dir='ltr'>Ἀλλ’</span> <span class='ocrx_word' id='word_1_550' title='bbox 2735 4068 2783 4118; x_wconf 87' lang='grc' dir='ltr'><strong>εί</strong></span> <span class='ocrx_word' id='word_1_551' title='bbox 2802 4067 2948 4134; x_wconf 73' lang='grc' dir='ltr'>μίαν</span> <span class='ocrx_word' id='word_1_552' title='bbox 2970 4061 3112 4117; x_wconf 70' lang='grc' dir='ltr'>εἶναι</span> <span class='ocrx_word' id='word_1_553' title='bbox 3138 4065 3236 4128; x_wconf 84' lang='grc' dir='ltr'>τὰς</span> <span class='ocrx_word' id='word_1_554' title='bbox 3261 4066 3477 4133; x_wconf 71' lang='grc' dir='ltr'>φύσεις</span> <span class='ocrx_word' id='word_1_555' title='bbox 3501 4063 3609 4116; x_wconf 81' lang='grc' dir='ltr'>οὐδ’</span> <span class='ocrx_word' id='word_1_556' title='bbox 3626 4063 3848 4132; x_wconf 66' lang='grc' dir='ltr'>ἀγράμο</span> 
     </span>
    </p>
   </div>
   <div class='ocr_carea' id='block_1_81' title="bbox 582 4150 2154 4231">
    <p class='ocr_par' dir='ltr' id='par_1_81' title="bbox 582 4155 1105 4224">
     <span class='ocr_line' id='line_1_81' title="bbox 582 4155 1105 4224; baseline -0.004 -15"><span class='ocrx_word' id='word_1_557' title='bbox 582 4170 702 4210; x_wconf 88' lang='lat' dir='ltr'><strong>esse</strong></span> <span class='ocrx_word' id='word_1_558' title='bbox 733 4155 1047 4224; x_wconf 67' lang='lat' dir='ltr'><strong>praedicant.</strong></span> <span class='ocrx_word' id='word_1_559' title='bbox 1087 4175 1105 4206; x_wconf 71' lang='grc' dir='ltr'><strong>ι</strong></span> 
     </span>
    </p>
   </div>
   <div class='ocr_carea' id='block_1_82' title="bbox 2255 4150 3846 4231">
    <p class='ocr_par' dir='ltr' id='par_1_82' title="bbox 2266 4150 3846 4231">
     <span class='ocr_line' id='line_1_82' title="bbox 2266 4150 3846 4231; baseline -0.002 -21"><span class='ocrx_word' id='word_1_560' title='bbox 2266 4161 2435 4231; x_wconf 82' lang='grc' dir='ltr'>ματός</span> <span class='ocrx_word' id='word_1_561' title='bbox 2483 4175 2568 4220; x_wconf 88' lang='grc' dir='ltr'><strong>τις</strong></span> <span class='ocrx_word' id='word_1_562' title='bbox 2602 4157 2755 4227; x_wconf 84' lang='grc' dir='ltr'>ὲρεῖ,</span> <span class='ocrx_word' id='word_1_563' title='bbox 2808 4157 2900 4208; x_wconf 85' lang='grc' dir='ltr'>δύο</span> <span class='ocrx_word' id='word_1_564' title='bbox 2927 4157 2983 4208; x_wconf 83' lang='grc' dir='ltr'>δὲ</span> <span class='ocrx_word' id='word_1_565' title='bbox 3036 4156 3165 4218; x_wconf 81' lang='grc' dir='ltr'>τοὺς</span> <span class='ocrx_word' id='word_1_566' title='bbox 3207 4155 3466 4222; x_wconf 82' lang='grc' dir='ltr'>λέγοντας</span> <span class='ocrx_word' id='word_1_567' title='bbox 3503 4155 3672 4216; x_wconf 82' lang='grc' dir='ltr'>αὐτὰς</span> <span class='ocrx_word' id='word_1_568' title='bbox 3703 4150 3846 4207; x_wconf 81' lang='grc' dir='ltr'>εἶναι</span> 
     </span>
    </p>
   </div>
   <div class='ocr_carea' id='block_1_83' title="bbox 657 4246 2154 4326">
    <p class='ocr_par' dir='ltr' id='par_1_83' title="bbox 657 4246 2154 4314">
     <span class='ocr_line' id='line_1_83' title="bbox 657 4246 2154 4314; baseline -0.003 -11"><span class='ocrx_word' id='word_1_569' title='bbox 657 4250 728 4303; x_wconf 86' lang='lat' dir='ltr'><strong>At</strong></span> <span class='ocrx_word' id='word_1_570' title='bbox 753 4249 799 4301; x_wconf 84' lang='lat' dir='ltr'><strong>si</strong></span> <span class='ocrx_word' id='word_1_571' title='bbox 832 4259 1078 4310; x_wconf 76' lang='lat' dir='ltr'><strong>naturas,</strong></span> <span class='ocrx_word' id='word_1_572' title='bbox 1098 4263 1266 4301; x_wconf 82' lang='lat' dir='ltr'><strong>unam</strong></span> <span class='ocrx_word' id='word_1_573' title='bbox 1294 4261 1474 4313; x_wconf 90' lang='lat' dir='ltr'><strong>nemo,</strong></span> <span class='ocrx_word' id='word_1_574' title='bbox 1499 4261 1568 4300; x_wconf 89' lang='lat' dir='ltr'><strong>ne</strong></span> <span class='ocrx_word' id='word_1_575' title='bbox 1595 4246 1904 4301; x_wconf 89' lang='lat' dir='ltr'><strong>litterarum</strong></span> <span class='ocrx_word' id='word_1_576' title='bbox 1931 4246 2154 4314; x_wconf 90' lang='lat' dir='ltr'><strong>quidem</strong></span> 
     </span>
    </p>
   </div>
   <div class='ocr_carea' id='block_1_84' title="bbox 2255 4246 3849 4326">
    <p class='ocr_par' dir='ltr' id='par_1_84' title="bbox 2265 4249 3849 4326">
     <span class='ocr_line' id='line_1_84' title="bbox 2265 4249 3849 4326; baseline -0.005 -14"><span class='ocrx_word' id='word_1_577' title='bbox 2265 4253 2708 4326; x_wconf 82' lang='grc' dir='ltr'>ἀναθεματίζεις,</span> <span class='ocrx_word' id='word_1_578' title='bbox 2743 4252 2776 4322; x_wconf 83' lang='grc' dir='ltr'>ἢ</span> <span class='ocrx_word' id='word_1_579' title='bbox 2806 4254 2956 4322; x_wconf 81' lang='grc' dir='ltr'>τρεῖς</span> <span class='ocrx_word' id='word_1_580' title='bbox 2990 4252 3023 4321; x_wconf 82' lang='grc' dir='ltr'>ἢ</span> <span class='ocrx_word' id='word_1_581' title='bbox 3055 4253 3332 4322; x_wconf 79' lang='grc' dir='ltr'>τέσσαρας</span> <span class='ocrx_word' id='word_1_582' title='bbox 3362 4251 3394 4320; x_wconf 80' lang='grc' dir='ltr'>ἢ</span> <span class='ocrx_word' id='word_1_583' title='bbox 3423 4251 3552 4302; x_wconf 79' lang='grc' dir='ltr'>δέκα</span> <span class='ocrx_word' id='word_1_584' title='bbox 3583 4249 3615 4318; x_wconf 87' lang='grc' dir='ltr'>ἦ</span> <span class='ocrx_word' id='word_1_585' title='bbox 3645 4250 3849 4304; x_wconf 69' lang='grc' dir='ltr'>ἑκατὸν</span> 
     </span>
    </p>
   </div>
   <div class='ocr_carea' id='block_1_85' title="bbox 587 4334 2154 4414">
    <p class='ocr_par' dir='ltr' id='par_1_85' title="bbox 587 4334 2154 4407">
     <span class='ocr_line' id='line_1_85' title="bbox 587 4334 2154 4407; baseline -0.003 -13"><span class='ocrx_word' id='word_1_586' title='bbox 587 4353 785 4407; x_wconf 77' lang='lat' dir='ltr'><strong>expers</strong></span> <span class='ocrx_word' id='word_1_587' title='bbox 807 4337 1042 4403; x_wconf 78' lang='lat' dir='ltr'><strong>dixerit;</strong></span> <span class='ocrx_word' id='word_1_588' title='bbox 1064 4352 1162 4391; x_wconf 88' lang='lat' dir='ltr'><strong>eos</strong></span> <span class='ocrx_word' id='word_1_589' title='bbox 1183 4352 1316 4391; x_wconf 90' lang='lat' dir='ltr'><strong>vero</strong></span> <span class='ocrx_word' id='word_1_590' title='bbox 1331 4336 1426 4406; x_wconf 90' lang='lat' dir='ltr'><strong>qui</strong></span> <span class='ocrx_word' id='word_1_591' title='bbox 1449 4335 1586 4390; x_wconf 88' lang='lat' dir='ltr'><strong>duas</strong></span> <span class='ocrx_word' id='word_1_592' title='bbox 1601 4344 1879 4402; x_wconf 81' lang='lat' dir='ltr'><strong>asserunt,</strong></span> <span class='ocrx_word' id='word_1_593' title='bbox 1901 4350 1930 4389; x_wconf 89' lang='lat' dir='ltr'><strong>a</strong></span> <span class='ocrx_word' id='word_1_594' title='bbox 1951 4334 2154 4389; x_wconf 91' lang='lat' dir='ltr'><strong>Christi</strong></span> 
     </span>
    </p>
   </div>
   <div class='ocr_carea' id='block_1_86' title="bbox 2255 4334 3849 4414">
    <p class='ocr_par' dir='ltr' id='par_1_86' title="bbox 2266 4341 3849 4414">
     <span class='ocr_line' id='line_1_86' title="bbox 2266 4341 3849 4414; baseline -0.005 -12"><span class='ocrx_word' id='word_1_595' title='bbox 2266 4347 2405 4402; x_wconf 74' lang='grc' dir='ltr'>εἶναι</span> <span class='ocrx_word' id='word_1_596' title='bbox 2455 4345 2625 4408; x_wconf 82' lang='grc' dir='ltr'>αὐτὰς</span> <span class='ocrx_word' id='word_1_597' title='bbox 2675 4343 2736 4408; x_wconf 76' lang='grc' dir='ltr'>ἐξ</span> <span class='ocrx_word' id='word_1_598' title='bbox 2776 4344 3022 4412; x_wconf 78' lang='grc' dir='ltr'>ἀνάγκης</span> <span class='ocrx_word' id='word_1_599' title='bbox 3052 4343 3440 4413; x_wconf 62' lang='grc' dir='ltr'>ὁμολογήσεις*</span> <span class='ocrx_word' id='word_1_600' title='bbox 3499 4341 3700 4412; x_wconf 80' lang='grc' dir='ltr'>πλῆθος</span> <span class='ocrx_word' id='word_1_601' title='bbox 3731 4342 3849 4414; x_wconf 76' lang='grc' dir='ltr'><strong>γὰρ</strong></span> 
     </span>
    </p>
   </div>
   <div class='ocr_carea' id='block_1_87' title="bbox 591 4426 2154 4510">
    <p class='ocr_par' dir='ltr' id='par_1_87' title="bbox 591 4426 2154 4498">
     <span class='ocr_line' id='line_1_87' title="bbox 591 4426 2154 4498; baseline -0.002 -15"><span class='ocrx_word' id='word_1_602' title='bbox 591 4428 838 4483; x_wconf 85' lang='lat' dir='ltr'><strong>fidelium</strong></span> <span class='ocrx_word' id='word_1_603' title='bbox 883 4429 1148 4484; x_wconf 89' lang='lat' dir='ltr'><strong>societate</strong></span> <span class='ocrx_word' id='word_1_604' title='bbox 1196 4427 1565 4498; x_wconf 80' lang='lat' dir='ltr'><strong>segregandos</strong></span> <span class='ocrx_word' id='word_1_605' title='bbox 1610 4426 1828 4497; x_wconf 87' lang='lat' dir='ltr'><strong>judieas</strong></span> <span class='ocrx_word' id='word_1_606' title='bbox 1875 4445 1886 4480; x_wconf 92' lang='lat'>:</span> <span class='ocrx_word' id='word_1_607' title='bbox 1935 4426 2154 4482; x_wconf 87' lang='lat' dir='ltr'><strong>fatearis</strong></span> 
     </span>
    </p>
   </div>
   <div class='ocr_carea' id='block_1_88' title="bbox 2255 4426 3395 4510">
    <p class='ocr_par' dir='ltr' id='par_1_88' title="bbox 2266 4434 3395 4510">
     <span class='ocr_line' id='line_1_88' title="bbox 2266 4434 3395 4510; baseline -0.009 -15"><span class='ocrx_word' id='word_1_608' title='bbox 2266 4442 2419 4495; x_wconf 79' lang='grc' dir='ltr'>οὐδὲν</span> <span class='ocrx_word' id='word_1_609' title='bbox 2447 4438 2847 4510; x_wconf 84' lang='grc' dir='ltr'>ἀναρίθμητον,</span> <span class='ocrx_word' id='word_1_610' title='bbox 2880 4437 2928 4488; x_wconf 83' lang='grc' dir='ltr'><strong>εί</strong></span> <span class='ocrx_word' id='word_1_611' title='bbox 2958 4435 3033 4506; x_wconf 76' lang='grc' dir='ltr'>μὴ</span> <span class='ocrx_word' id='word_1_612' title='bbox 3062 4434 3123 4486; x_wconf 77' lang='grc' dir='ltr'><strong>τὸ</strong></span> <span class='ocrx_word' id='word_1_613' title='bbox 3149 4434 3395 4504; x_wconf 76' lang='grc' dir='ltr'>ἄπειρον.</span> 
     </span>
    </p>
   </div>
   <div class='ocr_carea' id='block_1_89' title="bbox 591 4506 2242 4589">
    <p class='ocr_par' dir='ltr' id='par_1_89' title="bbox 591 4506 2242 4589">
     <span class='ocr_line' id='line_1_89' title="bbox 591 4506 2242 4589; baseline -0.001 -15"><span class='ocrx_word' id='word_1_614' title='bbox 591 4529 810 4588; x_wconf 89' lang='lat' dir='ltr'><strong>oportet</strong></span> <span class='ocrx_word' id='word_1_615' title='bbox 842 4536 935 4576; x_wconf 88' lang='lat' dir='ltr'><strong>eas</strong></span> <span class='ocrx_word' id='word_1_616' title='bbox 959 4536 1080 4576; x_wconf 87' lang='lat' dir='ltr'><strong>esse</strong></span> <span class='ocrx_word' id='word_1_617' title='bbox 1126 4519 1212 4574; x_wconf 90' lang='lat' dir='ltr'><strong>vel</strong></span> <span class='ocrx_word' id='word_1_618' title='bbox 1243 4527 1378 4584; x_wconf 86' lang='lat' dir='ltr'><strong>tres,</strong></span> <span class='ocrx_word' id='word_1_619' title='bbox 1404 4520 1488 4574; x_wconf 87' lang='lat' dir='ltr'><strong>vel</strong></span> <span class='ocrx_word' id='word_1_620' title='bbox 1528 4527 1789 4589; x_wconf 90' lang='lat' dir='ltr'><strong>quatuor,</strong></span> <span class='ocrx_word' id='word_1_621' title='bbox 1824 4519 1909 4572; x_wconf 90' lang='lat' dir='ltr'><strong>vel</strong></span> <span class='ocrx_word' id='word_1_622' title='bbox 1945 4518 2161 4583; x_wconf 90' lang='lat' dir='ltr'><strong>decem,</strong></span> <span class='ocrx_word' id='word_1_623' title='bbox 2189 4506 2242 4565; x_wconf 84' lang='lat' dir='ltr'><strong>D</strong></span> 
     </span>
    </p>
   </div>
   <div class='ocr_carea' id='block_1_90' title="bbox 596 4615 952 4670">
    <p class='ocr_par' dir='ltr' id='par_1_90' title="bbox 596 4615 952 4670">
     <span class='ocr_line' id='line_1_90' title="bbox 596 4615 952 4670; baseline 0 -4"><span class='ocrx_word' id='word_1_624' title='bbox 596 4615 681 4668; x_wconf 88' lang='lat' dir='ltr'><strong>vel</strong></span> <span class='ocrx_word' id='word_1_625' title='bbox 713 4624 952 4670; x_wconf 83' lang='lat' dir='ltr'><strong>centum.</strong></span> 
     </span>
    </p>
   </div>
   <div class='ocr_carea' id='block_1_91' title="bbox 593 4717 2154 4792">
    <p class='ocr_par' dir='ltr' id='par_1_91' title="bbox 593 4726 2154 4792">
     <span class='ocr_line' id='line_1_91' title="bbox 593 4726 2154 4792; baseline -0.002 -7"><span class='ocrx_word' id='word_1_626' title='bbox 593 4726 834 4792; x_wconf 73' lang='lat' dir='ltr'><strong>Severus,</strong></span> <span class='ocrx_word' id='word_1_627' title='bbox 865 4744 929 4781; x_wconf 79' lang='lat' dir='ltr'><strong>ea:</strong></span> <span class='ocrx_word' id='word_1_628' title='bbox 953 4727 1040 4783; x_wconf 81' lang='lat' dir='ltr'><strong>lib.</strong></span> <span class='ocrx_word' id='word_1_629' title='bbox 1073 4737 1256 4782; x_wconf 86' lang='lat' dir='ltr'><strong>contra</strong></span> <span class='ocrx_word' id='word_1_630' title='bbox 1290 4728 1450 4782; x_wconf 82' lang='lat' dir='ltr'><strong>Joau.</strong></span> <span class='ocrx_word' id='word_1_631' title='bbox 1475 4728 1891 4784; x_wconf 80' lang='lat' dir='ltr'><strong>Crammaticum</strong></span> <span class='ocrx_word' id='word_1_632' title='bbox 1916 4728 2154 4784; x_wconf 74' lang='lat' dir='ltr'><strong>Ccesarea</strong></span> 
     </span>
    </p>
   </div>
   <div class='ocr_carea' id='block_1_92' title="bbox 2255 4717 3854 4792">
    <p class='ocr_par' dir='ltr' id='par_1_92' title="bbox 2273 4717 3854 4792">
     <span class='ocr_line' id='line_1_92' title="bbox 2273 4717 3854 4792; baseline -0.01 -9"><span class='ocrx_word' id='word_1_633' title='bbox 2273 4727 2382 4784; x_wconf 88' lang='grc' dir='ltr'>Τοῦ</span> <span class='ocrx_word' id='word_1_634' title='bbox 2423 4725 2610 4780; x_wconf 85' lang='grc' dir='ltr'>αὐτοῦ</span> <span class='ocrx_word' id='word_1_635' title='bbox 2651 4723 2914 4791; x_wconf 78' lang='grc' dir='ltr'>Σεόήρου</span> <span class='ocrx_word' id='word_1_636' title='bbox 2966 4722 3033 4775; x_wconf 81' lang='grc' dir='ltr'>ἐκ</span> <span class='ocrx_word' id='word_1_637' title='bbox 3077 4720 3210 4792; x_wconf 61' lang='grc' dir='ltr'><strong>τῆςΔ</strong></span> <span class='ocrx_word' id='word_1_638' title='bbox 3240 4718 3407 4792; x_wconf 44' lang='lat' dir='ltr'><strong>xaté</strong></span> <span class='ocrx_word' id='word_1_639' title='bbox 3429 4717 3534 4770; x_wconf 87' lang='grc' dir='ltr'><strong>τοῦ</strong></span> <span class='ocrx_word' id='word_1_640' title='bbox 3567 4718 3854 4792; x_wconf 37' lang='lat' dir='ltr'><strong>Priamea-</strong></span> 
     </span>
    </p>
   </div>
   <div class='ocr_carea' id='block_1_93' title="bbox 1170 4786 2154 4870">
    <p class='ocr_par' dir='ltr' id='par_1_93' title="bbox 1170 4798 1585 4870">
     <span class='ocr_line' id='line_1_93' title="bbox 1170 4798 1585 4870; baseline 0.005 -20"><span class='ocrx_word' id='word_1_641' title='bbox 1170 4799 1466 4868; x_wconf 71' lang='lat' dir='ltr'><strong>episwpum</strong></span> <span class='ocrx_word' id='word_1_642' title='bbox 1488 4798 1585 4870; x_wconf 90' lang='grc'>(6).</span> 
     </span>
    </p>
   </div>
   <div class='ocr_carea' id='block_1_94' title="bbox 2255 4786 3852 4870">
    <p class='ocr_par' dir='ltr' id='par_1_94' title="bbox 2336 4786 3852 4854">
     <span class='ocr_line' id='line_1_94' title="bbox 2336 4786 3852 4854; baseline -0.009 -5"><span class='ocrx_word' id='word_1_643' title='bbox 2336 4797 2504 4850; x_wconf 79' lang='grc' dir='ltr'>τικοῦ</span> <span class='ocrx_word' id='word_1_644' title='bbox 2534 4786 2817 4850; x_wconf 79' lang='grc' dir='ltr'>Ἰωάννοῦ</span> <span class='ocrx_word' id='word_1_645' title='bbox 2855 4793 2961 4845; x_wconf 89' lang='grc' dir='ltr'><strong>τοῦ</strong></span> <span class='ocrx_word' id='word_1_646' title='bbox 2992 4786 3332 4846; x_wconf 70' lang='grc' dir='ltr'>ἐπισκόπου</span> <span class='ocrx_word' id='word_1_647' title='bbox 3358 4786 3717 4854; x_wconf 79' lang='grc' dir='ltr'>Καισαρείας</span> <span class='ocrx_word' id='word_1_648' title='bbox 3745 4786 3852 4850; x_wconf 78' lang='grc' dir='ltr'><strong>βί-</strong></span> 
     </span>
    </p>
   </div>
   <div class='ocr_carea' id='block_1_95' title="bbox 677 4953 2163 5019">
    <p class='ocr_par' dir='ltr' id='par_1_95' title="bbox 677 4953 2163 5019">
     <span class='ocr_line' id='line_1_95' title="bbox 677 4953 2163 5019; baseline 0.004 -17"><span class='ocrx_word' id='word_1_649' title='bbox 677 4973 694 5002; x_wconf 71' lang='grc' dir='ltr'><strong>ι</strong></span> <span class='ocrx_word' id='word_1_650' title='bbox 739 4953 1021 5018; x_wconf 84' lang='lat' dir='ltr'><strong>Quamvis,</strong></span> <span class='ocrx_word' id='word_1_651' title='bbox 1063 4955 1158 5019; x_wconf 88' lang='lat' dir='ltr'><strong>ait,</strong></span> <span class='ocrx_word' id='word_1_652' title='bbox 1195 4970 1320 5009; x_wconf 90' lang='lat' dir='ltr'><strong>cum</strong></span> <span class='ocrx_word' id='word_1_653' title='bbox 1366 4954 1456 5007; x_wconf 89' lang='lat' dir='ltr'><strong>alii</strong></span> <span class='ocrx_word' id='word_1_654' title='bbox 1500 4953 1763 5009; x_wconf 67' lang='lat' dir='ltr'><strong>Ecclesiae</strong></span> <span class='ocrx_word' id='word_1_655' title='bbox 1803 4955 2017 5017; x_wconf 88' lang='lat' dir='ltr'><strong>Patres,</strong></span> <span class='ocrx_word' id='word_1_656' title='bbox 2045 4962 2163 5008; x_wconf 90' lang='lat' dir='ltr'><strong>tum</strong></span> 
     </span>
    </p>
   </div>
   <div class='ocr_carea' id='block_1_96' title="bbox 593 5042 2166 5114">
    <p class='ocr_par' dir='ltr' id='par_1_96' title="bbox 593 5042 2166 5114">
     <span class='ocr_line' id='line_1_96' title="bbox 593 5042 2166 5114; baseline 0.003 -18"><span class='ocrx_word' id='word_1_657' title='bbox 593 5045 760 5097; x_wconf 86' lang='lat' dir='ltr'><strong>etiam</strong></span> <span class='ocrx_word' id='word_1_658' title='bbox 782 5042 1018 5114; x_wconf 86' lang='lat' dir='ltr'><strong>Cyrillus</strong></span> <span class='ocrx_word' id='word_1_659' title='bbox 1044 5044 1181 5114; x_wconf 85' lang='lat' dir='ltr'><strong>ipse,</strong></span> <span class='ocrx_word' id='word_1_660' title='bbox 1213 5045 1766 5108; x_wconf 89' lang='lat' dir='ltr'><strong>dixerint,Christum</strong></span> <span class='ocrx_word' id='word_1_661' title='bbox 1794 5054 1918 5114; x_wconf 90' lang='lat' dir='ltr'><strong>post</strong></span> <span class='ocrx_word' id='word_1_662' title='bbox 1946 5055 2166 5100; x_wconf 85' lang='lat' dir='ltr'><strong>natura-</strong></span> 
     </span>
    </p>
   </div>
   <div class='ocr_carea' id='block_1_97' title="bbox 595 5135 2181 5206">
    <p class='ocr_par' dir='ltr' id='par_1_97' title="bbox 595 5135 2181 5206">
     <span class='ocr_line' id='line_1_97' title="bbox 595 5135 2181 5206; baseline 0.002 -17"><span class='ocrx_word' id='word_1_663' title='bbox 595 5135 704 5191; x_wconf 85' lang='lat' dir='ltr'><strong>lem</strong></span> <span class='ocrx_word' id='word_1_664' title='bbox 746 5137 1192 5206; x_wconf 88' lang='lat' dir='ltr'><strong>conjunctionem</strong></span> <span class='ocrx_word' id='word_1_665' title='bbox 1241 5137 1297 5191; x_wconf 91' lang='lat' dir='ltr'><strong>in</strong></span> <span class='ocrx_word' id='word_1_666' title='bbox 1342 5137 1558 5191; x_wconf 90' lang='lat' dir='ltr'><strong>duabus</strong></span> <span class='ocrx_word' id='word_1_667' title='bbox 1611 5135 1890 5191; x_wconf 90' lang='lat' dir='ltr'><strong>distinctis</strong></span> <span class='ocrx_word' id='word_1_668' title='bbox 1951 5137 2181 5192; x_wconf 70' lang='lat' dir='ltr'><strong>naturis</strong></span> 
     </span>
    </p>
   </div>
   <div class='ocr_carea' id='block_1_98' title="bbox 599 5227 2171 5300">
    <p class='ocr_par' dir='ltr' id='par_1_98' title="bbox 599 5227 2171 5300">
     <span class='ocr_line' id='line_1_98' title="bbox 599 5227 2171 5300; baseline 0.003 -20"><span class='ocrx_word' id='word_1_669' title='bbox 599 5227 903 5282; x_wconf 81' lang='lat' dir='ltr'><strong>subsistere</strong></span> <span class='ocrx_word' id='word_1_670' title='bbox 937 5247 952 5295; x_wconf 89' lang='lat'><strong>;</strong></span> <span class='ocrx_word' id='word_1_671' title='bbox 999 5244 1126 5285; x_wconf 91' lang='lat' dir='ltr'><strong>cum</strong></span> <span class='ocrx_word' id='word_1_672' title='bbox 1166 5229 1572 5299; x_wconf 86' lang='lat' dir='ltr'><strong>posterioribus</strong></span> <span class='ocrx_word' id='word_1_673' title='bbox 1607 5238 1790 5285; x_wconf 87' lang='lat' dir='ltr'><strong>tamen</strong></span> <span class='ocrx_word' id='word_1_674' title='bbox 1828 5231 2171 5300; x_wconf 79' lang='lat' dir='ltr'><strong>temporibus</strong></span> 
     </span>
    </p>
   </div>
   <div class='ocr_carea' id='block_1_99' title="bbox 597 5319 2174 5392">
    <p class='ocr_par' dir='ltr' id='par_1_99' title="bbox 597 5319 2174 5392">
     <span class='ocr_line' id='line_1_99' title="bbox 597 5319 2174 5392; baseline 0.004 -21"><span class='ocrx_word' id='word_1_675' title='bbox 597 5319 830 5372; x_wconf 90' lang='lat' dir='ltr'><strong>verbum</strong></span> <span class='ocrx_word' id='word_1_676' title='bbox 871 5319 980 5375; x_wconf 91' lang='lat' dir='ltr'><strong>hoc</strong></span> <span class='ocrx_word' id='word_1_677' title='bbox 1005 5322 1288 5390; x_wconf 79' lang='lat' dir='ltr'><strong>explosum</strong></span> <span class='ocrx_word' id='word_1_678' title='bbox 1329 5321 1526 5384; x_wconf 90' lang='lat' dir='ltr'><strong>fuerit,</strong></span> <span class='ocrx_word' id='word_1_679' title='bbox 1554 5321 2018 5392; x_wconf 83' lang='lat' dir='ltr'><strong>quemadmodum</strong></span> <span class='ocrx_word' id='word_1_680' title='bbox 2059 5322 2174 5377; x_wconf 89' lang='lat' dir='ltr'><strong>dis-</strong></span> 
     </span>
    </p>
   </div>
   <div class='ocr_carea' id='block_1_100' title="bbox 599 5413 2169 5481">
    <p class='ocr_par' dir='ltr' id='par_1_100' title="bbox 599 5413 2169 5481">
     <span class='ocr_line' id='line_1_100' title="bbox 599 5413 2169 5481; baseline 0.001 -15"><span class='ocrx_word' id='word_1_681' title='bbox 599 5413 924 5469; x_wconf 84' lang='lat' dir='ltr'><strong>tinctionem</strong></span> <span class='ocrx_word' id='word_1_682' title='bbox 983 5414 1363 5467; x_wconf 87' lang='lat' dir='ltr'><strong>asserentibus</strong></span> <span class='ocrx_word' id='word_1_683' title='bbox 1416 5423 1473 5469; x_wconf 88' lang='lat' dir='ltr'><strong>et</strong></span> <span class='ocrx_word' id='word_1_684' title='bbox 1515 5416 1650 5469; x_wconf 89' lang='lat' dir='ltr'><strong>illud</strong></span> <span class='ocrx_word' id='word_1_685' title='bbox 1688 5415 1873 5470; x_wconf 90' lang='lat' dir='ltr'><strong>dicere</strong></span> <span class='ocrx_word' id='word_1_686' title='bbox 1911 5416 2169 5481; x_wconf 86' lang='lat' dir='ltr'><strong>vetitum,</strong></span> 
     </span>
    </p>
   </div>
   <div class='ocr_carea' id='block_1_101' title="bbox 601 5501 2171 5573">
    <p class='ocr_par' dir='ltr' id='par_1_101' title="bbox 601 5501 2171 5573">
     <span class='ocr_line' id='line_1_101' title="bbox 601 5501 2171 5573; baseline -0.002 -13"><span class='ocrx_word' id='word_1_687' title='bbox 601 5501 883 5560; x_wconf 89' lang='lat' dir='ltr'><strong>Christum</strong></span> <span class='ocrx_word' id='word_1_688' title='bbox 919 5503 1157 5557; x_wconf 87' lang='lat' dir='ltr'><strong>humana</strong></span> <span class='ocrx_word' id='word_1_689' title='bbox 1201 5518 1366 5558; x_wconf 87' lang='lat' dir='ltr'><strong>carne</strong></span> <span class='ocrx_word' id='word_1_690' title='bbox 1395 5519 1636 5573; x_wconf 88' lang='lat' dir='ltr'><strong>passum,</strong></span> <span class='ocrx_word' id='word_1_691' title='bbox 1669 5505 1818 5573; x_wconf 85' lang='lat' dir='ltr'><strong>quod</strong></span> <span class='ocrx_word' id='word_1_692' title='bbox 1863 5505 1932 5559; x_wconf 90' lang='lat' dir='ltr'><strong>ab</strong></span> <span class='ocrx_word' id='word_1_693' title='bbox 1976 5505 2171 5558; x_wconf 82' lang='lat' dir='ltr'><strong>ortho-</strong></span> 
     </span>
    </p>
   </div>
   <div class='ocr_carea' id='block_1_102' title="bbox 672 5678 2166 5751">
    <p class='ocr_par' dir='ltr' id='par_1_102' title="bbox 672 5678 2166 5751">
     <span class='ocr_line' id='line_1_102' title="bbox 672 5678 2166 5751; baseline -0.001 -16"><span class='ocrx_word' id='word_1_694' title='bbox 672 5681 750 5750; x_wconf 78' lang='grc'><strong>(5)</strong></span> <span class='ocrx_word' id='word_1_695' title='bbox 805 5682 1036 5751; x_wconf 88' lang='lat' dir='ltr'><strong>Scripsit</strong></span> <span class='ocrx_word' id='word_1_696' title='bbox 1091 5681 1331 5751; x_wconf 86' lang='lat' dir='ltr'><strong>Severus</strong></span> <span class='ocrx_word' id='word_1_697' title='bbox 1378 5679 1443 5734; x_wconf 84' lang='lat' dir='ltr'><strong>ad</strong></span> <span class='ocrx_word' id='word_1_698' title='bbox 1503 5678 1752 5751; x_wconf 76' lang='lat' dir='ltr'><strong>Sergium</strong></span> <span class='ocrx_word' id='word_1_699' title='bbox 1807 5679 1997 5733; x_wconf 86' lang='lat' dir='ltr'><strong>saltem</strong></span> <span class='ocrx_word' id='word_1_700' title='bbox 2053 5689 2166 5734; x_wconf 89' lang='lat' dir='ltr'><strong>tres</strong></span> 
     </span>
    </p>
   </div>
   <div class='ocr_carea' id='block_1_103' title="bbox 600 5749 2164 5820">
    <p class='ocr_par' dir='ltr' id='par_1_103' title="bbox 600 5749 2164 5820">
     <span class='ocr_line' id='line_1_103' title="bbox 600 5749 2164 5820; baseline -0.002 -16"><span class='ocrx_word' id='word_1_701' title='bbox 600 5749 880 5820; x_wconf 85' lang='lat' dir='ltr'><strong>epistolas.</strong></span> <span class='ocrx_word' id='word_1_702' title='bbox 930 5749 1000 5804; x_wconf 76' lang='grc' dir='ltr'><strong>ἰη</strong></span> <span class='ocrx_word' id='word_1_703' title='bbox 1041 5767 1107 5805; x_wconf 83' lang='lat' dir='ltr'><strong>ex</strong></span> <span class='ocrx_word' id='word_1_704' title='bbox 1145 5750 1334 5804; x_wconf 78' lang='lat' dir='ltr'><strong>codice</strong></span> <span class='ocrx_word' id='word_1_705' title='bbox 1370 5760 1558 5804; x_wconf 87' lang='lat' dir='ltr'><strong>nostro</strong></span> <span class='ocrx_word' id='word_1_706' title='bbox 1589 5749 1782 5820; x_wconf 82' lang='lat' dir='ltr'><strong>liquet,</strong></span> <span class='ocrx_word' id='word_1_707' title='bbox 1823 5764 1886 5803; x_wconf 82' lang='lat' dir='ltr'><strong>ex</strong></span> <span class='ocrx_word' id='word_1_708' title='bbox 1931 5765 2164 5820; x_wconf 84' lang='lat' dir='ltr'><strong>quarum</strong></span> 
     </span>
    </p>
   </div>
   <div class='ocr_carea' id='block_1_104' title="bbox 601 5819 2163 5890">
    <p class='ocr_par' dir='ltr' id='par_1_104' title="bbox 601 5819 2163 5890">
     <span class='ocr_line' id='line_1_104' title="bbox 601 5819 2163 5890; baseline -0.003 -14"><span class='ocrx_word' id='word_1_709' title='bbox 601 5837 710 5876; x_wconf 77' lang='lat' dir='ltr'><strong>una</strong></span> <span class='ocrx_word' id='word_1_710' title='bbox 766 5829 942 5876; x_wconf 86' lang='lat' dir='ltr'><strong>exstat</strong></span> <span class='ocrx_word' id='word_1_711' title='bbox 982 5821 1347 5890; x_wconf 80' lang='lat' dir='ltr'><strong>fragmentum</strong></span> <span class='ocrx_word' id='word_1_712' title='bbox 1404 5820 1457 5873; x_wconf 88' lang='lat' dir='ltr'><strong>iu</strong></span> <span class='ocrx_word' id='word_1_713' title='bbox 1510 5819 1658 5874; x_wconf 75' lang='lat' dir='ltr'><strong>Actis</strong></span> <span class='ocrx_word' id='word_1_714' title='bbox 1710 5819 1931 5874; x_wconf 82' lang='lat' dir='ltr'><strong>concilii</strong></span> <span class='ocrx_word' id='word_1_715' title='bbox 1983 5819 2163 5873; x_wconf 83' lang='lat' dir='ltr'><strong>Later.</strong></span> 
     </span>
    </p>
   </div>
   <div class='ocr_carea' id='block_1_105' title="bbox 2338 4869 2508 4919">
    <p class='ocr_par' dir='ltr' id='par_1_105' title="bbox 2338 4869 2508 4919">
     <span class='ocr_line' id='line_1_105' title="bbox 2338 4869 2508 4919; baseline 0 0"><span class='ocrx_word' id='word_1_716' title='bbox 2338 4869 2508 4919; x_wconf 72' lang='grc' dir='ltr'>ὅλου.</span> 
     </span>
    </p>
   </div>
   <div class='ocr_carea' id='block_1_106' title="bbox 2346 4944 3848 5022">
    <p class='ocr_par' dir='ltr' id='par_1_106' title="bbox 2346 4944 3848 5022">
     <span class='ocr_line' id='line_1_106' title="bbox 2346 4944 3848 5022; baseline -0.011 -12"><span class='ocrx_word' id='word_1_717' title='bbox 2346 4977 2365 5009; x_wconf 75' lang='grc' dir='ltr'><strong>ι</strong></span> <span class='ocrx_word' id='word_1_718' title='bbox 2404 4958 2466 5010; x_wconf 86' lang='grc' dir='ltr'><strong>Εἰ</strong></span> <span class='ocrx_word' id='word_1_719' title='bbox 2497 4957 2592 5010; x_wconf 67' lang='grc' dir='ltr'>καὶ</span> <span class='ocrx_word' id='word_1_720' title='bbox 2619 4954 2679 5007; x_wconf 86' lang='grc' dir='ltr'>τὺ</span> <span class='ocrx_word' id='word_1_721' title='bbox 2705 4953 2890 5022; x_wconf 84' lang='grc' dir='ltr'>λέγειν</span> <span class='ocrx_word' id='word_1_722' title='bbox 2922 4954 2978 5005; x_wconf 75' lang='grc' dir='ltr'>ἰν</span> <span class='ocrx_word' id='word_1_723' title='bbox 3003 4950 3096 5005; x_wconf 77' lang='grc' dir='ltr'>δύο</span> <span class='ocrx_word' id='word_1_724' title='bbox 3122 4949 3350 5020; x_wconf 80' lang='grc' dir='ltr'>φύσεσιν</span> <span class='ocrx_word' id='word_1_725' title='bbox 3379 4944 3709 5017; x_wconf 80' lang='grc' dir='ltr'>ἀδιαιρέτοις</span> <span class='ocrx_word' id='word_1_726' title='bbox 3739 4944 3848 5011; x_wconf 79' lang='grc' dir='ltr'>ὐφ-</span> 
     </span>
    </p>
   </div>
   <div class='ocr_carea' id='block_1_107' title="bbox 2271 5036 3848 5116">
    <p class='ocr_par' dir='ltr' id='par_1_107' title="bbox 2271 5036 3848 5116">
     <span class='ocr_line' id='line_1_107' title="bbox 2271 5036 3848 5116; baseline -0.01 -16"><span class='ocrx_word' id='word_1_727' title='bbox 2271 5047 2486 5100; x_wconf 87' lang='grc' dir='ltr'>ιστάναι</span> <span class='ocrx_word' id='word_1_728' title='bbox 2532 5046 2624 5099; x_wconf 75' lang='grc' dir='ltr'><strong>τὸν</strong></span> <span class='ocrx_word' id='word_1_729' title='bbox 2665 5044 2900 5116; x_wconf 73' lang='grc' dir='ltr'>Χριστὸν</span> <span class='ocrx_word' id='word_1_730' title='bbox 2955 5041 3092 5111; x_wconf 80' lang='grc' dir='ltr'>μετὰ</span> <span class='ocrx_word' id='word_1_731' title='bbox 3139 5041 3238 5108; x_wconf 82' lang='grc' dir='ltr'>τὴν</span> <span class='ocrx_word' id='word_1_732' title='bbox 3273 5039 3470 5092; x_wconf 70' lang='grc' dir='ltr'>ἕνωσιν</span> <span class='ocrx_word' id='word_1_733' title='bbox 3513 5036 3700 5104; x_wconf 83' lang='grc' dir='ltr'>εἴρητό</span> <span class='ocrx_word' id='word_1_734' title='bbox 3733 5051 3848 5086; x_wconf 84' lang='grc' dir='ltr'>τισι</span> 
     </span>
    </p>
   </div>
   <div class='ocr_carea' id='block_1_108' title="bbox 2269 5127 3849 5203">
    <p class='ocr_par' dir='ltr' id='par_1_108' title="bbox 2269 5127 3849 5203">
     <span class='ocr_line' id='line_1_108' title="bbox 2269 5127 3849 5203; baseline -0.008 -12"><span class='ocrx_word' id='word_1_735' title='bbox 2269 5139 2378 5192; x_wconf 84' lang='grc' dir='ltr'><strong>τῶν</strong></span> <span class='ocrx_word' id='word_1_736' title='bbox 2412 5138 2582 5191; x_wconf 83' lang='grc' dir='ltr'>πάλαι</span> <span class='ocrx_word' id='word_1_737' title='bbox 2610 5135 2948 5188; x_wconf 81' lang='grc' dir='ltr'>διδασκάλων</span> <span class='ocrx_word' id='word_1_738' title='bbox 2979 5135 3077 5203; x_wconf 84' lang='grc' dir='ltr'>τῆς</span> <span class='ocrx_word' id='word_1_739' title='bbox 3116 5132 3467 5199; x_wconf 84' lang='grc' dir='ltr'>Ἑκκλησίας,</span> <span class='ocrx_word' id='word_1_740' title='bbox 3503 5128 3536 5197; x_wconf 77' lang='grc' dir='ltr'>ἢ</span> <span class='ocrx_word' id='word_1_741' title='bbox 3569 5128 3664 5180; x_wconf 74' lang='grc' dir='ltr'><strong>καὶ</strong></span> <span class='ocrx_word' id='word_1_742' title='bbox 3696 5127 3849 5196; x_wconf 82' lang='grc' dir='ltr'>αὐτῷ</span> 
     </span>
    </p>
   </div>
   <div class='ocr_carea' id='block_1_109' title="bbox 2272 5220 3854 5301">
    <p class='ocr_par' dir='ltr' id='par_1_109' title="bbox 2272 5220 3854 5301">
     <span class='ocr_line' id='line_1_109' title="bbox 2272 5220 3854 5301; baseline -0.008 -17"><span class='ocrx_word' id='word_1_743' title='bbox 2272 5230 2546 5301; x_wconf 73' lang='grc' dir='ltr'>Κυρίλλῳ,</span> <span class='ocrx_word' id='word_1_744' title='bbox 2586 5227 2726 5299; x_wconf 84' lang='grc' dir='ltr'>μετὰ</span> <span class='ocrx_word' id='word_1_745' title='bbox 2751 5226 2924 5279; x_wconf 82' lang='grc' dir='ltr'>ταῦτα</span> <span class='ocrx_word' id='word_1_746' title='bbox 2949 5227 3006 5278; x_wconf 81' lang='grc' dir='ltr'>δὲ</span> <span class='ocrx_word' id='word_1_747' title='bbox 3034 5225 3385 5295; x_wconf 78' lang='grc' dir='ltr'>ἀπηγόρευτο</span> <span class='ocrx_word' id='word_1_748' title='bbox 3407 5239 3420 5253; x_wconf 75' lang='grc' dir='ltr'><strong><em>ο</em></strong></span> <span class='ocrx_word' id='word_1_749' title='bbox 3461 5220 3715 5289; x_wconf 84' lang='grc' dir='ltr'>καθάπερ</span> <span class='ocrx_word' id='word_1_750' title='bbox 3753 5225 3854 5272; x_wconf 75' lang='grc' dir='ltr'><strong>καὶ</strong></span> 
     </span>
    </p>
   </div>
   <div class='ocr_carea' id='block_1_110' title="bbox 2269 5313 3853 5391">
    <p class='ocr_par' dir='ltr' id='par_1_110' title="bbox 2269 5313 3853 5391">
     <span class='ocr_line' id='line_1_110' title="bbox 2269 5313 3853 5391; baseline -0.006 -17"><span class='ocrx_word' id='word_1_751' title='bbox 2269 5323 2331 5374; x_wconf 78' lang='grc' dir='ltr'><strong>τὸ</strong></span> <span class='ocrx_word' id='word_1_752' title='bbox 2376 5322 2559 5388; x_wconf 82' lang='grc' dir='ltr'>λέγειν</span> <span class='ocrx_word' id='word_1_753' title='bbox 2606 5323 2673 5391; x_wconf 80' lang='grc' dir='ltr'>τῇ</span> <span class='ocrx_word' id='word_1_754' title='bbox 2720 5318 2882 5388; x_wconf 80' lang='grc' dir='ltr'>φύσει</span> <span class='ocrx_word' id='word_1_755' title='bbox 2930 5320 3029 5386; x_wconf 83' lang='grc' dir='ltr'>τῆς</span> <span class='ocrx_word' id='word_1_756' title='bbox 3065 5315 3490 5388; x_wconf 85' lang='grc' dir='ltr'>ἀνθρωπότητος</span> <span class='ocrx_word' id='word_1_757' title='bbox 3532 5314 3727 5366; x_wconf 86' lang='grc' dir='ltr'>παθεῖν</span> <span class='ocrx_word' id='word_1_758' title='bbox 3757 5313 3853 5364; x_wconf 69' lang='grc' dir='ltr'><strong>τὸν</strong></span> 
     </span>
    </p>
   </div>
   <div class='ocr_carea' id='block_1_111' title="bbox 2271 5404 3852 5484">
    <p class='ocr_par' dir='ltr' id='par_1_111' title="bbox 2271 5404 3852 5484">
     <span class='ocr_line' id='line_1_111' title="bbox 2271 5404 3852 5484; baseline -0.008 -18"><span class='ocrx_word' id='word_1_759' title='bbox 2271 5414 2507 5484; x_wconf 78' lang='grc' dir='ltr'>Χριστὸν</span> <span class='ocrx_word' id='word_1_760' title='bbox 2536 5413 2717 5475; x_wconf 86' lang='grc' dir='ltr'>καλῶς</span> <span class='ocrx_word' id='word_1_761' title='bbox 2751 5413 2860 5464; x_wconf 81' lang='grc' dir='ltr'><strong>ὑπὸ</strong></span> <span class='ocrx_word' id='word_1_762' title='bbox 2888 5411 2998 5463; x_wconf 87' lang='grc' dir='ltr'>τῶν</span> <span class='ocrx_word' id='word_1_763' title='bbox 3028 5408 3329 5481; x_wconf 79' lang='grc' dir='ltr'>ὀρθοδόξων</span> <span class='ocrx_word' id='word_1_764' title='bbox 3358 5406 3651 5474; x_wconf 78' lang='grc' dir='ltr'>λεγόμενον</span> <span class='ocrx_word' id='word_1_765' title='bbox 3675 5447 3689 5464; x_wconf 86' lang='grc'><strong>.</strong></span> <span class='ocrx_word' id='word_1_766' title='bbox 3739 5404 3852 5455; x_wconf 80' lang='grc' dir='ltr'>άπ-</span> 
     </span>
    </p>
   </div>
   <div class='ocr_carea' id='block_1_112' title="bbox 2274 5494 3854 5574">
    <p class='ocr_par' dir='ltr' id='par_1_112' title="bbox 2274 5494 3854 5574">
     <span class='ocr_line' id='line_1_112' title="bbox 2274 5494 3854 5574; baseline -0.009 -17"><span class='ocrx_word' id='word_1_767' title='bbox 2274 5505 2541 5574; x_wconf 79' lang='grc' dir='ltr'>ηγόρευσε</span> <span class='ocrx_word' id='word_1_768' title='bbox 2571 5502 2776 5572; x_wconf 72' lang='grc' dir='ltr'>λέγειν,</span> <span class='ocrx_word' id='word_1_769' title='bbox 2799 5503 2912 5566; x_wconf 86' lang='grc' dir='ltr'>τοῖς</span> <span class='ocrx_word' id='word_1_770' title='bbox 2933 5501 3148 5555; x_wconf 88' lang='grc' dir='ltr'>νοσοῦσι</span> <span class='ocrx_word' id='word_1_771' title='bbox 3179 5501 3276 5569; x_wconf 81' lang='grc' dir='ltr'><strong>τὴν</strong></span> <span class='ocrx_word' id='word_1_772' title='bbox 3300 5499 3566 5567; x_wconf 86' lang='grc' dir='ltr'>διαίρεσιν</span> <span class='ocrx_word' id='word_1_773' title='bbox 3593 5494 3854 5549; x_wconf 86' lang='grc' dir='ltr'>άνθιστά-</span> 
     </span>
    </p>
   </div>
   <div class='ocr_carea' id='block_1_113' title="bbox 2268 5679 3856 5817">
    <p class='ocr_par' dir='ltr' id='par_1_113' title="bbox 2268 5679 3856 5817">
     <span class='ocr_line' id='line_1_113' title="bbox 2268 5679 3856 5817; baseline -0.006 -15"><span class='ocrx_word' id='word_1_774' title='bbox 2268 5679 2594 5817; x_wconf 43' lang='grc' dir='ltr'>πίωὸξὶοια</span> <span class='ocrx_word' id='word_1_775' title='bbox 2636 5747 2903 5801; x_wconf 85' lang='lat' dir='ltr'><strong>Joannem</strong></span> <span class='ocrx_word' id='word_1_776' title='bbox 2940 5746 3097 5817; x_wconf 12' lang='lat' dir='ltr'><strong>illum;</strong></span> <span class='ocrx_word' id='word_1_777' title='bbox 3121 5742 3554 5817; x_wconf 81' lang='lat' dir='ltr'><strong>Grammaticum</strong></span> <span class='ocrx_word' id='word_1_778' title='bbox 3583 5737 3650 5792; x_wconf 88' lang='lat' dir='ltr'><strong>ad</strong></span> <span class='ocrx_word' id='word_1_779' title='bbox 3687 5752 3856 5806; x_wconf 86' lang='lat' dir='ltr'><strong>quem</strong></span> 
     </span>
    </p>
   </div>
   <div class='ocr_carea' id='block_1_114' title="bbox 2270 5811 3706 5887">
    <p class='ocr_par' dir='ltr' id='par_1_114' title="bbox 2270 5811 3706 5887">
     <span class='ocr_line' id='line_1_114' title="bbox 2270 5811 3706 5887; baseline -0.01 -13"><span class='ocrx_word' id='word_1_780' title='bbox 2270 5811 2506 5875; x_wconf 52' lang='lat' dir='ltr'><strong>Severus</strong></span> <span class='ocrx_word' id='word_1_781' title='bbox 2553 5820 2796 5887; x_wconf 76' lang='lat' dir='ltr'><strong>scripsit,</strong></span> <span class='ocrx_word' id='word_1_782' title='bbox 2843 5817 3012 5871; x_wconf 83' lang='lat' dir='ltr'><strong>fuisse</strong></span> <span class='ocrx_word' id='word_1_783' title='bbox 3060 5815 3320 5869; x_wconf 63' lang='lat' dir='ltr'><strong>Caesarea:</strong></span> <span class='ocrx_word' id='word_1_784' title='bbox 3365 5811 3706 5880; x_wconf 69' lang='lat' dir='ltr'><strong>episcopum.</strong></span> 
     </span>
    </p>
   </div>
  </div>
