4094 6334
257 365 396 428 1833

1465 376 1764 439 CONTRA
1803 380 2403 443 MONOPHYSITAS.

3403 398 3537 461 1850

259 500 457 550 μενος·
516 483 638 536 οὐδὲ
689 485 838 538 οὕτω
887 487 1001 550 τοῖς
1049 487 1105 540 ἐν
1149 487 1456 558 Χαλκηδόνι
1497 491 1833 546 συνελθοῦσιν

1944 496 2102 552 doxis
2125 510 2284 552 antea
2312 509 2458 554 recte
2485 504 2738 570 usurpari
2769 499 3140 562 consueverat
3164 526 3176 560 :
3201 494 3388 564 nullus
3411 529 3512 581 pro

255 577 558 644 ἀπολογίας
587 589 672 640 τις
703 577 1033 630 ὑπελείπετο
1057 579 1276 650 τρόπος,
1300 583 1654 650 ὁρισαμένοις
1675 585 1732 636 ἐν
1756 584 1851 636 δύο

257 668 490 736 φύσεσιν
519 668 853 740 ἀδιαιρέτοις
881 669 1250 740 γνωρίζεσθαι
1277 672 1368 726 τὸν
1394 674 1649 744 Χριστόν.
1681 695 1699 726 ι

441 957 555 1012 Τοῦ
580 959 768 1014 αὐτοῦ
801 961 868 1013 ἐν
898 958 976 1025 τῷ
1010 962 1098 1014 ὅτι
1126 962 1364 1030 ἀπαθὴς
1395 965 1426 1016 ό
1451 965 1661 1034 Λόγος.

336 1067 356 1099 ι
393 1050 500 1102 Καὶ
528 1053 595 1120 τῇ
623 1051 943 1122 διδασκαλίᾳ
970 1051 1079 1106 τῶν
1105 1053 1264 1122 ἱερῶν
1288 1054 1640 1123 Γραμμάτων
1662 1055 1844 1108 πειθό-

260 1156 442 1208 μενοι,
502 1142 883 1210 κηρυττόντων
928 1142 1093 1195 αὐτὸν
1136 1143 1470 1210 πεπονθέναι
1516 1146 1711 1214 σαρκὶ,
1755 1147 1848 1199 καὶ

258 1232 453 1297 σαφῶς
503 1233 711 1295 εἰδότες
763 1234 837 1295 ὡς
881 1233 942 1285 τὸ
977 1233 1151 1294 πάθος
1197 1234 1257 1286 οὐ
1292 1235 1437 1303 πέρα
1469 1235 1566 1288 τοῦ
1597 1236 1846 1304 παθητοῦ

253 1321 584 1389 διαϐήσεται
631 1322 916 1393 σώματος·
976 1325 1285 1395 προσψαύει
1317 1326 1428 1397 γὰρ
1463 1327 1718 1396 οὐδαμῶς
1751 1329 1844 1382 τοῦ

254 1413 510 1477 ἀπαθοῦς
540 1416 640 1484 τῆς
672 1414 947 1484 θεότητος.
972 1435 989 1466 ι

257 1527 545 1593 Τιμοθέου
593 1527 699 1582 τοῦ
723 1529 1020 1595 Αίλούρου
1053 1530 1158 1584 τοῦ
1188 1530 1487 1596 αἱρετικοῦ
1516 1531 1623 1585 τοῦ
1651 1535 1844 1586 Μονο-

323 1599 592 1670 ςρυσίτου
612 1636 626 1656 ,
661 1598 873 1670 ἐκᾼτῆς
903 1599 1053 1666 πρὸς
1077 1599 1185 1653 τὸν
1221 1601 1617 1670 Ἀλεξανδρέα
1643 1603 1845 1656 Κοιλὼ-

326 1683 528 1734 νυμον
557 1665 898 1731 διαλέξεως.

331 1777 352 1810 ι
393 1759 669 1829 Κύριλλός
701 1762 848 1812 ἐστιν
881 1763 908 1814 ό
937 1761 1037 1831 τῆς
1070 1761 1469 1834 ’Δλεξανδρέων
1499 1767 1800 1832 ἐπίσκοπος
1824 1785 1838 1800 ·

1951 596 2139 656 pterea
2165 588 2510 643 defensionis
2547 591 2705 646 locus
2745 594 3082 663 relinquitur
3115 599 3340 653 concilii
3377 601 3528 657 Chal-

1949 678 2281 733 cedonensis
2349 681 2650 745 Patribus,
2710 686 2804 752 qui
2863 684 3146 742 Christum
3214 692 3269 744 in
3319 693 3540 752 duabus

1950 765 2162 820 naturis
2204 767 2274 821 ab
2311 782 2368 821 se
2415 768 2650 824 invicem
2691 771 2980 830 distinctis
3007 777 3316 836 subsistere
3349 782 3534 839 decla-

1951 863 2164 908 rarunt.
2215 875 2232 906 ι

1949 963 2201 1056 Ejusdem
2220 985 2290 1056 ea:
2318 973 2559 1056 oratione
2588 976 2727 1044 quod
2745 977 3064 1045 impossibile
3092 983 3160 1034 sit
3189 981 3407 1038 Verbum
3438 987 3535 1056 (7).

2025 1069 2043 1100 ι
2071 1051 2282 1117 Verbis,
2315 1055 2512 1123 inquit,
2547 1056 2880 1115 inluerentes
2915 1077 3196 1118 sacrarum
3226 1051 3541 1138 Scriptura-

1949 1156 2091 1204 rum,
2126 1158 2247 1212 quae
2281 1161 2448 1201 carne
2487 1147 2767 1204 Christum
2796 1168 3016 1221 passum
3048 1171 3168 1211 esse
3210 1159 3533 1227 praedicant,

1947 1241 2003 1286 et
2042 1235 2213 1303 probe
2258 1239 2498 1294 scientes
2536 1243 2849 1310 passionem
2892 1256 3046 1301 extra
3103 1251 3362 1319 passibile
3409 1269 3534 1308 cor-

1947 1339 2052 1394 pus
2081 1326 2224 1380 haud
2253 1329 2468 1398 egredi,
2507 1347 2630 1386 cum
2661 1333 2822 1389 dolor
2854 1337 3126 1408 attingere
3159 1353 3397 1410 nequeat
3433 1345 3538 1398 im-

1948 1418 2263 1486 passibilem
2313 1423 2804 1480 divinitatem...»

1945 1531 2198 1586 Timothei
2217 1533 2410 1614 Aguluri
2438 1537 3199 1614 (8)‘hfereticiﬂonolihysitw
3231 1543 3332 1614 (9),
3359 1563 3423 1599 ea:
3456 1547 3538 1603 di-

2145 1607 2445 1673 sputatione
2470 1607 2539 1659 ad
2558 1607 2936 1663 Alexandrum
2959 1607 3330 1684 Calonymum.

2023 1774 2041 1806 ι
2067 1755 2321 1827 Cyrillus.
2343 1759 2682 1814 Alexandriae
2705 1762 3018 1832 episcopus,
3043 1763 3261 1835 sibimet
3282 1765 3383 1834 ipsi
3409 1781 3539 1819 con-

249 1843 414 1913 οὗτος
447 1851 560 1920 γὰρ
607 1852 880 1922 διαφόρως
919 1854 982 1905 τὸ
1018 1855 1179 1922 σοφὸν
1211 1856 1308 1925 τῆς
1338 1858 1652 1928 όρθοδοξίας
1680 1862 1833 1932 διαρ-

1945 1847 2197 1915 tradicit;
2255 1850 2458 1919 quippe
2510 1853 2605 1921 qui
2666 1853 2857 1906 multis
2911 1853 2964 1907 in
3024 1855 3160 1909 locis
3213 1864 3380 1911 rectae
3411 1855 3537 1923 fidei

198 2007 201 2009 _
251 1940 482 2008 Θρώσας
505 1943 788 2012 κήρυγμα,
828 1943 1166 2012 παλίμϐολος
1191 1949 1407 2014 φανεὶς,
1436 1953 1697 2004 τάναντία
1719 1953 1833 2020 δογ-

1947 1939 2125 2008 capita
2185 1943 2557 2007 recensendo,
2613 1945 3041 1999 inconstantiam
3111 1961 3224 2014 prae
3275 1962 3334 2000 se
3397 1947 3534 2013 fert,

252 2033 501 2101 ματίσας
532 2034 845 2104 ἐλέγχεται·
880 2036 1022 2088 ἐπεὶ·
1041 2036 1170 2106 μίαν
1199 2039 1358 2105 φύσιν
1387 2042 1478 2094 τοῦ
1504 2043 1640 2097 Θεοῦ
1665 2046 1833 2112 Λόγου

1945 2039 2109 2099 atque
2150 2033 2256 2086 sibi
2308 2033 2545 2088 invicem
2579 2037 2854 2089 contraria
2884 2036 3139 2106 dogmata
3178 2037 3396 2092 tradere
3432 2039 3535 2092 de—

249 2123 693 2194 σεσαρκωμένην
762 2127 868 2197 χρὴ
929 2127 1110 2195 λέγειν
1177 2131 1551 2201 ὑποθέμενος,
1617 2136 1833 2188 ἀναλύει

1945 2125 2333 2192 prehenditur.
2397 2127 2536 2208 Nam.
2599 2143 2725 2181 cum
2779 2128 2823 2182 is
2890 2137 3145 2182 naturam
3203 2146 3370 2184 unam
3439 2132 3536 2186 Dei

247 2216 316 2269 τὸ
353 2216 443 2268 ὑπ’
471 2217 655 2269 αὐτοῦ’
670 2218 1068 2286 δογματισθέν,
1122 2223 1214 2274 καὶ
1245 2223 1338 2275 δύο
1366 2224 1557 2291 φύσεις
1591 2228 1682 2279 ἐπὶ
1708 2229 1833 2297 Χρι-

1947 2215 2111 2270 Verbi
2160 2215 2498 2270 incarnatam
2545 2218 2950 2305 dici/Oportere
2998 2222 3299 2284 statuisset,
3332 2225 3534 2278 evertit

250 2307 390 2370 στοῦ
426 2309 746 2379 πρεσϐεύων
779 2311 1064 2364 ἁλίσκεται
1094 2327 1105 2341 ⁸
1170 2315 1264 2367 καὶ
1298 2316 1325 2367 ὅ
1355 2333 1417 2382 γε
1450 2319 1613 2386 σαρκὶ
1643 2319 1833 2373 παθεῖν

1944 2314 2131 2374 postea
2168 2323 2327 2361 suum
2370 2308 2476 2362 hoc
2527 2309 2744 2380 dogma,
2778 2310 2915 2364 duas
2956 2310 3024 2364 de
3053 2311 3274 2366 Christo
3307 2323 3536 2368 naturas

246 2399 351 2450 τὸν
398 2399 532 2451 Θεὸν
582 2401 1006 2469 ἀποφηνάμενος
1053 2404 1247 2472 Λόγον,
1313 2408 1624 2460 τούναντίον
1675 2413 1833 2479 φησὶν

1940 2398 2313 2465 praedicando.
2353 2399 2500 2454 Idem
2535 2417 2658 2454 cum
2700 2409 2862 2455 antea
2892 2402 3124 2456 dixisset
3158 2404 3252 2457 Dei
3289 2404 3531 2459 Verbum

246 2490 437 2542 οὐδενὶ
480 2491 670 2561 τρόπῳ
717 2493 778 2545 τὸ
823 2495 967 2562 ὑπὲρ
1011 2496 1167 2565 ἡμῶν
1216 2497 1582 2562 ἀναδέξασθαι
1628 2502 1836 2564 πάθος·

247 2580 376 2632 ἀλλ’
408 2581 648 2644 ἐναντίος
678 2585 787 2644 τοῖς
818 2586 1040 2648 οἰκείοις
1067 2585 1248 2652 λόγοις
1279 2589 1592 2658 γενόμενος,
1621 2592 1719 2661 τὴν
1745 2591 1839 2644 νῦν

247 2672 565 2740 κρατοῦσαν
598 2674 657 2726 ἐν
684 2666 802 2737 ταῖς
833 2676 1182 2746 Ἐκκλησίαις
1211 2677 1631 2734 δυσδιάλλακτον
1661 2683 1840 2752 μάχην

246 2763 582 2833 ἐνέσπειρε,
638 2765 734 2818 καὶ
779 2765 970 2835 ὥσπερ
1001 2768 1124 2820 τινὰ
1165 2769 1340 2835 φλόγα
1385 2770 1724 2842 λαϐροτάτην
1751 2773 1838 2837 ἐξ·

247 2854 424 2935 ἅψας,
462 2856 554 2908 τὸν
581 2857 684 2926 τῆς
712 2858 926 2924 υίγιοῦς
955 2860 1191 2925 πίστεως
1227 2861 1386 2929 λόγον
1411 2864 1714 2935 ἐνέπρησεν
1734 2882 1748 2896 ·
1790 2866 1839 2919 εί

249 2945 334 3016 μὴ
367 2929 556 3000 θεόθεν
585 2949 778 3016 φανεὶς
811 2948 838 3000 ὁ
871 2952 1214 3021 πατριάρχης
1239 2951 1503 3021 Σεϐἧρος,
1531 2929 1642 3018 rei;
1673 2958 1838 3025 ἱεροῖς

244 3036 419 3089 αὑτοῦ
473 3039 902 3109 συγγράμμασιν
954 3041 1144 3095 ίάσατο
1181 3044 1458 3113 Κορίλλου
1497 3044 1557 3098 τδ
1605 3047 1838 3101 ἄστατον

245 3129 346 3180 καὶ
376 3129 712 3196 παλίμϐολον
735 3171 750 3194 ,
781 3132 1034 3203 καθάπερ
1063 3150 1148 3196 τις
1173 3135 1490 3206 φιλοπάτωρ
1516 3139 1633 3200 υίὸς
1657 3137 1838 3212 λώϐην

243 3219 346 3272 τοῦ
375 3219 644 3288 φύσαντος
674 3223 894 3288 οίκείοις
924 3225 1226 3296 ἐσθήμασιν
1253 3227 1557 3298 άμφιάσας.
1600 3249 1616 3281 ι

336 3479 498 3532 Ἀλλά
525 3479 578 3532 τί
608 3481 742 3548 πρὸς
775 3481 946 3534 ταῦτα
973 3483 1146 3537 πάντα
1180 3484 1312 3552 φασὶ
1341 3465 1503 3538 πάλιν
1527 3486 1660 3557 ἡμῖν
1686 3488 1734 3540 oi
1759 3487 1836 3550 ὡς

246 3571 479 3632 ἀσπίδες
506 3572 575 3624 τά
616 3560 732 3626 ὧτα
768 3573 990 3642 βύοντες
1015 3616 1030 3640 ,
1059 3575 1156 3628 καὶ
1179 3578 1278 3644 τῆς
1305 3577 1412 3629 τῶν
1447 3577 1711 3647 Πατέρων
1741 3595 1834 3631 σο-

247 3662 360 3730 φῆς
393 3663 611 3733 ἐπῳδῆς
666 3666 768 3718 οὐκ
817 3665 1231 3732 είσακούοντεςς
1261 3653 1439 3721 τοιάδε
1475 3669 1584 3738 γάρ
1616 3671 1835 3732 πάντως

244 3755 383 3823 ἡμῖν
417 3755 755 3821 ἀντιλέξουσι
794 3757 887 3808 καὶ
918 3757 1056 3827 πρὸς
1092 3758 1221 3809 τάδε
1246 3774 1260 3788 ο
1295 3757 1359 3809 Τί
1387 3758 1526 3826 δῆτα
1567 3758 1835 3826 μελιττῶν

247 3845 412 3914 δίκην
446 3847 578 3898 πᾶσι
608 3849 720 3908 τοῖς
743 3849 1040 3918 Πατρικοίς
1070 3847 1502 3917 συγγράμμασιν
1528 3850 1834 3919 ἐφιπτάμε-

244 3953 351 4001 νος,
385 3936 449 3987 τὸ
489 3936 587 4004 μὲν
639 3937 760 3990 καθ’
790 3938 987 4007 ἡδονὴν
1013 3937 1142 4006 ὑμῖν
1178 3938 1520 4006 ἀνθολογείτε
1549 3939 1658 3991 τῶν
1698 3941 1834 4010 χρή-

248 4044 410 4090 σεων,
443 4028 537 4079 καὶ
564 4029 951 4097 περιϐομϐεἴτε
981 4029 1127 4098 ἡμᾶς
1155 4027 1372 4090 τούτοις
1405 4029 1733 4098 ἐνδελεχῶς;
1762 4030 1832 4084 τὰ

241 4119 301 4172 δὲ
333 4118 570 4187 πολέμια
593 4122 704 4180 τοῖς
733 4119 1018 4188 ὑμετέροις
1050 4120 1399 4188 φρονήμασιν
1426 4120 1827 4188 ὑπερίπτασθε,

247 4213 378 4280 σιγῇ
411 4210 617 4262 τούτων
663 4211 1120 4280 ἀποπηδήσαντες
1151 4229 1167 4278 ;
1197 4213 1307 4264 Καὶ
1338 4212 1472 4282 πρὸς
1503 4211 1664 4264 τοῦτο
1697 4214 1829 4280 γοῦν

245 4302 505 4372 ἐροῦμεν,
540 4303 616 4365 ὡς
649 4303 816 4367 ὅντως
841 4305 935 4357 καὶ
969 4303 1035 4356 τὰ
1063 4303 1326 4357 δοκοῦντα
1349 4305 1479 4374 ὑμῖν
1513 4308 1828 4374 συμφωνεῖν

243 4392 498 4462 Πατρικά
532 4393 750 4462 ῥήματα
774 4395 885 4457 τοϊς
928 4392 1218 4463 ὑμετέροις
1241 4393 1499 4463 δόγμασι,
1529 4394 1730 4463 μᾶλλον
1761 4396 1830 4448 τά

1944 2503 2108 2543 carne
2147 2505 2389 2558 passum,
2449 2492 2578 2545 alibi
2628 2502 2817 2562 postea
2855 2492 2960 2546 sibi
3013 2495 3421 2557 contradicens,
3451 2512 3538 2550 as~

1944 2579 2079 2633 serit
2116 2579 2292 2648 ipsum
2339 2596 2439 2648 pro
2491 2581 2653 2634 nobis
2701 2583 2811 2650 pati
2864 2582 3017 2636 nullo
3055 2592 3216 2652 pacto
3265 2585 3533 2652 potuisse.

1943 2669 2120 2739 Atque
2176 2672 2250 2725 ita
2318 2662 2540 2726 sibimet
2595 2673 2695 2742 ipsi
2749 2675 3088 2738 contrarius,
3156 2675 3537 2729 disseminavit

1943 2764 2353 2836 atrocissimum
2400 2765 2532 2818 illud
2568 2765 2772 2818 bellum
2811 2765 2959 2833 quod
2987 2781 3136 2819 nunc
3178 2766 3232 2818 in
3270 2766 3537 2820 Ecclesiis

1942 2865 2221 2923 grassatur
2255 2864 2312 2910 et
2358 2857 2449 2911 vix
2486 2872 2548 2910 ac
2575 2871 2669 2911 -ne
2701 2857 2792 2910 vix
2819 2855 3044 2926 quidem
3102 2856 3283 2911 sedari
3317 2867 3532 2926 p0lest;

1943 2945 2339 3016 suscitavitque
2376 2949 2675 3000 maximum
2725 2948 3065 3013 incendium,
3117 2964 3226 3017 quo
3280 2957 3430 3004 recta
3469 2948 3532 3001 ﬂ-

1943 3036 2040 3091 des
2141 3039 2371 3107 ejusque
2430 3039 2681 3108 dogmata
2740 3039 2851 3108 jam
2908 3038 3360 3110 conﬂagrassent,
3425 3041 3533 3096 nisi

1943 3127 2257 3196 patriarcha
2307 3127 2544 3182 Severus
2581 3143 2610 3181 a
2635 3129 2746 3182 Deo
2785 3122 2986 3181 miss‘us
3017 3137 3396 3198 opportunum
3421 3130 3531 3202 Cy-

1943 3219 2049 3272 rilli
2109 3219 2312 3280 morbo.
2341 3220 2645 3273 remedium
2668 3220 2965 3283 attulisset,
2987 3221 3143 3290 quasi
3171 3221 3317 3275 ﬁlius
3348 3237 3537 3276 aman-

1940 3308 2188 3362 tissimus
2221 3309 2397 3378 patris
2441 3308 2642 3362 vulnus
2685 3309 2800 3362 suis
2826 3307 2942 3376 ipse
2980 3309 3230 3363 vestibus
3275 3312 3535 3379 operiens

1940 3405 2262 3466 legensque.
2296 3417 2314 3448 ι
2966 3465 2973 3470 _

2007 3486 2150 3552 Quid
2202 3486 2269 3540 ad
2316 3486 2432 3540 hinc
2462 3495 2734 3555 reponcnt
2770 3486 2830 3550 ii,
2873 3489 2968 3556 qui
3000 3503 3129 3542 suas
3158 3503 3344 3550 aures,
3374 3489 3534 3558 quasi

1937 3577 2156 3646 aspides
2203 3576 2486 3640 obturant,
2543 3578 2935 3648 negliguntque
2983 3579 3393 3649 sapientissima
3428 3581 3531 3634 Pa-

1937 3678 2083 3723 trum
2129 3670 2390 3724 oracula?
2441 3669 2594 3724 Talia
2646 3670 2896 3739 profecto
2951 3671 2988 3724 ii
3050 3670 3468 3740 respondebunt
3517 3691 3530 3725 :

1937 3759 2144 3829 thuid
2171 3775 2336 3829 apum
2382 3761 2556 3814 instar
2586 3759 2882 3814 volitantes
2911 3777 3076 3830 supra
3094 3774 3405 3816 sanctorum
3430 3762 3533 3815 Pa~

1936 3856 2083 3903 trum
2106 3850 2332 3920 scripta,
2357 3851 2512 3919 quasi
2535 3849 2699 3904 ﬂores
2736 3867 2800 3904 ex
2821 3851 2910 3905 his
2927 3852 3226 3922 decerpitis
3269 3853 3536 3908 duntaxat

1933 3941 2082 4010 quod
2118 3941 2277 3995 vobis
2326 3941 2503 4002 lubet,
2570 3941 2737 4010 idque
2787 3942 2934 3996 circa
2993 3958 3093 4012 nos
3134 3945 3531 4013 obstrependo,

1934 4041 2206 4101 perpetuo
2260 4031 2566 4086 decantatis
2599 4071 2614 4096 ,
2668 4047 2732 4086 ea
2805 4033 3060 4087 consulto
3110 4022 3529 4103 praetereuntes,

1932 4135 2058 4188 quae
2092 4128 2289 4174 vestra:
2315 4121 2606 4174 sententiae
2638 4122 2874 4176 maxime
2895 4124 3302 4176 adversantur?
3335 4125 3533 4180 Facilis

1930 4217 2016 4263 est
2047 4209 2267 4265 ad'haac
2321 4220 2378 4265 ct
2407 4210 2664 4280 expedita
2691 4213 3011 4280 responsio;
3054 4229 3180 4266 nam
3215 4230 3278 4269 ea
3309 4231 3532 4285 quoque

1933 4301 2155 4355 Patrum
2188 4303 2357 4364 dicta,
2393 4318 2515 4371 qua:
2533 4311 2730 4356 vestra:
2753 4302 3020 4357 doctrinae
3054 4304 3290 4358 maxime
3325 4306 3531 4359 suifra-

1931 4392 2048 4461 gari
2079 4392 2362 4455 videntur,
2388 4394 2562 4463 magis
2584 4393 2866 4463 magisque
2895 4395 3150 4463 dogmata
3189 4403 3377 4448 nostra
3400 4411 3531 4449 eon-

242 4489 497 4557 ἡμέτερα
537 4489 866 4553 συνιστάνει,
897 4488 1123 4547 δεόντως
1155 4487 1520 4556 ἐξεταζόμενα
1549 4487 1692 4541 κατὰ
1725 4488 1822 4558 τὴν

1938 4483 2174 4546 lirmant,
2207 4483 2252 4537 si
2280 4499 2343 4536 ea
2360 4498 2492 4536 sana
2517 4491 2724 4546 mente,
2757 4493 2818 4537 ut
2838 4483 2998 4537 initio
3024 4483 3161 4547 dixi,
3185 4493 3528 4552 spectentur.

241 4579 476 4642 ἔννοιαν,
509 4578 694 4643 καθὼς
741 4579 800 4644 ἐξ
846 4579 1019 4650 ἀρχῆς
1051 4579 1312 4649 ἐλέγομεν
1336 4596 1349 4609 ο
1382 4580 1443 4630 οὑ
1487 4579 1596 4647 γὰρ
1642 4579 1706 4646 δή
1746 4595 1830 4641 τις

241 4672 349 4724 τῶν
409 4670 678 4738 ἐκκρίτων
728 4671 986 4738 Πατέρων
1026 4669 1358 4739 ἀσύμφωνος
1393 4668 1573 4737 ἐαυτῷ
1617 4667 1827 4738 ἐστινὴ

239 4765 360 4824 τοῖς
392 4762 679 4831 ὁμοτίμοις
704 4761 853 4831 αὗτῷ
878 4760 1019 4814 κατὰ
1040 4762 1137 4831 τὴν
1180 4761 1391 4813 ἔννοιαν
1432 4762 1532 4830 τῆς
1563 4760 1825 4821 πίστεως,

242 4858 289 4908 εί
315 4855 415 4908 καὶ
442 4855 510 4906 δι’
541 4855 743 4923 ἐτέρων
772 4854 973 4916 λέξεων
998 4855 1088 4906 καὶ
1116 4853 1291 4921 λόγων
1321 4852 1643 4921 φερόμενος,
1677 4852 1831 4904 ἐναν-

244 4949 357 5011 τίος
416 4949 545 5015 ὑμῖν
574 4947 727 5000 δοκεῖ
753 4943 915 5010 εἶναι,
945 4947 1044 5009 τὰς
1070 4946 1266 5011 λέξεις,
1305 4945 1400 4998 καὶ
1445 4944 1506 4996 οὐ
1540 4943 1640 5003 τάς
1665 4942 1829 4995 δυνά-

314 5104 396 5172 (7)
436 5103 565 5158 Hac
597 5118 700 5157 ms.
735 5111 1075 5158 memoratur
1118 5120 1146 5158 a
1199 5103 1454 5160 Fabricio
1486 5105 1622 5161 Bibl.
1658 5108 1826 5163 Graec.

242 5188 381 5256 rem.
417 5172 511 5237 IX,
555 5189 613 5243 p.
649 5172 774 5237 545,
829 5173 972 5242 apud
1026 5174 1097 5228 cl.
1151 5174 1330 5228 virum
1391 5175 1711 5232 Michaelem
1754 5178 1829 5232 Le

238 5249 562 5387 uu(§)ni‘uit
600 5313 1068 5387 bic_Tim_otbeus
1092 5314 1398 5387 monachus
1435 5314 1744 5387 Egyptius,
1775 5316 1830 5370 in

237 5384 617 5438 ecclesiastica
663 5383 896 5437 historia
936 5386 1368 5448 celeberrimus;
1405 5383 1674 5452 quive—um
1726 5387 1833 5440 Eu-

240 5454 628 5524 tychianorum
673 5453 964 5525 erroribus
992 5456 1238 5525 impense
1271 5455 1499 5525 faveret,
1531 5457 1827 5510 damnatus

241 5522 696 5596 proscriptusque
755 5522 863 5596 fuit
914 5522 1252 5596 inconcilio
1301 5524 1540 5596 quodam
1571 5525 1826 5596 Egyptio

241 5593 342 5683 qui.
387 5593 615 5683 βιτείμίί
651 5594 959 5683 [fret-crius.
991 5595 1250 5683 Fortasse
1294 5593 1690 5650 denominatus
1714 5593 1824 5649 iuit

242 5665 486 5717 Aulurus
513 5665 607 5716 ἀπ’
632 5665 822 5727 αὐλοῦ,
853 5679 1028 5719 canna
1054 5666 1292 5736 quadam
1317 5680 1510 5729 vacua,
1534 5682 1642 5734 qua
1669 5682 1820 5728 usus,

241 5734 306 5786 ad
346 5734 738 5789 monachorum
772 5735 1001 5790 cellulas
1025 5735 1291 5791 accedere
1317 5742 1481 5790 noctu
1522 5751 1825 5790 consueve-

245 5813 348 5868 rat,
387 5822 443 5859 se
477 5807 728 5876 angelum
764 5820 794 5856 a
831 5804 943 5860 Dco
981 5807 1207 5862 missum
1256 5805 1585 5877 proﬁtendo,
1617 5823 1820 5878 eosque

1927 4574 2100 4628 Nemo
2133 4573 2282 4626 enim
2328 4572 2640 4640 sapientum
2683 4574 2911 4626 Patrum
2946 4574 3000 4626 in
3042 4574 3112 4628 iis
3142 4590 3265 4643 qua:
3307 4575 3374 4628 ad
3432 4591 3529 4629 ve-

1927 4675 2102 4721 stram
2154 4664 2283 4719 ﬁdei
2337 4665 2580 4735 regulam
2614 4673 2891 4734 spectant,
2921 4665 3146 4719 sibimet
3172 4667 3298 4736 ipsi,
3330 4666 3414 4720 vel
3444 4667 3530 4720 sui

1928 4757 2209 4812 similibus
2249 4757 2617 4820 adversatur;
2651 4757 2870 4810 etiamsi
2897 4756 2969 4810 ob
3001 4757 3372 4825 quorumdam
3404 4773 3532 4812 ver-

1929 4852 2134 4905 borum
2183 4849 2392 4918 quibus
2434 4849 2599 4902 Pater
2649 4849 2845 4912 utitur,
2880 4850 3203 4903 varietatem
3253 4851 3356 4904 sibi
3391 4865 3527 4907 cun-

1931 4942 2208 4997 tradicere
2257 4940 2420 4995 vobis
2474 4940 2756 5003 videatur,
2814 4941 2908 5009 qui
2964 4941 3112 4994 nuda
3176 4942 3364 5006 verba,
3415 4957 3528 4996 non

1936 5104 2230 5168 hortando,
2270 5113 2329 5159 ut
2374 5103 2725 5158 Timotheum
2770 5104 2850 5172 (se
2887 5101 3166 5172 videlicet)
3199 5101 3353 5170 sequi
3387 5104 3527 5156 mal-

1937 5177 2074 5240 lent,
2125 5191 2290 5244 quam
2333 5175 2666 5229 Proterium.
2704 5170 2938 5239 Quidam
2995 5170 3246 5244 Aﬁlurum
3280 5187 3405 5244 eum
3444 5174 3526 5227 di-

1938 5255 2089 5300 ctum
2143 5240 2434 5300 autumant
2494 5245 2562 5298 ab
2609 5245 2882 5312 σίλουρος,
2915 5241 3060 5312 quod
3109 5240 3299 5296 Graece
3361 5242 3524 5297 felem

1938 5315 2233 5386 signiﬁcat.
2265 5312 2366 5369 Hic
2395 5329 2563 5383 porro
2594 5315 2816 5382 scripsit
2844 5313 3521 5386 dissertatipnenrquam-

1939 5382 2088 5450 dam,
2141 5387 2304 5454 cujus
2341 5382 2606 5438 memoria
2639 5400 2745 5438 una
2784 5398 2910 5437 cum
2941 5397 3106 5454 opere
3132 5382 3257 5449 ipso
3288 5382 3398 5449 jam
3429 5383 3525 5436 diu

1931 5453 2235 5509 intercidit.
2291 5455 2368 5507 Ex
2415 5455 2518 5508 hac
2564 5454 2828 5507 Leontius
2858 5453 3068 5521 profert
3119 5467 3522 5521 quaest-quon-

1929 5531 2040 5587 tur,
2089 5525 2294 5592 quibus
2337 5524 2479 5578 idem
2527 5523 2796 5578 Leontius
2845 5520 3063 5576 abunde
3103 5520 3391 5573 satisfacit.

1999 5594 2076 5660 (9)
2109 5590 2231 5648 Hoc
2260 5597 2482 5648 umnine
2517 5594 2962 5662 appellabantur.
3001 5598 3060 5644 ut
3091 5605 3260 5662 supra
3295 5590 3518 5662 monui-

1926 5658 2068 5727 Inus,
2095 5664 2442 5734 Eutyehiani,
2487 5658 2779 5734 propterea
2804 5662 2934 5730 quia
2972 5675 3138 5715 unam
3167 5659 3438 5714 duntaxat
3461 5658 3520 5714 in

1923 5734 2144 5788 Christo
2182 5732 2433 5788 naturam
2468 5732 2856 5788 admittebant.
