4094 6334
596 376 722 440 1831

1861 376 2169 433 LEONTII
2214 373 2619 435 BYZANTINI
3712 374 3847 435 18:33.

582 490 879 543 verborum
935 500 1154 539 sensum
1198 484 1599 538 attendendum
1629 485 1850 552 putatis.
1887 485 1993 538 Vos
2023 500 2161 553 pne-

2275 502 2395 553 μεις
2425 485 2531 537 τῶν
2561 486 2733 553 λόγων
2764 486 3112 556 συμόιδάξειν
3136 486 3429 541 ἐθέλουσιν.
3450 486 3588 538 Ἀλλ’
3615 490 3843 550 εἰκότως

582 590 729 633 terea
790 578 925 631 latet
986 584 1373 644 argumentum
1422 576 1490 627 ab
1541 576 1703 629 simili
1750 576 1998 635 ductum.
2054 591 2154 628 nec

579 669 889 736 intelligitis
940 681 1035 720 vos
1084 665 1137 717 id
1196 665 1374 734 ipsum
1430 665 1619 718 latere.
1683 664 2153 731 Quemadmodum

579 760 726 812 enim
758 758 860 810 sub
886 755 1080 809 iisdem
1107 754 1290 809 verbis
1311 755 1450 807 male
1477 757 1749 823 perceptis
1772 756 1945 809 iatere
1977 764 2157 824 potest

580 847 908 917 significatio
946 848 1103 914 plane
1132 846 1381 909 diversa;
1422 846 1492 899 ita
1523 845 1625 898 sub
1654 847 1885 900 vocibus
1922 846 2157 900 diversis

582 948 729 993 recte
753 941 986 1007 sumptis
1006 937 1274 991 contineri
1312 946 1491 1006 potest
1524 937 1664 991 idem
1689 940 1911 992 omnino
1939 954 2151 993 sensus.

581 1029 817 1084 Prodcat
860 1030 1027 1097 igitur
1064 1029 1116 1082 in
1166 1028 1437 1093 medium,
1494 1030 1541 1083 si
1593 1030 1719 1098 quis
1748 1038 1968 1083 sanctus
1996 1030 2157 1083 Pater

580 1120 738 1174 vobis
792 1128 877 1175 est
916 1126 1003 1189 (ex
1054 1135 1245 1173 eorum
1274 1136 1528 1185 numero,
1564 1135 1703 1189 quos
1738 1132 1797 1173 ut
1820 1120 2157 1174 orthod'oxos

580 1227 777 1269 omnes
834 1222 1139 1281 agnoscunt
1180 1220 1237 1266 et
1285 1211 1498 1281 colunt)
1547 1214 1640 1281 qui
1698 1220 1896 1267 vestra:
1934 1222 2158 1266 senten-

582 1305 671 1357 tiae
721 1304 909 1357 favere
962 1303 1249 1369 videatur;
1294 1311 1352 1357 et
1404 1304 1447 1357 si
1500 1304 1643 1373 quod
1691 1304 1989 1373 genuinum
2038 1304 2157 1372 ejus

581 1395 869 1449 oraculum
902 1411 965 1448 ex
998 1404 1214 1448 vetusto
1252 1395 1440 1464 aliquo
1480 1396 1670 1451 codice
1698 1396 2025 1465 depromere
2056 1410 2157 1464 po-

583 1486 758 1553 testis,
813 1486 947 1541 illud
1002 1486 1215 1541 afferte.

652 1664 785 1719 Nam
816 1665 964 1735 quod
1015 1665 1211 1719 attinet
1251 1666 1317 1719 ad
1363 1665 1716 1720 auctoritates
1759 1681 1789 1719 a
1822 1665 1979 1719 vobis
2024 1666 2159 1719 alla—

584 1763 688 1819 tas,
742 1770 866 1809 cum
909 1771 1051 1823 saepe
1103 1755 1429 1810 adulterina:
1464 1772 1529 1810 ac
1559 1756 1756 1825 spurite
1800 1756 2159 1825 deprehensae

581 1847 807 1911 fuerint,
857 1863 951 1901 eas
1004 1847 1239 1915 amplius
1293 1856 1354 1900 ut
1394 1847 1633 1917 integras
1684 1857 1849 1917 atque
1894 1850 2160 1918 genuinas

582 1936 875 1989 admittere
919 1951 1027 1988 non
1066 1951 1375 2004 possumus.
1427 1936 1737 1989 Asserimus
1785 1947 1965 1990 tamen
2012 1946 2068 1989 et
2104 1938 2160 1990 in

584 2027 671 2079 his
719 2026 852 2093 ipsis
886 2025 1311 2079 auctoritatibus
1340 2026 1542 2094 quibus
1572 2026 1725 2079 abuti
1759 2027 1967 2091 soletis,
2000 2043 2158 2081 men-

582 2116 788 2169 tionem
844 2130 985 2179 saepe
1041 2114 1156 2169 ﬁeri
1199 2131 1323 2168 cum
1376 2125 1585 2168 naturae
1628 2128 1682 2169 et
1729 2115 2003 2176 essentia},
2044 2126 2159 2169 tum

584 2208 951 2260 subsistentia:
998 2214 1054 2261 et
1104 2222 1372 2275 personae.
1401 2206 1519 2260 Non
1561 2207 1707 2260 enim
1739 2206 1964 2275 proprio
1994 2221 2159 2260 sensu

582 2313 803 2365 semper
850 2306 1165 2351 sumuntur.
1215 2298 1350 2351 Nam
1398 2312 1521 2351 cum
1567 2314 1796 2367 magnus
1828 2298 2162 2351 Athanasius

582 2397 638 2442 et
669 2389 897 2443 Proclus
943 2405 1210 2458 personas
1256 2398 1309 2446 et
1342 2390 1661 2458 hypostases
1694 2390 1747 2443 in
1774 2389 1994 2444 Christo
2023 2406 2157 2443 con—

579 2481 799 2550 junctas
854 2491 1113 2535 asserunt
1149 2483 1295 2548 (ll);
1352 2491 1465 2534 tum
1534 2482 1730 2539 beatus
1779 2480 2014 2551 Cyrillus
2048 2482 2162 2536 haec

585 2573 787 2625 habet:
812 2574 859 2625 si
877 2574 992 2641 quis
1012 2575 1320 2641 hypostases
1342 2574 1642 2641 distinguit.
1670 2572 1839 2625 Porro
1866 2575 1909 2625 si
1940 2573 2159 2641 propria

584 2661 984 2729 signiﬁcatione
1007 2676 1172 2713 voces
1192 2660 1326 2714 istas
1346 2671 1642 2730 usurpatas
1663 2661 2053 2730 intelligamus.
2068 2675 2162 2715 eas

578 2753 701 2821 jure
740 2766 804 2805 ac
845 2752 1047 2805 merito
1098 2751 1256 2803 nobis
1308 2752 1491 2806 statim
1539 2752 1839 2805 obtrudent
1878 2762 1931 2805 et
1970 2752 2165 2805 Nesto-

585 2842 746 2905 riani,
794 2843 885 2911 qui
920 2857 1184 2910 personas
1212 2843 1264 2894 in
1298 2842 1519 2896 Christo
1550 2842 1807 2910 conjungi
1852 2850 2160 2895 autumant.

585 2932 874 2996 Quomodo
928 2940 1111 2986 autem
1160 2933 1266 2985 hoc
1299 2949 1463 2986 sensu
1504 2934 1653 3001 loqui
1693 2934 1871 3000 potuit
1903 2932 2160 3001 Cyrillus,

585 3024 680 3091 qui
733 3024 784 3076 4°
830 3023 1022 3078 anath.
1071 3024 1188 3077 ait:
1224 3042 1240 3072 ι
1275 3022 1329 3076 Si
1356 3023 1488 3092 quis
1515 3023 1732 3076 duabus
1764 3024 2034 3091 personis,
2079 3022 2161 3076 vel

2263 574 2357 624 καὶ
2387 566 2542 626 τοῦτο
2583 575 2725 641 ὑμᾶς
2764 576 3019 628 λανθάνει
3052 576 3113 628 τό
3147 593 3210 643 γε
3244 577 3427 645 ὅμοιον
3469 580 3840 646 προηγνοηκό-

2260 680 2365 725 τας
2398 680 2410 692 '
2450 663 2639 735 ὥσπερ
2666 665 2775 737 γὰρ
2802 668 2917 720 ἔστι
2961 666 3052 720 διὰ
3079 668 3187 719 τῶν
3215 668 3395 721 αὐτῶν
3422 669 3617 737 φωνῶν
3654 671 3843 739 mago.

2264 771 2355 823 ρον
2381 756 2591 808 ἔννοιαν
2616 759 2975 827 σημαίνεσθαι
3002 759 3226 815 ἐπὶτῶν
3248 760 3612 829 δυσεμφάτων
3637 760 3841 827 λόγων,

2259 846 2403 900 οὕτω
2455 848 2550 899 καὶ
2608 849 2673 900 ἐκ
2735 850 3009 921 διαφόρων
3056 850 3232 917 λόγων
3265 852 3364 919 τὴν
3403 853 3575 921 αὐτὴν
3621 852 3841 903 ἔννοιαν

2262 935 2609 1002 συνάγεσθαι,
2646 938 2739 989 ἐπὶ
2768 938 2874 989 τῶν
2911 940 3266 1008 πολυφράδων
3298 940 3609 1008 νοημάτων.
3645 939 3708 993 Εἰ
3743 936 3845 996 οὖν

2258 1042 2379 1078 τινα
2407 1023 2682 1095 ἔχετετῶν
2706 1029 3145 1101 ὡμολογημένων
3168 1032 3261 1083 καί
3282 1032 3543 1095 γνωστῶν
3572 1030 3837 1101 Πατέρων

2259 1107 2556 1186 ὀρθοδόξων
2577 1156 2591 1179 ,
2627 1117 2721 1169 καὶ
2768 1118 2857 1171 διὰ
2892 1120 3119 1189 τεύχους
3150 1120 3380 1173 παλαιοῦ
3420 1120 3513 1172 καὶ
3548 1119 3842 1173 ἁνοθεύτου

2258 1206 2626 1261 ἐπιδεικνύναι
2656 1226 2706 1261 τι
2736 1212 2847 1272 τοῖς
2900 1211 3192 1281 ὑμετέροις
3237 1211 3471 1282 συνᾷδον
3529 1212 3793 1281 εἰρηκότα
3822 1251 3840 1275 ,

2260 1300 2641 1368 προσαγάγετε
2673 1318 2688 1334 ο
2744 1301 2842 1362 τὰς
2890 1303 2999 1371 τὰρ
3059 1302 3458 1373 κρυψωνύμους
3504 1304 3595 1356 καὶ
3643 1302 3842 1371 φαλσο·

2259 1389 2505 1458 γράφους
2535 1391 2687 1459 ὑμῶν
2718 1394 2939 1462 χρήσεις
2968 1393 3077 1463 (10)
3119 1393 3267 1457 ἅπαξ
3304 1394 3398 1446 καὶ
3432 1394 3513 1456 δὶς
3559 1393 3843 1463 φωραθεί-

2263 1495 2363 1541 σας
2414 1480 2473 1531 ὲν
2532 1481 2778 1552 ἀκεραίῳ
2835 1482 3102 1550 ἁπλότητι
3153 1482 3342 1535 λοιπὸν
3397 1485 3460 1536 οὑ
3528 1484 3841 1553 παραδεχό-

2264 1569 2430 1639 μεθα.

2332 1660 2935 1733 Προδιαμαρτυρόμεοα
2948 1662 3003 1715 δὲ
3023 1662 3171 1731 ὅμως
3190 1664 3271 1717 ὅτι
3286 1662 3343 1714 δν
3362 1666 3698 1734 καταχρήσει
3721 1664 3842 1718 ἐστι

2263 1752 2529 1816 πολλάκις
2576 1756 2987 1825 μεταγενόμενα
3032 1756 3213 1825 εὑρεῖν
3259 1754 3449 1807 καὶτὰ
3494 1757 3593 1825 τῆς
3622 1755 3841 1826 φύσεως

2261 1845 2357 1897 καὶ
2368 1846 2558 1921 οὐσίας
2575 1846 2671 1899 καὶ
2694 1848 3046 1910 ὑποστάσεως
3066 1846 3162 1899 καὶ
3179 1845 3472 1915 προσώπου
3492 1848 3731 1917 ὀνόματα
3745 1848 3842 1899 ἐπὶ

2259 1936 2360 2005 τῆς
2393 1938 2705 2005 οἰκονομίας
2725 1954 2739 1969 ·
2767 1939 2826 1989 οὑ
2859 1938 2967 2008 γὰρ
2996 1938 3204 2007 κυρίως
3234 1938 3322 1990 ἀεὶ
3344 1942 3555 1991 κεῖται.
3602 1937 3841 1990 Ἀθανά-

2262 2027 2375 2091 σιός
2401 2044 2460 2080 τε
2490 2028 2599 2096 γὰρ
2634 2030 2661 2081 ὁ
2717 2029 2909 2097 μέγας,
2945 2031 3039 2082 κα)⁵
3065 2028 3374 2100 προσώπων
3404 2028 3600 2082 ἕνωσιν
3623 2030 3713 2081 ἐπὶ
3738 2026 3841 2083 τοῦ

2262 2115 2495 2183 Χριστοῦ
2544 2116 2941 2187 διισχυρίζεται
2966 2158 2980 2181 ,
3017 2119 3112 2171 καὶ
3156 2119 3402 2188 Πρόκλος
3428 2120 3783 2172 ὑποστάσεων
3819 2133 3836 2148 ⁸

2262 2205 2531 2275 nuptm;
2545 2222 2603 2258 τε
2627 2208 2653 2259 ὁ
2679 2208 2967 2276 μακάριος,
3002 2208 3071 2261 Εἰ
3095 2225 3184 2273 τις
3209 2207 3424 2275 διαιρεῖ
3441 2209 3546 2273 τὰς
3570 2206 3845 2262 ὑποστά-

2261 2309 2416 2359 σεις,
2445 2296 2672 2364 ἔφησεν.
2710 2298 2835 2349 Ἐὰν
2862 2294 3044 2359 cavo;
3070 2297 3416 2366 κυριολεξίας
3437 2297 3566 2351 ὄντα
3587 2298 3678 2350 καί
3707 2298 3841 2350 τάδε

2262 2384 2530 2447 νοοῦνται,
2576 2385 2685 2437 ἰδοὺ
2709 2387 2805 2437 καὶ
2838 2389 2884 2437 οἱ
2919 2386 3275 2455 Νεστοριανοί
3298 2386 3477 2448 καλῶς
3508 2387 3639 2455 ἡμῖν
3662 2385 3842 2438 ταῦτα.

2264 2475 2353 2526 ἀεὶ
2383 2474 2796 2544 προϐάλλονται,
2831 2478 3178 2528 ὑποστάσεων
3214 2478 3307 2529 καὶ
3350 2476 3655 2547 προσώπων
3704 2477 3844 2530 ἕνω-

2267 2580 2351 2616 σιν
2378 2564 2799 2632 δογματίζοντες
2827 2567 2884 2617 ἐν
2913 2568 2977 2634 τῇ
3019 2567 3333 2637 οἰκονομίᾳο
3370 2568 3486 2630 πῶς
3513 2569 3572 2621 δὲ
3611 2569 3677 2621 ἂν
3712 2568 3839 2623 τόδε

2263 2654 2433 2716 οὕτως
2470 2656 2596 2723 ἔφη.
2628 2656 2655 2707 ὁ
2698 2659 2756 2707 ὲν
2786 2657 3028 2725 τετάρτῳ
3062 2656 3490 2726 ἀναθεματισμῷ
3517 2657 3686 2708 εἰπὼν
3722 2658 3839 2710 Πα-

2265 2744 2368 2813 τὴρ
2415 2744 2715 2812 Κύριλλος,
2753 2764 2771 2796 ι
2810 2746 2875 2798 El’
2931 2762 3013 2807 τις
3070 2746 3386 2815 προσώποις
3441 2746 3599 2799 δυσὶν
3666 2747 3841 2816 ἠγουν

2269 2836 2598 2888 ὑποστάσεσι
2623 2837 2867 2903 διανέμει
2889 2839 3095 2903 φωνὰς,
3124 2856 3141 2887 ι
3172 2838 3263 2890 καὶ
3286 2837 3353 2889 τὰ
3384 2838 3545 2905 ὲξῆς;
3583 2839 3670 2890 Ἐν
3687 2839 3744 2891 δὲ
3768 2841 3841 2909 τῇ

2268 2928 2404 2998 πρὸς
2462 2927 2687 2996 βασιλέα
2738 2928 3019 2979 Θεοδόσιον
3071 2928 3350 2997 ἐπιστολῇ.
3384 2929 3519 2983 ἀλλὰ
3554 2930 3647 2981 καὶ
3699 2930 3844 2999 πρὸς

2280 3019 2531 3087 Ἰωάννην
2569 3018 2659 3069 τὸν
2700 3019 3032 3093 Ἀντιοχείας
3059 3018 3219 3085 φησί’
3254 3036 3273 3067 ι
3315 3018 3426 3077 Τὰς
3473 3018 3842 3085 εὐαγγελικὰς

586 3113 964 3167 subsistentiis
989 3113 1410 3176 tribuitvocem,
1444 3133 1459 3163 ι
1492 3121 1548 3167 et
1576 3129 1698 3182 qua:
1724 3114 2061 3181 sequuntur?
2101 3113 2162 3166 Et

2272 3110 2364 3162 καί
2392 3110 2753 3172 ἀποστολικὸς
2788 3110 2913 3179 περί
2937 3109 3029 3162 τοῦ
3058 3110 3264 3177 Κυρίου
3307 3111 3492 3177 φωνὰς
3531 3108 3688 3178 ἴσμεν
3712 3112 3843 3171 τοὺς

583 3206 747 3273 epist.
810 3206 878 3259 ad
931 3206 1319 3273 imperatorem
1364 3205 1736 3258 Theodosium
1780 3220 1882 3258 nec
1934 3220 2045 3257 non
2098 3204 2165 3257 ad

585 3295 739 3351 Joan.
785 3296 1043 3349 Antioch.
1079 3313 1093 3347 :
1130 3314 1145 3345 ι
1175 3296 1461 3359 Novimus,
1488 3295 1684 3362 inquit,
1724 3296 2065 3363 evangelicas
2112 3303 2167 3349 et

588 3386 915 3453 apostolicas
941 3387 1008 3438 de
1041 3386 1262 3439 Christo
1280 3402 1442 3440 voces
1464 3385 1741 3439 interdum
1769 3400 1797 3438 a
1840 3386 2039 3439 sanctis
2064 3386 2166 3439 Pa-

590 3474 768 3528 trihus
801 3476 921 3543 capi
953 3475 1266 3543 promiscue
1294 3484 1549 3542 tanquam
1573 3473 1638 3527 de
1659 3490 1762 3526 una
1787 3489 2049 3542 persona;
2080 3474 2167 3525 in-

592 3565 1626 3633 terdumdividi,etprazdicariquasitle
1651 3566 1859 3618 naturis
1876 3564 2109 3618 duabus.
2142 3584 2159 3616 ι

659 3655 912 3708 Profecto
957 3656 1002 3708 si
1055 3663 1278 3709 sanctus
1321 3655 1479 3709 Pater
1504 3670 1718 3723 semper
1745 3665 1801 3708 et
1834 3655 2037 3724 ubique
2065 3671 2167 3708 na-

592 3760 768 3797 turam
817 3754 872 3798 et
918 3747 1267 3815 hypostasim»
1310 3746 1426 3815 (ubi
1472 3746 1537 3800 de
1575 3748 1796 3800 Christo
1831 3763 2011 3800 sermo
2060 3747 2163 3811 est)

591 3833 735 3887 idem
787 3850 907 3887 esse
949 3843 1126 3903 putat,
1176 3834 1446 3887 fateamur
1495 3843 1713 3901 oportet
1765 3850 1956 3889 omnes
2000 3838 2166 3891 hosce

592 3924 811 3978 divinos
836 3925 1026 3979 Patres
1079 3926 1290 3993 percuti
1347 3925 1703 3978 anathemate
1764 3925 1875 3983 illo.
1924 3940 2033 3993 quo
2084 3924 2164 3978 fe-

593 4016 818 4069 riuntur
868 4016 903 4069 ii
957 4016 1051 4085 qui
1117 4016 1185 4070 de
1239 4015 1453 4069 duabus
1507 4016 1660 4083 quasi
1730 4016 1945 4070 naturis
2004 4031 2164 4071 voces

591 4107 854 4175 quasdam
892 4107 1210 4175 praedicant.
1251 4106 1328 4160 Ne
1379 4109 1563 4174 itaque
1596 4106 1883 4174 proferatis
1917 4107 2164 4175 qumdam

593 4200 777 4253 minus
826 4199 1047 4267 proprie
1104 4198 1247 4251 dicta
1311 4198 1575 4250 adversus
1644 4213 1736 4259 ea,
1774 4214 1895 4267 quae
1948 4202 2166 4268 proprie

593 4291 886 4353 dicuntur;
936 4289 1029 4343 sed
1082 4305 1147 4341 ex
1199 4288 1571 4349 convenienti,
1619 4304 1882 4353 consono,
1925 4299 1979 4343 et
2010 4308 2165 4345 com-

595 4379 830 4433 muniori
878 4394 1131 4433 sermone
1180 4379 1519 4447 conjicienda
1570 4379 1729 4433 nobis
1778 4389 1861 4433 est
1902 4382 2166 4451 vobisque

593 4471 753 4525 simul
794 4470 998 4524 veritas
1040 4484 1229 4523 eorum
1266 4469 1512 4522 omnium
1555 4486 1675 4539 qua:
1717 4471 2092 4538 proferuntur.

666 4560 732 4614 At
753 4560 1059 4624 Nestorius,
1084 4560 1362 4629 inquiunt,
1398 4560 1603 4614 abusus
1628 4570 1712 4615 est
1736 4564 2002 4617 vocabulo
2027 4566 2167 4620 dua-

595 4667 716 4706 rum
740 4654 793 4705 in
813 4651 1035 4705 Christo
1062 4660 1400 4714 naturarum,
1425 4668 1531 4719 qua
1561 4668 1691 4706 voce
1719 4669 1817 4707 vos
1840 4669 2059 4723 quoque
2085 4658 2167 4712 uti

594 4744 984 4799 soletis.-Ad
1026 4744 1142 4798 haec
1178 4744 1599 4812 respondemus,
1638 4762 1764 4800 eum
1799 4763 1958 4801 usum
2001 4750 2169 4805 etiam

588 4852 713 4893 esse
749 4818 1005 4905 pluribus
1031 4835 1156 4888 aliis
1188 4850 1470 4889 sacrarum
1502 4836 1911 4905 Scripturarum
1946 4840 2165 4907 verbis;

592 4926 789 4998 ecquid
847 4926 1171 4996 propterea?
1221 4927 1473 4996 nunquid
1527 4928 1596 4980 ab
1648 4929 1733 4983 his
1797 4931 1961 4985 etiam
2009 4932 2169 4988 nobis

592 5019 1019 5075 abstinendum?
1044 5019 1177 5088 quid
1199 5019 1423 5073 ?Ariaui
1455 5036 1675 5090 quoque
1703 5022 1947 5076 omnium
1980 5024 2168 5092 primi,

586 5120 649 5165 et
692 5110 1119 5179 Apolliltaristae.
1171 5118 1227 5164 et
1278 5110 1367 5164 alii
1416 5111 1657 5165 haeretici
1710 5121 1964 5167 naturam
2006 5129 2170 5169 unam

595 5201 691 5256 Dei
730 5201 893 5255 Verbi
928 5201 1269 5255 incarnatam
1317 5209 1716 5265 asseruerunt;
1751 5200 2004 5269 nunquid
2036 5216 2169 5270 pro-

591 5302 785 5363 pterea
834 5291 887 5343 id
943 5292 1119 5360 ipsum
1150 5307 1251 5345 nos
1300 5306 1543 5346 asserere
1569 5304 1678 5345 non
1708 5280 2043 5360 possumus?
2072 5292 2171 5345 Mi-

668 5420 776 5493 (Ψ)
815 5420 982 5493 Liber
1004 5422 1246 5493 χρήσεων
1268 5421 1663 5493 Monophysitaz
1680 5439 1767 5475 um
1793 5431 1965 5476 exstat
1985 5438 2172 5491 reapse

596 5490 966 5563 in'Vatirano
1006 5490 1260 5559 qundam
1310 5490 1522 5557 codice,
1569 5494 1636 5547 de
1686 5508 1795 5561 quo
1833 5508 1933 5563 ego
1983 5490 2171 5562 postea

600 5562 888 5615 locuturus
932 5578 1074 5613 sum.

676 5631 722 5695 (l
742 5632 786 5693 l)
822 5633 1120 5685 Occasione
1149 5633 1312 5698 hujus
1337 5633 1487 5687 vocis
1513 5632 1809 5685 maximum
1843 5632 2044 5684 bellum
2076 5647 2169 5685 0r-

606 5711 719 5750 tueu
776 5709 859 5752 est
910 5702 1165 5753 lict-lexin:
1211 5705 1410 5755 smeulo
1468 5718 1517 5753 IV
1561 5700 1872 5754 Orientales
1925 5703 2067 5755 inter
2118 5711 2173 5755 et

601 5769 935 5823 Occidi-nlui.
960 5790 1013 5823 ετ
1042 5790 1160 5824 nam
1188 5773 1221 5825 ii
1250 5788 1409 5824 unua.)
1438 5776 1489 5825 in
1518 5771 1784 5823 'l‘rinitatc
1814 5771 2171 5839 hypoatasim,

2275 3200 2573 3269 θεηγόρους
2628 3200 2847 3268 ἄνδρας,
2891 3199 2988 3261 τὰς
3039 3199 3138 3269 μὲν
3179 3198 3616 3259 κοινοωιοῦντας
3650 3197 3725 3259 ὼς
3753 3200 3843 3265 ἐφ’

2270 3290 2386 3351 ἑνὸς
2445 3288 2777 3358 προσώπου,
2828 3290 2925 3351 τὰς
2974 3288 3031 3339 δὲ
3087 3287 3431 3358 διαιροῦντας
3481 3287 3556 3350 ὡς
3606 3287 3699 3341 sui.
3745 3286 3844 3340 δύο

2271 3381 2509 3449 φύσεων.
2547 3398 2566 3431 ι

2342 3641 2402 3693 Εἰ
2428 3640 2538 3710 γὰρ
2566 3639 2817 3708 πανταχῆ
2854 3640 2943 3691 ἐπὶ
2980 3641 3076 3709 τῆς
3110 3639 3422 3707 οἰκονομίας
3458 3637 3843 3706 ἀποκληρωτι-

2268 3734 2381 3794 κῶς
2432 3732 2595 3800 φύσιν
2626 3733 2721 3783 καὶ
2748 3732 3046 3793 ὑπόστασιν
3078 3733 3275 3783 ταυτὸν
3310 3727 3449 3784 οἶδεν
3487 3734 3515 3783 ὁ
3549 3729 3759 3798 Πατὴρ,
3793 3730 3845 3779 οἱ

2267 3826 2600 3896 διαιροῦντες
2616 3823 2689 3885 ὡς
2714 3824 2805 3875 ἐπὶ
2830 3823 2921 3875 δύο
2941 3823 3154 3889 φύσεων
3177 3824 3272 3885 τὰς
3300 3824 3501 3890 φωνὰς,
3532 3826 3609 3891 τῷ
3640 3821 3845 3890 ἀναθή-

2272 3934 2400 3986 ματι
2423 3915 2499 3983 τῷ
2528 3916 2620 3965 ἐπὶ
2642 3913 2749 3966 τῶν
2782 3913 2873 3966 δύο
2905 3913 3235 3966 ὑποστάσεσι
3265 3912 3627 3981 διανεμόντων
3655 3910 3845 3979 φωνὰς

2269 4006 2507 4076 κειμένῳ
2553 4004 3065 4075 καθυποὸἐϐληνται
3110 4005 3308 4066 πάντες
3341 4004 3389 4055 οἰ
3422 4002 3696 4071 Οεηγόροι.
3746 4003 3844 4071 Μὴ

2269 4096 2363 4152 οὖν
2404 4098 2475 4151 τὰ
2525 4098 2598 4168 μὴ
2638 4098 2845 4165 κυρίως
2916 4096 3060 4147 κατὰ.
3104 4095 3215 4146 τῶν
3278 4094 3484 4163 κυρίως
3533 4093 3845 4163 εἰρημένων

2269 4191 2619 4261 προφέροιτε,
2649 4187 2763 4239 ἀλλ’
2784 4189 2844 4238 ἐκ
2866 4186 2958 4238 τοῦ
2978 4187 3278 4255 πρέποντος
3301 4185 3459 4252 λόγου
3492 4185 3585 4237 καὶ
3614 4183 3843 4252 συμφὼο

2269 4300 2359 4335 νου
2382 4283 2473 4334 καί
2496 4280 2802 4349 κοινοτέρου
2822 4280 2916 4330 καὶ
2934 4279 3096 4329 πᾶσιν
3120 4278 3371 4347 ὡμολογη
3381 4277 3565 4346 μένου,
3597 4278 3694 4345 τῆς
3716 4278 3847 4345 ἁληο

2270 4373 2419 4435 οείας
2459 4370 2783 4441 στοχαστέον
2812 4372 2948 4440 ἡμῖν
2980 4385 3039 4421 τε
3079 4370 3174 4422 καὶ
3201 4369 3328 4436 ὑμῖν
3382 4367 3525 4419 κατὰ
3555 4369 3733 4421 πάντα
3772 4369 3845 4423 τὰ

2190 4491 2251 4550 D-
2272 4481 2347 4517 πα
2355 4464 2652 4533 ραγόμενα.

2342 4554 2565 4624 Πρῶτον
2626 4552 2725 4622 μὲν
2758 4551 2849 4604 οὖν
2886 4550 3063 4602 εἰπεῖν
3091 4565 3104 4580 ·
3161 4549 3483 4614 Νεστόριος,
3518 4549 3680 4615 φασὶ,
3714 4566 3846 4601 κοιτ-

2265 4650 2537 4717 εχρήσατο
2566 4648 2630 4715 τῇ
2669 4646 2777 4697 τῶν
2816 4643 2909 4696 δύο
2940 4641 3157 4708 φύσεων
3203 4644 3353 4710 φωνῇ
3389 4641 3481 4692 ἐπὶ
3512 4640 3769 4709 Χριστοῦς
3809 4634 3846 4714 ᾗ

2266 4743 2361 4792 καὶ
2398 4736 2912 4808 ὑμεῖ;.-Δέγομεν
2927 4733 3020 4787 οὖν
3046 4734 3127 4785 ὅτι
3159 4733 3253 4784 καὶ
3283 4731 3585 4801 Γραφικαῖς
3637 4737 3843 4800 φωναῖς

2266 4832 2488 4893 πολλαῖς
2524 4830 2793 4898 ἐχρήσατο
2820 4843 2833 4856 ·
2873 4826 3010 4895 μηδὲ
3046 4819 3208 4879 αὗται
3244 4818 3337 4876 οὖν
3384 4823 3846 4890 ὀνομαζέσοωσαν

2264 4925 2419 4993 ἡμῖν,
2455 4922 2502 4973 εί
2535 4919 2793 4989 συνορᾶτε
2826 4931 2838 4944 ·
2883 4916 3016 4969 ἀλλὰ
3057 4916 3153 4967 καὶ
3180 4918 3247 4984 τῇ
3291 4916 3392 4986 μιᾷ
3424 4914 3582 4983 φύσει
3612 4913 3706 4966 τοῦ
3737 4914 3846 4967 Λό-

2268 5030 2365 5082 γου
2427 5010 2819 5081 σεσαρκωμένῃ
2855 5009 2903 5059 οἰ
2941 5008 3213 5077 Ἀρειανοὶ
3260 5006 3466 5077 πρῶτοι
3498 5006 3589 5058 καὶ
3627 5005 3845 5058 Ἀπολι-

2268 5104 2445 5173 νάριοι
2490 5103 2584 5154 καὶ
2612 5100 2787 5169 ἕτεροι
2838 5099 3107 5169 αἱρετικοὶ
3136 5096 3520 5167 προσχρῶνται
3545 5113 3558 5127 °
3593 5096 3847 5165 σιγητέον

2270 5191 2363 5249 οὖν
2394 5195 2487 5247 καὶ
2514 5192 2665 5262 τήνδε
2697 5192 2783 5244 διὰ
2803 5191 2990 5244 τούσδε
3016 5207 3029 5255 ;
3064 5189 3213 5259 οὐχί·
3249 5187 3362 5240 ἀλλ’
3392 5187 3664 5258 ἐμφράξει
3696 5189 3847 5239 πᾶσα

2272 5287 2471 5356 ἀνομία
2501 5285 2563 5337 τὺ
2594 5284 2767 5353 στόμα
2800 5283 2969 5352 αὐτῆς
2993 5321 3007 5344 ,
3042 5282 3204 5350 ἡμεῖς
3235 5279 3293 5333 δὲ
3331 5278 3846 5351 παρῤησιασώμεοα

2272 5420 2329 5473 hi
2378 5428 2489 5473 tres
2532 5418 2871 5472 astruebant.
2923 5414 3024 5480 Qui
3069 5415 3198 5469 licet
3228 5414 3576 5482 specietenus
3607 5411 3713 5465 sibi
3758 5410 3846 5463 in-

2270 5490 2445 5543 vicem
2489 5488 2764 5542 adversari
2794 5485 3029 5539 maxime
3070 5485 3411 5545 viderentur,
3441 5500 3497 5537 re
3523 5484 3637 5547 ipsa
3664 5491 3846 5535 tamen

2270 5574 2463 5613 omnes
2501 5557 2941 5613 consentiebant.
2996 5555 3131 5609 Nam
3172 5555 3250 5607 illi
3306 5553 3641 5623 hypostasim
3693 5551 3847 5623 acci-

2271 5630 2494 5697 piebant
2539 5644 2639 5697 pro
2686 5625 3022 5697 substantia,
3071 5625 3147 5697 hi;
3171 5640 3302 5697 vero
3330 5619 3430 5692 pro
3462 5619 3845 5697 subsistentia:

2274 5688 2382 5753 ilac
2425 5700 2492 5752 de
2532 5688 2590 5751 re
2622 5697 2765 5751 vide.
2797 5696 2839 5747 si
2877 5695 3075 5762 placet,
3120 5688 3376 5747 [insiliunt
3403 5694 3565 5761 epist.
3609 5691 3732 5753 28’2,
3777 5688 3845 5741 ad

2275 5768 2569 5833 .‘tlclctium,
2602 5776 2658 5821 et
2700 5766 2860 5835 epist.
2900 5764 3021 5817 5‘29.
