4094 6334
288 372 429 435 1833

1477 379 1777 440 CONTRA
1816 381 2423 443 MONOPHYSITAS.

3421 378 3556 444 1854.

282 487 361 547 ὡς
397 485 472 537 δεῖ
506 485 741 550 λαλῆσαι
791 486 936 539 κατὰ
979 486 1070 539 τον
1118 486 1382 557 οεοοαρσῆ
1416 490 1634 557 κήρυκα
1661 505 1674 518 ⁸
1705 492 1733 540 ό
1759 492 1868 558 γὰρ

1975 491 2119 546 nime
2147 490 2412 560 profecto.
2457 489 2564 546 Sed
2589 489 2808 544 claudat
2841 503 2904 543 os
2946 502 3105 542 suum
3144 489 3394 559 impietas
3417 507 3433 555 ;
3456 507 3558 544 nos

285 580 387 647 τῆς
439 574 696 648 ἀληθείας
732 577 892 642 λόγος
929 579 986 630 ὲν
1037 577 1116 647 τῷ
1162 577 1602 647 θριαμϐεύεσθαι
1633 617 1648 640 ,
1677 579 1778 631 οὐκ
1811 580 1870 634 ἐν

286 667 369 736 τῷ
428 665 950 736 περικαλύπτεσθαι,
981 669 1105 738 νικᾷ
1153 669 1210 720 τὸ
1235 667 1428 736 ψεῦδος
1449 684 1462 697 °
1499 669 1596 724 καὶ
1627 668 1870 732 δοξάζειν

288 758 454 820 αὐτὸς
479 755 586 810 οῐδε
610 757 739 826 τοὺς
764 757 1062 821 λαλοῦντας
1092 759 1274 824 αὑτὸν,
1293 759 1393 811 οὐκ
1425 759 1490 811 ὲκ
1516 758 1624 811 τῶν
1649 757 1872 811 λαλούν-

289 867 404 902 των
460 849 622 912 αὐτὸς
681 847 1000 913 δοξάζεται·
1029 850 1123 902 καὶ
1181 850 1309 920 περὶ
1365 851 1462 919 μὲν
1514 849 1670 902 τοῦδε
1717 851 1866 905 τάδε,

288 940 497 994 Λοιπὸν
522 940 578 992 δὲ
609 939 808 1009 ἴδωμεν
843 935 932 992 οἷὰ
960 942 1075 993 ἐστι
1101 941 1190 994 καὶ
1223 942 1257 994 ἃ
1294 957 1456 1011 φασιν
1497 941 1649 994 αὐτοὶ
1682 942 1870 1008 σαφῶς

291 1032 426 1100 μίαν
450 1029 614 1099 φύσιν
643 1031 738 1084 τοῦ
777 1033 984 1103 Κυρίου
1031 1028 1234 1100 λέγειν,
1275 1033 1373 1084 καὶ
1409 1032 1506 1093 τὰς
1539 1030 1632 1083 δύο
1655 1032 1868 1100 ἀπαγο-

275 1121 477 1190 ρεύειν
512 1122 702 1190 φύσεις
734 1123 1040 1189 παντελῶς,
1078 1123 1333 1194 Πατρικὰ
1359 1123 1624 1192 δόγματα.

289 1405 409 1459 Τοῦ
441 1407 619 1476 ἀτίου
669 1408 978 1477 Κιρίλλου
1009 1409 1077 1462 ἐκ
1111 1408 1220 1473 τῆς
1250 1409 1402 1478 πρὸς
1428 1409 1780 1463 Σούκενσον
1810 1411 1872 1462 B'

918 1478 1265 1531 ἐπιστολῆς.

951 1493 1166 1532 mat/0.1
1177 1497 1208 1546 η
1217 1499 1265 1543 ς.

371 1585 390 1617 ι
429 1567 503 1620 Τὸ
527 1568 708 1636 λέγειν
738 1568 833 1622 δύο
879 1569 1070 1636 φύσεις
1112 1568 1410 1638 ὑφεστάναι
1446 1569 1590 1639 μετὰ
1610 1568 1710 1638 τὴν
1734 1567 1872 1621 ἐνω-

285 1674 380 1710 σιν
421 1658 766 1734 ἀδιαιρέτως,
800 1658 1070 1729 μάχεσθαι
1132 1663 1246 1712 ἐστι
1285 1663 1397 1722 τοῖς
1433 1659 1564 1729 μίαν
1613 1656 1751 1712 εἶναι
1779 1657 1870 1710 λέ-

283 1765 451 1815 γουσι
493 1750 592 1818 τὴν
617 1749 710 1801 τοῦ
742 1751 918 1818 Λόγου
949 1749 1110 1818 φύσιν
1155 1751 1602 1822 σεσαρκωμένην.
1641 1767 1661 1801 ›
1705 1749 1871 1803 Ἀλλὰ

286 1837 434 1906 πρὸς
464 1839 864 1909 Νεστοριανοὺς
887 1840 1045 1892 τοῦτο
1067 1839 1263 1907 λέγων,
1282 1841 1534 1910 ἐπιφέρει
1564 1840 1704 1908 μετὰ
1731 1839 1871 1910 βρα-

282 1929 390 1997 χέα
415 1969 430 1993 ,
461 1921 506 1980 ὦ
537 1925 704 1982 οὗτοι·
743 1929 802 1981 τὺ
837 1929 944 1998 γὰρ
974 1929 1322 1997 ἀδιαιρέτως
1357 1930 1656 1999 προστεθὲν
1679 1970 1694 1990 .
1727 1931 1874 1984 δοκεῖ

287 2016 395 2084 μὲν
433 2015 566 2086 παρ’
594 2018 725 2086 ἡμῖν
768 2016 933 2086 ὀρθῆς
971 2012 1111 2069 εἶναι
1140 2015 1298 2086 δόξης
1330 2015 1685 2085 σημαντικδν,
1720 2018 1875 2069 αὐτοὶ

281 2104 348 2157 δὲ
375 2106 475 2173 οὐχ
501 2103 674 2167 οὕτως
701 2105 902 2159 voc-Scr
935 2105 994 2158 τὸ
1015 2107 1124 2175 γὰρ
1153 2107 1492 2172 ἀδιαίρετον
1521 2107 1653 2178 παρ’
1685 2108 1874 2169 αὐτοῖς

285 2193 433 2245 κατὰ
467 2195 564 2256 τὰς
593 2194 889 2263 Νεοτορίου
910 2181 1275 2262 καινοφωνίας
1299 2193 1420 2246 καθ’
1443 2194 1633 2266 ἕτερον
1659 2194 1875 2264 λαμϐά-

282 2302 446 2340 νεται
480 2286 710 2354 τρόπον’
745 2287 878 2354 φησὶ
908 2285 1015 2354 γὰρ
1047 2286 1130 2338 ὅτι
1165 2288 1231 2355 τῇ
1267 2288 1530 2356 ἰσοτιμίᾳ,
1561 2289 1627 2355 τῇ
1681 2304 1874 2339 ταυτο-

286 2376 508 2447 6ουλίᾳ,
540 2379 607 2446 τῇ
664 2375 924 2447 αύθεντὶᾳ
952 2375 1257 2446 ἀδιαίρετός
1284 2380 1398 2429 ἐστι
1425 2377 1520 2429 τοῦ
1553 2378 1728 2445 Λόγου
1756 2377 1784 2428 ὁ
1815 2381 1875 2431 ἐν

284 2462 336 2535 ᾧ
365 2467 687 2540 κατῴκησεν
717 2468 1004 2539 ἄνθρωπος
1029 2485 1042 2499 ο
1075 2469 1216 2521 ὥστε
1242 2470 1338 2538 οὐχ
1371 2469 1556 2531 ἁπλῶς
1578 2471 1675 2532 τὰς
1701 2469 1872 2534 λέξεις

284 2561 548 2627 λέγουσιν
579 2577 592 2591 ’
634 2561 769 2612 ἀλλὰ
821 2561 962 2629 μετὰ
1015 2578 1161 2623 τινος
1209 2562 1568 2631 κακουργίας.
1613 2563 1748 2615 Ἰδοὺ
1780 2563 1874 2616 οὖν

291 2655 553 2706 σκοπεῖτε
573 2653 931 2721 εὐγνωμόνως
963 2653 1046 2704 ὅτι
1071 2653 1167 2724 τὴν
1197 2653 1296 2722 μὲν
1329 2655 1513 2724 φωνὴν
1541 2649 1682 2706 οῐδεν
1706 2654 1874 2724 ὀρῡῆς

288 2745 479 2814 δόξης,
506 2746 568 2798 τὸ
624 2744 682 2798 δὲ
737 2743 1063 2811 κακούργως
1113 2745 1234 2814 ἔχον
1268 2746 1444 2814 νόημα
1484 2745 1870 2810 ἀποϐάλλεται,

289 2838 436 2908 ὅπερ
473 2837 529 2902 ἐξ
579 2837 752 2907 ἀρχῆς
786 2838 880 2888 καὶ
905 2839 1009 2897 ’έως
1036 2835 1221 2898 τέλους
1259 2840 1436 2888 ποιεῖν
1471 2839 1566 2890 καὶ
1602 2838 1750 2906 ὑμᾶς
1781 2838 1876 2890 καὶ

291 2928 460 2993 ὑμεῖς
510 2926 895 2995 δυσωποῢμεν.
948 2927 1135 2979 Ἔστιν
1171 2922 1265 2978 οὖν
1302 2927 1401 2997 τὴν
1445 2929 1614 2998 αὐτὴν
1663 2927 1876 2990 ἀσεϐῶς

290 3021 476 3071 εἰπεῖν
507 3035 628 3070 τινα
667 3019 848 3086 φωνήν
875 3033 888 3047 ·
915 3017 1049 3071 ἀλλὰ
1083 3020 1175 3070 καὶ
1209 3020 1307 3086 τὴν
1338 3018 1531 3088 ἑτέραν
1563 3019 1748 3088 φωνὴν
1778 3019 1875 3087 τὴν

287 3108 566 3175 λέγουσαν
594 3110 724 3179 μέαν
756 3110 916 3178 φύσιν
946 3109 1040 3161 τοῦ
1087 3109 1225 3162 Θεοῦ
1279 3110 1455 3178 Λόγου
1487 3109 1876 3178 σεσαρκωμέ-

1978 591 2170 637 contra
2208 583 2387 637 libere
2435 582 2750 650 loquamur,
2795 590 2853 634 ut
2900 581 3053 649 loqui
3097 580 3257 635 decet
3289 580 3558 656 divinitus

1978 671 2218 726 adlatum
2253 685 2581 741 praeconem.
2621 670 2755 724 Nam
2786 669 3034 723 veritatis
3064 669 3293 723 verbum
3325 683 3424 738 per
3450 669 3558 723 hoc

1979 763 2155 818 vincit
2199 761 2580 826 mendacium,
2628 761 2776 830 quod
2832 759 3185 828 praedicetur,
3238 775 3352 813 non
3407 759 3555 829 quod

1975 857 2318 920 occultetur;
2354 854 2613 922 idemque
2660 853 2896 906 honorat
2953 865 3051 904 eos
3111 851 3204 919 qui
3256 850 3558 919 praedicant

1978 944 2181 1012 ipsum,
2212 949 2328 997 non‘
2355 958 2386 996 a
2415 941 2849 1012 praedicantibus
2881 941 3208 993 honoratur.
3245 940 3368 995 Haec
3398 940 3552 994 satis.

1978 1035 2269 1105 Reliquum
2304 1045 2407 1097 est,
2444 1043 2504 1088 ut
2531 1034 2820 1089 videamus
2845 1041 3159 1087 sanctorum
3186 1032 3410 1085 Patrum
3437 1046 3556 1086 ora-

1976 1127 2099 1180 cula
2135 1141 2259 1194 quae
2287 1124 2600 1184 manifeste.
2635 1132 2694 1178 ut
2729 1121 2833 1192 ipsi
2865 1123 3042 1184 aiunt,
3067 1121 3288 1176 Christo
3324 1121 3553 1175 Domino

1977 1214 2231 1268 tribuunt
2254 1221 2512 1266 naturam
2541 1228 2726 1279 unam,
2759 1219 2817 1266 at
2843 1211 2981 1266 duas
3017 1211 3197 1265 eidem
3228 1211 3556 1266 tribuendas

1976 1305 2205 1360 omnino
2243 1312 2456 1359 vetant.

2137 1409 2319 1465 Sancti
2347 1408 2536 1482 Cyrilli
2556 1424 2619 1462 ea;
2642 1407 2864 1479 epistola
2883 1407 2942 1463 II
2965 1408 3036 1462 ad
3072 1405 3388 1462 Sucensum.

2052 1580 2070 1612 ι
2111 1562 2294 1619 Fateri
2336 1561 2448 1616 duo
2490 1561 2796 1615 subsistere
2836 1570 2958 1630 post
2988 1562 3296 1617 naturalem
3320 1564 3556 1633 conjun-

1977 1652 2242 1714 ctienem,
2275 1652 2394 1707 sine
2440 1653 2551 1706 ulla
2597 1652 2977 1717 distinctione,
3021 1653 3076 1707 id
3129 1662 3317 1722 aperte
3351 1663 3558 1725 pugnat

1979 1758 2106 1797 eum
2131 1743 2200 1796 iis
2223 1744 2316 1812 qui
2350 1741 2514 1797 Verbi
2547 1752 2802 1806 naturam
2847 1759 3016 1798 unam
3054 1746 3394 1800 incarnatam
3425 1762 3556 1816 pro-

1903 1841 1945 1896 Β
1975 1834 2222 1890 ﬁtentur.
2251 1837 2454 1891 Verum
2483 1837 2793 1901 enimvero,
2815 1835 3178 1892 stolidissima
3201 1837 3400 1906 capita,
3430 1853 3559 1892 san-

1976 1935 2100 1982 ctus
2121 1927 2284 1981 Pater
2311 1937 2437 1996 post
2462 1926 2718 1995 quaedam
2755 1927 2861 1981 alia
2889 1928 3138 1982 subdidit
3168 1928 3286 1983 haec
3331 1927 3398 1982 ad
3429 1943 3560 1997 pro-

1975 2019 2245 2089 ﬂigandns
2271 2019 2725 2073 Nestorianorum
2745 2035 2985 2074 errores.
3012 2021 3229 2075 Etenim
3258 2037 3360 2076 vox
3387 2023 3560 2076 ἀδιαι-

1978 2112 2171 2182 ρέτως,
2221 2111 2334 2164 sine
2379 2111 2736 2174 distinctione,
2779 2111 3000 2165 videtur
3038 2111 3181 2181 apud
3218 2126 3306 2166 me
3344 2121 3558 2167 rectum

1975 2203 2170 2272 dogma
2200 2202 2535 2272 signiﬁcare,
2566 2218 2676 2255 non
2710 2202 2840 2256 item
2868 2203 3012 2271 apud
3051 2203 3175 2257 illos
3208 2204 3304 2272 qui
3333 2214 3560 2258 contra-

1976 2295 2119 2348 rium
2147 2294 2410 2347 sentiunt.
2428 2294 2564 2348 Nam
2586 2294 2730 2363 apud
2755 2295 2904 2363 ipsos
2929 2295 3042 2349 htrc
3070 2311 3176 2348 vox
3197 2295 3559 2350 indiatinctum

1976 2385 2282 2439 secundum
2329 2386 2572 2439 Nestorii
2620 2385 3134 2453 interpretationem
3183 2385 3344 2455 longe
3401 2387 3560 2440 aliter

1976 2491 2138 2544 quam
2161 2476 2303 2544 apud
2331 2491 2430 2530 nos
2457 2475 2761 2545 accipitur;
2788 2476 2865 2529 ait
2883 2476 3031 2530 enim
3058 2476 3336 2530 hominem
3371 2477 3424 2530 in
3449 2493 3560 2546 quo

1977 2567 2220 2621 Verbum
2256 2567 2544 2631 habitavit,
2577 2568 2648 2621 ab
2677 2583 2745 2622 eo
2789 2568 3016 2622 minime
3047 2568 3337 2638 distingui,
3373 2571 3557 2640 digni-

1977 2665 2086 2710 tate
2123 2659 2358 2721 scilicet,
2395 2660 2682 2713 voluntate
2709 2668 2873 2728 atque
2901 2669 3197 2730 potestate.
3229 2661 3413 2727 Quare
3437 2663 3562 2716 lau-

1977 2746 2104 2801 data
2145 2745 2334 2818 Cyrilli
2380 2749 2548 2825 verba
2583 2751 2934 2819 accipiuntur
2965 2751 3033 2804 ab
3082 2753 3148 2806 iis
3195 2769 3304 2806 non
3337 2754 3560 2822 propria

1979 2840 2536 2910 signiﬁcationersed
2573 2843 2782 2895 malitia
2810 2843 3045 2912 quadam
3079 2845 3133 2898 in
3174 2860 3403 2914 pravum
3431 2861 3564 2899 sen-

1978 2946 2099 2985 sum
2151 2932 2574 3000 detorquentur.
2644 2932 2840 2986 Videte
2903 2949 3035 3003 ergo
3091 2934 3561 3003 quemadmodum

1980 3033 2205 3075 sanctus
2244 3023 2400 3076 I‘ater
2429 3038 2491 3075 ea
2517 3037 2653 3076 voce
2685 3031 2837 3077 recte
2871 3032 3079 3089 utatur,
3117 3041 3344 3094 pravum
3368 3037 3562 3080 contra

1981 3126 2201 3165 sensum
2227 3111 2456 3166 omnino
2501 3113 2737 3182 rejiciat',
2764 3121 2900 3167 utet
2935 3114 3094 3168 vobis
3128 3115 3309 3169 facere
3332 3132 3361 3169 a
3405 3118 3562 3186 prin-

290 3217 438 3266 νην,
475 3203 588 3252 ἔστι
618 3203 759 3254 κατὰ
791 3203 1028 3271 Ἄρειον,
1054 3200 1127 3263 ὡς
1164 3202 1223 3253 ού
1253 3203 1430 3270 πάντη
1467 3202 1743 3271 ἀτρέπτου
1774 3200 1873 3268 φύ-

1975 3203 2124 3271 cipio
2181 3218 2354 3272 usque
2385 3203 2452 3257 ad
2514 3204 2676 3257 ﬁnem
2726 3213 3016 3272 optamus,
3067 3205 3559 3276 obsecramusque.

291 3311 439 3349 cem:
462 3293 613 3358 ὄντος
633 3293 726 3345 τοῦ
749 3293 881 3345 Υἱοῦ
910 3295 1069 3345 νοεῖν·
1100 3294 1197 3344 καὶ
1219 3293 1359 3346 κατὰ
1376 3292 1769 3362 Ἀπολινάριον,
1797 3293 1872 3354 ὡς

290 3385 466 3438 αύτοῦ
517 3384 612 3436 τοῦ
659 3385 834 3451 Λόγου
886 3385 1006 3437 ἀντὶ
1044 3384 1137 3436 νοῦ
1173 3383 1410 3452 ψυχικοῦ
1451 3383 1775 3453 γενομένου,
1807 3386 1874 3454 τῇ

294 3470 696 3546 ἕμψυχωθεξσῃ
741 3475 924 3545 ἀλόγῳ
983 3475 1148 3545 σαρκὶ
1177 3473 1527 3537 λογίζεσθαι·
1585 3474 1682 3526 καὶ
1737 3473 1880 3526 κατὰ

291 3568 572 3636 Εύτυχέα,
592 3569 665 3629 ὡς
682 3566 846 3620 αῖ)τοῦ
873 3567 965 3619 τοῦ
980 3567 1151 3634 Λόγου
1177 3567 1256 3628 εἰς
1279 3565 1456 3634 σάρκα
1477 3563 1878 3635 μεταποιηοέν-

290 3677 384 3723 τος
411 3659 752 3728 ἐκδέχεσθαι.
785 3658 912 3711 Ἐὰν
935 3653 1027 3711 οὖν
1054 3658 1128 3729 μὴ
1148 3657 1216 3709 τὰ
1232 3658 1476 3727 νοήματα
1498 3656 1884 3724 ἁνακρίνωμεν

287 3754 402 3805 τῶν
443 3751 877 3821 ὁμολογούντων,
913 3751 1009 3804 καὶ
1029 3750 1238 3820 ταύτην
1275 3748 1539 3818 κάκείνην
1565 3748 1665 3802 οὐκ
1703 3749 1880 3811 ἄλλως

296 3844 646 3913 προσιέμεθα
699 3845 801 3914 τὴν
837 3844 1023 3913 φωνήν
1047 3860 1062 3875 ’
1092 3842 1250 3895 τοῦτο
1277 3841 1388 3911 γὰρ
1416 3843 1443 3894 ὁ
1475 3840 1669 3910 Πατήρ
1721 3857 1879 3912 φησι,

290 3937 376 3990 ὅτι
407 3936 483 3997 ὡς
509 3935 958 4004 κακουργοῦντας
985 3935 1110 4004 περὶ
1142 3934 1238 4003 τὴν
1268 3933 1477 3986 ἔννοιαν
1507 3933 1606 4002 τῆς
1633 3931 1882 3994 ὲνὼσεως

288 4028 403 4080 τῶν
443 4027 681 4095 φύσεων,
730 4025 804 4096 μὴ
837 4024 1203 4095 ἀποδέχεσθαι
1239 4026 1365 4086 τοὺς
1398 4026 1708 4094 αἱρετικοὺς
1751 4023 1830 4075 δεῖ
1859 4038 1874 4052 ·

289 4120 388 4172 καὶ
417 4120 607 4188 εὖηχοι
641 4116 751 4171 εἷεν
774 4119 830 4171 αἱ
859 4117 1051 4185 pur/alt
1077 4117 1137 4168 οὐ
1171 4118 1280 4187 γὰρ
1300 4117 1398 4184 τὴν
1422 4115 1546 4168 καθ’
1575 4115 1876 4167 ὑπόστασιν

288 4210 515 4279 λέγουσι
545 4209 653 4261 τῶν
693 4209 928 4277 φύσεων,
957 4207 1092 4260 ἀλλὰ
1121 4208 1263 4260 κατὰ
1303 4206 1490 4275 σχέσιν
1519 4207 1831 4276 ἀδιαίρετον
1859 4218 1874 4234 ⁸

288 4308 347 4358 ὲν
388 4303 611 4364 πολλαῖς
641 4300 749 4370 γὰρ
787 4299 1204 4369 χρηστολογίαις
1248 4294 1359 4349 οἶδε
1392 4297 1493 4367 τὴν
1525 4297 1743 4365 ἀπάτην
1781 4297 1879 4348 καὶ

287 4399 315 4449 ὁ
343 4393 679 4454 ’Δπόστολος
709 4391 1004 4461 γινομένην
1028 4405 1042 4418 ·
1073 4391 1154 4442 ὅτι
1215 4388 1272 4440 δὲ
1320 4387 1480 4439 τοῦτο
1529 4386 1704 4448 οὕτως
1743 4388 1876 4447 νοεῖ,

1974 3293 2278 3348 Possumus
2303 3309 2435 3364 ergo
2488 3311 2614 3349 cum
2655 3311 2849 3350 vocem
2899 3297 3047 3350 illam
3076 3297 3247 3366 impio
3283 3313 3447 3352 sensu
3483 3299 3566 3354 ef-

1973 3383 2143 3447 ferre,
2173 3393 2286 3438 tum
2322 3393 2378 3438 et
2409 3384 2552 3438 hanc
2581 3384 2744 3438 aliam
2783 3373 3237 3454 subsequentem,
3269 3403 3433 3442 unam
3465 3389 3563 3442 Dei

1976 3474 2142 3529 Verbi
2180 3484 2434 3528 naturam
2466 3477 2810 3528 iucarnatam
2857 3475 3213 3544 interpretari
3250 3493 3375 3530 cum
3407 3479 3561 3543 Ario,

1980 3566 2134 3634 quasi
2181 3565 2352 3619 Filius
2402 3566 2766 3621 immutabilis
2800 3576 3012 3622 natura:
3045 3583 3154 3622 non
3193 3568 3300 3633 sit;
3335 3577 3392 3623 et
3439 3585 3562 3623 cum

1981 3659 2298 3726 Apollinare
2321 3659 2478 3726 quasi
2500 3659 2744 3712 Verbum
2778 3659 2832 3712 in
2868 3660 3105 3714 animata
3134 3676 3300 3714 carne
3330 3661 3561 3716 rationis

1981 3755 2230 3816 experte,
2267 3747 2385 3801 vice
2420 3747 2623 3801 mentis
2656 3747 2960 3818 fungatur;
2989 3755 3045 3802 et
3077 3764 3202 3803 cum
3234 3749 3562 3820 Eutychete,

1978 3839 2137 3908 quasi
2163 3838 2408 3894 Verbum
2436 3827 2616 3907 ipsum
2661 3839 2714 3892 in
2745 3855 2970 3894 carnem
3011 3840 3180 3894 fuerit
3211 3855 3562 3894 conversum.

1975 3931 2092 3986 Nisi
2127 3947 2259 4001 ergo
2278 3931 2656 4001 proﬁtentium
2675 3941 2920 3986 mentem
2946 3941 3003 3987 et
3039 3934 3284 3986 animum
3309 3943 3568 3987 accurate

1976 4022 2460 4091 perpenderimus,
2514 4037 2800 4090 nunquam
2854 4030 3006 4076 recte
3045 4037 3235 4076 vocem
3293 4023 3451 4110 Ιιιιιιςιχ
3480 4023 3568 4078 vel

1973 4111 2122 4164 illam
2158 4109 2678 4180 interpretabimur.
2710 4111 2800 4165 Ait
2833 4113 2980 4166 enim
3009 4121 3236 4166 sanctus
3265 4109 3569 4168 Patcr'non

1973 4201 2279 4255 audiendos
2313 4202 2626 4266 haereticos,
2661 4212 2858 4272 utpote
2885 4203 2954 4258 de
2977 4212 3303 4257 naturarum
3333 4206 3568 4275 conjun-

1974 4292 2158 4347 ctione
2211 4292 2353 4346 male
2407 4293 2738 4357 sentientes,
2806 4295 3026 4348 etiamsi
3084 4311 3252 4350 voces
3303 4295 3372 4349 ab
3436 4297 3574 4365 ipsis

1977 4393 2257 4454 usurpata:
2292 4384 2435 4439 bene
2482 4400 2682 4439 sonare
2713 4385 3037 4441 videantur.
3085 4387 3207 4440 Non
3239 4386 3386 4440 enim
3418 4402 3571 4441 asse-

288 4489 386 4540 καὶ
422 4487 480 4538 ὲν
506 4488 573 4554 τῇ
610 4484 734 4552 ἑξῆς
765 4485 830 4552 ἣν
871 4483 1176 4552 παράγουσι
1213 4479 1409 4548 χρήσει
1444 4478 1613 4545 σαφὲς
1659 4477 1836 4543 ἔσται.

1981 4483 2111 4529 runt
2140 4476 2175 4529 ii
2196 4476 2478 4530 Christum
2503 4477 2854 4530 individuum
2875 4477 3182 4532 secundum
3207 4478 3571 4548 hypostasim,

287 4576 388 4632 sed
442 4574 752 4630 secundum
791 4572 1062 4626 habitum.
1114 4571 1175 4624 in
1245 4569 1434 4623 multis
1477 4567 1627 4623 enim
1676 4566 1912 4621 vocibus
1987 4580 2108 4634 qua):
2166 4564 2324 4619 bona:
2373 4565 2657 4629 videntur,
2707 4566 2929 4621 latitare
2983 4566 3173 4620 dolntn
3213 4583 3280 4622 ac
3323 4567 3574 4622 fraudem

288 4682 438 4728 ctare
465 4671 748 4742 perspexit
777 4669 944 4724 etiam
995 4667 1313 4737 Apostolus.
1358 4665 1516 4731 Quod
1547 4671 1732 4718 autem
1766 4661 2005 4735 Cyrillus
2028 4661 2103 4718 ita
2139 4661 2364 4729 sentiat,
2402 4661 2551 4716 clare
2614 4662 2815 4732 liquet,
2843 4673 2902 4716 et
2955 4677 3024 4716 ex
3084 4663 3340 4732 sequenti
3399 4663 3576 4732 ipsius

290 4765 544 4825 oraculo,
585 4762 734 4831 quod
766 4761 803 4815 ii
843 4761 1138 4815 decantare
1168 4761 1403 4812 maxime
1435 4759 1635 4813 solent.
1670 4774 1693 4807 ι

298 4873 413 4929 Τοῦ
436 4873 626 4927 αὑτοῦ
649 4873 718 4926 ἐκ
746 4871 865 4926 τῶν
896 4876 982 4937 εἰς
1007 4872 1158 4937 πρὸς
1199 4859 1508 4939 Ἐϐραίους
1534 4910 1549 4936 ,
1581 4867 1870 4938 δευτέρου

1975 4867 2225 4931 Eiusdem
2289 4881 2352 4919 ea:
2404 4872 2545 4920 tomo
2596 4864 2656 4939 I‘I
2711 4864 2919 4939 Comm.
2983 4866 3040 4917 in
3107 4861 3285 4934 Epist.
3347 4866 3418 4918 ad
3469 4866 3578 4920 Ile-

983 4942 1192 5011 τόμον.

369 5065 391 5099 ι
436 5047 881 5108 ’Λποδιιστάντες
929 5046 1038 5116 γὰρ
1096 5046 1343 5115 ἀλλήλων
1393 5045 1490 5108 τὰς
1525 5044 1626 5116 ,δύο
1652 5041 1868 5114 φύσεις,

292 5139 392 5190 καὶ
443 5138 548 5190 avi
591 5137 759 5208 μέρος
816 5139 947 5207 ἡμῖν
998 5137 1266 5205 ἑκατέραν
1319 5126 1575 5202 ὰσυναφῆ
1636 5134 1875 5201 θατέραν

290 5228 653 5293 δεικνύοντες,
688 5230 747 5280 ἐν
810 5227 994 5296 μόνοις
1049 5225 1365 5295 προσώποις
1420 5225 1556 5293 φασὶ
1614 5222 1868 5292 γενέσῢαι

291 5322 393 5390 τὴν
430 5319 646 5393 ἱνωσιν,
681 5321 777 5374 καὶ
804 5319 880 5383 ὼς
915 5318 971 5370 ἐν
997 5334 1063 5384 γε
1091 5317 1222 5386 ψιλῇ
1258 5317 1561 5370 συναινέσει
1605 5317 1700 5368 καὶ
1732 5332 1868 5367 ταυ-

291 5411 544 5483 τοὸουλεᾳ
575 5413 669 5464 καὶ
722 5411 1050 5479 θελημάτων
1099 5411 1296 5480 ῥοπαῖς
1331 5426 1342 5437 ·
1386 5408 1506 5460 κατ’
1541 5406 1723 5461 ἐκεῖνό
1763 5423 1866 5458 που

290 5502 434 5572 τάχα
475 5503 536 5556 τὸ
568 5504 626 5556 ὲν
673 5504 792 5565 ταῖς
823 5502 866 5553 Π
879 5499 1067 5568 ρόιξεσι
1100 5499 1208 5552 τῶν
1241 5497 1411 5567 ἁγίων
1435 5498 1750 5551 ἀποστόλων
1777 5513 1867 5565 γε·

290 5596 625 5665 γραμμένον,
665 5596 774 5651 Τοῦ
810 5593 881 5648 δὲ
931 5592 1210 5660 πλήθους
1248 5591 1365 5646 τῶν
1413 5590 1874 5644 πιστευσάντων

2613 4935 2778 4988 ινωοε
2803 4935 2940 5006 (ιε).

2052 5057 2071 5090 ι
2132 5039 2526 5104 Secernentes,
2562 5039 2660 5101 ait,
2708 5053 2738 5092 a
2783 5053 2844 5093 se
2887 5037 3126 5092 invicem
3185 5036 3325 5093 duas
3367 5036 3580 5095 Christi

1978 5137 2229 5190 naturas,
2254 5136 2310 5183 et
2338 5115 2505 5181 unam
2555 5127 2624 5181 ab
2678 5127 2787 5181 alia
2819 5126 3142 5181 distinctam
3191 5127 3577 5195 ostendentes,

1985 5218 2040 5272 id
2080 5235 2250 5274 unum
2275 5233 2278 5236 ί
2307 5219 2623 5290 significare
2662 5219 2880 5281 volunt,
2915 5218 3183 5288 personas
3226 5219 3489 5274 videlicet
3523 5222 3576 5275 in

1977 5314 2199 5372 Christo
2246 5312 2418 5366 fuisse
2449 5311 2778 5380 coniunctas
2829 5311 3038 5373 animo,
3072 5320 3128 5365 et
3177 5327 3476 5378 consensu,
3522 5323 3580 5368 et

1977 5408 2328 5460 voluntatum
2365 5404 2595 5464 atl'eetu,
2638 5417 2751 5455 non
2781 5416 2943 5457 secus
2988 5418 3053 5457 ac
3089 5404 3123 5457 ii
3179 5403 3248 5457 de
3294 5405 3579 5473 quibusin

1976 5497 2096 5550 Act.
2133 5495 2230 5549 SS.
2279 5494 2660 5562 apostolorum
2697 5494 2967 5562 scriptum
2997 5495 3230 5564 legimus
3275 5513 3287 5548 :
3327 5495 3578 5550 Multitu-

1989 5587 2127 5639 dinis
2170 5592 2347 5638 autem
2400 5582 2730 5638 credentium
2791 5599 2956 5636 unum
3011 5600 3100 5636 cor
3138 5591 3254 5636 erat
3296 5592 3345 5637 et
3391 5585 3579 5638 animo

368 5774 473 5844 (li)
516 5774 623 5833 Hoc
665 5775 1022 5831 luculentum
1070 5770 1254 5841 Cyriili
1311 5770 1684 5824 testimonium
1720 5781 1864 5822 nunc
1905 5767 2141 5836 primum
2176 5765 2350 5818 luvcm
2389 5761 2586 5826 aspicit
2624 5759 3064 5832 praecedentibus
3101 5758 3494 5829 adjiciendum.
