4094 6334
570 374 695 437 ltiti

1835 376 2143 433 LEONTlI
2188 373 2592 435 BYZANTINI
3686 376 3822 437 liii-3

556 488 852 541 verborum
909 499 1127 538 sensum
1173 482 1572 537 attendendum
1603 484 1824 551 putatis.
1860 484 1966 537 Vos
1997 500 2132 552 pne-

2248 502 2368 552 μεις
2398 486 2504 537 τῶν
2534 487 2706 553 λόγων
2736 488 3085 557 συμϐιϐἀζειν
3108 488 3402 543 ἐθέλουσιν.
3423 488 3561 541 Ἀλλ’
3589 492 3817 552 εἰκότως

555 587 703 630 terea
763 576 899 629 latct
959 582 1346 642 argumentum
1395 574 1464 627 ab
1514 575 1676 628 simili
1723 575 1971 635 ductum,
2027 590 2127 628 nec

552 666 863 734 intelligitis
914 679 1009 717 vos
1057 663 1109 715 id
1168 664 1347 732 ipsum
1404 664 1592 717 latere.
1656 664 2126 730 Quemadmodum

552 757 699 809 enim
731 756 833 808 sub
858 753 1053 807 iisdem
1079 753 1263 807 verbis
1284 754 1423 806 male
1450 756 1722 822 perceptis
1744 756 1917 809 latere
1950 764 2129 823 potest

553 844 881 914 signiﬁcatio
918 846 1076 911 plane
1105 844 1354 907 diversa;
1394 844 1465 897 ita
1495 844 1597 897 sub
1627 846 1857 899 vocibus
1894 846 2129 900 diversis

555 945 701 990 recte
725 938 959 1005 sumptis
980 926 1247 989 contineri
1285 944 1464 1004 potest
1497 936 1637 991 idem
1661 940 1884 991 omnino
1911 954 2123 993 sensus.

554 1027 789 1081 Prodeat
832 1028 999 1095 igitur
1036 1027 1088 1079 in
1137 1027 1410 1092 medium,
1467 1030 1513 1081 si
1565 1029 1691 1097 quis
1720 1036 1941 1082 sanctus
1968 1030 2129 1082 Pater

553 1118 710 1172 vobis
764 1126 849 1172 est
888 1124 975 1187 (ex
1026 1133 1217 1171 eorum
1246 1134 1501 1183 numero,
1536 1134 1675 1187 quos
1710 1131 1769 1172 ut
1792 1120 2129 1174 orthodoxos

552 1224 750 1267 omnes
806 1220 1111 1279 agnoscunt
1152 1218 1209 1265 et
1257 1210 1470 1279 colunt)
1520 1212 1612 1280 qui
1670 1220 1868 1265 vestrae
1906 1222 2130 1266 senten-

554 1302 643 1355 tia:
693 1301 881 1355 favere
934 1301 1221 1367 videatur;
1267 1310 1323 1355 et
1375 1303 1419 1356 si
1472 1303 1615 1372 quod
1662 1304 1961 1373 genuinum
2010 1304 2129 1372 eius

553 1393 841 1446 oraculum
874 1408 937 1445 ex
970 1402 1187 1447 vetusto
1224 1393 1411 1463 aliquo
1452 1395 1642 1449 codice
1670 1395 1996 1464 depromere
2028 1410 2128 1464 po-

554 1484 730 1551 testis,
784 1484 919 1538 illud
973 1484 1186 1540 aﬂerte.

623 1662 757 1717 Nam
788 1662 935 1731 quod
986 1663 1183 1717 attinet
1222 1664 1289 1717 ad
1334 1664 1687 1719 auctoritates
1730 1680 1761 1719 a
1792 1664 1949 1719 vobis
1994 1665 2130 1719 alla-

555 1760 659 1817 tas,
714 1768 837 1806 cum
880 1768 1022 1821 sacpe
1075 1754 1399 1808 adulterina:
1435 1771 1500 1808 ac
1530 1755 1727 1824 spuria:
1771 1756 2129 1824 deprehensa:

552 1844 778 1908 fuerint,
828 1861 922 1899 cas
975 1845 1209 1913 amplius
1264 1854 1326 1899 ut
1366 1846 1603 1915 integras
1655 1857 1820 1916 atque
1864 1849 2131 1917 genuinas
2163 1829 2201 1882 Β

553 1934 847 1987 admittere
890 1949 998 1986 non
1037 1949 1346 2001 possumus.
1397 1934 1708 1989 Asserimus
1755 1946 1935 1989 tamen
1982 1938 2130 1990 etin

555 2024 641 2077 his
690 2023 823 2090 ipsis
856 2024 1282 2077 auctoritatibus
1311 2024 1513 2093 quibus
1542 2025 1696 2078 abuti
1730 2026 1937 2089 soletis,
1971 2043 2128 2081 meu-

552 2113 758 2166 tionem
814 2128 955 2176 szepe
1012 2112 1127 2166 ﬁeri
1170 2129 1293 2167 cum
1346 2124 1555 2168 natura:
1598 2128 1653 2168 et
1699 2114 1973 2175 essentia),
2014 2125 2128 2169 tum

555 2205 921 2258 subsistentia:
968 2212 1024 2259 et
1074 2220 1342 2273 personae.
1371 2205 1489 2259 Non
1531 2206 1677 2258 enim
1709 2206 1934 2275 proprio
1964 2222 2130 2259 sensu

552 2310 773 2363 semper
820 2305 1135 2349 sumuntur.
1185 2296 1321 2350 Nam
1368 2312 1491 2349 cum
1537 2313 1766 2366 magnus
1798 2298 2131 2352 Athanasius

552 2394 608 2440 et
638 2386 867 2442 Proclus
913 2403 1180 2456 personas
1225 2396 1280 2445 et
1313 2388 1631 2457 hypostases
1663 2389 1717 2442 in
1744 2388 1964 2443 Christo
1992 2405 2126 2442 con-

549 2478 768 2547 iunctas
824 2489 1083 2533 asserunt
1119 2480 1264 2546 (ll);
1322 2489 1436 2532 tum
1504 2480 1699 2533 beatus
1749 2480 1984 2550 Cyrillus
2017 2482 2131 2536 haec

555 2570 757 2623 habet:
782 2572 963 2639 siqui:
982 2573 1289 2640 hypostases
1312 2572 1611 2640 distinguit.
1640 2572 1809 2625 Porro
1836 2574 1879 2625 si
1910 2573 2129 2640 propria

554 2659 953 2727 signiﬁcatione
976 2673 1142 2711 voces
1162 2659 1296 2711 istas
1316 2669 1611 2728 usurpatas
1632 2660 2022 2729 intelligamus,
2037 2675 2132 2714 eas

546 2751 671 2819 jure
710 2764 772 2802 ac
814 2750 1016 2803 merito
1067 2749 1225 2802 nobis
1276 2750 1461 2805 statim
1508 2750 1808 2803 obtrudent
1847 2760 1901 2803 et
1940 2751 2134 2804 Nesto-

555 2839 715 2901 riani,
762 2840 854 2908 qui
889 2855 1153 2908 personas
1182 2841 1233 2892 in
1267 2840 1488 2894 Christo
1519 2840 1775 2909 conjungi
1821 2850 2129 2895 autumant.

554 2930 843 2994 Quomodo
896 2939 1079 2984 autem
1128 2931 1235 2983 hoc
1268 2947 1431 2984 sensu
1473 2932 1621 2999 loqui
1662 2932 1840 2999 potuit
1871 2932 2129 3000 Cyrillus,

554 3021 647 3088 qui
702 3021 753 3073 4ο
798 3021 991 3075 anath.
1040 3022 1156 3075 ait:
1193 3041 1210 3069 ‹
1244 3020 1298 3074 Si
1324 3022 1457 3090 quis
1484 3022 1700 3075 duabus
1732 3024 2003 3089 personis,
2047 3022 2129 3076 vel

2237 574 2331 624 καὶ
2360 568 2515 626 τοῦτο
2556 576 2698 642 ὑμᾶς
2736 576 2992 630 λανθάνει
3024 579 3086 630 τό
3120 595 3182 645 γε
3218 579 3400 647 ὅμοιον
3442 582 3815 649 προηγνοηκιί·

2233 680 2338 725 τας
2372 681 2383 693 ·
2423 663 2612 736 ὥσπερ
2639 666 2748 737 γὰρ
2775 669 2890 721 ἔστι
2934 668 3024 721 διὰ
3052 669 3159 722 τῶν
3188 670 3369 723 αὐτῶν
3394 671 3590 738 φωνῶν
3626 674 3816 741 διάφοο

2237 771 2327 823 ρον
2354 757 2564 808 ἔννοιαν
2589 760 2947 827 σημαίνεσθαι
2975 761 3067 817 ἐπὶ
3088 761 3199 813 τῶν
3221 763 3585 831 δυσεμφάτων
3609 763 3811 830 λόγων,

2231 846 2375 900 οὑτω
2428 849 2523 900 καὶ
2581 850 2645 901 ἐκ
2708 851 2981 922 διαφόρων
3028 852 3204 919 λόγων
3237 855 3336 921 τὴν
3376 855 3547 923 αὐτὴν
3594 855 3810 907 ἔννοιαν

2234 935 2582 1002 συνάγεσθαι,
2619 938 2847 991 ἐπὶτῶν
2883 941 3238 1009 πολυφράδων
3270 943 3581 1010 νοημάτων.
3617 942 3680 995 Εἰ
3713 938 3815 998 οὖν

2230 1042 2351 1078 τινα
2380 1024 2655 1095 ἔχετετῶν
2678 1029 3117 1102 ὡμολογημένων
3140 1033 3233 1085 καὶ
3254 1034 3515 1097 γνωστῶν
3543 1033 3806 1103 Πατέρων

2231 1107 2528 1186 ὀρθοδὸξων
2549 1157 2563 1180 ,
2600 1118 2693 1170 καί
2740 1119 2829 1171 διὰ
2864 1121 3091 1191 τεύχους
3122 1122 3351 1175 παλαιοῦ
3392 1122 3485 1174 καὶ
3519 1122 3813 1176 ἁνοθεύτου

2230 1206 2598 1261 ἐπιδεικνύναι
2627 1227 2677 1261 τι
2708 1214 2819 1273 τοίς
2872 1213 3164 1283 ὑμετέροις
3208 1214 3442 1284 συνᾷδον
3502 1215 3762 1284 εἰρηκότα
3790 1254 3809 1278 ,

2232 1300 2613 1369 προσαγάγετε
2644 1319 2660 1335 ο
2716 1302 2813 1364 τὰς
2862 1304 2971 1373 τὰρ
3030 1304 3429 1375 κρυψωνύμους
3475 1306 3566 1358 καὶ
3614 1305 3813 1373 (pulso-

2231 1389 2477 1458 γράφους
2506 1391 2659 1460 ὑμῶν
2689 1395 2911 1463 χρήσεις
2939 1394 3050 1463 (10)
3091 1394 3237 1461 ἅπαξ
3276 1396 3370 1448 καὶ
3404 1397 3484 1459 δίς
3530 1396 3813 1466 φωραθεί-

2235 1495 2335 1541 σας
2386 1481 2444 1532 ὲν
2504 1482 2749 1553 ἀκεραίῳ
2805 1483 3073 1551 ἁπλότητι
3124 1484 3313 1537 λοιπὸν
3368 1487 3430 1538 οὑ
3499 1486 3811 1556 παραδεχό-

2235 1570 2401 1639 μεθα.

2303 1661 2906 1734 Προδιαμαρτυρόμεθα
2920 1663 2975 1717 δὶ
2994 1664 3143 1732 ὅμως
3161 1665 3242 1718 ὅτι
3257 1664 3314 1716 ιν
3333 1669 3668 1737 καταχρήσει
3690 1667 3811 1720 ἔστι

2233 1752 2501 1816 πολλάκις
2547 1756 2959 1825 μεταγενόμενα
3003 1758 3185 1826 εὑρεῖν
3230 1756 3323 1809 καὶ
3354 1758 3420 1809 τά
3465 1759 3563 1827 τῆς
3592 1758 3811 1827 φύσεως

2232 1845 2327 1897 καὶ
2339 1846 2529 1910 οὐσίας
2546 1846 2642 1900 καὶ
2664 1848 3017 1911 ὑποστάσεως
3037 1848 3133 1901 καὶ
3150 1847 3443 1917 προσώπου
3463 1850 3700 1919 ὀνόματα
3715 1851 3813 1902 ἐπὶ

2230 1937 2331 2005 τῆς
2364 1939 2675 2005 οἰκονομίας
2695 1955 2709 1970 ·
2738 1940 2797 1990 οὐ
2829 1940 2937 2009 γὰρ
2967 1940 3175 2008 κυρίως
3204 1940 3291 1992 (ἵει
3314 1944 3493 1992 κεῖται
3512 1980 3525 1993 .
3572 1940 3811 1993 Ἀθανά-

2232 2027 2346 2091 σιός
2371 2044 2430 2080 τε
2461 2028 2569 2097 γὰρ
2604 2032 2631 2082 6
2687 2030 2880 2098 μέγας,
2915 2033 3009 2083 καὶ⁸
3035 2030 3344 2101 προσώπων
3375 2030 3570 2084 ἒνωσιν
3592 2032 3683 2083 ἐπὶ
3707 2028 3810 2086 τοῦ

2232 2116 2465 2184 Χριστοῦ
2514 2118 2911 2188 διισχυρίζεται
2936 2158 2950 2181 ,
2988 2120 3083 2171 καὶ
3126 2121 3371 2190 Πρόκλος
3398 2122 3751 2175 ὑποστάσεων
3787 2135 3805 2151 ⁸

2231 2205 2501 2275 Κύριλλός
2515 2223 2573 2258 τε
2597 2209 2623 2260 6
2648 2210 2936 2277 μακάριος,
2970 2210 3042 2263 El
3064 2226 3155 2274 τις
3178 2208 3394 2277 διαιρεῖ
3410 2212 3516 2275 τὰς
3540 2208 3814 2265 ὑποστά-

2231 2310 2385 2359 σεις,
2415 2297 2641 2364 ἔφησεν.
2680 2298 2805 2350 Ἐάν
2832 2295 3014 2361 οὑνώς
3040 2299 3385 2367 κυριολεξίας
3406 2299 3535 2352 ὄντα
3557 2300 3648 2353 καὶ
3677 2300 3810 2352 τάδε

2232 2384 2500 2447 νοοῦνται,
2546 2386 2655 2438 ἰδοὺ
2678 2388 2774 2439 καὶ
2807 2390 2854 2438 οἱ
2889 2387 3245 2457 Νεστοριανοί⁸
3267 2388 3446 2449 καλῶς
3478 2390 3609 2457 ἡμῖν
3632 2388 3811 2440 ταῦτα.

2233 2475 2323 2527 ἀεὶ
2352 2475 2765 2545 προϐάλλονται⁹
2801 2479 3148 2529 ὑποστάσεων
3183 2480 3276 2531 καὶ
3319 2478 3625 2549 προσώπων
3673 2480 3813 2532 ἔνω-

2236 2580 2320 2617 σιν
2347 2564 2769 2633 δογματίζοντες
2797 2568 2853 2618 ἐν
2882 2570 2947 2635 τῇ
2988 2568 3302 2639 οἰκονομίᾳ⁸
3339 2570 3455 2632 πῶς
3482 2571 3540 2623 δὲ
3580 2570 3647 2623 ἂν
3680 2571 3807 2625 τόδε

2232 2654 2403 2716 οὕτως
2439 2656 2565 2723 ἔφη.
2597 2657 2624 2707 6
2668 2659 2726 2707 ὲν
2756 2659 2997 2726 τετάρτῳ
3031 2658 3459 2728 ἁναϐεματισμῷ
3486 2659 3656 2711 εἰπὼν
3690 2661 3808 2712 Πα-

2234 2745 2337 2813 τὴρ
2384 2744 2684 2813 Κύριλλος,
2723 2765 2740 2797 ι
2778 2747 2844 2799 Εἰ
2900 2764 2983 2808 τις
3040 2747 3354 2817 προσώποις
3410 2748 3567 2802 δυσὶν
3636 2750 3810 2819 ἠγουν

2238 2836 2567 2895 ὑποστάσεσι
2592 2838 2836 2904 διανέμει
2858 2839 3065 2903 φωνὰς,
3093 2857 3110 2889 ι
3141 2840 3232 2891 καὶ
3255 2838 3321 2891 τά
3352 2839 3513 2906 ὲξῆςς
3552 2842 3639 2892 Ἐν
3656 2841 3712 2893 δὲ
3736 2843 3810 2912 τῇ

2237 2929 2373 2998 πρὸς
2431 2928 2656 2996 βασιλέα
2707 2928 2988 2980 Θεοδόσιον
3040 2930 3319 2998 ἐπιστολῇ,
3352 2932 3487 2984 ἀλλὰ
3523 2932 3616 2983 καὶ
3668 2932 3813 3001 πρὸς

2249 3018 2501 3087 Ἰωάννην
2538 3018 2627 3070 τὸν
2670 3019 3001 3093 Ἀντιοχείας
3027 3019 3187 3087 φησί’
3223 3037 3242 3069 ι
3283 3020 3394 3079 Τάς
3441 3021 3810 3087 εὐαγγελικὰς

555 3110 933 3165 subsistentiis
957 3111 1379 3174 tribuitvoccm,
1413 3131 1428 3161 ι
1461 3120 1516 3165 et
1545 3128 1666 3181 qua:
1692 3114 2030 3180 sequuntur?
2069 3113 2132 3166 Et

2240 3109 2332 3162 καὶ
2360 3110 2722 3173 άποστολικάς
2756 3112 2881 3181 περὶ
2905 3109 2997 3162 τοῦ
3025 3111 3232 3179 Κυρίου
3275 3113 3460 3179 φωνὰς
3499 3110 3657 3180 ῐσμεν
3680 3114 3811 3173 τοὺς

552 3203 715 3271 epist.
778 3204 846 3257 ad
899 3205 1287 3271 imperatorem
1332 3203 1704 3257 Theodosium
1749 3219 1851 3257 uec
1902 3219 2013 3256 non
2065 3204 2133 3257 ad

552 3292 707 3349 Joan.
754 3294 1011 3347 Antioch.
1048 3311 1062 3345 :
1098 3312 1113 3343 ι
1143 3294 1429 3357 Novimus,
1457 3294 1652 3361 inquit,
1692 3295 2033 3363 evangelicas
2080 3302 2135 3349 et

556 3384 883 3450 apostolicus
909 3384 976 3436 de
1009 3384 1230 3437 Christo
1248 3400 1410 3438 voces
1432 3384 1709 3437 interdum
1736 3400 1764 3437 a
1808 3386 2008 3438 sanctis
2031 3386 2134 3439 Pa-

558 3472 736 3525 trihus
769 3474 889 3541 capi
921 3473 1233 3541 promiscue
1261 3482 1517 3541 tanquam
1540 3472 1606 3525 de
1627 3489 1730 3525 una
1754 3488 2017 3541 persona;
2047 3474 2135 3525 in-

560 3563 1594 3631 terdumdividi.etprazdicariquaside
1618 3565 1827 3617 naturis
1844 3564 2075 3618 duabus.
2108 3584 2127 3617 ι

626 3652 879 3706 Profecto
924 3653 969 3705 si
1022 3661 1245 3706 sanctus
1289 3654 1447 3708 Pater
1472 3669 1685 3722 semper
1712 3664 1768 3707 et
1801 3654 2004 3723 ubique
2032 3671 2134 3708 na-

560 3757 735 3795 turam
784 3752 839 3796 et
886 3744 1233 3813 hypostasimt
1277 3745 1393 3813 (ubi
1438 3744 1505 3799 de
1542 3746 1763 3799 Christo
1798 3762 1978 3799 sermo
2027 3746 2131 3811 est)

558 3831 703 3884 idem
754 3848 873 3885 esse
916 3841 1093 3901 putat,
1144 3832 1413 3886 fateantur
1462 3842 1680 3900 oportet
1732 3850 1923 3888 omnes
1967 3837 2133 3891 hosce

558 3922 777 3975 divinos
804 3923 993 3976 Patres
1046 3924 1257 3991 percuti
1314 3923 1670 3977 anathemate
1730 3924 1841 3983 illo,
1891 3940 2001 3992 quo
2051 3924 2131 3978 fe-

560 4013 785 4067 riuntur
835 4014 869 4067 ii
924 4014 1017 4083 qui
1083 4014 1151 4069 de
1205 4014 1420 4068 duabus
1473 4015 1627 4082 quasi
1696 4015 1912 4069 naturis
1971 4031 2131 4071 voces

558 4105 821 4172 quasdam
858 4105 1175 4172 praedicant.
1217 4105 1295 4159 Ne
1345 4108 1529 4173 itaque
1562 4105 1850 4173 proferatis
1884 4107 2130 4174 quaedam

560 4198 743 4249 minus
793 4196 1013 4265 proprie
1070 4196 1214 4250 dicta
1276 4196 1541 4249 adversus
1611 4212 1702 4259 ca,
1741 4213 1861 4266 qua:
1914 4202 2133 4268 prOprie

559 4288 852 4352 dicuntur;
902 4287 995 4339 sed
1047 4303 1113 4339 ex
1165 4287 1537 4347 convenienti,
1585 4303 1848 4353 consono,
1892 4298 1946 4343 ct
1976 4307 2131 4345 Com-

560 4376 796 4430 muuiori
844 4392 1096 4431 sermone
1146 4378 1483 4446 conjicienda
1535 4378 1694 4433 nobis
1743 4388 1827 4433 est
1868 4381 2131 4451 vobisque

558 4468 718 4522 simul
760 4467 963 4522 veritas
1006 4482 1194 4521 eorum
1232 4468 1477 4521 omnium
1521 4484 1640 4538 qua:
1683 4470 2058 4537 proferuntur.

632 4557 697 4612 At
718 4558 1024 4622 Nestorius,
1050 4558 1328 4626 inquiunt,
1363 4558 1568 4613 abusus
1593 4569 1677 4614 est
1700 4562 1967 4617 vocabulo
1993 4565 2133 4619 dua-

560 4664 680 4703 rum
706 4651 759 4703 in
778 4649 1000 4703 Christo
1027 4660 1365 4712 naturarum,
1390 4667 1496 4718 qua
1526 4666 1656 4705 voce
1685 4668 1783 4706 vos
1805 4669 2024 4723 quoque
2049 4658 2133 4711 uti

558 4742 950 4797 soletis—Ad
991 4742 1107 4796 hmo
1144 4743 1563 4811 respondemus,
1603 4760 1729 4798 eum
1764 4762 1923 4800 usum
1966 4750 2134 4805 etiam

554 4849 678 4890 esse
714 4815 970 4903 pluribus
996 4832 1121 4886 aliis
1154 4848 1435 4887 sacrarum
1467 4835 1876 4904 Scripturarum
1910 4839 2130 4906 verbis;

557 4924 755 4994 ecquid
812 4925 1136 4994 propterea?
1186 4926 1437 4995 nunquid
1491 4927 1560 4979 ab
1612 4927 1698 4982 his
1762 4930 1926 4983 etiam
1975 4932 2133 4987 nobis

557 5017 983 5071 abstinendum?
1010 5017 1142 5087 quid
1164 5017 1388 5071 ?Ariani
1419 5034 1639 5087 quoque
1668 5021 1913 5075 omnium
1945 5024 2132 5091 primi,

554 5115 614 5162 et
658 5107 1083 5176 Apollinaristze,
1135 5116 1192 5161 et
1242 5108 1331 5162 alii
1380 5109 1621 5163 haeretici
1676 5120 1928 5166 naturam
1971 5129 2135 5167 unam

559 5197 655 5252 Dei
694 5198 858 5252 Verbi
892 5198 1233 5252 incarnatam
1281 5208 1681 5263 asserueruut;
1716 5200 1969 5269 nunquid
2001 5216 2134 5269 pro-

555 5300 749 5359 pterea
798 5288 851 5341 id
907 5288 1083 5357 ipsum
1114 5304 1215 5343 nos
1264 5304 1507 5343 asserere
1534 5302 1643 5344 non
1673 5279 2007 5358 possumus?
2037 5290 2136 5343 Mi-

632 5417 741 5491 (ιο)
779 5417 946 5491 Liber
968 5420 1210 5491 χρῆσειον
1232 5419 1627 5491 Monopltysita:
1644 5436 1731 5473 um
1757 5429 1930 5475 exstat
1949 5437 2137 5490 reapse

560 5487 931 5561 in'Vatirano
970 5487 1224 5557 qundam
1274 5487 1487 5555 codice,
1533 5492 1600 5544 de
1650 5506 1760 5559 quo
1797 5506 1897 5561 ego
1947 5487 2136 5561 postea

564 5558 851 5612 locuturus
897 5575 1038 5611 sum.

640 5629 749 5692 (ll)
786 5631 1083 5682 Occasione
1113 5630 1276 5696 hujus
1301 5632 1449 5685 vocis
1477 5631 1774 5683 maximqu
1807 5632 2008 5684 hellum
2040 5646 2133 5684 or-

569 5708 683 5748 tum
740 5708 823 5750 cst
873 5700 1127 5751 lict-2min:
1174 5702 1373 5752 smuulo
1431 5716 1479 5751 ιν
1524 5698 1836 5753 Orientales
1888 5702 2031 5755 inter
2081 5710 2137 5753 (ιι

565 5766 977 5823 ουυίξίνίὶίςιῖθέε
1005 5788 1123 5823 nam
1151 5772 1184 5824 ii
1214 5787 1373 5823 23mm
1402 5773 1452 5824 in
1482 5769 1747 5822 'l‘rinitatc
1778 5770 2135 5839 hyperttasim,

2244 3200 2541 3269 θεηγόρους
2597 3200 2815 3269 ἄνδρας,
2859 3200 2956 3261 τὰς
3007 3200 3106 3269 μὲν
3146 3199 3583 3261 κοινοποιοῦντας
3618 3199 3693 3261 ώς
3722 3202 3812 3267 ἐφ’

2238 3290 2355 3351 ἑνὸς
2414 3288 2745 3358 προσώπου,
2796 3291 2893 3352 τὰς
2942 3288 2999 3341 δὲ
3056 3289 3399 3359 διαιροῦντας
3449 3289 3525 3352 ώς
3574 3290 3667 3344 ἰπὶ
3714 3288 3812 3343 δύο

2239 3380 2477 3450 φύσεων.
2516 3398 2533 3431 ι

2310 3641 2369 3693 Εἰ
2396 3639 2506 3710 γάρ
2533 3640 2784 3709 πανταχῆ
2822 3641 2910 3692 ἐπὶ
2947 3642 3044 3709 τῆς
3077 3640 3390 3708 οἰκονομίας
3426 3639 3811 3709 άποκληρωτι-

2236 3734 2348 3795 κῶς
2399 3733 2561 3801 φύσιν
2593 3734 2687 3784 καί⁵
2716 3733 3013 3795 ὑπόστασιν
3046 3734 3242 3783 ταυτὸν
3277 3728 3417 3785 οἶδεν
3455 3736 3483 3785 6
3516 3731 3727 3801 Πατὴρ,
3760 3733 3813 3782 οἰ

2234 3826 2567 3896 διαιροῦντες
2584 3824 2655 3885 ὡς
2681 3826 2773 3876 ἐπὶ
2797 3824 2888 3875 δύο
2908 3824 3121 3890 φύσεων
3144 3826 3239 3886 τὰς
3267 3825 3468 3891 φωνὰς,
3499 3829 3576 3893 τῷ
3607 3824 3813 3893 dubi;-

2238 3914 2466 3986 ματιτῷ
2495 3916 2587 3965 ἐπὶ
2608 3914 2716 3967 τῶν
2749 3914 2840 3966 δύο
2872 3914 3202 3967 ὑποστάσεσι
3232 3914 3593 3981 διανεμόντων
3622 3913 3813 3980 φωνὰς

2235 4007 2475 4076 κειμένῳ
2519 4004 3032 4075 καθυποὸέϐληνται
3077 4006 3275 4067 πάντες
3307 4005 3355 4057 οἰ
3389 4004 3664 4073 Οεηγόροι.
3714 4005 3811 4073 Mi;

2236 4096 2329 4152 οὖν
2371 4099 2441 4151 τά
2491 4098 2564 4168 μὴ
2605 4098 2813 4166 κυρίως
2882 4096 3027 4148 κατὰ
3071 4096 3182 4147 τῶν
3245 4096 3450 4165 κυρίως
3499 4095 3812 4165 εἰρημένων

2235 4191 2585 4261 προφέροιτε,
2615 4187 2730 4239 ἀλλ’
2749 4190 2810 4238 ἐκ
2832 4187 2925 4239 τοῦ
2945 4188 3244 4255 πρέποντος
3267 4186 3425 4253 λόγου
3458 4187 3551 4239 καὶ
3580 4186 3811 4255 συμφὼ⁸

2236 4300 2325 4335 νου
2349 4283 2439 4334 καὶ
2462 4280 2768 4350 κοινοτέρου
2788 4280 2882 4331 καὶ
2900 4279 3063 4331 πᾶσιν
3086 4279 3531 4347 ώμολογημένου,
3563 4280 3661 4348 τῆς
3684 4280 3815 4349 ἁλι-,ο

2236 4372 2385 4435 οείας
2425 4371 2749 4441 στοχαστέον
2778 4372 2914 4441 ἡμῖν
2945 4386 3005 4422 τε
3046 4370 3140 4423 καὶ
3167 4370 3295 4437 ὑμῖν
3348 4369 3491 4421 κατὰ
3521 4372 3701 4424 πάντα
3738 4372 3813 4425 τὰ

2156 4490 2216 4550 D~
2238 4464 2618 4533 παραγόμενα.

2308 4554 2531 4624 Πρῶτον
2592 4553 2691 4622 μὲν
2723 4552 2815 4605 οὖν
2852 4551 3029 4602 εἰπεῖν
3056 4566 3070 4581 ο
3126 4550 3449 4615 Νεστὸριος,
3483 4552 3646 4617 φασὶ,
3681 4568 3811 4603 κατ-

2230 4650 2503 4717 εχρήσατο
2531 4648 2595 4716 τῇ
2634 4645 2742 4698 τῶν
2781 4643 2874 4695 δύο
2906 4642 3123 4709 φύσεων
3168 4646 3319 4712 φωνῇ
3355 4643 3447 4693 ἐπὶ
3478 4642 3735 4711 Χριστοῶ
3774 4636 3810 4717 ᾖ

2231 4742 2326 4792 καὶ
2363 4736 2878 4808 ὑμεῖς.-Λέγομεν
2892 4734 2985 4788 οὖν
3011 4735 3093 4786 ὅτι
3124 4734 3219 4786 καὶ
3248 4733 3550 4802 Γραφικαῖς
3603 4739 3808 4802 φωναῖς

2231 4832 2453 4893 πολλαῖς
2490 4830 2758 4898 ἐχρήσατο
2785 4844 2798 4857 ο
2838 4826 2976 4896 μηδὲ
3011 4820 3174 4879 αὗται
3209 4819 3303 4877 οὖν
3349 4824 3810 4891 ὀνομαζέσθωσαν

2229 4925 2383 4993 ἡμῖν,
2420 4922 2468 4972 εἰ
2500 4920 2758 4989 συνορᾶτε
2791 4932 2803 4945 ·
2848 4917 2981 4969 ἀλλὰ
3023 4917 3119 4969 καὶ
3146 4919 3211 4986 τῇ
3256 4918 3357 4988 μιᾷ
3390 4916 3547 4985 φύσει
3578 4915 3671 4968 τοῦ
3704 4916 3811 4970 Λό-

2232 5030 2330 5081 γου
2392 5010 2785 5081 σεσαρκωμένῃ
2820 5010 2869 5060 oi
2906 5009 3178 5078 Ἀρειανοὶ
3224 5008 3431 5078 πρῶτοι
3462 5007 3555 5059 καὶ
3592 5007 3811 5060 Ἀπολι-

2232 5103 2410 5173 νὰριοι
2455 5103 2549 5154 καὶ
2577 5101 2752 5169 ἕτεροι
2803 5100 3072 5169 αἱρετικοὶ
3101 5098 3485 5168 προσχρῶνται
3510 5115 3522 5128 ·
3558 5099 3813 5168 σιγητέον

2234 5190 2328 5249 οὖν
2359 5195 2452 5247 καί
2478 5192 2629 5262 τήνδε
2661 5192 2747 5244 διὰ
2768 5192 2994 5255 τούσδες
3029 5190 3179 5259 οὐχί·
3214 5189 3327 5243 ἀλλ’
3356 5189 3629 5259 ὲμφράξει
3662 5191 3813 5242 πᾶσα

2237 5286 2435 5356 ἀνομία
2465 5284 2527 5337 τὸ
2558 5284 2732 5353 στόμα
2765 5284 2933 5352 αὐτῆς
2957 5322 2971 5345 ,
3006 5282 3169 5351 ἡμεῖς
3200 5281 3258 5334 δὲ
3296 5280 3812 5353 παῤῥησιασώμεθα

2237 5419 2292 5473 hi
2342 5428 2453 5473 tres
2496 5419 2835 5472 astruebant.
2886 5415 2989 5481 Qui
3034 5416 3163 5469 licet
3194 5416 3541 5484 specictcnus
3572 5414 3678 5467 sibi
3724 5414 3811 5467 in-

2235 5489 2409 5543 vicem
2453 5488 2728 5542 adversari
2758 5486 2994 5539 maxime
3035 5486 3375 5546 viderentur,
3406 5502 3462 5539 re
3488 5486 3602 5549 ipsa
3628 5494 3813 5538 tamen

2234 5574 2427 5612 omnes
2465 5558 2905 5613 consentiebant.
2960 5556 3095 5610 Nam
3137 5556 3215 5608 illi
3271 5554 3606 5624 hypostasim
3658 5555 3812 5624 acci-

2234 5629 2458 5696 piebant
2503 5643 2602 5697 pro
2624 5626 2987 5698 substantia,
3036 5626 3110 5698 hi_
3135 5642 3267 5698 vero
3295 5623 3394 5694 pro
3427 5623 3810 5698 subsistentia:

2237 5691 2345 5753 llac
2388 5699 2455 5752 de
2495 5691 2554 5751 re
2586 5697 2729 5751 vide.
2761 5698 2803 5747 si
2840 5696 3039 5763 placet,
3084 5691 3339 5749 Basiliqu
3367 5695 3529 5763 epist.
3574 5693 3699 5755 282,
3743 5691 3810 5745 ad

2238 5768 2533 5833 .‘d-slctium,
2566 5776 2621 5821 et
2664 5767 2823 5836 epist.
2863 5766 2985 5818 5'39.
