4094 6334
264 323 368 385 1833

1415 327 1712 387 CONTRA
1752 328 2360 391 MONOPHYSITAS.

3359 326 3493 391 185i.

258 438 312 497 ὡς
339 435 410 486 δεῖ
444 434 679 499 λαλῆσαι
729 434 874 487 κατὰ
919 434 1007 487 τὸν
1053 434 1319 505 Οεοοαρσῆ
1353 439 1571 505 κήρυκα
1598 453 1611 466 ’
1643 440 1670 488 ό
1695 440 1804 505 γὰρ

1914 438 2055 493 nime
2084 437 2349 507 profecto.
2394 436 2500 493 Sed
2526 436 2745 491 claudat
2779 450 2841 491 os
2884 450 3043 489 suum
3082 437 3331 506 impietas
3355 454 3369 502 ;
3393 454 3496 490 nos

260 530 331 595 τῆς
378 523 635 598 ἀληθείας
670 526 830 591 λόγος
867 528 925 578 ἐν
974 525 1051 595 τῷ
1098 525 1539 595 θριαμϐεύεσθαι
1571 566 1584 587 ,
1614 527 1715 579 οὐκ
1748 528 1807 580 ἐν

259 616 318 687 τῷ
365 614 888 685 περικαλύπτεσθαι,
919 618 1042 687 νικᾷ
1089 617 1146 668 τὸ
1173 616 1366 684 ψεῦδος
1387 633 1399 645 '
1437 618 1533 672 καὶ
1564 616 1807 680 δοξάζειν

262 708 390 768 αὐτὸς
415 704 523 758 οἶδε
548 706 675 775 τοὺς
701 706 998 769 λαλοῦντας
1029 708 1211 772 αὐτὸν,
1231 708 1330 759 οὐκ
1362 708 1427 759 ὲκ
1454 706 1561 759 τῶν
1586 706 1809 758 λαλούν-

261 816 345 851 των
398 798 559 860 αὐτὸς
618 797 1060 861 δοξάζεταιοκαὶ
1118 798 1247 868 περὶ
1303 798 1399 867 μὲν
1452 798 1607 850 τοῦδε
1655 798 1803 852 τάδε.

262 889 433 943 Λοιπὸν
461 889 515 940 δὲ
547 888 744 957 ἴδωμεν
780 884 869 941 οἷά
897 891 1012 941 ἐστι
1038 890 1127 942 καὶ
1159 891 1194 943 ἃ
1231 906 1394 959 φασιν
1434 889 1587 942 αὐτοὶ⁸
1620 890 1808 955 σαφῶς

262 982 366 1048 μίαν
387 978 550 1047 φύσιν
581 980 674 1032 τοῦ
714 982 922 1051 Κυρίου
967 977 1170 1048 λέγειν,
1212 981 1310 1033 καὶ
1346 980 1443 1041 τὰς
1476 978 1569 1031 δύο
1592 980 1805 1047 ἀπαγο-

260 1070 413 1139 ρεύειν
449 1070 639 1139 φύσεις
670 1072 977 1138 παντελῶς,
1016 1071 1270 1143 Πατρικὰ
1295 1070 1561 1140 δόγματα.

260 1354 353 1408 Τοῦ
381 1356 557 1425 ἁγίου
606 1357 914 1426 Κιρίλλου
947 1358 1014 1411 ἐκ
1048 1357 1157 1421 τῆς
1187 1358 1338 1425 πρὸς
1366 1358 1718 1411 Σούκενσον
1748 1360 1809 1410 B'

855 1428 1104 1480 ἐπιστολ
1115 1427 1202 1494 ῆς.

319 1534 335 1565 ι
370 1516 441 1569 Τὸ
464 1516 646 1585 λέγειν
675 1516 770 1570 δύο
816 1518 1004 1585 φύσεις
1050 1517 1347 1586 ὑφεστάναι
1385 1517 1527 1587 μετὰ
1548 1515 1647 1585 τὴν
1672 1516 1808 1569 ἐνω-

253 1623 325 1658 σιν
362 1606 703 1683 ἀδιαιρέτως,
738 1608 1008 1677 μάχεσθαί
1070 1611 1183 1660 ἐστι
1222 1611 1334 1670 τοῖς
1372 1607 1501 1677 μίαν
1550 1604 1688 1659 εἶναι
1717 1606 1807 1658 λέ-

250 1713 388 1763 γουσι
428 1699 530 1766 τὴν
554 1698 647 1749 τοῦ
680 1700 856 1765 Λόγου
886 1697 1048 1767 φύσιν
1093 1699 1539 1769 σεσαρκωμένην.
1578 1715 1598 1748 ι
1643 1697 1808 1751 Ἀλλὰ

250 1787 371 1854 πρὸς
400 1788 801 1857 Νεστοριανοὺς
825 1788 983 1841 τοῦ.το
1005 1788 1200 1855 λέγων,
1220 1790 1472 1857 ἐπιφέρει
1502 1789 1641 1856 μετὰ
1669 1788 1808 1857 βρα-

247 1877 331 1944 χέα
354 1918 367 1940 ,
396 1870 440 1928 ὦ
472 1873 640 1931 οὗτοι·
680 1878 739 1929 τὸ
775 1878 882 1946 γὰρ
912 1877 1260 1945 ἀδιαιρέτως
1296 1878 1593 1947 προστεθὲν
1617 1918 1631 1938 .
1664 1879 1811 1931 δοκεῖ

247 1965 335 2031 μὲν
370 1964 502 2035 παρ’
532 1968 662 2034 ἡμῖν
705 1965 871 2035 ὀρθῆς
909 1960 1049 2016 εἶναι
1079 1964 1235 2033 δόξης
1268 1963 1622 2032 σημαντικὸν,
1658 1966 1812 2017 αὐτοὶ

242 2051 292 2103 δὲ
316 2054 408 2121 οὐχ
434 2052 610 2115 οὕτως
638 2054 839 2106 νοοῦσι·
873 2054 932 2106 τὸ
954 2055 1062 2123 γὰρ
1090 2054 1430 2121 ἀδιαίρετον
1459 2055 1591 2124 παρ’
1624 2056 1812 2116 αὐτοῖς

242 2141 368 2193 κατᾶ
401 2144 501 2203 τὰς
531 2142 827 2211 Νεστορῖου
849 2130 1211 2210 καινοφωνξας
1236 2142 1359 2194 καθ’
1382 2142 1571 2213 ἕτερον
1597 2142 1812 2212 λαμϐά-

240 2250 380 2286 νεται
413 2234 647 2303 τρόπον·
684 2236 816 2303 φησὶ
846 2233 953 2303 γὰρ
986 2234 1069 2285 ὅτι
1103 2237 1168 2303 τῇ
1204 2235 1469 2303 ἰσοτιμίᾳ,
1499 2238 1565 2303 τῇ
1620 2252 1811 2287 ταυτο-

240 2324 440 2395 σουλὶᾳ,
476 2328 544 2394 τῇ
601 2324 861 2395 αὐθεντῑᾳ
891 2324 1195 2395 ἀδιαίρετός
1223 2328 1336 2377 ἐστι
1362 2325 1457 2377 τοῦ
1492 2326 1666 2392 Λόγου
1694 2325 1722 2376 ὁ
1753 2329 1813 2379 ἐν

238 2410 278 2482 ᾧ
304 2416 624 2489 κατῴκησεν
654 2416 943 2488 ἄνθρωπος
969 2434 981 2447 ·
1014 2417 1153 2469 ὥστε
1180 2419 1276 2487 οὐχ
1309 2417 1494 2479 ἁπλῶς
1516 2419 1613 2480 τὰς
1639 2418 1809 2481 λέξεις

237 2507 485 2574 λέγουσιν
517 2526 529 2539 ·
572 2510 706 2560 ἀλλὰ
760 2509 902 2577 μετά
955 2526 1099 2570 τινος
1147 2510 1506 2579 κακουργίας.
1551 2511 1685 2563 Ἰδοὺ
1718 2511 1812 2563 οὖν

240 2605 491 2653 σκοπεῖτε
510 2598 869 2669 εὐγνωμόνως
902 2602 985 2653 ὅτι
1010 2601 1105 2671 τὴν
1135 2601 1234 2670 μὲν
1267 2604 1451 2672 φωνὴν
1480 2598 1620 2654 οἶδεν
1644 2602 1813 2672 ὀρθῆς

237 2692 409 2762 δόξης,
438 2695 504 2746 τὸ
562 2694 618 2747 δὲ
677 2692 1002 2759 κακούργως
1052 2694 1173 2761 ἕχον
1207 2694 1382 2762 νόημα
1422 2693 1809 2758 ἀποϐάλλεται,

235 2786 367 2855 ὅπερ
402 2786 461 2852 ἐξ
514 2786 689 2855 ἀρχῆς
724 2787 818 2837 καὶ
844 2787 948 2845 ’έως
975 2785 1159 2846 τέλους
1198 2788 1374 2837 ποιεῖν
1410 2787 1504 2838 καὶ
1541 2786 1688 2854 ὑμᾶς
1719 2786 1815 2836 καὶ

236 2874 389 2941 ὑμεῖς
442 2875 834 2943 δυσωποῦμεν.
886 2876 1075 2927 Ἔστιν
1111 2871 1203 2927 οὖν
1241 2876 1339 2945 τὴν
1384 2876 1553 2946 αὐτὴν
1601 2874 1814 2937 ἀσεϐῶς

232 2970 405 3018 εἰπεῖν
440 2984 566 3019 τινα
604 2968 786 3034 φωνήν
814 2982 826 2995 ⁸
854 2966 987 3019 ἀλλὰ
1022 2968 1114 3018 καὶ
1148 2968 1245 3033 τὴν
1277 2966 1469 3036 ἑτέραν
1503 2967 1686 3036 φωνὴν
1717 2968 1814 3034 τὴν

231 3055 500 3123 λέγουσαν
531 3059 661 3128 μίαν
694 3058 854 3126 φύσιν
884 3058 978 3109 τοῦ
1026 3057 1163 3109 Θεοῦ
1217 3059 1393 3125 Λόγου
1426 3056 1814 3125 σεσαρκωμέ-

229 3165 366 3213 νην,
404 3152 523 3201 ἔστι
557 3151 697 3203 κατὰ
729 3152 966 3219 Ἀρειον,
993 3148 1066 3211 ὡς
1103 3151 1161 3201 ού
1192 3150 1369 3218 πάντη
1406 3150 1681 3220 ἀτρέπτου
1712 3148 1812 3216 φύ-
1838 3136 1881 3195 C

230 3257 367 3296 σεως
390 3242 551 3306 ὄντος
570 3242 664 3293 τοῦ
688 3241 819 3293 Υἱοῦ
848 3244 1008 3293 νοεῖν·
1040 3242 1137 3293 καὶ
1158 3242 1298 3294 κατὰ
1315 3240 1708 3310 Ἀπολινάριον,
1736 3241 1810 3303 ὼς

226 3333 394 3385 αὖτοῦ
449 3334 550 3385 τοῦ
597 3334 772 3400 Λόγου
825 3333 944 3386 ἀντὶ
983 3332 1076 3384 νοῦ
1112 3331 1348 3400 ψυχικοῦ
1389 3331 1714 3401 γενομένου,
1746 3334 1813 3401 τῇ

230 3418 633 3493 ἕμψυχωθεὶσῃ
679 3424 862 3493 ἀλόγῳ
922 3421 1466 3493 σαρκὶλογίςεσθαιο
1524 3423 1620 3474 καὶ
1676 3422 1819 3473 κατὰ

224 3515 506 3585 Εὑτυλέα,
529 3517 603 3578 ὡς
621 3515 783 3568 αὒτοῦ
812 3516 903 3567 τοῦ
919 3516 1090 3582 Λόγου
1116 3516 1194 3575 εἰς
1218 3514 1395 3582 σάρκα
1416 3512 1817 3583 μεταποιηοέν-

222 3624 311 3669 τος
336 3609 690 3677 ἐκδέχεσθαι.
724 3607 850 3659 Ἐὰν
873 3602 965 3659 οὖν
992 3606 1067 3676 μὴ
1088 3605 1154 3657 τὰ
1171 3606 1415 3675 νοήματα
1438 3604 1823 3672 ἀνακρίνωμεν

219 3701 327 3752 τῶν
368 3699 815 3769 ὁμολογούντων,
852 3700 947 3751 καὶ
968 3698 1176 3767 ταύτην
1214 3696 1478 3766 κάκείνην
1504 3696 1604 3749 οὐκ
1642 3696 1819 3759 ἄλλως

225 3794 582 3862 προσιέμεθα
639 3794 739 3862 τὴν
776 3792 960 3861 φωνήν
986 3809 1000 3823 ο
1030 3790 1189 3843 τοῦτο
1216 3790 1326 3859 γὰρ
1355 3791 1382 3842 ὁ
1414 3789 1609 3858 Πατήρ
1661 3804 1818 3860 φησι,

219 3884 300 3937 ὅτι
330 3885 410 3947 ὡς
438 3884 897 3953 κακουργοῦντας
923 3883 1049 3951 περὶ
1082 3882 1177 3952 τὴν
1207 3882 1416 3934 ἔννοιαν
1446 3882 1545 3950 τῆς
1574 3878 1821 3941 ὲνώσεως

217 3976 327 4027 τῶν
366 3977 619 4045 φύσεων,
668 3975 742 4045 μὴ
774 3973 1141 4043 ἀποδέχεσθαι
1178 3974 1303 4035 τοὺς
1337 3974 1647 4043 αἱρετικοὺς
1691 3971 1769 4023 δεῖ
1798 3987 1812 4000 ο

216 4068 309 4121 καὶ
338 4069 543 4137 εὖηχοι
578 4064 689 4119 εἷεν
712 4068 767 4120 αἱ
798 4066 990 4134 φωναί·
1016 4066 1076 4117 οὐ
1111 4066 1219 4136 γὰρ
1239 4065 1337 4133 τὴν
1362 4063 1486 4117 καθ’
1514 4064 1814 4115 ὑπόστασιν

214 4158 441 4227 λέγουσι
473 4158 590 4211 τῶν
632 4158 867 4225 φύσεων,
896 4156 1031 4209 ἀλλὰ
1061 4158 1202 4209 κατὰ
1244 4155 1430 4224 σχέσιν
1459 4155 1770 4223 ἀδιαίρετον
1798 4167 1813 4183 '

213 4255 269 4306 ἐν
309 4252 547 4314 πολλαῖς
578 4249 687 4319 γὰρ
727 4247 1143 4318 χρηστολογίαις
1188 4242 1297 4297 οἶδε
1332 4246 1433 4315 τὴν
1464 4245 1682 4313 ἀπάτην
1721 4246 1818 4296 καὶ

210 4346 238 4397 ό
266 4343 619 4403 ’Δπόστολος
649 4340 942 4410 γινομένην
967 4354 981 4368 ⁸
1012 4340 1093 4391 ὅτι
1154 4337 1212 4388 δὲ
1260 4336 1420 4388 τοῦτο
1468 4334 1645 4396 οὕτως
1683 4336 1815 4394 νοεῖ,

1915 539 2106 585 contra
2146 531 2324 584 libere
2372 529 2687 598 loquamur,
2732 538 2790 582 ut
2837 528 2990 595 loqui
3035 528 3194 582 decet
3226 528 3495 583 divinitus

1915 620 2156 673 amatum
2191 632 2519 688 praconem.
2558 618 2692 671 Nam
2723 616 2971 669 veritatis
3001 615 3230 670 verbum
3262 631 3360 685 per
3389 616 3495 669 hoc

1916 710 2092 766 vincit
2137 709 2517 774 mendacium,
2566 708 2712 777 quod
2769 706 3122 775 praedicetur,
3176 722 3288 760 non
3345 706 3493 776 quod

1913 804 2255 868 occultetur;
2292 802 2551 869 idemque
2597 800 2833 852 honorat
2890 812 2987 851 eos
3048 798 3141 865 qui
3193 798 3495 866 pmdicant

1916 892 2118 959 ipsum,
2150 897 2265 944 non‘
2292 906 2322 943 a
2352 888 2786 959 praedicantibus
2818 888 3145 941 honoratur.
3182 887 3305 941 Haec
3336 888 3490 941 satis.

1915 983 2207 1052 Reliquum
2241 992 2344 1044 est,
2382 990 2441 1035 ut
2470 981 2757 1035 videamus
2782 988 3097 1034 sanctorum
3124 979 3347 1032 Patrum
3375 993 3494 1032 ora-

1914 1074 2037 1127 cula
2072 1089 2195 1142 qua:
2224 1072 2537 1131 manifeste.
2573 1080 2630 1124 ut
2667 1070 2770 1139 ipsi
2803 1070 2980 1131 aiunt,
3005 1068 3226 1123 Christo
3261 1069 3491 1122 Domino

1914 1162 2168 1215 tribuunt
2192 1168 2449 1214 naturam
2479 1175 2664 1226 unam,
2697 1166 2754 1213 at
2781 1159 2918 1213 duas
2955 1159 3135 1213 eidem
3166 1158 3493 1213 tribuendas

1914 1254 2142 1308 omnino
2181 1260 2393 1307 vetant.

2075 1357 2257 1412 Sancti
2285 1356 2473 1429 Cyrilli
2494 1372 2557 1410 ea:
2580 1355 2801 1427 epistola
2820 1354 2879 1409 II
2903 1355 2974 1408 ad
3010 1352 3325 1409 Sucensum.

1990 1528 2008 1561 ι
2049 1509 2232 1566 Fateri
2274 1509 2386 1563 duo
2428 1509 2734 1563 subsistere
2774 1518 2896 1577 post
2926 1510 3233 1564 naturalem
3259 1511 3494 1579 conjun-

1915 1601 2179 1662 ctienem,
2213 1600 2332 1654 sine
2378 1600 2489 1654 ulla
2536 1600 2915 1663 distinctione,
2959 1600 3014 1653 id
3067 1610 3255 1669 aperte
3290 1611 3496 1672 pugnat

1916 1706 2043 1745 cum
2069 1690 2139 1744 iis
2161 1691 2254 1759 qui
2288 1688 2451 1744 Verbi
2486 1700 2740 1753 naturam
2786 1707 2954 1745 unam
2992 1694 3331 1747 incarnatam
3363 1710 3493 1763 pro-

1840 1790 1882 1843 B
1914 1782 2160 1837 fitentur.
2188 1784 2392 1838 Verum
2422 1784 2731 1848 enimvero,
2753 1784 3116 1839 stolidissima
3140 1785 3338 1853 capita,
3369 1800 3497 1839 san-

1914 1883 2037 1929 ctus
2059 1875 2221 1929 Pater
2249 1884 2374 1943 post
2400 1874 2655 1943 quadam
2693 1874 2798 1928 alia
2827 1874 3076 1929 subdidit
3107 1875 3225 1930 haec
3270 1875 3337 1929 ad
3366 1890 3498 1943 pro-

1913 1966 2183 2037 ﬂigandos
2209 1967 2663 2020 Nestorianorum
2684 1982 2923 2021 errores.
2950 1969 3166 2022 Etenim
3197 1984 3299 2022 vox
3326 1970 3498 2022 ἀδιαι-

1916 2060 2109 2129 ρέτως,
2159 2059 2271 2111 sine
2317 2059 2674 2119 distinctione,
2717 2058 2938 2111 videtur
2976 2059 3121 2128 apud
3157 2074 3244 2113 me
3283 2068 3496 2113 rectum

1913 2151 2109 2219 dogma
2138 2150 2472 2219 signiﬁcare,
2504 2165 2614 2202 non
2648 2150 2779 2203 item
2806 2150 2951 2218 apud
2990 2151 3113 2204 illos
3147 2151 3241 2219 qui
3271 2161 3498 2204 contra-

1914 2242 2057 2295 rium
2085 2242 2348 2295 sentiunt.
2367 2242 2502 2295 Nam
2525 2241 2667 2310 apud
2694 2242 2843 2310 ipsos
2867 2242 2980 2296 ha’c
3009 2258 3115 2295 vox
3136 2243 3497 2298 indistinctum

1914 2333 2220 2387 secundum
2267 2333 2508 2386 Nestorii
2558 2332 3072 2401 interpretationem
3122 2332 3282 2401 longe
3339 2334 3500 2386 aliter

1914 2439 2076 2492 quam
2100 2424 2241 2492 apud
2270 2439 2368 2477 nos
2396 2422 2699 2492 accipitur;
2727 2424 2803 2476 ait
2823 2424 2969 2477 enim
2996 2423 3275 2477 hominem
3310 2424 3362 2477 in
3387 2440 3499 2493 quo

1916 2515 2158 2568 Verbum
2195 2516 2482 2578 habitavit,
2515 2516 2586 2568 ah
2614 2531 2683 2569 eo
2728 2515 2955 2569 minime
2986 2514 3275 2585 distingui,
3311 2518 3495 2587 digni-

1916 2613 2025 2658 tate
2062 2607 2296 2668 scilicet,
2333 2607 2620 2660 voluntate
2647 2615 2811 2675 atque
2840 2616 3135 2676 potestate.
3167 2608 3351 2674 Quare
3375 2610 3499 2663 lau-

1916 2694 2043 2749 data
2084 2694 2272 2766 Cyrilli
2318 2697 2486 2773 verba
2522 2698 2872 2765 accipiuntur
2904 2698 2971 2751 ab
3020 2700 3087 2753 iis
3133 2715 3242 2753 non
3276 2700 3498 2768 propria

1918 2788 2473 2857 signiﬁcationeysed
2512 2790 2719 2842 malitia
2748 2790 2983 2859 quadam
3017 2792 3072 2844 in
3113 2806 3342 2860 pravum
3370 2808 3502 2845 sen-

1917 2894 2037 2932 sum
2089 2880 2512 2948 detorquentur.
2582 2879 2778 2933 Videte
2842 2896 2973 2949 ergo
3030 2881 3499 2950 quemadmodum

1919 2981 2143 3022 sanctus
2183 2971 2338 3023 Pater
2367 2985 2429 3023 ea
2455 2984 2591 3023 voce
2624 2978 2774 3023 recte
2809 2980 3017 3036 utatur,
3056 2988 3282 3040 pravum
3308 2984 3501 3027 contra

1920 3074 2140 3112 sensum
2166 3059 2394 3112 omnino
2440 3060 2675 3129 rejiciat',
2702 3068 2839 3113 utet
2874 3061 3033 3115 vobis
3067 3062 3248 3116 facere
3272 3078 3301 3116 a
3344 3065 3501 3131 prin—

1914 3150 2063 3218 cipio
2119 3166 2293 3219 usque
2324 3151 2390 3204 ad
2452 3150 2614 3204 ﬁnem
2665 3160 2955 3219 optamus,
3006 3152 3498 3223 obsecramusque.

1913 3241 2217 3296 Possumus
2242 3257 2373 3311 ergo
2426 3259 2552 3296 cum
2594 3258 2787 3297 vocem
2838 3245 2985 3297 illam
3015 3245 3185 3313 impio
3222 3260 3386 3299 sensu
3422 3246 3505 3300 ef-

1912 3331 2081 3394 ferre,
2113 3341 2224 3385 tum
2261 3341 2317 3385 et
2348 3331 2491 3385 hanc
2521 3332 2683 3385 aliam
2721 3322 3175 3402 subsequentem,
3209 3350 3372 3388 unam
3405 3336 3501 3389 Dei

1915 3422 2080 3477 Verbi
2119 3432 2373 3475 naturam
2406 3424 2747 3475 incarnatunt
2796 3423 3151 3491 interpretari
3188 3441 3314 3477 cum
3346 3426 3500 3489 Ario,

1919 3514 2073 3583 quasi
2119 3514 2290 3567 Filius
2341 3514 2705 3568 immutabilis
2739 3523 2951 3569 natura:
2984 3531 3093 3569 non
3133 3516 3238 3580 sit;
3274 3524 3330 3569 et
3377 3532 3502 3569 cum

1921 3607 2237 3675 Apollinare
2260 3606 2417 3674 quasi
2440 3606 2682 3660 Verbum
2717 3606 2771 3659 in
2807 3607 3044 3661 animata
3073 3624 3239 3661 carne
3268 3608 3499 3662 rationis

1920 3704 2169 3765 experte,
2206 3696 2324 3748 vice
2360 3695 2562 3749 mentis
2596 3696 2899 3765 fungatur;
2928 3704 2983 3749 et
3016 3711 3140 3750 cum
3174 3696 3501 3766 Eutychete,

1917 3788 2076 3856 quasi
2103 3786 2348 3841 Verbum
2376 3775 2554 3855 ipsum
2600 3787 2653 3839 in
2684 3802 2908 3840 carnem
2951 3787 3119 3842 fuerit
3149 3802 3503 3841 conversum.

1914 3880 2031 3934 Nisi
2067 3896 2198 3949 ergo
2217 3878 2595 3948 proﬁtentium
2615 3889 2858 3933 mentem
2885 3889 2941 3934 et
2978 3882 3222 3933 animum
3249 3891 3506 3933 accurate

1915 3970 2399 4039 perpenderimus,
2454 3984 2738 4038 nunquam
2792 3978 2944 4023 recte
2984 3985 3175 4023 vocem
3232 3970 3390 4056 Ιιιιιιςιχ
3419 3971 3507 4025 vel

1913 4059 2061 4112 illam
2097 4058 2616 4127 interpretabimur.
2650 4059 2739 4112 Ait
2772 4060 2918 4113 enim
2948 4068 3174 4113 sanctus
3204 4062 3366 4114 Pater
3396 4076 3508 4115 non

1912 4149 2219 4203 audiendos
2253 4150 2565 4214 haereticos,
2600 4160 2795 4220 utpote
2824 4150 2893 4204 de
2916 4160 3242 4204 naturarum
3272 4153 3508 4221 conjun-

1914 4240 2097 4295 ctione
2151 4240 2292 4294 male
2346 4241 2677 4304 sentientes,
2745 4242 2965 4295 etiamsi
3024 4258 3191 4296 voces
3242 4242 3312 4295 ab
3375 4243 3514 4312 ipsis

1916 4341 2195 4401 usurpat-.12
2232 4332 2374 4386 bene
2422 4347 2621 4386 sonare
2653 4332 2976 4387 videantur.
3025 4334 3146 4387 Non
3179 4333 3325 4387 enim
3358 4349 3510 4388 assc-

210 4436 304 4489 καὶ
340 4438 402 4488 ὲν
432 4438 504 4505 τῇ
546 4433 673 4499 ἑξῆς
704 4434 768 4501 ἢν
810 4431 1113 4500 παράγουσι
1153 4428 1348 4497 χρήσει
1384 4427 1552 4493 σαφὲς
1599 4425 1775 4491 ἔσται.

1920 4432 2051 4477 runt
2080 4424 2114 4476 ii
2136 4424 2417 4477 Christum
2443 4424 2793 4477 individuum
2814 4424 3121 4478 secundum
3146 4425 3511 4494 hypostasim,

209 4526 306 4579 sed
361 4523 691 4579 secundum
731 4522 1001 4575 habitum.
1054 4520 1113 4573 in
1184 4518 1374 4571 multis
1417 4515 1566 4571 enim
1616 4514 1851 4569 vocibus
1926 4528 2047 4582 qua:
2106 4512 2263 4566 bona:
2313 4512 2596 4575 videntur,
2646 4514 2868 4568 latitare
2923 4513 3112 4567 dolum
3153 4530 3219 4569 ac
3263 4515 3513 4569 fraudem

209 4629 356 4676 ctare
386 4620 688 4692 pempexit
717 4618 883 4672 etiam
934 4616 1252 4684 Apostolus.
1298 4613 1456 4679 Quod
1486 4619 1671 4666 autem
1705 4609 2042 4683 Cyrillusita
2078 4608 2303 4676 sentiat,
2342 4609 2490 4663 clare
2553 4610 2754 4678 liquet,
2783 4620 2841 4663 et
2894 4624 2963 4662 ex
3023 4610 3279 4678 sequenti
3340 4610 3517 4680 ipsius

210 4716 469 4775 oraculo,
517 4711 674 4781 quod
705 4710 742 4763 ii
783 4710 1077 4763 decantare
1106 4708 1343 4760 maxime
1374 4706 1574 4761 solent.
1609 4722 1629 4755 ι

218 4824 328 4878 Τοῦ
353 4823 564 4878 αὑτοῦ
591 4822 657 4874 ἐκ
686 4819 805 4873 τῶν
836 4823 922 4885 εἰς
947 4820 1097 4941 graec
1138 4808 1447 4886 Ἔιῗραίουι,⁸
1474 4858 1489 4883 ,
1521 4814 1809 4885 δευτέρου

924 4906 954 4941 τ
993 4908 1130 4941 μου.

924 4906 1130 4958 τομου.

284 5016 305 5051 ι
353 4995 821 5056 Ἀποδιιστάντες
868 4994 978 5063 γὰρ
1036 4994 1283 5063 ἀλλήλων
1333 4993 1429 5055 τὰς
1464 4992 1566 5065 ,δύο
1592 4990 1808 5061 φύσεις,

210 5090 304 5141 καὶ
361 5090 474 5140 ἀνὰ
524 5086 699 5156 μέρος
758 5086 887 5154 ἡμῖν
938 5085 1205 5153 ἑκατέροιν
1260 5074 1515 5151 ἀσυναῳῆ
1576 5082 1814 5149 θατέραν

205 5179 594 5241 δεικνύοντες,
629 5178 689 5227 ὲν
752 5175 935 5243 μόνοις
990 5174 1305 5244 προσώποις
1361 5174 1495 5240 φασὶ
1554 5170 1807 5239 γενέσθαι

205 5273 305 5343 τὴν
345 5272 586 5343 ἕνωσιν,
624 5268 721 5320 καὶ
748 5266 823 5330 ὡς
857 5266 912 5319 ἐν
938 5283 1003 5331 γε
1031 5266 1161 5335 ψιλῇ
1198 5265 1501 5317 συναινέσει
1545 5265 1639 5316 καὶ
1672 5280 1808 5315 ταυ-

204 5360 470 5434 τοῦουλέᾳ
506 5361 613 5413 καί
668 5358 989 5426 θελημὰτων
1040 5359 1235 5428 ῥοπαῖς
1271 5373 1283 5385 ·
1326 5356 1446 5407 κατ’
1482 5355 1663 5409 ἐκεῖνό
1703 5371 1806 5406 που

204 5456 347 5525 τάχα
392 5455 461 5507 τὸ
500 5454 567 5505 ὲν
619 5451 739 5511 ταῖς
770 5450 811 5499 Π
824 5446 1007 5515 ραξεσι
1040 5447 1149 5500 τῶν
1181 5446 1351 5515 ἁγίων
1374 5446 1689 5499 ἀποστόλων
1716 5463 1807 5513 γε-

202 5548 571 5618 γραμμένον,
616 5541 724 5595 Τοῦ
758 5540 825 5593 δὲ
875 5541 1150 5609 πλήθους
1188 5539 1305 5593 τῶν
1354 5538 1813 5591 πιστευσάντων

1908 4814 2165 4878 Eiusdem
2230 4829 2291 4867 ca:
2344 4820 2484 4866 tome
2536 4811 2595 4866 11
2651 4812 2858 4865 Comm.
2923 4813 2979 4864 in
3047 4809 3224 4881 Epist.
3286 4813 3357 4865 ad
3409 4812 3518 4866 Ile-

2552 4882 2718 4935 brwos
2743 4882 2879 4953 (l2).

1992 5005 2010 5037 ι
2072 4987 2465 5051 Seceruentes,
2501 4986 2599 5049 ait,
2648 5001 2676 5039 a
2723 5000 2783 5039 se
2826 4984 3067 5039 invicem
3126 4984 3265 5039 duas
3307 4984 3520 5042 Christi

1918 5084 2168 5137 naturas,
2194 5084 2250 5130 et
2278 5064 2445 5128 unam
2494 5075 2563 5128 ab
2618 5075 2727 5129 alia
2758 5074 3081 5128 distinctam
3131 5074 3517 5142 ostendente4,

1925 5166 1980 5219 id
2020 5183 2189 5221 unum
2247 5166 2563 5237 signiﬁcare
2603 5167 2819 5229 volunt,
2854 5166 3123 5236 persona's
3166 5167 3429 5221 videlicet
3463 5170 3516 5223 in

1917 5262 2139 5320 Christo
2186 5260 2357 5314 fuisse
2389 5259 2718 5328 coniunctas
2768 5259 2977 5320 animo,
3012 5267 3068 5312 et
3117 5274 3416 5325 consensu,
3462 5270 3520 5315 et

1917 5356 2267 5408 voluntatum
2305 5351 2535 5412 affectu,
2578 5366 2690 5403 non
2721 5364 2883 5405 secus
2927 5366 2993 5404 ac
3029 5351 3063 5403 ii
3119 5351 3188 5405 de
3234 5352 3519 5420 quibusin

1917 5446 2037 5497 Aet.
2073 5443 2169 5497 SS.
2220 5441 2599 5509 apostolorum
2637 5442 2906 5509 scriptum
2937 5443 3171 5511 legimus
3215 5460 3227 5495 :
3268 5441 3518 5497 Multitu-

1928 5535 2067 5587 dinis
2110 5540 2287 5585 autem
2340 5530 2670 5584 credentium
2731 5548 2896 5584 unum
2951 5547 3040 5584 cor
3078 5539 3195 5583 erat
3236 5539 3285 5583 et
3332 5533 3519 5586 (mima

276 5728 391 5797 (12)
439 5724 573 5779 Hoc
620 5720 962 5774 ltu'ulimium
1011 5718 1195 5788 Cyriili
1252 5717 1624 5771 testimonium
1660 5730 1803 5769 nunc
1844 5715 2081 5783 primum
2116 5712 2291 5766 luo-em
2330 5708 2526 5772 aspicit
2564 5708 3005 5779 intrementibus
3042 5705 3435 5777 adjiciendum.
