4094 6334
538 395 674 457 1855

1806 392 2116 454 LEONTII
2160 393 2562 453 BYZANTINI

3643 392 3785 456 1856'

532 524 640 561 una
672 509 735 559 ⁸⁸.
765 504 901 560 Cum
929 505 1075 559 enim
1108 505 1483 575 unusquisque
1512 506 1858 560 credentium
1900 525 1928 562 a
1980 522 2096 561 oze-

2201 501 2276 574 ἥν
2306 506 2343 571 ἡ
2378 505 2592 571 καρδία
2652 503 2751 557 καὶ
2792 506 2828 572 ἡ
2860 504 3029 573 ψυχὴ
3057 506 3184 574 μία.
3237 504 3638 578 Ἐκάστουγάρ
3666 509 3767 561 τῶι

534 594 671 648 teris
699 594 956 648 omnibus
984 595 1247 663 peculiari
1281 596 1618 651 subsistendi
1657 597 1867 650 ratione
1899 596 2100 650 distin—

532 692 818 754 gueretur,
865 697 1101 752 eumque
1128 684 1197 739 de
1226 685 1335 740 illis
1357 695 1546 754 utpote
1578 687 1859 740 voluntate
1903 700 1965 739 ac
1997 686 2103 739 lide

533 776 639 830 sibi
681 774 912 829 invicem
949 777 1279 846 conjunctis,
1325 777 1544 831 dicatur
1592 793 1762 831 unum
1806 778 1975 832 fuisse
2009 793 2105 831 cor

532 874 589 920 et
636 864 876 918 animam
910 880 1073 918 unam
1106 883 1119 918 :
1154 866 1403 934 nunquid
1428 876 1721 935 propterea
1772 869 1875 921 hoc
1908 867 2102 921 eodem

532 953 697 1007 modo
732 963 789 1008 et
841 955 896 1007 in
928 953 1147 1008 Christo
1200 970 1463 1023 personas
1505 955 1674 1011 fuisse
1725 957 1831 1010 sibi
1867 957 2102 1010 invicem

533 1041 850 1109 conjunctas
871 1041 1205 1094 autumant?
1236 1042 1316 1096 En
1350 1054 1541 1113 aperte
1569 1053 1793 1100 sanctus
1818 1046 1983 1100 Pater
2017 1047 2103 1100 in—

532 1127 655 1179 nuit
709 1128 870 1195 quale
908 1128 1003 1191 sit,
1032 1130 1180 1197 quod
1214 1130 1329 1199 ipse
1382 1133 1563 1202 rejicit
1610 1134 1839 1187 istorum
1883 1134 2100 1204 dogma,

531 1218 625 1286 qui
650 1218 718 1271 de
745 1219 960 1272 duabus
986 1219 1194 1274 Christi
1220 1224 1433 1278 naturis
1468 1224 1911 1293 coniunctionem
1954 1225 2103 1278 indi-

532 1309 754 1363 viduam
783 1310 1132 1379 proﬂtentur.
1155 1332 1172 1363 ι
1204 1313 1273 1367 Et
1294 1314 1455 1383 paulo
1478 1324 1632 1382 post:
1665 1335 1683 1367 ι
1717 1315 1963 1369 Profecto
1992 1331 2102 1369 non

532 1403 846 1467 asserimus,
887 1404 984 1467 ait,
1040 1404 1281 1458 humano
1316 1420 1548 1474 corpore
1577 1406 1959 1460 circumscribi
2004 1406 2102 1460 Dei

531 1493 695 1547 Verbi
731 1503 986 1548 naturam
1013 1512 1026 1559 ;
1056 1495 1320 1549 divinitas
1357 1496 1505 1551 enim
1540 1506 1694 1552 caret
1721 1500 2046 1567 quantitate.
2077 1518 2095 1550 ι

528 1583 730 1636 Deinde
742 1583 917 1637 subdit
935 1601 954 1638 :
978 1603 995 1636 ι
1012 1584 1466 1656 Comperietquis
1480 1589 1535 1641 in
1556 1586 1779 1643 Christo
1795 1587 2101 1657 perfectum

532 1672 877 1728 individuum
897 1675 1220 1739 humanum,
1256 1678 1582 1746 perfectum,
1609 1681 1852 1749 inquam,
1890 1681 2101 1736 ratione

530 1760 717 1816 habita
733 1771 944 1818 natura;
964 1780 1106 1819 suae:
1131 1762 1434 1834 perfectum
1452 1766 1585 1821 item
1598 1769 1968 1837 comperietin
1982 1770 2100 1837 ipso

529 1852 766 1907 Verbum
788 1869 819 1907 a
840 1855 953 1909 Deo
974 1866 1332 1925 conceptum;
1364 1857 1625 1912 fatebitur
1648 1834 1825 1913 tamen
1843 1834 2017 1912 unum
2034 1875 2103 1913 ex
2128 1834 2175 1893 Β

531 1950 762 2012 utraque
790 1952 986 1999 natura
1016 1961 1238 2001 manare
1266 1946 1579 2011 Christum,
1608 1956 1844 2003 etunum
1878 1950 2100 2017 Filium,

528 2048 639 2087 non
665 2035 1053 2104 conjunctione
1065 2052 1425 2106 personarum
1458 2038 1749 2093 Christum
1763 2042 1938 2110 ipsum
1953 2057 2103 2096 eom-

528 2123 767 2191 positum
791 2125 1127 2197 intelligens,
1154 2129 1247 2182 sed
1272 2129 1913 2201 potiusnaturasipsasin
1932 2149 2099 2186 unum

526 2227 728 2267 arcano
748 2215 987 2283 quodam
1031 2226 1087 2271 ct
1104 2218 1369 2272 ineffabili
1397 2220 1559 2274 modo
1581 2230 1913 2290 eompactas,
1936 2238 2097 2290 quem

530 2303 755 2357 modum
781 2306 935 2359 novit
969 2307 1086 2375 ipse
1118 2309 1286 2363 Deus.
1318 2309 1534 2364 Nullam
1571 2321 1835 2380 praeterea
1862 2314 2100 2369 dicimus

526 2395 587 2448 in
614 2396 826 2450 naturis
856 2398 1153 2467 contigisse
1179 2401 1584 2463 confusionem,
1620 2411 1680 2456 ut
1704 2419 1883 2473 neque
1913 2406 2100 2460 divina

528 2501 693 2540 versa
722 2486 887 2541 fuerit
917 2488 970 2542 in
1000 2488 1315 2556 humanam,
1340 2508 1444 2547 nec
1473 2493 1711 2548 humana
1740 2496 1792 2549 in
1820 2497 2096 2565 divinam;

527 2576 625 2629 sed
680 2587 912 2647 utraque
949 2580 1136 2647 potius
1164 2582 1222 2635 in
1272 2598 1373 2637 suo
1402 2593 1547 2639 statu
1597 2598 1871 2652 manente,
1900 2590 2097 2645 factam

530 2664 701 2720 fuisse
739 2667 1184 2737 conjunctionem
1214 2672 1572 2728 arbitramur.
1612 2694 1628 2725 ι
1662 2676 1732 2730 Et
1758 2679 1918 2748 paulo
1945 2689 2096 2750 post:

532 2774 552 2807 ι
587 2755 646 2811 Si
684 2757 810 2825 quis
850 2772 982 2827 ergo
1031 2759 1239 2814 diceret
1282 2762 1426 2816 solas
1472 2764 1525 2817 in
1569 2764 1788 2821 Christo
1836 2785 2100 2838 personas

527 2848 806 2917 conjungi,
836 2857 892 2903 et
917 2857 1140 2906 naturas
1175 2852 1245 2906 ab
1289 2868 1348 2908 se
1382 2854 1616 2911 invicem
1644 2861 1867 2914 omnino
1900 2862 2098 2917 distin-

526 2938 648 3007 gui,
694 2938 949 3007 profecto
983 2941 1052 2995 ab
1086 2953 1237 2997 recto
1281 2948 1499 3001 tramite
1537 2949 1839 3006 aberraret.
1893 2971 1912 3004 ι
1966 2955 2100 3019 Quis

529 3027 726 3082 horum
762 3042 985 3083 sensum
1017 3046 1125 3085 non
1156 3032 1445 3104 intelligit?
1483 3036 1687 3107 Ecquis
1708 3049 1955 3096 sanctum
1993 3043 2097 3097 Pa-

2206 598 2649 650 πεπιστευκότων
2680 598 2819 651 κατά
2864 615 2927 666 γε
2969 599 3059 652 τὸν
3095 599 3198 666 τῆς
3245 599 3379 663 ίόίας
3425 601 3776 663 ὑποστάσεως

2204 693 2361 759 λόγον
2412 693 2874 761 διεσχοινισμένου
2934 691 3043 744 τῶν
3100 692 3295 757 ἄλλων,
3323 694 3445 746 ὅσον
3503 690 3638 765 ἧκεν
3694 693 3776 754 είς

2201 780 2593 835 ταυτοὸουλίαν
2645 784 2740 834 καὶ
2779 782 2877 851 τὴν
2927 782 3155 850 ἑνότητα
3202 785 3301 852 τῆς
3345 783 3600 845 πίστεως,
3627 781 3777 852 ψυχῆ

2206 872 2422 926 πάντων
2448 867 2588 924 εἶναι
2617 873 2715 941 μία
2736 873 2952 939 λέγεται
2981 873 3076 924 καὶ
3110 872 3309 940 καρδία
3339 889 3355 904 ’
3385 868 3491 943 ἆρα
3512 868 3604 926 οῦν
3633 871 3777 925 κατά

2201 964 2388 1016 τοῦτον
2449 966 2544 1017 καὶ
2577 964 2731 1016 αὐτοὶ
2762 964 2853 1015 τὸν
2889 965 3114 1033 τρόπον,
3161 964 3268 1015 τῶν
3316 962 3623 1033 προσώπων
3671 964 3777 1033 τὴν

2202 1052 2394 1104 ἕνωσιν
2421 1052 2701 1122 ὁμολογεῖν
2734 1052 3039 1119 ἐγνώκασιν
3068 1071 3080 1115 ;
3115 1072 3133 1105 ι
3168 1054 3297 1106 Ἰδοὺ
3330 1054 3584 1122 διασαφεῖ
3620 1054 3782 1123 ἐκδή-

2203 1141 2311 1205 λως
2356 1143 2408 1195 τί
2434 1145 2581 1194 ἐστιν
2610 1142 2637 1194 ὃ
2668 1143 2948 1212 μέμφεται
2992 1143 3192 1213 δόγμα’
3231 1142 3342 1195 τῶν
3369 1143 3427 1196 δὲ
3460 1143 3554 1195 καὶ
3584 1145 3780 1196 ἕνωσιν

2202 1232 2511 1303 ἀδιαίρετον
2538 1233 2802 1299 λεγόντων
2830 1237 2923 1286 ἐπὶ
2953 1234 3046 1287 δύο
3069 1233 3303 1302 φύσεων.
3328 1235 3432 1287 Καί
3454 1235 3605 1302 μετὰ
3627 1236 3780 1303 βρα-

2203 1323 2335 1391 χέαο
2374 1344 2392 1375 ι
2433 1325 2544 1377 Καὶ
2568 1325 2779 1377 οὐδέπω
2808 1325 2987 1394 φαμὲν
3018 1326 3074 1377 ὲν
3097 1324 3174 1395 τῷ
3204 1320 3534 1393 ἀνθρωπίνῳ
3564 1325 3778 1394 σώματι

2201 1415 2301 1483 τὴν
2344 1414 2439 1467 τοῦ
2472 1415 2607 1468 Θεοῦ
2637 1417 2810 1481 Λόγου
2856 1415 3297 1486 περιγεγράφθω.
3341 1416 3535 1484 φύσιν·
3572 1414 3779 1469 ἇποσον

2202 1504 2313 1573 γὰρ
2346 1504 2407 1556 τὸ
2443 1504 2617 1559 Θεῖον.
2658 1524 2675 1556 ι
2705 1502 2847 1559 Εἶτα
2889 1505 3120 1574 ἐπάγει·
3174 1525 3193 1557 ι
3231 1507 3356 1558 ’Ότι
3389 1505 3583 1574 ὄψεταί
3605 1522 3687 1568 τις
3717 1509 3778 1559 ὲν

2202 1594 2424 1665 Χριστῷ
2480 1595 2543 1648 τὸ
2587 1596 2930 1665 ἀνθρώπινον
2966 1596 3192 1660 τελείως
3231 1595 3376 1667 ἔχον,
3408 1596 3551 1650 κατά
3582 1613 3645 1664 γε
3683 1596 3778 1649 τὸν

2203 1687 2301 1755 τῆς
2358 1687 2492 1749 ίδίας
2532 1687 2750 1755 φύσεως
2778 1687 2937 1754 λόγον
2962 1704 2975 1717 ο
3016 1687 3219 1756 ὁμοίως
3256 1705 3316 1740 τε
3343 1687 3553 1740 τέλειον
3591 1687 3681 1740 τὸν
3711 1689 3783 1740 ἐκ

2202 1776 2338 1829 Θεοῦ
2371 1776 2547 1844 φύντα
2584 1777 2754 1844 Λόγον
2789 1794 2803 1808 ο
2836 1776 2975 1847 πλὴν
3019 1776 3113 1828 ἕνα
3144 1776 3243 1827 τὸν
3264 1775 3324 1840 ἐξ
3353 1778 3554 1845 ἀμφοῖν
3583 1774 3779 1845 ὁμολο-

2203 1872 2361 1939 γήσει
2384 1869 2621 1939 Χριστὸν
2651 1870 2746 1921 καὶ
2775 1867 2926 1931 Υἱὸν,
2960 1868 3020 1920 ού
3053 1866 3361 1937 προσώπων
3392 1865 3582 1919 ὲνώσει
3614 1866 3781 1934 μόνον

2205 1958 2473 2021 συντιθεὶς
2505 1959 2603 2029 τὴν
2627 1960 2961 2027 οἰκονομίαν,
2995 1960 3265 2024 συλλέγων
3294 1957 3349 2009 δὲ
3377 1957 3575 2026 μᾶλλον
3612 1958 3691 2018 είς
3719 1956 3780 2007 ἓν

2201 2050 2299 2113 τάς
2327 2049 2519 2117 φύσεις
2545 2051 2871 2120 ἀπορρήτως
2898 2066 2962 2117 γε
2997 2049 3091 2101 καὶ
3114 2048 3253 2115 ὑπὲρ
3283 2048 3439 2113 λόγον
3468 2087 3481 2110 ,
3509 2045 3584 2106 ὡς
3614 2044 3781 2107 αὐτὸς

2200 2142 2345 2208 ἔγνω
2374 2142 2401 2192 ό
2429 2140 2564 2203 Θεός
2591 2158 2603 2170 °
2643 2140 2739 2193 καὶ
2788 2141 3015 2191 οὕδέπου
3064 2140 3242 2207 φαμὲν
3284 2138 3549 2205 ἀνάχυσιν
3588 2135 3781 2203 ὥσπερ

2200 2232 2319 2284 τινά
2348 2231 2627 2301 συμϐῆναι
2657 2231 2787 2300 περὶ
2813 2231 2912 2291 τὰς
2952 2230 3143 2297 φύσεις
3168 2271 3181 2291 ,
3211 2229 3286 2292 ὡς
3317 2227 3653 2298 μεταστῆναι
3680 2226 3782 2294 τὴν

2198 2323 2292 2375 τοῦ
2314 2324 2483 2390 Λόγου
2509 2323 2669 2391 φύσιν
2693 2324 2769 2384 εἰς
2788 2322 2883 2390 τὴν
2905 2320 2997 2372 τοῦ
3019 2319 3306 2389 ἀνθρώπου
3329 2317 3509 2387 τυχόνο
3526 2316 3635 2369 ἀλλ’
3658 2316 3781 2368 οὐδὲ

2200 2410 2265 2467 αὖ
2280 2415 2379 2481 τὴν
2398 2413 2742 2483 ἀνθρωπίνην
2758 2414 2835 2473 είς
2849 2411 2946 2481 τὴν
2962 2411 3054 2463 τοῦ
3071 2411 3392 2477 Λόγου,νοου
3402 2409 3566 2478 μένης
3578 2409 3632 2461 δὲ
3652 2406 3784 2477 μᾶλ-

2198 2505 2290 2557 λον
2321 2504 2415 2557 καὶ⁵
2453 2503 2805 2572 ὑπαρχούσης
2828 2502 3096 2571 ἑκατέρας
3114 2502 3171 2553 ὲν
3191 2501 3267 2569 τῷ
3285 2500 3385 2568 τῆς
3406 2499 3541 2560 ίδίας
3564 2497 3782 2564 φύσεως

2198 2596 2331 2665 ὅρῳ,
2357 2592 2672 2663 πεπρᾶχθαι
2690 2593 2869 2661 φαμὲν
2884 2592 2983 2661 τὴν
3004 2592 3218 2645 ἕνωσιν.
3249 2610 3265 2640 ι
3286 2591 3393 2644 Kai
3430 2591 3555 2658 μετ’
3577 2589 3777 2657 ὀλίγα·

2206 2708 2224 2740 ι
2254 2688 2320 2741 Ei'
2336 2704 2418 2749 τις
2450 2683 2543 2738 οὖν
2579 2686 2686 2754 ἄρα
2725 2685 2871 2753 λέγει
2899 2684 3075 2754 μόνων
3115 2683 3424 2753 προσώπων
3446 2684 3545 2752 τὴν
3560 2682 3781 2743 ἕνωσιν,

2200 2776 2517 2838 ἀποδιιστάς
2546 2775 2856 2844 ὁλοτρόπως
2882 2774 3129 2844 ἀλλήλων
3161 2774 3257 2836 τὰς
3292 2773 3506 2841 φύσεις,
3537 2772 3643 2836 ἔξω
3674 2770 3783 2839 τῆς

2201 2869 2419 2931 εὐθείας
2452 2867 2679 2936 φέρεται
2702 2867 2911 2938 τρίϐου.
2956 2885 2975 2918 ι
3010 2865 3229 2919 Τούτων
3258 2865 3341 2928 τίς
3386 2866 3646 2935 ἀγνοήσει
3675 2863 3783 2934 τὴν

2199 2962 2430 3025 ἔννοιαν,
2460 2959 2554 3012 καὶ
2590 2960 2720 3028 μίαν
2749 2959 2911 3026 φύσιν
2934 2957 3120 3024 λέγειν
3165 2958 3409 3027 οἰήσεται
3441 2956 3532 3009 τὸν
3563 2954 3785 3025 Πατέρα

2200 3054 2295 3107 ἐπὶ
2322 3051 2561 3122 Χριστοῦ
2596 3067 2611 3117 ς
2643 3052 2765 3121 οὐχὶ
2795 3052 2850 3104 δὲ
2884 3052 2941 3104 ἓν
2970 3051 3265 3121 πρόσωπον
3302 3049 3505 3118 μᾶλλον
3532 3088 3545 3111 ,
3569 3048 3785 3117 ἡνωμέ·

531 3129 677 3173 trum
700 3135 865 3174 unam
886 3121 942 3175 in
965 3121 1184 3177 Christo
1208 3136 1460 3181 naturam
1482 3145 1730 3188 asserere
1752 3134 1897 3189 dicat
1919 3136 1941 3188 ?
1962 3138 2097 3206 quin

2201 3160 2306 3195 νων
2343 3121 2506 3195 αύτοῦ
2533 3142 2641 3194 τῶν
2664 3140 2881 3210 φύσεων
2910 3140 3011 3208 οὐχ
3050 3139 3237 3203 ἁπλῶς
3266 3139 3617 3210 ἀδιαιρέτως,
3644 3135 3786 3191 ἀλλὰ

530 3212 715 3279 potius
747 3211 816 3267 ab
842 3227 910 3266 eo
949 3214 1237 3271 manifeste
1276 3216 1465 3273 doceri
1512 3221 1752 3278 fateatur
1782 3236 2007 3282 naturas
2038 3229 2095 3284 in

2204 3232 2325 3288 καθ’
2366 3231 2667 3284 ὑπόστασιν
2690 3231 2856 3285 αὐτοῦ
2884 3230 3052 3299 αὐτήν
3077 3248 3092 3294 ;

533 3320 700 3359 unam
735 3320 1027 3374 personam
1057 3308 1350 3375 coaluisse,
1413 3328 1525 3367 non
1572 3318 1892 3375 omnimoda
1956 3324 2182 3393 quidem
2220 3324 2652 3397 conjunctione,
2706 3322 2802 3378 sed
2853 3338 2917 3378 ea
2968 3322 3253 3387 duntaxat,
3305 3336 3428 3391 quae
3480 3317 3780 3376 secundum

532 3397 942 3453 subsistentiam
967 3402 1259 3474 contingit.

803 3512 992 3583 Cyr-Illi
1020 3531 1083 3569 ea:
1110 3516 1333 3585 epistola
1372 3519 1443 3572 ad
1461 3518 1773 3579 Sucemum.

607 3625 625 3657 ι
660 3604 731 3661 Ut
762 3605 874 3659 duo
902 3621 1012 3659 non
1047 3607 1284 3677 amplius
1319 3609 1432 3664 duo
1462 3612 1597 3677 sint,
1633 3616 1730 3669 sed
1763 3631 1861 3686 per
1890 3626 2110 3674 utrum-

531 3713 638 3767 que
666 3697 988 3766 perﬁeiatur
1020 3699 1222 3753 animal
1252 3717 1446 3756 unum.
1486 3722 1503 3754 »

600 3788 771 3840 Porro
800 3787 844 3840 si
876 3797 1099 3844 sanctus
1127 3788 1286 3845 Pater
1319 3792 1551 3849 innuere
1572 3796 1840 3855 voluisset
1882 3810 2110 3858 naturas

533 3893 641 3930 non
677 3878 915 3947 amplius
939 3894 1060 3933 esse
1093 3890 1345 3946 naturas,
1366 3882 1553 3938 dicere
1572 3884 1859 3943 debuisset
1886 3907 1899 3942 :
1932 3910 1947 3941 ι
1973 3890 2105 3956 Qum

531 3967 744 4038 pridem
769 3969 891 4023 dua:
923 3978 1103 4034 erant,
1132 3986 1280 4027 nunc
1314 3973 1551 4042 amplius
1576 3974 1699 4030 duae
1724 3994 1832 4032 non
1857 3989 1986 4033 sunt
2024 3998 2037 4033 :
2081 4000 2099 4034 ι

530 4058 638 4123 vel,
680 4075 699 4109 ι
740 4059 887 4129 quod
920 4075 1068 4114 nunc
1098 4077 1266 4115 unum
1301 4072 1548 4129 est,.non
1571 4068 1807 4136 amplius
1835 4070 1945 4124 duo
1979 4081 2107 4126 sunt

531 4156 593 4202 ut
624 4157 805 4204 antea.
847 4169 865 4201 ι
917 4150 1073 4216 Quod
1110 4151 1155 4205 si
1210 4168 1332 4221 qua:
1370 4163 1531 4209 antea
1564 4156 1676 4211 duo
1723 4168 1901 4224 erant,
1937 4164 2105 4216 etiam

532 4255 679 4294 nunc
708 4240 817 4294 duo
846 4250 1012 4307 sunt;
1068 4241 1113 4296 si
1145 4257 1245 4311 per
1270 4255 1586 4315 utrumque,
1636 4265 1747 4304 non
1778 4267 1844 4305 ex
1871 4259 2106 4321 utroque

532 4328 858 4397 simpliciter
893 4345 1059 4383 unum
1090 4332 1335 4387 cernitur
1361 4351 1374 4386 :
1398 4336 1748 4405 perspicuum
1776 4352 1861 4394 est
1894 4340 1947 4394 id
1971 4356 2104 4395 con-

533 4420 744 4489 tingere
769 4420 991 4475 diversa
1022 4422 1279 4489 ratione;
1318 4434 1379 4478 ut
1412 4427 1560 4494 quod
1613 4428 1678 4482 ad
1720 4440 1950 4483 naturas
1979 4445 2107 4498 spe-

533 4519 667 4575 etat,
698 4512 782 4567 lue
802 4513 924 4568 duae
943 4515 1166 4583 quidem
1197 4517 1335 4582 sint;
1363 4518 1508 4586 quod
1536 4519 1604 4573 ad
1632 4522 1996 4589 compositum
2022 4530 2108 4575 at-

536 4605 693 4667 tinet,
729 4604 836 4661 hoc
886 4621 1019 4659 vero
1048 4607 1121 4660 sit
1161 4610 1364 4663 animal
1398 4626 1591 4676 unum,
1636 4612 1784 4682 quod
1833 4614 2109 4683 expressis

534 4698 720 4751 verbis
754 4701 869 4768 ipse
896 4698 1054 4753 dixit.

2210 3528 2517 3596 Κυρίλλου
2572 3527 2643 3581 ἐκ
2686 3524 2796 3595 τῆς
2847 3526 2998 3591 πρὸς
3032 3523 3379 3576 Σούκενσον
3427 3518 3786 3586 ἐπιστολῆς,

2285 3637 2304 3670 ι
2335 3618 2498 3672 Ὥστε
2534 3617 2602 3670 τὰ
2633 3616 2726 3669 δύο
2768 3614 2964 3685 μηκέτι
2993 3608 3132 3666 εἶναι
3155 3612 3268 3677 δύο,
3294 3611 3363 3664 δι’
3390 3612 3593 3681 ἀμφοῖν
3630 3609 3687 3662 δὲ
3726 3608 3789 3661 rb“

2207 3711 2265 3765 ἓν
2295 3710 2674 3763 ἀποτελεῖσθαι
2699 3708 2857 3773 ζῶον.
2898 3725 2916 3758 ι

2277 3802 2342 3855 Εί
2370 3796 2463 3854 οὖν
2493 3799 2649 3852 τοῦτό
2688 3813 2874 3866 φησιν,
2902 3796 2984 3849 ὅτι
3006 3796 3060 3848 αί
3095 3793 3285 3864 φύσεις
3337 3795 3437 3847 οὐκ
3472 3794 3579 3846 εἰσὶ
3599 3791 3789 3845 λοιπὸν

2204 3892 2415 3959 φύσεις,
2450 3889 2557 3942 ἔδει
2592 3890 2768 3941 εἰπεῖν
2801 3906 2820 3938 ι
2861 3886 3002 3938 ὥστε
3024 3885 3123 3947 τάς
3159 3901 3291 3935 ποτε
3318 3886 3431 3948 δυο,
3468 3883 3671 3945 ταύτας
3709 3884 3788 3953 μὴ

2201 3979 2337 4035 εἶναι
2368 3980 2459 4033 καὶ
2471 3980 2565 4032 νῦν
2593 3978 2821 4033 δύο.›“Ἡ
2847 3975 2987 4028 ὥστε
3019 3995 3037 4026 ι
3060 3980 3120 4026 τδ
3140 3974 3197 4027 ἓν
3218 3974 3277 4026 τὸ
3300 3974 3395 4028 νῦν
3418 3974 3617 4044 μηκέτι
3645 3968 3788 4025 εἶναι

2199 4073 2273 4133 ὡς
2294 4070 2388 4124 καὶ
2414 4071 2605 4141 πρώην
2624 4069 2716 4121 δύο
2734 4086 2749 4100 ο
2790 4087 2808 4119 ι
2834 4068 2880 4119 si
2912 4067 2965 4119 δὲ
2995 4067 3109 4119 ἐστι
3138 4067 3230 4119 καὶ
3255 4065 3349 4118 νῦν
3374 4066 3467 4117 δύο
3488 4064 3555 4117 τά
3574 4063 3689 4125 δύο,
3718 4064 3795 4116 δι’

2203 4164 2407 4231 ἀμφοῖν
2437 4179 2495 4214 τε
2524 4162 2620 4214 καὶ
2648 4161 2748 4212 οὐκ
2777 4159 2836 4222 ἐξ
2870 4159 3071 4226 ἀμφοῖν
3124 4157 3311 4219 ἁπλῶς
3346 4158 3410 4209 τδ
3452 4156 3510 4208 ἓν
3568 4156 3790 4225 ὁρᾶται,

2210 4252 2370 4321 δῆλον
2396 4251 2473 4315 ὠς
2528 4251 2648 4304 κατ’
2679 4249 2808 4304 ἄλλο
2844 4249 2938 4301 καὶ
2975 4248 3131 4301 ἄλλο·
3178 4247 3253 4310 ὡς
3304 4246 3403 4315 μὲν
3432 4245 3540 4315 γὰρ
3573 4246 3789 4313 φύσεις,

2209 4342 2335 4396 δύοο
2367 4341 2443 4405 ὼς
2470 4341 2524 4393 δὲ
2553 4339 2809 4393 σύνθετόν
2839 4357 2900 4391 τε
2922 4338 3125 4392 τοιόνδε
3157 4337 3325 4400 ζῶον,
3358 4338 3494 4403 ὅπερ
3551 4334 3649 4389 καὶ
3689 4336 3793 4406 ρη-

2211 4434 2321 4497 τῶς
2351 4432 2477 4503 ἔφη,
2513 4433 2572 4485 ἓν
2609 4434 2754 4485 ἔστι*
2791 4431 3124 4501 προσεκτέον
3152 4429 3206 4481 δὲ
3238 4428 3314 4491 ὡς
3348 4428 3443 4480 καὶ
3484 4427 3549 4479 δι’
3586 4428 3794 4496 ἀμφοῖν

2214 4525 2353 4589 ζῶον
2383 4524 2766 4578 ἀποτελεῖσθαι
2809 4522 3003 4589 λέγων,
3063 4520 3330 4589 ἑκατέραν
3368 4519 3531 4588 φύσιν
3577 4517 3656 4587 τῷ
3712 4518 3795 4570 ἑνὶ

2212 4616 2386 4685 τούτῳ
2430 4616 2652 4685 Χριστῷ
2709 4616 2853 4684 ζωὴν
2895 4613 3233 4680 συνεισάγειν
3278 4611 3469 4680 φησίν·
3527 4610 3661 4663 ἀλλά
3694 4610 3794 4678 τὴν

2144 4700 2187 4752 Ι)
2218 4706 2339 4773 μὲν,
2372 4705 2469 4774 τὴν
2505 4706 2741 4774 φυσικὴν
2775 4704 3081 4773 ἀνθρώπων
3124 4704 3220 4773 τὴν
3268 4704 3347 4764 δὲ,
3403 4702 3502 4773 τὴν
3555 4699 3795 4767 φυσικὴν

533 4787 653 4855 Θεῷ
682 4789 854 4857 ζωήν·
879 4790 954 4851 ὡς
986 4789 1043 4841 ἓν
1074 4784 1215 4843 εἷναί
1243 4807 1295 4841 τι
1319 4790 1655 4861 θεανδρικῶς
1683 4792 1789 4857 ζῶν
1818 4792 2112 4861 πρόσωπον
2147 4796 2294 4849 τόδε·
2330 4797 2426 4849 καὶ
2454 4796 2564 4864 γὰρ
2587 4795 2781 4847 ἐσθίων
2839 4797 2933 4847 καὶ
2995 4794 3165 4847 πίνων
3194 4794 3403 4863 διήρκει
3463 4795 3559 4845 καὶ
3594 4790 3794 4857 ηὔξανε

536 4878 655 4932 καθ’
691 4881 858 4948 ἡμᾶς,
878 4880 974 4933 καὶ
1001 4876 1073 4955 ἦν
1100 4882 1196 4933 καὶ⁵
1221 4880 1500 4952 αὐτάρκης
1526 4884 1620 4936 καὶ
1649 4884 1964 4955 παντέλειος
1987 4884 2182 4949 θεῖκῶς
2212 4890 2238 4940 ὁ
2269 4889 2431 4950 αὐτὸς
2459 4882 2540 4950 εἷς
2567 4887 2798 4955 Χριστὸς
2831 4889 2858 4939 ό
2892 4887 3095 4957 Κύριος
3130 4887 3308 4957 ἡμῶν.

607 4974 770 5043 Atqui
798 4989 961 5029 omne
1014 4974 1236 5034 animal,
1288 4975 1563 5043 inquiunt,
1596 4977 1745 5045 quod
1778 4993 1906 5031 vere
1932 4994 2104 5031 unum

2301 4982 2439 5034 Ἀλλ’
2462 4981 2607 5033 ἅπαν
2632 4974 2699 5048 ἦν
2739 4978 2877 5042 ζῶον
2914 4977 3010 5029 καὶ
3045 4978 3139 5046 μία
3174 4977 3357 5044 φύσις,
3390 4976 3554 5041 φασίν
3578 4992 3590 5005 °
3624 4979 3674 5028 εί
3702 4972 3796 5029 οῦν

535 5075 641 5133 est,
675 5082 784 5120 una
830 5081 1048 5135 quoque
1085 5073 1284 5119 natura
1313 5073 1399 5119 est
1427 5083 1439 5119 :
1472 5066 1719 5137 adeoque
1761 5068 1805 5121 si
1852 5068 2103 5125 Christus

2207 5073 2264 5126 ἓν
2280 5072 2436 5136 ζῶον,
2457 5072 2547 5123 καὶ
2568 5070 2665 5139 μία
2692 5069 2890 5135 φύσιςό
2909 5066 3396 5137 Χριστός.-Ἀλ).“
3413 5070 3461 5119 εἰ
3483 5066 3789 5119 ἀποδεικτι-

537 5169 621 5214 est
649 5159 849 5220 animal
880 5175 1070 5220 unum,
1115 5160 1235 5229 ejus
1265 5175 1484 5229 quoque
1518 5169 1714 5215 natura
1747 5177 1857 5215 una
1882 5163 2013 5216 erit.
2039 5193 2103 5202 —

2208 5160 2317 5221 κῶς
2334 5162 2579 5229 ἀπαντᾲν
2602 5159 2876 5227 βούλεσθε,
2894 5156 2967 5226 μὴ
2985 5159 3229 5223 ἀγνοεῖτε
3244 5157 3309 5208 τά
3327 5155 3517 5216 κοινῶς
3535 5154 3801 5222 δεδομένα

543 5250 741 5305 Verum
777 5251 822 5304 si
846 5258 994 5305 recta
1024 5250 1514 5306 demonstrationis
1539 5253 1626 5307 via
1658 5253 1964 5321 procedere
1992 5255 2103 5307 vul-

2210 5256 2346 5306 πᾶσι
2372 5255 2483 5314 τοῖς
2500 5252 2896 5311 ἀποδεικτικοῖς
2914 5249 3007 5301 καὶ
3031 5248 3418 5308 διαλεκτικοῖς
3445 5244 3553 5298 τῶν
3577 5247 3683 5315 γὰρ
3708 5247 3800 5297 dw-

542 5342 615 5396 tis
644 5343 698 5396 in
728 5341 1137 5411 objectionihus
1174 5344 1394 5408 vestris,
1418 5359 1516 5397 vos
1552 5344 1725 5397 latere
1753 5360 1863 5397 non
1888 5343 2103 5409 debent,

2211 5343 2518 5412 τιστρόφως
2546 5341 2795 5410 ἀλλήλοις
2821 5338 3329 5407 κατηγορουμένων,
3353 5336 3559 5389 τούτων
3582 5335 3798 5405 ἀνάγκη

540 5448 663 5501 quae
686 5434 890 5503 passim
917 5449 946 5487 a
974 5433 1299 5496 dialecticis,
1328 5443 1384 5489 et
1405 5434 1569 5505 hujus
1599 5433 1735 5487 artis
1756 5434 2103 5504 prmceptori-

2222 5434 2451 5500 θατέρου
2484 5431 2748 5493 δοθέντος,
2780 5431 2873 5482 καὶ
2900 5429 2960 5481 τὸ
2988 5429 3174 5495 ἕτερον
3228 5425 3628 5492 συνεπάγεσθαι
3649 5442 3663 5457 ο
3693 5425 3804 5478 τῶν

543 5523 647 5578 bus
673 5524 979 5578 traduntur.
1014 5524 1230 5579 Etenim
1265 5538 1655 5579 conversurum
1690 5523 1880 5578 eadem
1913 5532 1997 5579 est
2022 5540 2103 5577 ra-

2226 5524 2280 5578 δε
2318 5523 2416 5574 οὐκ
2466 5519 2951 5588 ἀντιστρεφόντων,
2998 5519 3056 5569 οὐ
3114 5515 3273 5582 δῆτα.
3323 5514 3385 5566 Ei
3425 5514 3521 5584 μὲν
3573 5511 3668 5566 οῦν
3708 5512 3802 5565 καὶ

544 5614 641 5679 tio,
672 5623 727 5669 et
758 5631 867 5668 uno
894 5617 1093 5685 posito,
1116 5616 1337 5672 necesse
1360 5626 1444 5671 est
1481 5615 1629 5668 aliud
1661 5631 1879 5685 quoque
1917 5615 2103 5684 sequi:

2222 5616 2371 5668 πᾶσα
2411 5612 2569 5681 φύσις
2600 5609 2756 5677 ζῶον,
2792 5611 2979 5681 ὥσπερ
3022 5605 3113 5663 οἷν
3162 5609 3255 5661 καὶ
3284 5609 3390 5661 πᾶν
3440 5606 3576 5671 ζῶον
3610 5605 3805 5674 φύσιςλ

618 5780 658 5809 ¹¹¹
684 5777 802 5831 Aet.
842 5791 912 5837 Iv,
949 5774 1034 5827 32.
