4094 6334
254 345 379 408 1857

1413 348 1711 408 CONTRA
1748 346 2345 408 MONOPHYSITAS.

3373 349 3507 415 1853

250 443 423 525 καλῶς
468 461 714 530 ἐλέγετε,
750 461 873 514 ἐπεὶ
918 458 1060 523 ζῶον
1113 462 1175 513 τὸ
1208 461 1483 529 σύνθετον,
1524 463 1619 517 καὶ
1676 463 1834 531 φύσιν

1939 478 2133 517 eorum
2174 471 2366 517 contra
2391 477 2514 532 quae
2553 477 2663 516 non
2697 471 3121 527 convertuntur,
3155 462 3370 520 diversa
3417 483 3506 521 ra~

253 551 628 606 ἀποτελεῖσθαι
655 568 668 581 ·
701 552 828 605 είδὲ
868 552 1015 605 ἔστιν
1064 553 1092 604 ὁ
1116 552 1261 615 λίθος
1296 553 1478 621 φύσις,
1517 555 1576 606 ού
1606 552 1711 624 μὴν
1742 553 1831 606 διὰ

248 644 363 698 τόδε
386 648 480 697 καὶ
504 643 670 707 ζῶον,
703 643 804 695 οὐκ
832 644 1130 711 ἀναγκαῖον
1160 642 1214 695 εἴ
1243 660 1298 695 τι
1327 642 1465 707 ζῶον
1494 643 1552 695 ἒν
1576 645 1713 705 ἐστι,
1744 642 1830 695 διὰ

250 735 362 788 τάδε
391 734 578 795 ἁπλῶς
606 734 702 786 καὶ
731 735 892 802 φύσιν
919 735 1047 804 μίαν
1080 731 1220 786 εἶναι
1245 750 1259 764 ·
1298 735 1391 788 καὶ
1422 734 1595 795 ἄλλως
1625 733 1754 801 γὰρ,
1782 734 1830 785 εί

250 819 383 879 διότι
410 825 467 878 ιν
495 825 634 889 ζῶόν
687 829 836 879 ἐστιν
869 828 897 878 ὀ
926 825 1187 895 Χριστὸς,
1232 827 1325 879 καὶ
1357 825 1455 895 μία
1507 824 1665 893 φύσις
1691 823 1829 885 ἐστὶ,

250 918 343 970 καὶ
362 916 495 969 διότι
523 917 586 969 ἐκ
628 915 720 968 δύο
751 915 968 984 φύσεὼν
1017 920 1153 979 ἐστι,
1178 916 1272 970 καὶ
1304 916 1397 969 δύο
1425 915 1540 980 ζῶα
1596 914 1769 978 ἔσται,
1805 915 1832 977 ὅ

252 1024 382 1077 φησι
409 1006 707 1078 Νεστόριος
738 1006 949 1060 ἀσεϐῶν
983 1007 1146 1077 μόνος
1167 1023 1181 1037 ο
1208 1009 1258 1061 εί
1281 1007 1337 1061 δὲ
1382 1005 1593 1074 λέγοιτε
1623 1006 1705 1057 ὃτι
1740 1003 1832 1056 καὶ

255 1106 315 1155 ὲκ
345 1102 439 1156 δύο
460 1102 619 1166 ζώων
648 1102 723 1164 ὡς
746 1102 855 1155 ἀπὸ
885 1102 983 1172 τῆς
1012 1101 1268 1172 θεότητος
1303 1102 1398 1154 καὶ
1423 1101 1519 1169 τῆς
1548 1098 1832 1169 ἀνθρωπό-

253 1209 433 1260 τητος,
465 1192 582 1245 τῶν
612 1192 889 1261 διαφόρων
922 1191 1171 1261 φυσικῶν
1210 1191 1367 1244 εἱδῶν
1415 1207 1599 1259 φαμεν
1648 1189 1830 1254 αὐτὸν,

258 1281 367 1352 ἄρα
402 1298 465 1351 γε
488 1284 582 1335 καὶ
611 1282 669 1335 ἓν
700 1282 839 1347 ζῶον
880 1281 997 1348 οὖν,
1027 1283 1101 1345 ὼς
1126 1281 1303 1334 κοινόν
1347 1298 1399 1333 τι
1434 1280 1529 1333 καὶ
1568 1280 1643 1342 ὡς
1696 1275 1833 1341 εἶδος

253 1375 438 1443 ἕτερον
471 1374 622 1443 παρὰ
665 1379 764 1448 τὴν
802 1374 1032 1444 ϐιότητα
1080 1373 1176 1425 καὶ
1210 1371 1608 1443 ἀνθρωπότητα
1645 1370 1833 1439 λέγετε

252 1466 415 1519 αὐτόν
440 1481 457 1495 ·
488 1466 582 1518 καὶ
612 1465 728 1528 πῶς
752 1476 917 1535 φησιν
941 1459 1094 1528 οὗτός
1117 1481 1174 1517 τε
1196 1465 1225 1517 ὁ
1252 1463 1439 1533 Πατὴρ
1473 1465 1569 1515 κιιι)⁸
1616 1462 1664 1513 οἱ
1719 1460 1831 1513 λοι-

253 1556 364 1617 ποὶ,
395 1554 459 1606 τὸ
487 1553 723 1624 Χριστὸς
756 1554 929 1622 ὄνομα
954 1552 1109 1621 μήτε
1130 1553 1349 1617 οὐσίας
1385 1551 1529 1618 ὅρον
1546 1548 1702 1619 μήτε
1722 1549 1834 1618 φύ-

251 1660 407 1709 σεως
438 1642 626 1710 ὄνομα
647 1637 823 1704 εἶναι,
853 1641 1009 1710 μήτε
1030 1640 1174 1709 ὅρου
1195 1640 1452 1709 δύναμιν
1479 1640 1511 1693 ἕ
1514 1655 1665 1705 χειν,
1680 1636 1834 1707 μήτε

252 1732 413 1800 εἶδος
438 1734 679 1801 φύσεως
706 1735 1045 1801 σημαίνειν,
1070 1733 1103 1801 ἡ
1133 1748 1188 1784 τι
1212 1731 1449 1785 τοιοῦτον
1481 1748 1496 1796 ;
1521 1730 1657 1795 ζῶον
1702 1730 1832 1800 ἄρα,

1933 554 2011 606 tio
2037 562 2142 608 est.
2171 553 2359 622 Itaque
2385 554 2429 607 si
2474 560 2529 607 et
2581 553 2760 607 omnis
2801 562 2997 607 natura
3042 554 3242 608 animal
3284 565 3400 619 est,
3451 565 3510 611 et

1930 659 2094 698 omne
2136 644 2337 698 animal
2374 652 2569 698 natura
2607 661 2620 696 :
2659 651 2808 698 recte
2841 644 2910 698 de
2945 643 3169 700 Christo
3210 647 3509 705 ratiocina-

1931 738 2090 800 mini,
2136 752 2262 791 cum
2314 737 2387 790 sit
2431 735 2634 789 animal
2678 751 2875 798 unum,
2908 752 3074 790 unam
3121 752 3341 806 quoque
3386 752 3509 793 esse

1931 837 2194 897 oportere
2220 826 2392 896 ipsius
2416 813 2815 880 naturam.'Sin
2838 826 3043 891 minus,
3070 835 3124 880 et
3149 826 3289 896 lapis
3313 834 3510 880 natura

1930 920 2154 989 quidem
2176 928 2279 980 est,
2317 933 2428 971 non
2464 917 2597 971 item
2623 916 2694 971 ob
2735 916 2788 970 id
2820 918 2986 971 etiam
3029 917 3272 982 animal;
3304 916 3511 971 idcirco

1932 1010 1977 1063 si
2014 996 2146 1077 quid
2182 1007 2385 1062 animal
2423 1022 2593 1061 unum
2624 1014 2730 1071 est,
2763 1022 2872 1061 non
2904 1007 3032 1062 inde
3059 1022 3286 1062 necesse
3327 1006 3512 1077 sequi-

1935 1108 2024 1153 tur
2051 1100 2103 1154 id
2138 1100 2316 1169 ipsum
2360 1099 2531 1153 etiam
2560 1109 2815 1154 naturam
2836 1114 2958 1155 esse
2982 1115 3169 1153 unam.
3204 1100 3306 1156 Vel
3326 1099 3509 1155 aliter.

1934 1191 1991 1247 Si
2021 1202 2312 1262 propterea
2353 1192 2481 1261 quia
2514 1191 2772 1247 Christus
2802 1201 2888 1246 est
2938 1208 3108 1246 unum
3138 1191 3364 1258 animal,
3401 1207 3510 1247 una

1933 1297 2157 1352 quoque
2185 1292 2380 1336 natura
2412 1292 2535 1348 est;
2565 1281 2758 1337 licebit
2780 1283 2911 1337 item
2959 1282 3302 1343 ratiocinari,
3333 1296 3511 1351 quan-

1933 1373 2235 1442 doquidem
2281 1372 2539 1427 Christus
2574 1373 2720 1427 idem
2753 1372 2986 1435 duabus,
3009 1373 3227 1427 naturis
3274 1380 3510 1436 constat,

1934 1464 2045 1519 duo
2072 1478 2295 1533 quoque
2320 1475 2486 1518 erunt
2512 1464 2792 1527 animalia,
2841 1463 2990 1532 quod
3042 1463 3195 1519 solus
3224 1462 3515 1517 Nestorius

1936 1554 2105 1624 impie
2134 1554 2456 1609 deblaterat.
2488 1553 2547 1609 Si
2580 1569 2714 1609 vero
2739 1553 2925 1609 dicitis
2945 1552 3226 1609 Christum
3256 1553 3514 1608 eumdem

1936 1660 1968 1700 e
2006 1644 2227 1699 duobus
2270 1645 2605 1701 animalibus
2647 1656 2903 1700 constare
2939 1655 3231 1715 propterea
3275 1646 3406 1715 quia
3446 1660 3517 1699 ex

1938 1738 2154 1792 duabus
2202 1740 2421 1793 naturis
2466 1740 2651 1809 specie
2688 1739 2947 1803 diversis,
2992 1739 3178 1793 divina
3225 1739 3436 1794 scilicet
3460 1746 3517 1793 et

252 1824 310 1877 τὸ
330 1824 407 1887 ὡς
431 1824 679 1893 ὑφεστὼς
700 1825 987 1894 πρόσωπόν
1012 1825 1161 1877 ἐστιν
1182 1824 1259 1876 ἓν.
1282 1822 1423 1877 Ἀλλ’
1447 1822 1654 1875 εἴποιτε
1679 1822 1829 1885 ἴσως,

1939 1830 2180 1884 humana
2198 1873 2213 1897 ,
2237 1834 2603 1900 compositum
2628 1832 2952 1897 asserimus;
2980 1832 3233 1901 nunquid
3264 1841 3321 1886 et
3345 1847 3515 1885 unum

248 1918 329 1971 ὅτι
350 1916 545 1987 ῶσπερ
573 1915 719 1986 ζωῆς
739 1917 840 1986 τῆς
866 1917 1038 1970 ἀϊδίου
1074 1917 1167 1968 καὶ
1192 1916 1291 1985 τῆς
1326 1914 1669 1987 προσκαίρου
1702 1928 1832 1982 μετ-

249 2009 386 2078 έχων
450 2008 507 2061 ἓν
541 2008 681 2073 ζῶόν
728 2010 875 2061 ἐστιν
901 2008 1074 2071 οὕτως
1105 2008 1198 2061 καὶ
1237 2007 1450 2077 φύσεως
1494 2004 1831 2076 προσκαίρου

248 2098 342 2149 καὶ
372 2098 474 2168 τῆς
500 2097 671 2150 ἀϊδίου
710 2097 1020 2169 μετασχὼν,
1058 2097 1155 2167 μία
1202 2096 1366 2166 φύσις
1398 2095 1576 2148 ἐστίν’
1611 2093 1834 2163 εὖδηὶος

246 2186 275 2235 ὀ
320 2183 735 2255 παραλογισμός
756 2203 768 2215 ·
798 2187 921 2239 ἀντὶ
954 2187 1061 2258 γὰρ
1093 2175 1197 2239 τού
1220 2186 1561 2255 μετέχοντος,
1614 2184 1675 2236 τὸ
1705 2199 1835 2253 μετ-

246 2276 512 2346 εχόμενον
559 2275 728 2347 ἐφητε
757 2277 818 2329 τὸ
844 2277 1095 2347 δεύτερον
1120 2295 1134 2310 ο
1164 2280 1213 2330 εί
1249 2279 1350 2348 μὲν
1392 2278 1500 2349 γὰρ
1521 2276 1582 2328 τὸ
1609 2276 1835 2347 μετέχον

246 2368 520 2439 ἑκατέρας
550 2367 700 2438 ζωῆς
723 2369 839 2440 ζωὴ
858 2366 949 2441 ἦν,
981 2372 1076 2425 καὶ⁵
1108 2372 1169 2425 οὐ
1200 2372 1359 2437 ζῶον,
1389 2371 1568 2423 εῐτουν
1592 2369 1834 2438 μετέχων

246 2459 353 2511 τῶν
382 2460 566 2526 ζώων,
597 2462 891 2530 πρόσωπον
921 2462 1103 2525 καλῶς
1143 2463 1360 2532 εῐρητο·
1394 2461 1518 2514 εἰδὲ
1548 2460 1608 2512 τὸ
1663 2461 1718 2511 ἐν
1741 2459 1836 2512 δύο

246 2550 413 2615 ζωαίς
442 2552 849 2623 θεωρούμενον,
905 2552 1042 2617 ζῶόν
1091 2554 1229 2615 ἐστι,
1270 2553 1363 2605 καὶ
1410 2552 1470 2604 τὸ
1502 2551 1597 2605 δύο
1636 2551 1834 2604 οὐσιῶν

248 2643 606 2713 μετειληφὸς,
636 2643 970 2713 ούσιωμένον
996 2645 1112 2697 ὲστί
1149 2661 1224 2711 τι,
1246 2644 1308 2696 οὐ
1333 2646 1437 2714 μὴν
1457 2645 1491 2714 ἡ
1517 2643 1695 2708 οὐσία,
1721 2643 1835 2696 εῐτ-

247 2750 342 2785 ουν
404 2734 595 2802 φύσις,
644 2735 1016 2804 ἀπρόσωπος·
1066 2736 1119 2789 τί
1168 2734 1227 2787 δέ
1271 2735 1468 2787 ὲστιτδ
1498 2734 1833 2804 ούσιωμένον

248 2827 342 2880 καὶ
362 2829 425 2880 τὸ
448 2826 619 2893 ζῶον,
650 2827 682 2899 ἢ
716 2830 776 2880 τὸ
793 2828 1084 2898 πρόσωπον
1108 2829 1332 2897 κυρίως,
1363 2830 1423 2880 τό
1464 2844 1525 2879 τε
1554 2828 1693 2880 κατὰ
1715 2827 1834 2878 δια-

249 2917 461 2986 φόρουςι
505 2919 699 2987 φύσεις
728 2919 819 2971 καὶ
837 2918 981 2981 ζωὰς
1010 2917 1291 2988 ύφεστώς;
1321 2916 1460 2970 ὥστε
1479 2916 1616 2981 ζῶον
1651 2916 1750 2986 μὲν
1776 2915 1833 2968 ἓν

248 3009 425 3079 ὀρθῶς
460 3028 649 3080 φαμεν
673 3052 688 3077 ,
725 3010 889 3079 φύσιν
926 3010 984 3063 δὲ
1020 3011 1151 3081 μίαν
1174 3010 1450 3080 οὐδαμῶς,
1487 3010 1677 3081 ὥσπερ
1710 3009 1833 3061 οὐδὲ

250 3100 393 3172 ζωὴν
418 3098 517 3155 ἐπὶ
574 3103 671 3156 τοῦ
700 3103 957 3156 συνθέτου
999 3101 1291 3173 προσώπου
1323 3101 1584 3171 Χριστοῦ.

1936 1920 2140 1973 animal
2171 1928 2433 1988 tanquam
2463 1922 2596 1991 quid
2627 1939 2919 1978 commune
2951 1925 3179 1978 alterius
3203 1923 3429 1993 speciei.
3459 1932 3519 1978 et

1936 2011 2163 2081 quidem
2189 2027 2219 2065 a
2252 2012 2439 2067 divina
2467 2026 2523 2069 et
2546 2014 2786 2069 humana
2816 2015 3068 2080 diversae,
3090 2015 3268 2085 ipsum
3285 2015 3519 2070 dicetis?

1935 2104 2226 2171 Quomodo
2276 2104 2422 2159 idem
2453 2114 2677 2161 sanctus
2708 2107 2892 2171 Pater,
2927 2114 2983 2160 et
3024 2106 3120 2159 alii
3149 2105 3326 2169 aiunt,
3351 2105 3513 2161 Chri-

1936 2205 2082 2250 stum
2135 2211 2231 2249 nec
2280 2198 2517 2251 essentia
2561 2213 2749 2251 nomen
2779 2213 2908 2254 esse.
2943 2213 3114 2268 neque
3158 2207 3386 2260 natura,
3422 2212 3518 2250 nec

1934 2285 2127 2339 habere
2165 2286 2375 2339 termini
2412 2287 2516 2339 vim
2566 2302 2733 2356 neque
2783 2294 2992 2341 natura
3027 2287 3250 2356 speciem
3279 2285 3516 2357 aliquam

1933 2373 2259 2447 signiﬁcare,
2278 2376 2361 2431 vel
2375 2376 2526 2431 aliud
2548 2378 2900 2446 huiusmodi?
2918 2378 3132 2431 Animal
3155 2378 3324 2448 igitur
3344 2392 3516 2431 unum

1936 2476 2058 2531 est,
2094 2477 2287 2540 utpote
2324 2469 2379 2522 in
2408 2485 2518 2523 una
2561 2469 2866 2539 eademque
2900 2485 3138 2539 persona
3180 2470 3507 2524 subsistens.

1936 2559 2136 2613 Verum
2175 2559 2369 2613 dicetis
2407 2559 2636 2612 forsan:
2682 2558 2838 2614 Sicut
2884 2560 3011 2614 vita:
3041 2568 3261 2613 aeternae
3304 2570 3360 2613 et
3393 2558 3520 2612 vitae

1936 2649 2255 2717 temporalis
2289 2650 2567 2719 particeps
2611 2655 2784 2703 unum
2809 2658 2895 2704 est
2925 2649 3149 2715 animal,
3187 2649 3263 2703 ita
3302 2658 3519 2703 natura!

1938 2750 2159 2796 αξιοι-ηιξ
2184 2749 2241 2795 et
2258 2750 2469 2795 naturae
2491 2742 2743 2795 mortalis
2760 2742 3040 2811 particeps
3058 2757 3165 2795 una
3185 2751 3270 2795 cst
3295 2749 3514 2796 natura.

1934 2830 2144 2887 Obvius
2166 2840 2451 2886 estautem
2480 2834 2909 2904 paralogismus,
2935 2833 3209 2902 siquidem
3242 2849 3356 2888 rem
3386 2847 3517 2901 par-

1935 2920 2219 2989 ticipatam
2253 2922 2377 2974 loco
2417 2921 2495 2973 rei
2529 2920 2913 2989 participantis
2949 2921 3005 2973 in
3034 2919 3390 2975 conclusione
3420 2931 3519 2986 po-

1933 3011 2089 3065 nitis.
2118 3009 2360 3073 Etenim,
2396 3009 2444 3063 si
2471 3009 2620 3077 quod
2647 3011 2938 3079 utriusque
2958 3018 3043 3065 est
3065 3014 3191 3064 vita:
3219 3009 3516 3077 particeps,

1934 3101 2048 3154 vita
2080 3109 2248 3162 esset,
2286 3114 2397 3153 non
2430 3115 2565 3153 vero
2595 3101 2820 3165 animal,
2847 3102 2965 3156 sive
2991 3117 3091 3156 ens
3118 3102 3349 3155 duarum
3380 3100 3520 3153 vita-

249 3210 367 3248 rum
430 3195 737 3263 particeps,
785 3195 909 3249 dua:
965 3194 1071 3249 illa:
1120 3193 1244 3247 vita:
1284 3208 1519 3262 persona
1574 3199 1725 3247 recte
1789 3190 2142 3256 dicerentur;
2198 3190 2242 3243 si
2287 3205 2420 3244 vero
2479 3192 2626 3261 quod
2664 3192 2720 3246 in
2793 3192 3028 3246 duarum
3091 3194 3329 3247 vitarum
3388 3207 3519 3262 par-

248 3289 580 3357 ticipatione
633 3287 1036 3353 consideratur,
1092 3288 1297 3341 animal
1340 3293 1446 3351 est,
1489 3301 1622 3355 ergo
1670 3293 1727 3340 et
1772 3284 1923 3355 quod
1990 3285 2232 3355 duplicis
2277 3294 2363 3340 est
2425 3285 2753 3340 substantiae
2809 3285 3123 3354 particeps,
3176 3294 3261 3339 est
3305 3282 3518 3354 aliquid

246 3378 703 3443 substantialum,
749 3394 863 3433 non
908 3389 1093 3432 autem
1147 3378 1493 3443 substantia,
1552 3377 1669 3430 sive
1735 3384 1964 3439 natura,
2014 3375 2405 3445 impersonalis.
2467 3374 2612 3441 Quid
2660 3390 2792 3429 vero
2856 3384 2942 3430 est
3000 3375 3203 3429 animal
3246 3375 3361 3429 sive
3421 3390 3521 3429 ens

248 3472 695 3534 substantiatum,
726 3472 830 3525 nisi
852 3471 1072 3541 proprie
1091 3486 1338 3540 persona,
1357 3478 1530 3523 etens
1556 3467 1865 3521 secundum
1904 3467 2043 3521 duas
2060 3476 2285 3521 naturas
2302 3475 2357 3521 et
2382 3466 2525 3521 vitas
2555 3466 2910 3521 subsistens?
2934 3466 3104 3521 Recte
3130 3466 3299 3536 igitur
3348 3482 3521 3521 unum

247 3564 482 3630 animal,
515 3562 749 3617 minime
783 3575 918 3615 vero
952 3569 1206 3614 naturam
1234 3573 1420 3624 unam,
1448 3573 1631 3628 neque
1658 3572 1822 3611 unam
1862 3555 2051 3622 vitam,
2083 3555 2138 3609 in
2171 3557 2474 3626 composita
2507 3554 2713 3610 Christi
2738 3569 2972 3625 persona
3003 3556 3324 3611 asserimus.

250 3678 590 3746 Κυριλλου,
623 3675 692 3727 ἐκ
714 3672 823 3741 τῆς
852 3671 1003 3740 πρὸς
1042 3670 1311 3727 Ἀκάκιον
1340 3668 1673 3737 ἐπιστολῆς
1700 3670 1829 3738 (15).

2261 3668 2451 3740 Cyrilli
2476 3686 2538 3723 ea:
2559 3669 2783 3741 epistola
2824 3672 2895 3725 ad
2925 3671 3199 3725 Acacium.

324 3786 345 3820 ι
392 3766 654 3837 Ὀρῶμεν
679 3767 759 3818 ὅτι
785 3766 880 3818 δύο
901 3764 1093 3833 φύσεις
1121 3763 1382 3833 συνῆλθον
1405 3762 1666 3833 ἀλλήλαις
1716 3762 1839 3815 καθ’

249 3862 441 3916 ἕνωσιν
487 3859 882 3922 ἀδιασπὰστως
934 3859 1257 3928 ἀσυγχύτως
1297 3858 1394 3911 καὶ
1424 3858 1752 3927 ἀτρέπτως·
1804 3856 1838 3924 ἡ

249 3955 355 4025 γὰρ
378 3955 544 4026 σὰρξ,
585 3951 722 4022 σάρξ
755 3949 992 4017 ἐστικαὶ⁵
1058 3952 1119 4002 ού
1162 3950 1374 4019 θεότης,
1401 3950 1449 4001 εί
1500 3949 1593 4001 καὶ
1643 3946 1837 4014 γέγονε

249 4046 381 4099 Θεοῦ
414 4045 561 4117 σάρξ
581 4059 594 4071 ·
628 4044 829 4113 ὁμοίιος
846 4044 900 4097 δὲ
933 4045 1026 4097 καὶ
1047 4046 1074 4096 ὁ
1103 4044 1275 4111 Λόγος
1307 4041 1440 4103 Θεός
1488 4043 1602 4093 ἐστι
1631 4041 1724 4093 καὶ
1776 4039 1836 4091 οὐ

252 4136 407 4207 σὰρξ,
445 4140 495 4189 εί
522 4136 630 4188 καὶ
648 4135 783 4188 ίδίαν
809 4135 1109 4204 ἐποιήσατο
1128 4135 1225 4204 τὴν
1246 4135 1427 4205 σάρκα
1455 4132 1835 4202 οἰκονομικῶς.

253 4227 419 4279 Ὅταν
462 4226 565 4280 οὖν
602 4224 882 4294 ἐννοῶμεν
912 4223 1089 4291 τοῦτο,
1128 4225 1280 4277 οὐδὲν
1313 4225 1603 4292 ἀδικοῦμεν
1635 4224 1733 4291 τὴν
1760 4224 1839 4286 είς

250 4317 477 4386 ἑνότητα
513 4316 853 4384 συνδρομὴν,
886 4316 951 4369 ὲκ
972 4315 1067 4368 δύο
1101 4314 1317 4383 φύσεων
1374 4313 1700 4382 γεγενῆσθαι
1755 4313 1840 4364 λέ-

251 4422 436 4472 γοντες
458 4426 471 4437 ·
511 4404 665 4474 μετά
704 4403 803 4471 μέν
826 4420 909 4455 τοι
932 4404 1031 4474 τὴν
1067 4403 1261 4455 ἕνωσιν
1284 4403 1344 4454 ού
1396 4403 1711 4471 διαιροῦμεν
1740 4401 1839 4463 τὰς

252 4495 436 4564 φύσεις
464 4496 564 4549 ἀπ’
600 4493 871 4563 ἀλλήλων,
901 4496 1021 4548 οὐδὲ
1048 4498 1125 4557 εἰς
1149 4495 1241 4547 δύο
1264 4494 1537 4563 τέμνομεν
1574 4494 1724 4554 υἱοὺς
1748 4493 1839 4543 τὸν

251 4588 341 4640 ἕνα
370 4590 465 4640 καὶ
494 4588 830 4657 ἀμέριστον,
856 4586 968 4639 ἀλλ’
1002 4587 1098 4639 ἕνα
1130 4589 1309 4656 φαμὲν
1335 4587 1482 4651 Υίὸν,
1516 4587 1610 4638 καὶ
1662 4586 1738 4650 ὼς
1791 4588 1839 4638 οἱ

253 4679 489 4750 Πατέρες
522 4679 827 4749 είρήκασιν
855 4678 980 4746 μίαν
1011 4678 1173 4745 φύσιν
1204 4679 1297 4730 τοῦ
1328 4680 1502 4745 Λόγου
1528 4693 1839 4745 σεσαρκω-

246 4770 453 4838 μέν-ην.
484 4769 711 4824 Οὐκοῦν
743 4769 866 4822 ὅσον
890 4770 987 4837 μὲν
1014 4767 1146 4843 ἧκεν
1171 4773 1248 4833 εἰς
1278 4770 1489 4823 ἔννοιαν
1519 4771 1613 4824 καὶ
1640 4772 1718 4832 είς
1748 4770 1841 4839 μό-

250 4879 333 4912 νον
358 4865 414 4915 τὸ
444 4864 587 4933 ὁρᾷ-ι
620 4863 740 4923 τοῖς
766 4865 863 4931 τῆς
902 4863 1080 4932 ψυχῆς
1101 4864 1310 4932 ὄμμασι
1334 4864 1453 4915 τίνα
1488 4864 1688 4932 τρόπον
1713 4864 1842 4931 ὁμο-

248 4953 403 5022 γενὴς
424 4949 861 5022 ὲνηνθρὼπησε,
895 4950 989 5003 δύο
1021 4955 1119 5015 τὰς
1152 4954 1344 5019 φύσεις
1380 4953 1581 5021 φαμέν.
1612 4970 1632 5002 ι

332 5237 467 5290 Ἀλλ’
499 5238 763 5305 εἴπωμεν
795 5232 892 5286 καὶ
934 5233 1066 5303 πρὸς
1092 5234 1239 5297 τάδε,
1264 5236 1345 5287 ὅτι
1369 5235 1526 5303 ἀρκεῖ
1578 5235 1709 5304 ἡμῖν
1740 5233 1839 5284 αὐ-

249 5328 334 5393 τὸς
364 5330 562 5382 ἑαυτὸν
587 5324 881 5393 διασαφῶν
905 5340 917 5353 ’
956 5328 1036 5379 Οὺ
1061 5326 1170 5392 γὰρ
1204 5324 1568 5394 διαιροῦμεν,
1594 5326 1720 5395 ἔφη,
1745 5325 1840 5377 καὶ

249 5420 352 5486 οὐχ
379 5420 649 5487 ὲνοῦμεν
673 5432 684 5444 ·
723 5415 820 5468 καὶ
849 5456 863 5480 ,
898 5416 1265 5487 τὴςρύσεις,
1303 5417 1363 5468 ού
1391 5419 1499 5486 μὴν
1527 5416 1623 5485 τὴν
1655 5416 1836 5484 φύσιν,

248 5512 317 5575 ὡς
340 5507 486 5566 οὗτοι
516 5512 801 5578 λέγουσιν,
835 5507 977 5563 οὐδὲ
1012 5511 1373 5577 τεμνόμενον
1400 5509 1505 5563 τὸν
1537 5509 1646 5562 ἕνα
1682 5509 1836 5575 ὶίὸν,

2016 3781 2033 3812 ι
2068 3760 2365 3816 Cernimus
2391 3771 2618 3816 naturas
2634 3761 2772 3816 duas
2802 3762 2855 3816 in
2890 3779 3061 3816 unum
3087 3762 3382 3827 coaluisse,
3414 3762 3522 3833 sibi

1937 3852 2173 3908 invicem
2214 3863 2368 3907 arcto
2416 3853 2582 3908 modo
2622 3854 2970 3923 coniunctas,
3022 3853 3143 3909 sine
3189 3855 3520 3911 confusione

1938 3946 2048 4001 ulla
2077 3955 2133 4001 et
2158 3948 2279 4001 sine
2307 3947 2417 4001 ulla
2432 3947 2738 4001 mutatione
2762 3962 2775 4008 ;
2814 3962 2938 4001 nam
2958 3962 3108 4010 caro,
3129 3962 3259 4002 caro
3283 3958 3387 4011 est,
3409 3964 3518 4002 non

1938 4035 2224 4103 divinitas,
2254 4038 2472 4093 etiamsi
2518 4037 2614 4091 Dei
2648 4052 2778 4091 caro
2803 4037 2894 4092 sit.
2933 4037 3175 4091 Verbum
3208 4037 3337 4092 item
3374 4038 3523 4093 Deus

1937 4138 2041 4194 est,
2081 4144 2188 4183 non
2231 4144 2383 4195 caro,
2414 4129 2633 4183 etiamsi
2665 4143 2887 4182 carnem
2931 4143 3241 4193 assumens,
3277 4144 3396 4183 eam
3433 4131 3518 4184 sui

1938 4221 2221 4290 propriam
2252 4220 2520 4275 eil‘ecerit.
2567 4220 2723 4286 Quod
2745 4234 2868 4273 cum
2898 4220 2974 4274 ita
3018 4235 3077 4275 se
3118 4220 3324 4274 habere
3353 4220 3521 4274 fatea-

1939 4328 2084 4375 mur,
2119 4313 2368 4382 profecto
2402 4329 2510 4367 non
2533 4327 2803 4376 erramus,
2842 4327 2969 4366 cum
3000 4327 3031 4365 e
3062 4313 3283 4366 naturis
3304 4312 3521 4367 duabus

1938 4406 1995 4460 in
2043 4404 2265 4459 Christo
2316 4405 2515 4460 factam
2559 4405 3008 4475 conjunctionem
3050 4405 3371 4459 asserimus.
3403 4406 3519 4471 Qua

1939 4496 2334 4566 conjunctione
2392 4497 2534 4557 facta
2583 4513 2692 4550 non
2748 4496 3051 4550 dividimus
3096 4511 3126 4549 a
3171 4512 3230 4551 se
3283 4498 3519 4551 invicem

1939 4596 2166 4641 naturas
2218 4586 2383 4655 ipsas,
2431 4603 2610 4656 neque
2657 4588 2713 4640 in
2769 4587 2910 4641 ﬁlios
2967 4587 3107 4641 duos
3156 4588 3521 4658 discerpimus

1940 4678 2239 4743 Christum,
2272 4679 2365 4747 qui
2404 4694 2549 4734 unus
2589 4688 2674 4733 est
2714 4686 2768 4733 et
2801 4679 3144 4744 individuus;
3198 4681 3292 4735 sed
3348 4697 3518 4735 unum

1942 4770 2142 4823 Filium
2199 4785 2319 4824 esse
2371 4770 2630 4836 dicimus,
2665 4778 2741 4835 et,
2793 4779 2853 4824 ut
2883 4771 3038 4824 aiunt
3092 4772 3301 4835 Patres,
3354 4788 3518 4825 unam

1943 4859 2040 4912 Dei
2072 4859 2237 4913 Verbi
2268 4869 2519 4913 naturam
2540 4862 2879 4913 incarnatam
2907 4860 3293 4928 przedicamus.
3332 4859 3522 4925 Quane

1945 4958 2059 5004 tum
2110 4965 2244 5018 ergo
2296 4951 2627 5018 cogitatione
2678 4952 2969 5020 complecti
3017 4952 3166 5014 licet,
3210 4960 3266 5003 et
3318 4950 3521 5005 mentis

1944 5042 2121 5095 oculis
2155 5045 2512 5111 contemplari
2547 5060 2651 5113 qua
2680 5046 2891 5097 ratione
2942 5059 3163 5098 carnem
3194 5044 3523 5113 Unigenitus

1932 5132 2251 5199 assumpsit,
2285 5131 2541 5195 dicimus,
2574 5132 2711 5186 duas
2742 5146 2864 5202 esse
2888 5132 2943 5184 in
2966 5129 3190 5185 Christo
3217 5140 3466 5183 naturas.
3496 5150 3514 5181 ι

2007 5237 2087 5290 Ad
2124 5237 2241 5290 haec
2272 5236 2510 5290 dicimus
2528 5251 2655 5288 eum
2682 5251 2738 5289 se
2772 5234 2905 5287 satis
2929 5249 3205 5301 superque
3249 5234 3393 5286 clare
3424 5249 3519 5287 ex-

1936 5329 2140 5397 plicare
2168 5346 2182 5393 ;
2216 5328 2292 5380 ait
2323 5329 2492 5388 enim,
2524 5344 2625 5379 non
2650 5326 2947 5387 dividimus,
2969 5342 3071 5378 non
3098 5324 3406 5394 copulamus
3428 5343 3443 5387 ;
3465 5336 3521 5380 ρι

1936 5419 2126 5472 subdit
2163 5427 2408 5481 naturas,
2454 5434 2564 5471 non
2602 5427 2879 5480 naturam,
2919 5426 2979 5469 ut
3014 5416 3069 5469 hi
3110 5417 3298 5469 volunt
3328 5433 3340 5469 :
3368 5416 3522 5486 adje-

1935 5511 2122 5581 citque
2153 5519 2420 5563 uraztcrea
2450 5526 2616 5579 neque
2655 5510 2931 5562 dividimus
2966 5526 3127 5561 unum
3155 5508 3383 5573 Filium;
3412 5525 3521 5561 non

316 5675 423 5743 (l5)
462 5673 586 5728 lmo
634 5684 773 5726 vero
831 5684 1066 5740 sequens
1099 5669 1472 5725 testimonium
1506 5670 1744 5725 sumitur
1795 5684 1859 5725 cx
1900 5670 2131 5739 epistola
2184 5668 2250 5723 ad
2302 5668 2630 5724 Succnsum.
2684 5667 2882 5737 Cytil.,
2932 5666 3020 5719 ed.
3063 5673 3100 5717 ι.
3140 5666 3201 5727 ν,
3275 5674 3413 5733 part.
3464 5679 3524 5730 ιι,

250 5769 301 5824 p.
333 5747 442 5801 157.
