4094 6334
548 369 679 432 1859

1795 360 2108 420 LEONTI-l
2151 354 2554 417 BY-ZANTINI

3657 341 3794 403 1350

542 482 686 536 dixit
732 495 896 535 unam
949 487 1224 533 naturam.
1282 474 1532 544 Denique
1578 472 1655 527 ait
1706 474 1895 524 mentis
1936 470 2120 535 oculis,

2244 469 2285 520 >0
2324 466 2429 537 μὴν
2454 465 2551 534 τὴν
2585 463 2711 535 μίαν
2737 461 2898 531 φύσιν
2931 461 3054 530 ἔφη.
3092 459 3206 521 τοῖς
3227 457 3281 510 δὲ
3311 454 3415 525 τῆς
3449 454 3655 524 ψιιχῆο
3697 457 3801 525 ὄμ-

543 573 750 646 qui'pus
781 575 944 627 homo
973 571 1159 625 diﬂ'ert
1185 584 1214 622 ει
1239 567 1421 646 brutis
1442 565 1793 628 animalibus,
1833 579 1955 633 quze.
1990 563 2122 617 solis

544 665 824 737 corporeis
855 664 1036 719 oculis
1076 662 1282 716 vident.
1314 643 1461 714 Duas
1501 672 1632 727 ergo
1671 672 1796 711 vere
1825 656 1966 710 dixit
1995 671 2111 710 san-

545 769 666 814 ctus
693 758 852 812 Pater
880 771 1000 811 esse
1027 754 1295 808 incantati
1322 750 1485 807 Verbi
1527 758 1770 802 naturas.

918 952 1171 1024 Ejusdem
1187 965 1251 1002 ea:
1290 946 1471 1001 eadem
1511 944 1750 1015 epistola.

621 1069 639 1102 ι
672 1047 1042 1107 Addueamus,
1077 1041 1276 1110 inquit,
1310 1041 1365 1093 in
1395 1038 1709 1107 exemplum
1741 1035 1988 1090 omnium
2023 1050 2124 1088 no-

545 1153 730 1199 strum-
759 1139 1127 1206 compositum
1179 1130 1552 1189 individuum.
1592 1142 1703 1198 quo
1733 1126 2128 1182 constituimur

546 1233 837 1288 homines:
866 1234 1083 1283 constat
1116 1225 1262 1278 enim
1306 1223 1542 1292 quisque
1579 1229 1828 1273 nostrum
1856 1218 2040 1271 anima
2072 1224 2128 1270 et

547 1337 806 1392 corpore,
863 1318 1258 1384 cernimusquc
1288 1313 1426 1367 duas
1479 1312 1533 1364 in
1565 1324 1900 1379 unoquoque
1932 1307 2130 1362 indivi-

545 1417 659 1469 duo
685 1421 932 1474 naturas,
958 1407 1205 1477 corporis
1236 1419 1426 1467 unam,
1449 1401 1616 1456 animi
1649 1402 1920 1464 alteram;
1955 1414 2126 1452 unum

544 1517 731 1560 tamen
766 1520 832 1558 ex
881 1501 1172 1568 utriusque
1211 1493 1605 1564 conjunctione
1655 1489 1935 1544 hominem
1978 1503 2126 1542 eom-

547 1596 700 1665 poni.
728 1594 918 1660 Neque
944 1590 1087 1643 duos
1117 1584 1371 1640 homines
1405 1579 1792 1652 judicandum,
1837 1585 2127 1647 propterea

548 1686 680 1756 quia
716 1700 783 1739 ex
815 1683 1031 1737 duabus
1090 1676 1304 1733 naturis
1346 1671 1694 1728 individuum
1745 1668 2126 1737 componitur;

549 1777 644 1832 sed
666 1791 835 1829 unum
857 1773 1122 1826 duntaxat
1147 1766 1430 1821 hominem
1452 1762 1771 1826 dicendum,
1795 1768 1984 1830 utpote
2010 1775 2130 1813 cor-

550 1883 684 1938 pore
717 1876 774 1920 et
799 1865 981 1919 anima
1007 1859 1396 1929 compositum,
1431 1863 1491 1908 ut
1517 1853 1676 1907 initio
1707 1852 1968 1905 diximus.
2015 1869 2032 1902 ι
2063 1880 2129 1889 -

549 1957 631 2011 Ειι
681 1971 872 2010 rursus
918 1962 1105 2022 aperte
1157 1948 1315 2010 dixit,
1369 1956 1540 1999 unum
1592 1942 1944 1997 individuum
1991 1941 2129 1994 duos

551 2049 808 2103 homines
849 2045 1084 2116 iudicari
1121 2057 1232 2096 non
1273 2045 1571 2109 oportere;
1609 2050 1719 2089 non
1773 2043 1956 2089 autem
1990 2034 2129 2088 dixit

2157 1812 2204 1871 B

2217 576 2431 630 μασιν,
2461 551 2541 619 οἷς
2576 558 2672 609 ita!
2717 555 2966 624 διαφέρει
3011 551 3292 622 ἄνθρωπος
3327 549 3558 619 κτήνους
3620 548 3710 600 τοῦ
3742 551 3802 599 ὲν

2221 656 2334 713 τοῖς
2366 653 2458 725 τοῦ
2492 651 2746 720 σώματος
2773 651 3019 720 ὄμμασιν
3046 651 3204 718 μόνον
3231 647 3518 717 βλέποντος
3540 662 3552 676 ο
3579 646 3673 699 δύο
3693 646 3803 715 ἄρα

2223 744 2316 796 καί
2346 761 2510 814 φησιν
2537 740 2675 796 εἶναι
2709 746 2736 795 ὁ
2771 741 2960 812 Πατὴρ
3000 741 3099 804 τὰς
3129 739 3319 808 φύσεις
3367 739 3460 791 τοῦ
3493 738 3666 806 Λόγου
3701 753 3804 790 σεο

2222 836 2635 906 σαρκωμένου,
2670 834 2908 904 ἀληθῶς.

2405 950 2515 1004 ’τοῦ
2552 951 2738 1003 αὑτοῦ
2772 948 2837 1002 ἐκ
2873 945 2982 1012 τῆς
3009 945 3202 1013 αὐτῆς
3239 943 3592 1011 ἐπιστολῆς.

2301 1059 2320 1092 ι
2359 1032 2652 1110 Δεξώμεοα
2683 1026 2818 1108 πρὸξ
2850 1038 3202 1109 παράδειγμα
3224 1036 3331 1106 τὴν,
3347 1035 3469 1089 καθ’
3525 1036 3672 1106 ἡμᾶς
3707 1034 3811 1087 αὑ-

2225 1133 2352 1194 τοὺς
2385 1132 2654 1193 σύνθεσιν,
2680 1130 2879 1200 καθ’ἥν
2904 1131 3072 1198 ἐσμεν
3101 1127 3376 1198 ἄνθρωποι
3401 1144 3413 1156 ·
3449 1125 3811 1195 συντιθέμεθα

2227 1221 2338 1292 γὰρ
2377 1223 2439 1275 ὲκ
2459 1222 2640 1291 ψυχῆς
2671 1220 2764 1274 καὶ
2795 1220 3069 1290 σώματος,
3106 1220 3198 1271 καὶ
3226 1218 3440 1288 ὁρῶμεν
3475 1216 3569 1269 δύο
3592 1215 3808 1285 φύσεις,

2227 1311 2424 1380 ἑτέραν
2450 1311 2548 1381 μὲν
2574 1309 2667 1362 τοῦ
2700 1303 2970 1378 σώματος’,
3008 1309 3198 1379 ἑτέραν
3225 1309 3282 1360 δὲ
3314 1308 3411 1376 τῆς
3439 1307 3614 1376 ψυχῆς
3635 1324 3650 1336 ·
3692 1304 3811 1358 ἀλλ’

2227 1402 2289 1464 ἐξ
2318 1402 2519 1470 ἀμφοῖν
2550 1401 2672 1454 καθ’
2702 1401 2915 1465 ἕνωσιν,
2952 1399 3268 1471 ἄνθρωπον·
3307 1401 3400 1452 καὶ
3455 1398 3554 1466 οὑχ
3603 1399 3685 1450 ὅτι
3746 1398 3815 1448 ἐκ

2227 1490 2320 1545 δύο
2341 1492 2556 1561 φύσεων
2582 1489 2968 1544 συντέθειταιίὸ
2994 1489 3304 1559 ἄνθρωπος,
3353 1488 3448 1540 δύο
3477 1489 3566 1539 τὸν
3593 1487 3689 1538 ἕνα
3719 1503 3781 1538 νο
3799 1513 3817 1525 -

2232 1583 2474 1653 μιστὲον,
2509 1582 2624 1636 ἀλλ’
2652 1584 2746 1635 ’ένα
2779 1582 2868 1635 τὸν
2894 1581 3054 1636 αὑτὸν
3086 1581 3228 1633 κατὰ
3264 1580 3533 1641 σύνθεσιν,
3555 1578 3630 1642 ὡς
3651 1578 3814 1647 ἔφην,

2227 1675 2326 1744 τὴν
2357 1676 2420 1727 ὲκ
2460 1673 2708 1745 σώματος
2737 1674 2831 1727 καὶ
2853 1673 3052 1743 ψυχῆς.
3094 1692 3113 1722 ι
3163 1673 3294 1726 ’ἰδοὺ
3327 1672 3489 1726 πάλιν
3517 1670 3711 1738 σαφῶς
3738 1668 3821 1739 μὴ

2230 1765 2323 1818 δύο
2354 1765 2702 1836 ἀνθρώπους,
2722 1765 2811 1818 τὸν
2838 1765 2934 1818 ἕνα
2957 1765 3201 1834 νομίζειν
3236 1764 3406 1832 λέγει,
3449 1763 3570 1832 οὐχὶ
3599 1763 3672 1832 μὴ
3718 1760 3820 1813 δύο

2239 1856 2430 1924 φύσεις
2462 1857 2559 1924 τὴν
2611 1857 2739 1925 μίαν
2792 1856 2954 1924 φύσιν
3014 1855 3330 1922 λογίζεσθαι
3385 1855 3526 1924 ἔφη·
3585 1853 3717 1905 ὅπου
3747 1869 3822 1920 γε

2234 1947 2329 2000 τοῦ
2354 1948 2640 2019 ανθρώπου
2671 1949 2787 2001 οὑδὲ
2813 1949 2954 2001 κατὰ
3004 1947 3182 2000 πάντα
3210 1947 3420 2017 ἐλήςοη
3465 1945 3528 1998 τὸ
3556 1944 3823 2014 παράδει-

2236 2055 2372 2107 γμα-

549 2157 804 2199 naturam
839 2154 1003 2192 unam
1067 2130 1372 2190 existimari
1411 2146 1519 2183 non
1581 2126 1787 2181 debere
1853 2124 2024 2191 duas,
2094 2128 2542 2197 quandoquidem
2593 2144 2694 2184 nec
2741 2127 3051 2197 exemplum
3099 2125 3166 2180 ab
3208 2125 3433 2179 homine
3465 2124 3824 2193 desumptum

553 2238 608 2292 in
635 2235 894 2290 omnibus
922 2228 1179 2300 quadrat.

623 2328 709 2388 At,
729 2324 1006 2392 inquiunt,
1027 2321 1082 2372 in
1118 2313 1363 2372 secundo
1380 2312 1446 2367 ad
1469 2311 1776 2366 Suecnsum
1803 2316 2141 2364 commenta-

556 2419 638 2472 rio
648 2417 888 2488 Cyrillus
903 2428 1025 2468 eum
1052 2410 1326 2465 attulisset
1341 2405 1652 2474 exeruplum
1671 2401 1936 2464 hominis,
1959 2399 2141 2453 anima

553 2520 612 2567 ot
635 2522 867 2577 corpore
891 2501 1205 2572 compositi,
1230 2512 1491 2566 expresse
1517 2495 1614 2558 ait,
1645 2513 1662 2544 ι
1699 2502 1758 2546 ιιι
1779 2502 1901 2562 (ιῡιο
1929 2491 2140 2561 pridem

555 2599 668 2653 duo
725 2603 907 2656 erant,
961 2607 1070 2645 non
1121 2588 1364 2658 amplius
1409 2585 1520 2637 duo
1575 2583 1712 2638 sint.
1779 2599 1795 2632 ι
1831 2611 1902 2619 -
1937 2580 2139 2635 Verum

555 2705 740 2746 nonne
771 2685 1128 2756 perspicuum
1155 2687 1262 2742 est,
1291 2687 1347 2731 et
1379 2676 1484 2731 hoc
1514 2674 1622 2728 dici
1675 2673 1767 2728 tali
1799 2687 1986 2731 sensu.
2028 2685 2141 2723 non

554 2798 682 2837 esse
706 2779 968 2833 videlicet
992 2776 1133 2829 duos
1157 2771 1433 2831 homines,
1469 2774 1742 2836 quatenus
1767 2763 1832 2816 ad
1866 2761 2143 2830 composi-

559 2882 676 2928 tum
707 2872 887 2940 ipsmn
926 2862 1289 2922 referuntur?
1318 2859 1466 2914 ldem
1511 2856 1660 2911 enim
1693 2855 1858 2924 paulo
1893 2851 2148 2921 superius

553 2965 636 3018 ait
673 2981 687 3016 :
725 2981 742 3013 ι
779 2963 923 3016 Duas
955 2959 1011 3011 in
1037 2957 1157 3024 ipso
1190 2960 1420 3007 naturas
1447 2947 1816 3016 concipimus,
1850 2959 2012 2997 unam
2042 2942 2148 2996 sci-

557 3056 692 3108 licet
721 3052 940 3114 animze,
972 3049 1135 3102 aliam
1159 3043 1434 3114 corporis,
1462 3061 1478 3090 ι
1505 3039 1721 3095 etiamsi
1743 3038 1848 3090 hoc
1867 3035 2146 3104 expressis

563 3146 752 3201 verbis
808 3145 926 3213 ipse
979 3141 1205 3194 minime
1251 3137 1417 3190 dicat.
1463 3131 1667 3187 Subdit
1716 3130 1863 3183 enim
1903 3146 1914 3180 :

565 3237 734 3290 unius
760 3237 876 3288 hmc
906 3247 1027 3287 esse
1061 3229 1441 3298 intelligimus.
1474 3244 1490 3276 ι
1522 3221 1702 3288 Quare
1738 3220 1892 3274 novit
1919 3224 2143 3271 sanctus

560 3327 725 3382 Pater
749 3341 872 3380 esse
895 3324 1028 3386 duo,
1065 3337 1192 3390 cum
1231 3319 1397 3372 unius
1429 3331 1493 3368 ea
1517 3328 1638 3367 esse
1671 3312 1890 3367 dixerit.
1928 3310 2062 3364 Nam
2096 3308 2143 3362 si

563 3436 608 3473 IS
634 3418 859 3488 penitus
893 3412 1357 3486 ignorassetduo,
1408 3421 1695 3476 nunquam
1739 3403 1852 3457 hoc
1890 3401 2142 3464 dixisset,

556 3511 736 3573 unius,
766 3508 980 3562 scilicet
1001 3503 1243 3559 hominis
1266 3517 1407 3556 esse.
1431 3500 1550 3554 Non
1569 3496 1808 3566 amplius
1833 3510 1965 3548 vero
1996 3509 2147 3546 man-

559 3609 755 3656 serunt
783 3600 893 3654 duo
918 3638 932 3663 ,
965 3597 1073 3651 hoc
1120 3603 1239 3658 est,
1277 3591 1510 3647 seorsim
1545 3603 1716 3642 unum
1771 3586 1840 3640 ab
1881 3586 1988 3639 alio
2016 3600 2144 3639 vere

562 3710 673 3750 non
709 3692 1044 3752 subsistunt,
1074 3689 1170 3743 sed
1201 3684 1571 3755 compositum
1603 3695 1799 3743 unum,
1819 3677 2148 3732 sciliectho-

562 3787 767 3842 minem
800 3781 1104 3839 coniiciunt
1131 3797 1145 3832 :
1178 3775 1634 3848 quandoquidem
1669 3786 1836 3825 unum
1866 3769 1999 3839 quid
2026 3783 2146 3823 esse

561 3885 889 3939 cernuntur,
905 3873 1426 3942 concipiunturque.
1447 3865 1736 3932 Quomodo
1755 3865 1902 3917 enim
1923 3875 2146 3930 corpus,

561 3981 619 4026 et
653 3971 890 4037 animum
935 3966 988 4019 in
1027 3981 1095 4018 eo
1142 3961 1346 4017 servari
1397 3958 1502 4013 diei
1547 3957 1773 4027 poterit,
1799 3955 1844 4009 si
1888 3953 1997 4007 duo
2043 3968 2150 4006 non

563 4067 694 4116 sunt
722 4055 1001 4128 amplius?
1025 4053 1353 4121 Quanquam
1377 4050 1446 4104 de
1469 4048 1693 4104 Christo
1713 4047 1951 4115 loquens
1976 4041 2151 4096 utitur

565 4147 809 4203 hominis
842 4144 1122 4213 exemplo,
1156 4141 1378 4195 ratione
1408 4138 1600 4193 habita
1628 4152 1740 4190 non
1790 4141 2023 4195 natura.
2053 4131 2150 4188 sed

563 4233 968 4294 subsistentire.
1015 4230 1250 4286 Disserit
1287 4229 1438 4284 enim
1479 4234 1671 4280 contra
1698 4223 2150 4291 Nestorium,qui

565 4326 958 4384 subsistentias
987 4324 1126 4379 duas
1163 4323 1221 4376 in
1248 4322 1369 4390 ipso
1406 4304 1632 4374 Christo
1667 4315 1970 4371 astruebat.
2020 4315 2152 4368 Ete-

563 4423 680 4478 nim
713 4422 757 4475 si
792 4422 858 4474 de
890 4417 1115 4472 Christo
1149 4422 1430 4483 sumptum
1461 4411 1660 4465 fuisset
1700 4407 1939 4462 hominis
1967 4420 2152 4460 exem-

2311 2309 2450 2361 Ἀλλ⁸
2486 2311 2543 2362 ὲν
2571 2310 2649 2380 τῷ
2681 2310 2918 2381 δευτέρῳ
2952 2308 3087 2378 πρὸς
3117 2308 3411 2363 Σοὺκενσον
3429 2307 3828 2381 ὑπομνηστικῷ

2241 2401 2441 2473 ῥητῶς,
2472 2405 2654 2469 φασὶν,
2677 2405 2704 2455 ὁ
2727 2403 2914 2471 Πατὴρ
2943 2400 3208 2469 Κύριλλος
3247 2401 3462 2472 εἴρηκε.
3491 2401 3551 2454 τὸ
3575 2400 3669 2453 τοῦ
3721 2403 3823 2453 ἀνι

2240 2493 2462 2562 θρώπου
2492 2492 2697 2554 λαϐὼν,
2717 2492 2778 2544 ἐκ
2807 2490 2988 2559 ψυχῆς
3015 2491 3111 2544 καὶ
3139 2489 3388 2559 σώματος
3430 2490 3602 2556 ὄντος,
3640 2491 3827 2558 παρά-

2238 2583 2458 2652 δειγμα,
2491 2601 2509 2633 ι
2545 2583 2708 2635 Ὥστε
2768 2580 2836 2633 τὰ
2877 2574 2968 2632 δύο
2996 2581 3190 2650 μηκέτι
3239 2575 3378 2633 εἶναι
3413 2579 3524 2634 δύο.
3565 2599 3582 2631 ι
3619 2610 3684 2620 -—
3711 2581 3828 2633 Καὶ

2241 2675 2357 2735 πῶς
2386 2676 2446 2726 οὑ
2481 2674 2659 2739 δῆλον,
2695 2672 2769 2734 ὡς
2804 2675 2897 2724 καὶ
2923 2671 3081 2724 τοῦτο
3109 2671 3283 2734 οὕτως
3327 2671 3499 2740 λέγει,
3529 2674 3610 2726 ὅτι
3641 2673 3762 2727 καθ’
3794 2673 3828 2726 ὖ

2242 2765 2492 2833 γέγοναν,
2525 2765 2623 2816 οὑκ
2649 2765 2755 2815 εἰσὶ
2776 2763 2870 2816 δύο
2895 2765 3061 2834 ἤγουν
3085 2762 3361 2833 ἄνθρωποι
3388 2781 3402 2829 ;
3439 2764 3549 2817 ἰδοὺ
3575 2764 3682 2833 γὰρ
3721 2766 3830 2817 αὑ-

2242 2857 2333 2919 τὸς
2367 2856 2624 2926 ἀνωτέρω
2652 2856 2818 2925 φησί·
2861 2874 2879 2906 ι
2929 2855 3032 2908 Δύο
3084 2857 3183 2924 μὲν
3221 2856 3329 2925 γὰρ
3374 2859 3468 2910 καὶ
3517 2857 3603 2909 ὑπ’
3654 2856 3826 2910 αὑτοῦ

2243 2946 2468 3016 νοοῦμεν
2501 2947 2596 3009 τὰς
2627 2947 2838 3014 φύσεις,
2873 2947 2999 3018 μίαν
3034 2948 3132 3015 μὲν
3152 2948 3349 3017 ψυχῆς,
3377 2949 3568 3016 ἑτέραν
3622 2949 3679 3002 δὲ
3726 2950 3829 3004 τοῦ

2247 3037 2532 3107 σώματος’
2601 3057 2619 3090 ι
2682 3041 2730 3090 εἰ
2764 3040 2855 3090 καὶ
2910 3040 2983 3108 μὴ
3013 3039 3115 3091 ἀνὰ
3150 3040 3314 3109 μέρος
3366 3039 3560 3108 δῆλονο
3597 3041 3832 3112 καὶγὰρ

1963 3145 1982 3177 ι
2036 3125 2142 3182 Sed
2169 3158 2212 3219 ρ
2249 3128 2466 3195 ἐπάγει,
2499 3148 2516 3179 ι
2554 3130 2694 3182 ‘AD.’
2715 3131 2832 3191 ἐνὸς
2849 3125 2989 3182 εἶναι
3011 3129 3260 3198 νοοῦμεν·
3291 3149 3309 3181 ι
3333 3129 3472 3184 ὥστε
3502 3128 3641 3185 οἶδεν
3684 3134 3832 3187 αὑτὰ

2247 3227 2340 3302 δύο
2360 3231 2416 3282 ἐν
2439 3229 2516 3298 τῷ
2545 3226 2684 3281 εἶναι
2717 3229 2853 3280 αὑτὰ
2895 3228 3011 3290 ἑνός
3037 3243 3051 3259 ο
3087 3229 3147 3279 οὑ
3177 3228 3286 3298 γὰρ
3340 3227 3406 3280 ἂν
3457 3227 3582 3296 ἔφη,
3615 3228 3832 3297 μήποτε

2247 3312 2402 3382 εἰδὼς
2456 3321 2536 3390 τίγ
2581 3321 2767 3384 δυάδα,
2816 3321 2894 3385 τὸ,
2927 3320 3065 3374 ἀλλ’
3096 3320 3256 3385 ἐνὸς,
3289 3319 3384 3372 τοῦ
3414 3320 3703 3390 ἀνθρώπου
3751 3320 3846 3385 ὡς’

2247 3414 2453 3466 ἕκαστα
2481 3414 2692 3482 ἔχοντος
2713 3430 2724 3442 ·
2750 3413 2931 3465 οὐκέτι
2961 3411 3016 3464 δὲ
3051 3411 3234 3481 ἔμεινε
3263 3412 3374 3474 δύο,
3416 3414 3658 3465 τουτέστι
3729 3414 3838 3484 μό-

2248 3522 2336 3556 νον
2362 3505 2454 3556 καὶ
2479 3505 2662 3567 ἁπλῶς
2688 3505 2837 3568 ὅντα,
2868 3505 3002 3556 ἀλλὰ
3043 3505 3135 3558 καὶ
3172 3503 3233 3556 ’έν
3295 3521 3348 3556 τι
3405 3505 3706 3574 ποιήσαντα
3735 3503 3835 3558 τὸν

2252 3595 2535 3665 ἔινθρωπον
2560 3613 2572 3626 ·
2622 3597 2718 3648 καὶ
2759 3595 2817 3647 ἓν
2857 3612 2907 3646 τι
2965 3593 3071 3664 γὰρ
3117 3594 3348 3664 ὁρῶνται
3389 3593 3484 3647 καὶ
3544 3594 3833 3648 νοοῦνταιο

2248 3687 2373 3738 ἐπεὶ
2399 3685 2515 3748 πῶς
2545 3687 2593 3737 εἰ
2635 3687 2809 3754 πάντη
2836 3685 2936 3738 οὑκ
2975 3686 3080 3738 εἰσὶ
3103 3685 3218 3748 δύο,
3257 3686 3406 3756 ψυχὴ
3446 3685 3526 3738 ἔτι
3569 3687 3685 3739 ἐστὶ
3733 3689 3837 3740 καὶ

2253 3774 2410 3844 σῶμα
2449 3774 2752 3848 σωζόμενα,
2785 3776 2933 3844 ὅμως
2970 3776 3064 3828 ὲπὶ
3113 3777 3376 3847 Χριστοῦ,
3409 3776 3528 3830 οὐδὲ
3581 3777 3721 3831 κατὰ
3738 3781 3838 3832 τὸν

2250 3868 2349 3935 τῆς
2373 3867 2584 3934 φύσεως
2630 3868 2808 3934 λόγον,
2841 3867 2975 3920 ἀλλὰ
3022 3869 3162 3921 κατὰ
3212 3868 3303 3920 τὸν
3351 3870 3449 3937 τῆς
3479 3870 3838 3932 ὑποστάσεως

2254 3958 2514 4028 εἴληπται
2547 3958 2696 4028 αὑτῷ
2717 3959 2778 4011 τὸ
2819 3960 3176 4030 παράδειγμα
3199 3977 3211 3990 ·
3236 3960 3372 4030 πρὸς
3403 3959 3698 4031 Νεστόριον
3735 3961 3838 4014 δύο

2252 4051 2350 4112 τὰς
2375 4050 2701 4112 ὑποστάσεις
2736 4050 2899 4102 αὑτοῦ
2928 4051 3151 4116 λέγοντα
3185 4052 3400 4120 εἴρηται
3423 4067 3437 4082 ·
3489 4052 3538 4103 εξ
3590 4050 3698 4122 γὰρ
3737 4053 3838 4107 καὶ

2257 4141 2468 4208 φύσεως
2502 4141 2644 4210 λόγῳ
2667 4140 2922 4210 εἴληπται
2952 4140 3012 4191 τὸ
3045 4141 3395 4212 παράδειγμα
3417 4140 3510 4195 τοῦ
3543 4143 3840 4214 ἀνθρώπου

2253 4232 2345 4284 ἐπὶ
2375 4231 2634 4301 Χριστοῦ,
2683 4231 2792 4300 ἄρα
2842 4232 2936 4284 καὶ
2965 4232 3087 4284 ἐπεὶ
3109 4233 3208 4284 οὐκ
3239 4234 3304 4285 ὲκ
3361 4233 3839 4304 προῦπαρχουσῶν

2254 4321 2346 4374 δύο
2371 4320 2591 4388 φύσεων
2613 4321 2641 4372 ὁ
2676 4321 2850 4390 Ἀδὰμ
2879 4320 3058 4391 ψυχῆς
3090 4323 3184 4374 καὶ
3218 4323 3492 4392 σώματος,
3519 4325 3638 4377 οὑδὲ
3666 4327 3692 4377 ὁ
3717 4326 3837 4377 Κύ-

2261 4430 2372 4484 ριος
2395 4415 2457 4466 ἐκ
2491 4412 2587 4465 δύο
2628 4413 2845 4481 φύσεων
2875 4429 2888 4442 ·
2921 4413 3001 4465 ἔτι
3044 4413 3148 4485 μὴν
3177 4416 3204 4466 ὁ
3234 4414 3427 4481 Λόγος,
3461 4417 3554 4468 καὶ
3585 4417 3691 4486 πρὸ
3732 4417 3837 4488 τῆς

567 4517 717 4584 plum
774 4513 987 4567 ratione
1033 4508 1221 4563 habita
1256 4507 1419 4560 etiam
1465 4513 1712 4566 naturae;
1748 4498 1998 4569 nunquid
2023 4497 2141 4565 quia

2259 4504 2490 4574 σαρκόςο
2526 4503 2618 4556 τοῦ
2645 4503 2701 4557 δὲ
2749 4504 3038 4576 ἀνθρώπου
3087 4506 3237 4558 οὐδὲν
3297 4507 3465 4578 μέρος
3495 4507 3587 4561 τοῦ
3643 4508 3838 4579 ἑτέρου

566 4607 742 4662 Adam
786 4621 856 4660 ex
885 4604 1104 4658 duabus
1137 4595 1656 4671 prmexsistentibus
1693 4591 1931 4654 naturis,
1958 4590 2156 4643 anima-3

561 4708 625 4752 et
651 4696 923 4765 corporis,
961 4710 1074 4748 non
1117 4689 1390 4752 constitit,
1421 4687 1568 4742 idem
1609 4685 1776 4738 etiam
1821 4683 1889 4738 de
1919 4681 2155 4736 Domino

565 4787 952 4844 censendum?
1004 4784 1171 4854 Atqui
1239 4781 1482 4838 Verbum
1538 4775 1825 4847 praecessit
1874 4789 2151 4838 carnem;

569 4880 814 4934 hominis
837 4887 1030 4932 contra
1048 4875 1198 4930 nulla
1219 4888 1346 4943 pars
1367 4871 1525 4925 aliam
1548 4867 1898 4938 praecessisse
1927 4865 2152 4919 dicitur.

568 4969 746 5025 Homo
766 4977 1030 5039 przeterea
1052 4965 1225 5020 dividi
1248 4977 1467 5032 semper
1479 4967 1661 5030 potest
1686 4961 1740 5010 in
1759 4953 1982 5011 naturas
2003 4970 2150 5018 suas,

567 5070 625 5115 et
655 5059 933 5114 interdum
963 5059 1126 5112 etiam
1158 5055 1341 5125 reipsa
1365 5048 1674 5115 dividitur;
1714 5047 1966 5117 nunquid
2008 5047 2152 5101 idem

569 5151 803 5206 audebit
832 5161 887 5205 et
936 5150 1003 5204 de
1036 5148 1256 5202 Christo
1301 5143 1574 5198 allirmare
1614 5139 1708 5210 qui
1734 5157 1844 5193 non
1880 5141 1950 5193 sit
1995 5140 2154 5208 plane

571 5243 895 5313 desipiens?
923 5241 1064 5307 Quid
1103 5255 1235 5309 ergo
1276 5253 1376 5291 nos
1407 5236 1605 5306 cogitis
1637 5235 1907 5304 recipere,
1940 5241 1995 5287 el
2027 5248 2155 5302 pro-

573 5335 704 5390 bare
750 5335 983 5396 dictum,
1036 5333 1100 5386 ad
1153 5327 1572 5385 subsistentiam
1600 5327 1859 5388 relatum,
1891 5325 2046 5393 quasi
2083 5323 2152 5377 de

572 5435 770 5480 natura
800 5427 919 5494 ipsa
955 5436 1213 5492 tanquam
1241 5418 1598 5474 subsistentia
1625 5415 2045 5486 intelligendum
2078 5416 2156 5468 vi-

2255 4597 2633 4666 προῦπάρχειν
2655 4597 2895 4667 εἴρηται.
2925 4597 3048 4650 Ἔτι
3073 4599 3100 4650 ὁ
3128 4598 3418 4668 ἄνθρωπος
3439 4600 3675 4672 δυνάμει
3695 4604 3840 4656 διαι-

2259 4685 2408 4753 ρετὸς
2465 4687 2544 4749 εἱς
2594 4687 2691 4750 τὰς
2740 4687 2906 4740 αὑτοῦ
2959 4689 3052 4742 δύο
3113 4689 3305 4758 φύσεις
3355 4692 3505 4744 ἐστὶν
3539 4669 3841 4756 ἀέὶίὰλλὰ

2255 4777 2350 4827 καὶ
2372 4777 2621 4848 ἐνεργείᾳ
2665 4779 2831 4830 ποτέ’
2863 4775 2971 4850 ἄρα
3023 4780 3115 4834 οὖν
3145 4783 3239 4834 καὶ
3278 4785 3368 4835 ἐπὶ
3399 4784 3639 4854 Χριστοῦ
3691 4786 3838 4840 εἴποι

2253 4883 2333 4928 τις
2359 4869 2484 4920 τάδε
2515 4869 2588 4938 μὴ
2617 4872 2981 4940 παραφρονῶν
3002 4888 3017 4935 ;
3038 4872 3159 4934 Πῶς
3189 4869 3283 4926 οὖν
3305 4873 3366 4926 τὸ
3391 4877 3513 4928 καθ’
3535 4877 3838 4932 ὑπόστασιν

2261 4959 2483 5030 ληφθὲν,
2522 4961 2614 5014 καί
2649 4979 2796 5024 ποτε,
2833 4964 3107 5032 εῑςδφύσιν
3157 4967 3257 5034 τὴν
3286 4966 3361 5030 ὡς
3406 4968 3701 5022 ὑπόστασιν
3739 4973 3840 5025 καὶ

2254 5053 2422 5124 αὐτὴν
2465 5053 2790 5125 λεγομένην,
2831 5057 2912 5119 εἰς
2961 5058 3150 5120 οὐσίας
3189 5058 3540 5128 παράδειγμα
3581 5059 3840 5128 βιάζεσθε

2253 5145 2468 5207 πάντως
2517 5145 2816 5215 λαμϐάνειν
2846 5150 3032 5216 ἡμᾶς
3085 5149 3298 5219 Δέδειχε
3325 5149 3455 5216 γοῦν
3482 5149 3576 5203 καὶ
3625 5151 3682 5201 ὲν
3722 5156 3842 5215 τοῖς

2254 5234 2710 5306 Ἐπιχειρήμασιν
2734 5239 2826 5290 ἐπὶ
2855 5238 3090 5310 Χριστοῦ
3113 5240 3173 5291 τὸ
3207 5239 3336 5309 μίαν
3369 5240 3549 5308 λέγειν
3581 5241 3762 5310 φύσιν,
3790 5247 3841 5298 εἰ

2254 5328 2349 5379 καί
2401 5328 2545 5382 ἔστιν
2571 5331 2745 5381 εἰπεῖν
2776 5332 2862 5389 ἐπ’
2898 5329 3186 5399 ἀνθρώπου
3222 5334 3374 5400 μίαν,
3395 5335 3422 5386 ὀ
3453 5334 3609 5401 λόγος
3640 5333 3839 5389 ἀδυνα-

2255 5433 2368 5469 τον.

572 5517 810 5572 deatur?
835 5515 1056 5570 Veritus
1089 5527 1219 5580 ergo
1248 5520 1334 5563 est
1381 5516 1605 5563 sanctus
1652 5507 1814 5561 Pater
1858 5513 1914 5558 et
1960 5504 2015 5556 in
2044 5506 2159 5558 suis
2198 5503 2716 5573 Epicherematibus
2749 5523 2914 5563 unam
2945 5508 3013 5564 de
3075 5508 3298 5565 Christo
3352 5511 3650 5580 pra'dieare
3677 5521 3840 5570 natu-

573 5627 712 5674 tam,
735 5626 857 5664 cum
885 5609 990 5662 hoc
1009 5608 1075 5661 de
1103 5606 1326 5660 homine
1348 5603 1620 5657 afﬁrmare
1642 5599 1843 5652 liceat?
1869 5599 1981 5651 [loc
2003 5608 2151 5653 certe
2191 5599 2298 5652 diei
2336 5600 2548 5668 nequit.

644 5703 826 5758 Multis
879 5703 932 5755 in
973 5701 1127 5762 locis,
1172 5699 1374 5767 inquit,
1411 5696 1601 5749 videre
1650 5703 1734 5747 est
1773 5693 2038 5762 Cyrillum
2068 5693 2152 5745 of-

573 5792 725 5848 fendi
765 5808 895 5847 voce
933 5793 1204 5863 duplici»:
1237 5795 1445 5858 quanto
1495 5798 1626 5838 vero
1671 5782 1841 5851 magis
1883 5781 1931 5836 ei
1969 5781 2144 5851 displi-

2347 5695 2434 5746 Ἐν
2470 5694 2703 5756 πολλοῖς,
2771 5697 2954 5763 φασὶν,
3016 5697 3345 5768 εὑρίσκομεν
3387 5699 3845 5770 ἀπαρεσκόμενον

2269 5783 2352 5836 τὸν
2382 5784 2597 5855 Πατέρα
2653 5784 2935 5856 Κύριλ).ον,
2967 5790 3060 5842 καὶ
3093 5791 3154 5856 τῇ
3193 5789 3298 5843 τοῦ
3323 5788 3541 5845 διπλοῦ
3571 5792 3844 5868 ὀνομασία.
