4094 6334
265 346 396 412 136'.

1443 347 1687 407 CONTR
1699 347 1738 404 Α
1780 345 2090 406 MONOPH
2103 347 2310 406 l'SiT.-\
2320 348 2379 406 S.

3425 351 3531 411 ἓξτῖ

259 463 353 514 ἐπὶ
379 459 473 512 τοῦ
503 461 730 530 Κυρόυ,
767 461 918 530 πόσῳ
947 477 1008 527 γε
1037 459 1239 528 μᾶλλον
1271 459 1334 528 τῇ
1360 458 1480 511 τῶν
1507 459 1617 511 δύο
1649 460 1800 527 φωκῇ
1821 474 1842 541 ¹;

1950 474 2069 512 rere
2099 474 2290 513 vocem
2333 461 2561 512 duorum
2585 459 2988 530 judicandum?
3016 489 3083 498 -—-
3113 459 3370 528 Nunquid
3402 477 3533 530 ergo

255 581 332 594 ——-
363 554 508 622 Ἀρα
539 548 629 606 οῦν
658 551 897 614 ἐναντίος
924 550 1213 619 Γρηγορὶῳ
1248 547 1327 618 τῷ
1369 548 1630 610 πολλάκις
1679 564 1848 600 κατα-

256 644 594 713 κεχρημένῳ
624 643 753 712 τῇδέ
779 646 948 695 ἐστιν.
985 641 1292 708 Ἀπεστὰλη
1318 641 1447 707 γὰρ,
1498 640 1682 708 φησὶν,
1733 639 1846 690 ἀλλ’

257 735 679 805 ὡςᾶιθρωτος·
703 734 927 796 διπλοῦς
979 733 1088 801 γὰρ
1129 728 1218 802 ἦν.
1262 749 1280 781 ι
1315 731 1445 792 Καὶ,
1480 748 1498 778 ι
1533 727 1721 797 Πατὴρ
1780 727 1841 779 οὗ

252 828 351 880 τοῦ
375 828 681 897 ὁρωμένου,
699 827 793 878 τοῦ
818 828 1110 893 νοουμένου
1129 824 1207 876 δὲ·
1233 824 1326 876 καὶ
1346 823 1454 892 γὰρ
1479 817 1543 890 ἦν
1557 819 1796 880 διπλοῦς.
1822 837 1840 868 ι

256 921 367 972 Καὶ
396 919 621 972 amatas
645 919 888 970 πλεῖστοι
917 917 1024 969 τῶν
1067 915 1326 985 Πατέρων
1353 913 1422 966 τὰ
1445 913 1606 982 ὃμοιὰ
1637 928 1801 978 φασιν
1823 925 1840 940 ·

251 1006 291 1080 ἦ
323 1010 505 1079 δῆλον,
539 1010 620 1062 ὅτι
651 1008 747 1078 μὲν
779 1006 1001 1069 διπλοῦς
1039 1006 1181 1059 κατᾶ
1211 1008 1309 1067 τὰς
1341 1003 1532 1072 φύσεις
1559 999 1627 1071 ἦν
1647 1043 1662 1066 ,
1705 1001 1836 1071 ἔφη.

254 1103 382 1153 ’Ὁτι
411 1099 467 1151 δὲ
501 1099 562 1154 οὐ
607 1098 830 1162 διπλοῦς
866 1098 1100 1167 Χριστὸς
1133 1097 1166 1167 ἦ
1208 1096 1334 1158 Υἱὸς
1383 1094 1560 1164 ὀρθῶς
1597 1093 1839 1161 λέγεται,

253 1188 530 1259 Κύριλλος
556 1190 584 1242 ὁ
632 1190 822 1257 Πατήρ
855 1203 1019 1259 φησιο
1048 1187 1204 1240 τοῦτο
1244 1187 1352 1256 γὰρ
1390 1184 1684 1254 Νεστόριος
1719 1184 1842 1234 ἑπι-

253 1284 407 1333 νοεί·
441 1283 491 1333 εἰ
519 1280 714 1352 γὰρτὸ
766 1279 907 1332 κατὰ
953 1277 1117 1348 φύσιν
1167 1274 1388 1328 διπλοῦν
1433 1275 1532 1327 οὐκ
1575 1273 1840 1344 ἐγκρίνει,

253 1369 375 1432 πιῖις
403 1371 498 1421 καὶ
527 1370 687 1431 αὖθις
710 1368 814 1438 ἔφη
846 1368 904 1419 ὲν
929 1367 1005 1437 τῷ
1029 1365 1172 1420 κατὰ
1204 1366 1502 1442 Ματθαϊον,
1539 1383 1556 1414 ι
1600 1363 1662 1416 '0
1719 1377 1848 1414 στα-

250 1460 362 1531 τὴρ
411 1463 438 1514 ὁ
475 1460 730 1528 ἀληθινὸς
796 1461 889 1512 καὶ
917 1461 1108 1528 von-ri;
1137 1459 1229 1511 καὶ
1269 1457 1344 1520 ὡς
1379 1459 1435 1510 ἐν
1487 1455 1641 1524 τύπῳ
1679 1454 1756 1523 τῷ
1787 1453 1844 1519 ἐξ

252 1550 392 1619 ὕλης
419 1550 728 1621 νοούμενος.
765 1543 918 1611 οὗτος
943 1553 1087 1602 ἐστιν
1131 1551 1156 1600 ὁ
1183 1548 1387 1618 Κύριος
1432 1546 1591 1616 ἡμῶν
1633 1542 1844 1614 Ἰησοῦς

251 1643 513 1713 Χριστὸς,
544 1642 572 1692 δ
599 1640 819 1704 διπλοῦς
841 1641 1162 1710 χαρακτήρς
1198 1657 1217 1689 ι

1947 547 2184 618 Cyrillus
2214 548 2546 602 adversatur
2594 550 2707 626 [hac
2741 566 2800 604 re
2831 549 3120 620 Gregorio,
3150 550 3243 618 qui
3284 567 3417 605 voce
3451 553 3532 606 .lla

1947 640 2148 708 passim
2209 640 2421 693 utitur?
2465 659 2484 692 ι
2541 640 2738 694 Missus
2774 641 2923 694 enim
2972 642 3110 704 luit,
3171 642 3385 709 inquit,
3434 643 3530 696 sed

1941 738 2216 798 quatenus
2273 731 2472 794 homo;
2511 740 2630 784 erat
2681 731 2830 783 enim
2895 731 3116 800 duplex.
3179 750 3196 782 ι
3234 733 3300 786 Et
3341 733 3470 786 alibi
3513 750 3527 786 :

1951 834 1968 866 ι
1999 817 2179 879 Pater,
2212 817 2309 879 ait,
2346 832 2454 869 non
2487 805 2609 886 ejus
2650 818 2796 886 quod
2834 821 3012 873 oculis
3049 820 3404 882 cernebatur,
3435 822 3529 875 sed

1943 907 2096 961 illius
2122 907 2270 976 quod
2317 916 2498 962 mente
2540 909 2972 978 percipiebatur.
3015 929 3033 960 ι
3083 911 3235 964 idem
3294 911 3530 965 allirma-

1950 1006 2081 1050 runt
2107 1009 2160 1051 et
2196 998 2286 1051 alii
2330 1000 2502 1053 sancti
2530 979 2722 1054 Patres
2748 1000 2888 1054 bene
2915 1002 3096 1055 multi.
3125 1003 3326 1056 Verum
3357 1003 3533 1057 enim-

1949 1103 2084 1141 vero
2127 1088 2406 1156 duplicem
2455 1105 2580 1142 eum
2618 1089 2788 1143 fuisse
2830 1101 3053 1144 sanctus
3098 1092 3260 1144 Pater
3310 1093 3528 1150 asserit.

1949 1177 2094 1245 quod
2125 1178 2191 1230 ad
2218 1188 2444 1232 naturas
2473 1179 2690 1244 attinet,
2738 1179 2792 1233 id
2826 1180 2973 1249 quod
3008 1180 3298 1233 manifeste
3335 1181 3528 1249 liquet.

1950 1267 2105 1333 Quod
2142 1277 2324 1321 autem
2356 1270 2640 1323 contendit
2685 1270 2940 1341 Cyrillus,
2987 1280 3091 1335 est,
3124 1271 3231 1324 dici
3279 1271 3532 1323 videlicet

1945 1375 2055 1412 non
2107 1375 2267 1429 posse
2318 1359 2620 1425 Christum,
2679 1362 2877 1416 Filium
2911 1378 3032 1417 esse
3073 1363 3380 1430 duplicem;
3429 1360 3534 1414 hoc

1944 1451 2092 1504 enim
2127 1461 2378 1505 autumat
2400 1453 2705 1508 Nestorius.
2739 1454 2875 1507 Nam
2908 1455 2952 1507 si
2981 1454 3205 1521 duplicis
3236 1467 3428 1506 vocem
3463 1451 3534 1504 de

1944 1554 2138 1596 natura
2175 1543 2522 1614 prazdicatam
2569 1547 2615 1599 is
2664 1546 2890 1599 omnino
2941 1544 3294 1616 rcjiciendam
3339 1551 3530 1613 putat,

1941 1635 2218 1703 quomodo
2239 1645 2296 1689 et
2325 1636 2440 1705 ipse
2477 1635 2624 1691 Com.
2666 1637 2719 1690 in
2761 1635 3090 1698 Matt/uram,
3139 1635 3256 1687 ait:
3296 1653 3312 1684 ι
3352 1634 3531 1687 Stater

250 1750 443 1798 verus,
493 1743 547 1786 et
598 1733 979 1802 iutclligibilis,
1015 1743 1070 1786 et
1106 1729 1513 1801 quodammodo
1561 1729 1614 1782 in
1660 1730 1835 1798 lignea
1873 1727 2048 1782 forma
2082 1731 2516 1800 conceptus,liic
2537 1741 2622 1784 est
2644 1732 2910 1784 Dominus
2965 1741 3150 1784 uoster
3171 1729 3332 1783 Jesus
3377 1725 3535 1782 Chri-

247 1834 377 1882 stus
399 1826 601 1896 duplex
628 1825 825 1879 forma.
866 1845 884 1877 ι

249 1963 566 2032 Κυρίλλου
594 1964 662 2017 ἐκ
690 1963 808 2016 τῶν
833 1964 984 2031 πρὸς
1005 1964 1111 2029 τὰς
1135 1962 1389 2030 ἀπορίας
1419 1962 1839 2028 ὑπαντήσεων.

333 2097 354 2129 ι
403 2079 492 2131 Ἐν
527 2079 751 2148 ἰδιότητι
797 2080 862 2148 τῇ
901 2079 1042 2130 κατὰ
1083 2077 1246 2144 φύσιν
1283 2077 1550 2148 ἑκατέρου
1590 2077 1845 2146 μένοντός

245 2188 310 2225 τε
356 2171 456 2224 καὶ
484 2169 801 2239 νοουμένου,
849 2169 992 2222 κατά
1020 2185 1082 2234 γε
1118 2168 1210 2221 τὸν
1241 2169 1444 2239 ἀρτίως
1488 2171 1619 2238 ἡμῖν
1649 2169 1846 2223 ἀποδο-

249 2262 420 2314 θέντα
464 2260 646 2326 λόγον,
677 2260 934 2330 ἀρρήτως
980 2261 1072 2312 καὶ
1115 2260 1410 2330 ἀφράστως
1451 2259 1673 2321 ὲνωθεὶς
1717 2261 1846 2330 μίαν

250 2356 391 2424 ἡμῖν
429 2352 632 2417 ἔδειξεν
682 2352 814 2404 Υῐοῦ
859 2351 1042 2419 φύσιν,
1073 2351 1212 2422 πλὴν
1267 2353 1733 2422 σεσαρκωμένην·
1782 2353 1844 2405 οὐ

248 2443 371 2510 γὰρ
412 2441 510 2492 ἐπὶ
562 2441 740 2508 μόνων
796 2439 905 2493 τῶν
958 2440 1147 2494 ἁπλῶν
1181 2440 1320 2492 κατὰ
1369 2439 1466 2510 τὴν
1495 2440 1659 2507 φύσιν
1689 2440 1750 2492 τὸ
1788 2440 1847 2492 ἐν

251 2528 481 2600 ἀληθῶς
524 2527 763 2596 λέγεται.
796 2546 814 2579 ι
868 2528 1022 2592 Ἰδοὺ,
1083 2529 1239 2596 φασὶ,
1299 2528 1395 2581 τοῦ
1436 2529 1586 2591 Υἰοῦ,
1638 2530 1696 2592 ὃς
1731 2531 1848 2582 ἐστι

253 2620 524 2690 Χριστὸς,
577 2618 704 2688 μίαν
739 2618 901 2686 φύσιν
955 2619 1085 2690 ἔφη.
1118 2647 1188 2660 ——
1232 2619 1393 2673 Ἀλλὰ
1426 2622 1519 2672 καὶ
1554 2619 1614 2672 τὸ
1646 2619 1848 2688 ἐπαγό-

255 2729 428 2784 μενον
477 2711 834 2780 συνάψαντες,
885 2711 1330 2782 διακρινέτωσαν,
1359 2713 1409 2763 ει
1455 2710 1632 2782 ὀρθῶς
1656 2710 1846 2764 συλλο-

254 2803 540 2871 γίζονται·
575 2804 621 2854 εἰ
658 2803 767 2873 γὰρ
810 2801 873 2854 τδ
924 2801 1020 2855 τοῦ
1057 2801 1190 2855 Υίοῦ
1239 2803 1412 2870 ὕνομα
1465 2803 1561 2855 καὶ
1611 2801 1718 2869 πρὸ
1752 2802 1850 2873 τῆς

256 2893 608 2964 σαρδιώσεως
640 2895 976 2962 τεταγμένον
1025 2894 1146 2952 ἀντὶ
1197 2893 1291 2946 τοῦ
1331 2893 1571 2963 Χριστοῦ
1607 2894 1846 2963 εἴρηται,

252 2965 466 3038 οὑτωσὶ
495 2983 893 3052 φρασθήσεται,
937 2985 1067 3053 μίαν
1103 2985 1235 3052 ἡμῖν
1267 2982 1436 3047 ἔδειξε
1476 2982 1715 3053 Χριστοῦ
1746 2981 1850 3050 φύ-

258 3091 375 3137 σιν,
412 3074 554 3142 πλὴν
603 3076 1052 3146 σεσαρκωμένην·
1079 3074 1240 3127 τοῦτο
1292 3074 1349 3126 δὲ
1396 3073 1430 3146 ἢ
1479 3075 1555 3136 ὡς
1605 3073 1849 3142 ἀσάρκου

258 3164 507 3234 Χριστοῦ
540 3166 842 3235 δυναμένου
897 3164 1192 3236 ληφθῆναι,
1241 3164 1435 3234 ὥσπερ
1469 3165 1846 3224 ἀνεπινόητονο

257 3256 294 3326 ἢ
332 3255 408 3318 ὡς
441 3257 536 3308 καὶ
571 3257 706 3327 πρὸς
746 3257 874 3327 τῇδε
903 3259 967 3326 τῇ
1001 3259 1101 3326 μιᾷ
1134 3255 1300 3308 αὐτοῦ
1335 3256 1514 3323 φύσει,
1550 3255 1644 3308 καὶ
1673 3256 1852 3325 σάρκα

259 3348 709 3418 ἐπενδυσαμένου
756 3347 1013 3418 Χριστοῦ·
1041 3347 1194 3400 ἔσται
1229 3343 1323 3400 οῦν
1370 3349 1434 3400 ὲκ
1465 3348 1629 3414 λόγου
1655 3364 1716 3399 τε
1758 3348 1852 3400 καὶ

261 3443 471 3512 σαρκὸς
503 3444 595 3495 καὶ
618 3443 812 3512 ἑτέρας
847 3439 1063 3509 φύσεως
1092 3441 1298 3510 σαρκὸς
1321 3440 1399 3494 ὢν
1423 3443 1452 3494 ὁ
1483 3440 1741 3510 Χριστός
1767 3440 1861 3493 καὶ

257 3536 329 3586 οὐ
366 3535 525 3602 μόνον
559 3535 653 3586 δύο
695 3534 886 3602 φύσεις
920 3532 1129 3596 ἁπλῶς,
1172 3532 1292 3585 ἀλλ’
1324 3534 1388 3586 ἐκ
1444 3535 1576 3604 μιᾶς
1621 3533 1720 3602 μὲν
1759 3533 1859 3604 τῆς

260 3625 418 3688 θείας
439 3624 640 3694 ἁπλῆς,
675 3627 739 3677 ὲκ
775 3625 868 3677 δύο
891 3623 950 3676 δὲ
981 3623 1272 3687 συνθέτων,
1297 3625 1469 3692 ἤγουν
1495 3625 1602 3676 τῶν
1635 3623 1851 3692 ἀνθρω-

258 3720 442 3771 πίνων
471 3717 774 3784 νοοῦμενος,
807 3719 872 3769 ἐκ
893 3717 1061 3787 τριῶν
1088 3733 1149 3770 τε
1177 3718 1396 3783 φύσεων
1424 3715 1717 3786 λεγόμενος
1740 3717 1851 3768 λοι-

263 3807 386 3859 πόν·
418 3807 570 3860 οὐδὲν
592 3807 648 3858 δὲ
678 3799 841 3877 ἦττον
868 3809 963 3859 καὶ
997 3804 1092 3859 δύο
1117 3811 1307 3874 φύσεις
1339 3808 1403 3858 ὲκ
1440 3808 1570 3875 μιᾶς
1596 3805 1693 3875 τῆς
1725 3802 1852 3858 καθ’

258 3900 408 3969 ὑμᾶς
427 3898 668 3968 Χριστοῦ
696 3899 931 3967 φύσεως,
950 3899 1161 3969 καὶτῆς
1193 3897 1613 3968 ἐπεισαχθείσης
1629 3895 1852 3966 Χριστῷ

263 3988 408 4056 μετὰ
440 3988 542 4058 τὴν
568 3987 828 4054 δευτέραν
861 3989 1139 4059 σάρκωσιν
1171 3988 1338 4042 αὐτοῦ
1370 3990 1574 4060 σαρκὸς
1612 3987 1847 4056 φύσεως.

2195 1955 2386 2027 Cyrilli
2411 1972 2474 2008 ex
2498 1955 2920 2024 responsionibus
2958 1953 3028 2006 ad
3053 1952 3277 2021 objecta.

2024 2087 2041 2118 ι
2081 2067 2138 2122 1η
2174 2068 2512 2137 proprietate
2543 2082 2655 2120 sua:
2686 2075 2893 2119 natura:
2929 2073 3166 2132 utroque
3192 2071 3446 2116 manente
3475 2069 3532 2115 et

1944 2157 2246 2220 intellecto,
2269 2155 2540 2220 Christus,
2568 2166 2629 2209 ut
2647 2157 2755 2224 jam
2780 2155 3038 2219 diximus,
3067 2169 3271 2207 arcano
3291 2153 3529 2221 quodam

1943 2257 1998 2302 et
2032 2248 2294 2302 incili-ibin
2337 2248 2498 2301 modo
2533 2249 2880 2317 conjunctus,
2933 2261 3096 2299 unam
3146 2245 3308 2299 nobis
3343 2245 3529 2298 viscu-

1946 2341 2070 2394 dam
2127 2340 2364 2411 praebuit
2413 2349 2689 2399 naturam,
2741 2353 2938 2408 nempe
2984 2353 3147 2392 carne
3207 2337 3528 2405 prteditam',

1946 2446 2058 2485 non
2095 2431 2244 2484 enim
2277 2431 2344 2483 dc
2383 2430 2515 2484 solis
2544 2428 2846 2482 secundum
2889 2437 3140 2481 naturam
3185 2427 3532 2494 simplicibus

1948 2537 2120 2575 unum
2169 2530 2319 2576 recte
2362 2520 2708 2591 praedicatur.
2746 2537 2762 2569 ι
2813 2519 2916 2582 Εη,
2944 2519 3218 2587 inquiunt,
3263 2518 3408 2582 Filii,
3436 2519 3534 2588 qui

1947 2612 2205 2668 Christus
2255 2621 2362 2676 est,
2401 2627 2564 2666 unam
2607 2610 2844 2680 Cyrillus
2894 2611 3128 2663 asseruit
3155 2618 3433 2665 naturam.
3466 2639 3538 2651 —-

1948 2706 2151 2760 Verum
2193 2705 2486 2759 adnectant
2522 2704 2560 2757 ii
2605 2714 2660 2757 et
2706 2702 3146 2773 praecedentibus
3194 2702 3538 2771 subsequens

1947 2795 2203 2859 verbum,
2227 2794 2270 2846 si
2300 2802 2448 2848 recte
2478 2793 2792 2861 perspicere
2844 2792 3055 2856 volunt,
3082 2802 3264 2845 utrum
3297 2792 3435 2846 bene
3467 2808 3537 2846 an

1950 2887 2093 2941 male
2120 2901 2180 2940 se
2203 2886 2402 2938 habeat
2429 2885 2672 2952 ipsorum
2700 2883 3072 2937 ratiocinium.
3104 2884 3318 2938 Etenim
3344 2885 3386 2937 si
3413 2883 3538 2937 Filii

1951 2991 2153 3031 nomen
2189 2982 2315 3028 ante
2353 2989 2577 3028 carnem
2621 2981 2954 3043 assumptam
2981 2975 3050 3028 de
3084 2974 3307 3028 Christo
3338 2974 3542 3043 pradi-

1952 3076 2136 3122 catum
2179 3065 2538 3134 intelligatur,
2584 3079 2781 3119 sensus
2833 3065 2938 3119 erit
2991 3080 3155 3118 unam
3201 3081 3327 3119 eum
3379 3067 3547 3120 nobis:

1953 3156 2261 3211 ostendisse
2288 3154 2494 3208 Christi
2527 3164 2803 3218 naturam,
2830 3171 2993 3209 carne
3029 3155 3334 3224 prmditam.
3360 3156 3416 3210 ld
3441 3172 3541 3210 au-

1951 3255 2062 3302 tem
2087 3247 2259 3316 accipi
2295 3256 2473 3316 potest
2516 3247 2833 3315 dupliciter,
2875 3247 2960 3300 vel
2996 3247 3143 3316 quod
3182 3257 3340 3301 antea
3385 3247 3545 3302 Chri-

1957 3350 2078 3396 stus
2111 3340 2278 3394 fuerit
2307 3340 2489 3393 carnis
2520 3354 2738 3407 expers,
2771 3340 2917 3407 quod
2943 3339 3174 3406 intelligi
3207 3341 3360 3393 nullo
3385 3350 3543 3409 pacto

1954 3438 2160 3502 potest,
2203 3429 2289 3484 vel
2332 3438 2533 3498 praeter
2567 3442 2720 3481 suam
2749 3427 2924 3496 ipsius
2973 3437 3225 3482 naturam
3269 3429 3439 3503 fuerit
3486 3438 3543 3483 et

1954 3520 2162 3577 Christi
2187 3535 2353 3574 carne
2388 3518 2656 3588 prazditus
2683 3535 2696 3570 :
2724 3519 2941 3587 eritque
2965 3529 3260 3588 propterea
3285 3518 3541 3573 Christus

1951 3613 2302 3680 compositus
2348 3625 2415 3663 ex
2461 3610 2653 3672 verbo,
2699 3625 2885 3673 carne,
2932 3616 2987 3662 et
3029 3610 3191 3662 tertia
3217 3611 3321 3662 alia
3362 3609 3542 3663 carnis

1949 3715 2148 3761 natura
2174 3719 2236 3758 ac
2255 3703 2456 3772 specie.
2488 3701 2830 3769 l‘roindeque
2863 3717 2970 3754 non
3003 3709 3168 3754 erunt
3197 3702 3252 3755 in
3280 3702 3396 3770 ipso
3420 3702 3542 3756 dure

1951 3798 2082 3853 sola:
2135 3805 2368 3858 naturae,
2416 3797 2510 3848 sed
2548 3803 2692 3856 tres;
2734 3807 2843 3846 una
2866 3793 3098 3862 simplex
3147 3810 3208 3847 ac
3247 3793 3454 3859 divina,
3486 3805 3543 3848 et

1951 3892 2076 3945 dua:
2105 3886 2444 3956 compositae,
2477 3886 2686 3940 scilicet
2718 3884 2992 3950 humanae,
3028 3885 3356 3955 diceturque
3387 3886 3543 3940 Chri-

1951 3992 2071 4039 stus
2099 3981 2188 4035 his
2209 3979 2392 4033 tribus
2425 3987 2701 4032 constare.
2730 3977 2858 4030 Duae
2881 3977 3245 4032 nihilominus
3261 3995 3326 4032 ex
3358 3987 3540 4032 vestra

259 4081 536 4134 sententia
561 4089 690 4134 sunt
719 4080 774 4133 in
808 4081 926 4150 ipso
953 4092 1194 4137 natum:
1221 4097 1327 4136 una
1392 4082 1668 4148 videlicet,
1701 4090 1762 4137 ut
1817 4094 1916 4136 vos
1953 4077 2174 4140 dicitis,
2219 4073 2426 4129 Christi
2477 4071 2735 4141 propria,
2788 4073 2961 4126 altera
3025 4073 3208 4127 carnis
3263 4071 3536 4138 humanm,

259 4186 428 4242 quam
475 4172 721 4226 secunda
763 4174 884 4227 vice
913 4175 1242 4228 assumenda
1276 4174 1382 4229 sibi
1437 4173 1696 4230 Christus
1734 4175 1851 4243 ipse
1887 4167 2186 4240 copulavit.

348 4281 516 4335 Ἀλλὰ
558 4282 613 4333 τί
656 4281 730 4351 μὴ
767 4283 974 4335 τούτων
1022 4285 1287 4353 ἀφέμενοι
1343 4286 1452 4338 τῶν
1497 4285 1857 4357 παραϐλωπι-

261 4374 516 4444 σμάτων,
543 4373 790 4442 δμμασιν
835 4374 1016 4444 ὀρθοῖς
1045 4374 1138 4428 τὸν
1185 4376 1386 4430 σκοπὸν
1427 4377 1517 4429 τὸν
1567 4376 1855 4447 εἰρημένον

261 4468 628 4531 κατανοείτες
663 4467 746 4518 ὅτι
775 4466 884 4536 γὰρ
918 4467 1166 4537 υἱὸτητος
1202 4469 1439 4538 φυσικῆς
1468 4467 1562 4521 νῦν
1597 4487 1731 4539 φησι
1756 4469 1855 4539 τὴν

261 4556 434 4624 αὐτὴν
466 4554 602 4624 μίαν
637 4555 800 4622 φύσιν
836 4555 1020 4625 μένειν
1056 4557 1136 4627 τῷ
1173 4557 1306 4628 Υὶῷ,
1338 4558 1441 4611 κᾶν
1485 4559 1856 4628 προσελάϐετο

2029 4283 2136 4338 Sed
2163 4297 2264 4336 cur
2289 4281 2535 4351 deposita
2581 4280 2825 4337 czecitate
2854 4290 3059 4346 vestra,
3117 4281 3339 4344 Patrum
3380 4295 3538 4335 men-

1957 4385 2067 4434 tem
2118 4377 2286 4430 rectis
2339 4375 2514 4430 oculis
2561 4374 2927 4444 contemplari
2977 4391 3088 4428 non
3135 4375 3337 4428 vultis?
3384 4372 3538 4439 Quod

1953 4469 2100 4525 cnim
2137 4467 2379 4522 Verbum
2411 4476 2606 4519 natura
2638 4467 2836 4520 Filium
2864 4468 3087 4522 manere
3129 4477 3351 4522 sanctus
3382 4470 3549 4522 Pater

1955 4560 2060 4614 hoc
2092 4560 2216 4614 loco
2235 4545 2534 4626 intelligat,
2568 4557 2785 4612 etiamsi
2815 4568 3067 4612 naturam
3108 4560 3268 4613 aliam
3307 4559 3539 4614 Verbum

262 4647 434 4716 ἄλλην
468 4646 658 4714 φύσιν,
696 4646 806 4698 ἰδοὺ
854 4647 1016 4710 αὐτὸς
1044 4651 1238 4718 τρανοϊ
1263 4649 1460 4716 λέγων’
1495 4652 1578 4703 Οὐ
1611 4653 1722 4718 γὰρ
1755 4649 1849 4702 ἐπὶ

1960 4648 2106 4704 idem
2142 4647 2521 4716 assumpscrit,
2559 4647 2686 4716 ipse
2721 4648 2868 4701 clare
2895 4663 2953 4702 se
3003 4648 3258 4716 explicat,
3287 4649 3417 4702 dum
3442 4650 3546 4712 ait,

257 4740 468 4807 μόνω-ν
496 4737 619 4789 τῶν
651 4735 864 4790 ἁπλῶν
890 4739 1041 4791 κατὰ
1078 4738 1193 4803 τὴν
1220 4740 1432 4807 φύσιν,
1469 4740 1600 4793 υἱῶν
1629 4740 1852 4811 δηλαδὴ,

265 4827 324 4878 τὸ
346 4825 418 4880 ἓν
445 4825 690 4894 ἀληθῶς
719 4826 978 4896 λέγεται.
1015 4828 1159 4896 ’Δρα
1186 4824 1278 4881 οῦν
1299 4829 1457 4881 τοῦτο
1478 4830 1622 4900 ὑμᾶς
1655 4830 1857 4900 μᾶλλον

266 4919 468 4982 διδάξει
492 4920 575 4970 ὅτι
604 4920 703 4988 οὐχ
733 4918 940 4980 ἁπλοῦς
970 4920 1108 4972 κατὰ
1137 4920 1238 4990 τὴν
1271 4920 1434 4989 φύσιν
1465 4924 1492 4974 ὁ
1520 4923 1645 4992 περὶ
1675 4917 1736 4974 οὗ
1764 4923 1859 4976 τά·

265 5009 320 5062 δε
356 5010 525 5077 φησὶν
553 5009 684 5068 Tib;
717 5004 818 5071 εἷς,
853 5009 990 5061 ἀλλὰ
1030 5008 1253 5071 διπλοῦς
1277 5027 1290 5067 ς
1318 5009 1433 5063 ἔστι
1459 5012 1568 5080 γὰρ
1596 5013 1736 5064 κατὰ
1765 5012 1856 5064 τὸν

269 5100 514 5167 Πατέρα,
547 5099 575 5149 ὃ
613 5099 876 5164 πολλάκις
924 5103 1016 5152 καὶ
1055 5102 1215 5171 ἡμεῖς
1244 5104 1372 5170 ὑμῖν
1405 5103 1730 5174 εὑηχοῦμεν,
1762 5106 1856 5158 καὶ

269 5190 535 5242 πλειόνων
571 5191 748 5242 οὐσῶν
796 5190 906 5243 τῶν
939 5191 1183 5257 φύσεων,
1217 5191 1275 5244 ἒν
1319 5190 1460 5246 εἶναι
1506 5196 1565 5249 τό
1598 5213 1658 5248 τε
1689 5199 1858 5266 πρόσ-

267 5299 442 5342 ωπον,
471 5284 562 5334 καὶ
597 5282 694 5335 ἕνα
727 5282 819 5334 τὸν
851 5282 1016 5334 αὐτὸν
1042 5283 1168 5335 Υἱδν
1192 5285 1373 5353 φύσειο
1407 5285 1502 5338 καὶ
1533 5287 1594 5339 οὗ
1624 5289 1722 5357 τὴν
1758 5287 1856 5356 μὲν

266 5373 380 5427 τῶν
414 5372 647 5441 φῦσεων,
689 5374 820 5426 Υἱδν
851 5373 1033 5441 φύσει·
1060 5376 1158 5444 τὴν
1195 5375 1270 5441 δὲ,
1321 5377 1446 5428 Υἱὸν
1475 5377 1659 5448 χάριτι
1683 5375 1852 5430 εἶναι·

266 5463 410 5517 ὥστε
437 5467 622 5534 act-9(7);
664 5466 737 5520 τὰ
774 5467 1024 5536 ἡμέτερα
1062 5467 1255 5534 λέγων,
1298 5467 1330 5538 ἢ
1358 5469 1428 5521 τὰ
1454 5470 1716 5540 ὑμέτερα.
1747 5471 1856 5522 δεί-

268 5573 455 5612 κνυται
485 5563 589 5613 κάν
617 5559 839 5621 τούτοις
865 5560 892 5609 ὁ
921 5558 1260 5622 διδάσκαλος
1293 5561 1426 5613 ὅπου
1458 5578 1541 5629 γε,
1571 5565 1618 5614 εὶ
1647 5563 1737 5614 καὶ
1761 5563 1853 5615 οὗ·

265 5667 368 5715 τως
393 5651 556 5726 εἶχεν,
586 5655 666 5718 ὠς
692 5651 985 5724 βούλεσθε,
1013 5652 1190 5706 πάντα
1213 5653 1278 5706 ἂν
1299 5654 1367 5707 τὰ
1389 5658 1446 5707 ἐν
1470 5655 1676 5722 ἑτέροις
1699 5657 1853 5722 εἰρη-

261 5746 389 5814 μένα
419 5749 493 5821 τῷ
523 5748 711 5818 Πατρὶ
741 5746 824 5808 ὡς
862 5744 993 5814 περὶ
1022 5744 1112 5797 δύο
1143 5745 1359 5814 φύσεων
1387 5747 1643 5818 Χριστοῦ,
1679 5749 1852 5800 τοῖσδε

1960 4757 2064 4794 non
2090 4740 2229 4793 enim
2259 4739 2322 4791 de
2372 4737 2497 4791 salis
2544 4737 2889 4807 simplicibus,
2943 4739 3245 4793 secundum
3289 4751 3540 4792 naturam

1955 4832 2188 4894 scilicet,
2217 4847 2382 4883 unum
2406 4845 2526 4882 vere
2545 4830 2758 4882 dicitur.
2784 4829 3044 4898 Nunquid
3068 4831 3253 4899 potius
3298 4847 3364 4884 ex
3386 4831 3548 4886 hisce

1955 4925 2226 4994 colligetis
2283 4923 2481 4976 Filium
2534 4921 2603 4976 de
2636 4938 2745 4991 quo
2774 4922 2893 4976 haac
2939 4923 3220 4986 dicuntur,
3257 4940 3366 4977 non
3419 4940 3550 4979 esse

1954 5025 2152 5069 natura
2205 5013 2537 5082 simplicem,
2582 5013 2674 5066 sed
2708 5011 3017 5081 duplicem?
3053 5013 3191 5067 illud
3232 5015 3379 5066 enim
3413 5029 3543 5066 san-

1955 5116 2077 5162 ctus
2096 5107 2254 5160 Pater
2287 5102 2727 5173 intelligit(quod
2752 5114 2808 5158 et
2834 5119 2935 5158 nos
2965 5120 3108 5174 smpe
3153 5105 3309 5158 vobis
3340 5107 3537 5174 prmdi-

1953 5199 2165 5267 camus)
2193 5213 2356 5251 uuam
2388 5212 2506 5250 esse
2537 5197 2723 5249 multis
2755 5199 2967 5252 naturis
3019 5197 3302 5265 praeditam
3355 5215 3551 5266 perso-

1954 5306 2112 5352 nam;
2143 5296 2199 5342 ct
2227 5304 2396 5342 unum
2421 5288 2789 5356 cumdcmque
2820 5298 3009 5342 natura
3036 5289 3258 5351 Filium,
3294 5304 3399 5343 non
3437 5305 3548 5343 au—

1956 5390 2062 5435 tem
2101 5396 2264 5433 unam
2292 5378 2730 5447 ipsiusnaturam
2762 5394 2881 5432 esse
2912 5390 3109 5432 natura
3131 5379 3349 5436 Filium.
3379 5381 3549 5438 aliam

1955 5489 2076 5528 esse
2103 5473 2302 5526 Filium
2337 5487 2432 5539 per
2457 5470 2772 5538 adoptionis
2799 5472 3047 5542 gratiam.
3082 5472 3547 5542 Quandoquidem

1961 5567 2003 5620 si
2035 5566 2108 5620 ita
2147 5579 2204 5619 se
2234 5579 2323 5617 res
2357 5563 2607 5620 haberet.
2641 5572 2700 5616 ut
2726 5565 2911 5622 vultis.
2947 5565 3131 5618 omnia
3159 5564 3332 5618 sancti
3370 5566 3549 5621 Patris

1961 5656 2180 5710 oracula
2211 5654 2278 5707 de
2307 5653 2522 5707 duabus
2547 5651 2751 5707 Christi
2785 5656 2998 5708 naturis
3037 5671 3160 5725 quae
3186 5656 3316 5708 alibi
3345 5671 3515 5709 occur

1962 5756 2113 5813 runt,
2164 5761 2288 5801 cum
2343 5743 2460 5799 istis
2509 5744 2682 5813 ipsius
2731 5745 2894 5800 dictis
2943 5756 3130 5815 aperte
3178 5756 3480 5817 pugnae-ent
3525 5763 3547 5802 :.
