4094 6334
542 347 680 417 1863

1796 339 2111 403 LEONTII
2152 339 2529 400 BYZANTIN
2536 338 2564 397 Ι

3669 334 3799 400 13M

534 464 684 530 quod
734 458 943 519 nemini
998 470 1237 526 unquam
1298 453 1525 508 numine
1575 450 1765 505 divino
1822 449 2122 515 albatorum

2232 450 2346 511 τοῖς
2380 447 2546 503 αὐτοῦ
2593 444 2661 501 at
2711 448 3019 517 διεμάχετο·
3052 449 3188 518 ὅπερ
3218 446 3398 511 οὐδεὶς
3441 446 3500 499 ὲν
3532 448 3805 517 πνεύματι

540 546 762 601 Patrum
800 544 1065 601 accidisse
1095 542 1363 597 credibile
1392 550 1495 596 est.

1094 669 1275 737 Hagm'
1299 668 1600 722 Athanasii.

616 801 633 834 ι
655 780 1256 849 Conﬂtemuretipsum
1273 794 1395 834 esse
1416 780 1512 832 Dei
1536 778 1757 841 Filium,
1778 776 2125 846 atqueDeum

538 874 844 929 secundum
895 875 1174 944 spiritum,
1203 882 1259 928 et
1305 873 1504 926 Filium
1555 872 1794 926 hominis
1822 870 2125 925 secundum

537 981 782 1028 carnem.
839 982 949 1021 non
1008 975 1191 1021 autem
1233 965 1378 1020 duas
1412 972 1639 1018 naturas
1691 978 1862 1017 unum
1896 962 2122 1025 Filium,

541 1072 706 1110 unam
769 1056 1130 1121 adorandam,
1159 1057 1320 1112 aliam
1368 1072 1481 1110 non
1530 1056 1699 1121 item;
1733 1055 1829 1110 sed
1880 1071 2045 1125 unam
2069 1056 2124 1107 in

540 1147 660 1217 ipso
690 1138 788 1203 Dei
811 1149 990 1204 Verbo
1028 1157 1283 1203 naturam
1314 1155 1675 1213 incarnatam,
1711 1156 1877 1217 atque
1901 1163 2012 1201 uno
2033 1163 2126 1202 eo—

537 1240 775 1309 demque
807 1240 961 1295 cultu
995 1256 1101 1295 una
1122 1256 1247 1294 cum
1274 1241 1390 1309 ipsa
1421 1242 1583 1294 carne
1616 1239 2077 1309 prosequendam.
2100 1257 2118 1289 ι

536 1330 639 1392 Εη,
698 1330 978 1400 inquiunt,
1031 1342 1221 1399 aperte
1272 1339 1493 1384 sanctus
1529 1332 1692 1384 Pater
1741 1330 1881 1384 duas
1913 1330 1981 1384 de
2015 1345 2125 1383 uno

535 1417 677 1471 Filio
727 1428 955 1473 naturas
1000 1419 1379 1488 praedicandas
1411 1428 1592 1489 negat.
1628 1449 1697 1461 —
1729 1420 1932 1475 Verum
1974 1419 2122 1474 haud

536 1505 835 1572 inficiatur,
868 1508 1081 1573 miseri,
1107 1509 1243 1563 duas
1263 1508 1320 1563 in
1350 1508 1567 1564 Christo
1599 1519 1848 1572 naturas,
1873 1510 1967 1564 sed
1994 1510 2121 1572 hoc,

538 1612 704 1651 unam
735 1599 949 1653 scilicet
1001 1599 1056 1653 in
1103 1599 1223 1669 ipso
1249 1608 1508 1654 naturam
1559 1598 1915 1665 adorandum,
1955 1600 2118 1653 aliam

537 1705 646 1743 non
690 1690 853 1757 item;
887 1707 1066 1761 neque
1114 1700 1408 1761 propterea
1457 1691 1663 1757 subdit,
1696 1709 1799 1746 uno
1839 1693 2122 1762 eodemque

2230 535 2367 589 Θεοῦ
2393 536 2593 599 λαλῶν,
2634 536 2825 589 παθεῖν
2857 537 3245 591 ὑποπτεύεται.

2612 663 2721 718 Τοῦ
2746 625 3017 735 μεγῖὶῖλου
3060 664 3430 722 Ἆθανασίου.

2304 792 2323 825 ι
2376 772 2781 842 Ὀμολογοῦμεν
2820 773 2916 827 καὶ
2971 770 3109 827 εἶναι
3153 776 3315 828 αὐτὸν
3364 775 3493 837 Υίρν
3536 777 3629 831 τοῦ
3671 779 3807 834 Θεοῦ

2229 864 2323 919 καὶ
2346 865 2479 916 Θεὸν
2509 865 2652 916 κατὰ
2677 864 2925 933 Πνεῦμα,
2960 866 3089 918 Υῖὸν
3117 865 3405 937 ἀνθρώπου
3436 869 3580 922 κατὰ
3604 871 3807 939 σάρκα·

2228 954 2352 1008 οὐδὲ
2377 955 2470 1007 δύο
2504 954 2695 1024 φύσεις
2721 955 2813 1007 τὸν
2845 955 2941 1009 ἕνα
2975 957 3125 1021 Υἱὺν,
3150 960 3279 1028 μίαν
3302 964 3687 1032 προσκυνητὴν
3713 963 3811 1016 καὶ

2233 1048 2364 1118 μίαν
2399 1048 2838 1116 ἀπροσκύνητον,
2872 1049 3007 1103 ἀλλὰ
3040 1050 3169 1119 μίαν
3206 1052 3369 1120 φύσιν
3417 1052 3512 1107 τοῦ
3540 1055 3674 1108 Θεοῦ
3702 1057 3809 1109 Λό-

2228 1156 2327 1205 γου
2357 1142 2830 1209 σεσαρκωμένην
2872 1144 2967 1195 καὶ
3006 1126 3490 1214 προσκυνουμένην
3536 1147 3675 1215 μετὰ
3707 1148 3813 1217 τῆς

2229 1228 2630 1297 σαρκὲςαύτοῢ
2662 1232 2760 1300 μιᾷ
2809 1233 3202 1301 προσκυνήσει.
3244 1252 3263 1284 ι
3312 1235 3477 1300 Ἰδοὺ,
3510 1238 3665 1304 φασὶ,
3709 1238 3810 1307 τὴν

2225 1321 2393 1374 δυάδα
2426 1321 2613 1389 σαφῶς
2658 1324 2876 1391 ἀναιρεῖ
2903 1322 3009 1375 τῶν
3037 1326 3253 1392 φύσεων
3285 1326 3315 1379 ὁ
3355 1327 3545 1397 Πατὴρ
3578 1329 3670 1381 ἐπὶ
3711 1329 3808 1381 τού

2226 1412 2346 1474 ἑνὸς
2366 1412 2518 1465 Υίοῦ.
2549 1443 2617 1453 --
2651 1414 2792 1466 Ἀλλ’
2812 1415 2871 1467 οὐ
2901 1416 3001 1479 τὰς
3034 1415 3127 1469 δύο
3150 1418 3364 1485 φύσεις,
3400 1412 3445 1471 ὦ
3466 1414 3633 1484 οὗτοι,
3662 1423 3811 1475 ἀνεῖ-

2225 1500 2334 1566 λεν,
2377 1502 2514 1556 ἀλλὰ
2541 1504 2599 1556 τὸ
2623 1506 2700 1576 μὴ
2731 1506 2966 1578 θατέραν
2998 1509 3096 1577 μὲν
3130 1505 3272 1563 εἶναι
3300 1511 3409 1563 τῶν
3454 1511 3548 1585 δύο
3591 1512 3810 1581 φύσεων

2226 1596 2610 1666 προσκυνητὴν
2640 1598 2697 1649 ὲν
2724 1598 2800 1667 τῷ
2835 1599 2971 1668 Υίῷ,
3005 1598 3241 1670 θατέραν
3286 1603 3345 1656 δὲ
3392 1604 3810 1676 ἀπροσκύνητον

2224 1685 2283 1735 ὲν
2310 1686 2478 1757 αὐτῷ·
2509 1687 2597 1741 διὰ
2621 1690 2730 1761 γάρ
2760 1708 2840 1744 τοι
2868 1692 2986 1745 τόδε
3012 1695 3109 1745 καὶ
3138 1696 3537 1764 ὲπήγαγεν.ὅτι
3582 1697 3687 1751 Ἔν
3700 1695 3810 1765 μιᾷ

534 1785 681 1836 cultu
715 1786 871 1836 unius
894 1784 1033 1847 Filii,
1073 1800 1184 1837 non
1201 1794 1433 1847 naturae,
1486 1786 1925 1855 prosequendum.
1961 1784 2122 1839 Acci-

2228 1779 2322 1830 καὶ
2355 1777 2513 1846 αὐτῇ
2533 1782 2953 1848 προσκυνήσει
2981 1783 3088 1837 τοῦ
3112 1784 3252 1848 ἐνὸς
3288 1785 3446 1848 Υίοῦ,
3474 1788 3533 1839 οὐ
3566 1786 3805 1856 φύσεως,

537 1874 622 1929 dit
655 1875 804 1928 enim
837 1890 936 1944 per
973 1875 1425 1929 universaliorem
1469 1876 1627 1945 quasi
1657 1875 1948 1944 quamdam
1981 1876 2122 1929 inte-

534 1983 686 2037 gram
727 1981 1040 2037 personam,
1083 1974 1145 2019 ut
1187 1966 1361 2035 ipsius
1396 1975 1599 2034 partes,
1644 1966 1728 2019 hae
1772 1966 1985 2021 scilicet
2022 1980 2121 2021 na-

537 2064 673 2111 tura:
706 2057 869 2110 simul
914 2055 1249 2119 adorentur;
1307 2054 1511 2123 quippe
1554 2070 1679 2107 cum
1712 2054 1765 2108 in
1787 2055 1981 2109 eodem
2024 2056 2119 2125 qui

534 2148 756 2212 colitur,
790 2147 931 2201 Filio
968 2147 1227 2201 similiter
1252 2146 1426 2200 amba:
1449 2144 1863 2199 contineantur.
1888 2144 2000 2200 -Vos
2022 2160 2120 2199 au-

534 2245 643 2291 tem
664 2238 937 2292 malitiose
956 2238 1120 2292 verba
1140 2237 1256 2291 haec
1280 2253 1445 2289 unum
1465 2234 1657 2289 Filium
1678 2235 2120 2304 interpunctione

534 2329 831 2397 completa,
863 2343 995 2391 non,
1034 2335 1094 2381 ut
1127 2342 1248 2389 nos,
1281 2324 1518 2394 simplici
1559 2334 1827 2379 commate
1877 2324 2117 2391 notatis;

534 2428 700 2489 atque
734 2420 808 2473 ita
844 2434 1069 2474 sensum
1101 2418 1373 2481 vitiando,
1408 2418 1595 2485 priora
1630 2417 1796 2471 verba
1828 2418 1995 2471 menti
2024 2432 2120 2471 ve—

534 2520 660 2565 stra:
707 2512 933 2580 aptatis,
984 2511 1195 2579 reliqua
1238 2509 1311 2563 ita
1360 2508 1640 2578 profertis,
1683 2516 1743 2562 ut
1786 2508 1980 2578 integri
2014 2508 2121 2562 loci

536 2600 709 2657 me'nti
755 2602 995 2657 minime.
1035 2601 1425 2671 respondeant.
1471 2600 1629 2654 Nunc
1672 2598 1956 2653 videamus
1989 2614 2117 2653 num

535 2708 595 2747 re
623 2709 751 2748 vera
802 2693 1140 2747 Athanasius
1184 2708 1251 2746 ea
1294 2689 1611 2760 protulerit.
1648 2690 1824 2744 Nemo
1852 2690 1998 2743 enim
2034 2688 2119 2742 vir

535 2776 764 2839 sanctus
794 2782 941 2836 circa
972 2780 1166 2835 eadem
1194 2780 1418 2834 sibimet
1446 2780 1561 2848 ipse
1582 2777 1963 2833 contradicere
1989 2793 2121 2832 con-

538 2873 743 2927 suevit.
771 2872 928 2938 Quod
964 2881 1149 2925 autem
1181 2886 1244 2924 ea
1277 2869 1926 2940 protuleritApollinaris
1948 2869 2119 2923 menti

538 2974 737 3019 vestrae
768 2964 1003 3017 maxime
1042 2978 1306 3027 consona,
1347 2970 1617 3016 testantur
1668 2960 1722 3014 id
1762 2962 1817 3014 in
1852 2960 2119 3016 ecclesia-

538 3058 677 3112 stica
702 3056 943 3111 Historia
984 3072 1109 3110 cum
1139 3055 1463 3110 Timotheus
1496 3053 1717 3123 quidam
1748 3053 1920 3123 ipsius
1946 3054 2118 3108 disci-

2228 1869 2400 1937 λέγων
2425 1884 2438 1897 ·
2496 1872 2572 1933 ὼς
2607 1871 2718 1943 γὰρ
2756 1873 2842 1926 διὰ
2880 1874 3321 1946 καθολικωτέρου
3357 1875 3502 1938 τινὸς
3538 1876 3633 1929 τοῦ
3682 1877 3809 1930 ὅλου

2228 1960 2543 2028 προσώπου,
2569 1963 2686 2033 ἅμα
2706 1964 3129 2035 προσκυνεῖσθαι
3150 1967 3220 2019 τὰ
3250 1966 3393 2037 μέρη
3423 1966 3611 2033 αὑτοῦ,
3639 1969 3812 2039 ἠγουν

2227 2050 2391 2102 τάσδε
2420 2052 2522 2115 τὰς
2540 2052 2756 2121 φύσεις,
2783 2054 3095 2124 συμδαὶνει,
3123 2054 3196 2118 ὼς
3221 2050 3694 2126 ἐμπεριεχομένας
3727 2059 3809 2129 τῷ

2228 2144 2694 2215 προσκυνουμένῳ
2724 2145 2840 2216 Υἱῷ
2865 2136 3067 2216 ὁμοίως
3117 2147 3304 2217 ἄμφω·
3354 2149 3514 2221 ὑμεῖς
3555 2150 3611 2204 δὲ
3651 2168 3810 2221 σοφι‹

2230 2233 2431 2295 στικῶς
2466 2233 2650 2305 τελεία
2699 2234 2992 2303 στίζοντες,
3047 2238 3141 2291 καὶ
3193 2240 3291 2309 οὐχ
3328 2242 3641 2315 ὑποστιγμῇ
3684 2242 3810 2297 καθ’

2227 2324 2376 2392 ἡμᾶς
2408 2325 2516 2378 τὸν
2558 2326 2669 2380 ἕνα
2721 2329 2878 2392 Υιὸν,
2909 2328 2979 2382 τὰ
3011 2330 3203 2400 πρῶτα
3236 2332 3334 2401 μὲν
3378 2332 3486 2385 τῶν
3519 2335 3811 2404 ῥησειδίων

2228 2415 2605 2469 κατὰλσκοπὸν
2641 2420 2856 2483 ἑαυτοῖς
2907 2419 3268 2483 ἁποτίλαντες
3316 2423 3607 2494 διορίζετε,
3654 2428 3721 2480 τὰ
3749 2426 3810 2480 δὲ

2227 2502 2356 2572 ἑξῆς
2386 2505 2736 2577 ἀσυνάρτητα
2768 2509 3135 2579 παρέλκοντες
3160 2554 3175 2576 ,
3213 2512 3271 2565 ὲν
3320 2513 3399 2584 τῷ
3433 2516 3665 2584 νοήματι
3713 2516 3809 2569 τοῦ

2226 2594 2350 2647 ὅλου
2378 2597 2602 2667 χωρίου,
2628 2598 2992 2669 διελέγχεσθε.
3020 2601 3207 2664 Οὕτως
3241 2602 3341 2672 μὲν
3373 2599 3465 2657 οὖν
3492 2603 3738 2669 νοείσθω,
3756 2609 3810 2659 εἰ

2226 2686 2394 2749 ὅντως
2442 2687 2749 2758 Ἀθανασίῳ
2794 2692 3028 2760 εἴρηται·
3072 2692 3131 2743 οὐ
3164 2693 3273 2762 γὰρ
3324 2692 3507 2763 ἑαυτῷ
3558 2695 3687 2764 περὶ
3737 2697 3811 2750 τὰ

2227 2779 2369 2831 αὑτά
2415 2794 2499 2841 τις
2529 2774 2789 2849 θεοφόρος
2827 2779 3127 2844 στασιάζει.
3173 2781 3298 2834 Ὅτι
3338 2782 3396 2835 δὲ
3448 2782 3812 2854 Ἀπολιναρίῳ

2228 2870 2445 2941 εῐρηται
2491 2870 2620 2924 τάδε
2665 2871 2805 2925 κατὰ
2837 2870 2934 2941 τὴν
2971 2873 3245 2944 ὑμετέραν
3278 2874 3508 2941 ἔννοιαν,
3540 2875 3810 2945 Τιμόθεός

2225 2978 2311 3024 τις
2358 2961 2550 3015 τούτου
2593 2964 2841 3033 μαθητὴς
2877 2966 2933 3017 ἐν
2971 2967 3037 3035 τῇ
3088 2965 3568 3035 ἐκκλησιαστικῇ
3615 2968 3809 3021 Ἰστο-

2220 3055 2322 3122 pla
2355 3054 2523 3122 λέγει,
2552 3057 2644 3107 καὶ
2677 3057 2943 3126 Πολέμων
2961 3058 2990 3109 δ
3013 3057 3423 3129 συνουσιαστής,
3450 3050 3512 3111 οὗ
3539 3057 3810 3130 Κύριλλος

536 3147 719 3218 pulus,
749 3156 865 3200 tum
902 3146 1162 3200 Polemon
1188 3146 1311 3214 ejus
1326 3143 1634 3207 familiaris,
1664 3142 1823 3211 cujus
1853 3143 2121 3197 memine-

2228 3148 2256 3198 ὁ
2287 3145 2474 3218 Πατὴρ
2519 3134 2613 3201 καὶ
2646 3148 2887 3221 Σεόἧρος
2937 3149 2965 3202 ὁ
3017 3150 3362 3221 Πατραλοίας
3407 3151 3811 3223 μνημονεύουσι

538 3246 667 3291 runt
696 3247 918 3291 sanctus
952 3237 1114 3291 Pater
1145 3234 1383 3307 Cyrillus
1414 3234 1550 3306 (15),
1583 3242 1638 3288 et
1669 3233 1912 3288 Severus
1935 3233 2124 3288 Patra-

538 3327 659 3382 ιωω
691 3328 987 3397 episcopus
1020 3343 1033 3378 :
1073 3325 1165 3394 qui
1206 3326 1465 3379 Polemon
1493 3324 1610 3380 haec
1635 3323 1821 3377 habet.

623 3433 641 3467 ι
695 3415 969 3470 Eumdem
1012 3415 1048 3468 ii
1084 3413 1367 3469 Christum
1415 3423 1473 3468 et
1527 3414 1700 3468 Deum
1751 3421 1808 3466 et
1844 3412 2124 3468 hominem

538 3519 658 3559 esse
721 3494 947 3570 dicunt,
995 3518 1099 3557 nec
1153 3518 1251 3557 eos
1298 3502 1470 3571 pudet
1514 3517 1681 3556 unam
1725 3517 1974 3557 asserere
2028 3502 2125 3557 Dei

539 3594 707 3648 Verbi
736 3603 990 3647 naturam
1012 3592 1377 3658 incarnatam,
1397 3592 1550 3661 quasi
1567 3593 1945 3661 compositam.
1969 3591 2126 3658 Quod

550 3688 594 3741 si
627 3686 773 3740 idem
802 3686 1082 3755 perfectus
1111 3686 1259 3747 Deus
1291 3694 1394 3750 est,
1428 3683 1706 3752 perfectus
1730 3683 1895 3737 homo
1914 3701 1929 3749 ;
1949 3682 2123 3738 fatea-

544 3791 668 3828 mur
700 3783 920 3844 oportet
946 3775 1083 3829 duas
1110 3788 1231 3828 esse
1268 3774 1325 3827 in
1350 3773 1470 3842 ipso
1492 3782 1740 3836 naturas,
1764 3773 2125 3841 quemadmo-

541 3871 672 3923 dum
690 3883 866 3938 nuper
881 3867 1176 3922 commenti
1200 3876 1329 3921 sunt
1352 3866 1725 3935 Cappadoces,
1749 3878 1803 3922 et
1833 3868 2125 3936 Diodorus,

540 3972 597 4015 et
617 3959 953 4014 Athanasius
988 3966 1045 4011 et
1079 3966 1400 4035 arrogantes
1427 3958 1595 4013 Italia:
1620 3959 1885 4027 praesules
1908 3974 2121 4018 omnes.

540 4056 718 4123 Atque
753 4055 827 4108 ita
860 4054 1037 4108 nostri
1080 4053 1293 4124 ﬁngunt
1324 4069 1383 4108 se
1424 4068 1549 4107 cum
1585 4064 1776 4107 sancto
1818 4054 2123 4123 Apollinari

542 4146 783 4208 sentire,
836 4160 892 4198 re
941 4144 1059 4214 ipsa
1098 4154 1278 4199 tamen
1322 4160 1446 4198 cum
1478 4143 1725 4213 Gregorii
1760 4145 2125 4201 sectatoribus

541 4236 680 4290 duas
705 4236 772 4290 de
795 4235 1016 4290 Christo
1040 4244 1269 4289 naturas
1290 4234 1609 4303 praedicant.
1656 4254 1673 4285 ι
1696 4234 1765 4287 Et
1795 4235 1955 4305 paulo
1981 4246 2129 4298 post:

550 4346 569 4377 ι
604 4327 743 4393 Quid
771 4342 828 4381 se
863 4327 976 4381 divi
1013 4326 1350 4396 Apollinaris
1380 4324 1682 4393 discipulos
1706 4326 1948 4395 ﬁngunt?
1977 4327 2128 4382 Hanc

544 4417 691 4470 enim
724 4417 1056 4471 sententiam
1101 4416 1218 4484 ipse
1268 4414 1420 4468 solus
1475 4413 1724 4483 protulit,
1768 4421 1827 4467 ut
1864 4414 2003 4469 duas
2030 4431 2127 4469 na-

542 4518 696 4563 turas
731 4515 1040 4572 everteret;
1067 4506 1273 4576 quippe
1295 4506 1390 4575 qui
1433 4504 1716 4559 manifeste
1744 4506 2015 4573 scriptum
2040 4522 2126 4560 re-

543 4600 728 4670 liquit,
768 4608 823 4653 et
848 4614 967 4653 esse
991 4598 1273 4652 Christum
1300 4597 1499 4652 Filium
1528 4597 1624 4651 Dei
1671 4599 1977 4652 secundum
2015 4598 2126 4667 spi-

546 4692 740 4754 ritum,
783 4703 839 4744 et
866 4690 1064 4743 Filium
1097 4689 1339 4743 hominis
1383 4690 1686 4744 secundum
1738 4704 1981 4754 carnem,
2012 4705 2122 4742 non

544 4785 680 4838 duas
704 4791 929 4837 naturas
956 4797 1126 4836 unum
1147 4782 1369 4842 Filium,
1390 4798 1554 4835 unam
1580 4781 1935 4844 adorandam,
1959 4782 2121 4835 aliam

545 4890 655 4928 non
690 4875 849 4935 item;
873 4873 967 4927 sed
994 4888 1156 4926 unam
1186 4872 1282 4925 Dei
1308 4871 1469 4925 Verbi
1492 4881 1741 4925 naturam
1761 4872 2120 4936 iucarnatam,

544 4973 599 5019 et
627 4981 738 5018 uno
764 4964 1070 5033 eodemque
1100 4963 1255 5016 cultu
1297 4978 1402 5016 una
1435 4978 1560 5016 cum
1592 4962 1709 5031 ipsa
1749 4977 1914 5016 carne
1940 4976 2125 5031 prose-

549 5053 850 5123 quendam.
893 5071 911 5103 ι

617 5144 751 5209 Quis
776 5159 939 5213 porro
966 5160 1075 5197 non
1110 5143 1343 5198 miretur
1371 5144 1416 5198 si
1451 5143 1538 5196 his
1564 5142 1748 5194 omnia
1778 5142 1977 5196 similia
2009 5159 2130 5212 pro-

549 5236 768 5289 tulisset
797 5236 1152 5299 Athanasius,
1183 5235 1275 5303 qni
1311 5250 1435 5288 cum
1468 5233 1637 5301 impio
1651 5231 1891 5286 Diodoro
1919 5235 2125 5289 sentire

546 5345 726 5399 nuper
756 5330 974 5383 crimini
1006 5329 1275 5383 dabatur?
1319 5330 1384 5383 Et
1414 5330 1457 5384 si
1500 5324 1842 5397 protulisset,
1878 5327 2122 5396 accepis-

625 5483 735 5545 (τι)
777 5482 949 5535 All'ert
998 5481 1103 5535 hoc
1154 5481 1297 5534 idem
1339 5481 1716 5537 testimonium
1756 5477 2019 5535 Leontius
2068 5484 2124 5531 et

550 5551 652 5607 lib.
702 5554 776 5605 De
821 5552 990 5615 sectis,
1044 5566 1236 5604 verum
1282 5550 1416 5604 illud
1456 5552 1740 5605 Athanasii
1783 5565 1903 5604 esse
1937 5558 2118 5616 negat.

552 5623 631 5677 All
680 5624 1061 5676 auctoritatem
1090 5621 1275 5691 Cyrilli
1324 5620 1471 5691 quod
1504 5621 1721 5691 attinet,
1758 5622 1854 5691 ait,
1893 5618 1968 5672 ibi
2003 5633 2123 5670 esse

553 5693 836 5755 mendum,
891 5703 945 5745 et
1000 5689 1321 5747 Dioscorum
1368 5690 1554 5761 Cyrilli
1606 5705 1775 5762 opera
1826 5689 2123 5759 depravare

554 5778 720 5816 CODSll
730 5779 791 5817 ει·
803 5780 811 5815 Ι
821 5778 919 5817 SSC.

2229 3239 2503 3308 φήσαντος
2531 3239 2725 3306 οὕτως·

2308 3433 2326 3464 ι
2362 3413 2495 3467 Θεὸν
2521 3414 2629 3485 γὰρ
2657 3415 2907 3483 λέγοντες
2938 3419 3033 3471 καὶ
3067 3416 3354 3487 ἄνθρωπον
3381 3420 3473 3473 τὸν
3496 3421 3679 3487 αὑτὸν,
3706 3423 3814 3478 οὐκ

2228 3504 2576 3574 αἰσχύνονται
2610 3506 2739 3575 μίαν
2765 3505 2925 3575 φύσιν
2948 3506 3042 3559 τοῦ
3074 3505 3209 3559 Θεοῦ
3240 3508 3415 3576 Λόγου
3447 3512 3810 3581 σεσαρκωμέ-

2229 3614 2327 3665 νην
2359 3590 2469 3648 οἷόν
2508 3614 2633 3651 τινα
2664 3596 2917 3652 σύνθετον
2950 3598 3361 3668 ὁμολογοῦντες·
3393 3600 3449 3653 εί
3473 3618 3536 3671 γε
3570 3602 3701 3666 Θεὸς
3726 3607 3813 3657 τέ-

2227 3687 2370 3751 λειος
2400 3689 2493 3742 καὶ
2531 3689 2817 3759 ἄνθρωπος
2840 3689 3044 3753 τέλειος
3082 3693 3110 3744 δ
3144 3692 3326 3756 αὐτὸς,
3344 3691 3437 3746 δύο
3476 3694 3669 3762 φύσεις
3697 3696 3813 3766 ἄρα

2227 3780 2255 3831 ό
2278 3780 2461 3845 αὐτὸς,
2493 3778 2743 3850 καθάπερ
2765 3783 2797 3849 ἡ
2820 3781 2929 3837 τῶν
2950 3781 3333 3839 Καππαδοκῶν
3356 3784 3659 3853 εἰσηγεῖται
3684 3801 3812 3837 καις

2230 3872 2476 3942 νοτομία,
2506 3872 2772 3942 Διοδώρου
2804 3888 2861 3925 τε
2917 3874 3013 3925 καὶ
3051 3873 3371 3927 Ἀθανασίου
3400 3874 3433 3944 ἡ
3477 3874 3676 3943 οἴησις,
3711 3877 3813 3928 καὶ

2227 3963 2337 4016 τῶν
2386 3964 2445 4017 ὲν
2484 3962 2680 4033 Ἰταλίᾳ
2714 3965 2743 4015 ό
2778 3963 2965 4032 τύφος·
3017 3964 3113 4017 καὶ
3151 3964 3578 4034 σχηματίζονται
3623 3966 3721 4035 μὲν
3760 3970 3809 4019 ol

2229 4052 2391 4124 δῆθεν
2414 4054 2679 4124 ἡμέτεροι
2708 4055 2928 4123 φρονεῖν
2968 4052 3037 4106 τὰ
3079 4050 3172 4104 τοῦ
3214 4052 3372 4118 άγὶου
3413 4052 3625 4122 Πατρὸς
3651 4053 3810 4122 ἡμῶν

2243 4146 2647 4214 Ἀπολιναρίου,
2678 4143 3011 4213 κηρύττουσι
3033 4144 3088 4195 δὲ
3115 4144 3367 4211 καθάπερ
3388 4143 3687 4214 Γρηγόριος
3710 4144 3809 4215 τὴν

2232 4234 2343 4287 τῶν
2392 4234 2610 4302 φύσεων
2665 4232 2853 4286 δυάδα.
2894 4251 2911 4284 ι
2947 4231 3054 4286 Kal
3079 4231 3229 4299 μετὰ
3282 4231 3535 4300 βραχέα·
3601 4250 3619 4281 ι
3659 4232 3723 4284 Τί
3754 4233 3816 4284 δὲ·

2243 4323 2601 4395 Ἀπολιναρίῳ
2668 4323 2746 4393 τῷ
2824 4322 2956 4391 θείῳ
3012 4322 3285 4392 μαθητιᾷν
3342 4321 3825 4391 σχηματίζονται,

2229 4415 2434 4484 ταύτην
2474 4416 2584 4485 γὰρ
2622 4414 2707 4466 ἐπ’
2741 4413 3020 4482 ἀναιρέσει
3066 4412 3164 4479 τῆς
3213 4411 3321 4464 τῶν
3351 4411 3566 4481 φύσεων
3618 4411 3814 4477 δυάδος

2233 4508 2391 4576 μόνος
2412 4506 2545 4574 ἡμῖν
2576 4503 2880 4572 ἀπεκύησε,
2912 4502 3205 4573 γεγραφὼς
3235 4494 3336 4554 ὧδέ
3369 4520 3443 4571 πη
3478 4502 3685 4570 σαφῶς·
3716 4504 3813 4557 καὶ

2232 4594 2547 4650 εἷναιαύτὸν
2571 4596 2699 4649 Υίὸν
2737 4596 2833 4649 τοῦ
2865 4594 3021 4659 Θεοῦ,
3056 4595 3152 4646 καὶ
3171 4593 3307 4646 Θεὸν
3338 4594 3477 4648 κατὰ
3509 4596 3710 4663 σάρκα,
3748 4596 3813 4648 ού

2230 4689 2319 4743 δύο
2354 4689 2542 4758 φύσεις
2564 4688 2654 4741 τὶν
2686 4688 2782 4740 ἕνα
2810 4686 2956 4751 Υίὸν,
2986 4686 3116 4757 μίαν
3148 4683 3529 4755 προσκυνητὴν
3557 4686 3651 4737 καὶ
3680 4685 3813 4753 μίαν

2232 4782 2668 4851 ἀπροσκύνητον,
2707 4779 2844 4831 ἀλλὰ
2883 4779 3010 4847 μίαν
3042 4778 3202 4847 φύσιν
3234 4776 3327 4829 τοῦ
3355 4775 3489 4829 Θεοῦ
3514 4776 3688 4842 Λόγου
3720 4793 3810 4828 σε·

2234 4874 2595 4942 σαρκωμένην
2628 4871 2720 4923 καὶ
2755 4870 3236 4941 προσκυνουμένην
3285 4868 3425 4938 μετὰ
3460 4868 3557 4937 τῆς
3604 4867 3814 4938 σαρκὸς

2231 4964 2395 5020 αὑτοῦ
2439 4966 2537 5035 μιᾷ
2576 4966 2964 5034 προσκυνὴσει.
3002 4983 3019 5009 ι

2299 5140 2392 5202 Τίς
2420 5134 2512 5192 οὖν
2545 5140 2606 5191 ού
2642 5137 2935 5206 θαυμάσει,
2970 5135 3017 5186 εί
3043 5136 3069 5187 ὀ
3098 5134 3235 5203 μετὰ
3259 5129 3523 5201 Διοδώρου
3554 5129 3648 5183 τοῦ
3681 5131 3815 5185 ἀσε-

2226 5233 2352 5295 ϐοῦς
2406 5230 2829 5299 διαϐαλλόμενος
2874 5227 3021 5297 αὐτῷ
3059 5225 3375 5286 Ἀθανὰσιος
3417 5224 3486 5277 τὰ
3517 5225 3681 5293 ὃμοια
3713 5226 3812 5295 ρή-

2230 5341 2375 5395 ματα
2406 5324 2583 5375 πάντα
2618 5322 2757 5393 ἔφης
2786 5322 2833 5373 εί
2863 5319 2917 5372 δὲ
2956 5318 3052 5371 δια)⁵
3084 5316 3210 5370 τάδε
3238 5316 3405 5381 ἔλεξε,
3440 5316 3557 5379 πῶς
3587 5315 3681 5367 καὶ
3715 5316 3811 5368 ἐπὶ

2304 5473 2412 5543 (l5)
2454 5474 2575 5527 Lib.
2613 5490 2627 5527 t
2654 5515 2666 5537 ,
2696 5473 2893 5528 Contra
2933 5469 3362 5543 Julianmn,_ubi
3393 5478 3614 5543 sanctus
3643 5470 3814 5524 Pater

2232 5540 2421 5604 laudat
2456 5554 2673 5599 veteres
2720 5545 2860 5598 bene
2894 5544 3116 5604 multos,
3168 5541 3262 5610 qui
3309 5540 3377 5594 de
3429 5540 3609 5609 Moyse
3647 5555 3810 5593 men-

2234 5616 2438 5667 tionem
2494 5615 2764 5669 fecerunt.
2816 5614 3020 5667 Horum
3058 5614 3111 5665 in
3161 5625 3391 5664 numero
3435 5617 3695 5666 censetur
3750 5617 3815 5665 et

2232 5684 2489 5739 Polemon
2538 5685 2633 5739 lib.
2679 5683 2980 5740 Graecarum
3021 5684 3376 5736 historiarum.
