4094 6334
563 378 697 443 1867

1824 382 2135 443 LEONTII
2180 384 2462 444 BYZANT
2472 385 2548 444 [Ν
2560 387 2583 444 Ι

3687 385 3829 449 1868

564 490 815 561 Ejusdem
857 488 989 544 Julii
1020 490 1245 562 episcopi
1292 488 1539 562 Romani,
1570 505 1631 543 εκ
1667 490 1889 552 epistola
1933 491 2045 562 (ΞΟ)
2086 510 2143 546 aa

2262 491 2376 546 Τοῦ
2418 493 2607 548 αὐτοῦ
2657 495 2904 548 Ἰουλίου
2961 492 3299 546 ἐπισκόπου
3350 492 3573 561 Ῥώμης
3616 494 3682 548 ἐκ
3719 496 3832 562 τῆς

1113 558 1424 628 Dionysium
1478 561 1615 629 (2|).

636 672 653 700 ι
687 650 805 707 Una
854 662 939 706 est
984 653 1038 705 in
1079 651 1303 706 Christo
1356 662 1574 715 natura,
1618 654 1748 723 quia
1804 671 1910 709 una
1959 665 2041 710 est
2094 666 2150 712 et

559 758 813 812 persona,
846 758 969 813 qua
1005 743 1252 813 proferto
1291 743 1346 796 in
1374 743 1512 799 duas
1533 760 1644 799 non
1671 745 1958 800 dividitur.
1993 747 2147 801 Haud

556 837 705 890 enim
765 851 875 891 una
919 837 1169 907 corporis
1218 836 1444 905 propria
1486 846 1686 891 natura
1738 848 1820 893 est
1853 839 1908 893 in
1940 835 2145 893 Christi

557 942 725 982 carne
749 936 1052 997 assumpta,
1082 927 1187 982 alia
1213 927 1440 997 propria
1471 928 1782 985 divinitatis
1804 974 1817 995 ,
1840 930 1932 985 sed
1956 946 2148 1000 quem-

555 1021 851 1076 admodum
884 1021 1050 1076 bomo
1074 1030 1326 1075 naturam
1360 1036 1529 1075 unam
1557 1021 1747 1087 habet,
1781 1022 1858 1076 ita
1890 1031 1947 1076 et
1978 1022 2143 1077 Chri-

556 1121 692 1177 stus,
730 1112 825 1181 qui
878 1111 1202 1166 hominibus
1248 1111 1586 1166 assimilatus
1635 1121 1739 1167 est.
1788 1111 1949 1179 Quod
2000 1113 2046 1167 si
2106 1113 2145 1166 ii

556 1219 668 1258 non
720 1211 1029 1275 agnoscunt
1084 1201 1226 1257 hanc
1283 1211 1497 1257 natura:
1548 1202 1842 1268 unitatem,
1899 1218 2022 1274 quae
2077 1218 2147 1256 ex

557 1295 856 1350 multorum
913 1292 1308 1364 conjunctione
1351 1301 1577 1357 manat;
1616 1292 1866 1362 profecto
1896 1293 2145 1349 dividere

557 1393 861 1453 potuerunt
904 1398 1067 1437 unam
1118 1382 1427 1452 quamlibet
1457 1397 1575 1437 rem
1628 1383 1685 1437 in
1721 1395 1906 1453 partes
1935 1385 2141 1454 plures.

556 1476 838 1546 Siquidem
868 1476 1171 1530 humanum
1208 1490 1432 1544 corpus,
1463 1490 1551 1529 ex.
1583 1491 1694 1545 ειη,
1732 1484 1949 1530 constat
1977 1476 2145 1531 rebus

557 1569 747 1623 multis
788 1567 1101 1622 substantia
1136 1566 1392 1632 diversis,
1428 1566 1671 1629 ossibus,
1714 1566 1921 1633 nervis,
1964 1568 2141 1633 venis,

556 1674 745 1721 carne,
790 1659 956 1730 pelle,
986 1659 1287 1729 unguibus,
1322 1658 1475 1727 pilis,
1524 1658 1791 1729 sanguine
1821 1668 1879 1714 et
1904 1659 2140 1729 spiritu;

555 1767 677 1821 quas
719 1751 847 1806 licet
879 1751 948 1805 ab
975 1765 1033 1805 se
1080 1750 1318 1805 invicem
1350 1749 1634 1813 dill‘erant,
1668 1764 1832 1804 unam
1866 1759 2046 1804 tamen
2084 1750 2141 1804 in

2523 564 2672 631 πρὸς
2707 565 3026 618 Διονύσιον
3062 562 3393 629 ἐπιστολῆς
3429 563 3563 632 (25).

2334 672 2352 705 ι
2418 654 2534 708 Μία
2576 654 2739 721 φύσις
2796 653 2968 718 ἐστὶν,
3023 652 3212 722 ἐπειδὴ
3264 654 3555 723 πρόσωπον
3599 651 3677 717 ἓν,
3728 654 3831 706 ούκ

2256 747 2382 818 ἔχον
2419 750 2499 809 εἰς
2530 747 2623 800 δύο
2645 747 2932 815 διαίρεσιν·
2963 745 3085 799 ἐπεὶ
3120 745 3194 815 μὴ
3228 745 3332 798 ἰδία
3367 745 3527 813 φύσις
3560 744 3619 798 τὸ
3649 744 3829 814 σῶμα,

2256 838 2351 890 καὶ
2380 837 2483 889 ίδία
2519 836 2681 905 φύσις
2710 837 2744 907 ἡ
2776 835 2970 906 θεότης
3024 837 3165 890 κατὰ
3210 836 3307 905 τὴν
3355 837 3661 906 σάρκωσιν,
3713 835 3831 889 ἀλλ’

2254 928 2441 998 ὥσπερ
2465 926 2746 998 ἄνθρωπος
2789 928 2889 997 μία
2924 927 3106 997 φύσις,
3148 927 3320 990 οὕτως
3348 928 3443 980 καὶ
3479 929 3508 979 ὁ
3546 929 3603 980 ὲν
3632 926 3832 997 ὁμοιώ-

2257 1034 2387 1086 ματι
2418 1016 2722 1087 ἀνθρώπων
2763 1018 3077 1088 γενόμενος.
3116 1019 3178 1071 Ei
3207 1019 3263 1071 δὲ
3287 1019 3386 1071 ούκ
3410 1018 3834 1086 ἐπιγινώσκωσι

2252 1108 2313 1161 τὸ
2339 1107 2462 1162 καθ’
2492 1108 2686 1163 ἕνωσιν
2716 1108 2795 1173 ἓν,
2828 1108 3086 1163 δύνανται
3120 1109 3213 1161 καὶ
3261 1112 3342 1172 είς
3390 1109 3564 1162 πολλὰ
3593 1126 3834 1179 καταμε-

2254 1197 2428 1267 ρίζειν
2479 1197 2569 1252 τὸν
2606 1199 2723 1263 ἕνα,
2776 1199 2870 1251 καὶ
2920 1198 3121 1260 πολλὰς
3161 1199 3340 1267 λέγειν
3385 1199 3597 1266 φύσειςο
3643 1200 3833 1270 ἐπειδὴ

2252 1290 2532 1353 πολυειδὲς
2563 1290 2624 1343 τὸ
2660 1290 2819 1360 σῶμα
2856 1288 2917 1354 ἐξ
2940 1290 3145 1343 ὀστέων
3189 1291 3283 1343 καὶ
3327 1292 3534 1361 νεύρων
3572 1291 3665 1343 καὶ
3699 1290 3834 1359 φλε-

2252 1380 2365 1432 ϐῶν
2409 1381 2503 1432 καὶ
2534 1380 2755 1450 σαρκῶν
2786 1381 2883 1433 καὶ
2916 1380 3186 1450 δέρματος
3220 1380 3315 1434 καὶ
3342 1381 3549 1450 ὀνύχων
3583 1383 3677 1435 καὶ
3706 1399 3830 1449 τρι-

2252 1470 2365 1540 χῶν
2400 1472 2496 1524 καὶ
2525 1472 2756 1539 αἵματος
2800 1472 2896 1525 καὶ
2952 1470 3281 1540 πνεύματος,
3324 1472 3467 1543 ἅπερ
3502 1473 3678 1527 πάντα
3713 1473 3834 1525 δια-

2252 1562 2426 1632 φορὰν
2474 1562 2575 1630 μὲν
2616 1561 2738 1631 ἔχει
2793 1561 2928 1631 πρὸς
2965 1561 3191 1631 ἄλληλα,
3232 1563 3331 1633 μία
3371 1562 3428 1616 δὲ
3457 1562 3619 1633 φύσις
3658 1564 3831 1617 ἐστίν·

2251 1652 2392 1706 ὥστε
2424 1653 2521 1706 καὶ
2547 1653 2582 1723 ἡ
2609 1652 2709 1722 τῆς
2749 1652 2998 1722 θεότητος
3032 1652 3258 1722 ἀλήθεια
3285 1653 3422 1723 μετὰ
3451 1653 3544 1707 τοῦ
3577 1653 3835 1723 σώματος

2249 1745 2308 1798 ἓν
2336 1746 2475 1807 ἐστι,
2502 1746 2597 1797 καὶ
2627 1745 2705 1808 είς
2728 1744 2821 1797 δύο
2857 1742 3045 1814 φύσεις
3074 1746 3136 1798 ού
3172 1746 3476 1815 μερίζεται.
3508 1764 3525 1796 ι
3560 1745 3665 1799 Καὶ
3681 1746 3838 1814 μετὰ

554 1842 778 1897 homine
822 1851 1078 1895 naturam
1119 1840 1443 1895 conficiunt.
1475 1839 1749 1903 Quocirca
1787 1851 1841 1896 et
1877 1840 2142 1896 divinita-

2247 1836 2498 1906 βραχέα·
2544 1855 2560 1887 ι
2616 1837 2855 1907 Ἀνάγκη
2904 1836 3012 1906 γὰρ
3044 1836 3240 1898 αὐτοὺς
3292 1836 3386 1891 δύο
3434 1838 3691 1905 λέγοντας
3739 1838 3833 1906 φύ-

555 1932 626 1987 tis
664 1931 867 1986 veritas
915 1946 1041 1985 cum
1076 1932 1321 1985 humano
1367 1945 1603 2000 corpore
1649 1932 1946 2001 conjuncta
1974 1946 2145 1985 unum

551 2033 659 2087 est,
707 2038 813 2078 nec
852 2022 907 2076 in
948 2030 1178 2076 naturas
1227 2022 1421 2091 plures
1460 2020 1752 2075 dividitur.
1791 2042 1808 2071 ι
1860 2022 1931 2075 Et
1985 2022 2146 2091 paulo

554 2126 668 2185 post
696 2131 714 2170 :
751 2134 769 2167 ι
804 2115 1042 2171 Necesse
1077 2115 1226 2169 enim
1251 2124 1337 2170 est
1359 2114 1478 2182 (ait)
1505 2130 1602 2169 eos
1628 2115 1721 2184 qui
1754 2124 1981 2169 naturas
2009 2115 2147 2171 duas

555 2209 910 2279 proﬁtentur,
941 2208 1174 2264 adorare
1207 2223 1395 2273 unam,
1440 2217 1498 2261 et
1526 2222 1635 2261 non
1682 2206 1935 2269 alteram,
1965 2215 2022 2260 et
2052 2221 2147 2274 per

554 2300 795 2354 divinam
844 2313 945 2352 nos
994 2297 1138 2352 sacri
1198 2297 1368 2351 fontis
1421 2296 1567 2350 unda
1608 2295 1803 2359 lavari,
1868 2310 1977 2349 non
2010 2296 2143 2349 item

552 2402 608 2446 et
648 2407 749 2461 per
798 2390 1117 2445 humanam.
1145 2388 1303 2456 Quod
1334 2390 1380 2443 si
1410 2404 1510 2458 per
1542 2403 1706 2442 unam
1741 2387 1961 2441 Domini
2002 2403 2147 2440 mor-

555 2490 664 2537 tem
694 2495 888 2536 omnes
915 2481 1109 2536 eadem
1153 2480 1362 2535 salubri
1408 2478 1556 2533 unda
1592 2479 1943 2543 inundamur,
1977 2494 2143 2533 unam

551 2571 718 2626 etiam
748 2568 1020 2625 fateamur
1051 2577 1270 2639 Oportet
1300 2577 1555 2623 naturam
1593 2584 1661 2623 ex
1692 2568 2022 2638 impassibili
2051 2567 2142 2622 di-

552 2661 783 2714 vinitate
825 2670 884 2714 et
937 2660 1184 2730 passibili
1236 2675 1402 2714 carne
1432 2658 1748 2724 conﬂatam,
1785 2668 1845 2713 ut
1885 2659 1960 2713 ita
1996 2659 2145 2713 lava-

552 2766 708 2806 crum
742 2757 997 2805 nostrum
1054 2765 1152 2819 per
1199 2749 1551 2805 divinitatem
1608 2750 1772 2805 simul
1821 2760 1879 2806 et
1917 2734 2140 2805 Domini

553 2852 787 2899 mortem
830 2843 1024 2913 perﬁci
1061 2858 1188 2897 vere
1216 2843 1461 2897 dicatur.
1495 2862 1513 2894 ι
1550 2842 1618 2896 Et
1653 2852 1768 2913 post
1813 2859 1985 2913 pauca
2016 2860 2142 2895 rur-

550 2952 667 2989 sum
708 2938 818 2988 lucc
844 2934 996 2988 habet
1028 2949 1045 2986 :
1085 2953 1102 2985 ι
1132 2935 1338 2989 Caveat
1376 2949 1510 3005 ergo
1539 2934 1636 3003 qui
1673 2934 1813 2989 duas
1839 2934 1894 2988 in
1923 2933 2144 2990 Christo

552 3034 781 3078 naturas
813 3033 1087 3089 asserunt,
1118 3039 1186 3078 ne
1237 3024 1523 3079 Christum
1562 3025 1741 3094 ipsum
1769 3025 2144 3081 dividentihus

553 3130 747 3169 ansam
804 3113 1109 3184 praebeant.
1141 3113 1279 3170 Nam
1324 3129 1509 3185 neque
1559 3129 1762 3184 corpus
1790 3115 2013 3185 aliquod
2045 3130 2145 3184 per

2251 1945 2386 1995 σεις,
2422 1928 2521 1997 τὴν
2559 1928 2657 1997 μὲν
2712 1927 2841 1997 μίαν
2890 1930 3249 1998 προσκυνεῖν,
3280 1928 3378 1997 τὴν
3424 1929 3477 1981 δὲ
3522 1928 3717 1999 ἑτέραν
3756 1930 3835 1999 μὴ

2249 2020 2595 2088 προσκυνεῖν·
2623 2018 2703 2081 εἰς
2744 2018 2845 2085 μὲν
2889 2018 2985 2087 τὴν
3016 2018 3205 2089 θεῖκὴν
3238 2018 3619 2088 βαπτίζεσθαι,
3653 2021 3733 2083 εἰς
3774 2023 3835 2072 δὲ

2246 2110 2345 2182 τὴν
2373 2110 2720 2182 ἀνθρωπίνην
2761 2110 2834 2179 μὴ
2866 2108 3245 2178 βαπτίζεσθαι.
3284 2111 3347 2163 Εἰ
3380 2111 3435 2163 δὲ
3467 2112 3547 2175 εἰς
3592 2114 3683 2165 τὸν
3729 2111 3825 2165 θά-

2246 2217 2407 2254 νατον
2452 2200 2547 2253 τοῦ
2594 2202 2797 2269 Κυρίου
2846 2200 3245 2271 βαπτιζόμεθα,
3281 2204 3411 2271 μίαν
3456 2204 3834 2276 ὁμολογοῦμεν

2246 2287 2409 2365 φύσιν
2440 2290 2541 2355 τῆς
2585 2287 2829 2353 ἀπαθοῦς
2862 2289 3118 2358 θεότητος
3146 2292 3240 2343 καὶ
3266 2292 3366 2361 τῆς
3401 2293 3655 2363 παθητῆς
3688 2312 3825 2365 σαρ-

2247 2376 2366 2440 κδς,
2399 2377 2486 2431 ἵνα
2513 2377 2685 2441 οὓτως
2711 2380 2791 2439 είς
2820 2379 2952 2432 Θεὸν
3042 2379 3104 2432 τὸ
3128 2380 3413 2451 βάπτισμα
3442 2383 3600 2451 ήμῶν
3627 2385 3722 2437 καὶ
3749 2389 3835 2441 εἰς

2246 2469 2336 2523 τὸν
2375 2468 2604 2523 θάνατον
2661 2469 2755 2523 τοῦ
2807 2471 3013 2540 Κυρίου
3064 2471 3403 2542 τελούμενον.
3466 2493 3483 2516 ι
3540 2476 3649 2528 Καὶ
3700 2480 3853 2544 μετ’-

2246 2560 2422 2629 ὀλὶγα
2449 2557 2659 2614 πάλιν·
2700 2579 2718 2613 ι
2761 2562 2853 2632 Μὴ
2882 2558 2975 2615 οὖν
3018 2565 3132 2627 τοῖς
3164 2564 3508 2634 διατέμνουσι
3555 2567 3836 2638 πρόφασιν

2244 2650 2484 2705 δότωσαν
2512 2653 2562 2705 οἱ
2591 2652 2685 2706 δύο
2711 2653 2963 2722 λέγοντες
3011 2655 3222 2723 φύσεις·
3254 2656 3379 2709 οὒτε
3422 2661 3530 2729 γὰρ
3577 2660 3636 2712 τὸ
3668 2660 3837 2726 σῶμα

2246 2743 2369 2796 καθ’
2387 2744 2550 2797 ἑαυτὸ
2592 2743 2776 2813 φύσις,
2811 2746 2944 2816 μηδὲ
3002 2746 3267 2809 ζωοποιὸν
3301 2748 3422 2802 καθ’
3448 2751 3629 2813 ἑαυτὸ,
3692 2753 3837 2823 μηδὲ

2244 2833 2628 2905 διατέμνεσθαι
2658 2836 2982 2907 δυνάμενον.
3022 2839 3149 2893 ἄνευ
3183 2838 3275 2892 τοῦ
3311 2840 3601 2905 ζωοποιοῠο
3642 2842 3767 2896 οὔτε
3806 2847 3838 2897 ὁ

2246 2927 2421 2995 Λόγος
2452 2927 2576 2980 καθ’
2607 2929 2799 2981 ἑαυτὸν
2829 2932 2911 2993 εἰς
2947 2931 3084 2983 ἰδίαν
3112 2931 3397 3002 μερίζεται
3425 2933 3588 3002 φύσιν
3619 2934 3687 3005 ἢν
3714 2935 3839 3006 ἔχει

2247 3018 2387 3070 κατὰ
2433 3017 2494 3070 τὸ
2543 3020 2822 3088 ἄσαρκον·
2865 3021 3056 3092 ἐπειδὴ
3108 3022 3166 3075 ὲν
3227 3025 3391 3096 σαρκὶ
3446 3026 3686 3104 Ιεύριος,
3736 3030 3839 3080 καὶ

2244 3111 2343 3163 οὐκ
2374 3110 2614 3180 ἄσαρκος
2639 3112 2950 3183 ἐπεδήμησε
2981 3113 3060 3183 τῷ
3090 3114 3280 3185 κόσμῳ
3304 3131 3319 3144 ·
3356 3114 3479 3167 οὔτε
3510 3116 3569 3167 τὸ
3611 3118 3840 3171 κτιστὶν

552 3221 612 3261 se
649 3206 961 3261 subsistens
1001 3214 1201 3259 natura
1236 3214 1342 3267 est,
1396 3221 1497 3261 nec
1537 3206 1718 3276 ipsum
1760 3221 1859 3276 per
1893 3221 1952 3261 se
1985 3205 2140 3269 vivit,

2250 3202 2409 3272 σῶμα
2438 3203 2503 3275 ζῇ
2540 3203 2711 3273 χωρὶς
2754 3182 2856 3273 τῆς
2904 3182 3161 3258 ἀκτίστου
3194 3182 3469 3275 θεύτητος,
3501 3207 3586 3260 ἵνα
3619 3210 3842 3282 χωρίζῃ

554 3311 735 3366 neque
769 3296 1000 3350 seorsim
1032 3311 1063 3350 a
1106 3295 1258 3350 vitali
1298 3296 1483 3351 Verbo
1511 3296 1685 3352 dividi
1718 3306 1922 3368 potest,
1963 3312 2143 3367 neque

2247 3309 2324 3354 τις
2356 3292 2517 3360 φύσιν
2547 3296 2791 3363 κτιστήν·
2816 3293 2938 3347 οὕτε
2973 3295 3079 3367 μὴν
3106 3297 3133 3349 ὁ
3155 3294 3408 3359 ἆκτιστος
3436 3299 3608 3365 Λόγος
3632 3299 3841 3371 ὲπεδή·

555 3386 805 3442 Verbum
858 3386 1100 3440 divisum
1151 3400 1182 3439 a
1232 3400 1396 3440 carne
1455 3395 1713 3442 naturam
1756 3402 1911 3442 suam
1958 3387 2143 3449 habet,

2247 3401 2389 3456 μησε
2426 3386 2596 3455 χωρὶς
2629 3385 2906 3457 σώματος,
2944 3388 3033 3441 ἵνα
3073 3388 3274 3460 μερίζῃ
3302 3407 3385 3452 τις
3439 3392 3695 3445 ἁκτίστου
3725 3395 3841 3461 φύς

553 3492 719 3547 quam
752 3493 783 3532 a
819 3478 1004 3533 carnis
1059 3486 1284 3547 experte
1326 3478 1617 3534 divinitate
1664 3480 1855 3534 trahit.
1886 3478 2143 3547 Quando-

2247 3493 2354 3531 σιν.
2372 3477 2434 3529 Et
2458 3476 2513 3529 δὲ
2538 3477 2798 3549 ἑκάτερόν
2823 3480 2936 3533 ὲστι
2967 3480 3108 3534 κατὰ
3131 3480 3231 3551 τὴν
3258 3481 3452 3534 ἕνωσιν
3470 3484 3563 3535 καὶ
3588 3483 3685 3555 τὴν
3711 3484 3848 3538 σύν-

553 3569 779 3639 quidem
815 3569 1086 3624 Dominus
1135 3570 1194 3623 in
1229 3568 1496 3623 mundum
1543 3570 1700 3625 venit
1739 3584 1907 3625 carne
1946 3567 2143 3639 praedi-

2247 3567 2363 3620 οδον
2389 3570 2485 3623 καὶ
2512 3569 2615 3647 τὴν
2649 3569 2897 3623 σύνθεσιν
2941 3571 3041 3643 τὴν
3094 3573 3494 3643 ἀνθρωποειδῆ,
3531 3575 3589 3630 ἓν
3641 3577 3739 3631 καὶ
3778 3580 3847 3631 τὸ

557 3672 669 3725 tus,
728 3674 840 3715 non
887 3674 953 3714 ea
1006 3658 1332 3714 destitutus.
1390 3658 1583 3730 Neque
1635 3669 1887 3715 creatum
1944 3674 2143 3730 corpus

2256 3660 2428 3729 ὀνομα
2464 3660 2543 3730 τῷ
2592 3662 2831 3732 συνθέτῳ
2880 3665 3355 3735 προσαρμόζεται·
3420 3668 3528 3720 ἀπὸ
3582 3668 3680 3738 μὲν
3733 3669 3843 3738 τῆς

572 3751 710 3805 vivit
750 3750 872 3805 sine
928 3750 1176 3805 increata
1217 3748 1531 3815 divinitate,
1577 3765 1689 3820 quo
1735 3762 1921 3805 creata
1950 3758 2143 3805 natura

2255 3751 2509 3821 θεότητος
2542 3752 2602 3806 τὸ
2635 3753 2865 3819 ἀπαθὲς,
2901 3755 3008 3808 ἀπὸ
3038 3755 3095 3808 δὲ
3122 3755 3219 3809 τοῦ
3258 3756 3511 3827 σώματος
3551 3758 3612 3811 τὸ
3647 3760 3837 3831 παθη-

553 3842 726 3897 dividi
775 3842 982 3912 possit;
1022 3857 1126 3897 nec
1158 3842 1465 3899 increatum
1501 3844 1741 3899 Verbum
1784 3845 1840 3899 in
1874 3842 2141 3897 mundum

2252 3844 2363 3899 τόν.
2404 3844 2511 3897 Καὶ
2553 3843 2743 3918 ὥσπερ
2773 3846 3065 3911 ἀκούοντες
3092 3847 3187 3900 τοῦ
3222 3849 3434 3902 Παύλου
3466 3851 3555 3906 τὸν
3595 3852 3841 3920 Χριστὸν

555 3934 707 3989 venit
741 3934 862 3999 sine
904 3948 1160 4005 corpore,
1201 3950 1314 4004 quo
1360 3935 1486 4005 quis
1518 3934 1752 3990 increati
1791 3949 2013 4004 quoque
2044 3949 2144 3988 na-

555 4037 737 4081 turam
775 4025 1027 4081 dividere
1080 4034 1267 4096 queat.
1316 4025 1372 4081 Si
1431 4042 1564 4081 vero
1611 4034 1908 4094 utrumque
1964 4041 2134 4080 unum

551 4127 637 4172 est
688 4117 762 4172 ob
809 4117 1059 4189 ipsorum
1110 4127 1315 4172 arctam
1372 4119 1821 4189 conjunctionem
1875 4126 1932 4173 et
1964 4133 2138 4188 capu-

552 4214 684 4275 lam,
731 4210 1306 4280 compositionemque
1355 4209 1593 4265 bumanc
1632 4206 1939 4279 composito
1983 4209 2138 4263 simi-

2250 3933 2516 4005 παθητὸν,
2551 3934 2677 3988 οὔτε
2730 3936 2969 4006 μερικῶς
3018 3938 3356 4008 ἠκούσαμεν,
3391 3938 3513 3993 οὔτε
3562 3941 3661 4010 τὴν
3709 3941 3838 3994 θεό-

2246 4043 2387 4095 τητα
2416 4026 2664 4099 παθητὴν
2694 4029 3050 4098 ἐνομίσαμεν,
3077 4029 3248 4094 οὕτως
3272 4032 3365 4083 καὶ
3394 4032 3453 4085 τὸ
3484 4033 3703 4085 κτιστδν
3737 4036 3838 4087 καὶ

2245 4116 2452 4183 δοῦλον,
2491 4117 2636 4178 ,οὔτε
2700 4120 2941 4188 μερικῶς
2986 4121 3226 4188 λέγεται,
3271 4122 3394 4177 οὒτε
3450 4123 3549 4179 τὴν
3597 4125 3839 4197 θεότητα

2246 4211 2391 4261 ποιεῖ
2425 4208 2650 4279 κτιστὴν
2679 4208 2802 4261 οὒτε
2840 4209 3053 4280 δούλην.
3097 4231 3115 4264 ι

552 4300 688 4363 lem;
722 4314 897 4353 unum
932 4313 1152 4369 quoque
1185 4302 1498 4371 composito
1528 4315 1733 4356 nomen
1801 4300 1978 4370 aptari
2050 4300 2216 4357 debet
2251 4301 2411 4371 eique
2463 4301 2633 4355 tribui
2690 4301 2975 4372 multiplex
3024 4304 3353 4373 proprietas,
3403 4319 3464 4359 ut
3509 4306 3581 4361 ob
3625 4305 3839 4361 divini-

553 4402 722 4449 tatem
779 4395 1115 4459 increatum,
1198 4392 1271 4448 ob
1311 4409 1535 4450 carnem
1616 4405 1809 4450 contra
1854 4406 2124 4463 creatum,
2166 4404 2222 4452 et
2277 4411 2376 4466 per
2402 4395 2545 4451 hanc
2584 4396 2697 4465 pati
2734 4411 2893 4465 posse
2933 4413 3065 4453 vere
3100 4398 3338 4456 dicatur.
3378 4402 3446 4456 Et
3467 4402 3836 4471 quemadmo-

553 4485 685 4540 dum
724 4500 852 4540 cum
884 4485 955 4539 ab
986 4486 1238 4554 apostolo
1306 4487 1479 4541 Paulo
1522 4486 1808 4542 Christum
1884 4487 2057 4549 fuisse
2093 4504 2317 4559 passum
2367 4489 2647 4553 audimus,
2702 4489 2809 4543 hoc
2838 4489 2908 4543 de
2971 4498 3086 4545 toto
3116 4490 3362 4558 Christo,
3416 4508 3531 4548 non
3564 4494 3631 4549 de
3661 4504 3835 4565 parte

553 4577 765 4632 dictum
808 4577 1134 4648 accipimus,
1190 4593 1374 4649 neque
1431 4586 1726 4648 propterea
1786 4578 2137 4634 divinitatem
2178 4594 2395 4651 passam
2439 4577 2612 4633 fuisse
2696 4578 3008 4645 credimus;
3062 4580 3137 4634 ita
3187 4596 3313 4636 cum
3363 4595 3606 4647 ert-atus,
3655 4600 3834 4654 atque

552 4682 745 4723 servus
774 4668 919 4723 idem
951 4668 1308 4738 praedicatur,
1379 4670 1485 4725 hoc
1514 4670 1583 4726 de
1612 4679 1749 4736 toto,
1800 4687 1910 4727 non
1953 4672 2021 4727 de
2056 4672 2171 4727 sola
2209 4680 2367 4742 parte
2418 4669 2644 4733 dicitur,
2692 4685 2871 4740 neque
2916 4681 3212 4741 propterea
3262 4674 3607 4731 divinitatem
3668 4694 3835 4735 orca.
3908 4687 3912 4690 ‘

552 4771 658 4816 tam
708 4771 873 4832 atque
914 4777 1131 4816 servam
1156 4762 1342 4818 dicere
1374 4763 1619 4820 videtur.
1654 4785 1672 4817 ι

620 4854 778 4920 Quod
799 4853 1107 4910 auctoritas
1139 4854 1256 4909 haec
1275 4871 1563 4927 perperam
1591 4856 1738 4912 Julio
1775 4857 1888 4927 (εἳ)
1946 4856 2123 4912 ascri-

2304 4854 2521 4923 Ταύτην
2542 4855 2644 4926 τὴν
2666 4854 2862 4924 χρῆσιν
2885 4856 2938 4908 εἰ
2954 4872 3019 4922 γε
3041 4858 3419 4927 προσεχόντως
3441 4861 3835 4919 ἑπισκέπτοιεν

550 4948 733 5008 batur,
772 4946 1031 5017 quodque
1064 4956 1357 5017 propterea
1382 4949 1535 5003 nulla
1568 4949 1620 5003 vi
1652 4950 1876 5021 polleat,
1908 4950 1961 5005 id
1988 4965 2123 5005 con-

2252 4949 2268 5001 ἰ
2302 4948 2745 5018 ἐντυγχάνοντες,
2779 4946 2905 5000 οὔτε
2934 4948 3188 5020 διαϐολῆς
3227 4951 3455 5022 οἰόμεθα
3483 4953 3712 5026 χρῄζειν
3739 4959 3830 5023 είς

548 5037 814 5093 sideranti
861 5036 1071 5106 liquido
1104 5037 1345 5106 patebit;
1378 5053 1483 5093 nec
1509 5039 1577 5093 ad
1610 5054 1730 5093 eam
1765 5039 2121 5094 evertendam

2247 5042 2689 5112 ιευδεπίγραφον,
2729 5040 2854 5094 οὔτε
2900 5042 3214 5114 ἀνατροπῆς
3266 5046 3342 5108 εἰς
3393 5046 3453 5098 τὸ
3492 5047 3829 5119 ἀνίσχυρον.

546 5129 801 5185 futilibus
828 5130 1395 5185 commentationibus
1433 5147 1575 5201 opus
1604 5147 1727 5187 esse
1761 5132 2121 5187 arbitramur.

2252 5135 2348 5185 Οτι
2387 5131 2484 5198 μὲν
2507 5131 2616 5201 γὰρ
2651 5131 2961 5203 πρόσφατον
2989 5133 3021 5201 ἡ
3059 5132 3262 5201 ταύτης
3288 5135 3579 5204 σκαιωρία,
3617 5138 3831 5193 συνίδοι

545 5222 702 5290 Quod
755 5222 902 5276 enim
945 5236 1143 5276 recens
1193 5223 1308 5277 haec
1356 5223 1449 5287 sit,
1495 5225 1947 5279 adversariorum
2002 5239 2121 5278 ma-

2247 5240 2305 5286 τις
2337 5223 2531 5293 ῥᾷστα,
2582 5221 2659 5292 τῷ
2699 5222 2832 5293 μηδὲ
2871 5222 3151 5294 Διοσκόρῳ
3205 5224 3340 5294 μηδὲ
3400 5226 3624 5299 Σεόήρῳ
3686 5231 3832 5300 μηδὲ

544 5315 666 5369 litia
740 5313 1085 5384 excogitata,
1122 5314 1305 5384 quivis
1350 5330 1418 5369 ex
1475 5331 1543 5370 eo
1593 5315 1754 5372 facile
1806 5317 2124 5387 perspicere

2247 5317 2336 5379 τοῖς
2366 5314 2751 5386 παλαιοτέροις
2777 5314 2942 5385 τῆσδε
2972 5314 3074 5385 τῆς
3131 5316 3383 5381 ἁσεὸείας
3434 5319 3835 5391 αίρεσιάρχαις

615 5445 727 5518 (‘20)
750 5444 919 5518 illanc
947 5448 1198 5502 eamdem
1223 5448 1512 5513 epistolam
1538 5451 1741 5508 refellit
1767 5452 2033 5509 Leontius
2069 5460 2125 5507 et

544 5514 691 5571 libro
710 5514 717 5518 ⁷
738 5517 814 5571 De
857 5519 1033 5582 sectis,
1050 5528 1180 5573 sect.
1235 5519 1287 5575 8.

615 5586 727 5671 (2|)
769 5587 1041 5671 lntegra'm
1073 5589 1532 5671 llaucepistoiam
1564 5592 1739 5671 legas,
1768 5603 1806 5647 t.
1835 5594 1875 5657 Ι,
1913 5611 1969 5665 p.
2005 5594 2128 5649 148.

545 5654 927 5779 Sutglcment}
1080 5654 1351 5715 Dominici
1406 5662 1601 5717 Mansi.

613 5732 627 5779 ί
707 5729 725 5779 l
762 5726 886 5779 Hanc
911 5729 1307 5779 leviterattiait
1330 5730 1601 5779 Leontius

762 5726 886 5784 Haec
911 5728 1108 5784 leviter
1124 5729 1307 5801 attigit
1330 5730 1601 5787 Leontius
1621 5742 1676 5787 et
1696 5734 1840 5789 libro
1862 5735 1938 5790 De
1958 5737 2133 5803 sectis,

544 5811 677 5853 seet.
710 5811 761 5853 δ.

2301 5450 2411 5523 ι25)
2454 5450 2611 5523 Edita
2656 5449 2759 5503 fuit
2808 5450 2925 5506 haec
2970 5451 3205 5523 epistola
3242 5467 3272 5506 a
3313 5450 3377 5508 L.
3421 5454 3726 5511 “oratorio
3768 5460 3834 5516 in

2229 5522 2507 5594 Anecdotis
2567 5520 2786 5594 Circaeis,
2821 5523 2916 5594 qui
2953 5520 3023 5577 et'
3046 5524 3240 5577 eadem
3283 5523 3431 5594 Julio
3461 5540 3634 5594 papa},
3679 5527 3833 5585 duce

2235 5592 2541 5669 praesertim
2590 5591 2828 5669 Leontio
2881 5592 2954 5645 De
2993 5602 3263 5669 sect.sect.
3316 5592 3370 5669 8_,
3401 5591 3635 5669 prorsus
3658 5597 3831 5669 abju-

2236 5661 2538 5740 dicavit__i_n
2571 5661 2832 5740 perdocta
2884 5676 3050 5740 quam
3092 5663 3375 5740 subtexuit
3398 5661 3821 5740 disquisitione,

2240 5743 2295 5786 et
2331 5732 2667 5802 Apollinaris
2730 5733 2978 5788 haeretici
3027 5748 3152 5789 esse
3202 5736 3459 5805 pervicit.
