4094 6334
230 402 366 467 1352‘)

1418 404 1717 464 CONTRA
1755 400 2355 464 MONOPHYSITAS.

3394 396 3523 461 1870

227 509 591 581 παράγεσθαι
617 528 630 540 ·
672 509 832 578 δῆλον
861 508 970 577 γὰρ
1011 509 1093 561 ὅτι
1144 509 1171 579 ἢ
1221 508 1306 561 διὰ
1344 508 1440 575 τὴν
1469 510 1723 580 διαϐολὴν
1753 510 1845 563 τοῦ

1964 516 2150 580 potest,
2189 506 2336 577 quod
2365 520 2483 559 eam
2516 520 2697 575 neque
2728 504 3041 570 Dioscorus,
3070 522 3244 576 neque
3273 506 3532 571 Severus,

236 602 510 666 εἰπόντος,
566 602 604 672 ἢ
671 600 771 671 τὴν
821 600 1126 671 ὑπερϐολὴν
1171 600 1264 653 τοῦ
1323 601 1697 672 ἀσεϐήματος,
1753 602 1846 654 καὶ

240 695 473 758 ἐκείνοις
502 698 623 758 τοῖς
658 693 783 746 λίαν
822 692 1245 764 προσκειμένοις
1288 693 1366 763 τῷ
1416 694 1669 765 δόγματι,
1702 711 1844 763 παρ-

247 786 407 856 ώφθη
437 786 625 839 πάντα
656 784 726 838 τὰ
770 784 989 837 Ἰουλίου
1024 784 1139 837 -καὶ
1190 784 1300 836 τῶν
1332 785 1539 837 λοιπῶν
1584 786 1845 857 Πατέρων

252 879 520 949 μυριάκις
553 875 865 939 σπουδαίως
916 876 1467 947 περιεργασαμένων,
1501 868 1587 930 ἵνα
1617 894 1671 929 τι
1712 875 1847 948 πρὸς

250 969 590 1039 συνηγορίαν
639 967 738 1021 τοῦ
794 967 1000 1021 οἰκείου
1048 969 1403 1039 φρονήματος
1457 964 1844 1031 ἀναλέξωνταε·

252 1062 470 1125 Ἀλλως
494 1078 557 1113 τε
585 1059 663 1130 τῷ
705 1078 768 1129 γε
801 1060 975 1130 ψιλῶς
1020 1076 1137 1124 πῶς
1179 1064 1293 1124 τοῖς
1344 1060 1717 1131 ’Λπολιναρίου
1760 1062 1847 1113 ἐν-

250 1153 585 1221 τυγχάνοντι
616 1150 1072 1220 προγενεστέροις
1115 1150 1516 1221 συγγράμμασι
1560 1149 1693 1219 περὶ
1740 1149 1850 1216 τῆς

249 1243 628 1311 οἰκονομίας,
675 1241 784 1293 οὔδ’
826 1240 1157 1311 ἀμφιϐολίας
1209 1239 1348 1295 εἶναι
1400 1241 1550 1306 ἄξιον
1596 1242 1737 1306 δόξει
1787 1242 1849 1295 τὸ

249 1335 483 1405 γνήσιον
512 1332 662 1402 αύτῴ
693 1332 857 1400 τῆσδε
907 1333 1009 1397 τῆς
1040 1335 1291 1403 χρήσεως
1311 1350 1329 1364 ο
1378 1333 1491 1386 ἄνω
1531 1351 1589 1386 τε
1615 1335 1725 1404 γάρ
1753 1334 1848 1387 καὶ

252 1426 403 1479 κατὰ
434 1427 504 1479 τά
532 1425 629 1479 δύο
656 1426 797 1496 μέρη
826 1426 923 1495 τῆς
952 1424 1164 1493 φύσεως
1194 1424 1455 1496 Χριστοῦ,
1496 1424 1656 1495 σῶμα
1689 1426 1848 1495 μόνον

254 1521 357 1572 καὶ
392 1518 628 1588 Εεότητά
664 1535 817 1587 φησι,
846 1518 1027 1588 σάρκα
1073 1518 1170 1588 τὴν
1207 1517 1283 1581 ὡς
1327 1517 1508 1587 σῶμα,
1543 1519 1602 1570 οὑ
1633 1520 1741 1588 μὴν
1769 1519 1847 1580 ὼς

253 1611 357 1665 ἀνθ
369 1612 664 1681 ρωπότητα
683 1609 1107 1680 λαμϐανομένην
1124 1612 1217 1662 καὶ
1232 1610 1408 1672 Λόγον
1428 1628 1444 1641 ·
1474 1608 1847 1680 ἀνθρωποειδῆ

253 1702 311 1754 δὲ
354 1699 454 1768 τὴν
507 1698 749 1770 Χριστοῦ
798 1699 995 1751 ἕνωσιν
1044 1698 1235 1751 καλεῖ·
1271 1700 1409 1771 ὅπερ
1458 1694 1527 1770 ἦν
1559 1700 1847 1753 ίδιαίτατον

251 1791 471 1844 ἐκείνου
512 1790 692 1861 δόγμα
730 1790 1002 1858 λέγοντος,
1040 1789 1210 1843 πάλαι
1248 1790 1345 1861 μὲν
1378 1790 1500 1844 ἀντὶ
1530 1790 1709 1861 ψυχῆς
1737 1790 1844 1844 σώ-

1948 615 2053 654 nee
2104 599 2194 653 alii
2252 605 2471 653 veteres
2519 597 2684 668 hujus
2743 597 3043 668 impietatis
3093 599 3339 670 magistri
3403 618 3518 671 pro-

1949 691 2233 747 duxerim.
2284 690 2644 761 Perspicuum
2688 690 2838 745 enim
2875 700 2962 747 est
3008 701 3066 747 et
3111 692 3212 746 hos
3255 692 3403 762 ipsos
3439 695 3531 763 qui

1949 783 2083 838 huic
2108 783 2348 855 dogmati
2382 784 2626 853 impense
2661 783 2868 849 favent,
2900 785 2984 839 vel
3016 795 3204 854 aperta
3236 786 3533 849 calumnia.

1950 877 2035 930 vel
2088 876 2258 930 nimia
2290 876 2570 945 impietate
2607 876 2926 941 deterritos,
2962 876 3065 933 hac
3089 878 3142 931 in
3173 894 3230 932 re
3259 880 3537 948 praeterire

1953 970 2207 1025 consulto
2258 969 2393 1025 Julii
2438 970 2789 1040 aliorumque
2824 970 3048 1025 Patrum
3100 984 3265 1039 opera
3327 973 3528 1025 omnia.

1950 1076 2078 1115 cum
2111 1060 2452 1130 cmteroquin
2487 1060 2541 1114 in
2601 1076 2669 1115 eo
2715 1060 2801 1115 vel
2849 1061 3085 1115 maxime
3130 1061 3382 1115 laborare
3410 1079 3534 1117 con-

1954 1154 2261 1217 sueverint,
2293 1160 2354 1205 ut
2375 1168 2442 1206 ex
2473 1168 2663 1207 eorum
2690 1152 2911 1222 scriptis
2938 1154 3299 1208 auctoritates
3323 1154 3539 1225 aliquas

1950 1245 2017 1298 ad
2043 1259 2155 1299 suae
2171 1243 2459 1299 sententiae
2477 1244 2862 1314 probationem
2905 1245 3319 1314 depromerent.
3350 1245 3535 1312 Quan-

1950 1352 2116 1405 quam
2150 1336 2241 1405 qui
2288 1336 2622 1405 Apollinaris
2650 1344 2866 1390 vetusta
2903 1335 2979 1390 De
3026 1336 3223 1391 Christi
3257 1337 3536 1408 dispensa-

1952 1430 2093 1481 tione
2112 1426 2318 1497 scripta
2340 1427 2535 1497 primis
2555 1427 2726 1481 labris
2743 1426 2944 1497 attigit,
2971 1443 3038 1482 ne
3060 1427 3287 1497 dignum
3314 1428 3541 1498 quidem

1950 1520 2189 1590 putabit,
2231 1518 2377 1589 quod
2414 1519 2472 1573 in
2526 1518 2755 1572 dubium
2794 1517 2847 1571 id
2886 1527 3212 1585 revocetur;
3262 1522 3405 1574 sitne
3451 1535 3515 1589 ge

1950 1612 2204 1675 nuinum,
2252 1626 2459 1673 annon,
2512 1609 2619 1663 hoc
2660 1608 2792 1664 Julii
2849 1609 3254 1664 testimonium.
3332 1611 3543 1665 Passim

1946 1701 2099 1755 cnim
2135 1715 2261 1754 cum
2295 1700 2436 1753 duas
2479 1696 2687 1752 Christi
2720 1704 2933 1751 naturae
2960 1708 3166 1767 partes,
3196 1712 3400 1767 corpus
3434 1700 3545 1753 sei-

1950 1793 2081 1847 licet
2138 1793 2341 1854 solum,
2387 1801 2550 1860 atque
2586 1789 2932 1843 divinitatem
2975 1799 3400 1854 commemorat;
3430 1801 3543 1846 tum

256 1899 397 1953 ματι
428 1882 761 1954 ἀνθρωπείῳ
795 1881 1115 1952 ἐγγενέσθαι
1157 1880 1257 1952 τὴν
1305 1881 1534 1951 θεότητα
1582 1882 1677 1935 καὶ
1725 1882 1851 1951 μίαν

1964 1885 2196 1939 Verbum
2240 1884 2537 1937 humanam
2571 1881 2839 1936 duntaxat
2866 1897 3114 1949 carnem,
3149 1899 3355 1953 corpus
3389 1885 3538 1939 scili-

254 1976 427 2045 φύσιν
459 1976 764 2047 ἀπαρτίσαι
791 1976 999 2047 ἄψυχον
1024 1975 1178 2031 Θείαν
1205 1976 1297 2029 τὸν
1329 1975 1590 2045 Χριστὸν,
1624 1974 1851 2047 ὕστερον

248 2068 308 2121 δὲ
346 2069 661 2137 ύφήσαντος
703 2067 888 2132 ποσῶς
933 2070 1000 2139 τῇ
1057 2068 1281 2138 ἀσεϐείᾳ
1313 2068 1434 2119 ἀντὶ
1483 2066 1575 2119 νοῦ
1620 2065 1855 2137 ψυχικοῦ

254 2161 469 2211 ἐνεῖναι
499 2160 600 2231 τὴν
631 2158 863 2229 θεότητα
905 2161 962 2213 ἐν
1005 2159 1227 2231 Χριστῷ
1261 2161 1400 2228 μετὰ
1432 2159 1527 2213 τοῦ
1558 2160 1735 2226 Λόγου
1758 2159 1858 2228 τῆς

248 2250 438 2320 ψυχῆς
473 2249 677 2319 μέρους
723 2250 1171 2320 δογματίζοντος·
1206 2251 1320 2304 ἀλλ’
1348 2250 1500 2305 οὕτω
1544 2251 1643 2322 μὲν
1678 2248 1860 2319 εὐφώ-

248 2360 428 2413 ρατος
458 2346 492 2412 ἡ
529 2346 673 2397 κατὰ
705 2329 1047 2413 τοῦπατρὸς
1079 2345 1166 2399 διὰ
1212 2346 1311 2416 τῆς
1337 2343 1650 2414 ἐπιγραφῆς
1685 2361 1848 2396 συκο-

246 2434 468 2500 φαντία
498 2451 511 2467 ο
541 2436 575 2505 ή
605 2434 660 2487 δὲ
688 2434 830 2488 κατὰ
855 2435 948 2488 τοῦ
980 2436 1186 2507 Κυρίου
1210 2435 1531 2507 βλασφημία
1564 2435 1662 2505 ὅση
1706 2438 1852 2487 ὲστ“.ν

250 2530 315 2579 ὲν
376 2527 557 2579 τοῖσδε
628 2528 743 2589 τοῖς
802 2528 1093 2597 ρησειδίοις
1161 2527 1483 2592 ἐξεταστέον
1543 2527 1729 2581 λοιπὸν
1788 2528 1853 2580 τά

252 2616 493 2668 πλεῖστα
526 2618 584 2668 ἐν
617 2616 802 2680 αὐτοῖς
831 2615 1087 2684 ἁλόγιστα
1118 2616 1240 2669 καθ’
1273 2616 1331 2668 ἐν
1367 2616 1779 2686 βασανίζοντας.

1953 1986 2061 2039 cet,
2093 1992 2200 2031 non
2225 1976 2495 2045 integram
2529 1974 2927 2029 humanitatem
2958 1974 3321 2045 assumpsisse
3349 1976 3546 2045 praedi-

1956 2076 2064 2129 cat,
2097 2075 2260 2136 atque
2284 2064 2489 2121 Christi
2516 2064 2979 2135 compositionem
3023 2065 3280 2122 humana:
3309 2068 3545 2122 similem

1958 2159 2220 2228 appellat,
2262 2157 2409 2227 quod
2462 2167 2584 2212 erat
2632 2158 2973 2227 praecipuum
3008 2158 3182 2227 ipsius
3223 2159 3548 2228 Apollinarii

1960 2251 2180 2319 dogma,
2225 2252 2319 2320 qui
2361 2249 2600 2321 primum
2669 2250 2908 2305 asseruit
2958 2249 3307 2304 divinitatem
3357 2251 3552 2306 anima:

1959 2344 2135 2397 vicem
2180 2356 2392 2413 gerere,
2422 2356 2723 2410 ~unamque
2758 2342 2930 2395 solam
2961 2342 3015 2395 in
3045 2341 3267 2398 Christo
3295 2351 3549 2398 naturam

1960 2434 2203 2488 divinam
2254 2434 2439 2487 anima
2491 2433 2814 2489 destitutam
2860 2449 3017 2496 esse;
3062 2435 3265 2490 deinde
3298 2436 3549 2489 nonnihil

1962 2526 2029 2579 de
2065 2525 2345 2594 impietate
2378 2540 2475 2579 sua
2520 2524 2930 2593 quodammodo
2961 2525 3317 2591 remittendo,
3353 2527 3553 2580 mentis

1964 2618 2217 2671 humanae
2245 2616 2511 2670 duntaxat
2532 2615 2711 2669 ollicio
2736 2615 2887 2686 fungi
2916 2616 3265 2673 divinitatem
3303 2617 3360 2671 in
3388 2616 3551 2672 Chri-

254 2706 333 2759 sti
384 2704 567 2759 anima
610 2706 821 2771 docuit,
878 2707 1181 2775 asseritquc
1228 2707 1468 2762 Verbum
1503 2722 1626 2762 esse
1676 2706 1851 2776 ipsius
1889 2709 2086 2761 animm
2127 2716 2336 2776 partem
2406 2707 2564 2773 Quod
2636 2710 2821 2776 itaque
2866 2707 3089 2764 laudata
3158 2709 3396 2776 epistola
3427 2725 3555 2779 per-

250 2813 462 2868 peram
505 2797 653 2853 Julio
701 2798 998 2864 tribuatur,
1050 2814 1117 2853 ex
1153 2798 1319 2853 dictis
1346 2797 1637 2853 manifeste
1670 2799 1843 2868 liquet
1882 2817 1895 2852 :
1938 2809 2139 2869 quanta
2168 2814 2300 2852 vero
2346 2813 2444 2862 per
2472 2814 2592 2853 eam
2642 2798 2866 2853 Christo
2907 2800 3138 2854 Domino
3204 2802 3297 2854 tiat
3328 2800 3554 2871 injuria,

268 2886 658 2943 consideranti
741 2887 984 2958 patebit,
1030 2889 1076 2943 si
1138 2888 1364 2943 voculas
1443 2887 1620 2958 ipsas,
1673 2904 1977 2959 earumque
2063 2888 2299 2943 maxima
2382 2888 2628 2942 absurda
2712 2899 2969 2945 accurate
3035 2891 3381 2961 perpendere
3458 2908 3556 2947 ve-

248 2982 456 3035 limus.

342 3089 363 3121 ι
394 3071 508 3125 Μία
554 3071 716 3141 φύσις
748 3071 885 3134 ἐστὶ,
937 3072 1092 3143 φησὶ,
1140 3072 1329 3146 ἐπειδὴ
1372 3073 1664 3145 πρόσωπον
1709 3073 1787 3128 ἓν.
1828 3093 1844 3123 ι

250 3162 415 3234 *Αρα
442 3160 536 3217 οὖν
554 3165 691 3217 ὅπου
725 3165 949 3218 πλείονα
976 3166 1267 3236 πρόσωπα,
1300 3167 1515 3229 πάντως
1545 3168 1637 3219 καὶ
1665 3165 1855 3235 φύσεις

251 3256 520 3319 πλείους·
559 3259 655 3311 καὶ
700 3256 806 3327 μὴν
838 3257 966 3330 τρία
1010 3258 1078 3310 τὰ
1114 3258 1232 3311 θεῖα
1278 3258 1569 3329 πρόσωπα,
1608 3258 1767 3327 φύσις
1801 3258 1857 3311 δὲ

258 3351 372 3418 μία
397 3368 410 3379 ·
442 3342 525 3412 οἷς
550 3349 726 3419 ἔμπα)
743 3368 789 3403 ιν
819 3350 930 3421 ἔχει
958 3351 985 3403 6
1003 3353 1102 3421 τῆς
1139 3350 1451 3421 οἰκονομίας
1476 3351 1661 3420 λόγος,
1757 3368 1859 3420 φη·

258 3460 357 3495 σιν
386 3443 414 3495 6
442 3442 694 3511 θεολόγος
718 3443 1041 3514 Γρηγόριος.
1074 3442 1195 3496 Ἔτι
1222 3445 1329 3516 μὴν
1358 3444 1481 3498 ἐπεὶ
1509 3445 1601 3497 καὶ
1640 3444 1731 3497 τοῦ
1761 3444 1865 3514 μύ-

257 3533 400 3599 δρον
427 3533 727 3597 ὑπόστασις
762 3534 880 3603 μία.
934 3535 1110 3587 εττουν
1160 3534 1474 3604 πρόσωπον,
1500 3533 1601 3603 μία
1634 3534 1728 3586 ναὶ
1774 3534 1868 3588 τοῦ

258 3628 331 3678 ὲν
360 3624 513 3695 αύτῷ
541 3624 714 3694 πυρὸς
737 3624 833 3677 καὶ
862 3625 1083 3697 σιδήρου
1117 3624 1279 3694 φύσις
1313 3625 1495 3678 ἐστίν·
1525 3624 1558 3695 ἢ
1589 3626 1744 3694 παρὰ
1767 3624 1868 3688 τὰς

266 3711 465 3770 κοινὰς
494 3711 705 3774 ἐννοίας
752 3711 1052 3782 δοξάζομεν
1098 3712 1247 3771 τάδε,
1303 3708 1440 3766 Εἶτά
1498 3730 1652 3783 φησι,
1706 3733 1723 3765 ι
1757 3714 1870 3767 Οὐκ

264 3802 399 3871 ἔχον
431 3804 511 3865 είς
542 3802 636 3856 δύο
665 3803 951 3875 διαίρεσιν,
988 3806 1113 3857 ἐπεὶ
1147 3806 1222 3874 μὴ
1261 3806 1365 3858 ἰδία
1411 3804 1572 3875 φύσις
1608 3807 1639 3875 ἡ
1679 3803 1872 3872 θεότης

268 3894 419 3947 κατὰ
457 3894 560 3961 τὴν
590 3895 889 3963 σάρκωσιν.
931 3914 951 3947 ι
992 3896 1065 3949 Τὸ
1112 3892 1227 3961 οὖν,
1260 3897 1386 3961 ίδία,
1408 3896 1567 3951 τοῦτό
1590 3913 1791 3967 φησιν’
1822 3898 1870 3948 εί

274 3984 379 4052 μὲν
412 3985 557 4037 κατὰ
580 3985 768 4052 τόπον,
814 3987 986 4051 ὅντως
1034 3988 1135 4040 οὐκ
1170 3987 1319 4041 ἔστιν
1350 3988 1459 4059 ἰδίᾳ
1503 3987 1731 4059 θάτερον
1762 3989 1871 4041 ἀπὸ

271 4076 554 4145 θατέρου·
601 4077 706 4129 οὐκ
741 4076 857 4131 ἔστι
908 4077 1015 4149 γὰρ
1058 4080 1242 4143 αὐτοῖς
1297 4080 1524 4143 τοπικὸς
1567 4079 1869 4154 διορισμὸς,

270 4168 357 4219 ὅτι
383 4167 445 4217 ἐν
469 4165 547 4235 τῷ
570 4168 899 4239 ἀνθρωπίνῳ
924 4169 1020 4222 τοῦ
1069 4167 1309 4238 Χριστοῦ
1368 4174 1616 4223 κατοικεῖ
1664 4171 1774 4222 πᾶν
1809 4168 1873 4221 τὸ

268 4258 558 4327 πλήρωμα
587 4258 689 4326 τῆς
719 4256 973 4328 θεότητος
1007 4257 1335 4327 σωματικῶς
1356 4272 1371 4287 ⁸
1405 4260 1454 4310 εί
1502 4258 1558 4311 δὲ
1586 4259 1729 4311 κατὰ
1764 4257 1870 4311 Λό-

271 4367 394 4415 γον,
425 4350 529 4401 οὐκ
561 4350 708 4401 ἐστιν
742 4350 981 4418 ἑκατέρα
1011 4348 1291 4412 ίδιάζουσα
1322 4349 1483 4417 φύσις
1521 4351 1584 4403 ἐκ
1612 4348 1869 4419 θατέρας·

269 4440 437 4493 τοῦτο
465 4441 576 4509 γὰρ
606 4441 900 4511 ἐσαφήνιζε
948 4440 1040 4493 διὰ
1082 4441 1193 4494 τῶν
1230 4440 1370 4511 μετὰ
1401 4440 1630 4511 βραχέα,
1655 4441 1829 4508 λέγων
1855 4457 1867 4469 ο

277 4552 298 4582 ι
336 4533 490 4586 Μίαν
547 4531 922 4601 ὁμολογοῦμεν
974 4533 1135 4599 φύσιν
1181 4534 1279 4600 τῆς
1323 4532 1569 4595 ἀπαθοῦς
1618 4531 1873 4595 θεότητος

273 4624 369 4675 καὶ
426 4622 529 4688 τῆς
564 4620 818 4690 παθητῆς
858 4620 1093 4689 σαρκός·
1143 4622 1238 4673 καὶ
1267 4618 1391 4672 οὔτε
1434 4620 1466 4687 ἡ
1512 4616 1750 4671 ἀπάθεια
1776 4616 1869 4668 τοῦ

2038 3090 2056 3123 ι
2094 3074 2217 3129 Una
2262 3083 2460 3127 natura
2500 3083 2605 3136 est,
2655 3072 2752 3138 ait,
2804 3073 3255 3143 quandoquidem
3311 3092 3421 3131 una
3469 3092 3558 3140 est,

1965 3178 2219 3232 persona.
2255 3182 2271 3213 ι
2307 3162 2566 3232 Nunquid
2597 3178 2727 3233 ergo
2763 3162 2858 3217 ubi
2900 3173 3030 3217 sunt
3056 3178 3314 3234 personre
3345 3166 3554 3237 plures.

1969 3254 2046 3308 ibi
2097 3269 2318 3323 quoque
2358 3260 2487 3307 sunt
2524 3261 2735 3308 natura:
2778 3252 2997 3322 plures?
3044 3254 3212 3323 Atqui
3245 3264 3357 3309 tres
3390 3255 3446 3309 in
3474 3256 3557 3310 di-

1920 3392 1939 3411 ,
1970 3346 2198 3401 vinitate
2242 3355 2373 3400 sunt
2417 3361 2687 3416 personae,
2722 3355 2919 3400 natura
2967 3354 3148 3401 tamen
3179 3361 3290 3400 una
3318 3363 3331 3400 :
3363 3356 3555 3401 contra

1973 3452 2107 3491 vero
2142 3451 2200 3491 se
2236 3451 2323 3491 res
2368 3436 2534 3490 habet
2584 3436 2637 3490 in
2687 3436 2803 3506 ipsa
2851 3434 3057 3491 Christi
3116 3436 3557 3506 dispensatione,

1976 3535 2117 3583 teste
2149 3527 2417 3597 Gregorio
2448 3527 2749 3598 Theologo.
2783 3527 3056 3583 Praeterea
3085 3543 3217 3582 cum
3249 3527 3389 3583 ferri
3422 3543 3523 3581 can
3544 3560 3559 3573 -

1974 3617 2157 3673 dentis
2206 3633 2313 3673 una
2358 3617 2431 3672 sit
2463 3618 2843 3682 subsistentia,
2874 3633 2971 3673 seu
3008 3634 3268 3688 persona;
3307 3620 3558 3689 nunquid

1972 3724 2083 3763 una
2128 3709 2183 3762 in
2214 3724 2281 3764 eo
2306 3715 2363 3763 et
2399 3708 2561 3779 ignis,
2608 3717 2664 3763 et
2712 3708 2845 3762 ferri
2874 3709 3109 3767 natura?
3134 3709 3333 3764 llzecne
3364 3718 3563 3766 contra

1974 3815 2299 3856 communes
2342 3816 2374 3856 a
2425 3808 2622 3855 natura
2653 3799 2815 3857 nobis
2846 3799 3042 3855 insitas
3077 3800 3227 3873 leges
3258 3804 3333 3856 ita
3373 3818 3431 3857 sc
3466 3803 3565 3856 ha-

1975 3894 2109 3948 bere
2153 3891 2456 3963 putamus?
2498 3890 2701 3962 Adjicit
2764 3890 2964 3946 deinde
3013 3911 3027 3945 :
3084 3911 3102 3943 ι
3136 3891 3269 3959 Quae
3324 3893 3380 3948 in
3425 3875 3565 3948 duas

1974 3986 2149 4040 dividi
2176 3984 2390 4054 nequit,
2413 3982 2860 4053 quandoquidem
2885 3982 3147 4039 divinitas
3166 3984 3313 4039 haud
3334 3986 3563 4040 seorsim

1976 4095 2007 4133 a
2047 4094 2212 4133 carne
2258 4084 2538 4146 assumpta
2575 4075 2629 4128 in
2658 4075 2883 4130 Christo
2923 4076 3196 4131 subsistit.
3232 4096 3250 4129 ι
3289 4077 3403 4133 Hoc
3444 4088 3563 4133 est:

1977 4169 2124 4239 quod
2176 4168 2375 4223 attinet
2403 4167 2473 4221 ad
2512 4167 2693 4221 locum
2721 4182 2851 4222 vere
2876 4183 3050 4221 unum
3080 4169 3315 4224 scorsim
3352 4169 3427 4223 ab
3458 4169 3567 4226 alio

1977 4261 2086 4316 ndn
2135 4260 2410 4325 subsistit,
2437 4258 2889 4328 quandoquidem
2916 4259 3038 4314 loco
3070 4276 3179 4313 non
3207 4260 3565 4331 distinguun-

1978 4362 2088 4413 tur.
2116 4365 2241 4406 cum
2290 4350 2346 4403 in
2388 4350 2627 4403 humana
2654 4348 2863 4404 Christi
2906 4364 3075 4405 carne
3108 4358 3221 4405 tota
3260 4350 3569 4406 divinitatis

1977 4442 2265 4514 plenitudo
2315 4440 2681 4509 corporaliter
2725 4440 2890 4509 degat
2927 4458 2939 4493 :
2993 4442 3141 4511 quod
3192 4456 3327 4498 vero
3356 4453 3569 4514 spectat

1975 4535 2045 4589 ad
2092 4532 2355 4591 Verbum.
2400 4531 2646 4601 profecto
2698 4530 2807 4584 diei
2861 4532 3055 4601 nequit
3111 4542 3366 4587 naturam
3404 4550 3568 4589 uuam

1976 4626 2209 4682 seorsim
2256 4623 2327 4677 ab
2375 4623 2483 4677 alia
2513 4622 2819 4678 secundum
2873 4639 2930 4679 se
2967 4623 3190 4695 degere,
3223 4626 3369 4695 quod
3404 4627 3571 4696 paulo

272 4716 478 4782 Λόγου,
514 4711 641 4764 οὕτε
674 4712 735 4763 τὸ
766 4712 935 4775 πάθος
965 4712 1062 4778 τῆς
1094 4713 1296 4781 σαρκὸς
1330 4712 1482 4775 ἴδιον,
1518 4710 1675 4781 δῆλον
1706 4710 1859 4762 πιὶαιε⁴

1979 4721 2101 4783 post
2125 4712 2197 4765 ita
2220 4713 2523 4768 declaravit
2549 4732 2563 4767 :
2605 4734 2622 4765 ι
2646 4715 2843 4780 Unam,
2878 4716 3078 4786 inquit,
3102 4716 3437 4771 conﬁtemur
3470 4733 3571 4770 na-

268 4805 351 4865 ὠς
380 4803 477 4856 καὶ
510 4802 542 4853 ὁ
571 4802 742 4867 Λόγος
795 4801 967 4871 αὐτῆς
1008 4803 1088 4865 είς
1126 4801 1256 4855 ἴδιον
1305 4802 1464 4870 λόγον
1499 4798 1689 4865 ἔπαθε,
1721 4800 1868 4869 καὶή

1980 4815 2156 4859 turam
2227 4804 2585 4874 impassibilis
2652 4806 2991 4872 divinitatis,
3061 4817 3227 4878 atque
3291 4809 3572 4877 passibilis

278 4895 420 4964 σὰρξ
447 4894 566 4963 ἰδίῳ
614 4893 757 4963 λόγῳ
780 4893 881 4945 οὐκ
909 4892 1139 4947 ἔπαθεν*
1168 4893 1504 4963 ἐζωοποίησέ
1531 4911 1592 4947 τε
1622 4894 1683 4946 οὐ
1716 4893 1859 4963 μῦνοε

1977 4898 2178 4953 carnis.
2246 4898 2401 4963 Quod
2474 4916 2641 4968 porro
2707 4915 2887 4969 neque
2952 4915 3141 4955 carere
3218 4900 3571 4970 passionibus

274 4990 305 5038 6
336 4986 513 5054 Λόγος
547 4986 648 5053 τὴν
683 4987 882 5055 σάρκα,
934 4985 1071 5038 ἀλλὰ
1123 4988 1217 5038 καὶ
1352 4987 1487 5056 σὰρξ
1544 4987 1635 5043 τὸν
1682 4986 1872 5051 Λόγον,

276 5079 460 5131 show
490 5077 525 5147 ἡ
557 5076 936 5147 άνθρωπότης,
961 5076 994 5145 ἢ
1019 5077 1094 5139 ὡς
1124 5070 1276 5138 οὗτος
1301 5076 1470 5143 λέγει,
1501 5077 1562 5127 τὸ
1589 5075 1747 5144 σῶμα
1777 5075 1876 5143 τὴν

276 5172 535 5241 θεότητα.
590 5189 609 5222 ο

1978 4987 2261 5059 proprium
2280 4991 2380 5044 Osit
2424 4989 2612 5053 Verbi,
2663 5004 2765 5044 nec
2811 4990 2880 5045 iis
2937 4990 3237 5045 obnoxium
3285 4991 3403 5045 lteri
3432 5007 3572 5061 pro—

1980 5080 2164 5150 prium
2213 5082 2286 5135 sit
2340 5081 2558 5146 carnis;
2610 5081 2665 5136 id
2719 5098 2784 5137 ex
2834 5097 2901 5137 eo
2946 5082 3159 5152 liquido
3204 5092 3374 5151 patet,
3425 5085 3570 5153 quod

1982 5170 2223 5223 Verbum
2277 5172 2333 5224 in
2387 5171 2610 5241 propria
2640 5186 2875 5242 persona
2926 5186 3168 5242 passum,
3202 5189 3311 5226 non
3342 5174 3471 5225 item
3514 5174 3567 5227 in

276 5262 506 5332 propria
560 5277 796 5332 persona
847 5277 1006 5330 passa
1060 5276 1192 5317 caro
1225 5277 1353 5316 vere
1398 5260 1636 5315 dicatur.
1673 5260 1740 5314 Et
1770 5276 1878 5315 non
1923 5262 2086 5317 modo
2129 5262 2370 5317 Verbum
2423 5279 2667 5330 carnem,
2736 5265 2833 5321 sed
2866 5267 3032 5319 etiam
3070 5280 3200 5321 caro
3269 5264 3569 5319 viviﬁca'.'.t_

279 5356 551 5419 Verbum,
580 5355 793 5412 scilicet
820 5354 1136 5412 humanitas
1157 5357 1285 5428 (vel,
1316 5368 1377 5413 ut
1406 5357 1497 5413 hic
1520 5357 1641 5421 ait),
1670 5372 1873 5426 corpus
1916 5358 2212 5413 viviticavit
2258 5357 2628 5413 divinitatem.
2657 5380 2674 5412 ι

344 5446 452 5505 Ὧν
484 5449 570 5513 τίς
602 5448 960 5522 βλασφημίας
1014 5450 1317 5523 ὑπέρτερος
1363 5450 1554 5519 λόγο;;
1599 5449 1759 5502 Ἀλλὰ
1784 5450 1875 5502 τὸν

277 5544 425 5618 περὶ,
465 5544 568 5607 τὰς
619 5543 842 5608 ἀσεϐεῖς
888 5542 1133 5608 διανοίας
1190 5542 1559 5613 συμϐαίνοντα
1609 5541 1772 5594 σάλον
1819 5541 1878 5606 ἐξ

280 5638 574 5707 ἁδρανείας
599 5637 694 5691 τοῦ
722 5636 981 5707 ψεύδους,
1006 5636 1102 5689 καὶ
1127 5635 1214 5689 διὰ
1235 5636 1345 5688 τῶν
1381 5633 1509 5704 ἑξῆς
1538 5634 1865 5703 σκοπητέον.

2054 5450 2269 5516 Quibus
2311 5452 2445 5521 quid
2495 5452 2793 5523 absurdius
2826 5454 2933 5509 dlCl
2972 5464 3188 5525 potest.
3237 5454 3372 5525 quid
3397 5470 3425 5511 a
3452 5455 3569 5525 pie-

1982 5542 2113 5596 tatis
2172 5541 2387 5599 ratione
2433 5543 2703 5599 alienius?
2769 5544 2873 5601 Sed
2924 5546 3339 5601 consideremus
3388 5556 3447 5600 et
3503 5562 3572 5600 ex

1979 5636 2341 5705 sequentibus
2396 5636 2686 5706 impiarum
2718 5637 3118 5707 cogitationum
3150 5648 3343 5693 aestum
3371 5653 3437 5693 ac
3463 5636 3568 5691 llu-

285 5747 304 5773 ι
332 5726 469 5782 Οὔτε
495 5729 600 5798 γὰρ
632 5728 690 5783 τὸ
731 5728 895 5798 σῶμα
937 5726 1060 5780 καθ’
1104 5725 1266 5780 ἑαυτὸ
1307 5724 1493 5795 φύσις,
1530 5723 1685 5793 φησὶ,
1742 5722 1859 5793 μηδέ

1979 5735 2151 5791 ctum,
2199 5727 2293 5797 qui
2332 5728 2571 5783 instabili
2604 5730 2896 5785 mendacio
2927 5731 3250 5786 suscitatur.
3294 5747 3311 5780 ι
3343 5727 3559 5796 Corpus

281 5824 537 5885 ζωοποιόν
568 5824 688 5880 καθ’
717 5822 908 5889 ἑαυτὸ,
937 5819 1072 5891 μηδὲ
1112 5818 1495 5893 διατέμνεσθαι
1518 5817 1869 5887 δυνάμενον.)

1984 5818 2157 5883 enim,
2189 5817 2289 5886 ait,
2326 5834 2428 5875 nec
2470 5818 2647 5889 ipsum
2687 5836 2786 5889 per
2815 5835 2871 5875 se
2905 5822 3211 5878 subsistens
3243 5828 3436 5873 natura
3466 5829 3554 5873 eat
