  <div class='ocr_page' id='page_1' title='image "/cluster/home/n/w/nwhite01/storage/ocr_20150623/86 pars.2/pst.000005712885/071.png"; bbox 0 0 4094 6334; ppageno 0'>
   <div class='ocr_carea' id='block_1_1' title="bbox 548 377 2128 449">
    <p class='ocr_par' dir='ltr' id='par_1_1' title="bbox 548 377 2121 443">
     <span class='ocr_line' id='line_1_1' title="bbox 548 377 2121 443; baseline 0.001 -3"><span class='ocrx_word' id='word_1_1' title='bbox 548 377 682 442; x_wconf 83' lang='lat'><strong>1867</strong></span> <span class='ocrx_word' id='word_1_2' title='bbox 1810 382 2121 443; x_wconf 81' lang='lat' dir='ltr'><strong>LEONTII</strong></span> 
     </span>
    </p>
   </div>
   <div class='ocr_carea' id='block_1_2' title="bbox 2232 377 3817 449">
    <p class='ocr_par' dir='ltr' id='par_1_2' title="bbox 2232 383 3817 449">
     <span class='ocr_line' id='line_1_2' title="bbox 2232 383 3817 449; baseline 0.004 -6"><span class='ocrx_word' id='word_1_3' title='bbox 2232 383 2568 444; x_wconf 65' lang='lat' dir='ltr'><strong>{ZANTINI</strong></span> <span class='ocrx_word' id='word_1_4' title='bbox 3673 385 3817 449; x_wconf 82' lang='grc'><strong>1868</strong></span> 
     </span>
    </p>
   </div>
   <div class='ocr_carea' id='block_1_3' title="bbox 550 486 2128 563">
    <p class='ocr_par' dir='ltr' id='par_1_3' title="bbox 550 486 2128 563">
     <span class='ocr_line' id='line_1_3' title="bbox 550 486 2128 563; baseline 0.001 -21"><span class='ocrx_word' id='word_1_5' title='bbox 550 489 802 560; x_wconf 77' lang='lat' dir='ltr'><strong><em>Ejusdem</em></strong></span> <span class='ocrx_word' id='word_1_6' title='bbox 843 486 974 542; x_wconf 80' lang='lat' dir='ltr'><strong>Julii</strong></span> <span class='ocrx_word' id='word_1_7' title='bbox 1006 489 1231 563; x_wconf 60' lang='lat' dir='ltr'><strong>episcopi</strong></span> <span class='ocrx_word' id='word_1_8' title='bbox 1278 486 1617 563; x_wconf 51' lang='lat' dir='ltr'><strong>Romani,”</strong></span> <span class='ocrx_word' id='word_1_9' title='bbox 1653 489 1875 551; x_wconf 68' lang='lat' dir='ltr'><strong>epistola</strong></span> <span class='ocrx_word' id='word_1_10' title='bbox 1919 490 2031 561; x_wconf 68' lang='grc' dir='ltr'><strong>(ΞΟ)</strong></span> <span class='ocrx_word' id='word_1_11' title='bbox 2071 510 2128 546; x_wconf 83' lang='lat' dir='ltr'><strong>aa</strong></span> 
     </span>
    </p>
   </div>
   <div class='ocr_carea' id='block_1_4' title="bbox 2232 486 3821 563">
    <p class='ocr_par' dir='ltr' id='par_1_4' title="bbox 2248 490 3821 563">
     <span class='ocr_line' id='line_1_4' title="bbox 2248 490 3821 563; baseline 0.002 -18"><span class='ocrx_word' id='word_1_12' title='bbox 2248 490 2361 546; x_wconf 79' lang='grc' dir='ltr'><strong>Τοῦ</strong></span> <span class='ocrx_word' id='word_1_13' title='bbox 2404 493 2592 547; x_wconf 76' lang='grc' dir='ltr'>αὑτοῦ</span> <span class='ocrx_word' id='word_1_14' title='bbox 2642 494 2889 547; x_wconf 74' lang='grc' dir='ltr'>Ἰουλίου</span> <span class='ocrx_word' id='word_1_15' title='bbox 2946 492 3284 546; x_wconf 75' lang='grc' dir='ltr'><strong>ἐπισκόπου</strong></span> <span class='ocrx_word' id='word_1_16' title='bbox 3320 491 3559 563; x_wconf 21' lang='grc' dir='ltr'>γῬώμης</span> <span class='ocrx_word' id='word_1_17' title='bbox 3601 494 3667 548; x_wconf 82' lang='grc' dir='ltr'>ἐκ</span> <span class='ocrx_word' id='word_1_18' title='bbox 3704 495 3821 563; x_wconf 81' lang='grc' dir='ltr'><strong>τῆς</strong></span> 
     </span>
    </p>
   </div>
   <div class='ocr_carea' id='block_1_5' title="bbox 1099 558 2128 632">
    <p class='ocr_par' dir='ltr' id='par_1_5' title="bbox 1099 558 2023 629">
     <span class='ocr_line' id='line_1_5' title="bbox 1099 558 2023 629; baseline -0.002 -18"><span class='ocrx_word' id='word_1_19' title='bbox 1099 558 1409 627; x_wconf 81' lang='lat' dir='ltr'><strong>Dionysium</strong></span> <span class='ocrx_word' id='word_1_20' title='bbox 1463 560 1600 629; x_wconf 71' lang='lat'><strong>(2|).</strong></span> <span class='ocrx_word' id='word_1_21' title='bbox 1932 558 1938 561; x_wconf 79' lang='grc'><em>’</em></span> <span class='ocrx_word' id='word_1_22' title='bbox 2015 558 2023 561; x_wconf 72' lang='grc'>⁷</span> 
     </span>
    </p>
   </div>
   <div class='ocr_carea' id='block_1_6' title="bbox 2232 558 3549 632">
    <p class='ocr_par' dir='ltr' id='par_1_6' title="bbox 2508 558 3549 632">
     <span class='ocr_line' id='line_1_6' title="bbox 2508 558 3549 632; baseline 0 -17"><span class='ocrx_word' id='word_1_23' title='bbox 2508 562 2657 630; x_wconf 74' lang='grc' dir='ltr'>πρὸς</span> <span class='ocrx_word' id='word_1_24' title='bbox 2692 564 3011 617; x_wconf 76' lang='grc' dir='ltr'>Διονύσιον</span> <span class='ocrx_word' id='word_1_25' title='bbox 3046 562 3379 629; x_wconf 68' lang='grc' dir='ltr'>ἐπιστολῆς</span> <span class='ocrx_word' id='word_1_26' title='bbox 3414 558 3549 632; x_wconf 64' lang='lat'><strong>(25).</strong></span> 
     </span>
    </p>
   </div>
   <div class='ocr_carea' id='block_1_7' title="bbox 622 649 2128 723">
    <p class='ocr_par' dir='ltr' id='par_1_7' title="bbox 622 649 2128 722">
     <span class='ocr_line' id='line_1_7' title="bbox 622 649 2128 722; baseline 0.009 -24"><span class='ocrx_word' id='word_1_27' title='bbox 622 671 639 698; x_wconf 80' lang='grc' dir='ltr'>ι</span> <span class='ocrx_word' id='word_1_28' title='bbox 673 649 792 706; x_wconf 84' lang='lat' dir='ltr'><strong>Una</strong></span> <span class='ocrx_word' id='word_1_29' title='bbox 840 660 925 705; x_wconf 86' lang='lat' dir='ltr'><strong>est</strong></span> <span class='ocrx_word' id='word_1_30' title='bbox 970 651 1023 703; x_wconf 90' lang='lat' dir='ltr'><strong>in</strong></span> <span class='ocrx_word' id='word_1_31' title='bbox 1064 649 1288 705; x_wconf 89' lang='lat' dir='ltr'><strong>Christo</strong></span> <span class='ocrx_word' id='word_1_32' title='bbox 1342 660 1560 714; x_wconf 85' lang='lat' dir='ltr'><strong>natura,</strong></span> <span class='ocrx_word' id='word_1_33' title='bbox 1604 653 1733 722; x_wconf 86' lang='lat' dir='ltr'><strong>quia</strong></span> <span class='ocrx_word' id='word_1_34' title='bbox 1789 670 1896 708; x_wconf 84' lang='lat' dir='ltr'><strong>una</strong></span> <span class='ocrx_word' id='word_1_35' title='bbox 1944 664 2026 709; x_wconf 82' lang='lat' dir='ltr'><strong>est</strong></span> <span class='ocrx_word' id='word_1_36' title='bbox 2079 666 2128 711; x_wconf 87' lang='lat' dir='ltr'><strong>et</strong></span> 
     </span>
    </p>
   </div>
   <div class='ocr_carea' id='block_1_8' title="bbox 2232 649 3819 723">
    <p class='ocr_par' dir='ltr' id='par_1_8' title="bbox 2319 652 3819 723">
     <span class='ocr_line' id='line_1_8' title="bbox 2319 652 3819 723; baseline 0.001 -19"><span class='ocrx_word' id='word_1_37' title='bbox 2319 671 2338 704; x_wconf 82' lang='grc' dir='ltr'>ι</span> <span class='ocrx_word' id='word_1_38' title='bbox 2404 653 2518 707; x_wconf 86' lang='grc' dir='ltr'>Μία</span> <span class='ocrx_word' id='word_1_39' title='bbox 2562 654 2724 720; x_wconf 83' lang='grc' dir='ltr'><strong>φύσις</strong></span> <span class='ocrx_word' id='word_1_40' title='bbox 2781 653 2954 719; x_wconf 75' lang='grc' dir='ltr'>ἐστὶν,</span> <span class='ocrx_word' id='word_1_41' title='bbox 3008 652 3196 722; x_wconf 74' lang='grc' dir='ltr'>ἐπειδὴ</span> <span class='ocrx_word' id='word_1_42' title='bbox 3249 654 3541 723; x_wconf 74' lang='grc' dir='ltr'>πρόσιιιπον</span> <span class='ocrx_word' id='word_1_43' title='bbox 3584 652 3663 718; x_wconf 73' lang='grc' dir='ltr'><strong>ἓν,</strong></span> <span class='ocrx_word' id='word_1_44' title='bbox 3713 654 3819 706; x_wconf 79' lang='grc' dir='ltr'><strong>οὐκ</strong></span> 
     </span>
    </p>
   </div>
   <div class='ocr_carea' id='block_1_9' title="bbox 545 742 2133 813">
    <p class='ocr_par' dir='ltr' id='par_1_9' title="bbox 545 742 2133 813">
     <span class='ocr_line' id='line_1_9' title="bbox 545 742 2133 813; baseline 0.002 -17"><span class='ocrx_word' id='word_1_45' title='bbox 545 757 798 811; x_wconf 75' lang='lat' dir='ltr'><strong>persona,</strong></span> <span class='ocrx_word' id='word_1_46' title='bbox 832 757 954 812; x_wconf 75' lang='lat' dir='ltr'><strong>qua:</strong></span> <span class='ocrx_word' id='word_1_47' title='bbox 991 742 1237 813; x_wconf 82' lang='lat' dir='ltr'><strong>profecto</strong></span> <span class='ocrx_word' id='word_1_48' title='bbox 1277 742 1332 795; x_wconf 90' lang='lat' dir='ltr'><strong>in</strong></span> <span class='ocrx_word' id='word_1_49' title='bbox 1359 742 1497 798; x_wconf 85' lang='lat' dir='ltr'><strong>duas</strong></span> <span class='ocrx_word' id='word_1_50' title='bbox 1518 758 1629 798; x_wconf 89' lang='lat' dir='ltr'><strong>non</strong></span> <span class='ocrx_word' id='word_1_51' title='bbox 1656 744 1944 799; x_wconf 77' lang='lat' dir='ltr'><strong>dividitur.</strong></span> <span class='ocrx_word' id='word_1_52' title='bbox 1978 747 2133 800; x_wconf 82' lang='lat' dir='ltr'><strong>Haud</strong></span> 
     </span>
    </p>
   </div>
   <div class='ocr_carea' id='block_1_10' title="bbox 542 835 2130 905">
    <p class='ocr_par' dir='ltr' id='par_1_10' title="bbox 542 835 2130 905">
     <span class='ocr_line' id='line_1_10' title="bbox 542 835 2130 905; baseline -0.001 -17"><span class='ocrx_word' id='word_1_53' title='bbox 542 836 691 889; x_wconf 85' lang='lat' dir='ltr'><strong>enim</strong></span> <span class='ocrx_word' id='word_1_54' title='bbox 750 850 861 890; x_wconf 89' lang='lat' dir='ltr'><strong>una</strong></span> <span class='ocrx_word' id='word_1_55' title='bbox 905 835 1155 905; x_wconf 83' lang='lat' dir='ltr'><strong>corporis</strong></span> <span class='ocrx_word' id='word_1_56' title='bbox 1204 835 1429 904; x_wconf 92' lang='lat' dir='ltr'><strong>propria</strong></span> <span class='ocrx_word' id='word_1_57' title='bbox 1471 846 1672 890; x_wconf 87' lang='lat' dir='ltr'><strong>natura</strong></span> <span class='ocrx_word' id='word_1_58' title='bbox 1723 847 1805 892; x_wconf 87' lang='lat' dir='ltr'><strong>cst</strong></span> <span class='ocrx_word' id='word_1_59' title='bbox 1837 839 1893 891; x_wconf 91' lang='lat' dir='ltr'><strong>in</strong></span> <span class='ocrx_word' id='word_1_60' title='bbox 1926 835 2130 893; x_wconf 88' lang='lat' dir='ltr'><strong>Christi</strong></span> 
     </span>
    </p>
   </div>
   <div class='ocr_carea' id='block_1_11' title="bbox 543 926 2133 999">
    <p class='ocr_par' dir='ltr' id='par_1_11' title="bbox 543 926 2133 999">
     <span class='ocr_line' id='line_1_11' title="bbox 543 926 2133 999; baseline 0.001 -18"><span class='ocrx_word' id='word_1_61' title='bbox 543 941 710 981; x_wconf 85' lang='lat' dir='ltr'><strong>carne</strong></span> <span class='ocrx_word' id='word_1_62' title='bbox 734 935 1038 996; x_wconf 85' lang='lat' dir='ltr'><strong>assumpta,</strong></span> <span class='ocrx_word' id='word_1_63' title='bbox 1068 926 1173 981; x_wconf 86' lang='lat' dir='ltr'><strong>alia</strong></span> <span class='ocrx_word' id='word_1_64' title='bbox 1198 926 1425 996; x_wconf 88' lang='lat' dir='ltr'><strong>propria</strong></span> <span class='ocrx_word' id='word_1_65' title='bbox 1456 927 1769 984; x_wconf 86' lang='lat' dir='ltr'><strong>divinitatis</strong></span> <span class='ocrx_word' id='word_1_66' title='bbox 1789 973 1802 993; x_wconf 90' lang='lat'><strong>,</strong></span> <span class='ocrx_word' id='word_1_67' title='bbox 1825 929 1917 984; x_wconf 85' lang='lat' dir='ltr'><strong>sed</strong></span> <span class='ocrx_word' id='word_1_68' title='bbox 1941 946 2133 999; x_wconf 89' lang='lat' dir='ltr'><strong>quem-</strong></span> 
     </span>
    </p>
   </div>
   <div class='ocr_carea' id='block_1_12' title="bbox 540 1020 2129 1085">
    <p class='ocr_par' dir='ltr' id='par_1_12' title="bbox 540 1020 2129 1085">
     <span class='ocr_line' id='line_1_12' title="bbox 540 1020 2129 1085; baseline -0.001 -11"><span class='ocrx_word' id='word_1_69' title='bbox 540 1020 836 1074; x_wconf 83' lang='lat' dir='ltr'><strong>admodum</strong></span> <span class='ocrx_word' id='word_1_70' title='bbox 869 1020 1035 1074; x_wconf 77' lang='lat' dir='ltr'><strong>liomo</strong></span> <span class='ocrx_word' id='word_1_71' title='bbox 1060 1028 1312 1074; x_wconf 88' lang='lat' dir='ltr'><strong>naturam</strong></span> <span class='ocrx_word' id='word_1_72' title='bbox 1346 1034 1514 1074; x_wconf 89' lang='lat' dir='ltr'><strong>unam</strong></span> <span class='ocrx_word' id='word_1_73' title='bbox 1542 1020 1733 1085; x_wconf 86' lang='lat' dir='ltr'><strong>habet,</strong></span> <span class='ocrx_word' id='word_1_74' title='bbox 1767 1022 1843 1075; x_wconf 88' lang='lat' dir='ltr'><strong>ita</strong></span> <span class='ocrx_word' id='word_1_75' title='bbox 1876 1030 1932 1074; x_wconf 91' lang='lat' dir='ltr'><strong>et</strong></span> <span class='ocrx_word' id='word_1_76' title='bbox 1963 1021 2129 1076; x_wconf 89' lang='lat' dir='ltr'><strong>Chri-</strong></span> 
     </span>
    </p>
   </div>
   <div class='ocr_carea' id='block_1_13' title="bbox 541 1109 2130 1180">
    <p class='ocr_par' dir='ltr' id='par_1_13' title="bbox 541 1109 2130 1180">
     <span class='ocr_line' id='line_1_13' title="bbox 541 1109 2130 1180; baseline 0.001 -17"><span class='ocrx_word' id='word_1_77' title='bbox 541 1119 678 1175; x_wconf 81' lang='lat' dir='ltr'><strong>stus,</strong></span> <span class='ocrx_word' id='word_1_78' title='bbox 716 1110 811 1180; x_wconf 89' lang='lat' dir='ltr'><strong>qui</strong></span> <span class='ocrx_word' id='word_1_79' title='bbox 863 1110 1187 1165; x_wconf 90' lang='lat' dir='ltr'><strong>hominibus</strong></span> <span class='ocrx_word' id='word_1_80' title='bbox 1233 1109 1571 1165; x_wconf 79' lang='lat' dir='ltr'><strong>assimilatas</strong></span> <span class='ocrx_word' id='word_1_81' title='bbox 1620 1120 1724 1166; x_wconf 89' lang='lat' dir='ltr'><strong>est.</strong></span> <span class='ocrx_word' id='word_1_82' title='bbox 1774 1110 1934 1177; x_wconf 82' lang='lat' dir='ltr'><strong>Quod</strong></span> <span class='ocrx_word' id='word_1_83' title='bbox 1985 1112 2031 1166; x_wconf 89' lang='lat' dir='ltr'><strong>si</strong></span> <span class='ocrx_word' id='word_1_84' title='bbox 2092 1112 2130 1165; x_wconf 94' lang='lat' dir='ltr'><strong>ii</strong></span> 
     </span>
    </p>
   </div>
   <div class='ocr_carea' id='block_1_14' title="bbox 540 1200 2132 1273">
    <p class='ocr_par' dir='ltr' id='par_1_14' title="bbox 540 1200 2132 1273">
     <span class='ocr_line' id='line_1_14' title="bbox 540 1200 2132 1273; baseline 0 -18"><span class='ocrx_word' id='word_1_85' title='bbox 540 1217 653 1256; x_wconf 91' lang='lat' dir='ltr'><strong>non</strong></span> <span class='ocrx_word' id='word_1_86' title='bbox 706 1210 1014 1273; x_wconf 77' lang='lat' dir='ltr'><strong>agnoscunt</strong></span> <span class='ocrx_word' id='word_1_87' title='bbox 1070 1200 1212 1256; x_wconf 86' lang='lat' dir='ltr'><strong>hanc</strong></span> <span class='ocrx_word' id='word_1_88' title='bbox 1268 1208 1482 1256; x_wconf 68' lang='lat' dir='ltr'><strong>natura:</strong></span> <span class='ocrx_word' id='word_1_89' title='bbox 1533 1201 1827 1266; x_wconf 89' lang='lat' dir='ltr'><strong>unitatem,</strong></span> <span class='ocrx_word' id='word_1_90' title='bbox 1884 1217 2007 1272; x_wconf 58' lang='lat' dir='ltr'><strong>quae</strong></span> <span class='ocrx_word' id='word_1_91' title='bbox 2063 1216 2132 1255; x_wconf 79' lang='lat' dir='ltr'><strong>ex</strong></span> 
     </span>
    </p>
   </div>
   <div class='ocr_carea' id='block_1_15' title="bbox 542 1291 2130 1362">
    <p class='ocr_par' dir='ltr' id='par_1_15' title="bbox 542 1291 2130 1362">
     <span class='ocr_line' id='line_1_15' title="bbox 542 1291 2130 1362; baseline 0.001 -16"><span class='ocrx_word' id='word_1_92' title='bbox 542 1293 841 1348; x_wconf 90' lang='lat' dir='ltr'><strong>multorum</strong></span> <span class='ocrx_word' id='word_1_93' title='bbox 898 1291 1293 1362; x_wconf 82' lang='lat' dir='ltr'><strong>conjunctione</strong></span> <span class='ocrx_word' id='word_1_94' title='bbox 1336 1300 1563 1357; x_wconf 82' lang='lat' dir='ltr'><strong>manat;</strong></span> <span class='ocrx_word' id='word_1_95' title='bbox 1601 1291 1851 1361; x_wconf 92' lang='lat' dir='ltr'><strong>profecto</strong></span> <span class='ocrx_word' id='word_1_96' title='bbox 1882 1292 2130 1348; x_wconf 78' lang='lat' dir='ltr'><strong>dividere</strong></span> 
     </span>
    </p>
   </div>
   <div class='ocr_carea' id='block_1_16' title="bbox 542 1380 2126 1453">
    <p class='ocr_par' dir='ltr' id='par_1_16' title="bbox 542 1380 2126 1453">
     <span class='ocr_line' id='line_1_16' title="bbox 542 1380 2126 1453; baseline -0.001 -15"><span class='ocrx_word' id='word_1_97' title='bbox 542 1393 847 1451; x_wconf 85' lang='lat' dir='ltr'><strong>potuerunt</strong></span> <span class='ocrx_word' id='word_1_98' title='bbox 888 1396 1052 1435; x_wconf 89' lang='lat' dir='ltr'><strong>unam</strong></span> <span class='ocrx_word' id='word_1_99' title='bbox 1103 1380 1413 1450; x_wconf 79' lang='lat' dir='ltr'><strong>quamlibet</strong></span> <span class='ocrx_word' id='word_1_100' title='bbox 1442 1396 1560 1436; x_wconf 90' lang='lat' dir='ltr'><strong>rem</strong></span> <span class='ocrx_word' id='word_1_101' title='bbox 1614 1383 1670 1436; x_wconf 89' lang='lat' dir='ltr'><strong>in</strong></span> <span class='ocrx_word' id='word_1_102' title='bbox 1707 1394 1891 1452; x_wconf 88' lang='lat' dir='ltr'><strong>partes</strong></span> <span class='ocrx_word' id='word_1_103' title='bbox 1920 1384 2126 1453; x_wconf 87' lang='lat' dir='ltr'><strong>plures.</strong></span> 
     </span>
    </p>
   </div>
   <div class='ocr_carea' id='block_1_17' title="bbox 541 1475 2131 1545">
    <p class='ocr_par' dir='ltr' id='par_1_17' title="bbox 541 1475 2131 1545">
     <span class='ocr_line' id='line_1_17' title="bbox 541 1475 2131 1545; baseline 0 -15"><span class='ocrx_word' id='word_1_104' title='bbox 541 1475 823 1544; x_wconf 79' lang='lat' dir='ltr'><strong>Siquidem</strong></span> <span class='ocrx_word' id='word_1_105' title='bbox 853 1475 1156 1529; x_wconf 89' lang='lat' dir='ltr'><strong>humanum</strong></span> <span class='ocrx_word' id='word_1_106' title='bbox 1193 1489 1417 1543; x_wconf 91' lang='lat' dir='ltr'><strong>corpus,</strong></span> <span class='ocrx_word' id='word_1_107' title='bbox 1449 1489 1535 1528; x_wconf 83' lang='lat' dir='ltr'><strong>ex.</strong></span> <span class='ocrx_word' id='word_1_108' title='bbox 1569 1489 1679 1545; x_wconf 58' lang='grc' dir='ltr'><strong>ειη,</strong></span> <span class='ocrx_word' id='word_1_109' title='bbox 1716 1484 1934 1529; x_wconf 88' lang='lat' dir='ltr'><strong>constat</strong></span> <span class='ocrx_word' id='word_1_110' title='bbox 1962 1475 2131 1531; x_wconf 85' lang='lat' dir='ltr'><strong>rebus</strong></span> 
     </span>
    </p>
   </div>
   <div class='ocr_carea' id='block_1_18' title="bbox 542 1565 2126 1633">
    <p class='ocr_par' dir='ltr' id='par_1_18' title="bbox 542 1565 2126 1633">
     <span class='ocr_line' id='line_1_18' title="bbox 542 1565 2126 1633; baseline 0.001 -13"><span class='ocrx_word' id='word_1_111' title='bbox 542 1568 732 1622; x_wconf 84' lang='lat' dir='ltr'><strong>multis</strong></span> <span class='ocrx_word' id='word_1_112' title='bbox 773 1566 1086 1621; x_wconf 83' lang='lat' dir='ltr'><strong>substantia</strong></span> <span class='ocrx_word' id='word_1_113' title='bbox 1122 1565 1377 1631; x_wconf 73' lang='lat' dir='ltr'><strong>diversis,</strong></span> <span class='ocrx_word' id='word_1_114' title='bbox 1413 1565 1657 1629; x_wconf 85' lang='lat' dir='ltr'><strong>ossibus,</strong></span> <span class='ocrx_word' id='word_1_115' title='bbox 1700 1565 1906 1633; x_wconf 85' lang='lat' dir='ltr'><strong>nervis,</strong></span> <span class='ocrx_word' id='word_1_116' title='bbox 1949 1567 2126 1632; x_wconf 85' lang='lat' dir='ltr'><strong>venis,</strong></span> 
     </span>
    </p>
   </div>
   <div class='ocr_carea' id='block_1_19' title="bbox 540 1657 2124 1728">
    <p class='ocr_par' dir='ltr' id='par_1_19' title="bbox 540 1657 2124 1728">
     <span class='ocr_line' id='line_1_19' title="bbox 540 1657 2124 1728; baseline -0.001 -15"><span class='ocrx_word' id='word_1_117' title='bbox 540 1673 730 1719; x_wconf 86' lang='lat' dir='ltr'><strong>carne.</strong></span> <span class='ocrx_word' id='word_1_118' title='bbox 776 1659 941 1728; x_wconf 86' lang='lat' dir='ltr'><strong>pelle,</strong></span> <span class='ocrx_word' id='word_1_119' title='bbox 971 1658 1272 1728; x_wconf 78' lang='lat' dir='ltr'><strong>unguibus,</strong></span> <span class='ocrx_word' id='word_1_120' title='bbox 1308 1657 1460 1727; x_wconf 91' lang='lat' dir='ltr'><strong>pilis,</strong></span> <span class='ocrx_word' id='word_1_121' title='bbox 1509 1658 1775 1728; x_wconf 80' lang='lat' dir='ltr'><strong>sanguine</strong></span> <span class='ocrx_word' id='word_1_122' title='bbox 1806 1667 1863 1713; x_wconf 88' lang='lat' dir='ltr'><strong>et</strong></span> <span class='ocrx_word' id='word_1_123' title='bbox 1889 1658 2124 1728; x_wconf 85' lang='lat' dir='ltr'><strong>spiritu;</strong></span> 
     </span>
    </p>
   </div>
   <div class='ocr_carea' id='block_1_20' title="bbox 539 1748 2125 1819">
    <p class='ocr_par' dir='ltr' id='par_1_20' title="bbox 539 1748 2125 1819">
     <span class='ocr_line' id='line_1_20' title="bbox 539 1748 2125 1819; baseline -0.001 -15"><span class='ocrx_word' id='word_1_124' title='bbox 539 1765 662 1819; x_wconf 65' lang='lat' dir='ltr'><strong>quae</strong></span> <span class='ocrx_word' id='word_1_125' title='bbox 704 1749 833 1804; x_wconf 90' lang='lat' dir='ltr'><strong>licet</strong></span> <span class='ocrx_word' id='word_1_126' title='bbox 864 1750 933 1803; x_wconf 90' lang='lat' dir='ltr'><strong>ab</strong></span> <span class='ocrx_word' id='word_1_127' title='bbox 960 1764 1018 1803; x_wconf 89' lang='lat' dir='ltr'><strong>se</strong></span> <span class='ocrx_word' id='word_1_128' title='bbox 1065 1749 1303 1803; x_wconf 84' lang='lat' dir='ltr'><strong>invicem</strong></span> <span class='ocrx_word' id='word_1_129' title='bbox 1336 1748 1619 1811; x_wconf 80' lang='lat' dir='ltr'><strong>diﬂ’erant,</strong></span> <span class='ocrx_word' id='word_1_130' title='bbox 1653 1763 1817 1803; x_wconf 89' lang='lat' dir='ltr'><strong>unam</strong></span> <span class='ocrx_word' id='word_1_131' title='bbox 1851 1758 2030 1803; x_wconf 88' lang='lat' dir='ltr'><strong>tamen</strong></span> <span class='ocrx_word' id='word_1_132' title='bbox 2069 1749 2125 1803; x_wconf 90' lang='lat' dir='ltr'><strong>in</strong></span> 
     </span>
    </p>
   </div>
   <div class='ocr_carea' id='block_1_21' title="bbox 2242 744 3815 817">
    <p class='ocr_par' dir='ltr' id='par_1_21' title="bbox 2242 744 3815 817">
     <span class='ocr_line' id='line_1_21' title="bbox 2242 744 3815 817; baseline -0.001 -19"><span class='ocrx_word' id='word_1_133' title='bbox 2242 746 2367 817; x_wconf 84' lang='grc' dir='ltr'>ἔχον</span> <span class='ocrx_word' id='word_1_134' title='bbox 2404 749 2485 809; x_wconf 83' lang='grc' dir='ltr'>εἰς</span> <span class='ocrx_word' id='word_1_135' title='bbox 2515 746 2608 799; x_wconf 82' lang='grc' dir='ltr'><strong>δύο</strong></span> <span class='ocrx_word' id='word_1_136' title='bbox 2630 746 2917 815; x_wconf 77' lang='grc' dir='ltr'>διαίρεσινο</span> <span class='ocrx_word' id='word_1_137' title='bbox 2948 745 3070 798; x_wconf 76' lang='grc' dir='ltr'>ἐπεὶ</span> <span class='ocrx_word' id='word_1_138' title='bbox 3105 744 3180 815; x_wconf 80' lang='grc' dir='ltr'>μὴ</span> <span class='ocrx_word' id='word_1_139' title='bbox 3212 744 3317 798; x_wconf 78' lang='grc' dir='ltr'>ἰδία</span> <span class='ocrx_word' id='word_1_140' title='bbox 3352 745 3512 813; x_wconf 82' lang='grc' dir='ltr'>φύσις</span> <span class='ocrx_word' id='word_1_141' title='bbox 3545 745 3605 798; x_wconf 85' lang='grc' dir='ltr'><strong>τὸ</strong></span> <span class='ocrx_word' id='word_1_142' title='bbox 3634 744 3815 814; x_wconf 83' lang='grc' dir='ltr'>σῶμα,</span> 
     </span>
    </p>
   </div>
   <div class='ocr_carea' id='block_1_22' title="bbox 2242 834 3819 907">
    <p class='ocr_par' dir='ltr' id='par_1_22' title="bbox 2242 834 3819 907">
     <span class='ocr_line' id='line_1_22' title="bbox 2242 834 3819 907; baseline -0.001 -18"><span class='ocrx_word' id='word_1_143' title='bbox 2242 838 2336 889; x_wconf 74' lang='grc' dir='ltr'><strong>καὶ</strong></span> <span class='ocrx_word' id='word_1_144' title='bbox 2365 836 2469 888; x_wconf 85' lang='grc' dir='ltr'>ίδία</span> <span class='ocrx_word' id='word_1_145' title='bbox 2504 835 2665 905; x_wconf 82' lang='grc' dir='ltr'><strong>φύσις</strong></span> <span class='ocrx_word' id='word_1_146' title='bbox 2696 836 2729 907; x_wconf 81' lang='grc' dir='ltr'><strong>ἠ</strong></span> <span class='ocrx_word' id='word_1_147' title='bbox 2760 835 2954 906; x_wconf 82' lang='grc' dir='ltr'>θεότης</span> <span class='ocrx_word' id='word_1_148' title='bbox 3009 836 3151 889; x_wconf 86' lang='grc' dir='ltr'><strong>κατά</strong></span> <span class='ocrx_word' id='word_1_149' title='bbox 3194 837 3293 904; x_wconf 84' lang='grc' dir='ltr'>τὴν</span> <span class='ocrx_word' id='word_1_150' title='bbox 3340 836 3646 905; x_wconf 84' lang='grc' dir='ltr'>σάρκωσιν,</span> <span class='ocrx_word' id='word_1_151' title='bbox 3698 834 3819 888; x_wconf 77' lang='grc' dir='ltr'><strong>ἀλλ’</strong></span> 
     </span>
    </p>
   </div>
   <div class='ocr_carea' id='block_1_23' title="bbox 2239 925 3819 998">
    <p class='ocr_par' dir='ltr' id='par_1_23' title="bbox 2239 925 3819 998">
     <span class='ocr_line' id='line_1_23' title="bbox 2239 925 3819 998; baseline -0.001 -18"><span class='ocrx_word' id='word_1_152' title='bbox 2239 927 2426 998; x_wconf 83' lang='grc' dir='ltr'>ὥσπερ</span> <span class='ocrx_word' id='word_1_153' title='bbox 2450 926 2731 997; x_wconf 79' lang='grc' dir='ltr'>ἄνθρωπος</span> <span class='ocrx_word' id='word_1_154' title='bbox 2773 927 2874 996; x_wconf 89' lang='grc' dir='ltr'><strong>μία</strong></span> <span class='ocrx_word' id='word_1_155' title='bbox 2908 927 3091 996; x_wconf 83' lang='grc' dir='ltr'>φύσις,</span> <span class='ocrx_word' id='word_1_156' title='bbox 3132 926 3304 989; x_wconf 79' lang='grc' dir='ltr'>οὕτως</span> <span class='ocrx_word' id='word_1_157' title='bbox 3333 927 3428 979; x_wconf 75' lang='grc' dir='ltr'>καὶ</span> <span class='ocrx_word' id='word_1_158' title='bbox 3464 929 3492 979; x_wconf 85' lang='grc' dir='ltr'>ὁ</span> <span class='ocrx_word' id='word_1_159' title='bbox 3531 929 3587 980; x_wconf 82' lang='grc' dir='ltr'>ὲν</span> <span class='ocrx_word' id='word_1_160' title='bbox 3617 925 3819 997; x_wconf 82' lang='grc' dir='ltr'>ὁμοιώ-</span> 
     </span>
    </p>
   </div>
   <div class='ocr_carea' id='block_1_24' title="bbox 2242 1015 3821 1088">
    <p class='ocr_par' dir='ltr' id='par_1_24' title="bbox 2242 1015 3821 1088">
     <span class='ocr_line' id='line_1_24' title="bbox 2242 1015 3821 1088; baseline 0 -18"><span class='ocrx_word' id='word_1_161' title='bbox 2242 1033 2372 1085; x_wconf 86' lang='grc' dir='ltr'>ματι</span> <span class='ocrx_word' id='word_1_162' title='bbox 2403 1015 2707 1086; x_wconf 84' lang='grc' dir='ltr'>ἀνθρώπων</span> <span class='ocrx_word' id='word_1_163' title='bbox 2748 1017 3062 1088; x_wconf 85' lang='grc' dir='ltr'>γενόμενος.</span> <span class='ocrx_word' id='word_1_164' title='bbox 3101 1018 3163 1070; x_wconf 77' lang='lat' dir='ltr'><strong>El</strong></span> <span class='ocrx_word' id='word_1_165' title='bbox 3192 1018 3247 1070; x_wconf 84' lang='grc' dir='ltr'>δὲ</span> <span class='ocrx_word' id='word_1_166' title='bbox 3272 1019 3371 1071; x_wconf 70' lang='grc' dir='ltr'><strong>οὐκ</strong></span> <span class='ocrx_word' id='word_1_167' title='bbox 3395 1018 3821 1086; x_wconf 73' lang='grc' dir='ltr'><strong>ἐπιγινώσκωσι</strong></span> 
     </span>
    </p>
   </div>
   <div class='ocr_carea' id='block_1_25' title="bbox 2237 1106 3820 1179">
    <p class='ocr_par' dir='ltr' id='par_1_25' title="bbox 2237 1106 3820 1179">
     <span class='ocr_line' id='line_1_25' title="bbox 2237 1106 3820 1179; baseline 0.001 -19"><span class='ocrx_word' id='word_1_168' title='bbox 2237 1107 2298 1160; x_wconf 82' lang='grc' dir='ltr'>τὸ</span> <span class='ocrx_word' id='word_1_169' title='bbox 2324 1106 2447 1161; x_wconf 75' lang='grc' dir='ltr'>καθ’</span> <span class='ocrx_word' id='word_1_170' title='bbox 2476 1108 2671 1161; x_wconf 73' lang='grc' dir='ltr'>ἕνωσιν</span> <span class='ocrx_word' id='word_1_171' title='bbox 2702 1107 2779 1172; x_wconf 82' lang='grc' dir='ltr'><strong>ἓν,</strong></span> <span class='ocrx_word' id='word_1_172' title='bbox 2814 1108 3071 1162; x_wconf 86' lang='grc' dir='ltr'>δύνανται</span> <span class='ocrx_word' id='word_1_173' title='bbox 3105 1108 3198 1161; x_wconf 76' lang='grc' dir='ltr'>καὶ</span> <span class='ocrx_word' id='word_1_174' title='bbox 3246 1111 3326 1171; x_wconf 87' lang='grc' dir='ltr'><strong>είς</strong></span> <span class='ocrx_word' id='word_1_175' title='bbox 3375 1108 3548 1162; x_wconf 80' lang='grc' dir='ltr'>πολλὰ</span> <span class='ocrx_word' id='word_1_176' title='bbox 3578 1127 3820 1179; x_wconf 85' lang='grc' dir='ltr'>καταμε-</span> 
     </span>
    </p>
   </div>
   <div class='ocr_carea' id='block_1_26' title="bbox 2238 1196 3820 1270">
    <p class='ocr_par' dir='ltr' id='par_1_26' title="bbox 2238 1196 3820 1270">
     <span class='ocr_line' id='line_1_26' title="bbox 2238 1196 3820 1270; baseline 0.001 -20"><span class='ocrx_word' id='word_1_177' title='bbox 2238 1196 2413 1267; x_wconf 75' lang='grc' dir='ltr'>ρίζειν</span> <span class='ocrx_word' id='word_1_178' title='bbox 2464 1196 2554 1251; x_wconf 82' lang='grc' dir='ltr'><strong>τὸν</strong></span> <span class='ocrx_word' id='word_1_179' title='bbox 2592 1197 2708 1262; x_wconf 78' lang='grc' dir='ltr'>ἕνα,</span> <span class='ocrx_word' id='word_1_180' title='bbox 2760 1199 2854 1251; x_wconf 78' lang='grc' dir='ltr'><strong>καὶ</strong></span> <span class='ocrx_word' id='word_1_181' title='bbox 2904 1198 3107 1260; x_wconf 77' lang='grc' dir='ltr'>πολλὰς</span> <span class='ocrx_word' id='word_1_182' title='bbox 3146 1198 3325 1266; x_wconf 76' lang='grc' dir='ltr'>λέγειν</span> <span class='ocrx_word' id='word_1_183' title='bbox 3370 1198 3581 1266; x_wconf 83' lang='grc' dir='ltr'><strong>φύσεις·</strong></span> <span class='ocrx_word' id='word_1_184' title='bbox 3628 1200 3820 1270; x_wconf 74' lang='grc' dir='ltr'>ἐπειδὴ</span> 
     </span>
    </p>
   </div>
   <div class='ocr_carea' id='block_1_27' title="bbox 2237 1288 3821 1361">
    <p class='ocr_par' dir='ltr' id='par_1_27' title="bbox 2237 1288 3821 1361">
     <span class='ocr_line' id='line_1_27' title="bbox 2237 1288 3821 1361; baseline 0.001 -20"><span class='ocrx_word' id='word_1_185' title='bbox 2237 1288 2517 1352; x_wconf 85' lang='grc' dir='ltr'>πολυειδὲς</span> <span class='ocrx_word' id='word_1_186' title='bbox 2548 1289 2609 1342; x_wconf 80' lang='grc' dir='ltr'><strong>τὸ</strong></span> <span class='ocrx_word' id='word_1_187' title='bbox 2645 1289 2804 1359; x_wconf 82' lang='grc' dir='ltr'>σῶμα</span> <span class='ocrx_word' id='word_1_188' title='bbox 2841 1288 2901 1353; x_wconf 75' lang='grc' dir='ltr'><strong>ἐξ</strong></span> <span class='ocrx_word' id='word_1_189' title='bbox 2925 1289 3130 1343; x_wconf 78' lang='grc' dir='ltr'><strong>ὀστέων</strong></span> <span class='ocrx_word' id='word_1_190' title='bbox 3174 1291 3268 1342; x_wconf 74' lang='grc' dir='ltr'>καὶ</span> <span class='ocrx_word' id='word_1_191' title='bbox 3312 1291 3519 1361; x_wconf 81' lang='grc' dir='ltr'>νεύρων</span> <span class='ocrx_word' id='word_1_192' title='bbox 3556 1290 3650 1343; x_wconf 81' lang='grc' dir='ltr'><strong>καὶ</strong></span> <span class='ocrx_word' id='word_1_193' title='bbox 3684 1290 3821 1359; x_wconf 77' lang='grc' dir='ltr'><strong>φλε-</strong></span> 
     </span>
    </p>
   </div>
   <div class='ocr_carea' id='block_1_28' title="bbox 2237 1379 3817 1450">
    <p class='ocr_par' dir='ltr' id='par_1_28' title="bbox 2237 1379 3817 1450">
     <span class='ocr_line' id='line_1_28' title="bbox 2237 1379 3817 1450; baseline 0.003 -20"><span class='ocrx_word' id='word_1_194' title='bbox 2237 1379 2350 1431; x_wconf 77' lang='grc' dir='ltr'>δῶν</span> <span class='ocrx_word' id='word_1_195' title='bbox 2394 1380 2487 1431; x_wconf 74' lang='grc' dir='ltr'><strong>καὶ</strong></span> <span class='ocrx_word' id='word_1_196' title='bbox 2519 1380 2740 1449; x_wconf 79' lang='grc' dir='ltr'><strong>σαρκῶν</strong></span> <span class='ocrx_word' id='word_1_197' title='bbox 2771 1380 2867 1432; x_wconf 78' lang='grc' dir='ltr'><strong>καὶ</strong></span> <span class='ocrx_word' id='word_1_198' title='bbox 2900 1380 3170 1450; x_wconf 84' lang='grc' dir='ltr'><strong>δέρματος</strong></span> <span class='ocrx_word' id='word_1_199' title='bbox 3205 1380 3300 1433; x_wconf 59' lang='grc' dir='ltr'><strong>καὶ⁴</strong></span> <span class='ocrx_word' id='word_1_200' title='bbox 3327 1381 3534 1450; x_wconf 82' lang='grc' dir='ltr'>ὀνύχων</span> <span class='ocrx_word' id='word_1_201' title='bbox 3568 1382 3661 1434; x_wconf 70' lang='grc' dir='ltr'><strong>καὶ</strong></span> <span class='ocrx_word' id='word_1_202' title='bbox 3690 1398 3817 1449; x_wconf 86' lang='grc' dir='ltr'>τρι-</span> 
     </span>
    </p>
   </div>
   <div class='ocr_carea' id='block_1_29' title="bbox 2237 1470 3820 1543">
    <p class='ocr_par' dir='ltr' id='par_1_29' title="bbox 2237 1470 3820 1543">
     <span class='ocr_line' id='line_1_29' title="bbox 2237 1470 3820 1543; baseline 0.002 -22"><span class='ocrx_word' id='word_1_203' title='bbox 2237 1470 2349 1539; x_wconf 86' lang='grc' dir='ltr'><strong>χῶν</strong></span> <span class='ocrx_word' id='word_1_204' title='bbox 2385 1470 2480 1523; x_wconf 77' lang='grc' dir='ltr'>καὶ</span> <span class='ocrx_word' id='word_1_205' title='bbox 2510 1471 2740 1538; x_wconf 80' lang='grc' dir='ltr'>αἵματος</span> <span class='ocrx_word' id='word_1_206' title='bbox 2786 1472 2879 1524; x_wconf 76' lang='grc' dir='ltr'><strong>καὶ</strong></span> <span class='ocrx_word' id='word_1_207' title='bbox 2936 1470 3265 1540; x_wconf 84' lang='grc' dir='ltr'>πνεύματος,</span> <span class='ocrx_word' id='word_1_208' title='bbox 3308 1472 3451 1543; x_wconf 76' lang='grc' dir='ltr'>ἅπερ</span> <span class='ocrx_word' id='word_1_209' title='bbox 3486 1472 3663 1526; x_wconf 84' lang='grc' dir='ltr'>πάντα</span> <span class='ocrx_word' id='word_1_210' title='bbox 3698 1472 3820 1525; x_wconf 84' lang='grc' dir='ltr'>δια-</span> 
     </span>
    </p>
   </div>
   <div class='ocr_carea' id='block_1_30' title="bbox 2237 1560 3817 1632">
    <p class='ocr_par' dir='ltr' id='par_1_30' title="bbox 2237 1560 3817 1632">
     <span class='ocr_line' id='line_1_30' title="bbox 2237 1560 3817 1632; baseline 0.002 -19"><span class='ocrx_word' id='word_1_211' title='bbox 2237 1561 2410 1631; x_wconf 82' lang='grc' dir='ltr'>φορὰν</span> <span class='ocrx_word' id='word_1_212' title='bbox 2459 1561 2559 1629; x_wconf 80' lang='grc' dir='ltr'>μὲν</span> <span class='ocrx_word' id='word_1_213' title='bbox 2608 1560 2722 1630; x_wconf 74' lang='grc' dir='ltr'><strong>ἔχει</strong></span> <span class='ocrx_word' id='word_1_214' title='bbox 2778 1560 2913 1630; x_wconf 77' lang='grc' dir='ltr'>πρὸς</span> <span class='ocrx_word' id='word_1_215' title='bbox 2949 1560 3175 1631; x_wconf 71' lang='grc' dir='ltr'>ἄλληλα,</span> <span class='ocrx_word' id='word_1_216' title='bbox 3216 1562 3315 1632; x_wconf 81' lang='grc' dir='ltr'><strong>μία</strong></span> <span class='ocrx_word' id='word_1_217' title='bbox 3355 1562 3412 1615; x_wconf 81' lang='grc' dir='ltr'><strong>δὲ</strong></span> <span class='ocrx_word' id='word_1_218' title='bbox 3442 1562 3603 1631; x_wconf 86' lang='grc' dir='ltr'><strong>φύσις</strong></span> <span class='ocrx_word' id='word_1_219' title='bbox 3642 1564 3817 1617; x_wconf 73' lang='grc' dir='ltr'>ἐστίν·</span> 
     </span>
    </p>
   </div>
   <div class='ocr_carea' id='block_1_31' title="bbox 2236 1651 3822 1723">
    <p class='ocr_par' dir='ltr' id='par_1_31' title="bbox 2236 1651 3822 1723">
     <span class='ocr_line' id='line_1_31' title="bbox 2236 1651 3822 1723; baseline 0.001 -19"><span class='ocrx_word' id='word_1_220' title='bbox 2236 1651 2376 1705; x_wconf 84' lang='grc' dir='ltr'><strong>ὥστε</strong></span> <span class='ocrx_word' id='word_1_221' title='bbox 2409 1652 2505 1706; x_wconf 79' lang='grc' dir='ltr'>καὶ</span> <span class='ocrx_word' id='word_1_222' title='bbox 2531 1652 2566 1722; x_wconf 80' lang='grc' dir='ltr'>ὴ</span> <span class='ocrx_word' id='word_1_223' title='bbox 2593 1651 2694 1721; x_wconf 72' lang='grc' dir='ltr'><strong>τῆς</strong></span> <span class='ocrx_word' id='word_1_224' title='bbox 2733 1652 2983 1722; x_wconf 81' lang='grc' dir='ltr'><strong>θεότητος</strong></span> <span class='ocrx_word' id='word_1_225' title='bbox 3016 1651 3243 1721; x_wconf 79' lang='grc' dir='ltr'>ἀλήθεια</span> <span class='ocrx_word' id='word_1_226' title='bbox 3269 1653 3406 1722; x_wconf 77' lang='grc' dir='ltr'>μετὰ</span> <span class='ocrx_word' id='word_1_227' title='bbox 3435 1653 3529 1707; x_wconf 75' lang='grc' dir='ltr'>τοῦ</span> <span class='ocrx_word' id='word_1_228' title='bbox 3562 1653 3822 1723; x_wconf 70' lang='grc' dir='ltr'>σώματος</span> 
     </span>
    </p>
   </div>
   <div class='ocr_carea' id='block_1_32' title="bbox 2233 1742 3824 1815">
    <p class='ocr_par' dir='ltr' id='par_1_32' title="bbox 2233 1742 3824 1815">
     <span class='ocr_line' id='line_1_32' title="bbox 2233 1742 3824 1815; baseline 0 -18"><span class='ocrx_word' id='word_1_229' title='bbox 2233 1743 2292 1797; x_wconf 75' lang='grc' dir='ltr'>ἓν</span> <span class='ocrx_word' id='word_1_230' title='bbox 2321 1745 2459 1805; x_wconf 76' lang='grc' dir='ltr'>ἐστι,</span> <span class='ocrx_word' id='word_1_231' title='bbox 2487 1744 2581 1797; x_wconf 63' lang='grc' dir='ltr'><strong>καὶ⁵</strong></span> <span class='ocrx_word' id='word_1_232' title='bbox 2612 1745 2689 1807; x_wconf 80' lang='grc' dir='ltr'>εἰς</span> <span class='ocrx_word' id='word_1_233' title='bbox 2712 1744 2805 1796; x_wconf 86' lang='grc' dir='ltr'><strong>δύο</strong></span> <span class='ocrx_word' id='word_1_234' title='bbox 2841 1742 3030 1813; x_wconf 79' lang='grc' dir='ltr'>φύσεις</span> <span class='ocrx_word' id='word_1_235' title='bbox 3058 1745 3120 1797; x_wconf 82' lang='grc' dir='ltr'><strong>οὐ</strong></span> <span class='ocrx_word' id='word_1_236' title='bbox 3156 1745 3461 1815; x_wconf 75' lang='grc' dir='ltr'>μερίζεται.</span> <span class='ocrx_word' id='word_1_237' title='bbox 3493 1764 3510 1795; x_wconf 72' lang='grc' dir='ltr'>ι</span> <span class='ocrx_word' id='word_1_238' title='bbox 3544 1745 3649 1798; x_wconf 79' lang='lat' dir='ltr'><strong>Kal</strong></span> <span class='ocrx_word' id='word_1_239' title='bbox 3666 1746 3824 1814; x_wconf 79' lang='grc' dir='ltr'>μετὰ</span> 
     </span>
    </p>
   </div>
   <div class='ocr_carea' id='block_1_33' title="bbox 539 1836 2128 1913">
    <p class='ocr_par' dir='ltr' id='par_1_33' title="bbox 539 1838 2126 1903">
     <span class='ocr_line' id='line_1_33' title="bbox 539 1838 2126 1903; baseline -0.001 -8"><span class='ocrx_word' id='word_1_240' title='bbox 539 1841 763 1895; x_wconf 87' lang='lat' dir='ltr'><strong>homine</strong></span> <span class='ocrx_word' id='word_1_241' title='bbox 808 1850 1063 1894; x_wconf 87' lang='lat' dir='ltr'><strong>naturam</strong></span> <span class='ocrx_word' id='word_1_242' title='bbox 1104 1839 1428 1894; x_wconf 82' lang='lat' dir='ltr'><strong>conﬁciunt.</strong></span> <span class='ocrx_word' id='word_1_243' title='bbox 1460 1838 1734 1903; x_wconf 79' lang='lat' dir='ltr'><strong>Quocirca</strong></span> <span class='ocrx_word' id='word_1_244' title='bbox 1772 1850 1826 1895; x_wconf 90' lang='lat' dir='ltr'><strong>et</strong></span> <span class='ocrx_word' id='word_1_245' title='bbox 1862 1840 2126 1895; x_wconf 85' lang='lat' dir='ltr'><strong>divinita—</strong></span> 
     </span>
    </p>
   </div>
   <div class='ocr_carea' id='block_1_34' title="bbox 2232 1836 3820 1913">
    <p class='ocr_par' dir='ltr' id='par_1_34' title="bbox 2232 1836 3820 1913">
     <span class='ocr_line' id='line_1_34' title="bbox 2232 1836 3820 1913; baseline 0.001 -24"><span class='ocrx_word' id='word_1_246' title='bbox 2232 1836 2483 1905; x_wconf 53' lang='grc' dir='ltr'>βραχέα</span> <span class='ocrx_word' id='word_1_247' title='bbox 2528 1856 2545 1886; x_wconf 82' lang='grc' dir='ltr'>ι</span> <span class='ocrx_word' id='word_1_248' title='bbox 2601 1837 2840 1905; x_wconf 84' lang='grc' dir='ltr'>Ἀνάγκη</span> <span class='ocrx_word' id='word_1_249' title='bbox 2888 1836 2996 1905; x_wconf 86' lang='grc' dir='ltr'><strong>γάρ</strong></span> <span class='ocrx_word' id='word_1_250' title='bbox 3028 1836 3224 1899; x_wconf 81' lang='grc' dir='ltr'>αὐτοὺς</span> <span class='ocrx_word' id='word_1_251' title='bbox 3276 1836 3370 1891; x_wconf 78' lang='grc' dir='ltr'><strong>δύο</strong></span> <span class='ocrx_word' id='word_1_252' title='bbox 3418 1837 3676 1905; x_wconf 75' lang='grc' dir='ltr'>λέγοντας</span> <span class='ocrx_word' id='word_1_253' title='bbox 3723 1838 3820 1913; x_wconf 72' lang='grc' dir='ltr'><strong>φύ-</strong></span> 
     </span>
    </p>
   </div>
   <div class='ocr_carea' id='block_1_35' title="bbox 539 1930 2129 1999">
    <p class='ocr_par' dir='ltr' id='par_1_35' title="bbox 539 1930 2129 1999">
     <span class='ocr_line' id='line_1_35' title="bbox 539 1930 2129 1999; baseline -0.001 -14"><span class='ocrx_word' id='word_1_254' title='bbox 539 1930 611 1985; x_wconf 90' lang='lat' dir='ltr'><strong>tis</strong></span> <span class='ocrx_word' id='word_1_255' title='bbox 648 1930 852 1985; x_wconf 87' lang='lat' dir='ltr'><strong>veritas</strong></span> <span class='ocrx_word' id='word_1_256' title='bbox 900 1945 1026 1983; x_wconf 90' lang='lat' dir='ltr'><strong>cum</strong></span> <span class='ocrx_word' id='word_1_257' title='bbox 1060 1930 1306 1983; x_wconf 91' lang='lat' dir='ltr'><strong>humano</strong></span> <span class='ocrx_word' id='word_1_258' title='bbox 1352 1944 1588 1999; x_wconf 87' lang='lat' dir='ltr'><strong>corpore</strong></span> <span class='ocrx_word' id='word_1_259' title='bbox 1634 1931 1930 1999; x_wconf 82' lang='lat' dir='ltr'><strong>conjuncta</strong></span> <span class='ocrx_word' id='word_1_260' title='bbox 1959 1945 2129 1984; x_wconf 87' lang='lat' dir='ltr'><strong>unum</strong></span> 
     </span>
    </p>
   </div>
   <div class='ocr_carea' id='block_1_36' title="bbox 536 2019 2131 2090">
    <p class='ocr_par' dir='ltr' id='par_1_36' title="bbox 536 2019 2131 2090">
     <span class='ocr_line' id='line_1_36' title="bbox 536 2019 2131 2090; baseline -0.001 -14"><span class='ocrx_word' id='word_1_261' title='bbox 536 2030 643 2087; x_wconf 89' lang='lat' dir='ltr'><strong>est,</strong></span> <span class='ocrx_word' id='word_1_262' title='bbox 692 2037 798 2077; x_wconf 91' lang='lat' dir='ltr'><strong>nec</strong></span> <span class='ocrx_word' id='word_1_263' title='bbox 836 2021 894 2074; x_wconf 92' lang='lat' dir='ltr'><strong>in</strong></span> <span class='ocrx_word' id='word_1_264' title='bbox 933 2028 1163 2075; x_wconf 87' lang='lat' dir='ltr'><strong>naturas</strong></span> <span class='ocrx_word' id='word_1_265' title='bbox 1213 2020 1406 2090; x_wconf 90' lang='lat' dir='ltr'><strong>plures</strong></span> <span class='ocrx_word' id='word_1_266' title='bbox 1445 2019 1737 2074; x_wconf 78' lang='lat' dir='ltr'><strong>dividitur.</strong></span> <span class='ocrx_word' id='word_1_267' title='bbox 1775 2040 1792 2070; x_wconf 77' lang='grc' dir='ltr'><strong>ι</strong></span> <span class='ocrx_word' id='word_1_268' title='bbox 1844 2021 1915 2074; x_wconf 86' lang='lat' dir='ltr'><strong>Et</strong></span> <span class='ocrx_word' id='word_1_269' title='bbox 1968 2021 2131 2090; x_wconf 70' lang='lat' dir='ltr'><strong>paulo</strong></span> 
     </span>
    </p>
   </div>
   <div class='ocr_carea' id='block_1_37' title="bbox 539 2113 2131 2184">
    <p class='ocr_par' dir='ltr' id='par_1_37' title="bbox 539 2113 2131 2184">
     <span class='ocr_line' id='line_1_37' title="bbox 539 2113 2131 2184; baseline 0.001 -16"><span class='ocrx_word' id='word_1_270' title='bbox 539 2125 652 2184; x_wconf 80' lang='lat' dir='ltr'><strong>post</strong></span> <span class='ocrx_word' id='word_1_271' title='bbox 681 2130 698 2169; x_wconf 93' lang='lat'><strong><em>:</em></strong></span> <span class='ocrx_word' id='word_1_272' title='bbox 735 2132 754 2166; x_wconf 76' lang='grc' dir='ltr'>ι</span> <span class='ocrx_word' id='word_1_273' title='bbox 790 2114 1027 2169; x_wconf 89' lang='lat' dir='ltr'><strong>Necesse</strong></span> <span class='ocrx_word' id='word_1_274' title='bbox 1062 2113 1211 2168; x_wconf 90' lang='lat' dir='ltr'><strong>enim</strong></span> <span class='ocrx_word' id='word_1_275' title='bbox 1236 2122 1323 2169; x_wconf 86' lang='lat' dir='ltr'><strong>est</strong></span> <span class='ocrx_word' id='word_1_276' title='bbox 1344 2113 1463 2181; x_wconf 86' lang='lat' dir='ltr'><strong>(ait)</strong></span> <span class='ocrx_word' id='word_1_277' title='bbox 1490 2128 1586 2167; x_wconf 92' lang='lat' dir='ltr'><strong>eos</strong></span> <span class='ocrx_word' id='word_1_278' title='bbox 1612 2114 1707 2182; x_wconf 86' lang='lat' dir='ltr'><strong>qui</strong></span> <span class='ocrx_word' id='word_1_279' title='bbox 1740 2122 1965 2167; x_wconf 84' lang='lat' dir='ltr'><strong>naturas</strong></span> <span class='ocrx_word' id='word_1_280' title='bbox 1993 2113 2131 2170; x_wconf 88' lang='lat' dir='ltr'><strong>duas</strong></span> 
     </span>
    </p>
   </div>
   <div class='ocr_carea' id='block_1_38' title="bbox 540 2204 2131 2278">
    <p class='ocr_par' dir='ltr' id='par_1_38' title="bbox 540 2204 2131 2278">
     <span class='ocr_line' id='line_1_38' title="bbox 540 2204 2131 2278; baseline -0.003 -15"><span class='ocrx_word' id='word_1_281' title='bbox 540 2208 895 2278; x_wconf 76' lang='lat' dir='ltr'><strong>proﬁtentur,</strong></span> <span class='ocrx_word' id='word_1_282' title='bbox 925 2207 1159 2263; x_wconf 86' lang='lat' dir='ltr'><strong>adorare</strong></span> <span class='ocrx_word' id='word_1_283' title='bbox 1192 2222 1380 2272; x_wconf 89' lang='lat' dir='ltr'><strong>unam,</strong></span> <span class='ocrx_word' id='word_1_284' title='bbox 1426 2215 1482 2260; x_wconf 84' lang='lat' dir='ltr'><strong>et</strong></span> <span class='ocrx_word' id='word_1_285' title='bbox 1511 2221 1620 2260; x_wconf 92' lang='lat' dir='ltr'><strong>non</strong></span> <span class='ocrx_word' id='word_1_286' title='bbox 1666 2204 1919 2268; x_wconf 89' lang='lat' dir='ltr'><strong>alteram,</strong></span> <span class='ocrx_word' id='word_1_287' title='bbox 1949 2212 2007 2258; x_wconf 86' lang='lat' dir='ltr'><strong>et</strong></span> <span class='ocrx_word' id='word_1_288' title='bbox 2036 2220 2131 2273; x_wconf 89' lang='lat' dir='ltr'><strong>per</strong></span> 
     </span>
    </p>
   </div>
   <div class='ocr_carea' id='block_1_39' title="bbox 539 2293 2128 2359">
    <p class='ocr_par' dir='ltr' id='par_1_39' title="bbox 539 2293 2128 2359">
     <span class='ocr_line' id='line_1_39' title="bbox 539 2293 2128 2359; baseline -0.001 -10"><span class='ocrx_word' id='word_1_289' title='bbox 539 2299 779 2352; x_wconf 76' lang='lat' dir='ltr'><strong>divinam</strong></span> <span class='ocrx_word' id='word_1_290' title='bbox 828 2311 930 2351; x_wconf 91' lang='lat' dir='ltr'><strong>nos</strong></span> <span class='ocrx_word' id='word_1_291' title='bbox 979 2296 1123 2351; x_wconf 85' lang='lat' dir='ltr'><strong>sacri</strong></span> <span class='ocrx_word' id='word_1_292' title='bbox 1182 2295 1352 2350; x_wconf 90' lang='lat' dir='ltr'><strong>fontis</strong></span> <span class='ocrx_word' id='word_1_293' title='bbox 1405 2295 1551 2349; x_wconf 91' lang='lat' dir='ltr'><strong>unda</strong></span> <span class='ocrx_word' id='word_1_294' title='bbox 1592 2293 1787 2359; x_wconf 79' lang='lat' dir='ltr'><strong>lavari,</strong></span> <span class='ocrx_word' id='word_1_295' title='bbox 1851 2309 1961 2348; x_wconf 89' lang='lat' dir='ltr'><strong>non</strong></span> <span class='ocrx_word' id='word_1_296' title='bbox 1996 2295 2128 2348; x_wconf 88' lang='lat' dir='ltr'><strong>item</strong></span> 
     </span>
    </p>
   </div>
   <div class='ocr_carea' id='block_1_40' title="bbox 536 2386 2131 2460">
    <p class='ocr_par' dir='ltr' id='par_1_40' title="bbox 536 2386 2131 2460">
     <span class='ocr_line' id='line_1_40' title="bbox 536 2386 2131 2460; baseline -0.004 -15"><span class='ocrx_word' id='word_1_297' title='bbox 536 2400 593 2445; x_wconf 92' lang='lat' dir='ltr'><strong>et</strong></span> <span class='ocrx_word' id='word_1_298' title='bbox 632 2406 733 2460; x_wconf 91' lang='lat' dir='ltr'><strong>per</strong></span> <span class='ocrx_word' id='word_1_299' title='bbox 782 2389 1102 2444; x_wconf 85' lang='lat' dir='ltr'><strong>humanam.</strong></span> <span class='ocrx_word' id='word_1_300' title='bbox 1130 2387 1287 2455; x_wconf 84' lang='lat' dir='ltr'><strong>Quod</strong></span> <span class='ocrx_word' id='word_1_301' title='bbox 1318 2388 1365 2442; x_wconf 91' lang='lat' dir='ltr'><strong>si</strong></span> <span class='ocrx_word' id='word_1_302' title='bbox 1394 2402 1494 2456; x_wconf 89' lang='lat' dir='ltr'><strong>per</strong></span> <span class='ocrx_word' id='word_1_303' title='bbox 1528 2402 1691 2440; x_wconf 91' lang='lat' dir='ltr'><strong>unam</strong></span> <span class='ocrx_word' id='word_1_304' title='bbox 1726 2386 1944 2439; x_wconf 90' lang='lat' dir='ltr'><strong>Domini</strong></span> <span class='ocrx_word' id='word_1_305' title='bbox 1986 2402 2131 2439; x_wconf 82' lang='lat' dir='ltr'><strong>mor-</strong></span> 
     </span>
    </p>
   </div>
   <div class='ocr_carea' id='block_1_41' title="bbox 539 2477 2127 2542">
    <p class='ocr_par' dir='ltr' id='par_1_41' title="bbox 539 2477 2127 2542">
     <span class='ocr_line' id='line_1_41' title="bbox 539 2477 2127 2542; baseline -0.003 -7"><span class='ocrx_word' id='word_1_306' title='bbox 539 2490 648 2535; x_wconf 89' lang='lat' dir='ltr'><strong>tem</strong></span> <span class='ocrx_word' id='word_1_307' title='bbox 678 2494 873 2534; x_wconf 87' lang='lat' dir='ltr'><strong>omnes</strong></span> <span class='ocrx_word' id='word_1_308' title='bbox 900 2479 1093 2535; x_wconf 85' lang='lat' dir='ltr'><strong>eadem</strong></span> <span class='ocrx_word' id='word_1_309' title='bbox 1138 2478 1347 2534; x_wconf 88' lang='lat' dir='ltr'><strong>salubri</strong></span> <span class='ocrx_word' id='word_1_310' title='bbox 1392 2477 1541 2532; x_wconf 89' lang='lat' dir='ltr'><strong>unda</strong></span> <span class='ocrx_word' id='word_1_311' title='bbox 1576 2478 1927 2542; x_wconf 89' lang='lat' dir='ltr'><strong>mundamnr,</strong></span> <span class='ocrx_word' id='word_1_312' title='bbox 1962 2493 2127 2531; x_wconf 90' lang='lat' dir='ltr'><strong>unam</strong></span> 
     </span>
    </p>
   </div>
   <div class='ocr_carea' id='block_1_42' title="bbox 536 2566 2126 2637">
    <p class='ocr_par' dir='ltr' id='par_1_42' title="bbox 536 2566 2126 2637">
     <span class='ocr_line' id='line_1_42' title="bbox 536 2566 2126 2637; baseline -0.002 -13"><span class='ocrx_word' id='word_1_313' title='bbox 536 2570 702 2625; x_wconf 89' lang='lat' dir='ltr'><strong>etiam</strong></span> <span class='ocrx_word' id='word_1_314' title='bbox 732 2567 1005 2624; x_wconf 83' lang='lat' dir='ltr'><strong>fateamur</strong></span> <span class='ocrx_word' id='word_1_315' title='bbox 1036 2576 1254 2637; x_wconf 87' lang='lat' dir='ltr'><strong>oportet</strong></span> <span class='ocrx_word' id='word_1_316' title='bbox 1284 2576 1539 2622; x_wconf 87' lang='lat' dir='ltr'><strong>naturam</strong></span> <span class='ocrx_word' id='word_1_317' title='bbox 1577 2582 1646 2622; x_wconf 73' lang='lat' dir='ltr'><strong>ex</strong></span> <span class='ocrx_word' id='word_1_318' title='bbox 1676 2566 2007 2636; x_wconf 85' lang='lat' dir='ltr'><strong>impassibili</strong></span> <span class='ocrx_word' id='word_1_319' title='bbox 2035 2566 2126 2621; x_wconf 87' lang='lat' dir='ltr'><strong>di-</strong></span> 
     </span>
    </p>
   </div>
   <div class='ocr_carea' id='block_1_43' title="bbox 536 2657 2130 2729">
    <p class='ocr_par' dir='ltr' id='par_1_43' title="bbox 536 2657 2130 2729">
     <span class='ocr_line' id='line_1_43' title="bbox 536 2657 2130 2729; baseline -0.001 -17"><span class='ocrx_word' id='word_1_320' title='bbox 536 2660 767 2713; x_wconf 86' lang='lat' dir='ltr'><strong>vinitate</strong></span> <span class='ocrx_word' id='word_1_321' title='bbox 810 2669 868 2714; x_wconf 88' lang='lat' dir='ltr'><strong>et</strong></span> <span class='ocrx_word' id='word_1_322' title='bbox 920 2658 1169 2729; x_wconf 82' lang='lat' dir='ltr'><strong>passibili</strong></span> <span class='ocrx_word' id='word_1_323' title='bbox 1220 2673 1387 2714; x_wconf 87' lang='lat' dir='ltr'><strong>carne</strong></span> <span class='ocrx_word' id='word_1_324' title='bbox 1416 2657 1732 2723; x_wconf 82' lang='lat' dir='ltr'><strong>conflatam,</strong></span> <span class='ocrx_word' id='word_1_325' title='bbox 1769 2666 1829 2712; x_wconf 87' lang='lat' dir='ltr'><strong>ut</strong></span> <span class='ocrx_word' id='word_1_326' title='bbox 1869 2658 1944 2712; x_wconf 91' lang='lat' dir='ltr'><strong>ita</strong></span> <span class='ocrx_word' id='word_1_327' title='bbox 1980 2658 2130 2711; x_wconf 86' lang='lat' dir='ltr'><strong>lava-</strong></span> 
     </span>
    </p>
   </div>
   <div class='ocr_carea' id='block_1_44' title="bbox 536 2733 2124 2818">
    <p class='ocr_par' dir='ltr' id='par_1_44' title="bbox 536 2733 2124 2818">
     <span class='ocr_line' id='line_1_44' title="bbox 536 2733 2124 2818; baseline -0.001 -13"><span class='ocrx_word' id='word_1_328' title='bbox 536 2764 692 2805; x_wconf 87' lang='lat' dir='ltr'><strong>crum</strong></span> <span class='ocrx_word' id='word_1_329' title='bbox 727 2757 981 2804; x_wconf 89' lang='lat' dir='ltr'><strong>nostrum</strong></span> <span class='ocrx_word' id='word_1_330' title='bbox 1039 2764 1136 2818; x_wconf 91' lang='lat' dir='ltr'><strong>per</strong></span> <span class='ocrx_word' id='word_1_331' title='bbox 1183 2748 1536 2803; x_wconf 90' lang='lat' dir='ltr'><strong>divinitatem</strong></span> <span class='ocrx_word' id='word_1_332' title='bbox 1592 2749 1757 2803; x_wconf 91' lang='lat' dir='ltr'><strong>simul</strong></span> <span class='ocrx_word' id='word_1_333' title='bbox 1806 2759 1864 2804; x_wconf 91' lang='lat' dir='ltr'><strong>et</strong></span> <span class='ocrx_word' id='word_1_334' title='bbox 1901 2733 2124 2804; x_wconf 41' lang='lat' dir='ltr'><strong>&#39;Domini</strong></span> 
     </span>
    </p>
   </div>
   <div class='ocr_carea' id='block_1_45' title="bbox 538 2840 2126 2913">
    <p class='ocr_par' dir='ltr' id='par_1_45' title="bbox 538 2840 2126 2913">
     <span class='ocr_line' id='line_1_45' title="bbox 538 2840 2126 2913; baseline -0.001 -17"><span class='ocrx_word' id='word_1_335' title='bbox 538 2851 771 2897; x_wconf 85' lang='lat' dir='ltr'><strong>mortem</strong></span> <span class='ocrx_word' id='word_1_336' title='bbox 815 2842 1009 2912; x_wconf 79' lang='lat' dir='ltr'><strong>perlici</strong></span> <span class='ocrx_word' id='word_1_337' title='bbox 1045 2857 1173 2896; x_wconf 84' lang='lat' dir='ltr'><strong>vere</strong></span> <span class='ocrx_word' id='word_1_338' title='bbox 1200 2842 1445 2897; x_wconf 89' lang='lat' dir='ltr'><strong>dicatur.</strong></span> <span class='ocrx_word' id='word_1_339' title='bbox 1479 2862 1497 2893; x_wconf 71' lang='grc' dir='ltr'>ι</span> <span class='ocrx_word' id='word_1_340' title='bbox 1534 2840 1602 2895; x_wconf 82' lang='lat' dir='ltr'><strong>Et</strong></span> <span class='ocrx_word' id='word_1_341' title='bbox 1637 2851 1752 2912; x_wconf 78' lang='lat' dir='ltr'><strong>post</strong></span> <span class='ocrx_word' id='word_1_342' title='bbox 1797 2858 1968 2913; x_wconf 82' lang='lat' dir='ltr'><strong>pauca</strong></span> <span class='ocrx_word' id='word_1_343' title='bbox 2001 2859 2126 2895; x_wconf 82' lang='lat' dir='ltr'><strong>rur-</strong></span> 
     </span>
    </p>
   </div>
   <div class='ocr_carea' id='block_1_46' title="bbox 534 2932 2128 3003">
    <p class='ocr_par' dir='ltr' id='par_1_46' title="bbox 534 2932 2128 3003">
     <span class='ocr_line' id='line_1_46' title="bbox 534 2932 2128 3003; baseline 0.001 -17"><span class='ocrx_word' id='word_1_344' title='bbox 534 2951 651 2987; x_wconf 78' lang='lat' dir='ltr'><strong>sum</strong></span> <span class='ocrx_word' id='word_1_345' title='bbox 692 2936 802 2987; x_wconf 75' lang='grc' dir='ltr'>Ιιωε</span> <span class='ocrx_word' id='word_1_346' title='bbox 828 2934 980 2987; x_wconf 81' lang='lat' dir='ltr'><strong>habet</strong></span> <span class='ocrx_word' id='word_1_347' title='bbox 1011 2948 1029 2985; x_wconf 90' lang='lat'><strong><em>:</em></strong></span> <span class='ocrx_word' id='word_1_348' title='bbox 1069 2952 1086 2983; x_wconf 75' lang='grc' dir='ltr'>ι</span> <span class='ocrx_word' id='word_1_349' title='bbox 1116 2933 1322 2988; x_wconf 88' lang='lat' dir='ltr'><strong>Caveat</strong></span> <span class='ocrx_word' id='word_1_350' title='bbox 1360 2948 1494 3003; x_wconf 79' lang='lat' dir='ltr'><strong>ergo</strong></span> <span class='ocrx_word' id='word_1_351' title='bbox 1523 2934 1619 3003; x_wconf 89' lang='lat' dir='ltr'><strong>qui</strong></span> <span class='ocrx_word' id='word_1_352' title='bbox 1657 2933 1797 2987; x_wconf 86' lang='lat' dir='ltr'><strong>duas</strong></span> <span class='ocrx_word' id='word_1_353' title='bbox 1822 2933 1877 2987; x_wconf 91' lang='lat' dir='ltr'><strong>in</strong></span> <span class='ocrx_word' id='word_1_354' title='bbox 1906 2932 2128 2989; x_wconf 83' lang='lat' dir='ltr'><strong>Christo</strong></span> 
     </span>
    </p>
   </div>
   <div class='ocr_carea' id='block_1_47' title="bbox 536 3022 2129 3093">
    <p class='ocr_par' dir='ltr' id='par_1_47' title="bbox 536 3022 2129 3093">
     <span class='ocr_line' id='line_1_47' title="bbox 536 3022 2129 3093; baseline 0.003 -17"><span class='ocrx_word' id='word_1_355' title='bbox 536 3033 765 3077; x_wconf 87' lang='lat' dir='ltr'><strong>naturas</strong></span> <span class='ocrx_word' id='word_1_356' title='bbox 797 3032 1071 3087; x_wconf 84' lang='lat' dir='ltr'><strong>asserunt,</strong></span> <span class='ocrx_word' id='word_1_357' title='bbox 1102 3038 1170 3078; x_wconf 89' lang='lat' dir='ltr'><strong>ne</strong></span> <span class='ocrx_word' id='word_1_358' title='bbox 1221 3022 1507 3078; x_wconf 84' lang='lat' dir='ltr'><strong>Christum</strong></span> <span class='ocrx_word' id='word_1_359' title='bbox 1546 3024 1725 3093; x_wconf 90' lang='lat' dir='ltr'><strong>ipsum</strong></span> <span class='ocrx_word' id='word_1_360' title='bbox 1753 3024 2129 3080; x_wconf 81' lang='lat' dir='ltr'><strong>dividentihus</strong></span> 
     </span>
    </p>
   </div>
   <div class='ocr_carea' id='block_1_48' title="bbox 2236 1927 3822 1999">
    <p class='ocr_par' dir='ltr' id='par_1_48' title="bbox 2236 1927 3822 1999">
     <span class='ocr_line' id='line_1_48' title="bbox 2236 1927 3822 1999; baseline 0.001 -20"><span class='ocrx_word' id='word_1_361' title='bbox 2236 1944 2371 1993; x_wconf 79' lang='grc' dir='ltr'>σεις,</span> <span class='ocrx_word' id='word_1_362' title='bbox 2407 1928 2505 1995; x_wconf 82' lang='grc' dir='ltr'><strong>τὴν</strong></span> <span class='ocrx_word' id='word_1_363' title='bbox 2543 1928 2642 1996; x_wconf 83' lang='grc' dir='ltr'>μὲν</span> <span class='ocrx_word' id='word_1_364' title='bbox 2696 1927 2826 1996; x_wconf 82' lang='grc' dir='ltr'>μίαν</span> <span class='ocrx_word' id='word_1_365' title='bbox 2875 1930 3233 1997; x_wconf 84' lang='grc' dir='ltr'><strong>προσκυνεῖν,</strong></span> <span class='ocrx_word' id='word_1_366' title='bbox 3264 1927 3363 1997; x_wconf 81' lang='grc' dir='ltr'><strong>τὴν</strong></span> <span class='ocrx_word' id='word_1_367' title='bbox 3408 1929 3461 1980; x_wconf 79' lang='grc' dir='ltr'><strong>δὲ</strong></span> <span class='ocrx_word' id='word_1_368' title='bbox 3507 1928 3701 1999; x_wconf 78' lang='grc' dir='ltr'><strong>ἑτέραν</strong></span> <span class='ocrx_word' id='word_1_369' title='bbox 3741 1929 3822 1999; x_wconf 84' lang='grc' dir='ltr'><strong>μὴ</strong></span> 
     </span>
    </p>
   </div>
   <div class='ocr_carea' id='block_1_49' title="bbox 2233 2017 3821 2088">
    <p class='ocr_par' dir='ltr' id='par_1_49' title="bbox 2233 2017 3821 2088">
     <span class='ocr_line' id='line_1_49' title="bbox 2233 2017 3821 2088; baseline 0.001 -18"><span class='ocrx_word' id='word_1_370' title='bbox 2233 2020 2580 2087; x_wconf 82' lang='grc' dir='ltr'><strong>προσκυνεῖν·</strong></span> <span class='ocrx_word' id='word_1_371' title='bbox 2608 2018 2688 2080; x_wconf 83' lang='grc' dir='ltr'>εἰς</span> <span class='ocrx_word' id='word_1_372' title='bbox 2729 2018 2829 2084; x_wconf 79' lang='grc' dir='ltr'><strong>μὲν</strong></span> <span class='ocrx_word' id='word_1_373' title='bbox 2874 2017 2970 2087; x_wconf 77' lang='grc' dir='ltr'>τὴν</span> <span class='ocrx_word' id='word_1_374' title='bbox 3000 2017 3188 2088; x_wconf 82' lang='grc' dir='ltr'>θεῖκὴν</span> <span class='ocrx_word' id='word_1_375' title='bbox 3222 2017 3603 2088; x_wconf 73' lang='grc' dir='ltr'>βαπτίζεσθαι,</span> <span class='ocrx_word' id='word_1_376' title='bbox 3637 2020 3717 2082; x_wconf 88' lang='grc' dir='ltr'>εἰς</span> <span class='ocrx_word' id='word_1_377' title='bbox 3759 2022 3821 2072; x_wconf 79' lang='grc' dir='ltr'><strong>δὲ</strong></span> 
     </span>
    </p>
   </div>
   <div class='ocr_carea' id='block_1_50' title="bbox 2230 2108 3811 2181">
    <p class='ocr_par' dir='ltr' id='par_1_50' title="bbox 2230 2108 3811 2181">
     <span class='ocr_line' id='line_1_50' title="bbox 2230 2108 3811 2181; baseline 0.001 -19"><span class='ocrx_word' id='word_1_378' title='bbox 2230 2108 2330 2181; x_wconf 82' lang='grc' dir='ltr'><strong>τὴν</strong></span> <span class='ocrx_word' id='word_1_379' title='bbox 2357 2109 2704 2181; x_wconf 80' lang='grc' dir='ltr'>ἀνθρωπίνην</span> <span class='ocrx_word' id='word_1_380' title='bbox 2745 2109 2817 2179; x_wconf 84' lang='grc' dir='ltr'><strong>μὴ</strong></span> <span class='ocrx_word' id='word_1_381' title='bbox 2851 2109 3229 2177; x_wconf 75' lang='grc' dir='ltr'>βαπτίζεσθαι.</span> <span class='ocrx_word' id='word_1_382' title='bbox 3268 2111 3331 2162; x_wconf 85' lang='grc' dir='ltr'>Εἰ</span> <span class='ocrx_word' id='word_1_383' title='bbox 3364 2111 3419 2163; x_wconf 82' lang='grc' dir='ltr'>δὲ</span> <span class='ocrx_word' id='word_1_384' title='bbox 3451 2112 3531 2174; x_wconf 83' lang='grc' dir='ltr'><strong>είς</strong></span> <span class='ocrx_word' id='word_1_385' title='bbox 3576 2113 3667 2163; x_wconf 74' lang='grc' dir='ltr'><strong>τὸν</strong></span> <span class='ocrx_word' id='word_1_386' title='bbox 3713 2110 3811 2164; x_wconf 74' lang='grc' dir='ltr'>θάο</span> 
     </span>
    </p>
   </div>
   <div class='ocr_carea' id='block_1_51' title="bbox 2230 2198 3819 2275">
    <p class='ocr_par' dir='ltr' id='par_1_51' title="bbox 2230 2198 3819 2275">
     <span class='ocr_line' id='line_1_51' title="bbox 2230 2198 3819 2275; baseline 0.002 -23"><span class='ocrx_word' id='word_1_387' title='bbox 2230 2216 2391 2253; x_wconf 91' lang='grc' dir='ltr'>νατον</span> <span class='ocrx_word' id='word_1_388' title='bbox 2437 2198 2531 2252; x_wconf 84' lang='grc' dir='ltr'>τοῦ</span> <span class='ocrx_word' id='word_1_389' title='bbox 2578 2201 2783 2268; x_wconf 75' lang='grc' dir='ltr'>Κυρίου</span> <span class='ocrx_word' id='word_1_390' title='bbox 2830 2199 3229 2270; x_wconf 80' lang='grc' dir='ltr'>βαπτιζόμεθα,</span> <span class='ocrx_word' id='word_1_391' title='bbox 3265 2202 3395 2271; x_wconf 89' lang='grc' dir='ltr'>μίαν</span> <span class='ocrx_word' id='word_1_392' title='bbox 3441 2204 3819 2275; x_wconf 73' lang='grc' dir='ltr'>ὁμολογοῦμεν</span> 
     </span>
    </p>
   </div>
   <div class='ocr_carea' id='block_1_52' title="bbox 2231 2286 3811 2365">
    <p class='ocr_par' dir='ltr' id='par_1_52' title="bbox 2231 2286 3811 2365">
     <span class='ocr_line' id='line_1_52' title="bbox 2231 2286 3811 2365; baseline 0.006 -27"><span class='ocrx_word' id='word_1_393' title='bbox 2231 2286 2394 2363; x_wconf 76' lang='grc' dir='ltr'><strong>φύσιν</strong></span> <span class='ocrx_word' id='word_1_394' title='bbox 2424 2289 2525 2354; x_wconf 79' lang='grc' dir='ltr'>τῆς</span> <span class='ocrx_word' id='word_1_395' title='bbox 2569 2286 2813 2351; x_wconf 82' lang='grc' dir='ltr'>ἀπαθοῦς</span> <span class='ocrx_word' id='word_1_396' title='bbox 2847 2288 3102 2357; x_wconf 75' lang='grc' dir='ltr'>θεότητος</span> <span class='ocrx_word' id='word_1_397' title='bbox 3129 2291 3349 2362; x_wconf 76' lang='grc' dir='ltr'>καὶτῆς</span> <span class='ocrx_word' id='word_1_398' title='bbox 3385 2292 3640 2363; x_wconf 74' lang='grc' dir='ltr'>παθητῆς</span> <span class='ocrx_word' id='word_1_399' title='bbox 3672 2312 3811 2365; x_wconf 85' lang='grc' dir='ltr'>σαρ-</span> 
     </span>
    </p>
   </div>
   <div class='ocr_carea' id='block_1_53' title="bbox 2231 2374 3820 2452">
    <p class='ocr_par' dir='ltr' id='par_1_53' title="bbox 2231 2374 3820 2452">
     <span class='ocr_line' id='line_1_53' title="bbox 2231 2374 3820 2452; baseline 0.008 -24"><span class='ocrx_word' id='word_1_400' title='bbox 2231 2375 2350 2439; x_wconf 71' lang='grc' dir='ltr'>κδς,</span> <span class='ocrx_word' id='word_1_401' title='bbox 2383 2376 2471 2430; x_wconf 75' lang='grc' dir='ltr'>ἵνα</span> <span class='ocrx_word' id='word_1_402' title='bbox 2497 2376 2669 2440; x_wconf 74' lang='grc' dir='ltr'>οὕτως</span> <span class='ocrx_word' id='word_1_403' title='bbox 2696 2380 2775 2437; x_wconf 78' lang='grc' dir='ltr'>εἰς</span> <span class='ocrx_word' id='word_1_404' title='bbox 2804 2378 2936 2431; x_wconf 76' lang='grc' dir='ltr'>θεὸν</span> <span class='ocrx_word' id='word_1_405' title='bbox 3027 2380 3087 2431; x_wconf 82' lang='grc' dir='ltr'>τὸ</span> <span class='ocrx_word' id='word_1_406' title='bbox 3112 2380 3397 2451; x_wconf 75' lang='grc' dir='ltr'><strong>βάπτισμα</strong></span> <span class='ocrx_word' id='word_1_407' title='bbox 3426 2383 3584 2451; x_wconf 80' lang='grc' dir='ltr'>ἡμῶν</span> <span class='ocrx_word' id='word_1_408' title='bbox 3612 2385 3708 2437; x_wconf 78' lang='grc' dir='ltr'><strong>καὶ</strong></span> <span class='ocrx_word' id='word_1_409' title='bbox 3734 2390 3820 2441; x_wconf 74' lang='grc' dir='ltr'>εἰς</span> 
     </span>
    </p>
   </div>
   <div class='ocr_carea' id='block_1_54' title="bbox 2230 2467 3836 2544">
    <p class='ocr_par' dir='ltr' id='par_1_54' title="bbox 2230 2467 3836 2544">
     <span class='ocr_line' id='line_1_54' title="bbox 2230 2467 3836 2544; baseline 0.006 -24"><span class='ocrx_word' id='word_1_410' title='bbox 2230 2468 2320 2521; x_wconf 79' lang='grc' dir='ltr'>τὸν</span> <span class='ocrx_word' id='word_1_411' title='bbox 2360 2467 2588 2521; x_wconf 83' lang='grc' dir='ltr'>θάνατον</span> <span class='ocrx_word' id='word_1_412' title='bbox 2645 2468 2739 2521; x_wconf 77' lang='grc' dir='ltr'>τοῦ</span> <span class='ocrx_word' id='word_1_413' title='bbox 2790 2471 2997 2539; x_wconf 81' lang='grc' dir='ltr'>Κυρίου</span> <span class='ocrx_word' id='word_1_414' title='bbox 3048 2470 3387 2542; x_wconf 82' lang='grc' dir='ltr'>τελούμενον.</span> <span class='ocrx_word' id='word_1_415' title='bbox 3450 2492 3467 2515; x_wconf 68' lang='grc' dir='ltr'><strong>ι</strong></span> <span class='ocrx_word' id='word_1_416' title='bbox 3523 2476 3633 2528; x_wconf 82' lang='grc' dir='ltr'><strong>Καὶ</strong></span> <span class='ocrx_word' id='word_1_417' title='bbox 3684 2480 3836 2544; x_wconf 79' lang='grc' dir='ltr'>μετ’-</span> 
     </span>
    </p>
   </div>
   <div class='ocr_carea' id='block_1_55' title="bbox 2230 2556 3821 2638">
    <p class='ocr_par' dir='ltr' id='par_1_55' title="bbox 2230 2556 3821 2638">
     <span class='ocr_line' id='line_1_55' title="bbox 2230 2556 3821 2638; baseline 0.004 -26"><span class='ocrx_word' id='word_1_418' title='bbox 2230 2559 2406 2628; x_wconf 67' lang='grc' dir='ltr'>όλίγα</span> <span class='ocrx_word' id='word_1_419' title='bbox 2433 2556 2642 2614; x_wconf 56' lang='grc' dir='ltr'><strong>πάλιν</strong></span> <span class='ocrx_word' id='word_1_420' title='bbox 2684 2578 2702 2611; x_wconf 77' lang='grc' dir='ltr'>ι</span> <span class='ocrx_word' id='word_1_421' title='bbox 2745 2561 2838 2631; x_wconf 85' lang='grc' dir='ltr'><strong>Μὴ</strong></span> <span class='ocrx_word' id='word_1_422' title='bbox 2867 2557 2959 2615; x_wconf 84' lang='grc' dir='ltr'><strong>οὖν</strong></span> <span class='ocrx_word' id='word_1_423' title='bbox 3002 2565 3116 2626; x_wconf 83' lang='grc' dir='ltr'>τοῖς</span> <span class='ocrx_word' id='word_1_424' title='bbox 3148 2563 3491 2633; x_wconf 77' lang='grc' dir='ltr'>δια-τέμνουσι</span> <span class='ocrx_word' id='word_1_425' title='bbox 3539 2567 3821 2638; x_wconf 79' lang='grc' dir='ltr'>πρόφασιν</span> 
     </span>
    </p>
   </div>
   <div class='ocr_carea' id='block_1_56' title="bbox 2228 2649 3822 2728">
    <p class='ocr_par' dir='ltr' id='par_1_56' title="bbox 2228 2649 3822 2728">
     <span class='ocr_line' id='line_1_56' title="bbox 2228 2649 3822 2728; baseline 0.006 -24"><span class='ocrx_word' id='word_1_426' title='bbox 2228 2649 2468 2704; x_wconf 84' lang='grc' dir='ltr'><strong>δότωσαν</strong></span> <span class='ocrx_word' id='word_1_427' title='bbox 2495 2652 2546 2704; x_wconf 90' lang='grc' dir='ltr'>οἱ</span> <span class='ocrx_word' id='word_1_428' title='bbox 2575 2652 2668 2706; x_wconf 87' lang='grc' dir='ltr'>δύο</span> <span class='ocrx_word' id='word_1_429' title='bbox 2695 2653 2947 2721; x_wconf 80' lang='grc' dir='ltr'>λέγοντες</span> <span class='ocrx_word' id='word_1_430' title='bbox 2995 2654 3206 2723; x_wconf 59' lang='grc' dir='ltr'>φύσεις</span> <span class='ocrx_word' id='word_1_431' title='bbox 3238 2655 3362 2709; x_wconf 71' lang='grc' dir='ltr'>οὗτε</span> <span class='ocrx_word' id='word_1_432' title='bbox 3406 2660 3514 2728; x_wconf 80' lang='grc' dir='ltr'><strong>γὰρ</strong></span> <span class='ocrx_word' id='word_1_433' title='bbox 3560 2659 3620 2712; x_wconf 74' lang='grc' dir='ltr'><strong>τὸ</strong></span> <span class='ocrx_word' id='word_1_434' title='bbox 3652 2660 3822 2727; x_wconf 83' lang='grc' dir='ltr'>σῶμα</span> 
     </span>
    </p>
   </div>
   <div class='ocr_carea' id='block_1_57' title="bbox 2230 2742 3821 2823">
    <p class='ocr_par' dir='ltr' id='par_1_57' title="bbox 2230 2742 3821 2823">
     <span class='ocr_line' id='line_1_57' title="bbox 2230 2742 3821 2823; baseline 0.006 -28"><span class='ocrx_word' id='word_1_435' title='bbox 2230 2742 2534 2796; x_wconf 83' lang='grc' dir='ltr'>καθ’ἑαυτὸ</span> <span class='ocrx_word' id='word_1_436' title='bbox 2576 2743 2759 2813; x_wconf 84' lang='grc' dir='ltr'><strong>φύσις,</strong></span> <span class='ocrx_word' id='word_1_437' title='bbox 2795 2745 2928 2815; x_wconf 81' lang='grc' dir='ltr'>μηδὲ</span> <span class='ocrx_word' id='word_1_438' title='bbox 2987 2745 3250 2809; x_wconf 76' lang='grc' dir='ltr'>ζωοποιὸν</span> <span class='ocrx_word' id='word_1_439' title='bbox 3284 2748 3406 2803; x_wconf 75' lang='grc' dir='ltr'>καθ’</span> <span class='ocrx_word' id='word_1_440' title='bbox 3431 2751 3613 2813; x_wconf 78' lang='grc' dir='ltr'>ἑαυτὸ,</span> <span class='ocrx_word' id='word_1_441' title='bbox 3677 2752 3821 2823; x_wconf 79' lang='grc' dir='ltr'>μηδὲ</span> 
     </span>
    </p>
   </div>
   <div class='ocr_carea' id='block_1_58' title="bbox 2228 2833 3822 2907">
    <p class='ocr_par' dir='ltr' id='par_1_58' title="bbox 2228 2833 3822 2907">
     <span class='ocr_line' id='line_1_58' title="bbox 2228 2833 3822 2907; baseline 0.006 -20"><span class='ocrx_word' id='word_1_442' title='bbox 2228 2833 2612 2905; x_wconf 82' lang='grc' dir='ltr'>διατέμνεσθαι</span> <span class='ocrx_word' id='word_1_443' title='bbox 2642 2835 2965 2907; x_wconf 84' lang='grc' dir='ltr'>δυνάμενον.</span> <span class='ocrx_word' id='word_1_444' title='bbox 3006 2838 3133 2892; x_wconf 80' lang='grc' dir='ltr'>ἄνευ</span> <span class='ocrx_word' id='word_1_445' title='bbox 3166 2838 3258 2892; x_wconf 81' lang='grc' dir='ltr'>τοῦ</span> <span class='ocrx_word' id='word_1_446' title='bbox 3295 2840 3585 2905; x_wconf 75' lang='grc' dir='ltr'>ζωοποιΟὖ·</span> <span class='ocrx_word' id='word_1_447' title='bbox 3625 2842 3751 2896; x_wconf 68' lang='grc' dir='ltr'>οὔτε</span> <span class='ocrx_word' id='word_1_448' title='bbox 3791 2848 3822 2896; x_wconf 86' lang='grc' dir='ltr'>ὁ</span> 
     </span>
    </p>
   </div>
   <div class='ocr_carea' id='block_1_59' title="bbox 2231 2925 3823 3005">
    <p class='ocr_par' dir='ltr' id='par_1_59' title="bbox 2231 2925 3823 3005">
     <span class='ocr_line' id='line_1_59' title="bbox 2231 2925 3823 3005; baseline 0.007 -28"><span class='ocrx_word' id='word_1_449' title='bbox 2231 2926 2405 2995; x_wconf 77' lang='grc' dir='ltr'>Λόγος</span> <span class='ocrx_word' id='word_1_450' title='bbox 2436 2925 2559 2979; x_wconf 80' lang='grc' dir='ltr'>καθ’</span> <span class='ocrx_word' id='word_1_451' title='bbox 2590 2928 2783 2980; x_wconf 80' lang='grc' dir='ltr'>ἑαυτὸν</span> <span class='ocrx_word' id='word_1_452' title='bbox 2813 2930 2895 2992; x_wconf 81' lang='grc' dir='ltr'><strong>είς</strong></span> <span class='ocrx_word' id='word_1_453' title='bbox 2930 2930 3067 2983; x_wconf 79' lang='grc' dir='ltr'>ίδίαν</span> <span class='ocrx_word' id='word_1_454' title='bbox 3096 2931 3381 3002; x_wconf 80' lang='grc' dir='ltr'>μερίζεται</span> <span class='ocrx_word' id='word_1_455' title='bbox 3409 2933 3571 3001; x_wconf 82' lang='grc' dir='ltr'>φύσιν</span> <span class='ocrx_word' id='word_1_456' title='bbox 3604 2935 3671 3005; x_wconf 83' lang='grc' dir='ltr'>ἦν</span> <span class='ocrx_word' id='word_1_457' title='bbox 3699 2935 3823 3005; x_wconf 76' lang='grc' dir='ltr'>ἔχει</span> 
     </span>
    </p>
   </div>
   <div class='ocr_carea' id='block_1_60' title="bbox 2231 3017 3823 3104">
    <p class='ocr_par' dir='ltr' id='par_1_60' title="bbox 2231 3017 3823 3104">
     <span class='ocr_line' id='line_1_60' title="bbox 2231 3017 3823 3104; baseline 0.008 -37"><span class='ocrx_word' id='word_1_458' title='bbox 2231 3018 2371 3069; x_wconf 84' lang='grc' dir='ltr'><strong>κατά</strong></span> <span class='ocrx_word' id='word_1_459' title='bbox 2417 3017 2477 3069; x_wconf 83' lang='grc' dir='ltr'>τὸ</span> <span class='ocrx_word' id='word_1_460' title='bbox 2527 3019 2806 3086; x_wconf 77' lang='grc' dir='ltr'>ἀσαρκον’</span> <span class='ocrx_word' id='word_1_461' title='bbox 2849 3020 3039 3092; x_wconf 79' lang='grc' dir='ltr'>ἐπειδὴ</span> <span class='ocrx_word' id='word_1_462' title='bbox 3092 3022 3149 3074; x_wconf 71' lang='grc' dir='ltr'>ὲν</span> <span class='ocrx_word' id='word_1_463' title='bbox 3211 3025 3374 3096; x_wconf 69' lang='grc' dir='ltr'>σαρκὶ</span> <span class='ocrx_word' id='word_1_464' title='bbox 3430 3026 3670 3104; x_wconf 49' lang='grc' dir='ltr'>Ιεύριος,</span> <span class='ocrx_word' id='word_1_465' title='bbox 3720 3030 3823 3080; x_wconf 67' lang='grc' dir='ltr'><strong>καὶ</strong></span> 
     </span>
    </p>
   </div>
   <div class='ocr_carea' id='block_1_61' title="bbox 537 3109 2128 3185">
    <p class='ocr_par' dir='ltr' id='par_1_61' title="bbox 537 3112 2128 3184">
     <span class='ocr_line' id='line_1_61' title="bbox 537 3112 2128 3184; baseline 0 -17"><span class='ocrx_word' id='word_1_466' title='bbox 537 3128 730 3168; x_wconf 84' lang='lat' dir='ltr'><strong>ansam</strong></span> <span class='ocrx_word' id='word_1_467' title='bbox 788 3112 1092 3183; x_wconf 64' lang='lat' dir='ltr'><strong>praebeant.</strong></span> <span class='ocrx_word' id='word_1_468' title='bbox 1124 3113 1263 3169; x_wconf 90' lang='lat' dir='ltr'><strong>Nam</strong></span> <span class='ocrx_word' id='word_1_469' title='bbox 1309 3128 1493 3183; x_wconf 88' lang='lat' dir='ltr'><strong>neque</strong></span> <span class='ocrx_word' id='word_1_470' title='bbox 1543 3128 1745 3184; x_wconf 90' lang='lat' dir='ltr'><strong>corpus</strong></span> <span class='ocrx_word' id='word_1_471' title='bbox 1774 3114 1998 3183; x_wconf 87' lang='lat' dir='ltr'><strong>aliquod</strong></span> <span class='ocrx_word' id='word_1_472' title='bbox 2029 3129 2128 3183; x_wconf 90' lang='lat' dir='ltr'><strong>per</strong></span> 
     </span>
    </p>
   </div>
   <div class='ocr_carea' id='block_1_62' title="bbox 2232 3109 3821 3185">
    <p class='ocr_par' dir='ltr' id='par_1_62' title="bbox 2232 3109 3821 3185">
     <span class='ocr_line' id='line_1_62' title="bbox 2232 3109 3821 3185; baseline 0.006 -24"><span class='ocrx_word' id='word_1_473' title='bbox 2232 3110 2326 3162; x_wconf 83' lang='grc' dir='ltr'><strong>οὐκ</strong></span> <span class='ocrx_word' id='word_1_474' title='bbox 2358 3109 2597 3179; x_wconf 80' lang='grc' dir='ltr'>ἄσαρκος</span> <span class='ocrx_word' id='word_1_475' title='bbox 2623 3112 2934 3183; x_wconf 78' lang='grc' dir='ltr'><strong>ἐπεδήμησε</strong></span> <span class='ocrx_word' id='word_1_476' title='bbox 2964 3112 3043 3183; x_wconf 84' lang='grc' dir='ltr'><strong>τῷ</strong></span> <span class='ocrx_word' id='word_1_477' title='bbox 3074 3114 3264 3185; x_wconf 83' lang='grc' dir='ltr'>κόσμῳ</span> <span class='ocrx_word' id='word_1_478' title='bbox 3287 3130 3302 3144; x_wconf 90' lang='grc'><strong>·</strong></span> <span class='ocrx_word' id='word_1_479' title='bbox 3340 3114 3463 3167; x_wconf 64' lang='grc' dir='ltr'>οὒτε</span> <span class='ocrx_word' id='word_1_480' title='bbox 3493 3116 3553 3168; x_wconf 83' lang='grc' dir='ltr'>τὸ</span> <span class='ocrx_word' id='word_1_481' title='bbox 3595 3118 3821 3170; x_wconf 69' lang='grc' dir='ltr'>κτιστὶν</span> 
     </span>
    </p>
   </div>
   <div class='ocr_carea' id='block_1_63' title="bbox 536 3181 2128 3281">
    <p class='ocr_par' dir='ltr' id='par_1_63' title="bbox 536 3204 2125 3275">
     <span class='ocr_line' id='line_1_63' title="bbox 536 3204 2125 3275; baseline -0.001 -16"><span class='ocrx_word' id='word_1_482' title='bbox 536 3220 596 3259; x_wconf 90' lang='lat' dir='ltr'><strong>se</strong></span> <span class='ocrx_word' id='word_1_483' title='bbox 632 3204 945 3259; x_wconf 81' lang='lat' dir='ltr'><strong>subsistens</strong></span> <span class='ocrx_word' id='word_1_484' title='bbox 986 3213 1185 3258; x_wconf 87' lang='lat' dir='ltr'><strong>natura</strong></span> <span class='ocrx_word' id='word_1_485' title='bbox 1220 3213 1326 3266; x_wconf 87' lang='lat' dir='ltr'><strong>est,</strong></span> <span class='ocrx_word' id='word_1_486' title='bbox 1380 3219 1481 3260; x_wconf 87' lang='lat' dir='ltr'><strong>nec</strong></span> <span class='ocrx_word' id='word_1_487' title='bbox 1521 3205 1702 3275; x_wconf 78' lang='lat' dir='ltr'><strong>ipsum</strong></span> <span class='ocrx_word' id='word_1_488' title='bbox 1744 3220 1843 3275; x_wconf 87' lang='lat' dir='ltr'><strong>per</strong></span> <span class='ocrx_word' id='word_1_489' title='bbox 1877 3220 1937 3259; x_wconf 88' lang='lat' dir='ltr'><strong>se</strong></span> <span class='ocrx_word' id='word_1_490' title='bbox 1969 3204 2125 3268; x_wconf 89' lang='lat' dir='ltr'><strong>vivit,</strong></span> 
     </span>
    </p>
   </div>
   <div class='ocr_carea' id='block_1_64' title="bbox 2232 3181 3821 3281">
    <p class='ocr_par' dir='ltr' id='par_1_64' title="bbox 2233 3181 3821 3281">
     <span class='ocr_line' id='line_1_64' title="bbox 2233 3181 3821 3281; baseline 0.006 -29"><span class='ocrx_word' id='word_1_491' title='bbox 2233 3201 2393 3270; x_wconf 83' lang='grc' dir='ltr'>σῶμα</span> <span class='ocrx_word' id='word_1_492' title='bbox 2422 3201 2487 3273; x_wconf 76' lang='grc' dir='ltr'>ζῇ</span> <span class='ocrx_word' id='word_1_493' title='bbox 2524 3202 2695 3272; x_wconf 77' lang='grc' dir='ltr'>χωρὶς</span> <span class='ocrx_word' id='word_1_494' title='bbox 2737 3181 2840 3271; x_wconf 76' lang='grc' dir='ltr'>τῆς</span> <span class='ocrx_word' id='word_1_495' title='bbox 2888 3181 3144 3257; x_wconf 82' lang='grc' dir='ltr'>ἀκτίστου</span> <span class='ocrx_word' id='word_1_496' title='bbox 3178 3181 3453 3274; x_wconf 60' lang='grc' dir='ltr'>θεδτητος,</span> <span class='ocrx_word' id='word_1_497' title='bbox 3485 3207 3570 3259; x_wconf 80' lang='grc' dir='ltr'>ἵνα</span> <span class='ocrx_word' id='word_1_498' title='bbox 3602 3209 3821 3281; x_wconf 78' lang='grc' dir='ltr'>χωρίζῃ</span> 
     </span>
    </p>
   </div>
   <div class='ocr_carea' id='block_1_65' title="bbox 538 3294 2129 3366">
    <p class='ocr_par' dir='ltr' id='par_1_65' title="bbox 538 3294 2129 3366">
     <span class='ocr_line' id='line_1_65' title="bbox 538 3294 2129 3366; baseline 0 -17"><span class='ocrx_word' id='word_1_499' title='bbox 538 3310 719 3365; x_wconf 85' lang='lat' dir='ltr'><strong>neque</strong></span> <span class='ocrx_word' id='word_1_500' title='bbox 753 3294 984 3349; x_wconf 87' lang='lat' dir='ltr'><strong>seorsim</strong></span> <span class='ocrx_word' id='word_1_501' title='bbox 1016 3310 1047 3349; x_wconf 91' lang='lat' dir='ltr'><strong>a</strong></span> <span class='ocrx_word' id='word_1_502' title='bbox 1090 3294 1242 3349; x_wconf 90' lang='lat' dir='ltr'><strong>vitali</strong></span> <span class='ocrx_word' id='word_1_503' title='bbox 1282 3294 1466 3350; x_wconf 81' lang='lat' dir='ltr'><strong>Verbo</strong></span> <span class='ocrx_word' id='word_1_504' title='bbox 1495 3295 1669 3351; x_wconf 91' lang='lat' dir='ltr'><strong>dividi</strong></span> <span class='ocrx_word' id='word_1_505' title='bbox 1702 3304 1906 3366; x_wconf 89' lang='lat' dir='ltr'><strong>potest,</strong></span> <span class='ocrx_word' id='word_1_506' title='bbox 1947 3310 2129 3365; x_wconf 89' lang='lat' dir='ltr'><strong>neque</strong></span> 
     </span>
    </p>
   </div>
   <div class='ocr_carea' id='block_1_66' title="bbox 539 3384 2129 3447">
    <p class='ocr_par' dir='ltr' id='par_1_66' title="bbox 539 3384 2129 3447">
     <span class='ocr_line' id='line_1_66' title="bbox 539 3384 2129 3447; baseline -0.001 -6"><span class='ocrx_word' id='word_1_507' title='bbox 539 3385 788 3441; x_wconf 78' lang='lat' dir='ltr'><strong>Verbum</strong></span> <span class='ocrx_word' id='word_1_508' title='bbox 842 3384 1084 3439; x_wconf 79' lang='lat' dir='ltr'><strong>divisum</strong></span> <span class='ocrx_word' id='word_1_509' title='bbox 1135 3399 1166 3438; x_wconf 90' lang='lat' dir='ltr'><strong>a</strong></span> <span class='ocrx_word' id='word_1_510' title='bbox 1215 3399 1380 3439; x_wconf 89' lang='lat' dir='ltr'><strong>carne</strong></span> <span class='ocrx_word' id='word_1_511' title='bbox 1438 3394 1697 3441; x_wconf 85' lang='lat' dir='ltr'><strong>naturam</strong></span> <span class='ocrx_word' id='word_1_512' title='bbox 1740 3401 1895 3441; x_wconf 88' lang='lat' dir='ltr'><strong>suam</strong></span> <span class='ocrx_word' id='word_1_513' title='bbox 1942 3385 2129 3447; x_wconf 86' lang='lat' dir='ltr'><strong>habet,</strong></span> 
     </span>
    </p>
   </div>
   <div class='ocr_carea' id='block_1_67' title="bbox 537 3476 2132 3546">
    <p class='ocr_par' dir='ltr' id='par_1_67' title="bbox 537 3476 2132 3546">
     <span class='ocr_line' id='line_1_67' title="bbox 537 3476 2132 3546; baseline 0.001 -15"><span class='ocrx_word' id='word_1_514' title='bbox 537 3492 703 3546; x_wconf 88' lang='lat' dir='ltr'><strong>quam</strong></span> <span class='ocrx_word' id='word_1_515' title='bbox 737 3493 767 3531; x_wconf 90' lang='lat' dir='ltr'><strong>a</strong></span> <span class='ocrx_word' id='word_1_516' title='bbox 802 3477 988 3533; x_wconf 85' lang='lat' dir='ltr'><strong>carnis</strong></span> <span class='ocrx_word' id='word_1_517' title='bbox 1042 3485 1267 3546; x_wconf 83' lang='lat' dir='ltr'><strong>experte</strong></span> <span class='ocrx_word' id='word_1_518' title='bbox 1310 3477 1600 3533; x_wconf 87' lang='lat' dir='ltr'><strong>divinitate</strong></span> <span class='ocrx_word' id='word_1_519' title='bbox 1647 3478 1838 3533; x_wconf 85' lang='lat' dir='ltr'><strong>trahit.</strong></span> <span class='ocrx_word' id='word_1_520' title='bbox 1869 3476 2132 3545; x_wconf 88' lang='lat' dir='ltr'><strong>Quando-</strong></span> 
     </span>
    </p>
   </div>
   <div class='ocr_carea' id='block_1_68' title="bbox 537 3566 2132 3638">
    <p class='ocr_par' dir='ltr' id='par_1_68' title="bbox 537 3566 2132 3638">
     <span class='ocr_line' id='line_1_68' title="bbox 537 3566 2132 3638; baseline -0.002 -15"><span class='ocrx_word' id='word_1_521' title='bbox 537 3567 762 3638; x_wconf 88' lang='lat' dir='ltr'><strong>quidem</strong></span> <span class='ocrx_word' id='word_1_522' title='bbox 799 3567 1070 3623; x_wconf 88' lang='lat' dir='ltr'><strong>Dominus</strong></span> <span class='ocrx_word' id='word_1_523' title='bbox 1119 3568 1177 3622; x_wconf 89' lang='lat' dir='ltr'><strong>in</strong></span> <span class='ocrx_word' id='word_1_524' title='bbox 1213 3567 1480 3622; x_wconf 88' lang='lat' dir='ltr'><strong>mundum</strong></span> <span class='ocrx_word' id='word_1_525' title='bbox 1527 3568 1683 3623; x_wconf 87' lang='lat' dir='ltr'><strong>venit</strong></span> <span class='ocrx_word' id='word_1_526' title='bbox 1722 3583 1891 3624; x_wconf 83' lang='lat' dir='ltr'><strong>carne</strong></span> <span class='ocrx_word' id='word_1_527' title='bbox 1929 3566 2132 3638; x_wconf 66' lang='lat' dir='ltr'><strong>praedi-</strong></span> 
     </span>
    </p>
   </div>
   <div class='ocr_carea' id='block_1_69' title="bbox 541 3657 2132 3728">
    <p class='ocr_par' dir='ltr' id='par_1_69' title="bbox 541 3657 2132 3728">
     <span class='ocr_line' id='line_1_69' title="bbox 541 3657 2132 3728; baseline -0.001 -16"><span class='ocrx_word' id='word_1_528' title='bbox 541 3671 652 3724; x_wconf 85' lang='lat' dir='ltr'><strong>tus,</strong></span> <span class='ocrx_word' id='word_1_529' title='bbox 712 3674 823 3714; x_wconf 85' lang='lat' dir='ltr'><strong>non</strong></span> <span class='ocrx_word' id='word_1_530' title='bbox 871 3673 937 3714; x_wconf 88' lang='lat' dir='ltr'><strong>ea</strong></span> <span class='ocrx_word' id='word_1_531' title='bbox 990 3657 1315 3713; x_wconf 88' lang='lat' dir='ltr'><strong>destitutus.</strong></span> <span class='ocrx_word' id='word_1_532' title='bbox 1374 3657 1567 3728; x_wconf 88' lang='lat' dir='ltr'><strong>Neque</strong></span> <span class='ocrx_word' id='word_1_533' title='bbox 1619 3668 1871 3715; x_wconf 85' lang='lat' dir='ltr'><strong>creatum</strong></span> <span class='ocrx_word' id='word_1_534' title='bbox 1927 3673 2132 3728; x_wconf 84' lang='lat' dir='ltr'><strong>corpus</strong></span> 
     </span>
    </p>
   </div>
   <div class='ocr_carea' id='block_1_70' title="bbox 557 3748 2133 3819">
    <p class='ocr_par' dir='ltr' id='par_1_70' title="bbox 557 3748 2133 3819">
     <span class='ocr_line' id='line_1_70' title="bbox 557 3748 2133 3819; baseline -0.001 -16"><span class='ocrx_word' id='word_1_535' title='bbox 557 3750 693 3804; x_wconf 86' lang='lat' dir='ltr'><strong>vivit</strong></span> <span class='ocrx_word' id='word_1_536' title='bbox 733 3749 856 3804; x_wconf 86' lang='lat' dir='ltr'><strong>sine</strong></span> <span class='ocrx_word' id='word_1_537' title='bbox 911 3749 1159 3804; x_wconf 87' lang='lat' dir='ltr'><strong>increata</strong></span> <span class='ocrx_word' id='word_1_538' title='bbox 1200 3748 1514 3814; x_wconf 87' lang='lat' dir='ltr'><strong>divinitate,</strong></span> <span class='ocrx_word' id='word_1_539' title='bbox 1561 3764 1673 3819; x_wconf 91' lang='lat' dir='ltr'><strong>quo</strong></span> <span class='ocrx_word' id='word_1_540' title='bbox 1718 3760 1904 3804; x_wconf 87' lang='lat' dir='ltr'><strong>creata</strong></span> <span class='ocrx_word' id='word_1_541' title='bbox 1933 3757 2133 3803; x_wconf 91' lang='lat' dir='ltr'><strong>natura</strong></span> 
     </span>
    </p>
   </div>
   <div class='ocr_carea' id='block_1_71' title="bbox 537 3841 2125 3911">
    <p class='ocr_par' dir='ltr' id='par_1_71' title="bbox 537 3841 2125 3911">
     <span class='ocr_line' id='line_1_71' title="bbox 537 3841 2125 3911; baseline -0.001 -15"><span class='ocrx_word' id='word_1_542' title='bbox 537 3841 710 3896; x_wconf 88' lang='lat' dir='ltr'><strong>dividi</strong></span> <span class='ocrx_word' id='word_1_543' title='bbox 759 3841 965 3911; x_wconf 85' lang='lat' dir='ltr'><strong>possit;</strong></span> <span class='ocrx_word' id='word_1_544' title='bbox 1005 3856 1109 3897; x_wconf 87' lang='lat' dir='ltr'><strong>nec</strong></span> <span class='ocrx_word' id='word_1_545' title='bbox 1141 3841 1449 3898; x_wconf 87' lang='lat' dir='ltr'><strong>increatum</strong></span> <span class='ocrx_word' id='word_1_546' title='bbox 1484 3843 1725 3898; x_wconf 80' lang='lat' dir='ltr'><strong>Verbum</strong></span> <span class='ocrx_word' id='word_1_547' title='bbox 1767 3843 1824 3897; x_wconf 86' lang='lat' dir='ltr'><strong>in</strong></span> <span class='ocrx_word' id='word_1_548' title='bbox 1858 3841 2125 3896; x_wconf 83' lang='lat' dir='ltr'><strong>mundum</strong></span> 
     </span>
    </p>
   </div>
   <div class='ocr_carea' id='block_1_72' title="bbox 539 3932 2127 4003">
    <p class='ocr_par' dir='ltr' id='par_1_72' title="bbox 539 3932 2127 4003">
     <span class='ocr_line' id='line_1_72' title="bbox 539 3932 2127 4003; baseline 0.001 -17"><span class='ocrx_word' id='word_1_549' title='bbox 539 3932 690 3988; x_wconf 86' lang='lat' dir='ltr'><strong>venit</strong></span> <span class='ocrx_word' id='word_1_550' title='bbox 725 3933 846 3998; x_wconf 86' lang='lat' dir='ltr'><strong>sine</strong></span> <span class='ocrx_word' id='word_1_551' title='bbox 887 3948 1144 4003; x_wconf 89' lang='lat' dir='ltr'><strong>corpore,</strong></span> <span class='ocrx_word' id='word_1_552' title='bbox 1184 3948 1297 4003; x_wconf 91' lang='lat' dir='ltr'><strong>quo</strong></span> <span class='ocrx_word' id='word_1_553' title='bbox 1343 3934 1469 4003; x_wconf 87' lang='lat' dir='ltr'><strong>quis</strong></span> <span class='ocrx_word' id='word_1_554' title='bbox 1502 3932 1734 3989; x_wconf 88' lang='lat' dir='ltr'><strong>increati</strong></span> <span class='ocrx_word' id='word_1_555' title='bbox 1774 3948 1997 4003; x_wconf 89' lang='lat' dir='ltr'><strong>quoque</strong></span> <span class='ocrx_word' id='word_1_556' title='bbox 2027 3948 2127 3987; x_wconf 85' lang='lat' dir='ltr'><strong>na-</strong></span> 
     </span>
    </p>
   </div>
   <div class='ocr_carea' id='block_1_73' title="bbox 539 4023 2117 4094">
    <p class='ocr_par' dir='ltr' id='par_1_73' title="bbox 539 4023 2117 4094">
     <span class='ocr_line' id='line_1_73' title="bbox 539 4023 2117 4094; baseline -0.002 -14"><span class='ocrx_word' id='word_1_557' title='bbox 539 4036 721 4080; x_wconf 91' lang='lat' dir='ltr'><strong>turam</strong></span> <span class='ocrx_word' id='word_1_558' title='bbox 758 4023 1011 4079; x_wconf 89' lang='lat' dir='ltr'><strong>dividere</strong></span> <span class='ocrx_word' id='word_1_559' title='bbox 1063 4032 1250 4094; x_wconf 86' lang='lat' dir='ltr'><strong>queat.</strong></span> <span class='ocrx_word' id='word_1_560' title='bbox 1300 4024 1356 4080; x_wconf 88' lang='lat' dir='ltr'><strong>Si</strong></span> <span class='ocrx_word' id='word_1_561' title='bbox 1415 4041 1548 4079; x_wconf 92' lang='lat' dir='ltr'><strong>vero</strong></span> <span class='ocrx_word' id='word_1_562' title='bbox 1594 4032 1891 4092; x_wconf 87' lang='lat' dir='ltr'><strong>utrumque</strong></span> <span class='ocrx_word' id='word_1_563' title='bbox 1947 4040 2117 4078; x_wconf 91' lang='lat' dir='ltr'><strong>unum</strong></span> 
     </span>
    </p>
   </div>
   <div class='ocr_carea' id='block_1_74' title="bbox 535 4115 2122 4188">
    <p class='ocr_par' dir='ltr' id='par_1_74' title="bbox 535 4115 2122 4188">
     <span class='ocr_line' id='line_1_74' title="bbox 535 4115 2122 4188; baseline -0.001 -18"><span class='ocrx_word' id='word_1_564' title='bbox 535 4125 621 4171; x_wconf 84' lang='lat' dir='ltr'><strong>est</strong></span> <span class='ocrx_word' id='word_1_565' title='bbox 672 4115 745 4170; x_wconf 92' lang='lat' dir='ltr'><strong>ob</strong></span> <span class='ocrx_word' id='word_1_566' title='bbox 793 4116 1041 4187; x_wconf 88' lang='lat' dir='ltr'><strong>ipsorum</strong></span> <span class='ocrx_word' id='word_1_567' title='bbox 1093 4126 1299 4171; x_wconf 89' lang='lat' dir='ltr'><strong>arctam</strong></span> <span class='ocrx_word' id='word_1_568' title='bbox 1355 4117 1804 4188; x_wconf 85' lang='lat' dir='ltr'><strong>conjunctionem</strong></span> <span class='ocrx_word' id='word_1_569' title='bbox 1858 4125 1915 4171; x_wconf 89' lang='lat' dir='ltr'><strong>et</strong></span> <span class='ocrx_word' id='word_1_570' title='bbox 1947 4131 2122 4186; x_wconf 87' lang='lat' dir='ltr'><strong>copu-</strong></span> 
     </span>
    </p>
   </div>
   <div class='ocr_carea' id='block_1_75' title="bbox 536 4204 2121 4278">
    <p class='ocr_par' dir='ltr' id='par_1_75' title="bbox 536 4204 2121 4278">
     <span class='ocr_line' id='line_1_75' title="bbox 536 4204 2121 4278; baseline -0.002 -14"><span class='ocrx_word' id='word_1_571' title='bbox 536 4212 668 4273; x_wconf 83' lang='lat' dir='ltr'><strong>lam,</strong></span> <span class='ocrx_word' id='word_1_572' title='bbox 714 4208 1289 4277; x_wconf 84' lang='lat' dir='ltr'><strong>compositionemque</strong></span> <span class='ocrx_word' id='word_1_573' title='bbox 1338 4207 1576 4263; x_wconf 85' lang='lat' dir='ltr'><strong>humanc</strong></span> <span class='ocrx_word' id='word_1_574' title='bbox 1615 4204 1923 4278; x_wconf 84' lang='lat' dir='ltr'><strong>composito</strong></span> <span class='ocrx_word' id='word_1_575' title='bbox 1966 4208 2121 4261; x_wconf 89' lang='lat' dir='ltr'><strong>simi-</strong></span> 
     </span>
    </p>
   </div>
   <div class='ocr_carea' id='block_1_76' title="bbox 2225 3291 3823 3371">
    <p class='ocr_par' dir='ltr' id='par_1_76' title="bbox 2225 3291 3823 3371">
     <span class='ocr_line' id='line_1_76' title="bbox 2225 3291 3823 3371; baseline 0.006 -28"><span class='ocrx_word' id='word_1_576' title='bbox 2225 3308 2308 3353; x_wconf 90' lang='grc' dir='ltr'>τις</span> <span class='ocrx_word' id='word_1_577' title='bbox 2340 3291 2501 3359; x_wconf 83' lang='grc' dir='ltr'>φύσιν</span> <span class='ocrx_word' id='word_1_578' title='bbox 2531 3295 2774 3362; x_wconf 76' lang='grc' dir='ltr'>κτιστήνο</span> <span class='ocrx_word' id='word_1_579' title='bbox 2799 3292 2922 3346; x_wconf 75' lang='grc' dir='ltr'>οὔτε</span> <span class='ocrx_word' id='word_1_580' title='bbox 2956 3295 3062 3366; x_wconf 79' lang='grc' dir='ltr'>μὴν</span> <span class='ocrx_word' id='word_1_581' title='bbox 3089 3296 3117 3348; x_wconf 87' lang='grc' dir='ltr'>ὀ</span> <span class='ocrx_word' id='word_1_582' title='bbox 3138 3294 3392 3357; x_wconf 79' lang='grc' dir='ltr'>ἄκτιστος</span> <span class='ocrx_word' id='word_1_583' title='bbox 3419 3298 3590 3364; x_wconf 84' lang='grc' dir='ltr'><strong>Λόγος</strong></span> <span class='ocrx_word' id='word_1_584' title='bbox 3616 3298 3823 3371; x_wconf 67' lang='grc' dir='ltr'>ἐπεδήο</span> 
     </span>
    </p>
   </div>
   <div class='ocr_carea' id='block_1_77' title="bbox 2231 3384 3823 3460">
    <p class='ocr_par' dir='ltr' id='par_1_77' title="bbox 2231 3384 3823 3460">
     <span class='ocr_line' id='line_1_77' title="bbox 2231 3384 3823 3460; baseline 0.006 -25"><span class='ocrx_word' id='word_1_585' title='bbox 2231 3400 2373 3454; x_wconf 87' lang='grc' dir='ltr'>μησε</span> <span class='ocrx_word' id='word_1_586' title='bbox 2409 3384 2580 3454; x_wconf 72' lang='grc' dir='ltr'>χωρὶς</span> <span class='ocrx_word' id='word_1_587' title='bbox 2613 3384 2889 3456; x_wconf 83' lang='grc' dir='ltr'>σώματος,</span> <span class='ocrx_word' id='word_1_588' title='bbox 2928 3386 3017 3441; x_wconf 75' lang='grc' dir='ltr'><strong>ἵνα</strong></span> <span class='ocrx_word' id='word_1_589' title='bbox 3057 3388 3258 3459; x_wconf 79' lang='grc' dir='ltr'>μερίζῃ</span> <span class='ocrx_word' id='word_1_590' title='bbox 3286 3406 3369 3452; x_wconf 83' lang='grc' dir='ltr'>τις</span> <span class='ocrx_word' id='word_1_591' title='bbox 3422 3391 3679 3445; x_wconf 78' lang='grc' dir='ltr'>ἀκτίστου</span> <span class='ocrx_word' id='word_1_592' title='bbox 3708 3394 3823 3460; x_wconf 78' lang='grc' dir='ltr'><strong>φύ-</strong></span> 
     </span>
    </p>
   </div>
   <div class='ocr_carea' id='block_1_78' title="bbox 2231 3475 3832 3554">
    <p class='ocr_par' dir='ltr' id='par_1_78' title="bbox 2231 3475 3832 3554">
     <span class='ocr_line' id='line_1_78' title="bbox 2231 3475 3832 3554; baseline 0.006 -27"><span class='ocrx_word' id='word_1_593' title='bbox 2231 3491 2337 3529; x_wconf 92' lang='grc' dir='ltr'><strong>σιν.</strong></span> <span class='ocrx_word' id='word_1_594' title='bbox 2356 3475 2418 3528; x_wconf 81' lang='grc' dir='ltr'>Εί</span> <span class='ocrx_word' id='word_1_595' title='bbox 2442 3475 2497 3527; x_wconf 84' lang='grc' dir='ltr'><strong>δὲ</strong></span> <span class='ocrx_word' id='word_1_596' title='bbox 2522 3476 2781 3548; x_wconf 76' lang='grc' dir='ltr'>ἑκάτερόν</span> <span class='ocrx_word' id='word_1_597' title='bbox 2806 3480 2920 3531; x_wconf 76' lang='grc' dir='ltr'>ἐστι</span> <span class='ocrx_word' id='word_1_598' title='bbox 2950 3480 3092 3533; x_wconf 85' lang='grc' dir='ltr'><strong>κατά</strong></span> <span class='ocrx_word' id='word_1_599' title='bbox 3115 3480 3215 3551; x_wconf 81' lang='grc' dir='ltr'><strong>τὴν</strong></span> <span class='ocrx_word' id='word_1_600' title='bbox 3242 3480 3436 3533; x_wconf 74' lang='grc' dir='ltr'>ἕνωσιν</span> <span class='ocrx_word' id='word_1_601' title='bbox 3454 3484 3547 3535; x_wconf 71' lang='grc' dir='ltr'><strong>καὶ</strong></span> <span class='ocrx_word' id='word_1_602' title='bbox 3570 3483 3669 3554; x_wconf 80' lang='grc' dir='ltr'>τὴν</span> <span class='ocrx_word' id='word_1_603' title='bbox 3695 3483 3832 3537; x_wconf 81' lang='grc' dir='ltr'>σύν-</span> 
     </span>
    </p>
   </div>
   <div class='ocr_carea' id='block_1_79' title="bbox 2228 3565 3829 3643">
    <p class='ocr_par' dir='ltr' id='par_1_79' title="bbox 2228 3565 3829 3643">
     <span class='ocr_line' id='line_1_79' title="bbox 2228 3565 3829 3643; baseline 0.007 -25"><span class='ocrx_word' id='word_1_604' title='bbox 2228 3565 2346 3619; x_wconf 83' lang='grc' dir='ltr'>οδον</span> <span class='ocrx_word' id='word_1_605' title='bbox 2373 3569 2469 3621; x_wconf 76' lang='grc' dir='ltr'>καὶ</span> <span class='ocrx_word' id='word_1_606' title='bbox 2496 3568 2598 3639; x_wconf 80' lang='grc' dir='ltr'>τὴν</span> <span class='ocrx_word' id='word_1_607' title='bbox 2632 3568 2881 3622; x_wconf 83' lang='grc' dir='ltr'>σύνθεσιν</span> <span class='ocrx_word' id='word_1_608' title='bbox 2924 3570 3025 3642; x_wconf 79' lang='grc' dir='ltr'>τὴν</span> <span class='ocrx_word' id='word_1_609' title='bbox 3078 3573 3476 3643; x_wconf 73' lang='grc' dir='ltr'>ἀνθρωποειδῆ,</span> <span class='ocrx_word' id='word_1_610' title='bbox 3514 3575 3572 3629; x_wconf 86' lang='grc' dir='ltr'>ἓν</span> <span class='ocrx_word' id='word_1_611' title='bbox 3624 3577 3720 3630; x_wconf 78' lang='grc' dir='ltr'>καὶ</span> <span class='ocrx_word' id='word_1_612' title='bbox 3758 3579 3829 3630; x_wconf 59' lang='grc' dir='ltr'><strong>τὰ</strong></span> 
     </span>
    </p>
   </div>
   <div class='ocr_carea' id='block_1_80' title="bbox 2239 3659 3825 3738">
    <p class='ocr_par' dir='ltr' id='par_1_80' title="bbox 2239 3659 3825 3738">
     <span class='ocr_line' id='line_1_80' title="bbox 2239 3659 3825 3738; baseline 0.006 -26"><span class='ocrx_word' id='word_1_613' title='bbox 2239 3659 2412 3728; x_wconf 74' lang='grc' dir='ltr'>ὄνομα</span> <span class='ocrx_word' id='word_1_614' title='bbox 2448 3659 2527 3729; x_wconf 82' lang='grc' dir='ltr'>τῷ</span> <span class='ocrx_word' id='word_1_615' title='bbox 2575 3660 2814 3731; x_wconf 82' lang='grc' dir='ltr'>συνθέτῳ</span> <span class='ocrx_word' id='word_1_616' title='bbox 2863 3664 3339 3735; x_wconf 76' lang='grc' dir='ltr'>προσαρμόζεταιο</span> <span class='ocrx_word' id='word_1_617' title='bbox 3403 3667 3512 3719; x_wconf 81' lang='grc' dir='ltr'>ἀπὸ</span> <span class='ocrx_word' id='word_1_618' title='bbox 3565 3667 3664 3738; x_wconf 81' lang='grc' dir='ltr'>μὲν</span> <span class='ocrx_word' id='word_1_619' title='bbox 3715 3669 3825 3736; x_wconf 73' lang='grc' dir='ltr'>τῆς</span> 
     </span>
    </p>
   </div>
   <div class='ocr_carea' id='block_1_81' title="bbox 2239 3750 3819 3830">
    <p class='ocr_par' dir='ltr' id='par_1_81' title="bbox 2239 3750 3819 3830">
     <span class='ocr_line' id='line_1_81' title="bbox 2239 3750 3819 3830; baseline 0.006 -28"><span class='ocrx_word' id='word_1_620' title='bbox 2239 3750 2493 3820; x_wconf 79' lang='grc' dir='ltr'>θεότητος</span> <span class='ocrx_word' id='word_1_621' title='bbox 2526 3751 2585 3804; x_wconf 89' lang='grc' dir='ltr'>τὸ</span> <span class='ocrx_word' id='word_1_622' title='bbox 2619 3752 2849 3817; x_wconf 84' lang='grc' dir='ltr'>ἀπαθὲς,</span> <span class='ocrx_word' id='word_1_623' title='bbox 2885 3754 2991 3807; x_wconf 81' lang='grc' dir='ltr'><strong>ἀπὸ</strong></span> <span class='ocrx_word' id='word_1_624' title='bbox 3021 3754 3078 3807; x_wconf 78' lang='grc' dir='ltr'>δὲ</span> <span class='ocrx_word' id='word_1_625' title='bbox 3105 3754 3202 3808; x_wconf 83' lang='grc' dir='ltr'>τοῦ</span> <span class='ocrx_word' id='word_1_626' title='bbox 3241 3755 3494 3826; x_wconf 85' lang='grc' dir='ltr'>σώματος</span> <span class='ocrx_word' id='word_1_627' title='bbox 3534 3757 3595 3810; x_wconf 79' lang='grc' dir='ltr'>τὸ</span> <span class='ocrx_word' id='word_1_628' title='bbox 3630 3759 3819 3830; x_wconf 73' lang='grc' dir='ltr'><strong>’παθη⁹</strong></span> 
     </span>
    </p>
   </div>
   <div class='ocr_carea' id='block_1_82' title="bbox 2236 3842 3824 3919">
    <p class='ocr_par' dir='ltr' id='par_1_82' title="bbox 2236 3842 3824 3919">
     <span class='ocr_line' id='line_1_82' title="bbox 2236 3842 3824 3919; baseline 0.007 -27"><span class='ocrx_word' id='word_1_629' title='bbox 2236 3842 2347 3897; x_wconf 82' lang='grc' dir='ltr'>τόν.</span> <span class='ocrx_word' id='word_1_630' title='bbox 2387 3842 2494 3896; x_wconf 71' lang='grc' dir='ltr'><strong>Καὶ</strong></span> <span class='ocrx_word' id='word_1_631' title='bbox 2537 3842 2727 3916; x_wconf 82' lang='grc' dir='ltr'>ὥσπερ</span> <span class='ocrx_word' id='word_1_632' title='bbox 2756 3845 3049 3910; x_wconf 84' lang='grc' dir='ltr'>ἀκούοντες</span> <span class='ocrx_word' id='word_1_633' title='bbox 3076 3846 3170 3899; x_wconf 75' lang='grc' dir='ltr'>τοῦ</span> <span class='ocrx_word' id='word_1_634' title='bbox 3205 3848 3417 3901; x_wconf 82' lang='grc' dir='ltr'>Παύλου</span> <span class='ocrx_word' id='word_1_635' title='bbox 3449 3851 3538 3905; x_wconf 75' lang='grc' dir='ltr'>τὸν</span> <span class='ocrx_word' id='word_1_636' title='bbox 3579 3850 3824 3919; x_wconf 74' lang='grc' dir='ltr'>Χριστὸν</span> 
     </span>
    </p>
   </div>
   <div class='ocr_carea' id='block_1_83' title="bbox 2234 3931 3820 4010">
    <p class='ocr_par' dir='ltr' id='par_1_83' title="bbox 2234 3931 3820 4010">
     <span class='ocr_line' id='line_1_83' title="bbox 2234 3931 3820 4010; baseline 0.005 -25"><span class='ocrx_word' id='word_1_637' title='bbox 2234 3931 2499 4003; x_wconf 75' lang='grc' dir='ltr'>παθητὸν,</span> <span class='ocrx_word' id='word_1_638' title='bbox 2534 3932 2660 3987; x_wconf 80' lang='grc' dir='ltr'>οὔτε</span> <span class='ocrx_word' id='word_1_639' title='bbox 2714 3934 2952 4005; x_wconf 80' lang='grc' dir='ltr'>μερικῶς</span> <span class='ocrx_word' id='word_1_640' title='bbox 3000 3936 3339 4007; x_wconf 76' lang='grc' dir='ltr'>ἠκούσαμεν,</span> <span class='ocrx_word' id='word_1_641' title='bbox 3374 3937 3497 3992; x_wconf 71' lang='grc' dir='ltr'>οὔτε</span> <span class='ocrx_word' id='word_1_642' title='bbox 3546 3940 3644 4010; x_wconf 77' lang='grc' dir='ltr'>τὴν</span> <span class='ocrx_word' id='word_1_643' title='bbox 3691 3940 3820 3993; x_wconf 77' lang='grc' dir='ltr'>θεό-</span> 
     </span>
    </p>
   </div>
   <div class='ocr_carea' id='block_1_84' title="bbox 2229 4025 3820 4097">
    <p class='ocr_par' dir='ltr' id='par_1_84' title="bbox 2229 4025 3820 4097">
     <span class='ocr_line' id='line_1_84' title="bbox 2229 4025 3820 4097; baseline 0.006 -20"><span class='ocrx_word' id='word_1_644' title='bbox 2229 4041 2370 4093; x_wconf 85' lang='grc' dir='ltr'>τητα</span> <span class='ocrx_word' id='word_1_645' title='bbox 2399 4025 2647 4097; x_wconf 80' lang='grc' dir='ltr'>παθητὴν</span> <span class='ocrx_word' id='word_1_646' title='bbox 2678 4028 3033 4097; x_wconf 73' lang='grc' dir='ltr'>ἐνομίσαμεν,</span> <span class='ocrx_word' id='word_1_647' title='bbox 3061 4027 3232 4092; x_wconf 79' lang='grc' dir='ltr'>οὕτως</span> <span class='ocrx_word' id='word_1_648' title='bbox 3256 4031 3349 4082; x_wconf 75' lang='grc' dir='ltr'><strong>καὶ</strong></span> <span class='ocrx_word' id='word_1_649' title='bbox 3377 4031 3436 4083; x_wconf 79' lang='grc' dir='ltr'><strong>τὸ</strong></span> <span class='ocrx_word' id='word_1_650' title='bbox 3468 4032 3685 4085; x_wconf 80' lang='grc' dir='ltr'>κτιστὺν</span> <span class='ocrx_word' id='word_1_651' title='bbox 3718 4034 3820 4086; x_wconf 72' lang='grc' dir='ltr'><strong>κειῖ⁵</strong></span> 
     </span>
    </p>
   </div>
   <div class='ocr_carea' id='block_1_85' title="bbox 2228 4115 3821 4196">
    <p class='ocr_par' dir='ltr' id='par_1_85' title="bbox 2228 4115 3821 4196">
     <span class='ocr_line' id='line_1_85' title="bbox 2228 4115 3821 4196; baseline 0.006 -28"><span class='ocrx_word' id='word_1_652' title='bbox 2228 4115 2435 4181; x_wconf 74' lang='grc' dir='ltr'>δοῦλον,</span> <span class='ocrx_word' id='word_1_653' title='bbox 2474 4116 2619 4176; x_wconf 69' lang='grc' dir='ltr'>,οὔτε</span> <span class='ocrx_word' id='word_1_654' title='bbox 2683 4119 2925 4187; x_wconf 84' lang='grc' dir='ltr'>μερικῶς</span> <span class='ocrx_word' id='word_1_655' title='bbox 2969 4119 3209 4186; x_wconf 82' lang='grc' dir='ltr'>λέγεται,</span> <span class='ocrx_word' id='word_1_656' title='bbox 3254 4120 3377 4175; x_wconf 74' lang='grc' dir='ltr'>οὔτε</span> <span class='ocrx_word' id='word_1_657' title='bbox 3433 4122 3532 4179; x_wconf 61' lang='grc' dir='ltr'>τὴν</span> <span class='ocrx_word' id='word_1_658' title='bbox 3579 4124 3821 4196; x_wconf 84' lang='grc' dir='ltr'>θεότητα</span> 
     </span>
    </p>
   </div>
   <div class='ocr_carea' id='block_1_86' title="bbox 2230 4207 3099 4278">
    <p class='ocr_par' dir='ltr' id='par_1_86' title="bbox 2230 4207 3099 4278">
     <span class='ocr_line' id='line_1_86' title="bbox 2230 4207 3099 4278; baseline 0.006 -20"><span class='ocrx_word' id='word_1_659' title='bbox 2230 4209 2374 4259; x_wconf 82' lang='grc' dir='ltr'>ποιεῖ</span> <span class='ocrx_word' id='word_1_660' title='bbox 2408 4207 2633 4277; x_wconf 79' lang='grc' dir='ltr'>κτιστην</span> <span class='ocrx_word' id='word_1_661' title='bbox 2662 4207 2784 4261; x_wconf 74' lang='grc' dir='ltr'>οὔτε</span> <span class='ocrx_word' id='word_1_662' title='bbox 2824 4207 3036 4278; x_wconf 78' lang='grc' dir='ltr'>δούλην.</span> <span class='ocrx_word' id='word_1_663' title='bbox 3080 4229 3099 4262; x_wconf 70' lang='grc' dir='ltr'>ι</span> 
     </span>
    </p>
   </div>
   <div class='ocr_carea' id='block_1_87' title="bbox 536 4298 3820 4372">
    <p class='ocr_par' dir='ltr' id='par_1_87' title="bbox 536 4298 3820 4372">
     <span class='ocr_line' id='line_1_87' title="bbox 536 4298 3820 4372; baseline 0.003 -22"><span class='ocrx_word' id='word_1_664' title='bbox 536 4298 671 4362; x_wconf 88' lang='lat' dir='ltr'><strong>lem;</strong></span> <span class='ocrx_word' id='word_1_665' title='bbox 706 4312 881 4351; x_wconf 90' lang='lat' dir='ltr'><strong>unum</strong></span> <span class='ocrx_word' id='word_1_666' title='bbox 916 4312 1135 4367; x_wconf 82' lang='lat' dir='ltr'><strong>quoque</strong></span> <span class='ocrx_word' id='word_1_667' title='bbox 1168 4300 1480 4369; x_wconf 87' lang='lat' dir='ltr'><strong>composito</strong></span> <span class='ocrx_word' id='word_1_668' title='bbox 1511 4314 1715 4354; x_wconf 84' lang='lat' dir='ltr'><strong>nomen</strong></span> <span class='ocrx_word' id='word_1_669' title='bbox 1785 4299 1962 4368; x_wconf 87' lang='lat' dir='ltr'><strong>aptari</strong></span> <span class='ocrx_word' id='word_1_670' title='bbox 2032 4299 2198 4355; x_wconf 89' lang='lat' dir='ltr'><strong>debet</strong></span> <span class='ocrx_word' id='word_1_671' title='bbox 2232 4300 2394 4369; x_wconf 88' lang='lat' dir='ltr'><strong>eique</strong></span> <span class='ocrx_word' id='word_1_672' title='bbox 2445 4298 2617 4353; x_wconf 83' lang='lat' dir='ltr'><strong>tribui</strong></span> <span class='ocrx_word' id='word_1_673' title='bbox 2673 4299 2958 4371; x_wconf 84' lang='lat' dir='ltr'><strong>multiplex</strong></span> <span class='ocrx_word' id='word_1_674' title='bbox 3006 4303 3335 4372; x_wconf 85' lang='lat' dir='ltr'><strong>proprietas,</strong></span> <span class='ocrx_word' id='word_1_675' title='bbox 3386 4317 3447 4359; x_wconf 89' lang='lat' dir='ltr'><strong>ut</strong></span> <span class='ocrx_word' id='word_1_676' title='bbox 3493 4305 3564 4361; x_wconf 92' lang='lat' dir='ltr'><strong>ob</strong></span> <span class='ocrx_word' id='word_1_677' title='bbox 3608 4305 3820 4360; x_wconf 81' lang='lat' dir='ltr'><strong>divini-</strong></span> 
     </span>
    </p>
   </div>
   <div class='ocr_carea' id='block_1_88' title="bbox 536 4390 3814 4470">
    <p class='ocr_par' dir='ltr' id='par_1_88' title="bbox 536 4390 3814 4470">
     <span class='ocr_line' id='line_1_88' title="bbox 536 4390 3814 4470; baseline 0.003 -25"><span class='ocrx_word' id='word_1_678' title='bbox 536 4401 705 4446; x_wconf 85' lang='lat' dir='ltr'><strong>tatem</strong></span> <span class='ocrx_word' id='word_1_679' title='bbox 763 4392 1098 4458; x_wconf 84' lang='lat' dir='ltr'><strong>increatum,</strong></span> <span class='ocrx_word' id='word_1_680' title='bbox 1181 4390 1253 4447; x_wconf 92' lang='lat' dir='ltr'><strong>ob</strong></span> <span class='ocrx_word' id='word_1_681' title='bbox 1294 4407 1518 4448; x_wconf 89' lang='lat' dir='ltr'><strong>carnem</strong></span> <span class='ocrx_word' id='word_1_682' title='bbox 1599 4405 1793 4449; x_wconf 90' lang='lat' dir='ltr'><strong>contra</strong></span> <span class='ocrx_word' id='word_1_683' title='bbox 1838 4404 2108 4460; x_wconf 87' lang='lat' dir='ltr'><strong>creatum,</strong></span> <span class='ocrx_word' id='word_1_684' title='bbox 2148 4404 2205 4450; x_wconf 89' lang='lat' dir='ltr'><strong>et</strong></span> <span class='ocrx_word' id='word_1_685' title='bbox 2260 4410 2359 4464; x_wconf 90' lang='lat' dir='ltr'><strong>per</strong></span> <span class='ocrx_word' id='word_1_686' title='bbox 2385 4394 2528 4449; x_wconf 90' lang='lat' dir='ltr'><strong>hanc</strong></span> <span class='ocrx_word' id='word_1_687' title='bbox 2567 4394 2680 4464; x_wconf 89' lang='lat' dir='ltr'><strong>pati</strong></span> <span class='ocrx_word' id='word_1_688' title='bbox 2717 4410 2876 4464; x_wconf 90' lang='lat' dir='ltr'><strong>posse</strong></span> <span class='ocrx_word' id='word_1_689' title='bbox 2916 4411 3048 4451; x_wconf 89' lang='lat' dir='ltr'><strong>vere</strong></span> <span class='ocrx_word' id='word_1_690' title='bbox 3083 4397 3321 4455; x_wconf 88' lang='lat' dir='ltr'><strong>dicatur.</strong></span> <span class='ocrx_word' id='word_1_691' title='bbox 3361 4400 3429 4455; x_wconf 87' lang='lat' dir='ltr'><strong>Et</strong></span> <span class='ocrx_word' id='word_1_692' title='bbox 3450 4401 3814 4470; x_wconf 83' lang='lat' dir='ltr'><strong>quemadmo-</strong></span> 
     </span>
    </p>
   </div>
   <div class='ocr_carea' id='block_1_89' title="bbox 537 4483 3814 4564">
    <p class='ocr_par' dir='ltr' id='par_1_89' title="bbox 537 4483 3814 4564">
     <span class='ocr_line' id='line_1_89' title="bbox 537 4483 3814 4564; baseline 0.004 -27"><span class='ocrx_word' id='word_1_693' title='bbox 537 4483 669 4537; x_wconf 89' lang='lat' dir='ltr'><strong>dum</strong></span> <span class='ocrx_word' id='word_1_694' title='bbox 708 4498 835 4538; x_wconf 90' lang='lat' dir='ltr'><strong>cum</strong></span> <span class='ocrx_word' id='word_1_695' title='bbox 868 4483 939 4537; x_wconf 89' lang='lat' dir='ltr'><strong>ab</strong></span> <span class='ocrx_word' id='word_1_696' title='bbox 970 4485 1221 4553; x_wconf 89' lang='lat' dir='ltr'><strong>apostolo</strong></span> <span class='ocrx_word' id='word_1_697' title='bbox 1289 4486 1463 4541; x_wconf 87' lang='lat' dir='ltr'><strong>Paulo</strong></span> <span class='ocrx_word' id='word_1_698' title='bbox 1504 4485 1791 4541; x_wconf 90' lang='lat' dir='ltr'><strong>Christum</strong></span> <span class='ocrx_word' id='word_1_699' title='bbox 1867 4486 2040 4547; x_wconf 84' lang='lat' dir='ltr'><strong>fuisse</strong></span> <span class='ocrx_word' id='word_1_700' title='bbox 2077 4503 2299 4558; x_wconf 83' lang='lat' dir='ltr'><strong>passum</strong></span> <span class='ocrx_word' id='word_1_701' title='bbox 2349 4487 2631 4551; x_wconf 89' lang='lat' dir='ltr'><strong>audimus,</strong></span> <span class='ocrx_word' id='word_1_702' title='bbox 2686 4487 2791 4542; x_wconf 90' lang='lat' dir='ltr'><strong>hoc</strong></span> <span class='ocrx_word' id='word_1_703' title='bbox 2822 4488 2890 4541; x_wconf 90' lang='lat' dir='ltr'><strong>de</strong></span> <span class='ocrx_word' id='word_1_704' title='bbox 2954 4496 3069 4544; x_wconf 94' lang='lat' dir='ltr'><strong>toto</strong></span> <span class='ocrx_word' id='word_1_705' title='bbox 3099 4489 3345 4557; x_wconf 87' lang='lat' dir='ltr'><strong>Christo,</strong></span> <span class='ocrx_word' id='word_1_706' title='bbox 3400 4507 3513 4548; x_wconf 90' lang='lat' dir='ltr'><strong>non</strong></span> <span class='ocrx_word' id='word_1_707' title='bbox 3547 4493 3615 4549; x_wconf 89' lang='lat' dir='ltr'><strong>de</strong></span> <span class='ocrx_word' id='word_1_708' title='bbox 3643 4505 3814 4564; x_wconf 84' lang='lat' dir='ltr'><strong>parte</strong></span> 
     </span>
    </p>
   </div>
   <div class='ocr_carea' id='block_1_90' title="bbox 536 4574 3814 4654">
    <p class='ocr_par' dir='ltr' id='par_1_90' title="bbox 536 4574 3814 4654">
     <span class='ocr_line' id='line_1_90' title="bbox 536 4574 3814 4654; baseline 0.003 -25"><span class='ocrx_word' id='word_1_709' title='bbox 536 4574 748 4630; x_wconf 89' lang='lat' dir='ltr'><strong>dictum</strong></span> <span class='ocrx_word' id='word_1_710' title='bbox 792 4576 1117 4647; x_wconf 86' lang='lat' dir='ltr'><strong>accipimus,</strong></span> <span class='ocrx_word' id='word_1_711' title='bbox 1174 4592 1356 4648; x_wconf 88' lang='lat' dir='ltr'><strong>neque</strong></span> <span class='ocrx_word' id='word_1_712' title='bbox 1414 4585 1709 4647; x_wconf 82' lang='lat' dir='ltr'><strong>propterea</strong></span> <span class='ocrx_word' id='word_1_713' title='bbox 1769 4578 2120 4633; x_wconf 86' lang='lat' dir='ltr'><strong>divinitatem</strong></span> <span class='ocrx_word' id='word_1_714' title='bbox 2161 4592 2377 4649; x_wconf 87' lang='lat' dir='ltr'><strong>passam</strong></span> <span class='ocrx_word' id='word_1_715' title='bbox 2422 4576 2595 4632; x_wconf 88' lang='lat' dir='ltr'><strong>fuisse</strong></span> <span class='ocrx_word' id='word_1_716' title='bbox 2679 4578 2991 4644; x_wconf 91' lang='lat' dir='ltr'><strong>credimus;</strong></span> <span class='ocrx_word' id='word_1_717' title='bbox 3045 4579 3119 4633; x_wconf 86' lang='lat' dir='ltr'><strong>ita</strong></span> <span class='ocrx_word' id='word_1_718' title='bbox 3169 4596 3295 4635; x_wconf 91' lang='lat' dir='ltr'><strong>cum</strong></span> <span class='ocrx_word' id='word_1_719' title='bbox 3345 4594 3589 4647; x_wconf 74' lang='lat' dir='ltr'><strong>creatus,</strong></span> <span class='ocrx_word' id='word_1_720' title='bbox 3638 4599 3814 4654; x_wconf 80' lang='lat' dir='ltr'><strong>atque</strong></span> 
     </span>
    </p>
   </div>
   <div class='ocr_carea' id='block_1_91' title="bbox 535 4666 3895 4741">
    <p class='ocr_par' dir='ltr' id='par_1_91' title="bbox 535 4666 3895 4741">
     <span class='ocr_line' id='line_1_91' title="bbox 535 4666 3895 4741; baseline 0.004 -21"><span class='ocrx_word' id='word_1_721' title='bbox 535 4680 728 4722; x_wconf 87' lang='lat' dir='ltr'><strong>servus</strong></span> <span class='ocrx_word' id='word_1_722' title='bbox 758 4666 902 4721; x_wconf 88' lang='lat' dir='ltr'><strong>idem</strong></span> <span class='ocrx_word' id='word_1_723' title='bbox 935 4667 1291 4736; x_wconf 66' lang='lat' dir='ltr'><strong>praedicatur,</strong></span> <span class='ocrx_word' id='word_1_724' title='bbox 1362 4668 1469 4724; x_wconf 89' lang='lat' dir='ltr'><strong>hoc</strong></span> <span class='ocrx_word' id='word_1_725' title='bbox 1498 4669 1566 4725; x_wconf 85' lang='lat' dir='ltr'><strong>de</strong></span> <span class='ocrx_word' id='word_1_726' title='bbox 1594 4679 1732 4735; x_wconf 90' lang='lat' dir='ltr'><strong>toto,</strong></span> <span class='ocrx_word' id='word_1_727' title='bbox 1783 4686 1892 4726; x_wconf 91' lang='lat' dir='ltr'><strong>non</strong></span> <span class='ocrx_word' id='word_1_728' title='bbox 1935 4671 2004 4726; x_wconf 92' lang='lat' dir='ltr'><strong>de</strong></span> <span class='ocrx_word' id='word_1_729' title='bbox 2038 4671 2154 4726; x_wconf 90' lang='lat' dir='ltr'><strong>sola</strong></span> <span class='ocrx_word' id='word_1_730' title='bbox 2191 4679 2349 4741; x_wconf 86' lang='lat' dir='ltr'><strong>parte</strong></span> <span class='ocrx_word' id='word_1_731' title='bbox 2400 4668 2627 4732; x_wconf 85' lang='lat' dir='ltr'><strong>dicitur,</strong></span> <span class='ocrx_word' id='word_1_732' title='bbox 2675 4684 2853 4739; x_wconf 88' lang='lat' dir='ltr'><strong>neque</strong></span> <span class='ocrx_word' id='word_1_733' title='bbox 2899 4679 3195 4740; x_wconf 87' lang='lat' dir='ltr'><strong>propterea</strong></span> <span class='ocrx_word' id='word_1_734' title='bbox 3244 4673 3590 4731; x_wconf 86' lang='lat' dir='ltr'><strong>divinitatem</strong></span> <span class='ocrx_word' id='word_1_735' title='bbox 3651 4693 3814 4733; x_wconf 82' lang='lat' dir='ltr'><strong>crca-</strong></span> <span class='ocrx_word' id='word_1_736' title='bbox 3892 4688 3895 4689; x_wconf 69' lang='lat'><strong><em>&#39;</em></strong></span> 
     </span>
    </p>
   </div>
   <div class='ocr_carea' id='block_1_92' title="bbox 535 4760 1655 4831">
    <p class='ocr_par' dir='ltr' id='par_1_92' title="bbox 535 4760 1655 4831">
     <span class='ocr_line' id='line_1_92' title="bbox 535 4760 1655 4831; baseline 0.004 -19"><span class='ocrx_word' id='word_1_737' title='bbox 535 4768 641 4815; x_wconf 83' lang='lat' dir='ltr'><strong>tam</strong></span> <span class='ocrx_word' id='word_1_738' title='bbox 691 4770 856 4831; x_wconf 89' lang='lat' dir='ltr'><strong>atque</strong></span> <span class='ocrx_word' id='word_1_739' title='bbox 896 4775 1114 4816; x_wconf 88' lang='lat' dir='ltr'><strong>servam</strong></span> <span class='ocrx_word' id='word_1_740' title='bbox 1138 4760 1325 4817; x_wconf 91' lang='lat' dir='ltr'><strong>dicere</strong></span> <span class='ocrx_word' id='word_1_741' title='bbox 1356 4762 1602 4819; x_wconf 90' lang='lat' dir='ltr'><strong>videtur.</strong></span> <span class='ocrx_word' id='word_1_742' title='bbox 1637 4783 1655 4816; x_wconf 74' lang='grc' dir='ltr'><strong>ι</strong></span> 
     </span>
    </p>
   </div>
   <div class='ocr_carea' id='block_1_93' title="bbox 603 4852 2128 4927">
    <p class='ocr_par' dir='ltr' id='par_1_93' title="bbox 603 4852 2105 4927">
     <span class='ocr_line' id='line_1_93' title="bbox 603 4852 2105 4927; baseline 0.002 -20"><span class='ocrx_word' id='word_1_743' title='bbox 603 4852 761 4919; x_wconf 84' lang='lat' dir='ltr'><strong>Quod</strong></span> <span class='ocrx_word' id='word_1_744' title='bbox 782 4853 1090 4909; x_wconf 85' lang='lat' dir='ltr'><strong>auctoritas</strong></span> <span class='ocrx_word' id='word_1_745' title='bbox 1122 4853 1239 4908; x_wconf 63' lang='lat' dir='ltr'><strong>haec</strong></span> <span class='ocrx_word' id='word_1_746' title='bbox 1258 4870 1546 4925; x_wconf 88' lang='lat' dir='ltr'><strong>perperam</strong></span> <span class='ocrx_word' id='word_1_747' title='bbox 1574 4855 1721 4911; x_wconf 81' lang='lat' dir='ltr'><strong>Julio</strong></span> <span class='ocrx_word' id='word_1_748' title='bbox 1758 4855 1871 4927; x_wconf 63' lang='grc' dir='ltr'>(εει)</span> <span class='ocrx_word' id='word_1_749' title='bbox 1928 4856 2105 4911; x_wconf 88' lang='lat' dir='ltr'><strong>ascri-</strong></span> 
     </span>
    </p>
   </div>
   <div class='ocr_carea' id='block_1_94' title="bbox 2232 4852 3814 4927">
    <p class='ocr_par' dir='ltr' id='par_1_94' title="bbox 2287 4852 3814 4927">
     <span class='ocr_line' id='line_1_94' title="bbox 2287 4852 3814 4927; baseline 0.009 -21"><span class='ocrx_word' id='word_1_750' title='bbox 2287 4852 2503 4923; x_wconf 81' lang='grc' dir='ltr'>Ταύτην</span> <span class='ocrx_word' id='word_1_751' title='bbox 2525 4854 2627 4925; x_wconf 80' lang='grc' dir='ltr'>τὴν</span> <span class='ocrx_word' id='word_1_752' title='bbox 2649 4854 2845 4924; x_wconf 79' lang='grc' dir='ltr'>χρῆσιν</span> <span class='ocrx_word' id='word_1_753' title='bbox 2867 4854 2921 4907; x_wconf 80' lang='grc' dir='ltr'>εἴ</span> <span class='ocrx_word' id='word_1_754' title='bbox 2937 4872 3001 4921; x_wconf 76' lang='grc' dir='ltr'>γε</span> <span class='ocrx_word' id='word_1_755' title='bbox 3024 4858 3401 4927; x_wconf 72' lang='grc' dir='ltr'>προσεχόντως</span> <span class='ocrx_word' id='word_1_756' title='bbox 3424 4860 3814 4919; x_wconf 72' lang='grc' dir='ltr'>ἐπισκέπτοιεν</span> 
     </span>
    </p>
   </div>
   <div class='ocr_carea' id='block_1_95' title="bbox 532 4945 2128 5025">
    <p class='ocr_par' dir='ltr' id='par_1_95' title="bbox 532 4945 2105 5019">
     <span class='ocr_line' id='line_1_95' title="bbox 532 4945 2105 5019; baseline 0.001 -18"><span class='ocrx_word' id='word_1_757' title='bbox 532 4946 717 5007; x_wconf 88' lang='lat' dir='ltr'><strong>batur,</strong></span> <span class='ocrx_word' id='word_1_758' title='bbox 755 4945 1014 5016; x_wconf 89' lang='lat' dir='ltr'><strong>quodque</strong></span> <span class='ocrx_word' id='word_1_759' title='bbox 1046 4955 1339 5017; x_wconf 89' lang='lat' dir='ltr'><strong>propterea</strong></span> <span class='ocrx_word' id='word_1_760' title='bbox 1365 4948 1518 5002; x_wconf 86' lang='lat' dir='ltr'><strong>nulla</strong></span> <span class='ocrx_word' id='word_1_761' title='bbox 1550 4948 1603 5003; x_wconf 89' lang='lat' dir='ltr'><strong>vi</strong></span> <span class='ocrx_word' id='word_1_762' title='bbox 1635 4948 1859 5019; x_wconf 86' lang='lat' dir='ltr'><strong>polleat,</strong></span> <span class='ocrx_word' id='word_1_763' title='bbox 1890 4949 1943 5003; x_wconf 92' lang='lat' dir='ltr'><strong>id</strong></span> <span class='ocrx_word' id='word_1_764' title='bbox 1971 4964 2105 5004; x_wconf 81' lang='lat' dir='ltr'><strong>con-</strong></span> 
     </span>
    </p>
   </div>
   <div class='ocr_carea' id='block_1_96' title="bbox 2232 4945 3810 5025">
    <p class='ocr_par' dir='ltr' id='par_1_96' title="bbox 2234 4946 3810 5025">
     <span class='ocr_line' id='line_1_96' title="bbox 2234 4946 3810 5025; baseline 0.006 -25"><span class='ocrx_word' id='word_1_765' title='bbox 2234 4948 2251 5000; x_wconf 84' lang='grc' dir='ltr'><strong>ἰ</strong></span> <span class='ocrx_word' id='word_1_766' title='bbox 2285 4948 2727 5018; x_wconf 72' lang='grc' dir='ltr'>ἐντυγχάνοντες,</span> <span class='ocrx_word' id='word_1_767' title='bbox 2762 4946 2887 4999; x_wconf 75' lang='grc' dir='ltr'>οὔτε</span> <span class='ocrx_word' id='word_1_768' title='bbox 2917 4947 3170 5019; x_wconf 75' lang='grc' dir='ltr'>διαϐολῆς</span> <span class='ocrx_word' id='word_1_769' title='bbox 3210 4949 3437 5021; x_wconf 71' lang='grc' dir='ltr'>οἰόμεθα</span> <span class='ocrx_word' id='word_1_770' title='bbox 3466 4953 3695 5025; x_wconf 73' lang='grc' dir='ltr'>χρῄζειν</span> <span class='ocrx_word' id='word_1_771' title='bbox 3723 4958 3810 5023; x_wconf 87' lang='grc' dir='ltr'><strong>είς</strong></span> 
     </span>
    </p>
   </div>
   <div class='ocr_carea' id='block_1_97' title="bbox 530 5035 2128 5119">
    <p class='ocr_par' dir='ltr' id='par_1_97' title="bbox 530 5035 2104 5106">
     <span class='ocr_line' id='line_1_97' title="bbox 530 5035 2104 5106; baseline 0.001 -16"><span class='ocrx_word' id='word_1_772' title='bbox 530 5035 797 5091; x_wconf 87' lang='lat' dir='ltr'><strong>sideranti</strong></span> <span class='ocrx_word' id='word_1_773' title='bbox 844 5035 1054 5106; x_wconf 83' lang='lat' dir='ltr'><strong>liquido</strong></span> <span class='ocrx_word' id='word_1_774' title='bbox 1086 5036 1328 5105; x_wconf 87' lang='lat' dir='ltr'><strong>patebit;</strong></span> <span class='ocrx_word' id='word_1_775' title='bbox 1361 5052 1465 5092; x_wconf 90' lang='lat' dir='ltr'><strong>nec</strong></span> <span class='ocrx_word' id='word_1_776' title='bbox 1492 5038 1560 5091; x_wconf 89' lang='lat' dir='ltr'><strong>ad</strong></span> <span class='ocrx_word' id='word_1_777' title='bbox 1592 5052 1713 5092; x_wconf 88' lang='lat' dir='ltr'><strong>eam</strong></span> <span class='ocrx_word' id='word_1_778' title='bbox 1747 5038 2104 5093; x_wconf 56' lang='lat' dir='ltr'><strong>evertendam</strong></span> 
     </span>
    </p>
   </div>
   <div class='ocr_carea' id='block_1_98' title="bbox 2232 5035 3809 5119">
    <p class='ocr_par' dir='ltr' id='par_1_98' title="bbox 2232 5038 3809 5119">
     <span class='ocr_line' id='line_1_98' title="bbox 2232 5038 3809 5119; baseline 0.003 -29"><span class='ocrx_word' id='word_1_779' title='bbox 2232 5041 2671 5111; x_wconf 72' lang='grc' dir='ltr'>ρευδεπίγραφον,</span> <span class='ocrx_word' id='word_1_780' title='bbox 2711 5038 2836 5093; x_wconf 74' lang='grc' dir='ltr'>οὔτε</span> <span class='ocrx_word' id='word_1_781' title='bbox 2883 5042 3197 5113; x_wconf 81' lang='grc' dir='ltr'>ἀνατροπῆς</span> <span class='ocrx_word' id='word_1_782' title='bbox 3248 5045 3325 5107; x_wconf 85' lang='grc' dir='ltr'>εἰς</span> <span class='ocrx_word' id='word_1_783' title='bbox 3376 5045 3436 5097; x_wconf 86' lang='grc' dir='ltr'>τὸ</span> <span class='ocrx_word' id='word_1_784' title='bbox 3474 5046 3809 5119; x_wconf 84' lang='grc' dir='ltr'>ἀνίσχυρον.</span> 
     </span>
    </p>
   </div>
   <div class='ocr_carea' id='block_1_99' title="bbox 529 5127 2128 5203">
    <p class='ocr_par' dir='ltr' id='par_1_99' title="bbox 529 5127 2104 5201">
     <span class='ocr_line' id='line_1_99' title="bbox 529 5127 2104 5201; baseline 0.001 -17"><span class='ocrx_word' id='word_1_785' title='bbox 529 5127 783 5184; x_wconf 76' lang='lat' dir='ltr'><strong>futilibus</strong></span> <span class='ocrx_word' id='word_1_786' title='bbox 811 5129 1378 5184; x_wconf 88' lang='lat' dir='ltr'><strong>commentationibus</strong></span> <span class='ocrx_word' id='word_1_787' title='bbox 1417 5146 1557 5201; x_wconf 88' lang='lat' dir='ltr'><strong>opus</strong></span> <span class='ocrx_word' id='word_1_788' title='bbox 1585 5146 1710 5186; x_wconf 85' lang='lat' dir='ltr'><strong>esse</strong></span> <span class='ocrx_word' id='word_1_789' title='bbox 1744 5132 2104 5186; x_wconf 87' lang='lat' dir='ltr'><strong>arbitramur.</strong></span> 
     </span>
    </p>
   </div>
   <div class='ocr_carea' id='block_1_100' title="bbox 2232 5127 3811 5203">
    <p class='ocr_par' dir='ltr' id='par_1_100' title="bbox 2234 5130 3811 5203">
     <span class='ocr_line' id='line_1_100' title="bbox 2234 5130 3811 5203; baseline 0.005 -19"><span class='ocrx_word' id='word_1_790' title='bbox 2234 5134 2330 5184; x_wconf 88' lang='grc' dir='ltr'><strong>Οτι</strong></span> <span class='ocrx_word' id='word_1_791' title='bbox 2370 5130 2466 5198; x_wconf 77' lang='grc' dir='ltr'>μὲν</span> <span class='ocrx_word' id='word_1_792' title='bbox 2490 5131 2599 5201; x_wconf 80' lang='grc' dir='ltr'><strong>γὰρ</strong></span> <span class='ocrx_word' id='word_1_793' title='bbox 2634 5130 2943 5201; x_wconf 80' lang='grc' dir='ltr'>πρόσφατον</span> <span class='ocrx_word' id='word_1_794' title='bbox 2972 5132 3003 5200; x_wconf 83' lang='grc' dir='ltr'>ἡ</span> <span class='ocrx_word' id='word_1_795' title='bbox 3041 5131 3244 5200; x_wconf 74' lang='grc' dir='ltr'>ταύτης</span> <span class='ocrx_word' id='word_1_796' title='bbox 3270 5134 3561 5203; x_wconf 83' lang='grc' dir='ltr'>σκαιωρία,</span> <span class='ocrx_word' id='word_1_797' title='bbox 3600 5138 3811 5193; x_wconf 87' lang='grc' dir='ltr'>συνίδοι</span> 
     </span>
    </p>
   </div>
   <div class='ocr_carea' id='block_1_101' title="bbox 527 5219 2128 5299">
    <p class='ocr_par' dir='ltr' id='par_1_101' title="bbox 527 5219 2104 5288">
     <span class='ocr_line' id='line_1_101' title="bbox 527 5219 2104 5288; baseline 0.001 -12"><span class='ocrx_word' id='word_1_798' title='bbox 527 5220 685 5288; x_wconf 84' lang='lat' dir='ltr'><strong>Quod</strong></span> <span class='ocrx_word' id='word_1_799' title='bbox 737 5219 884 5274; x_wconf 89' lang='lat' dir='ltr'><strong>enim</strong></span> <span class='ocrx_word' id='word_1_800' title='bbox 928 5235 1126 5275; x_wconf 86' lang='lat' dir='ltr'><strong>recens</strong></span> <span class='ocrx_word' id='word_1_801' title='bbox 1176 5222 1291 5276; x_wconf 67' lang='lat' dir='ltr'><strong>haec</strong></span> <span class='ocrx_word' id='word_1_802' title='bbox 1339 5222 1431 5285; x_wconf 91' lang='lat' dir='ltr'><strong>sit,</strong></span> <span class='ocrx_word' id='word_1_803' title='bbox 1478 5223 1930 5278; x_wconf 88' lang='lat' dir='ltr'><strong>adversariorum</strong></span> <span class='ocrx_word' id='word_1_804' title='bbox 1985 5238 2104 5277; x_wconf 90' lang='lat' dir='ltr'><strong>ma-</strong></span> 
     </span>
    </p>
   </div>
   <div class='ocr_carea' id='block_1_102' title="bbox 2232 5219 3811 5299">
    <p class='ocr_par' dir='ltr' id='par_1_102' title="bbox 2232 5220 3811 5299">
     <span class='ocr_line' id='line_1_102' title="bbox 2232 5220 3811 5299; baseline 0.013 -35"><span class='ocrx_word' id='word_1_805' title='bbox 2232 5239 2287 5285; x_wconf 60' lang='grc' dir='ltr'><strong>ηις</strong></span> <span class='ocrx_word' id='word_1_806' title='bbox 2319 5222 2514 5292; x_wconf 71' lang='grc' dir='ltr'><strong>ῥᾷστα,</strong></span> <span class='ocrx_word' id='word_1_807' title='bbox 2564 5220 2641 5290; x_wconf 83' lang='grc' dir='ltr'><strong>τῷ</strong></span> <span class='ocrx_word' id='word_1_808' title='bbox 2682 5220 2813 5291; x_wconf 82' lang='grc' dir='ltr'>μηδὲ</span> <span class='ocrx_word' id='word_1_809' title='bbox 2853 5222 3133 5292; x_wconf 75' lang='grc' dir='ltr'>Διοσκόρω</span> <span class='ocrx_word' id='word_1_810' title='bbox 3187 5223 3322 5293; x_wconf 77' lang='grc' dir='ltr'>μηδὲ</span> <span class='ocrx_word' id='word_1_811' title='bbox 3382 5226 3607 5298; x_wconf 78' lang='grc' dir='ltr'>Σεδήρῳ</span> <span class='ocrx_word' id='word_1_812' title='bbox 3670 5230 3811 5299; x_wconf 76' lang='grc' dir='ltr'>μηδὲ</span> 
     </span>
    </p>
   </div>
   <div class='ocr_carea' id='block_1_103' title="bbox 527 5311 2128 5391">
    <p class='ocr_par' dir='ltr' id='par_1_103' title="bbox 527 5311 2106 5386">
     <span class='ocr_line' id='line_1_103' title="bbox 527 5311 2106 5386; baseline 0.002 -19"><span class='ocrx_word' id='word_1_813' title='bbox 527 5313 648 5367; x_wconf 89' lang='lat' dir='ltr'><strong>litia</strong></span> <span class='ocrx_word' id='word_1_814' title='bbox 723 5311 1068 5383; x_wconf 74' lang='lat' dir='ltr'><strong>excogitata,</strong></span> <span class='ocrx_word' id='word_1_815' title='bbox 1105 5313 1289 5383; x_wconf 84' lang='lat' dir='ltr'><strong>quivis</strong></span> <span class='ocrx_word' id='word_1_816' title='bbox 1333 5328 1400 5367; x_wconf 74' lang='lat' dir='ltr'><strong>ex</strong></span> <span class='ocrx_word' id='word_1_817' title='bbox 1458 5329 1525 5369; x_wconf 89' lang='lat' dir='ltr'><strong>eo</strong></span> <span class='ocrx_word' id='word_1_818' title='bbox 1575 5314 1737 5370; x_wconf 79' lang='lat' dir='ltr'><strong>facile</strong></span> <span class='ocrx_word' id='word_1_819' title='bbox 1789 5316 2106 5386; x_wconf 87' lang='lat' dir='ltr'><strong>perspicere</strong></span> 
     </span>
    </p>
   </div>
   <div class='ocr_carea' id='block_1_104' title="bbox 2232 5311 3815 5391">
    <p class='ocr_par' dir='ltr' id='par_1_104' title="bbox 2232 5312 3815 5391">
     <span class='ocr_line' id='line_1_104' title="bbox 2232 5312 3815 5391; baseline 0.004 -24"><span class='ocrx_word' id='word_1_820' title='bbox 2232 5316 2319 5379; x_wconf 76' lang='grc' dir='ltr'>ὀἷς</span> <span class='ocrx_word' id='word_1_821' title='bbox 2349 5313 2734 5384; x_wconf 80' lang='grc' dir='ltr'>παλαιοτέροις</span> <span class='ocrx_word' id='word_1_822' title='bbox 2759 5312 2925 5383; x_wconf 81' lang='grc' dir='ltr'>τῆσδε</span> <span class='ocrx_word' id='word_1_823' title='bbox 2954 5313 3055 5383; x_wconf 78' lang='grc' dir='ltr'><strong>τῆς</strong></span> <span class='ocrx_word' id='word_1_824' title='bbox 3113 5314 3365 5379; x_wconf 77' lang='grc' dir='ltr'>ἀσεὸείας</span> <span class='ocrx_word' id='word_1_825' title='bbox 3416 5318 3815 5391; x_wconf 76' lang='grc' dir='ltr'>αἱρεσιάρχαις</span> 
     </span>
    </p>
   </div>
   <div class='ocr_carea' id='block_1_105' title="bbox 598 5442 2107 5516">
    <p class='ocr_par' dir='ltr' id='par_1_105' title="bbox 598 5442 2107 5516">
     <span class='ocr_line' id='line_1_105' title="bbox 598 5442 2107 5516; baseline 0.004 -18"><span class='ocrx_word' id='word_1_826' title='bbox 598 5443 710 5516; x_wconf 73' lang='lat'><strong>(20)</strong></span> <span class='ocrx_word' id='word_1_827' title='bbox 737 5442 901 5516; x_wconf 67' lang='lat' dir='ltr'><strong>lianc</strong></span> <span class='ocrx_word' id='word_1_828' title='bbox 930 5446 1180 5501; x_wconf 77' lang='lat' dir='ltr'><strong>eamdem</strong></span> <span class='ocrx_word' id='word_1_829' title='bbox 1206 5446 1494 5512; x_wconf 87' lang='lat' dir='ltr'><strong>epistolam</strong></span> <span class='ocrx_word' id='word_1_830' title='bbox 1520 5450 1724 5507; x_wconf 85' lang='lat' dir='ltr'><strong>refellit</strong></span> <span class='ocrx_word' id='word_1_831' title='bbox 1750 5450 2015 5507; x_wconf 80' lang='lat' dir='ltr'><strong>Leontius</strong></span> <span class='ocrx_word' id='word_1_832' title='bbox 2051 5459 2107 5507; x_wconf 88' lang='lat' dir='ltr'><strong>et</strong></span> 
     </span>
    </p>
   </div>
   <div class='ocr_carea' id='block_1_106' title="bbox 526 5513 1271 5581">
    <p class='ocr_par' dir='ltr' id='par_1_106' title="bbox 526 5513 1271 5581">
     <span class='ocr_line' id='line_1_106' title="bbox 526 5513 1271 5581; baseline 0.004 -13"><span class='ocrx_word' id='word_1_833' title='bbox 526 5513 699 5569; x_wconf 81' lang='lat' dir='ltr'><strong>libro</strong></span> <span class='ocrx_word' id='word_1_834' title='bbox 720 5514 796 5569; x_wconf 87' lang='lat' dir='ltr'><strong>Dc</strong></span> <span class='ocrx_word' id='word_1_835' title='bbox 839 5518 1016 5581; x_wconf 72' lang='lat' dir='ltr'><strong>sectis,</strong></span> <span class='ocrx_word' id='word_1_836' title='bbox 1033 5526 1163 5572; x_wconf 83' lang='lat' dir='ltr'><strong>sect.</strong></span> <span class='ocrx_word' id='word_1_837' title='bbox 1218 5518 1271 5574; x_wconf 91' lang='lat'><strong>8.</strong></span> 
     </span>
    </p>
   </div>
   <div class='ocr_carea' id='block_1_107' title="bbox 598 5584 2111 5665">
    <p class='ocr_par' dir='ltr' id='par_1_107' title="bbox 598 5584 2111 5665">
     <span class='ocr_line' id='line_1_107' title="bbox 598 5584 2111 5665; baseline 0.006 -28"><span class='ocrx_word' id='word_1_838' title='bbox 598 5584 709 5665; x_wconf 71' lang='lat'><strong>(2|)</strong></span> <span class='ocrx_word' id='word_1_839' title='bbox 752 5585 1023 5665; x_wconf 54' lang='lat' dir='ltr'><strong>Integraln</strong></span> <span class='ocrx_word' id='word_1_840' title='bbox 1056 5588 1514 5665; x_wconf 66' lang='lat' dir='ltr'><strong>hancepistolam</strong></span> <span class='ocrx_word' id='word_1_841' title='bbox 1547 5591 1721 5665; x_wconf 68' lang='lat' dir='ltr'><strong>legas,</strong></span> <span class='ocrx_word' id='word_1_842' title='bbox 1751 5602 1788 5646; x_wconf 91' lang='lat' dir='ltr'><strong>t.</strong></span> <span class='ocrx_word' id='word_1_843' title='bbox 1818 5592 1857 5655; x_wconf 85' lang='grc' dir='ltr'>Ι,</span> <span class='ocrx_word' id='word_1_844' title='bbox 1895 5611 1951 5665; x_wconf 81' lang='lat' dir='ltr'><strong>p.</strong></span> <span class='ocrx_word' id='word_1_845' title='bbox 1988 5593 2111 5648; x_wconf 72' lang='grc'><strong>148.</strong></span> 
     </span>
    </p>
   </div>
   <div class='ocr_carea' id='block_1_108' title="bbox 527 5652 1583 5724">
    <p class='ocr_par' dir='ltr' id='par_1_108' title="bbox 527 5652 1583 5724">
     <span class='ocr_line' id='line_1_108' title="bbox 527 5652 1583 5724; baseline 0.009 -17"><span class='ocrx_word' id='word_1_846' title='bbox 527 5652 910 5724; x_wconf 71' lang='lat' dir='ltr'><strong>Supplement,</strong></span> <span class='ocrx_word' id='word_1_847' title='bbox 961 5655 1021 5712; x_wconf 84' lang='grc' dir='ltr'><strong>Ρ.</strong></span> <span class='ocrx_word' id='word_1_848' title='bbox 1063 5652 1333 5714; x_wconf 76' lang='lat' dir='ltr'><strong>Dominici</strong></span> <span class='ocrx_word' id='word_1_849' title='bbox 1388 5661 1583 5716; x_wconf 81' lang='lat' dir='ltr'><strong>Mansi.</strong></span> 
     </span>
    </p>
   </div>
   <div class='ocr_carea' id='block_1_109' title="bbox 596 5725 2115 5853">
    <p class='ocr_par' dir='ltr' id='par_1_109' title="bbox 596 5725 2115 5853">
     <span class='ocr_line' id='line_1_109' title="bbox 596 5725 2115 5853; baseline 0.007 -74"><span class='ocrx_word' id='word_1_850' title='bbox 745 5725 869 5783; x_wconf 64' lang='lat' dir='ltr'><strong>“me</strong></span> <span class='ocrx_word' id='word_1_851' title='bbox 894 5727 1091 5783; x_wconf 79' lang='lat' dir='ltr'><strong>leviter</strong></span> <span class='ocrx_word' id='word_1_852' title='bbox 1107 5729 1289 5800; x_wconf 79' lang='lat' dir='ltr'><strong>attigit</strong></span> <span class='ocrx_word' id='word_1_853' title='bbox 1311 5729 1583 5787; x_wconf 85' lang='lat' dir='ltr'><strong>Leontius</strong></span> <span class='ocrx_word' id='word_1_854' title='bbox 1602 5742 1657 5787; x_wconf 84' lang='lat' dir='ltr'><strong>et</strong></span> <span class='ocrx_word' id='word_1_855' title='bbox 1679 5734 1823 5788; x_wconf 90' lang='lat' dir='ltr'><strong>libro</strong></span> <span class='ocrx_word' id='word_1_856' title='bbox 1846 5734 1920 5789; x_wconf 87' lang='lat' dir='ltr'><strong>De</strong></span> <span class='ocrx_word' id='word_1_857' title='bbox 1940 5736 2115 5802; x_wconf 71' lang='lat' dir='ltr'><strong>sectis,</strong></span> 
     </span>
    </p>
   </div>
   <div class='ocr_carea' id='block_1_110' title="bbox 525 5810 743 5852">
    <p class='ocr_par' dir='ltr' id='par_1_110' title="bbox 525 5810 743 5852">
     <span class='ocr_line' id='line_1_110' title="bbox 525 5810 743 5852; baseline 0 0"><span class='ocrx_word' id='word_1_858' title='bbox 525 5810 659 5852; x_wconf 78' lang='lat' dir='ltr'><strong>sect.</strong></span> <span class='ocrx_word' id='word_1_859' title='bbox 692 5810 743 5852; x_wconf 73' lang='grc' dir='ltr'><strong>ὅ.</strong></span> 
     </span>
    </p>
   </div>
   <div class='ocr_carea' id='block_1_111' title="bbox 2283 5447 3813 5522">
    <p class='ocr_par' dir='ltr' id='par_1_111' title="bbox 2283 5447 3813 5522">
     <span class='ocr_line' id='line_1_111' title="bbox 2283 5447 3813 5522; baseline 0.007 -19"><span class='ocrx_word' id='word_1_860' title='bbox 2283 5449 2394 5522; x_wconf 56' lang='grc' dir='ltr'><strong>αὖ)</strong></span> <span class='ocrx_word' id='word_1_861' title='bbox 2435 5449 2593 5522; x_wconf 77' lang='lat' dir='ltr'><strong>Edita</strong></span> <span class='ocrx_word' id='word_1_862' title='bbox 2639 5447 2742 5503; x_wconf 87' lang='lat' dir='ltr'><strong>fuit</strong></span> <span class='ocrx_word' id='word_1_863' title='bbox 2790 5449 2907 5505; x_wconf 64' lang='lat' dir='ltr'><strong>hinc</strong></span> <span class='ocrx_word' id='word_1_864' title='bbox 2951 5450 3187 5522; x_wconf 85' lang='lat' dir='ltr'><strong>epistola</strong></span> <span class='ocrx_word' id='word_1_865' title='bbox 3223 5466 3254 5505; x_wconf 91' lang='lat' dir='ltr'><strong>a</strong></span> <span class='ocrx_word' id='word_1_866' title='bbox 3296 5449 3359 5507; x_wconf 86' lang='lat' dir='ltr'><strong>L.</strong></span> <span class='ocrx_word' id='word_1_867' title='bbox 3403 5452 3710 5511; x_wconf 76' lang='lat' dir='ltr'><strong>lluratorio</strong></span> <span class='ocrx_word' id='word_1_868' title='bbox 3750 5459 3813 5515; x_wconf 88' lang='lat' dir='ltr'><strong>in</strong></span> 
     </span>
    </p>
   </div>
   <div class='ocr_carea' id='block_1_112' title="bbox 2212 5520 3813 5594">
    <p class='ocr_par' dir='ltr' id='par_1_112' title="bbox 2212 5520 3813 5594">
     <span class='ocr_line' id='line_1_112' title="bbox 2212 5520 3813 5594; baseline 0.006 -20"><span class='ocrx_word' id='word_1_869' title='bbox 2212 5520 2489 5594; x_wconf 76' lang='lat' dir='ltr'><strong>Anecdotis</strong></span> <span class='ocrx_word' id='word_1_870' title='bbox 2549 5520 2768 5594; x_wconf 55' lang='lat' dir='ltr'><strong>(graecis,</strong></span> <span class='ocrx_word' id='word_1_871' title='bbox 2803 5522 2897 5594; x_wconf 70' lang='lat' dir='ltr'><strong>qui</strong></span> <span class='ocrx_word' id='word_1_872' title='bbox 2935 5520 3221 5575; x_wconf 72' lang='lat' dir='ltr'><strong>eteadem</strong></span> <span class='ocrx_word' id='word_1_873' title='bbox 3265 5522 3413 5594; x_wconf 85' lang='lat' dir='ltr'><strong>Julio</strong></span> <span class='ocrx_word' id='word_1_874' title='bbox 3443 5539 3617 5594; x_wconf 69' lang='lat' dir='ltr'><strong>papae,</strong></span> <span class='ocrx_word' id='word_1_875' title='bbox 3662 5526 3813 5585; x_wconf 89' lang='lat' dir='ltr'><strong>duce</strong></span> 
     </span>
    </p>
   </div>
   <div class='ocr_carea' id='block_1_113' title="bbox 2217 5590 3811 5669">
    <p class='ocr_par' dir='ltr' id='par_1_113' title="bbox 2217 5590 3811 5669">
     <span class='ocr_line' id='line_1_113' title="bbox 2217 5590 3811 5669; baseline -0.002 -25"><span class='ocrx_word' id='word_1_876' title='bbox 2217 5591 2523 5669; x_wconf 63' lang='lat' dir='ltr'><strong>praesertim</strong></span> <span class='ocrx_word' id='word_1_877' title='bbox 2572 5590 2810 5669; x_wconf 80' lang='lat' dir='ltr'><strong>Leontio</strong></span> <span class='ocrx_word' id='word_1_878' title='bbox 2864 5590 2936 5644; x_wconf 84' lang='lat' dir='ltr'><strong>De</strong></span> <span class='ocrx_word' id='word_1_879' title='bbox 2975 5600 3245 5669; x_wconf 55' lang='lat' dir='ltr'><strong>accusem.</strong></span> <span class='ocrx_word' id='word_1_880' title='bbox 3299 5592 3352 5669; x_wconf 81' lang='lat'><strong>8_,</strong></span> <span class='ocrx_word' id='word_1_881' title='bbox 3384 5590 3619 5669; x_wconf 71' lang='lat' dir='ltr'><strong>prorsus</strong></span> <span class='ocrx_word' id='word_1_882' title='bbox 3640 5597 3811 5669; x_wconf 55' lang='grc' dir='ltr'><strong>πλη-</strong></span> 
     </span>
    </p>
   </div>
   <div class='ocr_carea' id='block_1_114' title="bbox 2219 5659 3803 5741">
    <p class='ocr_par' dir='ltr' id='par_1_114' title="bbox 2219 5659 3803 5741">
     <span class='ocr_line' id='line_1_114' title="bbox 2219 5659 3803 5741; baseline 0.009 -27"><span class='ocrx_word' id='word_1_883' title='bbox 2219 5659 2520 5741; x_wconf 81' lang='lat' dir='ltr'><strong>dicavit__i_n</strong></span> <span class='ocrx_word' id='word_1_884' title='bbox 2553 5660 2814 5741; x_wconf 74' lang='lat' dir='ltr'><strong>perdocta</strong></span> <span class='ocrx_word' id='word_1_885' title='bbox 2866 5675 3032 5741; x_wconf 77' lang='lat' dir='ltr'><strong>quam</strong></span> <span class='ocrx_word' id='word_1_886' title='bbox 3074 5659 3803 5741; x_wconf 57' lang='lat' dir='ltr'><strong>subtexuitjlisquisitione,</strong></span> 
     </span>
    </p>
   </div>
   <div class='ocr_carea' id='block_1_115' title="bbox 2222 5730 3441 5803">
    <p class='ocr_par' dir='ltr' id='par_1_115' title="bbox 2222 5730 3441 5803">
     <span class='ocr_line' id='line_1_115' title="bbox 2222 5730 3441 5803; baseline 0.004 -19"><span class='ocrx_word' id='word_1_887' title='bbox 2222 5742 2277 5785; x_wconf 91' lang='lat' dir='ltr'><strong>et</strong></span> <span class='ocrx_word' id='word_1_888' title='bbox 2312 5730 2649 5801; x_wconf 82' lang='lat' dir='ltr'><strong>Apollinaris</strong></span> <span class='ocrx_word' id='word_1_889' title='bbox 2712 5732 2959 5787; x_wconf 73' lang='lat' dir='ltr'><strong>lueretici</strong></span> <span class='ocrx_word' id='word_1_890' title='bbox 3009 5747 3133 5788; x_wconf 86' lang='lat' dir='ltr'><strong>esse</strong></span> <span class='ocrx_word' id='word_1_891' title='bbox 3183 5735 3441 5803; x_wconf 88' lang='lat' dir='ltr'><strong>pervicit.</strong></span> 
     </span>
    </p>
   </div>
  </div>
