4094 6334
250 346 385 410 132-0

1433 347 1731 407 CUNTRA
1770 342 2371 406 MOXOPHYSITAS.

3410 337 3539 402 .19?“

248 452 609 525 παράγεσθαι
635 472 647 484 ’
688 452 846 521 δῆλον
874 451 984 521 γὰρ
1026 452 1109 504 ὅτι
1158 452 1187 522 ἦ
1236 452 1322 504 διὰ
1360 452 1457 518 τὴν
1485 453 1739 523 διαϐολὴν
1769 452 1860 505 τοῦ

1982 458 2165 516 ιοιοει,
2204 448 2353 519 quod
2381 462 2499 501 eam
2532 462 2712 518 neque
2743 447 3057 511 Dioscorus,
3086 464 3260 518 neque
3289 448 3548 514 Severus,

252 546 527 610 εἰπόντος,
584 546 621 615 ἢ
687 544 785 615 τὴν
835 543 1141 615 ὑπερϐολὴν
1187 543 1280 597 τοῦ
1339 544 1712 615 ἀσεϐήματος,
1768 545 1861 597 καὶ

254 639 491 701 ἐκείνοις
519 641 641 702 τοῖς
674 636 797 689 λίαν
836 636 1261 707 προσκειμένοις
1304 636 1383 706 τῷ
1431 637 1685 708 δόγματι,
1718 654 1860 705 παρ-

261 730 424 799 ὠφθη
455 730 643 783 πάντα
672 728 741 781 τά
785 727 1005 781 Ἰουλίου
1040 727 1155 780 «at
1206 726 1316 780 τῶν
1349 728 1554 781 λοιπῶν
1600 729 1861 800 Πατέρων

266 822 538 893 μυριάκις
571 819 880 883 σπουδαίως
932 819 1483 890 περιεργασαμένων,
1517 810 1603 873 ἴνα
1632 837 1686 872 τι
1728 818 1863 890 πρὸς

263 912 607 982 συνηγορίαν
656 911 753 965 τοῦ
809 910 1015 964 οἰκείου
1064 911 1419 983 φρονήματος
1472 907 1860 974 ἁναλέξωνται.

265 1006 488 1067 Ἄλλως
512 1021 575 1057 τε
601 1002 679 1075 τῷ
721 1021 784 1073 γε
817 1003 992 1074 ψιλῶς
1036 1019 1154 1067 πως
1195 1007 1309 1067 τοῖς
1360 1004 1733 1074 Ἀπολιναρίου
1776 1005 1863 1056 ὲν-

262 1096 602 1165 τυγχᾶνοντι
633 1092 1089 1163 προγενεστέροις
1130 1092 1532 1163 συγγράμμασι
1576 1091 1708 1161 περὶ
1756 1092 1866 1158 τῆς

262 1186 643 1255 οἷκονομίας,
690 1184 799 1236 οὐδ’
842 1183 1173 1255 ἀμφιϐολίας
1226 1181 1364 1238 εἶναι
1417 1183 1566 1249 ἄξιον
1612 1184 1753 1249 δόξει
1803 1184 1865 1237 τὸ

262 1278 500 1349 γνήσιον
530 1275 678 1345 αὐτῷ
709 1275 873 1343 τῆσδε
923 1276 1025 1339 τῆς
1056 1278 1307 1346 χρήσεως
1328 1293 1345 1307 ο
1395 1276 1506 1330 ἄνω
1547 1294 1605 1328 τε
1631 1277 1741 1347 γὰρ
1769 1277 1864 1329 καὶ

265 1369 421 1422 κατά
454 1370 522 1423 τὰ
550 1368 644 1422 δύο
673 1369 813 1439 μέρη
842 1369 939 1439 τῆς
968 1367 1181 1437 φύσεως
1211 1367 1470 1439 Χριστοῦ,
1512 1367 1671 1437 σῶμα
1705 1369 1864 1437 μόνον

266 1464 375 1515 καὶ
410 1462 645 1532 θεότητά
680 1478 833 1531 φησι,
863 1462 1043 1531 σάρκα
1089 1461 1186 1532 τὴν
1223 1460 1300 1524 ὡς
1343 1460 1524 1529 σῶμα,
1559 1462 1618 1513 οὑ
1649 1462 1757 1531 μὴν
1785 1461 1864 1522 ὡς

266 1554 376 1608 ἀνθ
387 1555 680 1624 ρωπότητα
699 1552 765 1607 λα
774 1554 946 1622 μϐανο
954 1553 1123 1622 μένην
1141 1555 1233 1605 καὶ
1249 1553 1423 1615 Λόγον
1444 1570 1460 1583 ο
1490 1551 1586 1606 ἀνθ
1597 1570 1769 1622 ρωποε
1781 1553 1863 1622 ιδῆ

266 1645 333 1697 δὲ
373 1642 475 1711 τὴν
526 1642 765 1714 Χριστοῦ
814 1642 1011 1694 ἕνωσιν
1060 1641 1251 1695 καλεῖ·
1287 1643 1425 1714 ὅπερ
1474 1637 1543 1713 ἦν
1575 1642 1863 1695 ίδιαίτατον

265 1734 491 1787 ἐκείνου
531 1733 708 1804 δόγμα
747 1732 1019 1801 λέγοντος,
1056 1732 1226 1786 πάλαι
1264 1734 1361 1804 μὲν
1394 1733 1516 1786 ἀντὶ
1545 1732 1725 1803 ψυχῆς
1753 1732 1861 1786 σώ-

1964 550 2068 596 nec
2119 541 2210 595 alii
2268 547 2486 595 veteres
2534 539 2700 611 hujus
2758 539 3059 610 impietatis
3108 541 3355 612 magistri
3418 559 3533 613 pro.

1964 634 2249 689 duxerint.
2300 633 2660 703 Perspicuum
2704 632 2853 687 enim
2892 643 2977 689 est
3025 642 3081 689 et
3126 634 3227 688 bos
3270 634 3418 704 ipsos
3455 637 3547 705 qui

1964 726 2099 780 huic
2123 726 2365 797 dOgmati
2397 726 2642 795 impense
2676 725 2884 791 favent,
2916 727 3000 781 vel
3032 737 3220 796 aperta
3252 728 3549 792 calumnia,

1966 820 2051 873 vel
2103 819 2273 872 nimia
2306 818 2586 888 impietate
2623 818 2941 883 deterritos,
2977 818 3081 875 hac
3105 820 3158 873 in
3188 835 3246 874 re
3274 822 3553 889 praeterire

1969 912 2223 966 consulto
2275 911 2409 967 Julii
2454 912 2805 981 aliorumque
2840 912 3064 967 Patrum
3115 926 3281 981 opera
3343 915 3543 967 omnia.

1962 1018 2094 1057 cum
2126 1002 2468 1072 caeteroquin
2503 1002 2557 1056 in
2617 1018 2684 1057 eo
2731 1002 2816 1057 vel
2865 1003 3101 1057 maxime
3146 1002 3397 1057 laborare
3425 1020 3550 1058 con-

1970 1096 2277 1159 sueverint,
2310 1101 2370 1148 ut
2391 1110 2458 1149 ex
2489 1110 2680 1149 eorum
2706 1093 2927 1164 scriptis
2954 1096 3314 1150 auctoritates
3339 1096 3555 1166 aliquas

1966 1187 2033 1240 ad
2059 1202 2171 1241 suae
2187 1185 2475 1241 sententia:
2492 1186 2878 1255 probationem
2921 1186 3335 1256 depromerent.
3365 1187 3551 1254 Quan—

1966 1294 2132 1347 quam
2165 1278 2257 1347 qui
2304 1278 2638 1348 Apollinaris
2666 1286 2882 1332 vetusta
2918 1278 2995 1331 De
3042 1278 3239 1334 Christi
3272 1279 3551 1350 dispensa-

1968 1373 2108 1423 tione
2127 1369 2333 1440 scripta
2356 1369 2551 1438 primis
2571 1369 2742 1423 labris
2759 1368 2960 1439 attigit,
2986 1385 3054 1424 ne
3074 1369 3303 1439 dignum
3330 1369 3557 1439 quidem

1966 1463 2205 1532 putabit,
2247 1460 2393 1531 quod
2430 1462 2489 1515 in
2542 1460 2771 1514 dubium
2810 1460 2863 1514 id
2904 1469 3228 1527 revocetur;
3278 1464 3421 1515 sitne
3466 1477 3530 1531 ge

1966 1555 2221 1617 nuinum,
2268 1568 2475 1615 annon,
2528 1551 2636 1606 hoc
2676 1550 2808 1606 Julii
2865 1551 3270 1606 testimonium.
3347 1553 3558 1607 Passim

1961 1642 2115 1696 enim
2152 1657 2277 1697 cum
2312 1642 2452 1696 duas
2494 1638 2703 1695 Christi
2736 1646 2949 1694 natura:
2977 1649 3183 1709 partes,
3212 1654 3416 1709 corpus
3450 1642 3560 1695 sci-

1967 1736 2097 1789 licet
2155 1735 2357 1797 solum,
2403 1743 2567 1802 atque
2602 1731 2948 1785 divinitatem
2991 1741 3417 1796 commemorat;
3446 1744 3560 1788 tum

272 1843 418 1897 ματι
450 1825 777 1896 ἀνθρωπείῳ
811 1824 1130 1895 ἐγγενέσθαι
1173 1823 1272 1895 τὴν
1321 1824 1550 1894 θεότητα
1598 1825 1693 1877 κα)⁵
1741 1823 1867 1893 μίαν

1982 1827 2212 1881 Verbum
2256 1826 2553 1879 humanam
2586 1824 2854 1878 duntaxat
2883 1839 3129 1891 carnem,
3165 1840 3370 1894 corpus
3405 1827 3555 1881 scili.

269 1918 449 1988 φύσιν
480 1918 780 1991 ἀπαρτίσαι
807 1918 1015 1989 ἄψυχον
1040 1918 1194 1974 θείαν
1221 1919 1313 1971 τὸν
1345 1918 1606 1988 Χριστὸν,
1641 1916 1868 1989 ὕστερον

1982 1928 2077 1982 :et,
2110 1934 2217 1973 non
2242 1918 2511 1987 integram
2545 1916 2943 1971 humanitatem
2974 1916 3337 1986 assumpsisse
3365 1919 3562 1987 praedi-

265 2011 332 2064 δὲ
366 2011 679 2079 ὑφήσαντος
720 2009 904 2075 ποσῶς
950 2014 1016 2081 τῇ
1073 2011 1297 2081 ἀσεϐείᾳ
1329 2010 1450 2062 ἀντὶ
1499 2009 1591 2062 νοῦ
1636 2008 1871 2079 ψυχικοῦ

1982 2019 2081 2071 cat,
2114 2018 2277 2078 atque
2300 2007 2506 2063 Christi
2532 2006 2996 2077 compositionem
3039 2008 3296 2064 humana:
3325 2010 3561 2064 similem

271 2105 488 2154 ἐνεῖναι
518 2102 618 2174 τὴν
649 2101 879 2172 θεότητα
921 2104 979 2155 ἐν
1022 2102 1243 2173 Χριστῷ
1277 2104 1417 2171 μετὰ
1449 2102 1543 2155 τοῦ
1574 2103 1751 2169 Λόγου
1775 2102 1874 2171 τῆς

265 2194 459 2264 ψυχῆς
492 2191 693 2262 μέρους
740 2192 1188 2262 δογματίζοντος·
1222 2194 1337 2247 ἀλλ’
1365 2193 1516 2247 οὕτω
1560 2194 1660 2265 μὲν
1694 2191 1875 2263 εὐφώ-

270 2304 449 2356 ρατος
479 2288 510 2355 ἡ
548 2288 690 2340 κατά
721 2287 815 2340 τοῦ
840 2272 1062 2356 Πατρὺς
1096 2288 1182 2342 διά
1229 2289 1328 2359 τῆς
1354 2287 1666 2357 ἐπιγραφῆς
1701 2303 1864 2339 συκο-

268 2377 487 2443 φαντία
517 2395 530 2410 ·
560 2379 592 2447 ἠ
622 2378 677 2430 δὲ
704 2377 846 2431 κατά
871 2378 965 2431 τοῦ
996 2379 1202 2450 Κυρίου
1226 2378 1548 2449 βλασφημία
1580 2378 1679 2449 ὅση
1722 2381 1869 2430 ἐστίν

269 2473 338 2522 ὲν
395 2469 574 2522 τοῖσδε
646 2471 759 2532 τοῖς
818 2470 1111 2541 ρησειδίοις
1177 2470 1499 2535 ἐξεταστέον
1559 2470 1745 2524 λοιπὸν
1805 2470 1869 2523 τὰ

272 2559 511 2611 πλεῖστα
544 2560 602 2611 ἐν
635 2559 819 2623 αὐτοῖς
847 2558 1104 2627 ἀλόγιστοι
1134 2558 1257 2612 καθ’
1290 2559 1348 2611 ἓν
1384 2558 1796 2629 βασανίζοντας.

1974 2102 2236 2171 appellat,
2279 2099 2425 2170 quod
2478 2108 2600 2154 erat
2648 2100 2990 2170 praecipuum
3024 2100 3198 2169 ipsius
3239 2100 3563 2170 Apollinarii

1976 2194 2196 2261 dogma,
2241 2194 2336 2263 qui
2377 2192 2616 2263 primum
2686 2192 2925 2247 asseruit
2975 2192 3324 2247 divinitatem
3373 2194 3568 2248 animae

1974 2286 2152 2340 vicem
2196 2299 2409 2355 gerere,
2439 2299 2740 2353 -unamque
2775 2284 2946 2338 solam
2978 2284 3032 2338 in
3061 2284 3282 2340 Christo
3312 2293 3565 2340 naturam

1976 2376 2220 2431 divinam
2271 2376 2456 2429 anima
2508 2374 2831 2432 destitutam
2877 2392 3034 2438 esse;
3079 2376 3281 2432 deinde
3313 2378 3565 2432 nonnihil

1978 2469 2045 2521 de
2080 2468 2362 2536 impietate
2394 2483 2491 2521 sua
2536 2466 2947 2536 quodammodo
2977 2467 3333 2533 remittendo,
3370 2470 3570 2523 mentis

1980 2560 2234 2613 humanae
2262 2559 2529 2612 duntaxat
2550 2558 2728 2612 cilicio
2752 2557 2904 2628 fungi
2932 2558 3282 2615 divinitatem
3320 2559 3377 2613 in
3404 2559 3568 2614 Chri-

273 2650 353 2703 sti
402 2648 584 2703 anima
628 2649 838 2714 docuit,
894 2649 1198 2718 asseritque
1245 2650 1485 2705 Verbum
1520 2665 1643 2705 esse
1693 2649 1868 2719 ipsius
1906 2652 2102 2704 animae
2143 2659 2353 2719 partem
2423 2649 2581 2715 Quod
2654 2653 2837 2718 itaque
2883 2649 3105 2707 laudata
3175 2650 3413 2718 epistola
3438 2666 3572 2721 per-

270 2756 479 2812 peram
523 2740 669 2796 Julio
718 2741 1015 2807 tribuatur,
1067 2757 1133 2795 ex
1171 2741 1336 2796 dictis
1362 2740 1653 2795 manifeste
1686 2742 1859 2811 liquet
1899 2760 1912 2795 :
1954 2750 2156 2811 quanta
2185 2756 2317 2795 vero
2362 2756 2461 2804 per
2489 2756 2609 2795 eam
2659 2740 2882 2796 Christo
2924 2742 3155 2796 Domino
3220 2744 3314 2795 ﬁat
3344 2742 3570 2813 injuria,

289 2829 673 2886 consideranti
758 2830 1002 2901 patebit,
1047 2831 1094 2886 si
1155 2831 1381 2886 voculas
1460 2830 1636 2901 ipsas,
1689 2847 1993 2902 earumque
2080 2831 2317 2885 maxima
2399 2831 2644 2885 absurda
2729 2842 2986 2886 accurate
3052 2832 3398 2903 perpendere
3474 2850 3574 2889 ve-

268 2924 473 2978 limus.

358 3033 378 3065 ι
411 3014 525 3068 Μία
571 3014 734 3083 φύσις
764 3015 902 3076 ἐστὶ,
954 3015 1109 3086 φησὶ,
1157 3015 1346 3088 ἐπειδὴ
1388 3016 1680 3087 πρόσωπον
1726 3016 1804 3071 ἓν.
1844 3036 1861 3067 ι

270 3104 434 3178 Ἀρα
458 3103 553 3160 οῦν
571 3109 708 3161 ὅπου
742 3108 966 3162 πλείονα
993 3108 1284 3179 πρόσωπα,
1317 3110 1531 3171 πάντως
1562 3111 1654 3162 καὶ
1682 3108 1871 3178 φύσεις

272 3200 537 3262 πλείους·
575 3202 672 3253 καὶ
717 3200 823 3270 μὴν
855 3200 983 3273 τρία
1028 3200 1096 3253 τὰ
1131 3201 1250 3253 θεῖα
1296 3201 1586 3271 πρόσωπα,
1624 3200 1784 3270 φύσις
1818 3201 1874 3254 δὲ

2054 3032 2073 3065 ι
2111 3017 2233 3072 Una
2280 3025 2477 3069 natura
2517 3024 2621 3079 est,
2672 3015 2769 3081 ait,
2821 3016 3271 3085 quandoquidem
3328 3034 3439 3073 una
3486 3034 3575 3082 es;

1981 3121 2236 3175 persona.
2271 3125 2288 3156 ι
2324 3105 2584 3174 Nunquid
2613 3120 2744 3175 ergo
2780 3105 2875 3159 ubi
2917 3115 3046 3160 sunt
3073 3121 3331 3176 personae
3362 3109 3572 3178 plures.

1985 3196 2063 3251 ibi
2114 3211 2335 3266 quoque
2376 3203 2504 3249 sunt
2542 3204 2752 3250 uaturre
2795 3194 3014 3264 plures?
3061 3196 3228 3266 Atqui
3262 3206 3375 3251 tres
3408 3197 3463 3251 in
3491 3197 3574 3252 di-

278 3294 389 3361 μία
414 3310 429 3322 ⁵
458 3285 542 3354 οἷς
567 3292 806 3361 ἔμπαλιν
836 3292 947 3363 ἔχει
975 3293 1002 3345 6
1021 3296 1119 3363 τῆς
1155 3293 1467 3363 οἰκονομίας
1493 3293 1678 3362 λόγος,
1774 3312 1876 3364 φη-

1987 3289 2215 3344 vinitate
2259 3298 2389 3343 sunt
2434 3303 2704 3359 personae,
2738 3297 2936 3342 natura
2984 3296 3166 3343 tamen
3197 3303 3349 3342 una:
3380 3298 3573 3343 contra

280 3402 373 3437 σιν
402 3386 431 3437 6
458 3385 711 3453 θεολόγος
737 3385 1059 3456 Γρηγόριος.
1091 3384 1213 3438 Ἔτι
1240 3387 1347 3459 μὴν
1376 3387 1499 3440 ἐπεὶ
1527 3387 1618 3439 καὶ
1657 3387 1749 3440 τοῦ
1778 3387 1881 3457 p.6-

278 3475 417 3542 δρου
444 3475 745 3539 ὑπόστασις
778 3476 897 3544 μία,
951 3477 1127 3529 είτουν
1178 3477 1492 3547 πρόσωπον,
1518 3475 1618 3545 μία
1650 3477 1746 3529 ναὶ
1791 3476 1885 3531 τοῦ

278 3569 345 3620 ἐν
374 3566 529 3637 αὐτῷ
558 3567 732 3637 πυρὸς
754 3566 851 3619 καὶ
880 3567 1100 3639 σιδήρου
1134 3566 1297 3636 φύσις
1331 3567 1513 3621 ἐστίν·
1543 3568 1575 3638 ἢ
1607 3568 1761 3636 παρά
1784 3567 1884 3630 τὰς

285 3653 479 3713 κοινὰς
510 3654 723 3716 ἑννοίας
770 3653 1070 3724 δοξάζομεν
1116 3654 1265 3712 τάδε.
1321 3650 1457 3708 Εἷτά
1516 3672 1669 3725 φησι,
1723 3674 1741 3707 ι
1774 3657 1887 3709 Ούκ

283 3745 417 3814 ἔχον
446 3748 529 3808 είς
558 3744 653 3799 δύο
682 3746 969 3818 διαίρεσιν,
1007 3748 1131 3799 ἐπεὶ
1165 3748 1239 3817 μὴ
1278 3748 1383 3801 ίδία
1429 3747 1590 3816 φύσις
1625 3749 1657 3817 ή
1697 3746 1889 3814 θεότης

288 3837 435 3889 κατὰ
472 3837 577 3904 τὴν
608 3838 905 3906 σάρκωσιν.
948 3856 968 3890 ι
1010 3838 1083 3891 Τὸ
1129 3834 1244 3903 οῦν,
1277 3839 1404 3903 ίδία,
1427 3838 1585 3893 τοῦτό
1608 3855 1808 3910 φησιν’
1839 3841 1888 3891 εἰ

293 3928 396 3995 μὲν
430 3928 574 3980 κατά
598 3928 785 3995 τόπον,
832 3930 1004 3994 ὅντως
1052 3931 1153 3983 οὒκ
1187 3930 1337 3983 ἔστιν
1368 3931 1477 4002 ἰδίᾳ
1521 3930 1748 4001 θάτερον
1779 3931 1888 3983 ἀπὸ

289 4018 571 4087 θατέρου*
619 4020 723 4073 οὐκ
758 4020 874 4073 ἔστι
925 4020 1033 4092 γὰρ
1076 4023 1259 4085 αὐτοῖς
1315 4022 1542 4086 τοπικὸς
1586 4022 1887 4097 διορισμὸς,

287 4111 373 4161 ὃτι
402 4110 463 4160 ὲν
487 4108 564 4178 τῷ
588 4110 917 4182 ἀνθρωπίνῳ
941 4111 1037 4164 τοῦ
1086 4110 1327 4181 Χριστοῦ
1386 4116 1634 4165 κατοικεῖ
1682 4114 1791 4165 πᾶν
1826 4111 1890 4164 τὸ

287 4201 575 4269 πλήρωμα
605 4200 706 4269 τῆς
737 4199 990 4271 θεότητος
1024 4200 1353 4271 σωματικῶς
1374 4215 1389 4230 ⁸
1424 4203 1472 4253 εί
1520 4201 1577 4254 δὲ
1604 4200 1747 4254 κατά
1782 4199 1888 4254 Λό-

288 4310 415 4360 γον,
443 4293 548 4344 οὐκ
578 4293 726 4343 ἐστιν
760 4293 999 4361 ἑκατέρα
1030 4292 1310 4355 ίδιὰξουσα
1341 4293 1502 4361 φύσις
1538 4294 1602 4346 ἐκ
1631 4291 1885 4362 θατέρας·

286 4384 455 4438 τοῦτο
483 4384 593 4452 γὰρ
624 4384 917 4453 ἐσαφήνιζε
966 4384 1057 4437 διὰ
1100 4385 1211 4438 τῶν
1249 4384 1388 4455 μετά
1418 4383 1647 4454 βραχέα,
1673 4383 1847 4451 λέγων
1873 4399 1884 4412 ·

294 4496 313 4527 ο
354 4475 509 4528 Μίαν
565 4475 939 4545 ὁμολογοῦμεν
993 4476 1153 4543 φύσιν
1199 4477 1297 4545 τῆς
1342 4475 1586 4539 ἀπαθοῦς
1635 4473 1890 4538 θεότητος

289 4567 389 4618 καὶ
445 4564 548 4631 τῆς
582 4564 835 4634 παθητῆς
875 4564 1111 4633 σαρκόςο
1161 4565 1256 4617 καὶ
1286 4561 1410 4615 οὔτε
1451 4562 1483 4631 ἡ
1530 4559 1768 4614 ἀπάθεια
1794 4558 1887 4612 τοῦ

1989 3395 2123 3434 vero
2158 3394 2217 3433 se
2253 3394 2341 3433 res
2385 3378 2551 3433 habet
2600 3379 2654 3432 in
2704 3379 2821 3448 ipsa
2868 3376 3074 3432 Christi
3134 3377 3574 3448 dispensatione,

1992 3478 2133 3526 teste
2166 3470 2434 3540 Gregorio
2465 3469 2766 3541 Theologo.
2800 3469 3074 3525 Praeterea
3102 3485 3234 3524 cum
3266 3469 3406 3525 ferri
3439 3485 3540 3523 ean
3561 3502 3576 3515 -

1990 3559 2173 3615 dentis
2223 3576 2330 3614 una
2375 3560 2448 3615 sit
2480 3561 2859 3625 subsistentia,
2892 3576 2989 3615 seu
3026 3576 3285 3630 persona;
3323 3562 3575 3631 nunquid

1989 3666 2099 3705 una
2145 3651 2200 3704 in
2231 3666 2298 3706 eo
2324 3658 2381 3705 et
2416 3650 2578 3721 ignis,
2624 3659 2681 3705 et
2729 3650 2862 3705 ferri
2891 3651 3126 3710 natura?
3152 3651 3351 3706 llaecne
3381 3659 3579 3708 contra

1990 3758 2316 3798 communes
2361 3758 2392 3798 a
2443 3750 2639 3797 natura
2670 3742 2833 3798 nobis
2863 3742 3059 3797 insitas
3094 3742 3245 3815 leges
3275 3745 3350 3798 ita
3390 3760 3448 3799 se
3484 3745 3582 3798 ha-

1992 3836 2126 3890 bere
2170 3833 2473 3905 putamus?
2515 3832 2718 3903 Adjicit
2781 3832 2981 3889 deinde
3030 3853 3045 3887 :
3101 3853 3119 3885 r
3154 3834 3286 3901 Quae
3342 3835 3397 3889 in
3442 3816 3583 3890 duas

1992 3928 2166 3983 dividi
2193 3926 2407 3996 nequit,
2431 3924 2877 3995 quandoquidem
2902 3924 3165 3981 divinitas
3184 3926 3330 3981 haud
3351 3927 3579 3981 scorsim

1992 4038 2024 4076 a
2064 4036 2229 4075 carne
2275 4027 2556 4088 assumpta
2592 4017 2647 4070 in
2675 4017 2900 4072 Christo
2940 4018 3214 4074 subsistit.
3249 4038 3267 4070 ι
3306 4020 3420 4075 Hoc
3462 4029 3580 4075 est:

1994 4112 2141 4183 quod
2193 4110 2393 4166 attinet
2420 4109 2491 4164 ad
2529 4109 2710 4163 locum
2738 4124 2868 4164 vere
2895 4125 3068 4164 unum
3098 4111 3332 4166 scorsim
3370 4111 3443 4165 ab
3476 4111 3585 4168 alio

1993 4204 2102 4259 ndn
2152 4202 2428 4266 subsistit,
2455 4200 2906 4270 quandoquidem
2935 4201 3056 4257 loco
3088 4218 3196 4255 non
3225 4202 3583 4273 distinguun-

1994 4305 2105 4355 tur,
2134 4308 2258 4348 eum
2308 4292 2364 4345 in
2406 4292 2645 4345 humana
2672 4290 2880 4346 Christi
2925 4306 3092 4347 carne
3126 4301 3238 4347 tota
3277 4292 3586 4348 divinitatis

1993 4384 2282 4457 plenitudo
2332 4382 2699 4452 corporaliter
2743 4382 2907 4452 degat
2944 4400 2957 4435 :
3011 4383 3157 4453 quod
3209 4398 3344 4439 vero
3373 4395 3587 4455 spectat

1992 4478 2062 4533 ad
2109 4477 2372 4535 Verbum,
2418 4474 2664 4544 profecto
2716 4473 2825 4527 dici
2879 4474 3073 4543 nequit
3128 4483 3383 4529 naturam
3421 4491 3585 4530 uuam

1993 4570 2226 4625 scorsim
2275 4567 2344 4621 ab
2393 4566 2501 4620 alia
2530 4565 2836 4621 secundum
2890 4581 2947 4621 se
2984 4566 3207 4637 degere,
3240 4567 3386 4637 quod
3422 4568 3588 4638 paulo

288 4659 497 4725 Λόγου,
533 4654 658 4707 οὕτε
691 4656 753 4707 τὸ
784 4656 952 4718 πάθος
983 4655 1079 4722 τῆς
1112 4656 1313 4724 σαρκὸς
1348 4654 1500 4718 ἴδιον,
1535 4654 1693 4724 δῆλον
1724 4654 1877 4705 nisi»

1997 4664 2119 4726 post
2143 4656 2215 4709 ita
2238 4656 2541 4712 declaravit
2566 4675 2581 4710 :
2622 4676 2639 4708 ι
2664 4658 2861 4721 Unam,
2896 4658 3095 4727 inquit,
3121 4657 3454 4713 conﬁtemur
3488 4675 3589 4712 na-

284 4748 370 4809 ὠς
403 4747 498 4799 καὶ
528 4746 560 4797 6
589 4745 760 4812 Λόγος
813 4744 985 4814 αὐτῆς
1026 4747 1107 4808 είς
1144 4745 1274 4798 ῖδιον
1324 4746 1482 4812 λόγον
1517 4742 1706 4808 ἔπαθε,
1738 4745 1886 4812 καὶὴ

293 4838 440 4908 σὰρξ
465 4838 584 4907 ἰδίῳ
632 4837 774 4908 λόγῳ
798 4836 899 4889 οὐκ
926 4836 1156 4890 ἔπαθεν·
1185 4836 1522 4905 ὲξωοποίησέ
1550 4854 1609 4889 τε
1640 4837 1701 4889 ού
1734 4836 1892 4906 μόνον

290 4934 323 4982 6
356 4930 531 4998 Λόγος
565 4930 666 4997 τὴν
701 4931 900 4998 σάρκα,
952 4928 1087 4981 ἀλλά
1140 4931 1235 4981 καὶ
1370 4930 1505 4999 σὰρξ
1562 4929 1654 4985 τόν
1700 4929 1890 4994 Λόγον,

294 5023 479 5074 εῐτουν
510 5021 543 5091 ὴ
576 5020 953 5090 ἀνθρωπότης,
978 5019 1011 5089 ἢ
1036 5020 1110 5083 ὡς
1141 5014 1294 5082 οὗτος
1319 5019 1488 5086 λέγει,
1520 5020 1580 5070 τὸ
1608 5018 1766 5087 σῶμα
1796 5018 1894 5088 τὴν

292 5130 552 5184 θεότητα.
609 5133 629 5165 ι

1997 4758 2174 4802 turam
2245 4748 2602 4818 impassibilis
2669 4748 3008 4814 divinitatis,
3078 4758 3244 4820 atque
3307 4750 3589 4819 passibilis

1995 4841 2196 4896 carnis.
2263 4841 2419 4907 Quod
2492 4858 2659 4911 porro
2724 4857 2905 4912 neque
2969 4857 3158 4897 carere
3236 4842 3589 4912 passionibus

1996 4931 2279 5002 proprium
2297 4935 2396 4987 Osit
2441 4932 2629 4996 Verbi,
2680 4947 2782 4987 nec
2828 4932 2898 4987 iis
2955 4932 3254 4987 obnoxium
3302 4932 3421 4987 ﬁeri
3450 4950 3589 5003 pro—

1998 5023 2182 5093 prium
2231 5026 2304 5079 sit
2357 5024 2575 5089 carnis;
2627 5024 2683 5078 id
2737 5040 2803 5079 ex
2852 5040 2918 5079 eo
2964 5024 3177 5094 liquido
3223 5034 3392 5094 patet,
3442 5027 3587 5094 quod

1999 5113 2241 5167 Verbum
2296 5115 2349 5167 in
2404 5114 2627 5183 propria
2659 5129 2893 5184 persona
2944 5129 3185 5184 passum,
3219 5132 3329 5170 non
3359 5116 3489 5169 item
3532 5117 3586 5170 in

292 5206 525 5276 propria
578 5221 815 5276 persona
866 5222 1023 5275 passa
1077 5220 1209 5261 caro
1243 5221 1371 5260 vere
1416 5204 1654 5258 dicatur.
1690 5204 1758 5258 Et
1788 5220 1896 5259 non
1941 5205 2105 5260 modo
2147 5206 2387 5261 Verbum
2439 5222 2685 5272 carnem,
2754 5208 2850 5263 sed
2884 5209 3050 5262 etiam
3087 5223 3219 5263 caro
3286 5207 3587 5263 vivificavt

297 5301 570 5365 Verbum,
600 5300 813 5357 scilicet
840 5298 1153 5356 humanitas
1174 5302 1304 5371 (vel,
1334 5312 1395 5356 ut
1424 5300 1515 5356 hic
1538 5300 1659 5363 ait),
1688 5315 1891 5369 corpus
1935 5300 2229 5355 vivificavit
2276 5300 2646 5357 divinitatem.
2675 5322 2692 5355 ι

365 5389 472 5448 ’Ὧν
505 5393 590 5457 τίς
622 5392 977 5465 βλασφημίας
1031 5394 1335 5467 ὑπέρτερος
1381 5392 1572 5461 λόγος;
1617 5392 1778 5445 um
1802 5393 1893 5445 τόν

294 5488 445 5561 περὶ.
485 5488 588 5551 τὰς
639 5487 862 5550 ἀσεϐεῖς
908 5485 1150 5551 διανοίας
1207 5485 1577 5557 συμϐαίνοντα
1627 5485 1790 5538 σάλον
1837 5484 1897 5549 ἐξ

298 5580 596 5650 ἀδρανείας
622 5579 716 5633 τοῦ
744 5578 999 5649 ψεύδους,
1023 5580 1120 5632 καὶ
1145 5578 1232 5632 διὰ
1253 5579 1364 5631 τῶν
1400 5576 1527 5648 ἑξῆς
1557 5577 1883 5647 σκοπητέον.

304 5690 323 5716 ι
353 5669 491 5724 Οὔτε
516 5671 624 5740 γὰρ
654 5670 715 5725 τὸ
755 5669 915 5739 σῶμα
956 5668 1078 5722 καθ’
1122 5669 1283 5723 ἑαυτὸ
1326 5668 1511 5738 φύσις,
1549 5667 1704 5737 φησὶ,
1760 5666 1895 5736 μηδὲ

300 5766 562 5828 ζωοποιδν
593 5765 714 5820 καθ’
743 5763 928 5831 ἑαυτὸ,
956 5762 1091 5834 μηδὲ
1131 5762 1514 5836 διατέμνεσοαι
1536 5761 1887 5830 δυνάμενον.»

2073 5393 2286 5459 Quibus
2328 5394 2462 5464 quid
2512 5396 2810 5465 absurdius
2843 5396 2950 5452 die:
2989 5405 3206 5467 potest.
3255 5396 3389 5467 quid
3415 5413 3443 5453 a
3470 5399 3588 5467 pie-

2001 5484 2130 5539 tatis
2190 5484 2405 5541 ratione
2450 5486 2720 5542 alienius?
2786 5487 2891 5543 Sed
2942 5488 3357 5544 consideremus
3407 5498 3465 5543 et
3522 5505 3591 5543 ex

1998 5579 2359 5647 sequentibus
2413 5580 2704 5649 impiarum
2735 5580 3135 5650 cogitationum
3167 5590 3362 5635 aestum
3390 5595 3455 5635 ac
3481 5579 3588 5635 llu-

1997 5678 2169 5733 ctum,
2216 5670 2311 5739 qui
2350 5671 2589 5725 instabili
2622 5672 2914 5727 mendacio
2946 5673 3267 5727 suscitatur.
3312 5688 3329 5721 ι
3361 5670 3577 5738 Corpus

2002 5760 2174 5825 enim,
2206 5760 2306 5828 ait,
2343 5777 2445 5817 nec
2487 5761 2666 5832 ipsum
2706 5778 2805 5829 per
2832 5778 2889 5817 se
2923 5764 3227 5819 subsistens
3260 5770 3454 5815 natura
3485 5772 3573 5815 est
