4094 6334
555 377 685 440 ἰδ’ῐί

1787 375 2086 433 LEONTH
2132 376 2307 433 BYZA
2321 375 2414 434 ΝΤ
2427 376 2441 432 i
2454 376 2533 434 Nl

3668 366 3800 430 πετο

553 505 730 558 neque
784 504 880 556 per
934 506 988 539 se
1037 487 1218 550 vitale,
1247 501 1347 538 nec
1389 484 1721 554 huiusmodi,
1761 485 1905 553 quod
1944 485 2118 538 scindi

2227 487 2365 554 "Ap:
2399 483 2528 551 γοῦν
2559 483 2745 553 ὥσπερ
2785 484 2885 534 οὐκ
2917 481 3025 550 ἔχει
3057 480 3114 532 τὸ
3157 480 3413 542 ζωοποιον
3451 480 3511 531 ἐκ
3541 479 3629 531 τοῦ
3668 481 3804 532 ἰδίου

554 589 734 649 queat.
772 603 786 630 ι
837 579 1094 647 Nunquid
1131 594 1262 648 ergo
1294 578 1423 646 quia
1463 593 1570 630 non
1617 577 1782 629 habet
1817 592 1883 630 ex
1936 577 2120 629 intima

552 673 634 726 sui
685 682 904 733 natura,
949 681 1009 723 ut
1061 671 1224 724 vitale
1261 671 1354 734 sit,
1388 685 1454 722 ne
1505 668 1637 721 illud
1678 669 1900 737 quidem
1936 669 2120 729 habet,

550 772 610 816 ut
659 762 836 816 scindi
883 763 1094 831 possit?
1131 777 1201 815 an
1251 776 1419 814 unum
1453 759 1676 829 quidem
1705 760 1773 814 ab
1804 760 1994 813 intima
2025 776 2122 813 sua

549 865 743 909 natura
768 855 951 915 habet,
992 855 1223 908 alterum
1258 869 1389 907 vero
1430 853 1819 922 nequaquam?
1868 854 1934 906 Ac
1965 853 2121 904 dein-

547 963 677 1016 ceps
717 963 784 1000 cx
830 945 1218 1015 conjunctione
1259 961 1384 998 cum
1438 959 1522 1007 eo,
1575 945 1721 1013 quod
1775 954 1970 997 natura
2026 961 2121 996 sua

547 1037 824 1091 vivificum
873 1047 956 1090 est
989 1045 1045 1091 et
1089 1035 1459 1097 individuum,
1508 1035 1748 1089 obtinuit
1803 1044 2119 1102 utrumque.

545 1128 702 1194 Quod
741 1128 786 1182 si
845 1137 997 1182 car-et
1023 1128 1139 1182 suis
1168 1127 1619 1198 proprietatibus,
1657 1136 1712 1181 et
1751 1126 1995 1194 corpOris
2022 1143 2113 1178 nn-

547 1217 669 1270 tura
690 1217 799 1270 vim
834 1232 989 1270 suam
1020 1216 1329 1270 exserendo
1353 1216 1524 1270 dividi
1568 1232 1627 1269 se
1667 1231 1827 1285 posse
1868 1216 2121 1284 patefecit

547 1308 601 1360 in
645 1307 868 1362 Christo
903 1324 914 1359 :
950 1307 993 1361 si
1021 1323 1207 1377 neque
1240 1308 1506 1371 Verbum,
1556 1323 1731 1376 neque
1768 1323 1894 1361 caro
1923 1308 2123 1361 discin-

544 1397 600 1450 di
629 1405 902 1466 poterant,
933 1397 1056 1464 quis
1096 1397 1458 1452 cirCumcisus
1480 1398 1602 1452 est?
1633 1398 1758 1467 quis
1791 1398 1958 1452 clavis
1987 1414 2121 1453 con-

547 1488 718 1540 ﬁxus?
752 1489 875 1556 quis
903 1488 1090 1542 lancea
1116 1489 1631 1543 transverberatus?
1652 1489 1766 1543 Nisi
1798 1489 1913 1542 iure
1938 1490 2120 1559 specie

546 1591 722 1645 tenus,
773 1589 828 1635 et
874 1580 1085 1636 umbra:
1129 1581 1426 1651 contigisse
1478 1581 1685 1636 dicant.

615 1672 909 1727 Videamus
943 1680 1126 1726 autem
1163 1683 1365 1743 quanta
1419 1682 1626 1728 scateat
1650 1674 1927 1728 dementia
1973 1675 2117 1743 quod

543 1763 821 1834 adjicitur.
853 1765 942 1818 Ait
974 1766 1121 1819 enim
1155 1785 1169 1819 :
1215 1789 1230 1816 ι
1259 1766 1446 1835 Neque
1483 1767 1724 1820 Verbum
1758 1767 1810 1819 in
1842 1767 2117 1836 propriam

544 1865 792 1909 naturam
827 1858 1157 1923 secernitur,
1197 1873 1360 1928 quam
1399 1858 1565 1912 habet
1597 1859 1649 1912 in
1687 1861 1869 1914 carnis
1896 1870 2118 1929 experte

542 1952 897 2006 divinitate.)
941 1950 1163 2005 Retinet
1205 1966 1359 2020 ergo,
1398 1951 1786 2019 sapientissimi
1838 1951 1965 2016 viri,
1998 1968 2121 2021 pro—

545 2045 719 2112 priam
777 2055 1026 2098 naturam
1076 2043 1318 2099 Verbum
1368 2043 1496 2112 (qua
1543 2044 1724 2097 carnis
1777 2057 1975 2112 expers
2012 2052 2117 2111 est)

541 2137 703 2189 etiam
753 2146 1107 2205 posteaquam
1171 2150 1391 2188 carnem
1461 2137 1774 2203 assumpsit.
1834 2135 2118 2198 Quomodo

540 2244 671 2297 ergo
719 2237 930 2282 vestros
971 2241 1080 2280 non
1111 2226 1493 2280 insectamini?
1532 2227 1740 2295 Ecquid
1771 2230 1836 2279 ad
1871 2229 1984 2281 haec
2015 2229 2118 2282 alia

543 2319 876 2387 respondere
907 2316 1066 2370 nobis
1098 2317 1388 2385 poteritis?
1419 2318 1498 2368 An
1527 2327 1581 2370 ct
1617 2317 1930 2372 humanitas
1958 2317 2119 2371 Chri—

540 2406 608 2457 sti
665 2404 902 2466 Domini,
947 2419 1050 2471 qua
1087 2418 1215 2456 caro
1248 2413 1352 2462 est.
1399 2420 1552 2456 suam
1604 2407 1804 2459 retinet
1839 2416 2114 2470 naturam,

538 2492 755 2546 etiamsi
806 2493 1044 2545 Verbum
1103 2507 1222 2546 eam
1279 2493 1462 2544 statim
1503 2503 1839 2561 procreatam
1880 2497 1982 2550 sibi
2023 2513 2116 2550 co-

538 2584 748 2652 pulavit
779 2602 790 2634 :
833 2599 898 2635 an
933 2582 1046 2636 sola
1072 2592 1268 2636 natura
1295 2584 1458 2636 Verbi
1495 2585 1676 2638 carnis
1701 2601 1900 2654 expers
1931 2588 1984 2640 in
2018 2604 2118 2642 suo

539 2685 683 2727 statu
724 2675 948 2731 mansit.
983 2684 1147 2743 atque
1178 2689 1314 2728 vana
1346 2675 1593 2743 quaedam
1633 2678 1840 2745 species
1872 2678 1974 2732 fuit
2003 2679 2114 2741 illa,

538 2782 644 2834 qua
692 2764 947 2820 Christus
997 2766 1234 2819 humana
1293 2782 1455 2822 carne
1503 2768 1762 2836 praeditus
1824 2771 2119 2839 apparuit?

538 2857 670 2910 Nam
725 2858 770 2910 si
809 2872 938 2910 vera
986 2871 1116 2910 caro
1169 2856 1382 2919 fuisset,
1432 2857 1553 2911 dua:
1615 2858 1863 2926 profecto
1912 2867 2120 2915 natura:

539 2947 924 3002 convenissent
987 2947 1042 3000 in
1097 2962 1291 3007 unam,
1349 2947 1708 3016 eamdemque
1770 2964 2116 3004 communem

538 3039 973 3095 subsistentiam.
1019 3038 1160 3105 Quid
1209 3039 1276 3094 ad
1314 3040 1466 3093 haec?
1512 3056 1694 3095 nonne
1743 3056 1840 3109 per
1891 3043 2118 3113 conjun-

2227 577 2404 642 λόγου,
2437 575 2607 638 οὕτως
2632 575 2752 628 οὐδὲ
2787 576 2846 627 τὸ
2880 573 3259 643 διατέμνεσθαι
3296 573 3406 642 ἔχει
3443 574 3505 623 ὲκ
3535 570 3628 623 τού
3666 571 3802 623 ἰδίου

2226 667 2384 734 λόγου
2420 669 2478 718 τὸ
2509 667 2703 735 σῶμτν
2741 666 2770 736 ἢ
2806 670 2865 717 ἐκ
2904 668 3001 735 μὲν
3036 665 3128 717 τοῦ
3176 664 3333 730 λόγου
3376 665 3473 733 τῆς
3530 663 3664 726 ἰδίας
3704 662 3803 729 φύ-

2226 776 2360 820 σεως
2393 758 2618 829 θάτερον
2650 758 2782 826 ἔχει,
2834 757 3019 826 ἕτερον
3066 757 3122 809 δὲ
3185 755 3282 806 οὖν
3330 759 3396 807 ἐκ
3435 754 3491 806 δὲ
3534 754 3633 823 τῆς
3665 754 3802 823 προς

2226 849 2485 912 ζωοποιὺν
2521 850 2613 902 καὶ
2665 851 2998 918 ἀδιάτμητον
3043 849 3200 918 φύσει
3237 846 3294 898 ὂν
3329 847 3593 909 ἑνὼσεως,
3624 845 3802 912 ἀμφόο

2223 957 2354 1010 τερα
2395 939 2619 992 ἔλαϐεν·
2685 938 2858 1001 ἄλλως
2896 940 2974 1003 δὲ,
3025 941 3072 990 εἰ
3136 938 3209 1007 μὴ
3259 937 3371 1006 ἔχει
3422 937 3490 987 τὰ
3536 935 3666 998 ἴδια,
3707 939 3803 986 καὶ

2225 1030 2538 1095 ἐπεδείξατο
2567 1033 2818 1102 ἐνεργείᾳ
2863 1033 2894 1101 ἠ
2943 1030 3101 1098 φύσις
3136 1030 3228 1082 τοῦ
3273 1029 3523 1096 σώματος
3572 1029 3631 1079 τι
3679 1027 3799 1079 δια·

2223 1122 2429 1191 τμητὸν
2457 1124 2625 1189 αὐτῆς
2661 1125 2716 1176 ὲν
2765 1121 3004 1191 Χριστῷ,
3061 1120 3179 1174 οὔτε
3232 1120 3332 1186 τῆς
3385 1117 3589 1188 σαρκὸς
3635 1117 3803 1186 οὔσης

2223 1213 2547 1281 διατμητῆς,
2583 1215 2665 1275 τίς
2700 1210 3038 1281 περιετμήθη
3067 1228 3080 1274 ;
3112 1209 3194 1273 τίς
3234 1210 3289 1262 δὲ
3315 1210 3463 1280 ἥλοις
3497 1224 3800 1277 κατεπερο-

2225 1304 2394 1374 νήθη;
2431 1303 2509 1365 τίς
2551 1305 2605 1356 δὲ
2651 1304 2815 1372 λόγχῃ
2850 1301 3071 1372 διῃρέθη
3095 1345 3107 1366 ,
3149 1302 3287 1374 πλὴν
3326 1303 3373 1352 εἰ
3424 1298 3498 1370 μὴ
3531 1298 3802 1369 φαντασία

2222 1415 2304 1460 τις
2336 1399 2430 1448 καὶ
2464 1399 2620 1457 σκιᾶς
2652 1397 2838 1458 τύπος.

2294 1673 2366 1724 Τὸ
2412 1671 2468 1724 δὲ
2524 1674 2866 1742 ἐπαγόμενον
2916 1675 3044 1742 ὅσης
3088 1671 3247 1741 γέμει
3279 1670 3377 1738 τῆς
3412 1667 3597 1729 ἀνοίας
3627 1681 3804 1738 προσ-

2223 1763 2409 1816 εκτέον
2435 1781 2446 1790 °
2482 1765 2617 1834 φησί
2654 1765 2782 1833 γάρ·
2843 1781 2860 1814 t
2891 1762 3027 1816 Οὔτε
3065 1765 3092 1816 ὁ
3136 1762 3306 1831 Λόγος
3344 1761 3422 1822 είς
3460 1759 3594 1812 ἰδίαν
3646 1757 3808 1828 μερί-

2224 1857 2372 1919 ζεται
2409 1855 2568 1924 φύσιν
2596 1856 2662 1925 ἢν
2701 1855 2810 1925 ἔχει
2849 1856 2989 1908 κατὰ
3033 1854 3092 1908 τὸ
3135 1855 3394 1923 ἀσαρκον.
3438 1871 3454 1902 ι
3491 1851 3644 1919 Ἔχει
3687 1845 3801 1911 οὖν,

2220 1941 2264 1998 ὧ
2301 1947 2471 2015 σοφοὶ,
2521 1947 2662 1999 κατὰ
2696 1947 2756 1998 τὸ
2790 1948 3033 2016 ἄσαρκον
3071 1946 3205 1999 ἰδίαν
3251 1944 3412 2012 φύσιν
3441 1946 3468 1996 ὁ
3514 1943 3684 2009 Λόγος
3724 1941 3807 1994 ἔτι

2223 2040 2314 2092 καὶ
2354 2039 2697 2109 ἐπιδημήσας
2737 2041 2794 2090 ἐν
2835 2039 2996 2109 σαρκί
3022 2055 3036 2069 ο
3074 2039 3169 2091 καὶ
3207 2037 3326 2099 πῶς
3373 2035 3482 2088 τῶν
3521 2035 3808 2103 ὑμετέρων

2219 2131 2317 2183 οὐκ
2373 2132 2657 2194 ὲπαῖοιτε;
2712 2129 2763 2181 τί
2821 2146 2879 2181 τε
2935 2131 3066 2198 ἡμῖν
3115 2125 3611 2197 προσεπερωτῶσιν
3661 2125 3808 2192 ὑμᾶς

2219 2219 2698 2290 ἀποκριθήσεσθες
2745 2216 2854 2289 ἆρα
2885 2220 2992 2290 γὰρ
3017 2219 3110 2271 καὶ
3145 2221 3172 2271 ὁ
3209 2215 3489 2286 Κυριακὺς
3519 2213 3808 2282 ἄνθρωπος

2219 2311 2331 2380 ἔχει
2371 2311 2506 2363 ἰδίαν
2542 2311 2702 2378 φύσιν
2739 2311 2879 2362 κατὰ
2928 2311 2985 2362 τὸ
3033 2307 3315 2379 σαρκικὺν,
3367 2305 3416 2359 εί
3463 2304 3558 2358 καὶ
3605 2302 3808 2362 ὲνθὲως

2219 2404 2584 2472 ἐπεδήμησεν,
2621 2403 2652 2473 ἢ
2686 2402 2779 2454 τοῦ
2816 2401 2990 2468 Λόγου
3045 2402 3204 2470 μόνον
3243 2399 3473 2463 σώζεται
3505 2398 3537 2466 ἡ
3582 2395 3743 2463 φύσις
3771 2396 3809 2463 ἡ

2217 2495 2495 2564 ἄσαρκος;
2531 2494 2752 2563 δόκησις
2806 2493 2860 2545 δὲ
2905 2489 2971 2561 ἦν
3023 2495 3054 2562 ἡ
3107 2491 3416 2560 φανέρωσις
3450 2489 3548 2558 τῆς
3602 2488 3812 2558 σαρκῖς

2216 2585 2310 2637 τοῦ
2344 2586 2588 2655 Κυρίουας
2621 2586 2669 2636 εἰ
2714 2599 2821 2654 γαρ
2873 2582 3104 2654 ἀληθείᾳ
3145 2579 3214 2652 ἦν
3260 2584 3291 2650 ἠ
3350 2581 3659 2649 φανέρωσις
3704 2579 3809 2648 τῆς

2220 2677 2421 2747 σαρκὸς
2449 2677 2542 2728 τοῦ
2576 2675 2810 2745 κυρίους
2859 2676 2907 2726 εἰ
2938 2674 3047 2745 γὰρ
3081 2672 3311 2743 ἀληθείᾳ
3340 2669 3406 2741 ἦν
3453 2671 3545 2724 δύο
3586 2671 3808 2738 φύσεις,

2219 2769 2451 2837 ἑκατέρα
2477 2767 2644 2820 τῶνδε
2669 2765 2989 2834 συνάγουσιν
3017 2768 3092 2827 εἰς
3129 2764 3252 2834 μίαν
3283 2765 3472 2834 κοινὴν
3503 2762 3812 2816 ὑπόστασιν

2220 2860 2565 2928 συνηγμένοις
2593 2859 2691 2928 τὴν
2719 2856 2907 2912 αὐτοῦ.
2955 2857 3090 2910 Ἀλλ’
3123 2857 3216 2910 ἐπὶ
3264 2856 3474 2916 τούτοις
3516 2854 3569 2908 τί
3600 2870 3807 2925 φησιν;

2218 2953 2265 3002 εἰ
2297 2951 2350 3003 δὲ
2389 2951 2444 3002 ἓν
2479 2951 2742 3021 ἑκάτερόν
2769 2953 2885 3001 ἐστι
2920 2949 3064 3002 κατὰ
3089 2949 3192 3018 τὴν
3234 2948 3452 3001 σύνοδον
3473 2965 3485 2978 ’
3520 2940 3564 3001 ὧ
3593 2947 3812 3016 ἀνθρω-

2219 3062 2306 3104 πε,
2338 3045 2385 3094 εί
2431 3044 2510 3107 ἓν,
2567 3043 2683 3105 πῶς
2738 3042 3030 3113 ἐκάτερον;
3071 3043 3120 3094 εἰ
3165 3042 3220 3094 δὲ
3270 3041 3553 3113 ἑκάτερον,
3596 3039 3712 3102 πῶς
3745 3039 3812 3092 ἒν

537 3133 777 3188 ctionem
807 3141 1102 3200 utrumque
1139 3130 1197 3184 ﬁt
1222 3146 1415 3194 unum,
1443 3132 1525 3184 vir
1555 3131 1792 3185 eximie?
1835 3142 1889 3186 at
1917 3133 1961 3187 si
1991 3149 2114 3188 vere

2220 3136 2358 3188 κατά
2386 3137 2446 3187 τὸ
2477 3135 2607 3188 αὐτὸ
2644 3134 2796 3186 ἔσται
2820 3151 2834 3201 ;
2862 3134 3071 3188 Οὐκοῦν
3121 3134 3286 3202 σαφὲς
3319 3135 3400 3188 ὅτι
3448 3132 3506 3186 ἐν
3536 3134 3632 3204 μὲν
3661 3134 3812 3186 κατά

541 3240 732 3287 unum,
778 3222 1057 3292 quomodo
1117 3223 1456 3290 utrumque?
1503 3221 1559 3277 Si
1609 3238 1738 3276 vero
1787 3233 2116 3292 utrmnque,

538 3311 814 3382 quomodo
858 3309 1160 3364 secundum
1196 3310 1340 3368 idem
1375 3311 1480 3364 erit
1514 3313 1727 3365 unum?
1775 3312 1968 3367 Nonne
1998 3329 2119 3382 per-

538 3403 789 3473 spicuum
820 3412 904 3456 est
933 3402 1074 3456 idem
1114 3401 1225 3456 dici
1264 3418 1432 3456 unum
1457 3404 1526 3456 ob
1547 3403 1816 3456 unitatem
1850 3420 2115 3474 personae,

537 3506 592 3552 et
617 3503 912 3563 utrumque
941 3495 1010 3548 ob
1041 3505 1292 3548 naturam
1315 3494 1622 3564 duplicem?
1643 3495 1885 3559 Minime,
1921 3497 2117 3566 inquit,

538 3589 632 3644 sed
661 3588 767 3642 hoc
797 3587 1002 3640 dicitur
1035 3587 1104 3639 ob
1125 3588 1579 3656 compositionem
1611 3587 1864 3642 humanae
1894 3605 2121 3657 prorsus

537 3681 795 3736 similem.
846 3678 988 3746 Quid
1033 3679 1204 3748 ergo?
1254 3677 1412 3732 Salva
1459 3692 1715 3734 manente
1760 3691 1954 3734 natura
1996 3697 2116 3736 cor-

541 3774 691 3844 poris
733 3781 789 3827 et
839 3773 1054 3834 animae,
1123 3771 1371 3840 nunquid
1422 3780 1475 3825 et
1528 3772 1688 3826 aliam
1750 3774 1858 3842 ('24)
1919 3783 2116 3842 praeter

540 3866 704 3919 hasce
757 3874 1008 3917 naturam
1041 3877 1160 3916 esse
1199 3861 1254 3914 in
1284 3862 1506 3916 homine
1572 3855 1845 3924 novimus.
1901 3866 2122 3918 annon?

539 3956 596 4012 Si
645 3971 929 4026 negemus,
961 3970 1064 4008 nec
1087 3954 1140 4008 in
1169 3953 1388 4008 Christo
1419 3954 1648 4010 Domino
1686 3957 1833 4009 salva
1862 3966 2116 4011 manente

538 4048 825 4103 divinitate
878 4058 933 4102 et
975 4047 1337 4110 humanitate,
1372 4063 1596 4102 necesse
1639 4048 1800 4103 nobis
1831 4050 1940 4102 erit
1969 4065 2118 4103 com-

539 4139 756 4193 minisci
817 4137 1266 4192 communionem
1325 4137 1486 4190 aliam
1552 4146 1841 4204 naturam;
1885 4139 1928 4192 si
1983 4155 2115 4193 vero

538 4228 892 4292 aﬂirmemus,
916 4227 1421 4295 contendamusque
1448 4238 1643 4296 praeter
1668 4228 1884 4292 animae,
1911 4238 1966 4283 et
1989 4245 2114 4284 cor-

2217 3229 2278 3280 τὸ
2313 3227 2648 3297 πρώσωπον,
2682 3227 2942 3298 ἑκάτερον
2993 3226 3050 3280 δὲ
3097 3227 3239 3280 κατὰ.
3279 3226 3376 3290 τάς
3408 3226 3602 3295 φύσεις
3630 3225 3806 3278 ἐστίν.

2219 3319 2373 3386 Οὐχὶ,
2409 3319 2593 3389 φησὶν,
2628 3318 2766 3372 ἀλλά
2804 3317 2946 3371 κατά
2976 3319 3075 3388 τὴν
3107 3316 3482 3388 ἀνθρωποειδῆ
3510 3316 3765 3370 σύνθεσιν
3792 3356 3806 3368 .

2219 3412 2282 3462 Τί
2329 3408 2451 3474 οὗν;
2505 3409 2821 3481 σωζομένης
2870 3409 3086 3479 φύσεως
3136 3410 3313 3480 ψυχῆς
3368 3408 3466 3463 καὶ
3527 3408 3808 3478 σώματος,

2221 3503 2380 3571 ἴσμεν
2408 3504 2502 3555 καὶ
2553 3502 2746 3572 ἑτέραν
2782 3502 2942 3570 φύσιν
2997 3497 3137 3555 εἶναι
3189 3501 3280 3554 τὸν
3331 3499 3618 3569 ἄνθρωπον
3647 3501 3811 3570 παρὰ

2218 3595 2401 3658 τάσδε,
2436 3595 2468 3664 ἣ
2499 3594 2619 3663 οὐχί
2645 3611 2658 3657 ;
2689 3595 2738 3645 εἰ
2770 3595 2864 3662 μὲν
2898 3593 2990 3647 οὖν
3017 3593 3156 3663 οὒχί,
3188 3592 3310 3646 οὐδὲ
3345 3592 3437 3646 ὲπί
3466 3591 3558 3645 τοῦ
3595 3591 3808 3662 Κυρίου

2225 3686 2537 3756 σωζομένης
2570 3684 2822 3756 θεότητος
2860 3686 2956 3738 καὶ
2997 3684 3439 3756 ἀνθρωπότητος,
3474 3682 3635 3752 φύσις
3681 3684 3809 3738 ἐστὶ

2223 3776 2423 3845 αὑτῷὴ
2453 3775 2866 3846 καθολικωτέρα
2892 3775 2988 3845 μία
3016 3793 3028 3805 ·
3058 3777 3106 3828 εἰ
3135 3775 3192 3829 δὲ
3223 3775 3548 3845 σωζομένων
3570 3774 3802 3837 τούτων.

2217 3865 2444 3936 οἰόμεθα
2473 3864 2823 3932 ἐπιγενέσθαι
2856 3866 2950 3919 καὶ
2982 3865 3080 3936 τὴν
3109 3871 3424 3937 κοινοτέραν
3454 3864 3548 3918 τοῦ
3584 3863 3804 3932 ἀνθρώ-

2216 3974 2318 4009 που
2348 3956 2510 4024 φύσιν
2534 3956 2686 4026 παρὰ
2715 3955 2916 4020 ταύτας
2946 3957 3137 4028 ἑτέραν
3159 3954 3349 4021 οὖσαν,
3376 3959 3460 4019 τίς
3493 3957 3558 4012 ἂν
3589 3956 3676 4026 εἰη
3704 3961 3805 4011 καὶ

2215 4049 2371 4116 nent
2416 4047 2656 4117 λριστοῦ
2702 4050 2735 4117 ἡ
2790 4049 3149 4118 ἐπιγενομένη
3199 4049 3382 4116 φύσις,
3436 4051 3468 4118 ἢ
3507 4048 3629 4102 οὔτε
3682 4048 3807 4102 θεία

2213 4138 2336 4190 οὕτε
2371 4139 2690 4208 ἀνθρωπίνη
2716 4139 2868 4204 tari;
2911 4140 3005 4192 καί
3050 4141 3103 4193 τί
3135 4141 3195 4194 τδ
3226 4142 3454 4210 φυσικὸν
3479 4141 3637 4194 τοῦτο
3660 4136 3805 4204 εἶδος

2215 4230 2275 4281 τὸ
2307 4228 2588 4300 ὑπέρθεον,
2615 4229 2805 4282 εἴπατε
2830 4246 2846 4261 ⁸
2877 4230 2990 4283 ἀλλ’
3016 4231 3188 4294 οὕτως
3223 4233 3320 4302 μὲν
3345 4232 3493 4287 τάδε.

541 4319 688 4388 poris
736 4318 1101 4373 substantiam
1143 4316 1322 4371 inesse
1363 4327 1418 4371 et
1467 4319 1901 4372 communiorem
1950 4320 2110 4373 aliam
2151 4321 2393 4374 hominis
2449 4329 2727 4384 naturam,
2753 4321 2823 4375 ab
2883 4330 3113 4391 utraque
3140 4323 3230 4377 illa
3252 4337 3478 4392 prorsus
3497 4322 3800 4378 diversam:

537 4423 787 4478 quaenam
833 4411 941 4463 erit
983 4408 1038 4461 in
1073 4406 1294 4462 Christo
1336 4409 1532 4463 similis
1582 4410 1712 4464 huic
1747 4420 1964 4474 natura,
1995 4427 2116 4482 quze
2155 4429 2334 4482 neque
2379 4413 2565 4466 divina
2622 4413 2714 4479 sit,
2770 4429 2949 4485 neque
3019 4416 3296 4470 humana?
3323 4415 3532 4482 Qualis,
3603 4417 3806 4472 amabo

541 4516 656 4559 vos.
703 4500 806 4554 ista
851 4499 1062 4569 species
1116 4502 1383 4554 naturalis
1412 4514 1467 4556 et
1503 4507 1796 4572 suprema?

608 4595 734 4650 Hmc
765 4610 890 4649 cum
937 4594 1010 4647 ita
1054 4595 1188 4655 sint.
1233 4597 1393 4664 quale
1444 4600 1750 4668 composito
1782 4617 1980 4656 nomen
2019 4604 2114 4657 tri-
2141 4600 2192 4658 D

539 4688 817 4746 buendttm
862 4687 1106 4756 putatis?
1139 4687 1406 4756 Equidem
1447 4691 1491 4743 si
1540 4693 1644 4747 tale
1684 4693 1773 4756 sit,
1811 4696 1957 4762 quod
1985 4696 2112 4751 sub-

538 4781 842 4835 sistentiam
865 4779 1157 4850 signiﬁcet.
1191 4781 1328 4834 nihil
1357 4798 1602 4851 oppono;
1638 4784 1683 4838 si
1704 4802 1833 4841 vero
1861 4797 2110 4843 naturam

537 4869 826 4941 signiﬁcet,
854 4883 1038 4938 quazro
1063 4885 1314 4938 quaenam
1353 4871 1421 4924 sit
1446 4871 1560 4926 haec
1584 4881 1779 4927 natura
1818 4891 1917 4944 per
1940 4875 2110 4932 hocce

537 4978 735 5017 nomen
776 4947 1116 5031 significata?
1145 4962 1398 5017 Profecto
1442 4964 1485 5017 si
1535 4964 1748 5019 diversa
1781 4966 2013 5023 dicatur
2042 4969 2110 5023 ab

536 5053 722 5106 divina
751 5061 807 5108 et
838 5053 1098 5113 humana.
1136 5055 1317 5122 qualis
1364 5055 1510 5108 erit?
1551 5055 1592 5110 si
1635 5072 1765 5111 vero
1809 5057 1879 5112 sit
1918 5059 2109 5114 eadem

535 5158 598 5198 ac
628 5143 837 5209 divina,
865 5157 973 5196 non
1008 5143 1115 5196 erit
1138 5144 1360 5212 propria
1391 5145 1680 5213 compositi
1716 5145 2110 5212 denominatio,

536 5233 742 5304 quippe
790 5249 915 5287 cum
981 5242 1106 5287 ante
1154 5235 1604 5302 compositionem
1658 5236 1930 5290 exstiterit
1985 5254 2109 5290 eum

535 5333 752 5382 natura.
808 5335 921 5377 tum
971 5324 1144 5391 ipsius
1181 5339 1378 5376 nomen
1413 5345 1423 5376 ;
1461 5325 1501 5378 si
1539 5341 1670 5380 vero
1705 5328 1776 5394 sit
1825 5327 2018 5381 eadem
2051 5345 2113 5383 ac

610 5502 722 5572 (‘24)
765 5500 964 5554 Putant
1018 5502 1267 5574 nonnulli
1321 5504 1500 5557 inesse
1537 5505 1766 5574 singulis
1816 5505 2116 5560 individuis

541 5582 794 5627 naturam
836 5572 1130 5642 quamdam
1161 5587 1530 5638 communem,
1569 5591 1598 5626 a
1633 5572 1960 5642 particulari
2013 5591 2114 5630 cu-

536 5646 733 5712 jusque
766 5641 1306 5712 naturadistinctam
1344 5660 1356 5694 :
1392 5658 1515 5696 cum
1562 5641 1707 5698 enim
1740 5661 1896 5699 mens
1923 5656 2114 5699 nostra

542 5711 1085 5785 sibiﬁnseritidcas
1104 5712 1368 5785 quasdam
1386 5728 1749 5785 communes,
1781 5732 1902 5783 qua:
1928 5716 2114 5785 singu-

545 5785 611 5840 lis
652 5780 954 5837 individuis
1009 5790 1288 5851 aptantur.
1346 5782 1472 5837 hinc
1526 5780 1812 5852 putarunt'
1846 5780 2112 5842 exsistérc

2302 4599 2390 4650 Ἐν
2421 4599 2476 4651 δὲ
2506 4598 2585 4669 τῷ
2619 4599 2863 4669 συνθέτῳ
2897 4599 3064 4668 ὄνομα
3101 4600 3159 4652 τὸ
3194 4601 3342 4654 ποῖόν
3381 4617 3518 4668 φατε
3553 4619 3804 4675 προσαρ-

2224 4692 2484 4757 μύζεσθαι
2511 4708 2527 4758 ;
2576 4694 2623 4745 εἰ
2682 4693 2780 4762 μὲν
2811 4693 2871 4746 τὸ
2901 4693 3283 4758 ὑποστατικὸν,
3347 4694 3746 4767 ἀναντίρρητος
3777 4701 3807 4751 ὁ

2220 4783 2374 4850 λόγος
2394 4801 2406 4814 ο
2437 4784 2484 4836 εἰ
2511 4785 2568 4837 δὲ
2604 4785 2851 4854 φυσικὸν,
2878 4785 2962 4849 τίς
2995 4785 3144 4854 αὐτῷ
3179 4787 3211 4855 ή
3250 4787 3590 4856 ὑποκειμένη
3613 4787 3804 4856 φύσις.

2221 4878 2313 4928 καὶ
2342 4877 2427 4930 διὰ
2472 4877 2627 4930 τοῦδε
2660 4881 3211 4948 προσαγορευομένης
3255 4880 3304 4930 εἰ
3361 4879 3459 4949 μὲν
3489 4878 3598 4948 γὰρ
3638 4880 3810 4952 ἑτέρα

2221 4967 2370 5033 παρὰ
2401 4982 2457 5017 τε
2486 4965 2586 5036 τὴν
2617 4965 2847 5035 θεότητα
2867 4967 2959 5019 καί
2983 4967 3397 5038 ἀνθρωπότητα,
3423 4970 3549 5021 ποία
3579 4967 3647 5022 ἂν
3674 4970 3762 5038 εἴη
3787 4989 3800 5030 ς

2218 5057 2265 5107 εἰ
2295 5056 2350 5109 δὲ
2379 5059 2408 5127 ή
2444 5057 2544 5127 τῆς
2565 5056 2840 5127 θεότητος,
2876 5060 2933 5110 οὐ
2961 5059 3052 5112 τοῦ
3084 5061 3338 5112 συνθέτου
3373 5059 3515 5117 ἰδίως
3539 5062 3571 5130 η
3598 5060 3808 5130 ὀνομα-

2223 5147 2311 5200 σία
2334 5149 2406 5210 ὡς
2436 5149 2696 5203 συνθέτου
2726 5165 2739 5178 '
2773 5150 2868 5202 καὶ
2912 5151 3018 5220 πρὸ
3046 5152 3154 5219 γὰρ
3197 5152 3294 5221 τῆς
3331 5151 3637 5215 συνθέσεως
3669 5148 3740 5224 ἦν
3767 5155 3806 5224 ἥ

2218 5255 2276 5289 τε
2319 5238 2478 5303 φύσις
2510 5239 2605 5294 καὶ
2661 5240 2723 5292 τὸ
2768 5241 2972 5310 ὄνομα·
3025 5243 3073 5294 εἰ
3115 5241 3173 5295 δὲ
3215 5242 3314 5310 τῆς
3355 5242 3804 5314 ἀνθρωπότητος,

2220 5332 2313 5383 καὶ
2343 5330 2516 5395 οὓτως
2556 5333 2617 5385 οὐ
2655 5331 2748 5385 τοῦ
2790 5333 3043 5386 συνθέτου
3080 5336 3111 5404 ἡ
3146 5337 3487 5406 προσηγορία
3512 5350 3526 5363 °
3566 5338 3659 5390 καὶ
3693 5340 3806 5407 πρὸ

2222 5518 2284 5584 et
2325 5520 2550 5584 naturas
2583 5525 2903 5584 communes
2930 5511 2999 5564 ab
3035 5511 3175 5584 ideis
3210 5512 3319 5584 illis
3351 5523 3806 5584 repraesentatas.

2223 5578 2492 5633 Nimirum
2538 5581 2790 5652 ignorant
2834 5581 3005 5644 ideas,
3042 5590 3100 5636 ut
3146 5582 3306 5652 logici
3351 5578 3672 5652 loquuntur,
3705 5585 3810 5641 ab-

2214 5659 2452 5770 {tractas
2507 5651 2719 5706 nullum
2769 5651 2823 5704 in
2878 5667 3063 5706 rerum
3120 5651 3315 5707 natura
3363 5651 3644 5724 objectum
3699 5655 3807 5711 ha-

2239 5735 2374 5770 )(ll't‘.

2239 5735 2374 5772 )CI'C.
