4094 6334
304 346 442 411 Ῑὸῖ3

1473 355 1771 413 CONTRA
1811 356 2390 416 MONOPHYSITAS

3438 349 3575 413 1874

295 460 407 529 γὰρ
438 462 530 524 τῆς
562 457 808 521 ὲνώσεως
844 460 1005 529 τῆσδε
1033 456 1101 531 ἦν
1137 462 1168 530 ἦ
1211 478 1269 513 τε
1303 461 1462 529 φύσις
1502 465 1591 515 καὶ
1623 466 1653 532 ἡ
1696 464 1885 532 κλῆσις

2012 482 2250 528 tuniaua,
2292 481 2361 519 ne
2415 465 2485 517 ita
2536 464 2759 532 quidem
2810 461 3028 529 propria
3064 460 3355 529 compositi
3402 460 3579 517 deuo-

294 552 435 618 αὕτη
473 549 916 619 ὼμολογημένως
961 554 1147 605 πᾶσιν.
1218 554 1358 604 Ἀλλ’
1398 554 1484 605 ἵνα
1530 556 1705 607 πάντα
1746 572 1885 624 παρ-

294 641 495 709 ίδωμεν
514 681 528 704 ,
570 641 687 702 πῶς
713 640 770 691 ἓν
804 640 975 710 ὄνομα
997 644 1223 709 φυσικὸν
1255 643 1366 695 δεῖν
1391 643 1589 696 εἰδέναι
1625 644 1765 697 κατὰ
1794 644 1887 696 τοῦ

296 731 557 783 συγθέτου
596 730 848 798 λέγοντες
891 732 1035 796 ὅλου,
1081 732 1175 785 δύο
1228 750 1285 784 τε
1322 734 1416 786 καὶ
1472 734 1688 786 ἐναντία
1720 734 1887 785 αὑτοῦ

292 822 704 890 κιταφάσκετε,
733 823 950 874 κτιστόν
973 840 1032 875 τε
1059 826 1153 876 καὶ
1178 825 1433 879 ἀκτιστον
1450 824 1583 877 αὐτὸ
1602 825 1849 892 λέγοντες
1872 842 1886 890 ;

292 914 390 967 καὶ
420 914 479 966 τό
506 930 570 981 γε
598 914 720 966 λίαν
766 914 1219 985 παραδοξότερον,
1254 916 1336 968 ὅτι
1376 916 1484 969 ἀπὸ
1521 915 1619 985 μὲν
1649 915 1747 983 τῆς
1777 915 1894 968 θεό-

292 1022 483 1073 τητος,
545 1004 708 1073 μόνον
762 1005 823 1057 τὸ
881 1005 1136 1059 ἀκτιστον
1193 1006 1289 1059 καὶ
1332 1007 1544 1069 ἀπαθὲς
1591 1008 1889 1074 φάσκοντες

296 1091 439 1147 εἶναι
462 1094 651 1161 αὑτοῦ,
684 1096 793 1148 ἀπὸ
822 1096 879 1148 δὲ
908 1095 1001 1147 τοῦ
1034 1095 1289 1165 σώματος
1330 1097 1389 1149 τὸ
1416 1099 1633 1150 κτιστὸν
1657 1100 1751 1150 καὶ
1787 1115 1893 1149 πα-

296 1187 484 1254 Θητόν,
525 1185 650 1238 οὗτε
700 1189 943 1256 μερικῶς
981 1186 1203 1240 ἀκούειν
1246 1187 1369 1241 οὔτε
1414 1189 1594 1257 λέγειν
1643 1190 1767 1242 τάδε
1802 1191 1893 1240 ἐπὶ

296 1276 540 1348 Χριστοῦ
573 1280 860 1348 εἰρήκατε,
882 1278 994 1330 ἀλλ’
1032 1280 1097 1331 ὲκ
1147 1278 1243 1331 τοῦ
1276 1280 1396 1332 ὅλου
1430 1279 1669 1350 Χριστοῦ
1702 1296 1716 1345 ;
1757 1281 1892 1346 Συγ-

294 1370 659 1438 χωρήσαντες
707 1370 764 1421 δὲ
820 1370 949 1439 ὑμῖν
978 1369 1053 1431 ὡς
1082 1369 1149 1422 ἂν
1185 1372 1277 1421 καὶ
1336 1370 1591 1440 βούλεσθε
1636 1370 1891 1422 παλιλλο-

293 1462 442 1527 γεῖ-ι,
485 1463 865 1531 ὲπαγάγοιμεν
895 1464 1008 1524 τοῖς
1054 1462 1183 1535 παρ’
1231 1463 1385 1531 ὑμῶν
1445 1462 1780 1530 ἀναγκαίως,
1821 1461 1894 1523 ὡς

296 1555 461 1625 εἴπερ
489 1554 766 1623 δμοτίμως
819 1553 948 1621 περὶ
1009 1552 1271 1621 ἐκατέρου
1326 1553 1432 1604 τῶν
1464 1556 1521 1605 ὲν
1567 1553 1787 1623 Χριστῷ
1827 1552 1897 1605 τὰ

298 1641 526 1694 ἐναντία
549 1641 821 1707 δοξάζετε,
855 1642 946 1694 καὶ
968 1641 1029 1693 τὸ
1049 1641 1171 1693 ὅλον
1203 1642 1343 1694 κατὰ
1372 1642 1531 1708 φύσιν
1560 1641 1672 1693 ῐστε
1695 1641 1895 1694 τοιόνδε

294 1728 566 1800 Χριστοῦ,
598 1732 625 1783 ὃ
658 1731 725 1784 ἂν
757 1733 821 1784 ὲκ
866 1732 1103 1801 Θατέρας
1145 1730 1252 1783 τῶν
1293 1734 1350 1783 ὲν
1385 1730 1533 1801 αύτῷ
1566 1732 1781 1801 φύσεων
1811 1731 1895 1784 λέ-

295 1839 460 1886 γεται
498 1821 641 1875 κατά
699 1823 798 1892 τῆς
855 1823 982 1893 ὅλης
1038 1823 1391 1885 ὑποστάσεως
1449 1823 1635 1885 αὐτοῦ,
1682 1823 1790 1893 ἄρα
1833 1839 1894 1889 γε
1926 1807 1972 1865 Β

292 1914 496 1983 ὥσπερ
544 1913 763 1983 ἀληθῶς
807 1915 1027 1985 παθητὴ
1078 1915 1173 1966 καὶ
1216 1915 1408 1984 κτιστὴ
1428 1916 1486 1984 ,ἡ
1530 1914 1667 1983 σὰρξ
1706 1913 1892 1977 αὑτοῦ,

293 2005 481 2067 οὕτως
503 2022 569 2072 γε
596 2006 690 2058 καὶ
714 2007 744 2074 ἡ
772 2004 963 2074 θεότης
990 2004 1156 2058 αὑτοῦ
1181 2022 1195 2037 ·
1222 2005 1317 2057 καὶ
1345 2005 1536 2075 ὥσπερ
1567 2004 1781 2073 ἀπαθὴς
1806 2006 1897 2056 καὶ

292 2096 561 2157 ἀκτιστος
586 2095 617 2163 ἡ
648 2093 837 2164 θεότης
864 2094 1051 2159 αὑτοῦ,
1078 2094 1251 2156 οὕτως
1275 2112 1332 2161 γε
1364 2095 1457 2147 καὶ
1479 2096 1512 2163 ἡ
1538 2094 1694 2163 σάρξ’
1715 2093 1898 2163 διπρδς

294 2183 383 2254 τῷ
414 2183 728 2255 βλασφήμῳ
758 2185 869 2255 ἔχει
901 2185 1083 2239 καὶτὸ
1129 2184 1393 2238 ἀδύνατον
1436 2183 1623 2252 σαφῶς
1643 2201 1657 2214 ο
1692 2184 1753 2235 οὺ
1789 2183 1897 2253 γὰρ

295 2277 452 2329 ἐστιν
480 2279 538 2329 ὲν
563 2278 747 2347 ταυτῷ
774 2280 869 2331 καὶ
892 2280 1035 2333 κατά
1055 2279 1272 2332 τδαῦτὸ
1303 2280 1394 2332 καὶ
1426 2278 1688 2341 ὡσαύτως
1718 2278 1894 2347 πάντη

292 2368 373 2421 τὰ
403 2370 649 2435 ἔναντία,
686 2369 908 2424 πώποτέ
939 2388 1085 2434 τινος
1118 2370 1595 2439 καταφάσκεσθαι.

1994 555 2223 608 minatio
2254 554 2383 616 erit,
2410 552 2612 621 quippe
2649 566 2774 604 eum
2803 558 2930 603 ante
2964 549 3193 618 hujusce
3226 550 3575 618 conjunctio-

1992 662 2116 721 nem
2145 653 2200 699 et
2224 656 2444 707 natura,
2469 651 2525 696 et
2548 639 2923 696 denominatio
2941 640 3157 693 cunctis
3186 640 3577 697 innotesceret.

1995 733 2101 789 Sed
2153 734 2319 788 missa
2381 733 2648 788 faciamus
2702 732 2818 785 hzec
2870 730 3079 783 omnia.
3137 730 3427 794 Quomodo
3480 731 3581 785 toti

1995 828 2301 898 composito
2336 827 2589 879 naturale
2640 839 2841 877 nomen
2884 838 3054 875 unum
3089 821 3285 875 tribuit
3321 832 3581 889 oportere

1994 920 2352 980 contenditis,
2408 928 2572 987 atque
2608 917 2675 970 de
2733 916 2853 984 ipso
2907 913 3192 968 contraria
3244 913 3579 982 prmdicatis,

1993 1023 2236 1067 creatum
2297 1011 2506 1064 scilicet
2548 1024 2688 1071 esse,
2720 1017 2775 1061 et
2811 1006 3158 1059 increatum?
3183 1014 3259 1067 et,
3290 1005 3437 1074 quod
3483 1006 3587 1059 ab-

1995 1103 2215 1156 surdius
2260 1110 2362 1165 est,
2400 1099 2677 1168 quomodo
2727 1097 2913 1150 dicitis
2963 1095 3245 1150 Christum
3281 1096 3333 1149 id
3376 1096 3583 1149 habere

1996 1208 2025 1244 a
2072 1200 2266 1244 natura
2308 1189 2516 1251 divina,
2568 1188 2710 1257 quod
2764 1188 2835 1242 sit
2887 1188 3165 1241 incrcatus
3216 1197 3272 1240 ct
3328 1187 3584 1256 impassi—

1997 1281 2125 1334 hilis
2166 1297 2179 1331 :
2228 1280 2295 1333 ab
2325 1279 2565 1331 humana
2612 1287 2827 1341 contra,
2868 1276 3013 1345 quod
3047 1278 3118 1329 sit
3166 1286 3390 1331 creatus
3420 1287 3584 1345 atque

1998 1371 2306 1440 passibilis;
2340 1369 2613 1437 simulque
2648 1368 2983 1423 contenditis
3020 1369 3133 1421 lliL'C
3166 1385 3271 1421 non
3305 1369 3372 1422 de
3408 1379 3583 1437 parte,

1998 1461 2091 1515 sed
2132 1461 2199 1515 de
2252 1471 2367 1515 toto
2404 1459 2625 1514 Christo
2672 1460 2999 1528 praedicari?
3040 1460 3169 1524 Qua:
3226 1460 3268 1513 si
3319 1462 3588 1515 concede-

1998 1568 2184 1607 remus
2212 1552 2282 1606 ita
2313 1568 2371 1607 se
2403 1552 2629 1613 habere,
2664 1551 3128 1620 quemadmodum
3179 1553 3363 1614 vultis,
3395 1552 3586 1606 eadem

1999 1658 2215 1711 semper
2255 1641 2673 1702 deblaterando,
2719 1641 2920 1695 vestris
2970 1650 3150 1694 tamen
3197 1642 3361 1695 dictis
3406 1642 3588 1695 adhuc

2001 1733 2280 1786 instarem.
2331 1732 2385 1786 Si
2439 1732 2507 1788 de
2554 1743 2788 1800 utraque
2845 1731 3049 1787 Christi
3102 1742 3256 1799 parte
3308 1734 3584 1787 contraria

2004 1824 2335 1893 praedicatis,
2372 1832 2427 1877 et
2460 1824 2829 1878 universalem
2869 1825 3037 1877 totius
3086 1824 3290 1878 Chriin
3336 1836 3586 1877 naturam

2007 1916 2111 1969 hoc
2157 1914 2304 1969 ferre
2347 1916 2574 1983 putatis,
2630 1923 2690 1968 ut
2730 1915 3002 1985 quidquid
3039 1917 3205 1970 unius
3248 1917 3423 1985 partis
3455 1932 3589 1985 pro-

2003 2007 2185 2073 prium
2238 2014 2343 2068 est,
2383 2006 2437 2059 id
2490 2007 2558 2060 de
2616 2014 2726 2060 tota
2760 2008 2880 2077 ejus
2922 2022 3154 2076 persona
3189 2015 3242 2061 et
3279 2007 3586 2061 subsisten-

2006 2096 2079 2150 tia
2128 2096 2492 2165 prazdicetur;
2529 2113 2596 2150 an
2638 2097 3104 2166 quemadmodum
3141 2112 3271 2151 vere
3313 2097 3589 2167 passibilis

2003 2195 2109 2250 est,
2147 2196 2202 2242 et
2233 2196 2418 2241 creata
2449 2190 2568 2258 ejus
2599 2204 2749 2251 caro,
2778 2189 2849 2242 ita
2891 2197 2946 2242 et
2969 2189 3270 2243 divinitas?
3305 2198 3361 2243 et
3400 2205 3590 2258 quem-

2003 2276 2300 2331 admodum
2366 2278 2475 2346 pati
2534 2279 2747 2347 nequit,
2812 2287 2868 2332 et
2916 2280 3216 2333 ereationis
3261 2294 3457 2348 expers
3507 2289 3591 2333 est

2002 2368 2283 2433 divinitas,
2337 2368 2411 2422 ita
2449 2376 2505 2422 et
2553 2370 2673 2440 ejus
2717 2370 2880 2424 caro?
2907 2371 3040 2436 Quae
3080 2371 3327 2440 profecto
3362 2380 3587 2439 praeter—

297 2480 473 2534 quam
504 2466 650 2534 quod
680 2466 1025 2522 manifestam
1066 2484 1178 2537 pra:
1216 2482 1275 2522 se
1341 2467 1529 2522 ferunt
1573 2466 1931 2535 impietatem,
1975 2462 2093 2518 ﬁeri
2144 2464 2295 2517 nullo
2344 2476 2504 2533 pacto
2580 2474 2829 2533 possunt.
2890 2464 3026 2518 Nam
3085 2463 3202 2519 ﬁeri
3260 2467 3473 2535 nequit,
3533 2475 3593 2518 ut

301 2559 402 2611 uni
429 2558 724 2629 eidemque
750 2560 1057 2614 secundum
1085 2560 1236 2615 idem
1258 2560 1569 2629 eodemque
1596 2558 1771 2612 modo
1794 2557 2067 2611 contraria
2121 2555 2476 2610 conveniant.

308 2670 427 2725 7οὗ
455 2670 644 2725 αὐτοῦ
669 2671 929 2726 Ἰουλίου
961 2672 1030 2725 ἐκ
1078 2672 1183 2725 τοῦ
1235 2671 1367 2740 περὶ
1408 2670 1516 2738 τῆς
1563 2671 1633 2725 ἐν
1669 2669 1903 2737 Χριστῷ

966 2741 1261 2807 ὲνώσεως.

388 2869 407 2901 ι
456 2851 817 2921 Ὠμολόγηται
850 2851 908 2905 δὲ.
962 2853 1020 2904 ὲν
1074 2851 1224 2921 αὑτῷ
1257 2851 1319 2903 τὸ
1360 2850 1461 2920 μὲν
1508 2847 1648 2905 εἶναι
1687 2852 1904 2905 κτιστὸν

305 2948 381 2997 εν
403 2944 617 3015 ἑνότητι
660 2943 756 2996 τοῦ
801 2943 1081 3007 ἁκτίστου,
1114 2941 1332 3011 φύσεως
1383 2943 1515 3011 μιᾶς
1556 2941 1617 3006 ἐξ
1644 2944 1904 3013 ἑκατέρου

312 3036 519 3106 μέρους
562 3035 985 3103 συνισταμένης,
1054 3034 1288 3102 μερικὴν
1349 3035 1634 3101 ἐνέργειαν
1682 3035 1777 3086 καὶ
1810 3033 1904 3086 τοῦ

308 3128 490 3193 Λόγου
528 3125 951 3187 συντελέσαντος
987 3126 1066 3187 είς
1110 3124 1169 3176 τὸ
1212 3125 1353 3189 ὅλον,
1405 3125 1543 3193 μετά
1585 3125 1683 3193 τῆς
1716 3124 1903 3194 θεῖκῆς

307 3218 675 3285 τελειότητος,
707 3218 844 3285 ὅπερ
890 3216 985 3266 ἐπὶ
1019 3214 1113 3268 τοῦ
1167 3214 1348 3267 κοινοῦ
1395 3213 1684 3285 ἀνθρώπου
1717 3215 1779 3266 ὲκ
1818 3214 1909 3267 δύο

2077 2670 2329 2739 Ejusdem
2374 2667 2504 2721 Julii
2537 2683 2599 2721 ea:
2624 2666 2847 2737 epistola
2873 2668 2938 2720 de
2972 2669 3165 2721 unione
3199 2668 3251 2721 in
3295 2666 3520 2721 Clu-isto.

2083 2879 2099 2909 ι
2130 2858 2473 2913 Conﬁtentur
2525 2858 2581 2911 in
2614 2872 2681 2911 eo
2715 2872 2838 2911 esse
2888 2865 3134 2911 creatum
3180 2872 3305 2911 cum
3346 2857 3603 2913 iucreato

2009 2950 2247 3013 unitum,
2295 2949 2569 3019 siquidem
2627 2966 2736 3005 una
2792 2956 2995 3003 natura
3047 2966 3113 3003 ex
3167 2959 3399 3018 utraque
3442 2960 3597 3020 parte

2008 3040 2382 3109 componitur,
2422 3049 2477 3095 et
2525 3039 2787 3100 Verbum,
2825 3039 3129 3093 secundum
3176 3041 3418 3095 divinam
3468 3058 3597 3110 per-

2009 3131 2326 3194 fectionem,
2356 3129 2641 3199 partialem
2668 3130 3047 3199 operationem
3075 3132 3130 3185 in
3158 3141 3330 3185 totum
3360 3131 3607 3201 perlicit,

2009 3222 2157 3293 quod
2196 3223 2252 3276 in
2299 3223 2522 3276 [nomine
2569 3222 2783 3291 vulgari
2839 3221 2900 3275 ﬁt
2946 3223 3253 3291 composito
3285 3239 3352 3278 ex
3382 3223 3600 3277 duabus

314 3306 507 3377 μερῶν
544 3306 749 3358 ἀτελῶν
796 3306 1027 3372 γίνεται,
1066 3305 1195 3373 μίαν
1231 3304 1393 3371 φύσιν
1439 3303 1790 3372 πληρούντων
1820 3304 1904 3355 καὶ

2014 3313 2285 3381 partibus,
2335 3328 2456 3382 quae
2494 3328 2659 3367 unam
2694 3312 3045 3367 constituunt
3085 3325 3335 3367 natur-am
3380 3323 3437 3369 et
3490 3331 3599 3368 uno

313 3398 401 3450 ἑνὶ
426 3396 655 3465 ὀνόματι
680 3396 1049 3466 δηλουμένων.
1081 3415 1099 3446 ι
1134 3395 1307 3461 Σαφὲς
1338 3394 1445 3465 ἄρα.
1471 3390 1544 3455 ὡς
1568 3394 1664 3462 τῆς
1690 3392 1904 3461 φύσεως

314 3488 412 3541 τοῦ
444 3486 646 3540 οἰκείου
700 3488 822 3539 ὅλου
868 3487 968 3555 τῆς
1022 3489 1169 3554 μιᾶς,
1207 3486 1373 3555 ἠγουν
1427 3484 1523 3551 τῆς
1574 3483 1903 3553 Χριστοῦ,ἡ

318 3582 477 3650 θεῖκὴ
506 3580 775 3648 τελειότης
796 3594 809 3607 '
846 3580 1009 3649 μέρος
1030 3575 1121 3632 οὖν
1148 3576 1375 3646 φυσικὸν
1406 3579 1498 3628 καὶ
1524 3576 1761 3628 ἐλάττων
1789 3577 1907 3628 ἐστὶ

316 3672 507 3740 φύσις,
540 3672 632 3724 καὶ
664 3673 725 3723 οὐ
757 3671 916 3739 μόνον
946 3671 1127 3740 γυμνὴ
1168 3669 1370 3738 σαρκὸς
1405 3665 1640 3737 κρίνοιτο
1671 3667 1763 3719 τοῦ
1802 3669 1908 3721 Λό-

319 3784 419 3831 γου
454 3764 588 3833 πρὸς
617 3763 851 3832 Χριστόν
878 3781 891 3795 ο
923 3764 1059 3832 ὅπερ
1089 3763 1137 3815 εἰ
1168 3765 1194 3815 ὁ
1240 3760 1461 3824 Ἰούλιος
1492 3764 1619 3831 ἔφη,
1668 3761 1835 3823 ὅντως
1882 3764 1910 3814 ὁ

321 3855 654 3924 βουλόμενος
687 3855 981 3908 σκοπείτω.

318 3966 658 4035 Γρηγορίου
697 3966 802 4021 τοῦ
845 3969 1330 4035 Θαυμᾳτουργοῦ,
1370 3967 1449 4032 ὣς
1482 3984 1691 4036 φασιν,
1737 3968 1807 4020 ἐν
1836 3966 1911 4034 τῇ

810 4038 961 4090 κατὰ
984 4036 1167 4107 μέρος
1198 4040 1423 4092 Πίστει.

360 4208 365 4211 ,
392 4154 466 4206 Τὸ
493 4151 742 4217 δοξάζειν
780 4151 875 4205 δύο
908 4152 1100 4220 φύσεις
1127 4152 1219 4205 τὸν
1252 4152 1347 4204 ἕνα
1378 4152 1634 4221 Χριστὸν,
1680 4151 1913 4220 τετράδα

318 4247 421 4312 τὴν
450 4244 615 4311 ἁγίαν
644 4244 851 4313 Τριάδα
882 4247 1042 4308 ποιεϊ,
1072 4244 1227 4315 φησί’
1258 4244 1361 4313 ἔφη
1389 4244 1497 4312 γὰρ
1524 4243 1718 4307 οὕτως’
1753 4264 1771 4295 ι
1806 4246 1914 4298 Καὶ

318 4336 437 4387 ἔστι
469 4336 603 4396 Θεὸς
634 4335 888 4401 ἀληθινὸς
918 4337 945 4387 ὁ
980 4337 1222 4403 ἄσαρκος
1252 4338 1307 4388 ὲν
1357 4337 1523 4404 σαρκὶ
1574 4354 1707 4405 φανε
1721 4336 1914 4403 praesit;

317 4428 527 4490 τέλειος
560 4431 628 4497 τῇ
658 4428 885 4497 ἀληθινῇ
941 4429 1035 4480 καὶ
1082 4427 1203 4497 Θείᾳ
1246 4428 1565 4498 τελειότητι,
1597 4430 1656 4481 οὐ
1689 4428 1782 4481 δύο
1813 4426 1915 4495 φύ-

319 4535 457 4579 σεις,
494 4518 619 4570 οὐτὲ
659 4517 952 4587 τέσσαρας,
985 4518 1310 4587 προσκυνεῖν
1352 4516 1606 4587 λέγομεν,
1635 4516 1785 4580 Θεὸν,
1824 4516 1917 4569 καὶ

320 4609 451 4660 Υίόν
467 4607 630 4670 Θεοῦ,
648 4608 744 4659 καὶ
760 4606 1064 4677 ἄνθρωπον,
1081 4608 1174 4659 καὶ
1196 4606 1419 4676 Πνεῦμα
1440 4607 1614 4673 ἅγιον.
1646 4626 1663 4656 ι
1697 4608 1917 4677 Πρῶτον

2013 3402 2237 3456 nomine
2292 3400 2711 3470 appellantur.»
2768 3400 3012 3468 Apparet
3070 3402 3259 3470 igitur,
3307 3401 3602 3470 perfectiu-

2014 3509 2141 3547 nem
2174 3493 2418 3546 divinam
2448 3492 2514 3545 ad
2540 3507 2698 3544 unam
2739 3500 2994 3545 naturam
3027 3508 3093 3547 ex
3124 3492 3300 3561 ipsius
3334 3494 3601 3546 totalitate

2015 3584 2400 3653 compositam,
2440 3582 2493 3635 id
2538 3591 2623 3636 est
2666 3581 2733 3634 ad
2770 3580 3053 3635 Christum
3106 3583 3387 3651 pertinere
3423 3602 3435 3636 :
3474 3600 3603 3653 pars

2016 3672 2283 3725 naturalis
2305 3684 2472 3741 atque
2503 3671 2682 3724 minor
2704 3680 2789 3724 est
2817 3680 3035 3734 natura,
3074 3687 3173 3725 nec
3198 3673 3374 3725 solum
3420 3674 3598 3727 carnis

2016 3779 2213 3832 expers
2241 3763 2523 3831 judicetur
2548 3761 2711 3816 Verbi
2741 3762 2918 3828 quoad
2952 3760 3253 3815 Christum.
3289 3761 3443 3828 Quod
3470 3779 3602 3817 num

2016 3854 2196 3909 Julius
2234 3869 2364 3907 vere
2407 3852 2632 3917 dixerit,
2669 3854 2986 3923 quicunque
3034 3853 3273 3907 voluerit
3306 3856 3601 3924 expendet.

2020 3967 2679 4038 CregoriiThaumamrgi,
2739 3968 2792 4019 in
2846 3966 3161 4038 pquicztlari
3221 3966 3345 4035 ﬁdei
3395 3970 3599 4038 exposi-

2654 4038 2795 4089 tione
2835 4037 2964 4107 (25).

2089 4150 2327 4205 Credere
2372 4150 2509 4203 duas
2549 4159 2778 4204 naturas
2827 4165 2947 4205 esse
2977 4166 3146 4205 unum
3180 4152 3483 4216 Christum,
3517 4154 3601 4207 in-

2022 4243 2238 4312 quiunt,
2308 4242 2415 4294 hoc
2464 4242 2893 4310 quaternitatem
2956 4243 3011 4296 in
3074 4222 3373 4298 Trinitatis
3422 4245 3602 4299 locum

2023 4333 2254 4388 inducit.
2305 4333 2381 4387 Ita
2432 4334 2581 4387 enim
2632 4334 2881 4402 loquitur
2920 4352 2931 4387 :
2972 4334 3083 4387 «Et
3118 4346 3200 4389 est
3241 4336 3387 4389 Deus
3440 4353 3606 4393 verus

2025 4426 2137 4495 (qui
2164 4424 2348 4479 carnis
2376 4439 2574 4493 expers
2620 4424 2675 4476 in
2702 4439 2868 4477 carne
2912 4439 2969 4477 se
3003 4424 3295 4479 visendum
3323 4426 3604 4497 prtehuit).

2023 4524 2078 4568 et
2124 4514 2423 4584 perfectus,
2458 4528 2587 4567 vera
2632 4522 2687 4567 et
2720 4512 2907 4566 divina
2945 4512 3285 4581 perfectione
3311 4514 3603 4583 praeditus;

2026 4610 2080 4662 in
2110 4624 2219 4677 quo
2252 4622 2431 4676 neque
2458 4606 2594 4660 duas
2636 4620 2899 4674 personas
2934 4620 3035 4659 nos
3086 4605 3319 4658 adorare
3348 4605 3624 4668 dicimus,.

323 4700 425 4765 μὲν
454 4700 735 4765 ἀγνοεῖται
778 4698 873 4749 καὶ
914 4697 1318 4765 ἀμφιϐάλλεται
1364 4697 1483 4749 λίαν
1528 4699 1561 4765 ἡ
1600 4697 1794 4766 χρῆσις
1824 4699 1904 4750 καπ

2024 4712 2200 4765 neque
2254 4696 2393 4750 duas
2437 4704 2683 4755 naturas,
2724 4710 2825 4749 nec
2861 4696 2965 4748 ista
2996 4704 3255 4763 quatuor,
3289 4696 3460 4749 Deum
3496 4696 3609 4748 sci-

317 4791 416 4857 ἣδε
440 4806 458 4821 ο
500 4790 651 4858 ὅμως
680 4788 863 4857 μέντοι
900 4786 975 4858 μὴ
1013 4786 1106 4840 δύο
1134 4788 1403 4857 πρόσωπα
1435 4787 1525 4840 ἐπὶ
1560 4787 1797 4854 Χριστοῦ
1824 4788 1913 4840 λέ-

320 4898 444 4947 γειν
475 4882 636 4947 φησὶ,
672 4880 760 4932 ἵνα
794 4878 867 4949 μὴ
923 4878 1311 4947 ὁμολογοῦντες
1344 4878 1509 4931 αὑτὸν
1558 4880 1691 4931 Θεὸν
1735 4882 1827 4931 καὶ
1857 4882 1913 4931 ὲν

320 4972 511 5042 τελείᾳ
540 4970 779 5039 θεότητι,
804 4971 900 5023 δύο
924 4971 981 5023 δὲ
999 4970 1162 5024 αὑτοῦ
1188 4971 1474 5042 πρόσωπα,
1507 4970 1740 5040 τετράδα
1770 4989 1913 5042 παρ-

325 5064 575 5133 ιστῶμεν
635 5062 746 5115 τῶν
792 5062 954 5115 Θείων
1005 5063 1334 5134 προσώπων,
1393 5063 1527 5115 θεοῦ
1578 5063 1671 5116 τοῦ
1703 5065 1915 5135 Πατρὺς

322 5156 408 5219 ιν,
442 5155 537 5208 καὶ
563 5153 695 5207 Υίοῦ
725 5152 861 5206 Θεοῦ
914 5152 992 5215 ἓν,
1034 5153 1127 5207 καὶ
1170 5154 1459 5224 ἀνθρώπου
1486 5154 1565 5218 ἓν,
1611 5154 1706 5207 καὶ
1747 5153 1916 5207 Πνεύ-

328 5263 502 5314 ματος
533 5245 688 5313 ἁγίου
722 5244 804 5308 ἒν,
836 5244 1201 5316 ἀριθμοῦντες
1224 5262 1238 5277 °
1288 5246 1401 5298 ἀλλ’
1439 5246 1562 5299 οὐδὲ
1600 5246 1693 5298 δύο
1726 5245 1917 5315 φύσεις

326 5339 484 5401 Eia;
512 5339 698 5408 μέντοι
732 5339 932 5392 εἰδέναι
960 5338 1126 5391 αὑτοῦ
1158 5355 1309 5407 φησι,
1342 5338 1456 5390 ἀλλ’
1489 5340 1545 5391 ὲν
1584 5340 1682 5409 μιᾷ
1712 5341 1915 5408 φυσικῇ

326 5430 451 5502 ῦῖίᾳ
475 5426 797 5501 τελειότητι,
844 5432 1050 5483 τέλειον
1090 5431 1253 5483 αὐτὸν
1299 5431 1432 5483 Θεὸν
1477 5432 1779 5499 ὁμολογεῖν,
1824 5434 1917 5484 καὶ

325 5524 428 5575 οὒκ
453 5525 510 5575 ὲν
534 5522 628 5577 δύο
652 5541 666 5556 ·
698 5524 781 5576 ὅτι
804 5523 913 5593 γὰρ
942 5522 1226 5592 ἀτρέπτως
1252 5522 1539 5591 ὲσαρκώθη
1568 5523 1657 5575 καὶ
1689 5522 1917 5576 ἀδιπλα-

400 5681 509 5750 (2.5)
528 5682 753 5737 Nullum
774 5678 1030 5748 Gregorii
1051 5678 1444 5750 Thaumaturgi
1470 5693 1609 5750 opus
1630 5678 1694 5731 ad
1721 5694 1912 5732 manus

329 5748 539 5809 κυνέη-σε
585 5753 911 5826 pervenisse
963 5759 1166 5821 praeter
1215 5750 1384 5804 solam
1424 5748 1607 5813 ﬁdem,
1646 5764 1808 5817 quam
1856 5750 1909 5802 in

2021 4790 2171 4851 licet,
2226 4798 2282 4843 et
2332 4788 2530 4841 Filium
2588 4787 2706 4851 Dei,
2774 4795 2831 4840 et
2884 4786 3187 4849 hominem,
3238 4794 3294 4839 et
3342 4787 3608 4854 Spiritum

2021 4891 2294 4935 sanctum.
2321 4898 2339 4930 ι
2368 4879 2446 4933 Ad
2482 4880 2597 4933 haec
2622 4881 2861 4948 primum
2890 4878 3128 4930 dicimus
3156 4877 3429 4947 incertum
3461 4893 3603 4940 esse,

2017 4982 2073 5026 et
2110 4972 2351 5027 dubitari
2387 4970 2621 5024 maxime
2654 4970 2821 5023 etiam
2860 4969 2929 5022 de
2964 4968 3067 5022 hac
3093 4969 3443 5031 auctoritate,
3476 4985 3605 5022 num

2017 5062 2254 5132 genuina
2304 5062 2375 5115 sit
2419 5060 2666 5114 :deinde
2707 5068 2929 5114 sanctus
2974 5061 3135 5113 Pater
3194 5062 3270 5113 ait
3332 5074 3439 5112 non
3485 5075 3607 5114 esse

2019 5154 2181 5209 nobis
2214 5154 2282 5207 de
2325 5152 2547 5206 Christo
2582 5150 2845 5221 personas
2884 5150 3019 5205 duas
3062 5150 3478 5219 praedicandas;
3510 5167 3599 5202 ne-

2018 5248 2149 5301 dum
2206 5250 2384 5315 ipsuut
2422 5246 2594 5297 Deum
2643 5244 2888 5312 perfecta
2943 5242 3231 5296 divinitate
3290 5242 3605 5311 prmditum,

2021 5338 2389 5405 cumdemque
2430 5337 2646 5390 duabus
2694 5334 2948 5404 personis
2988 5342 3245 5387 Ornatum
3284 5333 3604 5396 asserimus,

2024 5429 2370 5491 inducamus,
2414 5437 2654 5495 quatuor
2699 5426 2916 5478 divinas
2959 5438 3244 5493 personas,
3290 5422 3385 5476 Dei
3426 5422 3610 5476 Patris

2024 5536 2209 5584 unam,
2259 5519 2382 5574 Filii
2420 5519 2512 5572 Dei
2546 5519 2798 5581 alteram,
2846 5514 3086 5569 hominis
3116 5513 3355 5576 tertiam,
3388 5521 3441 5565 et
3486 5512 3611 5581 Spi-

2020 5676 2230 5728 visione
2262 5673 2633 5777 t‘oqspcxcrit,
2672 5678 2903 5726 testatur
2943 5669 3221 5739 Nysscnus
3251 5667 3304 5722 in
3333 5667 3449 5738 eius
3480 5682 3603 5723 ora

2021 5751 2168 5777 ιὲιιιιη
2215 5746 2340 5777 Γιιηη
2371 5745 2428 5777 n-i

2021 5751 2168 5801 tione
2215 5745 2450 5798 (unctui.
