4094 6334
504 336 640 403 1875

1774 334 2084 394 LEONTII
2127 334 2305 393 BYZA
2315 335 2498 394 NTIN
2509 337 2531 394 ί

3636 333 3773 397 18ἷὸ

499 458 641 509 ritus
669 454 846 509 sancti
882 463 1155 522 quartam.
1192 452 1380 522 Neque
1410 449 1543 506 dicit
1575 450 1714 504 duas
1765 450 1819 502 in
1854 447 2075 503 Christo

2190 448 2413 510 τιάστως
2451 449 2548 518 τὴν
2594 449 2825 521 θεότητα
2874 448 3005 518 ἔχει,
3049 450 3301 519 βούλεται
3333 449 3542 515 δεῖξαι·
3574 452 3600 503 6
3636 449 3775 516 γοῦν

495 561 555 603 se
592 562 756 601 nosse
779 555 1003 599 naturas
1046 544 1283 609 divinas,
1330 542 1427 599 sed
1456 543 1511 597 in
1544 559 1653 598 una
1687 544 1816 611 (non
1850 542 1903 595 in
1936 544 2072 595 dua-

495 637 622 707 bus)
674 634 914 689 naturali
972 632 1162 688 divina
1220 632 1560 703 perfectione
1609 645 1736 686 eum
1771 630 2078 699 perfectum

493 741 554 781 se
584 724 747 779 fateri
798 722 1084 793 pradicet.
1142 722 1257 776 Hoc
1294 722 1445 776 enim
1498 721 1728 775 innuere
1763 719 1901 784 vult,
1940 719 2080 774 Ver-

496 819 629 871 bum
668 831 894 871 carnem
950 814 1337 882 assumpsisse,
1391 812 1584 865 eadem
1626 812 1681 864 in
1731 809 2080 879 simplicitate

500 919 598 958 sua
642 911 899 958 manente
938 902 1247 955 divinitate.
1293 898 1507 954 ldcirco
1561 899 1705 953 idem
1743 899 1905 967 paulo
1954 908 2082 953 ante

503 994 684 1048 dicit:
728 1011 745 1044 ι
785 992 921 1047 Cum
972 1007 1102 1047 caro
1146 991 1369 1045 dolores
1412 991 1646 1053 subiret,
1688 997 1745 1043 et
1791 988 2086 1044 affectibus

2182 539 2341 602 αὐτὸς
2369 540 2471 610 πρὸ
2503 539 2733 610 βραχέος
2758 542 2889 613 φησί
2916 560 2929 572 ·
2977 562 2995 592 ι
3028 544 3135 595 Καὶ
3174 542 3281 596 τῶν
3307 543 3434 613 περὶ
3458 543 3634 611 σάρκα
3666 557 3777 593 πα-

2186 629 2296 681 θῶν
2329 617 2651 699 γινομένων,
2687 633 2785 700 τὴν
2842 632 3107 685 ἀπάθειαν
3157 635 3190 703 ή
3245 632 3477 700 δύναμις
3525 628 3637 702 εἶχε
3676 630 3779 701 τὴν

2188 720 2407 787 ἑαυτῆς.
2435 739 2453 770 ι
2492 721 2719 792 Ἀσεϐὴς
2748 722 2842 775 οὖν
2872 722 2979 777 δ’τὸ
3006 723 3175 786 πάθος
3206 724 3426 790 ἀνάγων
3455 725 3533 783 εἰς
3563 723 3662 791 τὴν
3686 720 3781 773 δύ-

2192 827 2355 878 ναμιν
2380 828 2392 841 ·
2427 813 2454 863 ὁ
2483 811 2591 882 γὰρ
2623 814 2718 883 τῆς
2751 813 2907 882 δόξης
2956 813 3158 884 Κύριος
3201 816 3258 867 ὲν
3286 813 3610 885 ἀνθρωπίνῳ
3639 813 3777 881 σχή-

2194 920 2324 971 ματι
2356 903 2586 973 πέφηνε,
2630 905 2728 977 τὴν
2776 890 3125 979 ἀνθρωπίνην
3163 906 3476 976 οἰκονομίαν
3510 904 3775 971 ἀναδεξάο

2196 1010 2377 1062 μενος.

500 1086 847 1149 traheretur;
908 1097 1148 1152 superna
1194 1088 1441 1150 potestas
1477 1080 1674 1133 horum
1709 1079 1957 1133 omnium
2022 1079 2285 1136 immunis
2336 1084 2556 1138 mansit.
2590 1104 2606 1136 ι
2665 1085 2927 1156 Quisquis
2988 1100 3120 1157 ergo
3151 1086 3372 1141 dolores
3429 1094 3489 1141 et
3552 1093 3785 1156 pertur-

501 1180 657 1233 batos
687 1176 919 1230 affectus
964 1176 1018 1227 in
1071 1188 1368 1242 supernam
1418 1181 1752 1242 potestatem
1808 1170 1956 1224 illam
2001 1170 2236 1238 inducit,
2295 1173 2499 1244 impius
2568 1185 2686 1242 est;
2754 1178 2962 1231 etenim
3027 1177 3296 1233 Dominus
3339 1177 3527 1249 gloriae
3559 1191 3755 1232 secon

504 1266 852 1339 spiciendum
894 1265 949 1319 in
999 1264 1239 1318 humana
1275 1262 1453 1316 forma
1492 1261 1750 1331 prmbnit,
1793 1260 2085 1314 humanam
2127 1261 2506 1319 conditionem
2548 1264 2859 1321 subeundo.

575 1383 813 1450 Gregorii
838 1379 1108 1453 [Nysseni]
1140 1395 1205 1433 ex
1235 1394 1390 1449 opere
1418 1386 1603 1431 contra
1632 1376 2017 1449 Apollinarem.

581 1580 598 1611 ι
640 1560 919 1616 Accusant
963 1575 1063 1614 nos
1108 1559 1265 1629 quasi
1306 1558 1445 1613 duas
1486 1568 1734 1622 naturas,
1765 1556 1972 1611 divisas
2001 1555 2086 1610 vel

501 1652 810 1708 contrarias
849 1651 1303 1715 introducamus.
1345 1660 1403 1705 et
1449 1649 1925 1720 supranaturalem
1988 1647 2087 1702 ad-

2367 1380 3187 1520 I‘pnroplovkgglltvrtzo‘égg’j
3214 1383 3284 1435 ἐκ
3317 1380 3423 1435 τοῦ
3453 1379 3603 1433 κατὰ

2268 1584 2285 1615 ι
2315 1564 2730 1637 Κατηγοροῦσιν
2759 1564 2915 1636 ἡμῶν
2958 1564 3033 1628 ὡς
3069 1564 3165 1618 δύο
3195 1563 3387 1632 φύσεις
3421 1562 3784 1630 εἰσαγόντων,

2189 1655 2586 1726 ἀπηρτημένας
2640 1657 2673 1728 ἢ
2731 1657 3073 1726 μαχομένας.
3137 1657 3234 1710 καὶ
3296 1655 3629 1726 μεριζόντων
3680 1653 3786 1724 τὴν

506 1746 927 1815 mirandamque
952 1746 1215 1800 unionem
1241 1745 1647 1800 discernamus.
1673 1763 1689 1795 ι
1730 1742 1850 1797 Jam
1875 1757 2028 1803 vero,
2054 1756 2087 1795 ο

2192 1744 2447 1814 ὑπερφυᾶ
2476 1745 2570 1796 καὶ
2620 1744 2932 1814 θαυμασίαν
2982 1744 3198 1797 ἕνωσιν.
3238 1763 3256 1797 ι
3299 1742 3462 1806 ’Δλλ’,
3512 1737 3558 1797 ὦ
3607 1737 3783 1807 οὗτοι,

506 1836 659 1899 boni,
711 1835 1043 1891 divisionem
1093 1851 1157 1890 ac
1218 1850 1458 1906 pugnam
1512 1834 1698 1889 dicere
1741 1832 1809 1888 de
1848 1834 2084 1897 naturis,

509 1928 803 1983 manifesto
835 1942 1111 1997 nusquam
1151 1936 1237 1982 est
1268 1935 1534 1981 statutum
1561 1926 1701 1979 :boc
1727 1925 1877 1979 enim
1920 1923 2093 1977 admi-

510 2018 733 2073 randam
771 2019 987 2074 dirimit
1014 2018 1298 2073 unionem.
1324 2016 1670 2089 Oportuisset
1699 2024 1883 2070 autem
1916 2014 2092 2068 solum

508 2109 671 2163 modo
704 2109 895 2164 dicere
940 2126 953 2161 :
991 2109 1151 2179 quasi
1210 2107 1350 2163 duas
1392 2117 1618 2163 naturas
1673 2106 2095 2162 introducamus

506 2211 562 2256 et
612 2200 997 2256 admirandam
1052 2200 1314 2256 unionem
1347 2200 1750 2255 discernamus.
1788 2218 1807 2251 ι

772 2311 960 2384 Cyrilli
1014 2328 1078 2367 ea:
1117 2314 1341 2383 epistola
1397 2314 1468 2367 ad
1530 2311 1843 2368 Sacensum.

582 2442 600 2476 ι
627 2422 949 2493 Quanquam
993 2424 1383 2494 conjunctione
1427 2423 1589 2483 facta.
1626 2433 1685 2478 ut
1741 2424 1797 2477 in
1838 2426 2092 2477 confesso

506 2522 610 2577 est,
647 2530 757 2568 non
790 2515 1027 2583 amplius
1068 2515 1138 2570 ab
1173 2530 1232 2569 se
1262 2515 1498 2570 invicem
1531 2515 1942 2584 disjunguntur,
1970 2530 2091 2583 quae

506 2606 799 2675 conjuncta
838 2613 966 2658 sunt
992 2623 1006 2671 ;
1049 2607 1147 2660 sed
1174 2621 1318 2661 unus
1338 2615 1585 2661 remanet
1615 2605 1807 2669 Filius,
1838 2621 1946 2660 una
1970 2607 2092 2676 ejus

505 2698 601 2767 qui
634 2712 857 2752 carnem
882 2698 1203 2767 assumpsit,
1235 2707 1450 2752 natura.
1496 2716 1515 2749 ι

578 2788 781 2843 Verum
827 2800 1082 2843 accurate
1124 2789 1325 2857 pieque
1357 2804 1473 2843 rem
1510 2788 1860 2859 perpendere
1889 2789 2095 2843 volenti

506 2878 859 2949 perspicuum
888 2877 969 2941 ﬁt,
1009 2894 1171 2932 unam
1216 2895 1342 2933 cum
1373 2894 1622 2933 asserere
1664 2878 1787 2933 Filii
1820 2888 2094 2943 naturam,

507 2979 780 3041 quatenus
830 2978 1027 3024 natura
1064 2970 1236 3024 Filius
1265 2979 1382 3035 est;
1415 2985 1539 3024 nam
1588 2968 1706 3024 fieri
1741 2985 1849 3023 non
1894 2978 2095 3039 potest,

512 3063 693 3132 utqui
738 3063 910 3117 semel
945 3071 1144 3116 natura
1173 3061 1347 3116 Filius
1375 3060 1499 3127 fuit,
1536 3060 1733 3116 evadat
1767 3063 1932 3115 etiam
1964 3062 2095 3114 ado-

508 3150 713 3220 ptionis
760 3152 931 3205 Filius
966 3166 1063 3221 per
1093 3151 1347 3221 gratiam,
1383 3150 1595 3204 etiamsi
1625 3151 1810 3204 carnis
1836 3158 2088 3202 naturam

509 3243 887 3312 assumpserit,
924 3242 992 3296 ab
1043 3257 1102 3298 se
1130 3258 1412 3312 nunquam
1454 3240 1879 3313 segregandam;
1931 3238 2089 3307 quasi

2197 1837 2364 1904 σαφὲς
2417 1836 2501 1890 ὅτι
2551 1836 2650 1906 τὴν
2709 1836 3020 1905 ἀπάρτησιν
3076 1836 3171 1889 καὶ
3230 1836 3413 1907 μάχην
3464 1834 3642 1902 λέγειν
3689 1835 3787 1887 ἐπὶ

2192 1926 2303 1979 τῶν
2340 1925 2574 1995 φύσεων,
2611 1927 2672 1979 οὐ
2731 1926 3024 1980 συνέθετο⁶
3087 1926 3217 1980 τάδε
3274 1928 3382 1999 γὰρ
3438 1925 3651 1997 μερίζει
3680 1926 3788 1994 τὴν

2195 2016 2516 2087 θαυμαστὴν
2548 2016 2775 2069 ἕνωσιν·
2825 2016 2950 2070 ἐπεὶ
3010 2016 3117 2069 ἔδει
3161 2016 3341 2084 λέγειν
3392 2018 3553 2087 μόνον
3584 2016 3783 2084 οὕτως,

2194 2107 2269 2171 ὡς
2318 2108 2411 2161 δύο
2471 2106 3083 2175 φύσειςέἱσαγόντων,
3138 2106 3234 2160 καὶ
3292 2105 3627 2176 μριζὸντων
3679 2106 3787 2175 τὴν

2196 2195 2454 2265 ὑπερφυᾶ
2493 2195 2709 2249 ἕνωσιν.

2251 2312 2554 2379 Κυρίλλου
2585 2310 2656 2364 ἐκ
2688 2310 2793 2379 τῆς
2825 2310 2977 2379 πρὸς
3016 2314 3361 2368 Σούκενσον
3387 2309 3742 2377 ἐπιστολῆς.

2272 2442 2291 2475 ι
2341 2423 2490 2494 Πλὴν
2553 2422 2655 2493 τῆς
2721 2422 2968 2487 ἑνὼσεως
3041 2424 3486 2495 ὁμολογουμένης
3514 2462 3530 2484 ,
3594 2421 3786 2474 οὒκέτι

2192 2516 2494 2569 διίστανται
2546 2515 2793 2585 ἀλλήλων
2844 2513 2913 2567 τὰ
2952 2514 3250 2579 ινωθέντα,
3299 2515 3418 2567 ἀλλ’
3465 2510 3547 2579 εἷς
3594 2511 3785 2565 λοιπὸν

2195 2606 2343 2668 Υἱὸς,
2379 2604 2479 2675 μία
2508 2604 2672 2673 φύσις
2700 2602 2865 2657 αὐτοῦ
2891 2604 2968 2667 ὡς
2995 2604 3390 2675 σαρκωθὲντος.
3427 2621 3446 2655 ι

2264 2780 2379 2834 Νῦν
2400 2780 2558 2851 δῆλόν
2588 2783 2704 2835 ὲστι
2731 2782 2894 2833 παντὶ
2927 2779 3004 2849 τῷ
3027 2780 3206 2848 σοφῶς
3238 2779 3355 2849 ἅμα
3402 2779 3497 2832 καὶ
3539 2776 3788 2841 εὐσεϐῶς

2194 2872 2579 2926 ὲπισκέπτοντι
2612 2872 2696 2923 ὅτι
2742 2871 2873 2940 μίαν
2918 2872 3082 2940 φύσιν
3109 2871 3241 2925 Υἱοῦ
3289 2888 3477 2941 φησιν,
3510 2869 3587 2932 ὡς
3621 2868 3788 2938 φύσει

2196 2962 2328 3016 Υἰοῦ
2348 2979 2361 2993 ·
2392 2962 2454 3015 οὐ
2485 2963 2595 3032 γάρ
2626 2962 2745 3015 ἐστι
2788 2963 2882 3016 καὶ
2923 2964 3105 3033 χάριτι
3133 2962 3261 3026 Υἱὸς
3299 2964 3327 3015 6
3374 2961 3521 3028 ἅπαξ
3556 2960 3657 3031 τὴν
3687 2960 3787 3013 τοῦ

2196 3054 2358 3123 φύσει
2394 3052 2526 3106 Υἰοῦ
2576 3053 2738 3121 φύσιν
2788 3052 2946 3123 ἔχων,
2996 3055 3045 3106 εἰ
3102 3053 3199 3107 καὶ
3251 3052 3349 3123 τὴν
3384 3052 3583 3123 σαρκὸς
3620 3050 3791 3122 φύσιν

2197 3146 2615 3216 προσεκτήσατο
2671 3144 2937 3214 μηδέποτε
2987 3143 3153 3198 αὐτοῦ
3202 3144 3646 3207 ἀποδιαστᾶσαν,
3695 3144 3789 3195 ἵνα

2197 3239 2292 3292 καὶ
2319 3238 2419 3307 τῆς
2444 3239 2586 3291 κατὰ
2607 3239 2769 3309 χάριν
2798 3236 3071 3300 υἱοθεσίας
3100 3236 3293 3303 δέοιτο,
3323 3236 3422 3306 τῆς
3449 3234 3591 3288 κατὰ
3619 3234 3791 3303 φύσιν

510 3344 669 3404 egeat
720 3345 777 3389 et
824 3334 1137 3403 adeptionis
1180 3335 1377 3404 gratia,
1426 3334 1523 3404 qui
1552 3334 1665 3403 jam
1696 3340 1890 3386 natura
1923 3330 2087 3385 Filius

2195 3331 2297 3383 οὐκ
2335 3329 2650 3399 ἠξιωμένη-
2687 3330 2775 3381 ἀεὶ
2829 3329 2939 3398 γὰρ
2993 3327 3052 3393 ἐξ
3097 3321 3267 3399 οὗπέρ
3327 3331 3445 3382 ἐστι
3496 3330 3563 3398 τῇ
3621 3326 3790 3395 φύσει

510 3425 707 3479 evasit.
758 3424 972 3479 Etenim
1025 3439 1092 3478 ex
1140 3440 1251 3493 quo
1300 3433 1580 3479 momento
1630 3422 1871 3476 humana
1898 3430 2094 3475 natura

514 3512 569 3566 in
603 3527 893 3582 personam
920 3512 1043 3567 Filii
1075 3512 1343 3567 naturalis
1372 3512 1611 3579 transiit,
1650 3527 1716 3567 ea
1744 3526 1962 3580 semper
1989 3510 2092 3580 ipsi

511 3604 804 3673 conjuncta
844 3604 1075 3668 mansit;
1111 3614 1406 3675 propterea
1448 3612 1600 3660 tanto
1632 3603 1843 3658 honore
1872 3601 2094 3673 dignata

513 3710 621 3748 una
650 3710 777 3749 cum
809 3697 927 3765 ipso
956 3696 1157 3749 colitur
1182 3695 1570 3766 adoraturque.

581 3786 701 3840 1am
723 3802 877 3850 vero,
903 3800 1029 3839 cum
1070 3786 1303 3850 nullum,
1351 3794 1625 3856 quatenus
1672 3786 1729 3840 in
1781 3784 1940 3839 nobis
1986 3794 2090 3849 est,

512 3882 837 3941 praetextum
886 3873 1185 3929 inimicitia:
1238 3890 1345 3944 qua
1401 3875 1477 3929 illi
1511 3890 1613 3929 nos
1646 3881 2087 3943 persequuntur,

512 3966 787 4036 negligere
813 3965 1067 4032 velimus,
1095 3966 1436 4037 objectiones
1482 3966 1551 4021 ab
1611 3958 1694 4021 eis
1721 3966 1776 4020 in
1821 3965 2090 4020 orationis

510 4055 748 4110 decursu
776 4056 1070 4111 adversum
1100 4072 1204 4111 nos
1230 4057 1466 4127 proferri
1501 4056 1689 4111 solitas
1718 4056 2089 4111 indicabimus

511 4147 618 4203 hoc
640 4147 783 4212 loco,
819 4155 984 4216 atque
1006 4147 1085 4201 sic
1113 4146 1527 4203 mendaciorum
1560 4155 1753 4201 contra
1787 4146 2087 4201 Ecclesiam

511 4237 761 4292 fusorum
798 4238 1186 4293 refutationem
1227 4238 1295 4292 ad
1347 4238 1508 4293 finem
1539 4237 1896 4291 deducemus.
1943 4236 2088 4303 Quo-

511 4329 660 4383 niam
691 4329 842 4383 enim
887 4344 1067 4397 neque
1113 4328 1422 4383 rationibus
1477 4328 1545 4383 ad
1592 4327 2085 4383 demonstrandum

510 4420 673 4490 aptis,
707 4434 884 4489 neque
908 4420 1237 4475 testimoniis
1270 4435 1300 4474 e
1331 4419 1613 4490 Scriptura
1644 4421 1728 4474 vel
1766 4436 1796 4473 e
1828 4420 2087 4474 Patribus

509 4509 854 4579 depromptis
876 4509 1180 4563 doctrinam
1221 4525 1375 4564 suam
1424 4518 1675 4565 astruere
1701 4510 1905 4574 valent,
1950 4526 2083 4565 cau-

508 4616 619 4664 sas,
650 4614 748 4653 cur
780 4616 812 4653 a
841 4599 1001 4653 nobis
1022 4599 1377 4666 dissentiant,
1412 4599 1714 4656 afferentes
1741 4601 1823 4655 sic
1851 4600 1969 4656 fere
1994 4601 2082 4657 di-

506 4703 674 4746 cunt:

582 4802 599 4835 ι
633 4781 747 4836 Etsi
782 4782 869 4850 pia
903 4780 1165 4835 videntur
1208 4781 1482 4851 dogmata,
1518 4797 1641 4851 quzc
1674 4797 1823 4836 nunc
1853 4781 2091 4836 traditis,

506 4882 743 4926 vestram
776 4881 958 4925 tamen
992 4871 1312 4926 societatem
1340 4871 1615 4940 fugimus;
1643 4882 1935 4941 propterea
1963 4872 2090 4941 quia

505 4961 689 5016 colitis
738 4977 803 5016 ac
854 4962 1122 5016 veremini
1169 4962 1619 5017 Chalcedonense
1666 4964 2001 5028 concilium,
2035 4974 2091 5018 et

504 5051 691 5106 Romae
729 5052 1095 5121 patriarcliam
1121 5052 1195 5122 (6)
1233 5053 1495 5118 Leonem,
1521 5054 1614 5123 qui
1642 5055 1861 5123 quidem
1901 5054 1983 5121 (ut
2008 5055 2085 5109 ait

504 5139 597 5207 qui
646 5155 705 5193 se
766 5140 1088 5209 magistrum
1157 5142 1403 5211 ipsorum
1440 5144 1655 5213 jactitat
1702 5143 2082 5199 Antiochenus

500 5230 811 5297 patriarcha
836 5230 910 5301 (7)
936 5231 1210 5302 Severus)
1236 5249 1295 5288 se
1321 5235 1375 5286 in
1400 5250 1569 5289 unum
1589 5236 1885 5289 convenire
1908 5236 2080 5290 simu-

574 5380 750 5452 (96-5)
775 5381 906 5448 Qua;
929 5396 1236 5452 sequuntur
1268 5386 1416 5453 apud
1437 5386 1605 5440 Μανιεὶ
1637 5387 1819 5442 concil.
1847 5386 1967 5439 coll.
1992 5402 2079 5441 re-

507 5453 820 5516 periuntur,
858 5462 896 5506 t.
945 5454 1057 5517 Vll,
1110 5471 1159 5509 c.
1216 5456 1339 5508 7l9.

573 5521 677 5595 (6)__
705 5522 875 5595 Vetus
918 5525 1372 5595 inomenclatura,
1443 5542 1549 5594 qua
1576 5527 1768 5595 primis
1822 5526 2080 5581 Ecclesia:

500 5591 711 5665 azt‘culis
734 5592 1046 5661 gaudebant
1078 5595 1306 5647 Romani
1336 5591 1621 5664 pontifices
1643 5598 1734 5665 qui
1775 5605 1830 5651 ct
1863 5597 2078 5665 cpisco-

501 5661 552 5728 pi
586 5661 789 5733 Rotnm,
822 5672 878 5714 et
905 5665 1300 5733 archicpismpi
1336 5661 1795 5733 appellabantur.

574 5731 649 5800 (7)
690 5731 925 5805 EXpulso
953 5750 1048 5802 per
1096 5731 1364 5788 ’sunnnam
1394 5731 1665 5806 tiqui-mn
1722 5737 1994 5798 Flaviano,
2025 5736 2075 5788 in

2110 4672 2164 4729 D

2198 3422 2439 3492 υἰωμένη
2487 3421 2669 3485 οὐσία,
2711 3421 2963 3490 ἡνωμένη
3004 3420 3125 3473 ἐστὶ
3167 3420 3263 3472 καὶ
3296 3421 3362 3489 τῇ
3415 3418 3515 3487 τῆς
3544 3416 3789 3486 φυσικῆς

2197 3511 2439 3576 υἱὼσεως
2494 3511 2650 3583 ἀξίαι
2706 3510 3145 3582 συντετιμημένη
3200 3509 3293 3563 οὖν
3350 3508 3635 3573 δοξάζεται
3689 3509 3791 3562 καὶ

2200 3623 2263 3658 συ
2270 3608 2729 3676 μπροσκυνεῖται.

2264 3780 2448 3849 Μηδὲν
2498 3780 2555 3834 δὲ
2611 3780 2986 3852 ἀθεράπευτον
3039 3780 3363 3834 καταλιπεῖν
3423 3778 3499 3841 ὡς
3558 3773 3673 3833 οἷόν
3721 3795 3789 3833 τε

2196 3872 2588 3937 σπουδάζοντες
2632 3874 2815 3935 αὐτοῖς
2855 3873 2963 3926 τῶν
2982 3873 3082 3944 τῆς
3120 3872 3258 3943 πρὸς
3291 3872 3441 3941 ἡμᾶς
3471 3870 3789 3940 φιλεχθείας

2193 3963 2685 4035 προφασισμάτων,
2723 3966 2817 4017 καὶ
2865 3965 2963 4028 τὰς
3012 3965 3070 4017 ὲν
3119 3963 3432 4035 παραϐάσει
3474 3962 3570 4015 τοῦ
3620 3962 3788 4029 λόγου

2191 4054 2444 4117 εἰωθυίας
2474 4057 2659 4119 αὐτοῖς
2707 4055 3114 4126 προσφέρεσθαι
3168 4056 3405 4125 μέμψεις
3454 4056 3576 4108 καθ’
3621 4053 3789 4125 ἡμῶν

2192 4150 2630 4219 παραγαγόντες,
2680 4149 2932 4202 ἐνταυθοῖ
2967 4167 3070 4203 που
3122 4150 3213 4203 τὸν
3250 4149 3469 4219 ἔλεγχον
3513 4148 3609 4202 τοῦ
3641 4149 3789 4202 κατὰ

2189 4239 2290 4302 τῆς
2328 4242 2659 4312 Ἐκκλησίας
2684 4241 2910 4310 ψεύδους
2942 4241 3489 4313 ἀποτερματίσωμενο
3522 4242 3644 4294 ἐπεὶ
3674 4241 3788 4312 γὰρ

2192 4332 2329 4401 μήτε
2356 4332 2757 4396 ἀποδεικτικοῖς
2796 4335 3195 4404 ἐπιχειρήμασι
3230 4332 3604 4402 παραστῆσαι,
3637 4332 3785 4402 μήτε

2189 4421 2545 4494 Γραφικοῖςῆ
2586 4425 2883 4495 Πατρικοῖς
2931 4427 3334 4497 μαρτυρήμασι
3384 4424 3683 4494 βεϐαιῶσαι
3714 4424 3788 4478 τὰ

2186 4513 2360 4565 οἰκεῖα
2412 4518 2740 4585 φρονήματα
2782 4515 3121 4585 δεδύνηνται,
3177 4518 3235 4569 ὲν
3286 4514 3641 4585 ἐσχατολογία
3668 4513 3811 4566 τῶν“

2187 4604 2377 4657 αἰτιῶν
2402 4606 2503 4674 τῆς
2533 4609 2628 4676 ἀφ’
2657 4606 2815 4677 ἡμῶν
2847 4608 3236 4676 ἐκφοιτήσεως,
3263 4608 3425 4675 φασὶν
3458 4606 3537 4658 ἔτι
3567 4605 3657 4668 (9.6
3676 4605 3779 4673 »5)’

2269 4804 2286 4834 ι
2343 4787 2431 4850 Ὠς
2464 4785 2568 4839 κᾶν
2614 4786 2795 4839 τοιάδε
2842 4786 3004 4854 ὑμεῖς
3056 4785 3394 4855 εύσεϐοφανῆ
3430 4785 3526 4839 νῦν
3566 4787 3779 4855 δογμα-

2188 4876 2387 4940 τίζετε,
2419 4877 2481 4929 ού
2525 4874 3112 4945 συνεκκλησιαζόμεθα
3163 4876 3327 4945 ὑμῖν·
3385 4875 3605 4945 δέχεσθε
3673 4856 3784 4946 γὰρ

2194 4967 2289 5019 καὶ
2323 4967 2513 5018 σέϐετε
2557 4966 2659 5036 τὴν
2712 4968 2770 5018 ὲν
2812 4966 3118 5033 Χαλκηδόνι
3168 4966 3407 5030 σύνοδον,
3442 4966 3536 5018 καὶ
3575 4966 3785 5019 Λέοντα

2182 5058 2277 5108 τὸν
2325 5057 2676 5127 πατριάρχην
2713 5056 2969 5128 Ῥώμης,
3032 5057 3081 5110 οἶ
3119 5057 3287 5128 (καθά
3331 5074 3497 5128 φησιν
3533 5057 3718 5121 αὐτοῖς
3755 5059 3784 5111 6

2189 5145 2360 5211 λέγων
2393 5146 2513 5198 τινὰ
2559 5148 2752 5200 ἑαυτὸν
2802 5143 2943 5201 εἰναι
2990 5148 3312 5201 διδάσκαλον
3347 5148 3547 5211 αὐτῶν,
3594 5149 3623 5200 6
3671 5148 3786 5202 ἀπὸ

2190 5239 2546 5309 πατριαρχῶν
2607 5241 2940 5309 Ἀντιοχείας
3002 5240 3295 5311 Σεϐῆρος),
3356 5240 3628 5311 πρόφασιν
3680 5242 3785 5310 μὲν

2183 5387 2619 5473 ipsius-locum
2683 5390 3061 5473 suﬂ‘ectuscst
3130 5390 3377 5472 Severus
3444 5392 3778 5473 monagbus,

2179 5457 2647 5530 Eutychianorum
2679 5469 2861 5529 caput,
2892 5462 2985 5530 qui
3018 5478 3143 5515 cum
3172 5463 3585 5529 proscripsisset
3609 5462 3779 5515 Chal-

2179 5527 2492 5600 cedonense
2522 5527 2821 5584 concilium
2871 5527 2929 5586 et
2967 5533 3022 5585 ὃ.
3062 5527 3324 5595 Leonem,
3354 5527 3692 5600 proscriptus
3724 5544 3781 5587 et

2180 5597 2293 5665 ipse
2318 5598 2421 5651 fuit
2444 5599 2497 5651 in
2529 5600 2765 5654 concilio
2795 5600 2905 5672 Cl).
2928 5601 3237 5670 episcopor.
3262 5616 3334 5662 vn,
3358 5597 3430 5655 ab
3455 5602 3541 5658 Jo.
3570 5597 3754 5672 Cpolit

2176 5683 2265 5738 ep.
2308 5679 2630 5737 convocato,
2663 5677 2776 5724 tom
2821 5671 2859 5725 ιτ
2882 5670 3050 5726 Cone.
3076 5713 3089 5737 ,
3122 5688 3242 5744 pag.
3278 5672 3398 5727 170.
