  <div class='ocr_page' id='page_1' title='image "/cluster/home/n/w/nwhite01/storage/ocr_20150623/86 pars.2/pst.000005712885/077.png"; bbox 0 0 4094 6334; ppageno 0'>
   <div class='ocr_carea' id='block_1_1' title="bbox 510 333 650 395">
    <p class='ocr_par' dir='ltr' id='par_1_1' title="bbox 510 333 650 395">
     <span class='ocr_line' id='line_1_1' title="bbox 510 333 650 395; baseline -0.014 0"><span class='ocrx_word' id='word_1_1' title='bbox 510 333 650 395; x_wconf 76' lang='lat'><strong>1879</strong></span> 
     </span>
    </p>
   </div>
   <div class='ocr_carea' id='block_1_2' title="bbox 1809 327 2569 387">
    <p class='ocr_par' dir='ltr' id='par_1_2' title="bbox 1809 327 2569 387">
     <span class='ocr_line' id='line_1_2' title="bbox 1809 327 2569 387; baseline 0.001 -1"><span class='ocrx_word' id='word_1_2' title='bbox 1809 327 2121 386; x_wconf 63' lang='lat' dir='ltr'><strong>LEONTII</strong></span> <span class='ocrx_word' id='word_1_3' title='bbox 2163 328 2569 387; x_wconf 65' lang='lat' dir='ltr'><strong>BYZANTi‘Ni</strong></span> 
     </span>
    </p>
   </div>
   <div class='ocr_carea' id='block_1_3' title="bbox 3656 325 3793 392">
    <p class='ocr_par' dir='ltr' id='par_1_3' title="bbox 3656 325 3793 392">
     <span class='ocr_line' id='line_1_3' title="bbox 3656 325 3793 392; baseline 0 -1"><span class='ocrx_word' id='word_1_4' title='bbox 3656 325 3793 392; x_wconf 78' lang='lat'><strong>1880</strong></span> 
     </span>
    </p>
   </div>
   <div class='ocr_carea' id='block_1_4' title="bbox 506 438 2118 516">
    <p class='ocr_par' dir='ltr' id='par_1_4' title="bbox 506 439 2097 510">
     <span class='ocr_line' id='line_1_4' title="bbox 506 439 2097 510; baseline -0.004 -13"><span class='ocrx_word' id='word_1_5' title='bbox 506 442 859 497; x_wconf 74' lang='lat' dir='ltr'><strong>Providentia</strong></span> <span class='ocrx_word' id='word_1_6' title='bbox 898 441 1067 510; x_wconf 87' lang='lat' dir='ltr'><strong>petita</strong></span> <span class='ocrx_word' id='word_1_7' title='bbox 1101 455 1197 494; x_wconf 87' lang='lat' dir='ltr'><strong>vos</strong></span> <span class='ocrx_word' id='word_1_8' title='bbox 1228 448 1411 495; x_wconf 87' lang='lat' dir='ltr'><strong>movet</strong></span> <span class='ocrx_word' id='word_1_9' title='bbox 1435 439 1500 492; x_wconf 81' lang='lat' dir='ltr'><strong>ad</strong></span> <span class='ocrx_word' id='word_1_10' title='bbox 1524 447 1775 493; x_wconf 73' lang='lat' dir='ltr'><strong>sanctum</strong></span> <span class='ocrx_word' id='word_1_11' title='bbox 1802 440 2097 493; x_wconf 74' lang='lat' dir='ltr'><strong>concilium</strong></span> 
     </span>
    </p>
   </div>
   <div class='ocr_carea' id='block_1_5' title="bbox 2224 438 3798 516">
    <p class='ocr_par' dir='ltr' id='par_1_5' title="bbox 2224 438 3798 516">
     <span class='ocr_line' id='line_1_5' title="bbox 2224 438 3798 516; baseline 0.004 -27"><span class='ocrx_word' id='word_1_12' title='bbox 2224 438 2529 511; x_wconf 60' lang='grc' dir='ltr'>ψολήνςῖεώς</span> <span class='ocrx_word' id='word_1_13' title='bbox 2556 459 2707 505; x_wconf 87' lang='grc' dir='ltr'>τινας</span> <span class='ocrx_word' id='word_1_14' title='bbox 2745 444 2931 507; x_wconf 72' lang='grc' dir='ltr'>εὸικώς</span> <span class='ocrx_word' id='word_1_15' title='bbox 2968 442 3075 498; x_wconf 80' lang='grc' dir='ltr'>τῶν</span> <span class='ocrx_word' id='word_1_16' title='bbox 3109 446 3164 498; x_wconf 77' lang='grc' dir='ltr'>ὲν</span> <span class='ocrx_word' id='word_1_17' title='bbox 3188 446 3326 516; x_wconf 74' lang='grc' dir='ltr'>αὐτῇ</span> <span class='ocrx_word' id='word_1_18' title='bbox 3369 444 3620 505; x_wconf 79' lang='grc' dir='ltr'>ὑπούλως</span> <span class='ocrx_word' id='word_1_19' title='bbox 3649 446 3798 514; x_wconf 84' lang='grc' dir='ltr'>ἔχειν</span> 
     </span>
    </p>
   </div>
   <div class='ocr_carea' id='block_1_6' title="bbox 503 531 2099 604">
    <p class='ocr_par' dir='ltr' id='par_1_6' title="bbox 503 531 2099 604">
     <span class='ocr_line' id='line_1_6' title="bbox 503 531 2099 604; baseline -0.001 -17"><span class='ocrx_word' id='word_1_20' title='bbox 503 537 607 588; x_wconf 82' lang='lat' dir='ltr'><strong>hoc</strong></span> <span class='ocrx_word' id='word_1_21' title='bbox 637 532 1009 604; x_wconf 87' lang='lat' dir='ltr'><strong>probandum,</strong></span> <span class='ocrx_word' id='word_1_22' title='bbox 1052 532 1147 587; x_wconf 88' lang='lat' dir='ltr'><strong>sed</strong></span> <span class='ocrx_word' id='word_1_23' title='bbox 1180 532 1361 586; x_wconf 90' lang='lat' dir='ltr'><strong>adhuc</strong></span> <span class='ocrx_word' id='word_1_24' title='bbox 1396 532 1567 585; x_wconf 90' lang='lat' dir='ltr'><strong>veteri</strong></span> <span class='ocrx_word' id='word_1_25' title='bbox 1595 531 1876 601; x_wconf 74' lang='lat' dir='ltr'><strong>opinionis</strong></span> <span class='ocrx_word' id='word_1_26' title='bbox 1911 547 2099 585; x_wconf 90' lang='lat' dir='ltr'><strong>errore</strong></span> 
     </span>
    </p>
   </div>
   <div class='ocr_carea' id='block_1_7' title="bbox 503 622 2103 693">
    <p class='ocr_par' dir='ltr' id='par_1_7' title="bbox 503 622 2103 693">
     <span class='ocr_line' id='line_1_7' title="bbox 503 622 2103 693; baseline 0 -18"><span class='ocrx_word' id='word_1_27' title='bbox 503 624 718 693; x_wconf 84' lang='lat' dir='ltr'><strong>decepti</strong></span> <span class='ocrx_word' id='word_1_28' title='bbox 745 622 1105 692; x_wconf 81' lang='lat' dir='ltr'><strong>suspicamini</strong></span> <span class='ocrx_word' id='word_1_29' title='bbox 1132 622 1399 691; x_wconf 89' lang='lat' dir='ltr'><strong>quosdam</strong></span> <span class='ocrx_word' id='word_1_30' title='bbox 1428 622 1647 678; x_wconf 88' lang='lat' dir='ltr'><strong>concilii</strong></span> <span class='ocrx_word' id='word_1_31' title='bbox 1673 622 1861 676; x_wconf 84' lang='lat' dir='ltr'><strong>Patres</strong></span> <span class='ocrx_word' id='word_1_32' title='bbox 1890 624 2103 676; x_wconf 77' lang='lat' dir='ltr'><strong>occulte</strong></span> 
     </span>
    </p>
   </div>
   <div class='ocr_carea' id='block_1_8' title="bbox 506 714 2103 785">
    <p class='ocr_par' dir='ltr' id='par_1_8' title="bbox 506 714 2103 785">
     <span class='ocr_line' id='line_1_8' title="bbox 506 714 2103 785; baseline 0 -18"><span class='ocrx_word' id='word_1_33' title='bbox 506 715 709 769; x_wconf 79' lang='lat' dir='ltr'><strong>fovisse</strong></span> <span class='ocrx_word' id='word_1_34' title='bbox 756 728 983 783; x_wconf 87' lang='lat' dir='ltr'><strong>pravum</strong></span> <span class='ocrx_word' id='word_1_35' title='bbox 1018 715 1261 769; x_wconf 89' lang='lat' dir='ltr'><strong>Nestorii</strong></span> <span class='ocrx_word' id='word_1_36' title='bbox 1296 716 1515 785; x_wconf 81' lang='lat' dir='ltr'><strong>dogma,</strong></span> <span class='ocrx_word' id='word_1_37' title='bbox 1545 714 1677 768; x_wconf 87' lang='lat' dir='ltr'><strong>licet</strong></span> <span class='ocrx_word' id='word_1_38' title='bbox 1720 724 1908 783; x_wconf 86' lang='lat' dir='ltr'><strong>aperte</strong></span> <span class='ocrx_word' id='word_1_39' title='bbox 1940 731 2103 769; x_wconf 87' lang='lat' dir='ltr'><strong>unam</strong></span> 
     </span>
    </p>
   </div>
   <div class='ocr_carea' id='block_1_9' title="bbox 506 806 2107 875">
    <p class='ocr_par' dir='ltr' id='par_1_9' title="bbox 506 806 2107 875">
     <span class='ocr_line' id='line_1_9' title="bbox 506 806 2107 875; baseline 0.001 -16"><span class='ocrx_word' id='word_1_40' title='bbox 506 820 698 859; x_wconf 82' lang='lat' dir='ltr'><strong>omnes</strong></span> <span class='ocrx_word' id='word_1_41' title='bbox 734 808 847 859; x_wconf 87' lang='lat' dir='ltr'><strong>uno</strong></span> <span class='ocrx_word' id='word_1_42' title='bbox 903 821 999 859; x_wconf 88' lang='lat' dir='ltr'><strong>ore</strong></span> <span class='ocrx_word' id='word_1_43' title='bbox 1040 806 1371 860; x_wconf 89' lang='lat' dir='ltr'><strong>sententiam</strong></span> <span class='ocrx_word' id='word_1_44' title='bbox 1400 806 1827 875; x_wconf 75' lang='lat' dir='ltr'><strong>proﬁterentur;</strong></span> <span class='ocrx_word' id='word_1_45' title='bbox 1852 807 2107 860; x_wconf 85' lang='lat' dir='ltr'><strong>conside-</strong></span> 
     </span>
    </p>
   </div>
   <div class='ocr_carea' id='block_1_10' title="bbox 506 895 2105 968">
    <p class='ocr_par' dir='ltr' id='par_1_10' title="bbox 506 895 2105 968">
     <span class='ocr_line' id='line_1_10' title="bbox 506 895 2105 968; baseline 0.001 -19"><span class='ocrx_word' id='word_1_46' title='bbox 506 910 693 949; x_wconf 88' lang='lat' dir='ltr'><strong>remus</strong></span> <span class='ocrx_word' id='word_1_47' title='bbox 726 912 795 951; x_wconf 89' lang='lat' dir='ltr'><strong>an</strong></span> <span class='ocrx_word' id='word_1_48' title='bbox 819 896 923 950; x_wconf 88' lang='lat' dir='ltr'><strong>hac</strong></span> <span class='ocrx_word' id='word_1_49' title='bbox 944 895 1015 951; x_wconf 88' lang='lat' dir='ltr'><strong>de</strong></span> <span class='ocrx_word' id='word_1_50' title='bbox 1054 910 1220 950; x_wconf 87' lang='lat' dir='ltr'><strong>causa</strong></span> <span class='ocrx_word' id='word_1_51' title='bbox 1245 896 1488 968; x_wconf 81' lang='lat' dir='ltr'><strong>synodus</strong></span> <span class='ocrx_word' id='word_1_52' title='bbox 1516 897 1777 950; x_wconf 90' lang='lat' dir='ltr'><strong>universa</strong></span> <span class='ocrx_word' id='word_1_53' title='bbox 1804 897 2105 966; x_wconf 88' lang='lat' dir='ltr'><strong>rejicienda</strong></span> 
     </span>
    </p>
   </div>
   <div class='ocr_carea' id='block_1_11' title="bbox 505 987 2107 1059">
    <p class='ocr_par' dir='ltr' id='par_1_11' title="bbox 505 987 2107 1059">
     <span class='ocr_line' id='line_1_11' title="bbox 505 987 2107 1059; baseline 0.002 -19"><span class='ocrx_word' id='word_1_54' title='bbox 505 987 786 1041; x_wconf 81' lang='lat' dir='ltr'><strong>videatur.</strong></span> <span class='ocrx_word' id='word_1_55' title='bbox 837 987 1125 1057; x_wconf 86' lang='lat' dir='ltr'><strong>Nunquid,</strong></span> <span class='ocrx_word' id='word_1_56' title='bbox 1184 1004 1370 1058; x_wconf 65' lang='lat' dir='ltr'><strong>quaeso</strong></span> <span class='ocrx_word' id='word_1_57' title='bbox 1414 1004 1530 1053; x_wconf 87' lang='lat' dir='ltr'><strong>vos,</strong></span> <span class='ocrx_word' id='word_1_58' title='bbox 1568 988 1687 1043; x_wconf 84' lang='lat' dir='ltr'><strong>ﬁeri</strong></span> <span class='ocrx_word' id='word_1_59' title='bbox 1741 1004 1852 1043; x_wconf 89' lang='lat' dir='ltr'><strong>non</strong></span> <span class='ocrx_word' id='word_1_60' title='bbox 1890 999 2107 1059; x_wconf 68' lang='lat' dir='ltr'><strong>poterat</strong></span> 
     </span>
    </p>
   </div>
   <div class='ocr_carea' id='block_1_12' title="bbox 509 1079 2103 1151">
    <p class='ocr_par' dir='ltr' id='par_1_12' title="bbox 509 1079 2103 1151">
     <span class='ocr_line' id='line_1_12' title="bbox 509 1079 2103 1151; baseline 0.003 -19"><span class='ocrx_word' id='word_1_61' title='bbox 509 1089 570 1132; x_wconf 92' lang='lat' dir='ltr'><strong>ut</strong></span> <span class='ocrx_word' id='word_1_62' title='bbox 621 1079 716 1148; x_wconf 89' lang='lat' dir='ltr'><strong>qui</strong></span> <span class='ocrx_word' id='word_1_63' title='bbox 759 1087 920 1133; x_wconf 85' lang='lat' dir='ltr'><strong>antea</strong></span> <span class='ocrx_word' id='word_1_64' title='bbox 972 1080 1112 1134; x_wconf 88' lang='lat' dir='ltr'><strong>male</strong></span> <span class='ocrx_word' id='word_1_65' title='bbox 1176 1081 1584 1151; x_wconf 85' lang='lat' dir='ltr'><strong>Opinabantur,</strong></span> <span class='ocrx_word' id='word_1_66' title='bbox 1639 1090 1832 1151; x_wconf 88' lang='lat' dir='ltr'><strong>postea</strong></span> <span class='ocrx_word' id='word_1_67' title='bbox 1888 1092 2103 1137; x_wconf 87' lang='lat' dir='ltr'><strong>mutata</strong></span> 
     </span>
    </p>
   </div>
   <div class='ocr_carea' id='block_1_13' title="bbox 507 1169 2105 1243">
    <p class='ocr_par' dir='ltr' id='par_1_13' title="bbox 507 1169 2105 1243">
     <span class='ocr_line' id='line_1_13' title="bbox 507 1169 2105 1243; baseline 0.005 -23"><span class='ocrx_word' id='word_1_68' title='bbox 507 1169 782 1223; x_wconf 74' lang='lat' dir='ltr'><strong>sententia</strong></span> <span class='ocrx_word' id='word_1_69' title='bbox 834 1170 922 1239; x_wconf 90' lang='lat' dir='ltr'><strong>pie</strong></span> <span class='ocrx_word' id='word_1_70' title='bbox 982 1178 1242 1240; x_wconf 87' lang='lat' dir='ltr'><strong>recteque</strong></span> <span class='ocrx_word' id='word_1_71' title='bbox 1317 1172 1623 1237; x_wconf 87' lang='lat' dir='ltr'><strong>sentirent;</strong></span> <span class='ocrx_word' id='word_1_72' title='bbox 1673 1172 1921 1242; x_wconf 82' lang='lat' dir='ltr'><strong>profecto</strong></span> <span class='ocrx_word' id='word_1_73' title='bbox 1958 1174 2105 1243; x_wconf 85' lang='lat' dir='ltr'><strong>quod</strong></span> 
     </span>
    </p>
   </div>
   <div class='ocr_carea' id='block_1_14' title="bbox 508 1257 2106 1333">
    <p class='ocr_par' dir='ltr' id='par_1_14' title="bbox 508 1257 2106 1333">
     <span class='ocr_line' id='line_1_14' title="bbox 508 1257 2106 1333; baseline 0.005 -23"><span class='ocrx_word' id='word_1_74' title='bbox 508 1274 537 1310; x_wconf 84' lang='lat' dir='ltr'><strong>a</strong></span> <span class='ocrx_word' id='word_1_75' title='bbox 576 1257 798 1311; x_wconf 89' lang='lat' dir='ltr'><strong>concilii</strong></span> <span class='ocrx_word' id='word_1_76' title='bbox 831 1258 1089 1315; x_wconf 84' lang='lat' dir='ltr'><strong>Patribus</strong></span> <span class='ocrx_word' id='word_1_77' title='bbox 1144 1269 1360 1330; x_wconf 80' lang='lat' dir='ltr'><strong>gestum</strong></span> <span class='ocrx_word' id='word_1_78' title='bbox 1389 1272 1472 1316; x_wconf 89' lang='lat' dir='ltr'><strong>est</strong></span> <span class='ocrx_word' id='word_1_79' title='bbox 1504 1305 1517 1329; x_wconf 91' lang='lat'><strong>,</strong></span> <span class='ocrx_word' id='word_1_80' title='bbox 1548 1264 1652 1319; x_wconf 88' lang='lat' dir='ltr'><strong>hoc</strong></span> <span class='ocrx_word' id='word_1_81' title='bbox 1689 1272 1877 1333; x_wconf 87' lang='lat' dir='ltr'><strong>aperte</strong></span> <span class='ocrx_word' id='word_1_82' title='bbox 1914 1266 2106 1319; x_wconf 85' lang='lat' dir='ltr'><strong>deela-</strong></span> 
     </span>
    </p>
   </div>
   <div class='ocr_carea' id='block_1_15' title="bbox 508 1348 2105 1425">
    <p class='ocr_par' dir='ltr' id='par_1_15' title="bbox 508 1348 2105 1425">
     <span class='ocr_line' id='line_1_15' title="bbox 508 1348 2105 1425; baseline 0.008 -25"><span class='ocrx_word' id='word_1_83' title='bbox 508 1356 593 1400; x_wconf 85' lang='lat' dir='ltr'><strong>rat</strong></span> <span class='ocrx_word' id='word_1_84' title='bbox 625 1362 722 1401; x_wconf 90' lang='lat' dir='ltr'><strong>eos</strong></span> <span class='ocrx_word' id='word_1_85' title='bbox 768 1348 1048 1415; x_wconf 82' lang='lat' dir='ltr'><strong>videlicet,</strong></span> <span class='ocrx_word' id='word_1_86' title='bbox 1087 1352 1131 1405; x_wconf 92' lang='lat' dir='ltr'><strong>si</strong></span> <span class='ocrx_word' id='word_1_87' title='bbox 1168 1367 1276 1406; x_wconf 91' lang='lat' dir='ltr'><strong>non</strong></span> <span class='ocrx_word' id='word_1_88' title='bbox 1303 1352 1376 1407; x_wconf 91' lang='lat' dir='ltr'><strong>ita</strong></span> <span class='ocrx_word' id='word_1_89' title='bbox 1411 1356 1648 1424; x_wconf 89' lang='lat' dir='ltr'><strong>pridem,</strong></span> <span class='ocrx_word' id='word_1_90' title='bbox 1684 1365 1738 1408; x_wconf 87' lang='lat' dir='ltr'><strong>at</strong></span> <span class='ocrx_word' id='word_1_91' title='bbox 1764 1372 1830 1410; x_wconf 91' lang='lat' dir='ltr'><strong>eo</strong></span> <span class='ocrx_word' id='word_1_92' title='bbox 1858 1364 2105 1425; x_wconf 87' lang='lat' dir='ltr'><strong>tempore</strong></span> 
     </span>
    </p>
   </div>
   <div class='ocr_carea' id='block_1_16' title="bbox 506 1436 2104 1510">
    <p class='ocr_par' dir='ltr' id='par_1_16' title="bbox 506 1436 2104 1510">
     <span class='ocr_line' id='line_1_16' title="bbox 506 1436 2104 1510; baseline 0.008 -20"><span class='ocrx_word' id='word_1_93' title='bbox 506 1436 599 1506; x_wconf 86' lang='lat' dir='ltr'><strong>pie</strong></span> <span class='ocrx_word' id='word_1_94' title='bbox 646 1448 908 1510; x_wconf 85' lang='lat' dir='ltr'><strong>recteque</strong></span> <span class='ocrx_word' id='word_1_95' title='bbox 955 1443 1196 1497; x_wconf 88' lang='lat' dir='ltr'><strong>sensisse</strong></span> <span class='ocrx_word' id='word_1_96' title='bbox 1241 1461 1254 1497; x_wconf 90' lang='lat'>:</span> <span class='ocrx_word' id='word_1_97' title='bbox 1314 1459 1439 1499; x_wconf 90' lang='lat' dir='ltr'><strong>cum</strong></span> <span class='ocrx_word' id='word_1_98' title='bbox 1474 1446 1684 1500; x_wconf 80' lang='lat' dir='ltr'><strong>nefaria</strong></span> <span class='ocrx_word' id='word_1_99' title='bbox 1728 1447 1965 1501; x_wconf 79' lang='lat' dir='ltr'><strong>Nestorii</strong></span> <span class='ocrx_word' id='word_1_100' title='bbox 2004 1449 2104 1502; x_wconf 89' lang='lat' dir='ltr'><strong>do-</strong></span> 
     </span>
    </p>
   </div>
   <div class='ocr_carea' id='block_1_17' title="bbox 507 1532 2103 1609">
    <p class='ocr_par' dir='ltr' id='par_1_17' title="bbox 507 1532 2103 1609">
     <span class='ocr_line' id='line_1_17' title="bbox 507 1532 2103 1609; baseline 0.007 -27"><span class='ocrx_word' id='word_1_101' title='bbox 507 1538 691 1600; x_wconf 72' lang='lat' dir='ltr'><strong>gmata</strong></span> <span class='ocrx_word' id='word_1_102' title='bbox 727 1532 933 1602; x_wconf 88' lang='lat' dir='ltr'><strong>scripta</strong></span> <span class='ocrx_word' id='word_1_103' title='bbox 978 1535 1251 1589; x_wconf 82' lang='lat' dir='ltr'><strong>sententia</strong></span> <span class='ocrx_word' id='word_1_104' title='bbox 1277 1535 1591 1591; x_wconf 85' lang='lat' dir='ltr'><strong>damnarint</strong></span> <span class='ocrx_word' id='word_1_105' title='bbox 1625 1539 2103 1609; x_wconf 81' lang='lat' dir='ltr'><strong>proﬂigarinlque.</strong></span> 
     </span>
    </p>
   </div>
   <div class='ocr_carea' id='block_1_18' title="bbox 507 1617 2108 1699">
    <p class='ocr_par' dir='ltr' id='par_1_18' title="bbox 507 1617 2108 1699">
     <span class='ocr_line' id='line_1_18' title="bbox 507 1617 2108 1699; baseline 0.009 -29"><span class='ocrx_word' id='word_1_106' title='bbox 507 1617 667 1684; x_wconf 82' lang='lat' dir='ltr'><strong>Quod</strong></span> <span class='ocrx_word' id='word_1_107' title='bbox 708 1634 842 1675; x_wconf 84' lang='lat' dir='ltr'><strong>sane</strong></span> <span class='ocrx_word' id='word_1_108' title='bbox 884 1620 1003 1677; x_wconf 82' lang='lat' dir='ltr'><strong>ﬁeri</strong></span> <span class='ocrx_word' id='word_1_109' title='bbox 1049 1624 1300 1693; x_wconf 86' lang='lat' dir='ltr'><strong>potuisse</strong></span> <span class='ocrx_word' id='word_1_110' title='bbox 1345 1626 1473 1695; x_wconf 90' lang='lat' dir='ltr'><strong>quis</strong></span> <span class='ocrx_word' id='word_1_111' title='bbox 1520 1629 2108 1699; x_wconf 79' lang='lat' dir='ltr'><strong>neget?quemadmo‘</strong></span> 
     </span>
    </p>
   </div>
   <div class='ocr_carea' id='block_1_19' title="bbox 509 1708 2107 1791">
    <p class='ocr_par' dir='ltr' id='par_1_19' title="bbox 509 1708 2107 1791">
     <span class='ocr_line' id='line_1_19' title="bbox 509 1708 2107 1791; baseline 0.009 -31"><span class='ocrx_word' id='word_1_112' title='bbox 509 1708 641 1762; x_wconf 87' lang='lat' dir='ltr'><strong>dum</strong></span> <span class='ocrx_word' id='word_1_113' title='bbox 692 1711 919 1767; x_wconf 81' lang='lat' dir='ltr'><strong>etjllud</strong></span> <span class='ocrx_word' id='word_1_114' title='bbox 964 1714 1216 1770; x_wconf 85' lang='lat' dir='ltr'><strong>accidere</strong></span> <span class='ocrx_word' id='word_1_115' title='bbox 1263 1717 1513 1785; x_wconf 89' lang='lat' dir='ltr'><strong>potuisse</strong></span> <span class='ocrx_word' id='word_1_116' title='bbox 1562 1735 1730 1773; x_wconf 90' lang='lat' dir='ltr'><strong>nemo</strong></span> <span class='ocrx_word' id='word_1_117' title='bbox 1780 1720 2003 1791; x_wconf 81' lang='lat' dir='ltr'><strong>negabit</strong></span> <span class='ocrx_word' id='word_1_118' title='bbox 2047 1731 2107 1774; x_wconf 91' lang='lat' dir='ltr'><strong>ut</strong></span> 
     </span>
    </p>
   </div>
   <div class='ocr_carea' id='block_1_20' title="bbox 2211 534 3798 607">
    <p class='ocr_par' dir='ltr' id='par_1_20' title="bbox 2211 534 3798 607">
     <span class='ocr_line' id='line_1_20' title="bbox 2211 534 3798 607; baseline 0.003 -24"><span class='ocrx_word' id='word_1_119' title='bbox 2211 535 2302 584; x_wconf 77' lang='grc' dir='ltr'><strong>καὶ</strong></span> <span class='ocrx_word' id='word_1_120' title='bbox 2340 534 2462 586; x_wconf 79' lang='grc' dir='ltr'>τότε</span> <span class='ocrx_word' id='word_1_121' title='bbox 2496 534 2593 605; x_wconf 80' lang='grc' dir='ltr'><strong>τὴν</strong></span> <span class='ocrx_word' id='word_1_122' title='bbox 2626 535 2923 607; x_wconf 78' lang='grc' dir='ltr'>Νεστορίου</span> <span class='ocrx_word' id='word_1_123' title='bbox 2963 538 3305 603; x_wconf 79' lang='grc' dir='ltr'><strong>κακοδοξίαν,</strong></span> <span class='ocrx_word' id='word_1_124' title='bbox 3350 541 3398 590; x_wconf 87' lang='grc' dir='ltr'><strong>εί</strong></span> <span class='ocrx_word' id='word_1_125' title='bbox 3438 538 3531 590; x_wconf 72' lang='grc' dir='ltr'>καὶ</span> <span class='ocrx_word' id='word_1_126' title='bbox 3564 540 3671 601; x_wconf 87' lang='grc' dir='ltr'>τοῖς</span> <span class='ocrx_word' id='word_1_127' title='bbox 3707 535 3798 588; x_wconf 87' lang='grc' dir='ltr'>λε-</span> 
     </span>
    </p>
   </div>
   <div class='ocr_carea' id='block_1_21' title="bbox 2211 623 3800 696">
    <p class='ocr_par' dir='ltr' id='par_1_21' title="bbox 2211 623 3800 696">
     <span class='ocr_line' id='line_1_21' title="bbox 2211 623 3800 696; baseline 0.001 -23"><span class='ocrx_word' id='word_1_128' title='bbox 2211 623 2463 689; x_wconf 82' lang='grc' dir='ltr'>γομένοις</span> <span class='ocrx_word' id='word_1_129' title='bbox 2515 625 2620 677; x_wconf 87' lang='grc' dir='ltr'><strong>ὑπὸ</strong></span> <span class='ocrx_word' id='word_1_130' title='bbox 2653 626 2831 678; x_wconf 80' lang='grc' dir='ltr'>κοινοῦ</span> <span class='ocrx_word' id='word_1_131' title='bbox 2863 627 3263 695; x_wconf 79' lang='grc' dir='ltr'>συναπήγοντο,</span> <span class='ocrx_word' id='word_1_132' title='bbox 3300 628 3668 696; x_wconf 74' lang='grc' dir='ltr'>σκοπήσωμεν</span> <span class='ocrx_word' id='word_1_133' title='bbox 3700 623 3800 676; x_wconf 71' lang='grc' dir='ltr'>καὶ</span> 
     </span>
    </p>
   </div>
   <div class='ocr_carea' id='block_1_22' title="bbox 2208 712 3794 787">
    <p class='ocr_par' dir='ltr' id='par_1_22' title="bbox 2208 712 3794 787">
     <span class='ocr_line' id='line_1_22' title="bbox 2208 712 3794 787; baseline 0.003 -22"><span class='ocrx_word' id='word_1_134' title='bbox 2208 714 2378 777; x_wconf 68' lang='grc' dir='ltr'>οὕτως</span> <span class='ocrx_word' id='word_1_135' title='bbox 2424 714 2505 776; x_wconf 85' lang='grc' dir='ltr'><strong>τίς</strong></span> <span class='ocrx_word' id='word_1_136' title='bbox 2535 716 2721 768; x_wconf 79' lang='grc' dir='ltr'>δικαία</span> <span class='ocrx_word' id='word_1_137' title='bbox 2768 718 3095 787; x_wconf 71' lang='grc' dir='ltr'>κλτάκρισις</span> <span class='ocrx_word' id='word_1_138' title='bbox 3132 712 3200 770; x_wconf 82' lang='grc' dir='ltr'><strong>¹ἐκ</strong></span> <span class='ocrx_word' id='word_1_139' title='bbox 3230 718 3384 771; x_wconf 74' lang='grc' dir='ltr'>τοῦδε</span> <span class='ocrx_word' id='word_1_140' title='bbox 3416 719 3513 785; x_wconf 74' lang='grc' dir='ltr'>τῆς</span> <span class='ocrx_word' id='word_1_141' title='bbox 3548 719 3794 771; x_wconf 70' lang='grc' dir='ltr'>συνόδοιν</span> 
     </span>
    </p>
   </div>
   <div class='ocr_carea' id='block_1_23' title="bbox 2208 806 3798 880">
    <p class='ocr_par' dir='ltr' id='par_1_23' title="bbox 2208 806 3798 880">
     <span class='ocr_line' id='line_1_23' title="bbox 2208 806 3798 880; baseline -0.001 -21"><span class='ocrx_word' id='word_1_142' title='bbox 2208 808 2401 859; x_wconf 71' lang='grc' dir='ltr'>εἴπατε</span> <span class='ocrx_word' id='word_1_143' title='bbox 2434 808 2562 877; x_wconf 77' lang='grc' dir='ltr'>γὰρ.</span> <span class='ocrx_word' id='word_1_144' title='bbox 2592 811 2639 860; x_wconf 83' lang='grc' dir='ltr'>εἰ</span> <span class='ocrx_word' id='word_1_145' title='bbox 2670 808 2931 861; x_wconf 74' lang='grc' dir='ltr'>ἀδύνατον</span> <span class='ocrx_word' id='word_1_146' title='bbox 2963 806 3030 880; x_wconf 77' lang='grc' dir='ltr'>ἦν</span> <span class='ocrx_word' id='word_1_147' title='bbox 3075 827 3231 873; x_wconf 81' lang='grc' dir='ltr'>τινας</span> <span class='ocrx_word' id='word_1_148' title='bbox 3266 811 3438 863; x_wconf 86' lang='grc' dir='ltr'>πάλαι</span> <span class='ocrx_word' id='word_1_149' title='bbox 3463 810 3561 863; x_wconf 84' lang='grc' dir='ltr'><strong>οὑκ</strong></span> <span class='ocrx_word' id='word_1_150' title='bbox 3596 810 3798 878; x_wconf 82' lang='grc' dir='ltr'>εὐφρο-</span> 
     </span>
    </p>
   </div>
   <div class='ocr_carea' id='block_1_24' title="bbox 2208 896 3799 969">
    <p class='ocr_par' dir='ltr' id='par_1_24' title="bbox 2208 896 3799 969">
     <span class='ocr_line' id='line_1_24' title="bbox 2208 896 3799 969; baseline -0.001 -21"><span class='ocrx_word' id='word_1_151' title='bbox 2208 896 2452 960; x_wconf 78' lang='grc' dir='ltr'>νούντας,</span> <span class='ocrx_word' id='word_1_152' title='bbox 2492 900 2550 950; x_wconf 84' lang='grc' dir='ltr'><strong>ἐν</strong></span> <span class='ocrx_word' id='word_1_153' title='bbox 2600 900 2714 960; x_wconf 86' lang='grc' dir='ltr'>τοῖς</span> <span class='ocrx_word' id='word_1_154' title='bbox 2759 898 2885 963; x_wconf 71' lang='grc' dir='ltr'>ἑξῆς</span> <span class='ocrx_word' id='word_1_155' title='bbox 2928 899 3142 969; x_wconf 82' lang='grc' dir='ltr'><strong>χρόνοις</strong></span> <span class='ocrx_word' id='word_1_156' title='bbox 3197 898 3535 968; x_wconf 82' lang='grc' dir='ltr'><strong>μεταμαθεῖν</strong></span> <span class='ocrx_word' id='word_1_157' title='bbox 3576 897 3672 967; x_wconf 83' lang='grc' dir='ltr'><strong>τὴν</strong></span> <span class='ocrx_word' id='word_1_158' title='bbox 3705 898 3799 948; x_wconf 83' lang='grc' dir='ltr'>εὑ-</span> 
     </span>
    </p>
   </div>
   <div class='ocr_carea' id='block_1_25' title="bbox 2211 987 3799 1061">
    <p class='ocr_par' dir='ltr' id='par_1_25' title="bbox 2211 987 3799 1061">
     <span class='ocr_line' id='line_1_25' title="bbox 2211 987 3799 1061; baseline -0.001 -20"><span class='ocrx_word' id='word_1_159' title='bbox 2211 989 2442 1053; x_wconf 79' lang='grc' dir='ltr'>σέόειαν,</span> <span class='ocrx_word' id='word_1_160' title='bbox 2489 990 2583 1041; x_wconf 72' lang='grc' dir='ltr'><strong>καὶ</strong></span> <span class='ocrx_word' id='word_1_161' title='bbox 2634 990 3025 1061; x_wconf 74' lang='grc' dir='ltr'>ὀρθοδοξῆσαις</span> <span class='ocrx_word' id='word_1_162' title='bbox 3078 991 3209 1044; x_wconf 75' lang='grc' dir='ltr'>αὐτὸ</span> <span class='ocrx_word' id='word_1_163' title='bbox 3248 991 3357 1059; x_wconf 85' lang='grc' dir='ltr'>γὰρ</span> <span class='ocrx_word' id='word_1_164' title='bbox 3404 989 3468 1060; x_wconf 86' lang='grc' dir='ltr'>δὴ</span> <span class='ocrx_word' id='word_1_165' title='bbox 3512 989 3672 1042; x_wconf 76' lang='grc' dir='ltr'>τοῦτο</span> <span class='ocrx_word' id='word_1_166' title='bbox 3702 987 3799 1041; x_wconf 81' lang='grc' dir='ltr'>ὑπ’</span> 
     </span>
    </p>
   </div>
   <div class='ocr_carea' id='block_1_26' title="bbox 2209 1081 3803 1152">
    <p class='ocr_par' dir='ltr' id='par_1_26' title="bbox 2209 1081 3803 1152">
     <span class='ocr_line' id='line_1_26' title="bbox 2209 1081 3803 1152; baseline -0.001 -19"><span class='ocrx_word' id='word_1_167' title='bbox 2209 1081 2385 1133; x_wconf 69' lang='grc' dir='ltr'>αὐτῶν</span> <span class='ocrx_word' id='word_1_168' title='bbox 2437 1082 2719 1152; x_wconf 73' lang='grc' dir='ltr'>πραχθὲν,</span> <span class='ocrx_word' id='word_1_169' title='bbox 2771 1084 2920 1135; x_wconf 72' lang='grc' dir='ltr'>τουτὶ</span> <span class='ocrx_word' id='word_1_170' title='bbox 2972 1082 3092 1152; x_wconf 81' lang='grc' dir='ltr'>βοᾷ,</span> <span class='ocrx_word' id='word_1_171' title='bbox 3145 1083 3312 1151; x_wconf 69' lang='grc' dir='ltr'>ἦγουν</span> <span class='ocrx_word' id='word_1_172' title='bbox 3361 1081 3423 1133; x_wconf 83' lang='grc' dir='ltr'><strong>τὸ</strong></span> <span class='ocrx_word' id='word_1_173' title='bbox 3470 1081 3590 1133; x_wconf 78' lang='grc' dir='ltr'>κατ’</span> <span class='ocrx_word' id='word_1_174' title='bbox 3621 1081 3803 1133; x_wconf 80' lang='grc' dir='ltr'>ἐκεῖνο</span> 
     </span>
    </p>
   </div>
   <div class='ocr_carea' id='block_1_27' title="bbox 2210 1170 3807 1244">
    <p class='ocr_par' dir='ltr' id='par_1_27' title="bbox 2210 1170 3807 1244">
     <span class='ocr_line' id='line_1_27' title="bbox 2210 1170 3807 1244; baseline -0.003 -18"><span class='ocrx_word' id='word_1_175' title='bbox 2210 1172 2401 1243; x_wconf 73' lang='grc' dir='ltr'>καιροῦ</span> <span class='ocrx_word' id='word_1_176' title='bbox 2441 1172 2759 1244; x_wconf 78' lang='grc' dir='ltr'>ἀκραιφνῶς</span> <span class='ocrx_word' id='word_1_177' title='bbox 2795 1174 3059 1235; x_wconf 74' lang='grc' dir='ltr'>εὐσεϐεῖν,</span> <span class='ocrx_word' id='word_1_178' title='bbox 3094 1174 3154 1224; x_wconf 72' lang='grc' dir='ltr'>ιεί</span> <span class='ocrx_word' id='word_1_179' title='bbox 3198 1172 3291 1224; x_wconf 75' lang='grc' dir='ltr'><strong>καὶ</strong></span> <span class='ocrx_word' id='word_1_180' title='bbox 3328 1172 3403 1242; x_wconf 81' lang='grc' dir='ltr'>μὴ</span> <span class='ocrx_word' id='word_1_181' title='bbox 3452 1170 3665 1239; x_wconf 58' lang='grc' dir='ltr'>πρώην,</span> <span class='ocrx_word' id='word_1_182' title='bbox 3702 1172 3807 1237; x_wconf 71' lang='grc' dir='ltr'><strong>ὲγο</strong></span> 
     </span>
    </p>
   </div>
   <div class='ocr_carea' id='block_1_28' title="bbox 2208 1263 3797 1333">
    <p class='ocr_par' dir='ltr' id='par_1_28' title="bbox 2208 1263 3797 1333">
     <span class='ocr_line' id='line_1_28' title="bbox 2208 1263 3797 1333; baseline -0.001 -17"><span class='ocrx_word' id='word_1_183' title='bbox 2208 1266 2435 1333; x_wconf 73' lang='grc' dir='ltr'>γράφως</span> <span class='ocrx_word' id='word_1_184' title='bbox 2467 1264 2986 1333; x_wconf 76' lang='grc' dir='ltr'>ἀναθεματισάντων</span> <span class='ocrx_word' id='word_1_185' title='bbox 3016 1264 3082 1316; x_wconf 77' lang='grc' dir='ltr'>τὰ</span> <span class='ocrx_word' id='word_1_186' title='bbox 3115 1264 3413 1331; x_wconf 82' lang='grc' dir='ltr'>Νεστορίου</span> <span class='ocrx_word' id='word_1_187' title='bbox 3444 1263 3797 1333; x_wconf 75' lang='grc' dir='ltr'>φρονήματα.</span> 
     </span>
    </p>
   </div>
   <div class='ocr_carea' id='block_1_29' title="bbox 2210 1353 3807 1425">
    <p class='ocr_par' dir='ltr' id='par_1_29' title="bbox 2210 1353 3807 1425">
     <span class='ocr_line' id='line_1_29' title="bbox 2210 1353 3807 1425; baseline 0 -18"><span class='ocrx_word' id='word_1_188' title='bbox 2210 1355 2338 1408; x_wconf 84' lang='grc' dir='ltr'>Τόδε</span> <span class='ocrx_word' id='word_1_189' title='bbox 2375 1355 2505 1425; x_wconf 82' lang='grc' dir='ltr'>γὰρ,</span> <span class='ocrx_word' id='word_1_190' title='bbox 2554 1357 2612 1407; x_wconf 87' lang='grc' dir='ltr'><strong>ού</strong></span> <span class='ocrx_word' id='word_1_191' title='bbox 2665 1355 2772 1408; x_wconf 84' lang='grc' dir='ltr'>τῶν</span> <span class='ocrx_word' id='word_1_192' title='bbox 2812 1355 3182 1425; x_wconf 75' lang='grc' dir='ltr'><strong>ἐνδεχομένων</strong></span> <span class='ocrx_word' id='word_1_193' title='bbox 3230 1356 3407 1417; x_wconf 76' lang='grc' dir='ltr'>ὲστίνς</span> <span class='ocrx_word' id='word_1_194' title='bbox 3452 1353 3641 1424; x_wconf 83' lang='grc' dir='ltr'>ὥσπερ</span> <span class='ocrx_word' id='word_1_195' title='bbox 3668 1353 3807 1421; x_wconf 78' lang='grc' dir='ltr'>γοῦν</span> 
     </span>
    </p>
   </div>
   <div class='ocr_carea' id='block_1_30' title="bbox 2208 1447 3809 1518">
    <p class='ocr_par' dir='ltr' id='par_1_30' title="bbox 2208 1447 3809 1518">
     <span class='ocr_line' id='line_1_30' title="bbox 2208 1447 3809 1518; baseline -0.002 -16"><span class='ocrx_word' id='word_1_196' title='bbox 2208 1450 2327 1502; x_wconf 69' lang='grc' dir='ltr'>οὑδὲ</span> <span class='ocrx_word' id='word_1_197' title='bbox 2362 1449 2582 1518; x_wconf 80' lang='grc' dir='ltr'>ἑτέρους</span> <span class='ocrx_word' id='word_1_198' title='bbox 2614 1448 2778 1501; x_wconf 81' lang='grc' dir='ltr'>πάλιν</span> <span class='ocrx_word' id='word_1_199' title='bbox 2810 1449 2961 1511; x_wconf 75' lang='grc' dir='ltr'>τινὰς</span> <span class='ocrx_word' id='word_1_200' title='bbox 2991 1448 3101 1500; x_wconf 85' lang='grc' dir='ltr'><strong>τῶν</strong></span> <span class='ocrx_word' id='word_1_201' title='bbox 3136 1448 3194 1500; x_wconf 82' lang='grc' dir='ltr'>ὲν</span> <span class='ocrx_word' id='word_1_202' title='bbox 3218 1450 3282 1518; x_wconf 83' lang='grc' dir='ltr'>τῇ</span> <span class='ocrx_word' id='word_1_203' title='bbox 3311 1447 3513 1517; x_wconf 75' lang='grc' dir='ltr'>συνόδῳ</span> <span class='ocrx_word' id='word_1_204' title='bbox 3542 1447 3809 1501; x_wconf 82' lang='grc' dir='ltr'>ἀδύνατόν</span> 
     </span>
    </p>
   </div>
   <div class='ocr_carea' id='block_1_31' title="bbox 2210 1539 3806 1611">
    <p class='ocr_par' dir='ltr' id='par_1_31' title="bbox 2210 1539 3806 1611">
     <span class='ocr_line' id='line_1_31' title="bbox 2210 1539 3806 1611; baseline 0.001 -18"><span class='ocrx_word' id='word_1_205' title='bbox 2210 1544 2325 1595; x_wconf 73' lang='grc' dir='ltr'>ἐστι</span> <span class='ocrx_word' id='word_1_206' title='bbox 2369 1542 2489 1595; x_wconf 78' lang='grc' dir='ltr'>κατ’</span> <span class='ocrx_word' id='word_1_207' title='bbox 2526 1543 2705 1595; x_wconf 82' lang='grc' dir='ltr'>ὲκεῖνο</span> <span class='ocrx_word' id='word_1_208' title='bbox 2740 1542 2933 1611; x_wconf 76' lang='grc' dir='ltr'>καιροῦ</span> <span class='ocrx_word' id='word_1_209' title='bbox 2965 1539 3347 1604; x_wconf 81' lang='grc' dir='ltr'>εὑσεϐοὖντας,</span> <span class='ocrx_word' id='word_1_210' title='bbox 3384 1540 3609 1610; x_wconf 80' lang='grc' dir='ltr'>ὓστερον</span> <span class='ocrx_word' id='word_1_211' title='bbox 3637 1558 3806 1609; x_wconf 85' lang='grc' dir='ltr'>μετα-</span> 
     </span>
    </p>
   </div>
   <div class='ocr_carea' id='block_1_32' title="bbox 2211 1632 3802 1702">
    <p class='ocr_par' dir='ltr' id='par_1_32' title="bbox 2211 1632 3802 1702">
     <span class='ocr_line' id='line_1_32' title="bbox 2211 1632 3802 1702; baseline -0.001 -17"><span class='ocrx_word' id='word_1_212' title='bbox 2211 1638 2393 1687; x_wconf 78' lang='grc' dir='ltr'>πεσεῖν</span> <span class='ocrx_word' id='word_1_213' title='bbox 2425 1636 2505 1697; x_wconf 82' lang='grc' dir='ltr'><strong>είς</strong></span> <span class='ocrx_word' id='word_1_214' title='bbox 2528 1634 2805 1686; x_wconf 76' lang='grc' dir='ltr'>ἀσέϐειαν.</span> <span class='ocrx_word' id='word_1_215' title='bbox 2836 1634 2904 1684; x_wconf 83' lang='grc' dir='ltr'><em>Ἦ</em></span> <span class='ocrx_word' id='word_1_216' title='bbox 2931 1634 3051 1702; x_wconf 73' lang='grc' dir='ltr'><strong>οὐχὶ</strong></span> <span class='ocrx_word' id='word_1_217' title='bbox 3082 1632 3177 1685; x_wconf 78' lang='grc' dir='ltr'>καὶ</span> <span class='ocrx_word' id='word_1_218' title='bbox 3202 1632 3428 1694; x_wconf 78' lang='grc' dir='ltr'>Παῦλος,</span> <span class='ocrx_word' id='word_1_219' title='bbox 3456 1635 3483 1685; x_wconf 89' lang='grc' dir='ltr'><strong>ό</strong></span> <span class='ocrx_word' id='word_1_220' title='bbox 3516 1635 3645 1701; x_wconf 70' lang='grc' dir='ltr'>πρὶν</span> <span class='ocrx_word' id='word_1_221' title='bbox 3673 1632 3802 1684; x_wconf 71' lang='grc' dir='ltr'>διώ-</span> 
     </span>
    </p>
   </div>
   <div class='ocr_carea' id='block_1_33' title="bbox 2210 1722 3805 1794">
    <p class='ocr_par' dir='ltr' id='par_1_33' title="bbox 2210 1722 3805 1794">
     <span class='ocr_line' id='line_1_33' title="bbox 2210 1722 3805 1794; baseline -0.002 -18"><span class='ocrx_word' id='word_1_222' title='bbox 2210 1742 2368 1793; x_wconf 82' lang='grc' dir='ltr'>κτης,</span> <span class='ocrx_word' id='word_1_223' title='bbox 2427 1722 2661 1794; x_wconf 75' lang='grc' dir='ltr'>ὕστερον</span> <span class='ocrx_word' id='word_1_224' title='bbox 2735 1722 3119 1791; x_wconf 66' lang='grc' dir='ltr'><strong>εὐηγγελίζετο</strong></span> <span class='ocrx_word' id='word_1_225' title='bbox 3156 1723 3255 1793; x_wconf 84' lang='grc' dir='ltr'>τὴν</span> <span class='ocrx_word' id='word_1_226' title='bbox 3292 1724 3496 1787; x_wconf 85' lang='grc' dir='ltr'>πίστιν,</span> <span class='ocrx_word' id='word_1_227' title='bbox 3530 1724 3597 1793; x_wconf 76' lang='grc' dir='ltr'>ἣν</span> <span class='ocrx_word' id='word_1_228' title='bbox 3634 1724 3805 1774; x_wconf 51' lang='lat' dir='ltr'><strong>REI-ct</strong></span> 
     </span>
    </p>
   </div>
   <div class='ocr_carea' id='block_1_34' title="bbox 510 1800 2118 1901">
    <p class='ocr_par' dir='ltr' id='par_1_34' title="bbox 510 1800 2105 1879">
     <span class='ocr_line' id='line_1_34' title="bbox 510 1800 2105 1879; baseline 0.009 -31"><span class='ocrx_word' id='word_1_229' title='bbox 510 1800 734 1868; x_wconf 84' lang='lat' dir='ltr'><strong>quidam</strong></span> <span class='ocrx_word' id='word_1_230' title='bbox 774 1802 869 1856; x_wconf 85' lang='lat' dir='ltr'><strong>alii</strong></span> <span class='ocrx_word' id='word_1_231' title='bbox 915 1804 1009 1873; x_wconf 89' lang='lat' dir='ltr'><strong>qui</strong></span> <span class='ocrx_word' id='word_1_232' title='bbox 1043 1813 1158 1859; x_wconf 89' lang='lat' dir='ltr'><strong>tum</strong></span> <span class='ocrx_word' id='word_1_233' title='bbox 1201 1804 1255 1859; x_wconf 92' lang='lat' dir='ltr'><strong>in</strong></span> <span class='ocrx_word' id='word_1_234' title='bbox 1284 1806 1524 1861; x_wconf 90' lang='lat' dir='ltr'><strong>concilio</strong></span> <span class='ocrx_word' id='word_1_235' title='bbox 1556 1810 1647 1878; x_wconf 81' lang='lat' dir='ltr'><strong>pie</strong></span> <span class='ocrx_word' id='word_1_236' title='bbox 1675 1819 1933 1879; x_wconf 85' lang='lat' dir='ltr'><strong>recteque</strong></span> <span class='ocrx_word' id='word_1_237' title='bbox 1976 1826 2105 1865; x_wconf 85' lang='lat' dir='ltr'><strong>sen-</strong></span> 
     </span>
    </p>
   </div>
   <div class='ocr_carea' id='block_1_35' title="bbox 2224 1800 3808 1901">
    <p class='ocr_par' dir='ltr' id='par_1_35' title="bbox 2224 1814 3808 1887">
     <span class='ocr_line' id='line_1_35' title="bbox 2224 1814 3808 1887; baseline -0.001 -18"><span class='ocrx_word' id='word_1_238' title='bbox 2224 1815 2467 1886; x_wconf 66' lang='lat' dir='ltr'><strong>‘LtrdeEt:</strong></span> <span class='ocrx_word' id='word_1_239' title='bbox 2512 1816 2713 1878; x_wconf 82' lang='grc' dir='ltr'>Ἰούδας</span> <span class='ocrx_word' id='word_1_240' title='bbox 2746 1815 2803 1867; x_wconf 81' lang='grc' dir='ltr'>δὲ</span> <span class='ocrx_word' id='word_1_241' title='bbox 2845 1816 2873 1865; x_wconf 85' lang='grc' dir='ltr'><strong>ό</strong></span> <span class='ocrx_word' id='word_1_242' title='bbox 2922 1814 3109 1887; x_wconf 77' lang='grc' dir='ltr'>πρώην</span> <span class='ocrx_word' id='word_1_243' title='bbox 3148 1816 3242 1868; x_wconf 75' lang='grc' dir='ltr'><strong>σὺν</strong></span> <span class='ocrx_word' id='word_1_244' title='bbox 3281 1819 3392 1879; x_wconf 88' lang='grc' dir='ltr'>τοῖς</span> <span class='ocrx_word' id='word_1_245' title='bbox 3432 1824 3501 1868; x_wconf 86' lang='grc' dir='ltr'>ια’</span> <span class='ocrx_word' id='word_1_246' title='bbox 3573 1816 3808 1882; x_wconf 72' lang='grc' dir='ltr'>εὐαγγε-</span> 
     </span>
    </p>
   </div>
   <div class='ocr_carea' id='block_1_36' title="bbox 511 1888 2103 1966">
    <p class='ocr_par' dir='ltr' id='par_1_36' title="bbox 511 1888 2103 1966">
     <span class='ocr_line' id='line_1_36' title="bbox 511 1888 2103 1966; baseline 0.006 -24"><span class='ocrx_word' id='word_1_247' title='bbox 511 1888 726 1943; x_wconf 88' lang='lat' dir='ltr'><strong>tiebant</strong></span> <span class='ocrx_word' id='word_1_248' title='bbox 841 1901 1033 1959; x_wconf 89' lang='lat' dir='ltr'><strong>postea</strong></span> <span class='ocrx_word' id='word_1_249' title='bbox 1107 1894 1161 1947; x_wconf 92' lang='lat' dir='ltr'><strong>in</strong></span> <span class='ocrx_word' id='word_1_250' title='bbox 1244 1894 1582 1964; x_wconf 83' lang='lat' dir='ltr'><strong>impietatem</strong></span> <span class='ocrx_word' id='word_1_251' title='bbox 1656 1897 2103 1966; x_wconf 87' lang='lat' dir='ltr'><strong>prolaberentur.</strong></span> 
     </span>
    </p>
   </div>
   <div class='ocr_carea' id='block_1_37' title="bbox 511 1980 2109 2058">
    <p class='ocr_par' dir='ltr' id='par_1_37' title="bbox 511 1980 2109 2058">
     <span class='ocr_line' id='line_1_37' title="bbox 511 1980 2109 2058; baseline 0.007 -26"><span class='ocrx_word' id='word_1_252' title='bbox 511 1980 711 2037; x_wconf 82' lang='lat' dir='ltr'><strong>Nonne</strong></span> <span class='ocrx_word' id='word_1_253' title='bbox 735 1992 795 2038; x_wconf 90' lang='lat' dir='ltr'><strong>et</strong></span> <span class='ocrx_word' id='word_1_254' title='bbox 824 1983 1029 2041; x_wconf 83' lang='lat' dir='ltr'><strong>Paulus</strong></span> <span class='ocrx_word' id='word_1_255' title='bbox 1053 1986 1143 2054; x_wconf 85' lang='lat' dir='ltr'><strong>qui</strong></span> <span class='ocrx_word' id='word_1_256' title='bbox 1172 1994 1335 2040; x_wconf 88' lang='lat' dir='ltr'><strong>antea</strong></span> <span class='ocrx_word' id='word_1_257' title='bbox 1357 1987 1641 2042; x_wconf 89' lang='lat' dir='ltr'><strong>Christum</strong></span> <span class='ocrx_word' id='word_1_258' title='bbox 1664 1989 2109 2058; x_wconf 80' lang='lat' dir='ltr'><strong>persequebatur</strong></span> 
     </span>
    </p>
   </div>
   <div class='ocr_carea' id='block_1_38' title="bbox 513 2075 2113 2147">
    <p class='ocr_par' dir='ltr' id='par_1_38' title="bbox 513 2075 2113 2147">
     <span class='ocr_line' id='line_1_38' title="bbox 513 2075 2113 2147; baseline 0.005 -22"><span class='ocrx_word' id='word_1_259' title='bbox 513 2082 709 2140; x_wconf 87' lang='lat' dir='ltr'><strong>postea</strong></span> <span class='ocrx_word' id='word_1_260' title='bbox 740 2075 1062 2143; x_wconf 65' lang='lat' dir='ltr'><strong>pradicavit</strong></span> <span class='ocrx_word' id='word_1_261' title='bbox 1094 2092 1217 2130; x_wconf 89' lang='lat' dir='ltr'><strong>eam</strong></span> <span class='ocrx_word' id='word_1_262' title='bbox 1253 2076 1415 2132; x_wconf 82' lang='lat' dir='ltr'><strong>ﬁdem</strong></span> <span class='ocrx_word' id='word_1_263' title='bbox 1447 2093 1613 2147; x_wconf 90' lang='lat' dir='ltr'><strong>quam</strong></span> <span class='ocrx_word' id='word_1_264' title='bbox 1644 2078 1983 2147; x_wconf 85' lang='lat' dir='ltr'><strong>perdendam</strong></span> <span class='ocrx_word' id='word_1_265' title='bbox 2016 2096 2113 2133; x_wconf 85' lang='lat' dir='ltr'><strong>eu-</strong></span> 
     </span>
    </p>
   </div>
   <div class='ocr_carea' id='block_1_39' title="bbox 512 2164 2118 2241">
    <p class='ocr_par' dir='ltr' id='par_1_39' title="bbox 512 2164 2118 2241">
     <span class='ocr_line' id='line_1_39' title="bbox 512 2164 2118 2241; baseline 0.006 -26"><span class='ocrx_word' id='word_1_266' title='bbox 512 2164 777 2217; x_wconf 81' lang='lat' dir='ltr'><strong>raverat?</strong></span> <span class='ocrx_word' id='word_1_267' title='bbox 822 2165 1016 2220; x_wconf 87' lang='lat' dir='ltr'><strong>Nonne</strong></span> <span class='ocrx_word' id='word_1_268' title='bbox 1040 2167 1209 2222; x_wconf 87' lang='lat' dir='ltr'><strong>Judas</strong></span> <span class='ocrx_word' id='word_1_269' title='bbox 1234 2167 1348 2236; x_wconf 90' lang='lat' dir='ltr'><strong>(qui</strong></span> <span class='ocrx_word' id='word_1_270' title='bbox 1378 2184 1484 2222; x_wconf 89' lang='lat' dir='ltr'><strong>una</strong></span> <span class='ocrx_word' id='word_1_271' title='bbox 1510 2184 1634 2223; x_wconf 90' lang='lat' dir='ltr'><strong>cum</strong></span> <span class='ocrx_word' id='word_1_272' title='bbox 1671 2169 1933 2224; x_wconf 88' lang='lat' dir='ltr'><strong>undecim</strong></span> <span class='ocrx_word' id='word_1_273' title='bbox 1980 2186 2118 2241; x_wconf 79' lang='lat' dir='ltr'><strong>apo-</strong></span> 
     </span>
    </p>
   </div>
   <div class='ocr_carea' id='block_1_40' title="bbox 511 2250 2121 2327">
    <p class='ocr_par' dir='ltr' id='par_1_40' title="bbox 511 2250 2121 2327">
     <span class='ocr_line' id='line_1_40' title="bbox 511 2250 2121 2327; baseline 0.004 -23"><span class='ocrx_word' id='word_1_274' title='bbox 511 2254 671 2308; x_wconf 85' lang='lat' dir='ltr'><strong>stolis</strong></span> <span class='ocrx_word' id='word_1_275' title='bbox 686 2250 981 2307; x_wconf 90' lang='lat' dir='ltr'><strong>Dominum</strong></span> <span class='ocrx_word' id='word_1_276' title='bbox 1007 2254 1364 2323; x_wconf 62' lang='lat' dir='ltr'><strong>praedicabat,</strong></span> <span class='ocrx_word' id='word_1_277' title='bbox 1386 2272 1511 2312; x_wconf 88' lang='lat' dir='ltr'><strong>cum</strong></span> <span class='ocrx_word' id='word_1_278' title='bbox 1538 2258 1652 2311; x_wconf 89' lang='lat' dir='ltr'><strong>bini</strong></span> <span class='ocrx_word' id='word_1_279' title='bbox 1679 2272 1777 2327; x_wconf 85' lang='lat' dir='ltr'><strong>per</strong></span> <span class='ocrx_word' id='word_1_280' title='bbox 1795 2258 1987 2312; x_wconf 89' lang='lat' dir='ltr'><strong>orbem</strong></span> <span class='ocrx_word' id='word_1_281' title='bbox 2014 2266 2121 2313; x_wconf 81' lang='lat' dir='ltr'><strong>ter—</strong></span> 
     </span>
    </p>
   </div>
   <div class='ocr_carea' id='block_1_41' title="bbox 512 2341 2114 2423">
    <p class='ocr_par' dir='ltr' id='par_1_41' title="bbox 512 2341 2114 2423">
     <span class='ocr_line' id='line_1_41' title="bbox 512 2341 2114 2423; baseline 0.006 -32"><span class='ocrx_word' id='word_1_282' title='bbox 512 2353 698 2396; x_wconf 88' lang='lat' dir='ltr'><strong>rarum</strong></span> <span class='ocrx_word' id='word_1_283' title='bbox 728 2341 799 2395; x_wconf 88' lang='lat' dir='ltr'><strong>ab</strong></span> <span class='ocrx_word' id='word_1_284' title='bbox 829 2356 896 2397; x_wconf 89' lang='lat' dir='ltr'><strong>eo</strong></span> <span class='ocrx_word' id='word_1_285' title='bbox 942 2342 1319 2423; x_wconf 77' lang='lat' dir='ltr'><strong>mitterentur)</strong></span> <span class='ocrx_word' id='word_1_286' title='bbox 1350 2344 1490 2398; x_wconf 89' lang='lat' dir='ltr'><strong>idem</strong></span> <span class='ocrx_word' id='word_1_287' title='bbox 1545 2345 1661 2415; x_wconf 91' lang='lat' dir='ltr'><strong>ipse</strong></span> <span class='ocrx_word' id='word_1_288' title='bbox 1700 2354 1889 2414; x_wconf 86' lang='lat' dir='ltr'><strong>postea</strong></span> <span class='ocrx_word' id='word_1_289' title='bbox 1932 2347 2114 2401; x_wconf 87' lang='lat' dir='ltr'><strong>eidem</strong></span> 
     </span>
    </p>
   </div>
   <div class='ocr_carea' id='block_1_42' title="bbox 513 2429 2120 2491">
    <p class='ocr_par' dir='ltr' id='par_1_42' title="bbox 513 2429 2120 2491">
     <span class='ocr_line' id='line_1_42' title="bbox 513 2429 2120 2491; baseline 0.005 -8"><span class='ocrx_word' id='word_1_290' title='bbox 513 2429 749 2485; x_wconf 89' lang='lat' dir='ltr'><strong>Domino</strong></span> <span class='ocrx_word' id='word_1_291' title='bbox 775 2433 982 2486; x_wconf 83' lang='lat' dir='ltr'><strong>struxit</strong></span> <span class='ocrx_word' id='word_1_292' title='bbox 1017 2433 1283 2489; x_wconf 86' lang='lat' dir='ltr'><strong>insidias?</strong></span> <span class='ocrx_word' id='word_1_293' title='bbox 1319 2434 1523 2489; x_wconf 78' lang='lat' dir='ltr'><strong>Verum</strong></span> <span class='ocrx_word' id='word_1_294' title='bbox 1549 2444 1605 2489; x_wconf 90' lang='lat' dir='ltr'><strong>et</strong></span> <span class='ocrx_word' id='word_1_295' title='bbox 1641 2436 1685 2489; x_wconf 89' lang='lat' dir='ltr'><strong>si</strong></span> <span class='ocrx_word' id='word_1_296' title='bbox 1721 2437 1947 2490; x_wconf 88' lang='lat' dir='ltr'><strong>concilii</strong></span> <span class='ocrx_word' id='word_1_297' title='bbox 1979 2447 2120 2491; x_wconf 88' lang='lat' dir='ltr'><strong>tem-</strong></span> 
     </span>
    </p>
   </div>
   <div class='ocr_carea' id='block_1_43' title="bbox 2215 1908 3809 1979">
    <p class='ocr_par' dir='ltr' id='par_1_43' title="bbox 2215 1908 3809 1979">
     <span class='ocr_line' id='line_1_43' title="bbox 2215 1908 3809 1979; baseline -0.001 -17"><span class='ocrx_word' id='word_1_298' title='bbox 2215 1910 2496 1979; x_wconf 81' lang='grc' dir='ltr'>λιζόμενος</span> <span class='ocrx_word' id='word_1_299' title='bbox 2527 1909 2617 1961; x_wconf 84' lang='grc' dir='ltr'><strong>τὸν</strong></span> <span class='ocrx_word' id='word_1_300' title='bbox 2651 1908 2876 1978; x_wconf 85' lang='grc' dir='ltr'>Κύριον,</span> <span class='ocrx_word' id='word_1_301' title='bbox 2916 1910 3003 1960; x_wconf 76' lang='grc' dir='ltr'>ὅτε</span> <span class='ocrx_word' id='word_1_302' title='bbox 3036 1910 3137 1962; x_wconf 86' lang='grc' dir='ltr'><strong>ἁνά</strong></span> <span class='ocrx_word' id='word_1_303' title='bbox 3170 1908 3261 1961; x_wconf 86' lang='grc' dir='ltr'><strong>δύο</strong></span> <span class='ocrx_word' id='word_1_304' title='bbox 3295 1910 3682 1978; x_wconf 72' lang='grc' dir='ltr'>ἀπεστάλησαν</span> <span class='ocrx_word' id='word_1_305' title='bbox 3713 1909 3809 1961; x_wconf 73' lang='grc' dir='ltr'>ὑπ’</span> 
     </span>
    </p>
   </div>
   <div class='ocr_carea' id='block_1_44' title="bbox 2217 2000 3811 2070">
    <p class='ocr_par' dir='ltr' id='par_1_44' title="bbox 2217 2000 3811 2070">
     <span class='ocr_line' id='line_1_44' title="bbox 2217 2000 3811 2070; baseline 0.001 -16"><span class='ocrx_word' id='word_1_306' title='bbox 2217 2002 2402 2066; x_wconf 73' lang='grc' dir='ltr'>αὑτοῦ,</span> <span class='ocrx_word' id='word_1_307' title='bbox 2435 2001 2662 2070; x_wconf 75' lang='grc' dir='ltr'>ὕστερον</span> <span class='ocrx_word' id='word_1_308' title='bbox 2695 2001 2787 2053; x_wconf 75' lang='grc' dir='ltr'><strong>καὶ</strong></span> <span class='ocrx_word' id='word_1_309' title='bbox 2818 2000 3213 2053; x_wconf 74' lang='grc' dir='ltr'>ἐπεϐούλευσεν</span> <span class='ocrx_word' id='word_1_310' title='bbox 3249 2001 3397 2069; x_wconf 78' lang='grc' dir='ltr'>αὑτῷ</span> <span class='ocrx_word' id='word_1_311' title='bbox 3424 2020 3436 2066; x_wconf 89' lang='lat'><strong>;</strong></span> <span class='ocrx_word' id='word_1_312' title='bbox 3468 2002 3641 2065; x_wconf 71' lang='grc' dir='ltr'>ἄλλως</span> <span class='ocrx_word' id='word_1_313' title='bbox 3669 2002 3724 2055; x_wconf 78' lang='grc' dir='ltr'>δὲ</span> <span class='ocrx_word' id='word_1_314' title='bbox 3758 2004 3811 2055; x_wconf 75' lang='grc' dir='ltr'>εἰ</span> 
     </span>
    </p>
   </div>
   <div class='ocr_carea' id='block_1_45' title="bbox 2221 2092 3813 2164">
    <p class='ocr_par' dir='ltr' id='par_1_45' title="bbox 2221 2092 3813 2164">
     <span class='ocr_line' id='line_1_45' title="bbox 2221 2092 3813 2164; baseline 0 -18"><span class='ocrx_word' id='word_1_315' title='bbox 2221 2095 2318 2146; x_wconf 72' lang='grc' dir='ltr'><strong>καὶ</strong></span> <span class='ocrx_word' id='word_1_316' title='bbox 2346 2094 2489 2146; x_wconf 81' lang='grc' dir='ltr'><strong>κατά</strong></span> <span class='ocrx_word' id='word_1_317' title='bbox 2513 2092 2601 2146; x_wconf 71' lang='grc' dir='ltr'>τὸν</span> <span class='ocrx_word' id='word_1_318' title='bbox 2642 2095 2738 2163; x_wconf 83' lang='grc' dir='ltr'>τῆς</span> <span class='ocrx_word' id='word_1_319' title='bbox 2788 2094 3007 2145; x_wconf 75' lang='grc' dir='ltr'>συνόδου</span> <span class='ocrx_word' id='word_1_320' title='bbox 3039 2094 3229 2161; x_wconf 72' lang='grc' dir='ltr'>καιρὸν</span> <span class='ocrx_word' id='word_1_321' title='bbox 3263 2094 3426 2146; x_wconf 68' lang='grc' dir='ltr'>αὑτὸν</span> <span class='ocrx_word' id='word_1_322' title='bbox 3467 2095 3813 2164; x_wconf 73' lang='grc' dir='ltr'>κακόφρονες</span> 
     </span>
    </p>
   </div>
   <div class='ocr_carea' id='block_1_46' title="bbox 2220 2179 3811 2254">
    <p class='ocr_par' dir='ltr' id='par_1_46' title="bbox 2220 2179 3811 2254">
     <span class='ocr_line' id='line_1_46' title="bbox 2220 2179 3811 2254; baseline 0 -18"><span class='ocrx_word' id='word_1_323' title='bbox 2220 2179 2363 2254; x_wconf 72' lang='grc' dir='ltr'>ἦσάν</span> <span class='ocrx_word' id='word_1_324' title='bbox 2381 2200 2523 2246; x_wconf 82' lang='grc' dir='ltr'>τινες</span> <span class='ocrx_word' id='word_1_325' title='bbox 2554 2184 2611 2234; x_wconf 78' lang='grc' dir='ltr'>ὲν</span> <span class='ocrx_word' id='word_1_326' title='bbox 2638 2184 2842 2248; x_wconf 86' lang='grc' dir='ltr'>αὐτοῖς,</span> <span class='ocrx_word' id='word_1_327' title='bbox 2878 2184 3027 2253; x_wconf 80' lang='grc' dir='ltr'>ὅμως</span> <span class='ocrx_word' id='word_1_328' title='bbox 3070 2186 3167 2237; x_wconf 72' lang='grc' dir='ltr'><strong>ἐπὶ</strong></span> <span class='ocrx_word' id='word_1_329' title='bbox 3215 2186 3327 2247; x_wconf 89' lang='grc' dir='ltr'>τοῖς</span> <span class='ocrx_word' id='word_1_330' title='bbox 3359 2185 3536 2247; x_wconf 82' lang='grc' dir='ltr'>καλῶς</span> <span class='ocrx_word' id='word_1_331' title='bbox 3565 2201 3811 2253; x_wconf 70' lang='grc' dir='ltr'>πραττοο</span> 
     </span>
    </p>
   </div>
   <div class='ocr_carea' id='block_1_47' title="bbox 2226 2276 3809 2352">
    <p class='ocr_par' dir='ltr' id='par_1_47' title="bbox 2226 2276 3809 2352">
     <span class='ocr_line' id='line_1_47' title="bbox 2226 2276 3809 2352; baseline 0.004 -25"><span class='ocrx_word' id='word_1_332' title='bbox 2226 2276 2407 2346; x_wconf 83' lang='grc' dir='ltr'>μένοις</span> <span class='ocrx_word' id='word_1_333' title='bbox 2462 2279 2819 2341; x_wconf 72' lang='grc' dir='ltr'>συνετίθεντο,</span> <span class='ocrx_word' id='word_1_334' title='bbox 2855 2282 2935 2345; x_wconf 87' lang='grc' dir='ltr'><strong>τίς</strong></span> <span class='ocrx_word' id='word_1_335' title='bbox 2973 2285 3005 2350; x_wconf 84' lang='grc' dir='ltr'><strong>ἠ</strong></span> <span class='ocrx_word' id='word_1_336' title='bbox 3043 2281 3253 2351; x_wconf 79' lang='grc' dir='ltr'>μέμψις</span> <span class='ocrx_word' id='word_1_337' title='bbox 3305 2284 3369 2335; x_wconf 81' lang='grc' dir='ltr'>ἐκ</span> <span class='ocrx_word' id='word_1_338' title='bbox 3424 2281 3579 2334; x_wconf 71' lang='grc' dir='ltr'>τοῐδε</span> <span class='ocrx_word' id='word_1_339' title='bbox 3623 2283 3809 2352; x_wconf 76' lang='grc' dir='ltr'>καὶτῇ</span> 
     </span>
    </p>
   </div>
   <div class='ocr_carea' id='block_1_48' title="bbox 2226 2368 3813 2443">
    <p class='ocr_par' dir='ltr' id='par_1_48' title="bbox 2226 2368 3813 2443">
     <span class='ocr_line' id='line_1_48' title="bbox 2226 2368 3813 2443; baseline 0.004 -24"><span class='ocrx_word' id='word_1_340' title='bbox 2226 2368 2461 2439; x_wconf 74' lang='grc' dir='ltr'>συνόδῳς</span> <span class='ocrx_word' id='word_1_341' title='bbox 2502 2370 2664 2437; x_wconf 80' lang='grc' dir='ltr'>μόνου</span> <span class='ocrx_word' id='word_1_342' title='bbox 2702 2371 2809 2443; x_wconf 74' lang='grc' dir='ltr'><strong>γὰρ</strong></span> <span class='ocrx_word' id='word_1_343' title='bbox 2844 2370 2982 2425; x_wconf 81' lang='grc' dir='ltr'>εἶναι</span> <span class='ocrx_word' id='word_1_344' title='bbox 3012 2372 3151 2426; x_wconf 83' lang='grc' dir='ltr'>Θεοῦ</span> <span class='ocrx_word' id='word_1_345' title='bbox 3194 2374 3255 2426; x_wconf 75' lang='grc' dir='ltr'>τὸ</span> <span class='ocrx_word' id='word_1_346' title='bbox 3293 2375 3524 2443; x_wconf 83' lang='grc' dir='ltr'>καρδίας</span> <span class='ocrx_word' id='word_1_347' title='bbox 3564 2374 3664 2427; x_wconf 65' lang='lat' dir='ltr'><strong>xui.</strong></span> <span class='ocrx_word' id='word_1_348' title='bbox 3720 2392 3813 2427; x_wconf 86' lang='grc' dir='ltr'>νε·-</span> 
     </span>
    </p>
   </div>
   <div class='ocr_carea' id='block_1_49' title="bbox 2228 2464 2915 2538">
    <p class='ocr_par' dir='ltr' id='par_1_49' title="bbox 2228 2464 2915 2538">
     <span class='ocr_line' id='line_1_49' title="bbox 2228 2464 2915 2538; baseline 0.007 -23"><span class='ocrx_word' id='word_1_349' title='bbox 2228 2464 2396 2531; x_wconf 77' lang='grc' dir='ltr'>φροὺς</span> <span class='ocrx_word' id='word_1_350' title='bbox 2424 2464 2641 2528; x_wconf 75' lang='grc' dir='ltr'>ὲτάζειν</span> <span class='ocrx_word' id='word_1_351' title='bbox 2676 2467 2915 2538; x_wconf 75' lang='grc' dir='ltr'>εἴρηται.</span> 
     </span>
    </p>
   </div>
   <div class='ocr_carea' id='block_1_50' title="bbox 515 2546 3817 2633">
    <p class='ocr_par' dir='ltr' id='par_1_50' title="bbox 515 2546 3817 2633">
     <span class='ocr_line' id='line_1_50' title="bbox 515 2546 3817 2633; baseline 0.005 -36"><span class='ocrx_word' id='word_1_352' title='bbox 515 2558 651 2611; x_wconf 82' lang='lat' dir='ltr'><strong>pore</strong></span> <span class='ocrx_word' id='word_1_353' title='bbox 687 2547 940 2602; x_wconf 84' lang='lat' dir='ltr'><strong>nonnulli</strong></span> <span class='ocrx_word' id='word_1_354' title='bbox 962 2546 1187 2601; x_wconf 83' lang='lat' dir='ltr'><strong>Patrum</strong></span> <span class='ocrx_word' id='word_1_355' title='bbox 1222 2548 1373 2604; x_wconf 89' lang='lat' dir='ltr'><strong>intus</strong></span> <span class='ocrx_word' id='word_1_356' title='bbox 1406 2550 1459 2603; x_wconf 90' lang='lat' dir='ltr'><strong>in</strong></span> <span class='ocrx_word' id='word_1_357' title='bbox 1489 2552 1655 2606; x_wconf 88' lang='lat' dir='ltr'><strong>corde</strong></span> <span class='ocrx_word' id='word_1_358' title='bbox 1674 2568 1775 2606; x_wconf 89' lang='lat' dir='ltr'><strong>suo</strong></span> <span class='ocrx_word' id='word_1_359' title='bbox 1801 2568 1968 2621; x_wconf 81' lang='lat' dir='ltr'><strong>prave</strong></span> <span class='ocrx_word' id='word_1_360' title='bbox 1992 2554 2322 2619; x_wconf 85' lang='lat' dir='ltr'><strong>sensissent,</strong></span> <span class='ocrx_word' id='word_1_361' title='bbox 2344 2570 2469 2610; x_wconf 89' lang='lat' dir='ltr'><strong>cum</strong></span> <span class='ocrx_word' id='word_1_362' title='bbox 2496 2562 2835 2627; x_wconf 79' lang='lat' dir='ltr'><strong>cacteroquin</strong></span> <span class='ocrx_word' id='word_1_363' title='bbox 2873 2561 3047 2629; x_wconf 87' lang='lat' dir='ltr'><strong>ipsius</strong></span> <span class='ocrx_word' id='word_1_364' title='bbox 3066 2559 3287 2615; x_wconf 85' lang='lat' dir='ltr'><strong>concilii</strong></span> <span class='ocrx_word' id='word_1_365' title='bbox 3308 2571 3454 2617; x_wconf 88' lang='lat' dir='ltr'><strong>recte</strong></span> <span class='ocrx_word' id='word_1_366' title='bbox 3474 2572 3622 2631; x_wconf 71' lang='lat' dir='ltr'><strong>gesta</strong></span> <span class='ocrx_word' id='word_1_367' title='bbox 3647 2574 3817 2633; x_wconf 87' lang='lat' dir='ltr'><strong>atque</strong></span> 
     </span>
    </p>
   </div>
   <div class='ocr_carea' id='block_1_51' title="bbox 515 2636 3818 2726">
    <p class='ocr_par' dir='ltr' id='par_1_51' title="bbox 515 2636 3818 2726">
     <span class='ocr_line' id='line_1_51' title="bbox 515 2636 3818 2726; baseline 0.006 -35"><span class='ocrx_word' id='word_1_368' title='bbox 515 2637 666 2692; x_wconf 81' lang='lat' dir='ltr'><strong>dicta</strong></span> <span class='ocrx_word' id='word_1_369' title='bbox 696 2636 962 2707; x_wconf 67' lang='lat' dir='ltr'><strong>sun‘raglo</strong></span> <span class='ocrx_word' id='word_1_370' title='bbox 985 2639 1224 2709; x_wconf 87' lang='lat' dir='ltr'><strong>quisque</strong></span> <span class='ocrx_word' id='word_1_371' title='bbox 1242 2655 1343 2694; x_wconf 90' lang='lat' dir='ltr'><strong>suo</strong></span> <span class='ocrx_word' id='word_1_372' title='bbox 1364 2642 1686 2710; x_wconf 87' lang='lat' dir='ltr'><strong>probarint;</strong></span> <span class='ocrx_word' id='word_1_373' title='bbox 1707 2659 1871 2713; x_wconf 90' lang='lat' dir='ltr'><strong>quam</strong></span> <span class='ocrx_word' id='word_1_374' title='bbox 1907 2644 1978 2698; x_wconf 91' lang='lat' dir='ltr'><strong>ob</strong></span> <span class='ocrx_word' id='word_1_375' title='bbox 2009 2644 2062 2698; x_wconf 92' lang='lat' dir='ltr'><strong>id</strong></span> <span class='ocrx_word' id='word_1_376' title='bbox 2091 2648 2577 2715; x_wconf 83' lang='lat' dir='ltr'><strong>reprehensionem</strong></span> <span class='ocrx_word' id='word_1_377' title='bbox 2604 2663 2912 2707; x_wconf 88' lang='lat' dir='ltr'><strong>mereretur</strong></span> <span class='ocrx_word' id='word_1_378' title='bbox 2942 2669 3097 2709; x_wconf 86' lang='lat' dir='ltr'><strong>sacra</strong></span> <span class='ocrx_word' id='word_1_379' title='bbox 3127 2655 3369 2725; x_wconf 85' lang='lat' dir='ltr'><strong>synodus</strong></span> <span class='ocrx_word' id='word_1_380' title='bbox 3391 2656 3411 2708; x_wconf 88' lang='lat'>?</span> <span class='ocrx_word' id='word_1_381' title='bbox 3433 2656 3700 2726; x_wconf 87' lang='lat' dir='ltr'><strong>scriptum</strong></span> <span class='ocrx_word' id='word_1_382' title='bbox 3728 2663 3818 2710; x_wconf 87' lang='lat' dir='ltr'><strong>est</strong></span> 
     </span>
    </p>
   </div>
   <div class='ocr_carea' id='block_1_52' title="bbox 514 2728 2119 2805">
    <p class='ocr_par' dir='ltr' id='par_1_52' title="bbox 514 2728 2119 2805">
     <span class='ocr_line' id='line_1_52' title="bbox 514 2728 2119 2805; baseline 0.007 -23"><span class='ocrx_word' id='word_1_383' title='bbox 514 2729 689 2793; x_wconf 85' lang='lat' dir='ltr'><strong>enim,</strong></span> <span class='ocrx_word' id='word_1_384' title='bbox 720 2728 894 2784; x_wconf 86' lang='lat' dir='ltr'><strong>solius</strong></span> <span class='ocrx_word' id='word_1_385' title='bbox 921 2730 1019 2785; x_wconf 88' lang='lat' dir='ltr'><strong>Dei</strong></span> <span class='ocrx_word' id='word_1_386' title='bbox 1041 2746 1162 2786; x_wconf 88' lang='lat' dir='ltr'><strong>esse</strong></span> <span class='ocrx_word' id='word_1_387' title='bbox 1186 2732 1351 2786; x_wconf 90' lang='lat' dir='ltr'><strong>corda</strong></span> <span class='ocrx_word' id='word_1_388' title='bbox 1378 2735 1612 2789; x_wconf 88' lang='lat' dir='ltr'><strong>scrutari</strong></span> <span class='ocrx_word' id='word_1_389' title='bbox 1650 2744 1814 2805; x_wconf 89' lang='lat' dir='ltr'><strong>atque</strong></span> <span class='ocrx_word' id='word_1_390' title='bbox 1848 2752 2048 2793; x_wconf 81' lang='lat' dir='ltr'><strong>nervos</strong></span> <span class='ocrx_word' id='word_1_391' title='bbox 2072 2750 2119 2793; x_wconf 76' lang='grc' dir='ltr'><strong>ο.</strong></span> 
     </span>
    </p>
   </div>
   <div class='ocr_carea' id='block_1_53' title="bbox 592 2821 2113 2897">
    <p class='ocr_par' dir='ltr' id='par_1_53' title="bbox 592 2821 2113 2897">
     <span class='ocr_line' id='line_1_53' title="bbox 592 2821 2113 2897; baseline 0.011 -27"><span class='ocrx_word' id='word_1_392' title='bbox 592 2839 611 2870; x_wconf 73' lang='grc' dir='ltr'><strong>ι</strong></span> <span class='ocrx_word' id='word_1_393' title='bbox 636 2824 707 2874; x_wconf 79' lang='lat' dir='ltr'><strong>At</strong></span> <span class='ocrx_word' id='word_1_394' title='bbox 749 2821 796 2876; x_wconf 94' lang='lat' dir='ltr'><strong>si</strong></span> <span class='ocrx_word' id='word_1_395' title='bbox 846 2832 1057 2891; x_wconf 88' lang='lat' dir='ltr'><strong>partem</strong></span> <span class='ocrx_word' id='word_1_396' title='bbox 1112 2823 1377 2893; x_wconf 85' lang='lat' dir='ltr'><strong>aliquam,</strong></span> <span class='ocrx_word' id='word_1_397' title='bbox 1416 2825 1625 2895; x_wconf 88' lang='lat' dir='ltr'><strong>inquis,</strong></span> <span class='ocrx_word' id='word_1_398' title='bbox 1664 2830 2113 2897; x_wconf 85' lang='lat' dir='ltr'><strong>reprehensione</strong></span> 
     </span>
    </p>
   </div>
   <div class='ocr_carea' id='block_1_54' title="bbox 518 2909 2113 2987">
    <p class='ocr_par' dir='ltr' id='par_1_54' title="bbox 518 2909 2113 2987">
     <span class='ocr_line' id='line_1_54' title="bbox 518 2909 2113 2987; baseline 0.006 -22"><span class='ocrx_word' id='word_1_399' title='bbox 518 2909 740 2981; x_wconf 75' lang='lat' dir='ltr'><strong>dignam</strong></span> <span class='ocrx_word' id='word_1_400' title='bbox 798 2911 1027 2979; x_wconf 88' lang='lat' dir='ltr'><strong>habuit;</strong></span> <span class='ocrx_word' id='word_1_401' title='bbox 1078 2921 1256 2968; x_wconf 88' lang='lat' dir='ltr'><strong>totum</strong></span> <span class='ocrx_word' id='word_1_402' title='bbox 1303 2915 1449 2985; x_wconf 89' lang='lat' dir='ltr'><strong>quod</strong></span> <span class='ocrx_word' id='word_1_403' title='bbox 1496 2919 1774 2987; x_wconf 87' lang='lat' dir='ltr'><strong>reliquum</strong></span> <span class='ocrx_word' id='word_1_404' title='bbox 1805 2929 1912 2985; x_wconf 89' lang='lat' dir='ltr'><strong>est,</strong></span> <span class='ocrx_word' id='word_1_405' title='bbox 1951 2923 2022 2977; x_wconf 92' lang='lat' dir='ltr'><strong>ob</strong></span> <span class='ocrx_word' id='word_1_406' title='bbox 2059 2922 2113 2975; x_wconf 90' lang='lat' dir='ltr'><strong>id</strong></span> 
     </span>
    </p>
   </div>
   <div class='ocr_carea' id='block_1_55' title="bbox 517 3001 1227 3074">
    <p class='ocr_par' dir='ltr' id='par_1_55' title="bbox 517 3001 1227 3074">
     <span class='ocr_line' id='line_1_55' title="bbox 517 3001 1227 3074; baseline 0.001 -18"><span class='ocrx_word' id='word_1_407' title='bbox 517 3001 883 3074; x_wconf 84' lang='lat' dir='ltr'><strong>rejiciendum</strong></span> <span class='ocrx_word' id='word_1_408' title='bbox 916 3004 1161 3061; x_wconf 89' lang='lat' dir='ltr'><strong>videtur.</strong></span> <span class='ocrx_word' id='word_1_409' title='bbox 1207 3026 1227 3057; x_wconf 75' lang='grc' dir='ltr'><strong>ι</strong></span> 
     </span>
    </p>
   </div>
   <div class='ocr_carea' id='block_1_56' title="bbox 589 3108 2114 3181">
    <p class='ocr_par' dir='ltr' id='par_1_56' title="bbox 589 3108 2114 3181">
     <span class='ocr_line' id='line_1_56' title="bbox 589 3108 2114 3181; baseline 0.009 -18"><span class='ocrx_word' id='word_1_410' title='bbox 589 3108 910 3179; x_wconf 79' lang='lat' dir='ltr'><strong>Rejicienda</strong></span> <span class='ocrx_word' id='word_1_411' title='bbox 978 3112 1148 3181; x_wconf 75' lang='lat' dir='ltr'><strong>igitur</strong></span> <span class='ocrx_word' id='word_1_412' title='bbox 1194 3112 1303 3168; x_wconf 90' lang='lat' dir='ltr'><strong>erit</strong></span> <span class='ocrx_word' id='word_1_413' title='bbox 1354 3125 1409 3169; x_wconf 90' lang='lat' dir='ltr'><strong>ct</strong></span> <span class='ocrx_word' id='word_1_414' title='bbox 1461 3131 1591 3171; x_wconf 86' lang='lat' dir='ltr'><strong>area</strong></span> <span class='ocrx_word' id='word_1_415' title='bbox 1655 3125 1766 3173; x_wconf 86' lang='lat' dir='ltr'><strong>tota</strong></span> <span class='ocrx_word' id='word_1_416' title='bbox 1815 3121 1994 3175; x_wconf 89' lang='lat' dir='ltr'><strong>solum</strong></span> <span class='ocrx_word' id='word_1_417' title='bbox 2044 3122 2114 3176; x_wconf 83' lang='lat' dir='ltr'><strong>ob</strong></span> 
     </span>
    </p>
   </div>
   <div class='ocr_carea' id='block_1_57' title="bbox 2298 2832 3817 2906">
    <p class='ocr_par' dir='ltr' id='par_1_57' title="bbox 2298 2832 3817 2906">
     <span class='ocr_line' id='line_1_57' title="bbox 2298 2832 3817 2906; baseline 0.004 -23"><span class='ocrx_word' id='word_1_418' title='bbox 2298 2851 2317 2883; x_wconf 71' lang='grc' dir='ltr'><strong>ε</strong></span> <span class='ocrx_word' id='word_1_419' title='bbox 2370 2832 2510 2884; x_wconf 78' lang='grc' dir='ltr'>Ἀλλ’</span> <span class='ocrx_word' id='word_1_420' title='bbox 2558 2836 2605 2887; x_wconf 88' lang='grc' dir='ltr'>εἰ</span> <span class='ocrx_word' id='word_1_421' title='bbox 2640 2834 2777 2897; x_wconf 73' lang='grc' dir='ltr'>ὅλως</span> <span class='ocrx_word' id='word_1_422' title='bbox 2826 2836 2991 2906; x_wconf 77' lang='grc' dir='ltr'>μέρος</span> <span class='ocrx_word' id='word_1_423' title='bbox 3032 2836 3156 2905; x_wconf 79' lang='grc' dir='ltr'>ἔσχε</span> <span class='ocrx_word' id='word_1_424' title='bbox 3186 2836 3405 2905; x_wconf 65' lang='grc' dir='ltr'>ψεκτδν,</span> <span class='ocrx_word' id='word_1_425' title='bbox 3437 2836 3497 2889; x_wconf 64' lang='grc' dir='ltr'>τὸ</span> <span class='ocrx_word' id='word_1_426' title='bbox 3530 2834 3672 2902; x_wconf 80' lang='grc' dir='ltr'>ὅλον,</span> <span class='ocrx_word' id='word_1_427' title='bbox 3705 2852 3817 2906; x_wconf 85' lang='grc' dir='ltr'>φη-</span> 
     </span>
    </p>
   </div>
   <div class='ocr_carea' id='block_1_58' title="bbox 2223 2923 3178 2998">
    <p class='ocr_par' dir='ltr' id='par_1_58' title="bbox 2223 2923 3178 2998">
     <span class='ocr_line' id='line_1_58' title="bbox 2223 2923 3178 2998; baseline 0.006 -24"><span class='ocrx_word' id='word_1_428' title='bbox 2223 2923 2296 2985; x_wconf 77' lang='grc' dir='ltr'><strong>σὶ,</strong></span> <span class='ocrx_word' id='word_1_429' title='bbox 2331 2924 2516 2977; x_wconf 72' lang='grc' dir='ltr'>λοιπὸν</span> <span class='ocrx_word' id='word_1_430' title='bbox 2550 2926 2811 2994; x_wconf 77' lang='grc' dir='ltr'>ἀδόκιμον</span> <span class='ocrx_word' id='word_1_431' title='bbox 2844 2928 3110 2998; x_wconf 76' lang='grc' dir='ltr'>κρίνεται.</span> <span class='ocrx_word' id='word_1_432' title='bbox 3159 2948 3178 2980; x_wconf 69' lang='grc' dir='ltr'><strong>ι</strong></span> 
     </span>
    </p>
   </div>
   <div class='ocr_carea' id='block_1_59' title="bbox 2294 3101 3822 3176">
    <p class='ocr_par' dir='ltr' id='par_1_59' title="bbox 2294 3101 3822 3176">
     <span class='ocr_line' id='line_1_59' title="bbox 2294 3101 3822 3176; baseline 0.001 -21"><span class='ocrx_word' id='word_1_433' title='bbox 2294 3102 2404 3155; x_wconf 72' lang='grc' dir='ltr'>Καὶ</span> <span class='ocrx_word' id='word_1_434' title='bbox 2435 3105 2615 3156; x_wconf 74' lang='grc' dir='ltr'>πᾶσαν</span> <span class='ocrx_word' id='word_1_435' title='bbox 2658 3102 2758 3173; x_wconf 81' lang='grc' dir='ltr'><strong>τὴν</strong></span> <span class='ocrx_word' id='word_1_436' title='bbox 2791 3103 2907 3157; x_wconf 84' lang='grc' dir='ltr'>ἆλω</span> <span class='ocrx_word' id='word_1_437' title='bbox 2943 3104 3052 3176; x_wconf 72' lang='grc' dir='ltr'>ἄρα</span> <span class='ocrx_word' id='word_1_438' title='bbox 3098 3104 3187 3157; x_wconf 76' lang='grc' dir='ltr'>διὰ</span> <span class='ocrx_word' id='word_1_439' title='bbox 3219 3104 3277 3157; x_wconf 78' lang='grc' dir='ltr'>τὸ</span> <span class='ocrx_word' id='word_1_440' title='bbox 3321 3104 3378 3156; x_wconf 81' lang='grc' dir='ltr'>ἓν</span> <span class='ocrx_word' id='word_1_441' title='bbox 3425 3101 3685 3167; x_wconf 71' lang='grc' dir='ltr'>ζιζάνιον,</span> <span class='ocrx_word' id='word_1_442' title='bbox 3719 3104 3822 3156; x_wconf 79' lang='grc' dir='ltr'>καὶ</span> 
     </span>
    </p>
   </div>
   <div class='ocr_carea' id='block_1_60' title="bbox 518 3182 2118 3275">
    <p class='ocr_par' dir='ltr' id='par_1_60' title="bbox 518 3198 2117 3275">
     <span class='ocr_line' id='line_1_60' title="bbox 518 3198 2117 3275; baseline 0.009 -24"><span class='ocrx_word' id='word_1_443' title='bbox 518 3198 737 3264; x_wconf 84' lang='lat' dir='ltr'><strong>lolium,</strong></span> <span class='ocrx_word' id='word_1_444' title='bbox 770 3210 829 3255; x_wconf 89' lang='lat' dir='ltr'><strong>et</strong></span> <span class='ocrx_word' id='word_1_445' title='bbox 877 3202 1263 3259; x_wconf 87' lang='lat' dir='ltr'><strong>universorum</strong></span> <span class='ocrx_word' id='word_1_446' title='bbox 1306 3208 1683 3275; x_wconf 89' lang='lat' dir='ltr'><strong>apostolorum</strong></span> <span class='ocrx_word' id='word_1_447' title='bbox 1714 3210 1917 3265; x_wconf 91' lang='lat' dir='ltr'><strong>chorus</strong></span> <span class='ocrx_word' id='word_1_448' title='bbox 1947 3229 2117 3265; x_wconf 90' lang='lat' dir='ltr'><strong>unum</strong></span> 
     </span>
    </p>
   </div>
   <div class='ocr_carea' id='block_1_61' title="bbox 2224 3182 3823 3275">
    <p class='ocr_par' dir='ltr' id='par_1_61' title="bbox 2224 3193 3823 3264">
     <span class='ocr_line' id='line_1_61' title="bbox 2224 3193 3823 3264; baseline -0.002 -17"><span class='ocrx_word' id='word_1_449' title='bbox 2224 3194 2315 3247; x_wconf 74' lang='grc' dir='ltr'>τὸν</span> <span class='ocrx_word' id='word_1_450' title='bbox 2366 3194 2487 3246; x_wconf 84' lang='grc' dir='ltr'>ὅλον</span> <span class='ocrx_word' id='word_1_451' title='bbox 2519 3194 2681 3264; x_wconf 76' lang='grc' dir='ltr'>χορὸν</span> <span class='ocrx_word' id='word_1_452' title='bbox 2726 3194 2834 3247; x_wconf 76' lang='grc' dir='ltr'>τῶν</span> <span class='ocrx_word' id='word_1_453' title='bbox 2881 3196 3199 3247; x_wconf 82' lang='grc' dir='ltr'>ἀποστόλων</span> <span class='ocrx_word' id='word_1_454' title='bbox 3239 3195 3560 3264; x_wconf 75' lang='grc' dir='ltr'>διαϐλητέον</span> <span class='ocrx_word' id='word_1_455' title='bbox 3600 3194 3688 3247; x_wconf 78' lang='grc' dir='ltr'>διὰ</span> <span class='ocrx_word' id='word_1_456' title='bbox 3717 3193 3823 3263; x_wconf 79' lang='grc' dir='ltr'>τὴν</span> 
     </span>
    </p>
   </div>
   <div class='ocr_carea' id='block_1_62' title="bbox 520 3288 2117 3371">
    <p class='ocr_par' dir='ltr' id='par_1_62' title="bbox 520 3288 2117 3371">
     <span class='ocr_line' id='line_1_62' title="bbox 520 3288 2117 3371; baseline 0.009 -29"><span class='ocrx_word' id='word_1_457' title='bbox 520 3288 591 3342; x_wconf 92' lang='lat' dir='ltr'><strong>ob</strong></span> <span class='ocrx_word' id='word_1_458' title='bbox 620 3289 814 3344; x_wconf 69' lang='lat' dir='ltr'><strong>ludam</strong></span> <span class='ocrx_word' id='word_1_459' title='bbox 854 3292 1239 3361; x_wconf 87' lang='lat' dir='ltr'><strong>explodendus</strong></span> <span class='ocrx_word' id='word_1_460' title='bbox 1265 3335 1278 3348; x_wconf 92' lang='lat'><strong>.</strong></span> <span class='ocrx_word' id='word_1_461' title='bbox 1309 3297 1583 3352; x_wconf 67' lang='lat' dir='ltr'><strong>Prmterea</strong></span> <span class='ocrx_word' id='word_1_462' title='bbox 1610 3300 1657 3353; x_wconf 91' lang='lat' dir='ltr'><strong>si</strong></span> <span class='ocrx_word' id='word_1_463' title='bbox 1692 3308 1863 3354; x_wconf 91' lang='lat' dir='ltr'><strong>totum</strong></span> <span class='ocrx_word' id='word_1_464' title='bbox 1900 3318 1929 3355; x_wconf 91' lang='lat' dir='ltr'><strong>a</strong></span> <span class='ocrx_word' id='word_1_465' title='bbox 1960 3313 2117 3371; x_wconf 89' lang='lat' dir='ltr'><strong>parte</strong></span> 
     </span>
    </p>
   </div>
   <div class='ocr_carea' id='block_1_63' title="bbox 519 3380 2107 3463">
    <p class='ocr_par' dir='ltr' id='par_1_63' title="bbox 519 3380 2107 3463">
     <span class='ocr_line' id='line_1_63' title="bbox 519 3380 2107 3463; baseline 0.011 -30"><span class='ocrx_word' id='word_1_466' title='bbox 519 3380 817 3449; x_wconf 87' lang='lat' dir='ltr'><strong>dijudieari</strong></span> <span class='ocrx_word' id='word_1_467' title='bbox 862 3384 1049 3445; x_wconf 85' lang='lat' dir='ltr'><strong>debet.</strong></span> <span class='ocrx_word' id='word_1_468' title='bbox 1094 3401 1221 3441; x_wconf 90' lang='lat' dir='ltr'><strong>cum</strong></span> <span class='ocrx_word' id='word_1_469' title='bbox 1274 3389 1432 3443; x_wconf 92' lang='lat' dir='ltr'><strong>multi</strong></span> <span class='ocrx_word' id='word_1_470' title='bbox 1489 3406 1519 3445; x_wconf 89' lang='lat' dir='ltr'><strong>e</strong></span> <span class='ocrx_word' id='word_1_471' title='bbox 1567 3392 1790 3447; x_wconf 88' lang='lat' dir='ltr'><strong>concilii</strong></span> <span class='ocrx_word' id='word_1_472' title='bbox 1840 3394 2107 3463; x_wconf 85' lang='lat' dir='ltr'><strong>Ephesini</strong></span> 
     </span>
    </p>
   </div>
   <div class='ocr_carea' id='block_1_64' title="bbox 519 3473 2122 3551">
    <p class='ocr_par' dir='ltr' id='par_1_64' title="bbox 519 3473 2122 3551">
     <span class='ocr_line' id='line_1_64' title="bbox 519 3473 2122 3551; baseline 0.011 -25"><span class='ocrx_word' id='word_1_473' title='bbox 519 3473 775 3529; x_wconf 79' lang='lat' dir='ltr'><strong>Patribus</strong></span> <span class='ocrx_word' id='word_1_474' title='bbox 799 3476 1010 3547; x_wconf 82' lang='lat' dir='ltr'><strong>synodo</strong></span> <span class='ocrx_word' id='word_1_475' title='bbox 1035 3476 1472 3536; x_wconf 88' lang='lat' dir='ltr'><strong>Chalcedonensi</strong></span> <span class='ocrx_word' id='word_1_476' title='bbox 1499 3483 1882 3551; x_wconf 85' lang='lat' dir='ltr'><strong>interfuerint;</strong></span> <span class='ocrx_word' id='word_1_477' title='bbox 1920 3487 2122 3545; x_wconf 88' lang='lat' dir='ltr'><strong>rationi</strong></span> 
     </span>
    </p>
   </div>
   <div class='ocr_carea' id='block_1_65' title="bbox 520 3564 2122 3640">
    <p class='ocr_par' dir='ltr' id='par_1_65' title="bbox 520 3564 2122 3640">
     <span class='ocr_line' id='line_1_65' title="bbox 520 3564 2122 3640; baseline 0.007 -25"><span class='ocrx_word' id='word_1_478' title='bbox 520 3571 955 3617; x_wconf 85' lang='lat' dir='ltr'><strong>consentaneum</strong></span> <span class='ocrx_word' id='word_1_479' title='bbox 1002 3564 1110 3619; x_wconf 88' lang='lat' dir='ltr'><strong>erit</strong></span> <span class='ocrx_word' id='word_1_480' title='bbox 1138 3580 1205 3619; x_wconf 80' lang='lat' dir='ltr'><strong>ex</strong></span> <span class='ocrx_word' id='word_1_481' title='bbox 1252 3566 1405 3622; x_wconf 89' lang='lat' dir='ltr'><strong>hisce</strong></span> <span class='ocrx_word' id='word_1_482' title='bbox 1452 3569 1639 3638; x_wconf 90' lang='lat' dir='ltr'><strong>potius</strong></span> <span class='ocrx_word' id='word_1_483' title='bbox 1680 3571 1845 3640; x_wconf 76' lang='lat' dir='ltr'><strong>hujus</strong></span> <span class='ocrx_word' id='word_1_484' title='bbox 1898 3566 2122 3627; x_wconf 76' lang='lat' dir='ltr'><strong>concilii</strong></span> 
     </span>
    </p>
   </div>
   <div class='ocr_carea' id='block_1_66' title="bbox 522 3652 2122 3733">
    <p class='ocr_par' dir='ltr' id='par_1_66' title="bbox 522 3652 2122 3733">
     <span class='ocr_line' id='line_1_66' title="bbox 522 3652 2122 3733; baseline 0.009 -29"><span class='ocrx_word' id='word_1_485' title='bbox 522 3660 719 3704; x_wconf 88' lang='lat' dir='ltr'><strong>contra</strong></span> <span class='ocrx_word' id='word_1_486' title='bbox 746 3652 1061 3707; x_wconf 85' lang='lat' dir='ltr'><strong>Nestorium</strong></span> <span class='ocrx_word' id='word_1_487' title='bbox 1084 3655 1328 3709; x_wconf 90' lang='lat' dir='ltr'><strong>animum</strong></span> <span class='ocrx_word' id='word_1_488' title='bbox 1354 3668 1521 3727; x_wconf 86' lang='lat' dir='ltr'><strong>atque</strong></span> <span class='ocrx_word' id='word_1_489' title='bbox 1550 3670 1791 3716; x_wconf 86' lang='lat' dir='ltr'><strong>mentem</strong></span> <span class='ocrx_word' id='word_1_490' title='bbox 1818 3664 2122 3733; x_wconf 89' lang='lat' dir='ltr'><strong>conjicere,</strong></span> 
     </span>
    </p>
   </div>
   <div class='ocr_carea' id='block_1_67' title="bbox 524 3744 2124 3824">
    <p class='ocr_par' dir='ltr' id='par_1_67' title="bbox 524 3744 2124 3824">
     <span class='ocr_line' id='line_1_67' title="bbox 524 3744 2124 3824; baseline 0.01 -30"><span class='ocrx_word' id='word_1_491' title='bbox 524 3758 689 3811; x_wconf 88' lang='lat' dir='ltr'><strong>quam</strong></span> <span class='ocrx_word' id='word_1_492' title='bbox 719 3760 787 3798; x_wconf 79' lang='lat' dir='ltr'><strong>ex</strong></span> <span class='ocrx_word' id='word_1_493' title='bbox 820 3744 929 3799; x_wconf 90' lang='lat' dir='ltr'><strong>illis</strong></span> <span class='ocrx_word' id='word_1_494' title='bbox 961 3747 1153 3815; x_wconf 88' lang='lat' dir='ltr'><strong>paucis</strong></span> <span class='ocrx_word' id='word_1_495' title='bbox 1186 3748 1394 3805; x_wconf 81' lang='lat' dir='ltr'><strong>inferre</strong></span> <span class='ocrx_word' id='word_1_496' title='bbox 1436 3754 1805 3810; x_wconf 88' lang='lat' dir='ltr'><strong>contrarium.</strong></span> <span class='ocrx_word' id='word_1_497' title='bbox 1854 3754 1937 3808; x_wconf 75' lang='lat' dir='ltr'><strong>An</strong></span> <span class='ocrx_word' id='word_1_498' title='bbox 1966 3756 2124 3824; x_wconf 75' lang='lat' dir='ltr'><strong>igno-</strong></span> 
     </span>
    </p>
   </div>
   <div class='ocr_carea' id='block_1_68' title="bbox 522 3837 2125 3915">
    <p class='ocr_par' dir='ltr' id='par_1_68' title="bbox 522 3837 2125 3915">
     <span class='ocr_line' id='line_1_68' title="bbox 522 3837 2125 3915; baseline 0.007 -27"><span class='ocrx_word' id='word_1_499' title='bbox 522 3837 663 3890; x_wconf 83' lang='lat' dir='ltr'><strong>ratis</strong></span> <span class='ocrx_word' id='word_1_500' title='bbox 692 3844 804 3892; x_wconf 85' lang='lat' dir='ltr'><strong>ete</strong></span> <span class='ocrx_word' id='word_1_501' title='bbox 841 3838 1063 3891; x_wconf 90' lang='lat' dir='ltr'><strong>concilii</strong></span> <span class='ocrx_word' id='word_1_502' title='bbox 1118 3838 1232 3909; x_wconf 79' lang='grc'><strong>(15)</strong></span> <span class='ocrx_word' id='word_1_503' title='bbox 1286 3840 1490 3895; x_wconf 77' lang='lat' dir='ltr'><strong>Nicaeni</strong></span> <span class='ocrx_word' id='word_1_504' title='bbox 1546 3842 1651 3896; x_wconf 84' lang='lat' dir='ltr'><strong>&#39;5l8</strong></span> <span class='ocrx_word' id='word_1_505' title='bbox 1697 3844 1957 3909; x_wconf 81' lang='lat' dir='ltr'><strong>Patribus</strong></span> <span class='ocrx_word' id='word_1_506' title='bbox 2015 3847 2125 3915; x_wconf 68' lang='lat'><strong>(14)</strong></span> 
     </span>
    </p>
   </div>
   <div class='ocr_carea' id='block_1_69' title="bbox 526 3926 2127 4005">
    <p class='ocr_par' dir='ltr' id='par_1_69' title="bbox 526 3926 2127 4005">
     <span class='ocr_line' id='line_1_69' title="bbox 526 3926 2127 4005; baseline 0.005 -24"><span class='ocrx_word' id='word_1_507' title='bbox 526 3926 923 3997; x_wconf 85' lang='lat' dir='ltr'><strong>septemdecim</strong></span> <span class='ocrx_word' id='word_1_508' title='bbox 970 3929 1194 3984; x_wconf 85' lang='lat' dir='ltr'><strong>circiter</strong></span> <span class='ocrx_word' id='word_1_509' title='bbox 1227 3931 1556 4000; x_wconf 88' lang='lat' dir='ltr'><strong>dejectionis</strong></span> <span class='ocrx_word' id='word_1_510' title='bbox 1610 3944 1761 3987; x_wconf 90' lang='lat' dir='ltr'><strong>metu</strong></span> <span class='ocrx_word' id='word_1_511' title='bbox 1841 3936 2127 4005; x_wconf 90' lang='lat' dir='ltr'><strong>perculsos</strong></span> 
     </span>
    </p>
   </div>
   <div class='ocr_carea' id='block_1_70' title="bbox 526 4020 2125 4095">
    <p class='ocr_par' dir='ltr' id='par_1_70' title="bbox 526 4020 2125 4095">
     <span class='ocr_line' id='line_1_70' title="bbox 526 4020 2125 4095; baseline 0.004 -22"><span class='ocrx_word' id='word_1_512' title='bbox 526 4020 863 4088; x_wconf 81' lang='lat' dir='ltr'><strong>approbasse</strong></span> <span class='ocrx_word' id='word_1_513' title='bbox 896 4020 1022 4077; x_wconf 82' lang='lat' dir='ltr'><strong>ﬁdei</strong></span> <span class='ocrx_word' id='word_1_514' title='bbox 1060 4023 1306 4093; x_wconf 79' lang='lat' dir='ltr'><strong>regulam</strong></span> <span class='ocrx_word' id='word_1_515' title='bbox 1330 4033 1521 4078; x_wconf 87' lang='lat' dir='ltr'><strong>contra</strong></span> <span class='ocrx_word' id='word_1_516' title='bbox 1551 4026 1762 4089; x_wconf 84' lang='lat' dir='ltr'><strong>Arium,</strong></span> <span class='ocrx_word' id='word_1_517' title='bbox 1798 4028 1962 4095; x_wconf 84' lang='lat' dir='ltr'><strong>eique</strong></span> <span class='ocrx_word' id='word_1_518' title='bbox 1992 4027 2125 4081; x_wconf 87' lang='lat' dir='ltr'><strong>sub-</strong></span> 
     </span>
    </p>
   </div>
   <div class='ocr_carea' id='block_1_71' title="bbox 525 4109 2128 4181">
    <p class='ocr_par' dir='ltr' id='par_1_71' title="bbox 525 4109 2128 4181">
     <span class='ocr_line' id='line_1_71' title="bbox 525 4109 2128 4181; baseline 0.004 -19"><span class='ocrx_word' id='word_1_519' title='bbox 525 4109 854 4179; x_wconf 76' lang='lat' dir='ltr'><strong>scripsisse?</strong></span> <span class='ocrx_word' id='word_1_520' title='bbox 876 4112 971 4180; x_wconf 89' lang='lat' dir='ltr'><strong>qui</strong></span> <span class='ocrx_word' id='word_1_521' title='bbox 1006 4122 1195 4181; x_wconf 89' lang='lat' dir='ltr'><strong>postea</strong></span> <span class='ocrx_word' id='word_1_522' title='bbox 1234 4124 1289 4167; x_wconf 89' lang='lat' dir='ltr'><strong>et</strong></span> <span class='ocrx_word' id='word_1_523' title='bbox 1322 4112 1511 4167; x_wconf 87' lang='lat' dir='ltr'><strong>divum</strong></span> <span class='ocrx_word' id='word_1_524' title='bbox 1534 4114 1895 4169; x_wconf 81' lang='lat' dir='ltr'><strong>Athanasium</strong></span> <span class='ocrx_word' id='word_1_525' title='bbox 1924 4118 2128 4171; x_wconf 90' lang='lat' dir='ltr'><strong>acriter</strong></span> 
     </span>
    </p>
   </div>
   <div class='ocr_carea' id='block_1_72' title="bbox 530 4199 2127 4274">
    <p class='ocr_par' dir='ltr' id='par_1_72' title="bbox 530 4199 2127 4274">
     <span class='ocr_line' id='line_1_72' title="bbox 530 4199 2127 4274; baseline 0.004 -21"><span class='ocrx_word' id='word_1_526' title='bbox 530 4199 789 4255; x_wconf 86' lang='lat' dir='ltr'><strong>insectati</strong></span> <span class='ocrx_word' id='word_1_527' title='bbox 824 4202 1092 4256; x_wconf 85' lang='lat' dir='ltr'><strong>sunt?ob</strong></span> <span class='ocrx_word' id='word_1_528' title='bbox 1118 4203 1171 4257; x_wconf 91' lang='lat' dir='ltr'><strong>id</strong></span> <span class='ocrx_word' id='word_1_529' title='bbox 1199 4212 1381 4257; x_wconf 89' lang='lat' dir='ltr'><strong>tamen</strong></span> <span class='ocrx_word' id='word_1_530' title='bbox 1430 4204 1577 4257; x_wconf 90' lang='lat' dir='ltr'><strong>haud</strong></span> <span class='ocrx_word' id='word_1_531' title='bbox 1647 4205 1963 4274; x_wconf 81' lang='lat' dir='ltr'><strong>exploditur</strong></span> <span class='ocrx_word' id='word_1_532' title='bbox 2012 4215 2127 4261; x_wconf 91' lang='lat' dir='ltr'><strong>tota</strong></span> 
     </span>
    </p>
   </div>
   <div class='ocr_carea' id='block_1_73' title="bbox 529 4292 2128 4364">
    <p class='ocr_par' dir='ltr' id='par_1_73' title="bbox 529 4292 2128 4364">
     <span class='ocr_line' id='line_1_73' title="bbox 529 4292 2128 4364; baseline 0.004 -20"><span class='ocrx_word' id='word_1_533' title='bbox 529 4292 791 4363; x_wconf 81' lang='lat' dir='ltr'><strong>synodus.</strong></span> <span class='ocrx_word' id='word_1_534' title='bbox 820 4292 976 4358; x_wconf 84' lang='lat' dir='ltr'><strong>Quod</strong></span> <span class='ocrx_word' id='word_1_535' title='bbox 1008 4294 1050 4347; x_wconf 92' lang='lat' dir='ltr'><strong>si</strong></span> <span class='ocrx_word' id='word_1_536' title='bbox 1086 4309 1195 4347; x_wconf 92' lang='lat' dir='ltr'><strong>non</strong></span> <span class='ocrx_word' id='word_1_537' title='bbox 1235 4310 1267 4348; x_wconf 85' lang='lat' dir='ltr'><strong>a</strong></span> <span class='ocrx_word' id='word_1_538' title='bbox 1297 4294 1586 4349; x_wconf 82' lang='lat' dir='ltr'><strong>manifesta</strong></span> <span class='ocrx_word' id='word_1_539' title='bbox 1617 4305 1773 4364; x_wconf 83' lang='lat' dir='ltr'><strong>parte</strong></span> <span class='ocrx_word' id='word_1_540' title='bbox 1811 4296 1879 4350; x_wconf 89' lang='lat' dir='ltr'><strong>de</strong></span> <span class='ocrx_word' id='word_1_541' title='bbox 1908 4299 2128 4359; x_wconf 89' lang='lat' dir='ltr'><strong>concilii</strong></span> 
     </span>
    </p>
   </div>
   <div class='ocr_carea' id='block_1_74' title="bbox 533 4382 2130 4455">
    <p class='ocr_par' dir='ltr' id='par_1_74' title="bbox 533 4382 2130 4455">
     <span class='ocr_line' id='line_1_74' title="bbox 533 4382 2130 4455; baseline 0.006 -20"><span class='ocrx_word' id='word_1_542' title='bbox 533 4382 706 4437; x_wconf 88' lang='lat' dir='ltr'><strong>totius</strong></span> <span class='ocrx_word' id='word_1_543' title='bbox 734 4382 981 4439; x_wconf 85' lang='lat' dir='ltr'><strong>bonitate</strong></span> <span class='ocrx_word' id='word_1_544' title='bbox 1024 4384 1439 4455; x_wconf 89' lang='lat' dir='ltr'><strong>dijudicandum</strong></span> <span class='ocrx_word' id='word_1_545' title='bbox 1459 4389 1707 4455; x_wconf 91' lang='lat' dir='ltr'><strong>putatis;</strong></span> <span class='ocrx_word' id='word_1_546' title='bbox 1734 4386 1828 4442; x_wconf 91' lang='lat' dir='ltr'><strong>sed</strong></span> <span class='ocrx_word' id='word_1_547' title='bbox 1859 4388 1929 4442; x_wconf 93' lang='lat' dir='ltr'><strong>ob</strong></span> <span class='ocrx_word' id='word_1_548' title='bbox 1960 4388 2130 4444; x_wconf 87' lang='lat' dir='ltr'><strong>dubia</strong></span> 
     </span>
    </p>
   </div>
   <div class='ocr_carea' id='block_1_75' title="bbox 531 4472 2129 4545">
    <p class='ocr_par' dir='ltr' id='par_1_75' title="bbox 531 4472 2129 4545">
     <span class='ocr_line' id='line_1_75' title="bbox 531 4472 2129 4545; baseline 0.007 -20"><span class='ocrx_word' id='word_1_549' title='bbox 531 4472 721 4541; x_wconf 83' lang='lat' dir='ltr'><strong>potius</strong></span> <span class='ocrx_word' id='word_1_550' title='bbox 776 4481 951 4528; x_wconf 89' lang='lat' dir='ltr'><strong>totum</strong></span> <span class='ocrx_word' id='word_1_551' title='bbox 999 4475 1407 4545; x_wconf 81' lang='lat' dir='ltr'><strong>explodendum</strong></span> <span class='ocrx_word' id='word_1_552' title='bbox 1470 4476 1848 4542; x_wconf 89' lang='lat' dir='ltr'><strong>contenditis;</strong></span> <span class='ocrx_word' id='word_1_553' title='bbox 1890 4494 2013 4533; x_wconf 92' lang='lat' dir='ltr'><strong>cum</strong></span> <span class='ocrx_word' id='word_1_554' title='bbox 2057 4481 2129 4536; x_wconf 94' lang='lat' dir='ltr'><strong>ob</strong></span> 
     </span>
    </p>
   </div>
   <div class='ocr_carea' id='block_1_76' title="bbox 535 4543 2207 4639">
    <p class='ocr_par' dir='ltr' id='par_1_76' title="bbox 535 4543 2207 4639">
     <span class='ocr_line' id='line_1_76' title="bbox 535 4543 2207 4639; baseline 0.005 -20"><span class='ocrx_word' id='word_1_555' title='bbox 535 4581 700 4620; x_wconf 89' lang='lat' dir='ltr'><strong>unam</strong></span> <span class='ocrx_word' id='word_1_556' title='bbox 726 4574 940 4637; x_wconf 86' lang='lat' dir='ltr'><strong>partem</strong></span> <span class='ocrx_word' id='word_1_557' title='bbox 975 4584 1004 4623; x_wconf 92' lang='lat' dir='ltr'><strong>a</strong></span> <span class='ocrx_word' id='word_1_558' title='bbox 1034 4543 1192 4623; x_wconf 81' lang='lat' dir='ltr'><strong>vobis</strong></span> <span class='ocrx_word' id='word_1_559' title='bbox 1230 4570 1560 4639; x_wconf 81' lang='lat' dir='ltr'><strong>explodatur</strong></span> <span class='ocrx_word' id='word_1_560' title='bbox 1609 4578 1782 4625; x_wconf 91' lang='lat' dir='ltr'><strong>totum</strong></span> <span class='ocrx_word' id='word_1_561' title='bbox 1818 4571 2126 4627; x_wconf 77' lang='lat' dir='ltr'><strong>Chalcedo.</strong></span> <span class='ocrx_word' id='word_1_562' title='bbox 2155 4543 2207 4602; x_wconf 83' lang='lat' dir='ltr'><strong>D</strong></span> 
     </span>
    </p>
   </div>
   <div class='ocr_carea' id='block_1_77' title="bbox 532 4658 2123 4732">
    <p class='ocr_par' dir='ltr' id='par_1_77' title="bbox 532 4658 2123 4732">
     <span class='ocr_line' id='line_1_77' title="bbox 532 4658 2123 4732; baseline 0.006 -24"><span class='ocrx_word' id='word_1_563' title='bbox 532 4671 706 4711; x_wconf 89' lang='lat' dir='ltr'><strong>nense</strong></span> <span class='ocrx_word' id='word_1_564' title='bbox 757 4658 1085 4721; x_wconf 91' lang='lat' dir='ltr'><strong>concilium,</strong></span> <span class='ocrx_word' id='word_1_565' title='bbox 1125 4668 1181 4713; x_wconf 91' lang='lat' dir='ltr'><strong>et</strong></span> <span class='ocrx_word' id='word_1_566' title='bbox 1214 4675 1321 4714; x_wconf 90' lang='lat' dir='ltr'><strong>una</strong></span> <span class='ocrx_word' id='word_1_567' title='bbox 1358 4676 1482 4715; x_wconf 90' lang='lat' dir='ltr'><strong>cum</strong></span> <span class='ocrx_word' id='word_1_568' title='bbox 1516 4670 1633 4716; x_wconf 87' lang='lat' dir='ltr'><strong>toto</strong></span> <span class='ocrx_word' id='word_1_569' title='bbox 1670 4677 1734 4717; x_wconf 90' lang='lat' dir='ltr'><strong>ea</strong></span> <span class='ocrx_word' id='word_1_570' title='bbox 1766 4677 1987 4732; x_wconf 82' lang='lat' dir='ltr'><strong>quoque</strong></span> <span class='ocrx_word' id='word_1_571' title='bbox 2021 4664 2123 4717; x_wconf 86' lang='lat' dir='ltr'><strong>Pa-</strong></span> 
     </span>
    </p>
   </div>
   <div class='ocr_carea' id='block_1_78' title="bbox 534 4750 2128 4824">
    <p class='ocr_par' dir='ltr' id='par_1_78' title="bbox 534 4750 2128 4824">
     <span class='ocr_line' id='line_1_78' title="bbox 534 4750 2128 4824; baseline 0.006 -24"><span class='ocrx_word' id='word_1_572' title='bbox 534 4754 682 4801; x_wconf 87' lang='lat' dir='ltr'><strong>trum</strong></span> <span class='ocrx_word' id='word_1_573' title='bbox 719 4764 849 4819; x_wconf 84' lang='lat' dir='ltr'><strong>pars</strong></span> <span class='ocrx_word' id='word_1_574' title='bbox 881 4750 1244 4819; x_wconf 91' lang='lat' dir='ltr'><strong>improbanda</strong></span> <span class='ocrx_word' id='word_1_575' title='bbox 1278 4752 1532 4808; x_wconf 86' lang='lat' dir='ltr'><strong>videatur</strong></span> <span class='ocrx_word' id='word_1_576' title='bbox 1558 4754 1653 4824; x_wconf 92' lang='lat' dir='ltr'><strong>qui</strong></span> <span class='ocrx_word' id='word_1_577' title='bbox 1678 4753 1921 4808; x_wconf 91' lang='lat' dir='ltr'><strong>concilio</strong></span> <span class='ocrx_word' id='word_1_578' title='bbox 1945 4754 2128 4824; x_wconf 86' lang='lat' dir='ltr'><strong>Ephe-</strong></span> 
     </span>
    </p>
   </div>
   <div class='ocr_carea' id='block_1_79' title="bbox 532 4837 2126 4913">
    <p class='ocr_par' dir='ltr' id='par_1_79' title="bbox 532 4837 2126 4913">
     <span class='ocr_line' id='line_1_79' title="bbox 532 4837 2126 4913; baseline 0.006 -23"><span class='ocrx_word' id='word_1_579' title='bbox 532 4837 656 4892; x_wconf 84' lang='lat' dir='ltr'><strong>sino</strong></span> <span class='ocrx_word' id='word_1_580' title='bbox 710 4838 1102 4903; x_wconf 84' lang='lat' dir='ltr'><strong>interfuerunt,</strong></span> <span class='ocrx_word' id='word_1_581' title='bbox 1142 4841 1372 4911; x_wconf 86' lang='lat' dir='ltr'><strong>ejusque</strong></span> <span class='ocrx_word' id='word_1_582' title='bbox 1424 4854 1636 4912; x_wconf 88' lang='lat' dir='ltr'><strong>partem</strong></span> <span class='ocrx_word' id='word_1_583' title='bbox 1679 4844 2126 4913; x_wconf 89' lang='lat' dir='ltr'><strong>componebant;</strong></span> 
     </span>
    </p>
   </div>
   <div class='ocr_carea' id='block_1_80' title="bbox 536 4928 2125 5001">
    <p class='ocr_par' dir='ltr' id='par_1_80' title="bbox 536 4928 2125 5001">
     <span class='ocr_line' id='line_1_80' title="bbox 536 4928 2125 5001; baseline 0.004 -22"><span class='ocrx_word' id='word_1_584' title='bbox 536 4928 785 4997; x_wconf 88' lang='lat' dir='ltr'><strong>nunquid</strong></span> <span class='ocrx_word' id='word_1_585' title='bbox 826 4943 894 4983; x_wconf 82' lang='lat' dir='ltr'><strong>ex</strong></span> <span class='ocrx_word' id='word_1_586' title='bbox 941 4929 1043 4984; x_wconf 88' lang='lat' dir='ltr'><strong>hac</strong></span> <span class='ocrx_word' id='word_1_587' title='bbox 1077 4938 1232 4999; x_wconf 88' lang='lat' dir='ltr'><strong>parte</strong></span> <span class='ocrx_word' id='word_1_588' title='bbox 1265 4946 1389 5000; x_wconf 71' lang='lat' dir='ltr'><strong>qua:</strong></span> <span class='ocrx_word' id='word_1_589' title='bbox 1436 4946 1604 5001; x_wconf 90' lang='lat' dir='ltr'><strong>prava</strong></span> <span class='ocrx_word' id='word_1_590' title='bbox 1638 4932 1983 5001; x_wconf 87' lang='lat' dir='ltr'><strong>deprehensa</strong></span> <span class='ocrx_word' id='word_1_591' title='bbox 2022 4941 2125 4996; x_wconf 88' lang='lat' dir='ltr'><strong>est,</strong></span> 
     </span>
    </p>
   </div>
   <div class='ocr_carea' id='block_1_81' title="bbox 538 5021 2124 5094">
    <p class='ocr_par' dir='ltr' id='par_1_81' title="bbox 538 5021 2124 5094">
     <span class='ocr_line' id='line_1_81' title="bbox 538 5021 2124 5094; baseline 0.006 -24"><span class='ocrx_word' id='word_1_592' title='bbox 538 5028 714 5075; x_wconf 90' lang='lat' dir='ltr'><strong>totum</strong></span> <span class='ocrx_word' id='word_1_593' title='bbox 752 5021 1048 5075; x_wconf 90' lang='lat' dir='ltr'><strong>concilium</strong></span> <span class='ocrx_word' id='word_1_594' title='bbox 1091 5023 1269 5091; x_wconf 89' lang='lat' dir='ltr'><strong>ipsum</strong></span> <span class='ocrx_word' id='word_1_595' title='bbox 1312 5024 1674 5092; x_wconf 83' lang='lat' dir='ltr'><strong>Ephesinum.</strong></span> <span class='ocrx_word' id='word_1_596' title='bbox 1720 5034 1977 5094; x_wconf 88' lang='lat' dir='ltr'><strong>tanquam</strong></span> <span class='ocrx_word' id='word_1_597' title='bbox 2016 5026 2124 5080; x_wconf 84' lang='lat' dir='ltr'><strong>Ne-</strong></span> 
     </span>
    </p>
   </div>
   <div class='ocr_carea' id='block_1_82' title="bbox 536 5112 2122 5187">
    <p class='ocr_par' dir='ltr' id='par_1_82' title="bbox 536 5112 2122 5187">
     <span class='ocr_line' id='line_1_82' title="bbox 536 5112 2122 5187; baseline 0.005 -23"><span class='ocrx_word' id='word_1_598' title='bbox 536 5112 708 5166; x_wconf 85' lang='lat' dir='ltr'><strong>storio</strong></span> <span class='ocrx_word' id='word_1_599' title='bbox 726 5114 1157 5181; x_wconf 89' lang='lat' dir='ltr'><strong>patrocinatum,</strong></span> <span class='ocrx_word' id='word_1_600' title='bbox 1180 5116 1494 5170; x_wconf 87' lang='lat' dir='ltr'><strong>necessario</strong></span> <span class='ocrx_word' id='word_1_601' title='bbox 1513 5116 1872 5187; x_wconf 88' lang='lat' dir='ltr'><strong>rejiciendum</strong></span> <span class='ocrx_word' id='word_1_602' title='bbox 1898 5117 2122 5186; x_wconf 86' lang='lat' dir='ltr'><strong>putabi-</strong></span> 
     </span>
    </p>
   </div>
   <div class='ocr_carea' id='block_1_83' title="bbox 612 5228 1071 5291">
    <p class='ocr_par' dir='ltr' id='par_1_83' title="bbox 612 5228 1071 5291">
     <span class='ocr_line' id='line_1_83' title="bbox 612 5228 1071 5291; baseline -0.002 -9"><span class='ocrx_word' id='word_1_603' title='bbox 612 5239 632 5266; x_wconf 70' lang='grc' dir='ltr'><strong>ε</strong></span> <span class='ocrx_word' id='word_1_604' title='bbox 662 5228 808 5282; x_wconf 82' lang='lat' dir='ltr'><strong>Psal.</strong></span> <span class='ocrx_word' id='word_1_605' title='bbox 832 5244 927 5291; x_wconf 80' lang='lat' dir='ltr'><strong>vn,</strong></span> <span class='ocrx_word' id='word_1_606' title='bbox 984 5228 1071 5281; x_wconf 79' lang='grc'><strong>10.</strong></span> 
     </span>
    </p>
   </div>
   <div class='ocr_carea' id='block_1_84' title="bbox 612 5344 2127 5416">
    <p class='ocr_par' dir='ltr' id='par_1_84' title="bbox 612 5344 2127 5416">
     <span class='ocr_line' id='line_1_84' title="bbox 612 5344 2127 5416; baseline 0.001 -20"><span class='ocrx_word' id='word_1_607' title='bbox 612 5344 724 5416; x_wconf 77' lang='grc'><strong>(15)</strong></span> <span class='ocrx_word' id='word_1_608' title='bbox 762 5344 1136 5416; x_wconf 82' lang='lat' dir='ltr'><strong>Convocatum</strong></span> <span class='ocrx_word' id='word_1_609' title='bbox 1172 5344 1275 5398; x_wconf 80' lang='lat' dir='ltr'><strong>fuit</strong></span> <span class='ocrx_word' id='word_1_610' title='bbox 1325 5345 1622 5416; x_wconf 85' lang='lat' dir='ltr'><strong>concilium</strong></span> <span class='ocrx_word' id='word_1_611' title='bbox 1672 5346 1777 5398; x_wconf 87' lang='lat' dir='ltr'><strong>hoc</strong></span> <span class='ocrx_word' id='word_1_612' title='bbox 1807 5345 2001 5400; x_wconf 72' lang='lat' dir='ltr'><strong>Nicmze</strong></span> <span class='ocrx_word' id='word_1_613' title='bbox 2037 5345 2127 5398; x_wconf 82' lang='lat' dir='ltr'><strong>Bi-</strong></span> 
     </span>
    </p>
   </div>
   <div class='ocr_carea' id='block_1_85' title="bbox 541 5414 2127 5485">
    <p class='ocr_par' dir='ltr' id='par_1_85' title="bbox 541 5414 2127 5485">
     <span class='ocr_line' id='line_1_85' title="bbox 541 5414 2127 5485; baseline -0.001 -17"><span class='ocrx_word' id='word_1_614' title='bbox 541 5414 747 5485; x_wconf 59' lang='lat' dir='ltr'><strong>thynia!</strong></span> <span class='ocrx_word' id='word_1_615' title='bbox 782 5425 975 5468; x_wconf 85' lang='lat' dir='ltr'><strong>contra</strong></span> <span class='ocrx_word' id='word_1_616' title='bbox 1011 5414 1225 5485; x_wconf 82' lang='lat' dir='ltr'><strong>Arium,</strong></span> <span class='ocrx_word' id='word_1_617' title='bbox 1264 5416 1356 5483; x_wconf 92' lang='lat' dir='ltr'><strong>qui</strong></span> <span class='ocrx_word' id='word_1_618' title='bbox 1397 5415 1489 5469; x_wconf 66' lang='lat' dir='ltr'><strong>liei</strong></span> <span class='ocrx_word' id='word_1_619' title='bbox 1549 5415 1789 5470; x_wconf 86' lang='lat' dir='ltr'><strong>Verbum</strong></span> <span class='ocrx_word' id='word_1_620' title='bbox 1814 5426 2127 5469; x_wconf 82' lang='lat' dir='ltr'><strong>creaturam</strong></span> 
     </span>
    </p>
   </div>
   <div class='ocr_carea' id='block_1_86' title="bbox 543 5484 2133 5566">
    <p class='ocr_par' dir='ltr' id='par_1_86' title="bbox 543 5484 2133 5566">
     <span class='ocr_line' id='line_1_86' title="bbox 543 5484 2133 5566; baseline 0 -29"><span class='ocrx_word' id='word_1_621' title='bbox 543 5484 709 5566; x_wconf 75' lang='lat' dir='ltr'><strong>impie</strong></span> <span class='ocrx_word' id='word_1_622' title='bbox 758 5485 1030 5566; x_wconf 55' lang='lat' dir='ltr'><strong>docebat.</strong></span> <span class='ocrx_word' id='word_1_623' title='bbox 1061 5484 1218 5566; x_wconf 61' lang='lat' dir='ltr'><strong>Circa</strong></span> <span class='ocrx_word' id='word_1_624' title='bbox 1269 5500 1560 5566; x_wconf 67' lang='lat' dir='ltr'><strong>numerum</strong></span> <span class='ocrx_word' id='word_1_625' title='bbox 1612 5488 2001 5566; x_wconf 74' lang='lat' dir='ltr'><strong>episcoporum</strong></span> <span class='ocrx_word' id='word_1_626' title='bbox 2031 5487 2133 5566; x_wconf 76' lang='grc' dir='ltr'><strong>⁵(ιιιί</strong></span> 
     </span>
    </p>
   </div>
   <div class='ocr_carea' id='block_1_87' title="bbox 544 5554 2128 5623">
    <p class='ocr_par' dir='ltr' id='par_1_87' title="bbox 544 5554 2128 5623">
     <span class='ocr_line' id='line_1_87' title="bbox 544 5554 2128 5623; baseline 0 -15"><span class='ocrx_word' id='word_1_627' title='bbox 544 5554 673 5608; x_wconf 87' lang='lat' dir='ltr'><strong>huic</strong></span> <span class='ocrx_word' id='word_1_628' title='bbox 694 5554 928 5610; x_wconf 88' lang='lat' dir='ltr'><strong>concilio</strong></span> <span class='ocrx_word' id='word_1_629' title='bbox 957 5554 1349 5617; x_wconf 80' lang='lat' dir='ltr'><strong>interfuerunt,</strong></span> <span class='ocrx_word' id='word_1_630' title='bbox 1376 5556 1696 5623; x_wconf 83' lang='lat' dir='ltr'><strong>discrepant</strong></span> <span class='ocrx_word' id='word_1_631' title='bbox 1721 5556 1864 5609; x_wconf 86' lang='lat' dir='ltr'><strong>inter</strong></span> <span class='ocrx_word' id='word_1_632' title='bbox 1882 5571 1938 5609; x_wconf 90' lang='lat' dir='ltr'><strong>se</strong></span> <span class='ocrx_word' id='word_1_633' title='bbox 1956 5556 2128 5609; x_wconf 81' lang='lat' dir='ltr'><strong>Atha-</strong></span> 
     </span>
    </p>
   </div>
   <div class='ocr_carea' id='block_1_88' title="bbox 544 5624 2131 5693">
    <p class='ocr_par' dir='ltr' id='par_1_88' title="bbox 544 5624 2131 5693">
     <span class='ocr_line' id='line_1_88' title="bbox 544 5624 2131 5693; baseline -0.001 -14"><span class='ocrx_word' id='word_1_634' title='bbox 544 5624 734 5680; x_wconf 69' lang='lat' dir='ltr'><strong>nasius</strong></span> <span class='ocrx_word' id='word_1_635' title='bbox 762 5625 930 5693; x_wconf 77' lang='lat' dir='ltr'><strong>Epist.</strong></span> <span class='ocrx_word' id='word_1_636' title='bbox 962 5626 1031 5678; x_wconf 87' lang='lat' dir='ltr'><strong>ud</strong></span> <span class='ocrx_word' id='word_1_637' title='bbox 1056 5624 1198 5679; x_wconf 75' lang='lat' dir='ltr'><strong>salit.</strong></span> <span class='ocrx_word' id='word_1_638' title='bbox 1230 5627 1503 5680; x_wconf 84' lang='lat' dir='ltr'><strong>Eusebius</strong></span> <span class='ocrx_word' id='word_1_639' title='bbox 1532 5626 1620 5680; x_wconf 86' lang='lat' dir='ltr'><strong>lib.</strong></span> <span class='ocrx_word' id='word_1_640' title='bbox 1650 5643 1703 5679; x_wconf 86' lang='grc' dir='ltr'><strong>ιη</strong></span> <span class='ocrx_word' id='word_1_641' title='bbox 1736 5626 1809 5679; x_wconf 73' lang='lat' dir='ltr'><strong>De</strong></span> <span class='ocrx_word' id='word_1_642' title='bbox 1848 5627 1953 5680; x_wconf 75' lang='lat' dir='ltr'><strong>vita</strong></span> <span class='ocrx_word' id='word_1_643' title='bbox 1992 5625 2131 5678; x_wconf 78' lang='lat' dir='ltr'><strong>Con-</strong></span> 
     </span>
    </p>
   </div>
   <div class='ocr_carea' id='block_1_89' title="bbox 547 5696 1022 5754">
    <p class='ocr_par' dir='ltr' id='par_1_89' title="bbox 547 5696 1022 5754">
     <span class='ocr_line' id='line_1_89' title="bbox 547 5696 1022 5754; baseline 0.002 -5"><span class='ocrx_word' id='word_1_644' title='bbox 547 5696 792 5754; x_wconf 73' lang='lat' dir='ltr'><strong>stantini.</strong></span> <span class='ocrx_word' id='word_1_645' title='bbox 818 5708 872 5749; x_wconf 88' lang='lat' dir='ltr'><strong>ct</strong></span> <span class='ocrx_word' id='word_1_646' title='bbox 909 5697 1022 5751; x_wconf 84' lang='lat' dir='ltr'><strong>alii.</strong></span> 
     </span>
    </p>
   </div>
   <div class='ocr_carea' id='block_1_90' title="bbox 619 5762 2123 5840">
    <p class='ocr_par' dir='ltr' id='par_1_90' title="bbox 619 5762 2123 5840">
     <span class='ocr_line' id='line_1_90' title="bbox 619 5762 2123 5840; baseline 0 -21"><span class='ocrx_word' id='word_1_647' title='bbox 619 5764 731 5835; x_wconf 59' lang='lat' dir='ltr'><strong>(ll)</strong></span> <span class='ocrx_word' id='word_1_648' title='bbox 763 5765 1167 5838; x_wconf 85' lang='lat' dir='ltr'><strong>Septemdecim</strong></span> <span class='ocrx_word' id='word_1_649' title='bbox 1198 5768 1434 5840; x_wconf 87' lang='lat' dir='ltr'><strong>primum</strong></span> <span class='ocrx_word' id='word_1_650' title='bbox 1468 5768 1713 5832; x_wconf 79' lang='lat' dir='ltr'><strong>fuerunt,</strong></span> <span class='ocrx_word' id='word_1_651' title='bbox 1743 5766 1833 5837; x_wconf 82' lang='lat' dir='ltr'><strong>qui</strong></span> <span class='ocrx_word' id='word_1_652' title='bbox 1866 5764 1989 5819; x_wconf 83' lang='lat' dir='ltr'><strong>ﬁdei</strong></span> <span class='ocrx_word' id='word_1_653' title='bbox 2012 5762 2123 5819; x_wconf 82' lang='lat' dir='ltr'><strong>for-</strong></span> 
     </span>
    </p>
   </div>
   <div class='ocr_carea' id='block_1_91' title="bbox 2231 3285 3825 3356">
    <p class='ocr_par' dir='ltr' id='par_1_91' title="bbox 2231 3285 3825 3356">
     <span class='ocr_line' id='line_1_91' title="bbox 2231 3285 3825 3356; baseline 0.001 -20"><span class='ocrx_word' id='word_1_654' title='bbox 2231 3286 2309 3345; x_wconf 80' lang='grc' dir='ltr'>εἰς</span> <span class='ocrx_word' id='word_1_655' title='bbox 2332 3286 2518 3338; x_wconf 82' lang='grc' dir='ltr'>τούσδε</span> <span class='ocrx_word' id='word_1_656' title='bbox 2560 3285 2653 3337; x_wconf 81' lang='grc' dir='ltr'>τοῦ</span> <span class='ocrx_word' id='word_1_657' title='bbox 2690 3285 2861 3338; x_wconf 83' lang='grc' dir='ltr'>Ἰούδα</span> <span class='ocrx_word' id='word_1_658' title='bbox 2909 3286 3438 3356; x_wconf 78' lang='grc' dir='ltr'>συγκαταρίθμησιν.</span> <span class='ocrx_word' id='word_1_659' title='bbox 3476 3287 3595 3338; x_wconf 86' lang='grc' dir='ltr'><strong>Ἔτι</strong></span> <span class='ocrx_word' id='word_1_660' title='bbox 3628 3285 3733 3354; x_wconf 76' lang='grc' dir='ltr'><strong>μὴν</strong></span> <span class='ocrx_word' id='word_1_661' title='bbox 3770 3287 3825 3338; x_wconf 83' lang='grc' dir='ltr'><strong>εί</strong></span> 
     </span>
    </p>
   </div>
   <div class='ocr_carea' id='block_1_92' title="bbox 2233 3377 3826 3448">
    <p class='ocr_par' dir='ltr' id='par_1_92' title="bbox 2233 3377 3826 3448">
     <span class='ocr_line' id='line_1_92' title="bbox 2233 3377 3826 3448; baseline 0.002 -21"><span class='ocrx_word' id='word_1_662' title='bbox 2233 3380 2294 3427; x_wconf 82' lang='grc' dir='ltr'>ἐκ</span> <span class='ocrx_word' id='word_1_663' title='bbox 2345 3379 2439 3428; x_wconf 81' lang='grc' dir='ltr'>τοῦ</span> <span class='ocrx_word' id='word_1_664' title='bbox 2478 3377 2686 3446; x_wconf 79' lang='grc' dir='ltr'><strong>μέρους</strong></span> <span class='ocrx_word' id='word_1_665' title='bbox 2732 3378 2789 3429; x_wconf 72' lang='grc' dir='ltr'><strong>τὸ</strong></span> <span class='ocrx_word' id='word_1_666' title='bbox 2820 3377 2939 3430; x_wconf 79' lang='grc' dir='ltr'>ὅλον</span> <span class='ocrx_word' id='word_1_667' title='bbox 2984 3379 3192 3448; x_wconf 81' lang='grc' dir='ltr'>κρίνειν</span> <span class='ocrx_word' id='word_1_668' title='bbox 3226 3379 3325 3443; x_wconf 83' lang='grc' dir='ltr'>δεῖ,</span> <span class='ocrx_word' id='word_1_669' title='bbox 3362 3378 3483 3431; x_wconf 67' lang='grc' dir='ltr'>ἐπεὶ</span> <span class='ocrx_word' id='word_1_670' title='bbox 3514 3377 3697 3430; x_wconf 68' lang='grc' dir='ltr'>πολλοὶ</span> <span class='ocrx_word' id='word_1_671' title='bbox 3726 3377 3826 3430; x_wconf 68' lang='grc' dir='ltr'>καὶ</span> 
     </span>
    </p>
   </div>
   <div class='ocr_carea' id='block_1_93' title="bbox 2231 3465 3828 3540">
    <p class='ocr_par' dir='ltr' id='par_1_93' title="bbox 2231 3465 3828 3540">
     <span class='ocr_line' id='line_1_93' title="bbox 2231 3465 3828 3540; baseline 0 -21"><span class='ocrx_word' id='word_1_672' title='bbox 2231 3467 2337 3519; x_wconf 73' lang='grc' dir='ltr'><strong>τῶν</strong></span> <span class='ocrx_word' id='word_1_673' title='bbox 2363 3472 2427 3520; x_wconf 80' lang='grc' dir='ltr'>ὲκ</span> <span class='ocrx_word' id='word_1_674' title='bbox 2454 3468 2550 3537; x_wconf 75' lang='grc' dir='ltr'>τῆς</span> <span class='ocrx_word' id='word_1_675' title='bbox 2580 3471 2638 3521; x_wconf 84' lang='grc' dir='ltr'>ὲν</span> <span class='ocrx_word' id='word_1_676' title='bbox 2680 3468 2893 3538; x_wconf 82' lang='grc' dir='ltr'>Ἐφέσῳ</span> <span class='ocrx_word' id='word_1_677' title='bbox 2918 3469 3140 3521; x_wconf 83' lang='grc' dir='ltr'>συνόδου</span> <span class='ocrx_word' id='word_1_678' title='bbox 3168 3465 3307 3539; x_wconf 76' lang='grc' dir='ltr'>ἦσαν</span> <span class='ocrx_word' id='word_1_679' title='bbox 3334 3470 3391 3520; x_wconf 79' lang='grc' dir='ltr'>ἐν</span> <span class='ocrx_word' id='word_1_680' title='bbox 3420 3468 3546 3540; x_wconf 76' lang='grc' dir='ltr'>τῇδε</span> <span class='ocrx_word' id='word_1_681' title='bbox 3580 3471 3642 3538; x_wconf 77' lang='grc' dir='ltr'>τῇ</span> <span class='ocrx_word' id='word_1_682' title='bbox 3667 3468 3792 3521; x_wconf 82' lang='grc' dir='ltr'><strong>Χαλ</strong></span> <span class='ocrx_word' id='word_1_683' title='bbox 3818 3503 3828 3512; x_wconf 75' lang='grc' dir='ltr'><strong>ι</strong></span> 
     </span>
    </p>
   </div>
   <div class='ocr_carea' id='block_1_94' title="bbox 2233 3557 3826 3628">
    <p class='ocr_par' dir='ltr' id='par_1_94' title="bbox 2233 3557 3826 3628">
     <span class='ocr_line' id='line_1_94' title="bbox 2233 3557 3826 3628; baseline 0.003 -20"><span class='ocrx_word' id='word_1_684' title='bbox 2233 3559 2454 3626; x_wconf 69' lang='grc' dir='ltr'>κηδόνος</span> <span class='ocrx_word' id='word_1_685' title='bbox 2486 3557 2707 3625; x_wconf 83' lang='grc' dir='ltr'>συνόδῳ,</span> <span class='ocrx_word' id='word_1_686' title='bbox 2736 3558 2894 3626; x_wconf 81' lang='grc' dir='ltr'>δῆλον</span> <span class='ocrx_word' id='word_1_687' title='bbox 2924 3558 2997 3620; x_wconf 79' lang='grc' dir='ltr'>ὡς</span> <span class='ocrx_word' id='word_1_688' title='bbox 3028 3560 3091 3609; x_wconf 83' lang='grc' dir='ltr'><strong>ὲκ</strong></span> <span class='ocrx_word' id='word_1_689' title='bbox 3118 3558 3280 3609; x_wconf 79' lang='grc' dir='ltr'>τῶνδε</span> <span class='ocrx_word' id='word_1_690' title='bbox 3328 3558 3529 3628; x_wconf 79' lang='grc' dir='ltr'>μᾶλλον</span> <span class='ocrx_word' id='word_1_691' title='bbox 3556 3558 3647 3611; x_wconf 78' lang='grc' dir='ltr'><strong>τὸν</strong></span> <span class='ocrx_word' id='word_1_692' title='bbox 3677 3561 3826 3612; x_wconf 63' lang='grc' dir='ltr'>κατὰ</span> 
     </span>
    </p>
   </div>
   <div class='ocr_carea' id='block_1_95' title="bbox 2234 3645 3829 3720">
    <p class='ocr_par' dir='ltr' id='par_1_95' title="bbox 2234 3645 3829 3720">
     <span class='ocr_line' id='line_1_95' title="bbox 2234 3645 3829 3720; baseline 0.003 -19"><span class='ocrx_word' id='word_1_693' title='bbox 2234 3650 2528 3719; x_wconf 85' lang='grc' dir='ltr'>Νεστορίου</span> <span class='ocrx_word' id='word_1_694' title='bbox 2582 3651 2785 3703; x_wconf 77' lang='grc' dir='ltr'>σκοπὸν</span> <span class='ocrx_word' id='word_1_695' title='bbox 2827 3645 2965 3703; x_wconf 78' lang='grc' dir='ltr'>εἶναι</span> <span class='ocrx_word' id='word_1_696' title='bbox 3013 3652 3109 3703; x_wconf 72' lang='grc' dir='ltr'><strong>καὶ</strong></span> <span class='ocrx_word' id='word_1_697' title='bbox 3152 3650 3316 3719; x_wconf 83' lang='grc' dir='ltr'>τῆσδε</span> <span class='ocrx_word' id='word_1_698' title='bbox 3354 3651 3683 3720; x_wconf 74' lang='grc' dir='ltr'>στοχάσεσθε</span> <span class='ocrx_word' id='word_1_699' title='bbox 3734 3652 3829 3705; x_wconf 68' lang='lat' dir='ltr'><strong>ef;-</strong></span> 
     </span>
    </p>
   </div>
   <div class='ocr_carea' id='block_1_96' title="bbox 2235 3745 3825 3813">
    <p class='ocr_par' dir='ltr' id='par_1_96' title="bbox 2235 3745 3825 3813">
     <span class='ocr_line' id='line_1_96' title="bbox 2235 3745 3825 3813; baseline 0.001 -17"><span class='ocrx_word' id='word_1_700' title='bbox 2235 3745 2413 3810; x_wconf 80' lang='grc' dir='ltr'>λογον.</span> <span class='ocrx_word' id='word_1_701' title='bbox 2449 3746 2517 3799; x_wconf 84' lang='grc' dir='ltr'><em>Ἢ</em></span> <span class='ocrx_word' id='word_1_702' title='bbox 2554 3745 2800 3812; x_wconf 82' lang='grc' dir='ltr'>ἀγνοεῖτε</span> <span class='ocrx_word' id='word_1_703' title='bbox 2849 3746 2931 3797; x_wconf 84' lang='grc' dir='ltr'>ὄτι</span> <span class='ocrx_word' id='word_1_704' title='bbox 2962 3745 3056 3797; x_wconf 76' lang='grc' dir='ltr'><strong>καὶ</strong></span> <span class='ocrx_word' id='word_1_705' title='bbox 3086 3745 3190 3797; x_wconf 76' lang='grc' dir='ltr'><strong>τῶν</strong></span> <span class='ocrx_word' id='word_1_706' title='bbox 3233 3747 3289 3797; x_wconf 81' lang='grc' dir='ltr'>ἐν</span> <span class='ocrx_word' id='word_1_707' title='bbox 3328 3746 3534 3813; x_wconf 73' lang='grc' dir='ltr'><strong>Νικαὶᾳ</strong></span> <span class='ocrx_word' id='word_1_708' title='bbox 3562 3745 3668 3813; x_wconf 80' lang='grc' dir='ltr'>τιη¹</span> <span class='ocrx_word' id='word_1_709' title='bbox 3704 3746 3825 3797; x_wconf 85' lang='grc' dir='ltr'><strong>Πα-</strong></span> 
     </span>
    </p>
   </div>
   <div class='ocr_carea' id='block_1_97' title="bbox 2233 3835 3827 3906">
    <p class='ocr_par' dir='ltr' id='par_1_97' title="bbox 2233 3835 3827 3906">
     <span class='ocr_line' id='line_1_97' title="bbox 2233 3835 3827 3906; baseline 0 -19"><span class='ocrx_word' id='word_1_710' title='bbox 2233 3837 2408 3905; x_wconf 78' lang='grc' dir='ltr'>τέρων</span> <span class='ocrx_word' id='word_1_711' title='bbox 2452 3838 2579 3897; x_wconf 72' lang='grc' dir='ltr'>τοὺς</span> <span class='ocrx_word' id='word_1_712' title='bbox 2622 3836 2757 3887; x_wconf 77' lang='grc' dir='ltr'>δέκα</span> <span class='ocrx_word' id='word_1_713' title='bbox 2804 3836 2900 3888; x_wconf 71' lang='grc' dir='ltr'><strong>καὶ</strong></span> <span class='ocrx_word' id='word_1_714' title='bbox 2942 3835 3084 3887; x_wconf 75' lang='grc' dir='ltr'>ἑπτὰ</span> <span class='ocrx_word' id='word_1_715' title='bbox 3130 3835 3280 3906; x_wconf 81' lang='grc' dir='ltr'>φόϐῳ</span> <span class='ocrx_word' id='word_1_716' title='bbox 3313 3837 3412 3903; x_wconf 76' lang='grc' dir='ltr'><strong>τῆς</strong></span> <span class='ocrx_word' id='word_1_717' title='bbox 3443 3835 3827 3901; x_wconf 75' lang='grc' dir='ltr'>καθαιρέσεως</span> 
     </span>
    </p>
   </div>
   <div class='ocr_carea' id='block_1_98' title="bbox 2238 3926 3827 3996">
    <p class='ocr_par' dir='ltr' id='par_1_98' title="bbox 2238 3926 3827 3996">
     <span class='ocr_line' id='line_1_98' title="bbox 2238 3926 3827 3996; baseline 0 -19"><span class='ocrx_word' id='word_1_718' title='bbox 2238 3926 2565 3994; x_wconf 73' lang='grc' dir='ltr'>ὑπέγραψαν</span> <span class='ocrx_word' id='word_1_719' title='bbox 2598 3926 2739 3979; x_wconf 80' lang='grc' dir='ltr'><strong>κατά</strong></span> <span class='ocrx_word' id='word_1_720' title='bbox 2783 3926 2994 3996; x_wconf 77' lang='grc' dir='ltr'>Ἀρείου</span> <span class='ocrx_word' id='word_1_721' title='bbox 3022 3943 3033 3988; x_wconf 88' lang='grc'><strong>;</strong></span> <span class='ocrx_word' id='word_1_722' title='bbox 3062 3927 3111 3979; x_wconf 82' lang='grc' dir='ltr'>οἳ</span> <span class='ocrx_word' id='word_1_723' title='bbox 3143 3930 3235 3979; x_wconf 71' lang='grc' dir='ltr'><strong>καὶ</strong></span> <span class='ocrx_word' id='word_1_724' title='bbox 3255 3927 3603 3996; x_wconf 70' lang='grc' dir='ltr'>ἐπολέμησαν</span> <span class='ocrx_word' id='word_1_725' title='bbox 3631 3927 3827 3990; x_wconf 75' lang='grc' dir='ltr'>δεινῶς</span> 
     </span>
    </p>
   </div>
   <div class='ocr_carea' id='block_1_99' title="bbox 2241 4018 3827 4087">
    <p class='ocr_par' dir='ltr' id='par_1_99' title="bbox 2241 4018 3827 4087">
     <span class='ocr_line' id='line_1_99' title="bbox 2241 4018 3827 4087; baseline 0.001 -17"><span class='ocrx_word' id='word_1_726' title='bbox 2241 4019 2378 4087; x_wconf 81' lang='grc' dir='ltr'><strong>μετά</strong></span> <span class='ocrx_word' id='word_1_727' title='bbox 2408 4018 2580 4070; x_wconf 79' lang='grc' dir='ltr'>ταῦτα</span> <span class='ocrx_word' id='word_1_728' title='bbox 2630 4018 2723 4070; x_wconf 86' lang='grc' dir='ltr'><strong>τὸν</strong></span> <span class='ocrx_word' id='word_1_729' title='bbox 2781 4018 2953 4087; x_wconf 76' lang='grc' dir='ltr'>μέγαν</span> <span class='ocrx_word' id='word_1_730' title='bbox 2999 4018 3359 4081; x_wconf 77' lang='grc' dir='ltr'>Ἀθανάσιονς</span> <span class='ocrx_word' id='word_1_731' title='bbox 3414 4020 3507 4071; x_wconf 75' lang='grc' dir='ltr'><strong>καὶ</strong></span> <span class='ocrx_word' id='word_1_732' title='bbox 3565 4019 3625 4071; x_wconf 88' lang='grc' dir='ltr'><strong>οὑ</strong></span> <span class='ocrx_word' id='word_1_733' title='bbox 3667 4020 3827 4087; x_wconf 72' lang='grc' dir='ltr'>ποιρᾶ</span> 
     </span>
    </p>
   </div>
   <div class='ocr_carea' id='block_1_100' title="bbox 2236 4108 3824 4181">
    <p class='ocr_par' dir='ltr' id='par_1_100' title="bbox 2236 4108 3824 4181">
     <span class='ocr_line' id='line_1_100' title="bbox 2236 4108 3824 4181; baseline -0.001 -20"><span class='ocrx_word' id='word_1_734' title='bbox 2236 4110 2397 4162; x_wconf 73' lang='grc' dir='ltr'>τοῦτο</span> <span class='ocrx_word' id='word_1_735' title='bbox 2423 4112 2455 4178; x_wconf 85' lang='grc' dir='ltr'>ἠ</span> <span class='ocrx_word' id='word_1_736' title='bbox 2490 4109 2707 4172; x_wconf 80' lang='grc' dir='ltr'>σύνοδος</span> <span class='ocrx_word' id='word_1_737' title='bbox 2742 4108 2835 4179; x_wconf 82' lang='grc' dir='ltr'>ὅλη</span> <span class='ocrx_word' id='word_1_738' title='bbox 2874 4108 3247 4164; x_wconf 78' lang='grc' dir='ltr'>διαϐάλλεται.</span> <span class='ocrx_word' id='word_1_739' title='bbox 3282 4110 3343 4161; x_wconf 83' lang='grc' dir='ltr'><strong>Εἰ</strong></span> <span class='ocrx_word' id='word_1_740' title='bbox 3374 4108 3431 4161; x_wconf 79' lang='grc' dir='ltr'>δὲ</span> <span class='ocrx_word' id='word_1_741' title='bbox 3476 4111 3539 4161; x_wconf 79' lang='grc' dir='ltr'>ἐκ</span> <span class='ocrx_word' id='word_1_742' title='bbox 3568 4109 3659 4162; x_wconf 76' lang='grc' dir='ltr'><strong>τοῦ</strong></span> 
     </span>
    </p>
   </div>
   <div class='ocr_carea' id='block_1_101' title="bbox 2240 4201 3825 4271">
    <p class='ocr_par' dir='ltr' id='par_1_101' title="bbox 2240 4201 3825 4271">
     <span class='ocr_line' id='line_1_101' title="bbox 2240 4201 3825 4271; baseline 0.001 -18"><span class='ocrx_word' id='word_1_743' title='bbox 2240 4201 2449 4269; x_wconf 80' lang='grc' dir='ltr'>σαφοῦς</span> <span class='ocrx_word' id='word_1_744' title='bbox 2482 4203 2681 4271; x_wconf 84' lang='grc' dir='ltr'>μέρους</span> <span class='ocrx_word' id='word_1_745' title='bbox 2714 4202 2814 4253; x_wconf 86' lang='grc' dir='ltr'><strong>οὐκ</strong></span> <span class='ocrx_word' id='word_1_746' title='bbox 2855 4202 3128 4253; x_wconf 83' lang='grc' dir='ltr'>εὑδοκεῖτε</span> <span class='ocrx_word' id='word_1_747' title='bbox 3162 4201 3403 4254; x_wconf 80' lang='grc' dir='ltr'>συνιέναι</span> <span class='ocrx_word' id='word_1_748' title='bbox 3429 4202 3528 4270; x_wconf 84' lang='grc' dir='ltr'><strong>τὴν</strong></span> <span class='ocrx_word' id='word_1_749' title='bbox 3562 4201 3654 4253; x_wconf 70' lang='grc' dir='ltr'>τοῦ</span> <span class='ocrx_word' id='word_1_750' title='bbox 3696 4202 3825 4254; x_wconf 79' lang='grc' dir='ltr'>ὅλου</span> 
     </span>
    </p>
   </div>
   <div class='ocr_carea' id='block_1_102' title="bbox 2238 4288 3830 4359">
    <p class='ocr_par' dir='ltr' id='par_1_102' title="bbox 2238 4288 3830 4359">
     <span class='ocr_line' id='line_1_102' title="bbox 2238 4288 3830 4359; baseline -0.001 -16"><span class='ocrx_word' id='word_1_751' title='bbox 2238 4290 2572 4359; x_wconf 81' lang='grc' dir='ltr'>ἀγαθότητα,</span> <span class='ocrx_word' id='word_1_752' title='bbox 2620 4292 2683 4342; x_wconf 86' lang='grc' dir='ltr'>ὲκ</span> <span class='ocrx_word' id='word_1_753' title='bbox 2731 4290 2787 4343; x_wconf 79' lang='grc' dir='ltr'>δὲ</span> <span class='ocrx_word' id='word_1_754' title='bbox 2817 4288 2909 4342; x_wconf 78' lang='grc' dir='ltr'>τοῦ</span> <span class='ocrx_word' id='word_1_755' title='bbox 2941 4288 3244 4359; x_wconf 77' lang='grc' dir='ltr'>ἀμφιϐόλου</span> <span class='ocrx_word' id='word_1_756' title='bbox 3276 4289 3591 4343; x_wconf 78' lang='grc' dir='ltr'>διαϐάλλειν</span> <span class='ocrx_word' id='word_1_757' title='bbox 3628 4291 3830 4358; x_wconf 72' lang='grc' dir='ltr'>πεῖρα·</span> 
     </span>
    </p>
   </div>
   <div class='ocr_carea' id='block_1_103' title="bbox 2238 4378 3830 4453">
    <p class='ocr_par' dir='ltr' id='par_1_103' title="bbox 2238 4378 3830 4453">
     <span class='ocr_line' id='line_1_103' title="bbox 2238 4378 3830 4453; baseline -0.001 -18"><span class='ocrx_word' id='word_1_758' title='bbox 2238 4382 2381 4446; x_wconf 62' lang='lat' dir='ltr'><strong>Cera“</strong></span> <span class='ocrx_word' id='word_1_759' title='bbox 2414 4378 2521 4453; x_wconf 68' lang='grc' dir='ltr'><strong>ἆρά</strong></span> <span class='ocrx_word' id='word_1_760' title='bbox 2552 4398 2617 4449; x_wconf 88' lang='grc' dir='ltr'><strong>γε</strong></span> <span class='ocrx_word' id='word_1_761' title='bbox 2646 4383 2711 4435; x_wconf 86' lang='grc' dir='ltr'>ὲκ</span> <span class='ocrx_word' id='word_1_762' title='bbox 2741 4382 2938 4452; x_wconf 84' lang='grc' dir='ltr'>μέρους</span> <span class='ocrx_word' id='word_1_763' title='bbox 2961 4381 3344 4453; x_wconf 69' lang='grc' dir='ltr'>διαϐληθείσης</span> <span class='ocrx_word' id='word_1_764' title='bbox 3368 4382 3497 4451; x_wconf 90' lang='grc' dir='ltr'>ὑμῖν</span> <span class='ocrx_word' id='word_1_765' title='bbox 3528 4381 3693 4450; x_wconf 84' lang='grc' dir='ltr'>τῆσδε</span> <span class='ocrx_word' id='word_1_766' title='bbox 3726 4382 3830 4451; x_wconf 75' lang='grc' dir='ltr'>τῆς</span> 
     </span>
    </p>
   </div>
   <div class='ocr_carea' id='block_1_104' title="bbox 2240 4471 3829 4543">
    <p class='ocr_par' dir='ltr' id='par_1_104' title="bbox 2240 4471 3829 4543">
     <span class='ocr_line' id='line_1_104' title="bbox 2240 4471 3829 4543; baseline -0.002 -16"><span class='ocrx_word' id='word_1_767' title='bbox 2240 4473 2401 4541; x_wconf 82' lang='grc' dir='ltr'>ἁγίας</span> <span class='ocrx_word' id='word_1_768' title='bbox 2431 4473 2650 4526; x_wconf 87' lang='grc' dir='ltr'>συνόδου</span> <span class='ocrx_word' id='word_1_769' title='bbox 2681 4471 2781 4541; x_wconf 83' lang='grc' dir='ltr'>τῆς</span> <span class='ocrx_word' id='word_1_770' title='bbox 2824 4472 3077 4543; x_wconf 84' lang='grc' dir='ltr'>ὁλότητος</span> <span class='ocrx_word' id='word_1_771' title='bbox 3126 4472 3328 4541; x_wconf 80' lang='grc' dir='ltr'>πάσης,</span> <span class='ocrx_word' id='word_1_772' title='bbox 3365 4471 3829 4542; x_wconf 79' lang='grc' dir='ltr'>συνδιαόεὸλημέ-</span> 
     </span>
    </p>
   </div>
   <div class='ocr_carea' id='block_1_105' title="bbox 2237 4562 3827 4635">
    <p class='ocr_par' dir='ltr' id='par_1_105' title="bbox 2237 4562 3827 4635">
     <span class='ocr_line' id='line_1_105' title="bbox 2237 4562 3827 4635; baseline -0.004 -16"><span class='ocrx_word' id='word_1_773' title='bbox 2237 4583 2344 4619; x_wconf 87' lang='grc' dir='ltr'><strong>νων</strong></span> <span class='ocrx_word' id='word_1_774' title='bbox 2380 4564 2459 4634; x_wconf 83' lang='grc' dir='ltr'>τῷ</span> <span class='ocrx_word' id='word_1_775' title='bbox 2492 4564 2597 4633; x_wconf 82' lang='grc' dir='ltr'>ὅλῳ</span> <span class='ocrx_word' id='word_1_776' title='bbox 2626 4564 2721 4617; x_wconf 76' lang='grc' dir='ltr'><strong>καὶ</strong></span> <span class='ocrx_word' id='word_1_777' title='bbox 2754 4564 2861 4615; x_wconf 86' lang='grc' dir='ltr'>τῶν</span> <span class='ocrx_word' id='word_1_778' title='bbox 2897 4565 2962 4616; x_wconf 81' lang='grc' dir='ltr'><strong>ἐκ</strong></span> <span class='ocrx_word' id='word_1_779' title='bbox 3016 4564 3117 4634; x_wconf 82' lang='grc' dir='ltr'>τῆς</span> <span class='ocrx_word' id='word_1_780' title='bbox 3147 4564 3204 4617; x_wconf 77' lang='grc' dir='ltr'>ὲν</span> <span class='ocrx_word' id='word_1_781' title='bbox 3238 4564 3451 4635; x_wconf 80' lang='grc' dir='ltr'>Ἐφέσῳ</span> <span class='ocrx_word' id='word_1_782' title='bbox 3484 4562 3827 4633; x_wconf 81' lang='grc' dir='ltr'>εὑρεθέντων</span> 
     </span>
    </p>
   </div>
   <div class='ocr_carea' id='block_1_106' title="bbox 2236 4650 3825 4725">
    <p class='ocr_par' dir='ltr' id='par_1_106' title="bbox 2236 4650 3825 4725">
     <span class='ocr_line' id='line_1_106' title="bbox 2236 4650 3825 4725; baseline -0.001 -16"><span class='ocrx_word' id='word_1_783' title='bbox 2236 4658 2294 4709; x_wconf 76' lang='grc' dir='ltr'>ὲν</span> <span class='ocrx_word' id='word_1_784' title='bbox 2330 4656 2490 4725; x_wconf 78' lang='grc' dir='ltr'>αὑτῇ,</span> <span class='ocrx_word' id='word_1_785' title='bbox 2522 4654 2571 4707; x_wconf 82' lang='grc' dir='ltr'>οἳ</span> <span class='ocrx_word' id='word_1_786' title='bbox 2621 4650 2762 4723; x_wconf 78' lang='grc' dir='ltr'>ἦσαν</span> <span class='ocrx_word' id='word_1_787' title='bbox 2797 4654 2969 4724; x_wconf 80' lang='grc' dir='ltr'>μέρος</span> <span class='ocrx_word' id='word_1_788' title='bbox 3019 4653 3258 4724; x_wconf 76' lang='grc' dir='ltr'>ἐκείνης,</span> <span class='ocrx_word' id='word_1_789' title='bbox 3308 4654 3572 4724; x_wconf 80' lang='grc' dir='ltr'>κάκείνην</span> <span class='ocrx_word' id='word_1_790' title='bbox 3603 4654 3825 4724; x_wconf 80' lang='grc' dir='ltr'>ἀνάγκη</span> 
     </span>
    </p>
   </div>
   <div class='ocr_carea' id='block_1_107' title="bbox 2235 4745 3830 4821">
    <p class='ocr_par' dir='ltr' id='par_1_107' title="bbox 2235 4745 3830 4821">
     <span class='ocr_line' id='line_1_107' title="bbox 2235 4745 3830 4821; baseline -0.002 -20"><span class='ocrx_word' id='word_1_791' title='bbox 2235 4750 2335 4821; x_wconf 78' lang='grc' dir='ltr'><strong>τὴν</strong></span> <span class='ocrx_word' id='word_1_792' title='bbox 2364 4749 2599 4819; x_wconf 86' lang='grc' dir='ltr'>όλότητα</span> <span class='ocrx_word' id='word_1_793' title='bbox 2642 4750 2705 4800; x_wconf 80' lang='grc' dir='ltr'>ὲκ</span> <span class='ocrx_word' id='word_1_794' title='bbox 2754 4747 2848 4800; x_wconf 79' lang='grc' dir='ltr'><strong>τοῦ</strong></span> <span class='ocrx_word' id='word_1_795' title='bbox 2896 4745 3194 4816; x_wconf 83' lang='grc' dir='ltr'>ληφθέντος</span> <span class='ocrx_word' id='word_1_796' title='bbox 3226 4747 3399 4817; x_wconf 73' lang='grc' dir='ltr'>αὐτῆς</span> <span class='ocrx_word' id='word_1_797' title='bbox 3443 4747 3643 4816; x_wconf 83' lang='grc' dir='ltr'>μέρους</span> <span class='ocrx_word' id='word_1_798' title='bbox 3678 4765 3830 4816; x_wconf 80' lang='grc' dir='ltr'>μεμ..</span> 
     </span>
    </p>
   </div>
   <div class='ocr_carea' id='block_1_108' title="bbox 2237 4836 3822 4908">
    <p class='ocr_par' dir='ltr' id='par_1_108' title="bbox 2237 4836 3822 4908">
     <span class='ocr_line' id='line_1_108' title="bbox 2237 4836 3822 4908; baseline -0.002 -16"><span class='ocrx_word' id='word_1_799' title='bbox 2237 4839 2402 4903; x_wconf 77' lang='grc' dir='ltr'><strong>πτοῦ,</strong></span> <span class='ocrx_word' id='word_1_800' title='bbox 2460 4839 2534 4901; x_wconf 84' lang='grc' dir='ltr'>ὡς</span> <span class='ocrx_word' id='word_1_801' title='bbox 2590 4838 2916 4908; x_wconf 87' lang='grc' dir='ltr'>σπούδασμα</span> <span class='ocrx_word' id='word_1_802' title='bbox 2963 4839 3265 4908; x_wconf 84' lang='grc' dir='ltr'>Νεστορίου</span> <span class='ocrx_word' id='word_1_803' title='bbox 3305 4836 3822 4896; x_wconf 71' lang='grc' dir='ltr'>συνδιαϐάλλεσθαι,</span> 
     </span>
    </p>
   </div>
   <div class='ocr_carea' id='block_1_109' title="bbox 2233 4930 3827 5001">
    <p class='ocr_par' dir='ltr' id='par_1_109' title="bbox 2233 4930 3827 5001">
     <span class='ocr_line' id='line_1_109' title="bbox 2233 4930 3827 5001; baseline -0.001 -16"><span class='ocrx_word' id='word_1_804' title='bbox 2233 4932 2328 4985; x_wconf 78' lang='grc' dir='ltr'><strong>καὶ</strong></span> <span class='ocrx_word' id='word_1_805' title='bbox 2377 4932 2441 4985; x_wconf 84' lang='grc' dir='ltr'>ὲκ</span> <span class='ocrx_word' id='word_1_806' title='bbox 2475 4931 2569 4984; x_wconf 74' lang='grc' dir='ltr'>τοῦ</span> <span class='ocrx_word' id='word_1_807' title='bbox 2605 4930 3012 5001; x_wconf 81' lang='grc' dir='ltr'>ὑπολείμματος</span> <span class='ocrx_word' id='word_1_808' title='bbox 3064 4932 3176 4984; x_wconf 83' lang='grc' dir='ltr'>τῶν</span> <span class='ocrx_word' id='word_1_809' title='bbox 3225 4934 3358 4985; x_wconf 81' lang='grc' dir='ltr'>δέκα</span> <span class='ocrx_word' id='word_1_810' title='bbox 3411 4936 3504 4985; x_wconf 66' lang='grc' dir='ltr'><strong>καὶ</strong></span> <span class='ocrx_word' id='word_1_811' title='bbox 3552 4933 3715 4994; x_wconf 76' lang='grc' dir='ltr'>ἑπτὰ,</span> <span class='ocrx_word' id='word_1_812' title='bbox 3748 4933 3827 4995; x_wconf 82' lang='grc' dir='ltr'>ὡς</span> 
     </span>
    </p>
   </div>
   <div class='ocr_carea' id='block_1_110' title="bbox 2233 5024 3823 5096">
    <p class='ocr_par' dir='ltr' id='par_1_110' title="bbox 2233 5024 3823 5096">
     <span class='ocr_line' id='line_1_110' title="bbox 2233 5024 3823 5096; baseline -0.001 -19"><span class='ocrx_word' id='word_1_813' title='bbox 2233 5025 2556 5095; x_wconf 85' lang='grc' dir='ltr'>σπούδασμα</span> <span class='ocrx_word' id='word_1_814' title='bbox 2600 5024 2810 5094; x_wconf 81' lang='grc' dir='ltr'>Ἀρείου</span> <span class='ocrx_word' id='word_1_815' title='bbox 2848 5025 2949 5095; x_wconf 77' lang='grc' dir='ltr'>τὴν</span> <span class='ocrx_word' id='word_1_816' title='bbox 2982 5025 3040 5076; x_wconf 84' lang='grc' dir='ltr'>ὲν</span> <span class='ocrx_word' id='word_1_817' title='bbox 3075 5024 3280 5096; x_wconf 78' lang='grc' dir='ltr'>Νικαξα</span> <span class='ocrx_word' id='word_1_818' title='bbox 3315 5026 3626 5078; x_wconf 82' lang='grc' dir='ltr'>ἀθετεῖσθαι</span> <span class='ocrx_word' id='word_1_819' title='bbox 3658 5024 3823 5092; x_wconf 86' lang='grc' dir='ltr'>δέον;</span> 
     </span>
    </p>
   </div>
   <div class='ocr_carea' id='block_1_111' title="bbox 2233 5114 3828 5187">
    <p class='ocr_par' dir='ltr' id='par_1_111' title="bbox 2233 5114 3828 5187">
     <span class='ocr_line' id='line_1_111' title="bbox 2233 5114 3828 5187; baseline 0.001 -17"><span class='ocrx_word' id='word_1_820' title='bbox 2233 5117 2348 5170; x_wconf 79' lang='grc' dir='ltr'>ἰνα</span> <span class='ocrx_word' id='word_1_821' title='bbox 2379 5116 2433 5169; x_wconf 78' lang='grc' dir='ltr'>δὲ</span> <span class='ocrx_word' id='word_1_822' title='bbox 2462 5116 2535 5187; x_wconf 83' lang='grc' dir='ltr'><strong>μὴ</strong></span> <span class='ocrx_word' id='word_1_823' title='bbox 2580 5116 2810 5186; x_wconf 80' lang='grc' dir='ltr'>ἀγνοῆτε</span> <span class='ocrx_word' id='word_1_824' title='bbox 2843 5115 2945 5185; x_wconf 82' lang='grc' dir='ltr'>τῆς</span> <span class='ocrx_word' id='word_1_825' title='bbox 2976 5114 3217 5187; x_wconf 87' lang='grc' dir='ltr'>ἀθέσμου</span> <span class='ocrx_word' id='word_1_826' title='bbox 3246 5116 3515 5187; x_wconf 83' lang='grc' dir='ltr'>λοιδορίας</span> <span class='ocrx_word' id='word_1_827' title='bbox 3540 5115 3696 5186; x_wconf 80' lang='grc' dir='ltr'>ὑμῶν</span> <span class='ocrx_word' id='word_1_828' title='bbox 3725 5116 3828 5185; x_wconf 77' lang='grc' dir='ltr'><strong>τὴν</strong></span> 
     </span>
    </p>
   </div>
   <div class='ocr_carea' id='block_1_112' title="bbox 2226 5342 3825 5413">
    <p class='ocr_par' dir='ltr' id='par_1_112' title="bbox 2226 5342 3825 5413">
     <span class='ocr_line' id='line_1_112' title="bbox 2226 5342 3825 5413; baseline 0.001 -14"><span class='ocrx_word' id='word_1_829' title='bbox 2226 5346 2388 5399; x_wconf 78' lang='lat' dir='ltr'><strong>mula:</strong></span> <span class='ocrx_word' id='word_1_830' title='bbox 2415 5342 2767 5398; x_wconf 88' lang='lat' dir='ltr'><strong>subscribere</strong></span> <span class='ocrx_word' id='word_1_831' title='bbox 2793 5354 3144 5404; x_wconf 87' lang='lat' dir='ltr'><strong>recusarunt,</strong></span> <span class='ocrx_word' id='word_1_832' title='bbox 3173 5358 3311 5411; x_wconf 87' lang='lat' dir='ltr'><strong>quos</strong></span> <span class='ocrx_word' id='word_1_833' title='bbox 3330 5352 3528 5413; x_wconf 85' lang='lat' dir='ltr'><strong>postea</strong></span> <span class='ocrx_word' id='word_1_834' title='bbox 3561 5343 3627 5398; x_wconf 88' lang='lat' dir='ltr'><strong>ad</strong></span> <span class='ocrx_word' id='word_1_835' title='bbox 3655 5347 3825 5413; x_wconf 82' lang='lat' dir='ltr'><strong>quin-</strong></span> 
     </span>
    </p>
   </div>
   <div class='ocr_carea' id='block_1_113' title="bbox 2227 5412 3822 5483">
    <p class='ocr_par' dir='ltr' id='par_1_113' title="bbox 2227 5412 3822 5483">
     <span class='ocr_line' id='line_1_113' title="bbox 2227 5412 3822 5483; baseline 0.001 -14"><span class='ocrx_word' id='word_1_836' title='bbox 2227 5433 2333 5483; x_wconf 86' lang='lat' dir='ltr'><strong>que</strong></span> <span class='ocrx_word' id='word_1_837' title='bbox 2360 5414 2528 5469; x_wconf 77' lang='lat' dir='ltr'><strong>fiiisse</strong></span> <span class='ocrx_word' id='word_1_838' title='bbox 2561 5414 2831 5475; x_wconf 84' lang='lat' dir='ltr'><strong>redactos,</strong></span> <span class='ocrx_word' id='word_1_839' title='bbox 2862 5424 2917 5468; x_wconf 92' lang='lat' dir='ltr'><strong>et</strong></span> <span class='ocrx_word' id='word_1_840' title='bbox 2943 5430 3007 5466; x_wconf 76' lang='lat' dir='ltr'><strong>ex</strong></span> <span class='ocrx_word' id='word_1_841' title='bbox 3035 5414 3119 5466; x_wconf 84' lang='lat' dir='ltr'><strong>his</strong></span> <span class='ocrx_word' id='word_1_842' title='bbox 3149 5423 3261 5483; x_wconf 75' lang='lat' dir='ltr'><strong>tres</strong></span> <span class='ocrx_word' id='word_1_843' title='bbox 3308 5412 3638 5481; x_wconf 83' lang='lat' dir='ltr'><strong>dejectionis</strong></span> <span class='ocrx_word' id='word_1_844' title='bbox 3671 5412 3822 5471; x_wconf 81' lang='lat' dir='ltr'><strong>inetu</strong></span> 
     </span>
    </p>
   </div>
   <div class='ocr_carea' id='block_1_114' title="bbox 2226 5482 3826 5554">
    <p class='ocr_par' dir='ltr' id='par_1_114' title="bbox 2226 5482 3826 5554">
     <span class='ocr_line' id='line_1_114' title="bbox 2226 5482 3826 5554; baseline -0.001 -15"><span class='ocrx_word' id='word_1_845' title='bbox 2226 5482 2627 5554; x_wconf 82' lang='lat' dir='ltr'><strong>subscripsisse</strong></span> <span class='ocrx_word' id='word_1_846' title='bbox 2674 5492 2906 5537; x_wconf 89' lang='lat' dir='ltr'><strong>lestatur</strong></span> <span class='ocrx_word' id='word_1_847' title='bbox 2958 5484 3087 5536; x_wconf 78' lang='lat' dir='ltr'><strong>Alli.</strong></span> <span class='ocrx_word' id='word_1_848' title='bbox 3140 5482 3297 5535; x_wconf 73' lang='lat' dir='ltr'><strong>Decr.</strong></span> <span class='ocrx_word' id='word_1_849' title='bbox 3356 5500 3481 5554; x_wconf 75' lang='lat' dir='ltr'><strong>pug.</strong></span> <span class='ocrx_word' id='word_1_850' title='bbox 3540 5484 3666 5536; x_wconf 66' lang='lat'><strong>9.51.</strong></span> <span class='ocrx_word' id='word_1_851' title='bbox 3707 5487 3826 5543; x_wconf 83' lang='lat' dir='ltr'><strong>Duo</strong></span> 
     </span>
    </p>
   </div>
   <div class='ocr_carea' id='block_1_115' title="bbox 2228 5553 3827 5623">
    <p class='ocr_par' dir='ltr' id='par_1_115' title="bbox 2228 5553 3827 5623">
     <span class='ocr_line' id='line_1_115' title="bbox 2228 5553 3827 5623; baseline 0.002 -15"><span class='ocrx_word' id='word_1_852' title='bbox 2228 5553 2516 5617; x_wconf 67' lang='lat' dir='ltr'><strong>duntaxat,</strong></span> <span class='ocrx_word' id='word_1_853' title='bbox 2550 5554 2809 5608; x_wconf 82' lang='lat' dir='ltr'><strong>Tlieonas</strong></span> <span class='ocrx_word' id='word_1_854' title='bbox 2844 5556 3057 5607; x_wconf 85' lang='lat' dir='ltr'><strong>scilicet</strong></span> <span class='ocrx_word' id='word_1_855' title='bbox 3102 5561 3159 5606; x_wconf 89' lang='lat' dir='ltr'><strong>et</strong></span> <span class='ocrx_word' id='word_1_856' title='bbox 3194 5553 3485 5607; x_wconf 86' lang='lat' dir='ltr'><strong>Secundus</strong></span> <span class='ocrx_word' id='word_1_857' title='bbox 3517 5556 3827 5623; x_wconf 80' lang='lat' dir='ltr'><strong>pertinaci-</strong></span> 
     </span>
    </p>
   </div>
   <div class='ocr_carea' id='block_1_116' title="bbox 2228 5623 3821 5692">
    <p class='ocr_par' dir='ltr' id='par_1_116' title="bbox 2228 5623 3821 5692">
     <span class='ocr_line' id='line_1_116' title="bbox 2228 5623 3821 5692; baseline 0.003 -13"><span class='ocrx_word' id='word_1_858' title='bbox 2228 5636 2311 5680; x_wconf 88' lang='lat' dir='ltr'><strong>ter</strong></span> <span class='ocrx_word' id='word_1_859' title='bbox 2342 5625 2473 5679; x_wconf 81' lang='lat' dir='ltr'><strong>Ario</strong></span> <span class='ocrx_word' id='word_1_860' title='bbox 2498 5625 2869 5686; x_wconf 68' lang='lat' dir='ltr'><strong>adhaeserunt,</strong></span> <span class='ocrx_word' id='word_1_861' title='bbox 2897 5639 3037 5690; x_wconf 80' lang='lat' dir='ltr'><strong>quos</strong></span> <span class='ocrx_word' id='word_1_862' title='bbox 3070 5640 3176 5677; x_wconf 91' lang='lat' dir='ltr'><strong>una</strong></span> <span class='ocrx_word' id='word_1_863' title='bbox 3208 5639 3334 5677; x_wconf 86' lang='lat' dir='ltr'><strong>cum</strong></span> <span class='ocrx_word' id='word_1_864' title='bbox 3365 5623 3486 5692; x_wconf 83' lang='lat' dir='ltr'><strong>ipso</strong></span> <span class='ocrx_word' id='word_1_865' title='bbox 3524 5626 3821 5684; x_wconf 81' lang='lat' dir='ltr'><strong>concilium</strong></span> 
     </span>
    </p>
   </div>
   <div class='ocr_carea' id='block_1_117' title="bbox 2230 5693 3495 5763">
    <p class='ocr_par' dir='ltr' id='par_1_117' title="bbox 2230 5693 3495 5763">
     <span class='ocr_line' id='line_1_117' title="bbox 2230 5693 3495 5763; baseline -0.005 -12"><span class='ocrx_word' id='word_1_866' title='bbox 2230 5696 2525 5751; x_wconf 85' lang='lat' dir='ltr'><strong>damnavit.</strong></span> <span class='ocrx_word' id='word_1_867' title='bbox 2561 5695 2731 5751; x_wconf 73' lang='lat' dir='ltr'><strong>Enist.</strong></span> <span class='ocrx_word' id='word_1_868' title='bbox 2766 5695 2952 5763; x_wconf 76' lang='lat' dir='ltr'><strong>synod.</strong></span> <span class='ocrx_word' id='word_1_869' title='bbox 2989 5710 3075 5763; x_wconf 79' lang='lat' dir='ltr'><strong>ap.</strong></span> <span class='ocrx_word' id='word_1_870' title='bbox 3112 5693 3264 5750; x_wconf 87' lang='lat' dir='ltr'><strong>Socr.</strong></span> <span class='ocrx_word' id='word_1_871' title='bbox 3302 5710 3337 5760; x_wconf 84' lang='grc' dir='ltr'><strong>ι,</strong></span> <span class='ocrx_word' id='word_1_872' title='bbox 3364 5710 3409 5747; x_wconf 85' lang='lat' dir='ltr'><strong>c.</strong></span> <span class='ocrx_word' id='word_1_873' title='bbox 3442 5695 3495 5750; x_wconf 78' lang='lat'><strong>9.</strong></span> 
     </span>
    </p>
   </div>
  </div>
