  <div class='ocr_page' id='page_1' title='image "/cluster/home/n/w/nwhite01/storage/ocr_20150623/86 pars.2/pst.000005712885/078.png"; bbox 0 0 4094 6334; ppageno 0'>
   <div class='ocr_carea' id='block_1_1' title="bbox 195 366 326 432">
    <p class='ocr_par' dir='ltr' id='par_1_1' title="bbox 195 366 326 432">
     <span class='ocr_line' id='line_1_1' title="bbox 195 366 326 432; baseline -0.015 0"><span class='ocrx_word' id='word_1_1' title='bbox 195 366 326 432; x_wconf 71' lang='grc' dir='ltr'><strong>ιὶδ81</strong></span> 
     </span>
    </p>
   </div>
   <div class='ocr_carea' id='block_1_2' title="bbox 1392 376 2322 443">
    <p class='ocr_par' dir='ltr' id='par_1_2' title="bbox 1392 376 2322 443">
     <span class='ocr_line' id='line_1_2' title="bbox 1392 376 2322 443; baseline 0.002 -3"><span class='ocrx_word' id='word_1_2' title='bbox 1392 376 1691 440; x_wconf 80' lang='lat' dir='ltr'><strong>CONTRA</strong></span> <span class='ocrx_word' id='word_1_3' title='bbox 1722 377 2322 443; x_wconf 84' lang='lat' dir='ltr'><strong>MONOPHYSITAS.</strong></span> 
     </span>
    </p>
   </div>
   <div class='ocr_carea' id='block_1_3' title="bbox 3368 384 3511 450">
    <p class='ocr_par' dir='ltr' id='par_1_3' title="bbox 3368 384 3511 450">
     <span class='ocr_line' id='line_1_3' title="bbox 3368 384 3511 450; baseline 0.028 -4"><span class='ocrx_word' id='word_1_4' title='bbox 3368 384 3511 450; x_wconf 69' lang='lat'><strong>1882</strong></span> 
     </span>
    </p>
   </div>
   <div class='ocr_carea' id='block_1_4' title="bbox 198 475 1829 561">
    <p class='ocr_par' dir='ltr' id='par_1_4' title="bbox 198 475 1799 556">
     <span class='ocr_line' id='line_1_4' title="bbox 198 475 1799 556; baseline 0.009 -26"><span class='ocrx_word' id='word_1_5' title='bbox 198 475 570 547; x_wconf 68' lang='grc' dir='ltr'>προπέτειαν,</span> <span class='ocrx_word' id='word_1_6' title='bbox 607 480 1029 551; x_wconf 80' lang='grc' dir='ltr'>μνημονεύσατε</span> <span class='ocrx_word' id='word_1_7' title='bbox 1078 483 1265 538; x_wconf 65' lang='grc' dir='ltr'>δτικαὶ</span> <span class='ocrx_word' id='word_1_8' title='bbox 1294 486 1519 556; x_wconf 84' lang='grc' dir='ltr'>Συμεὼν</span> <span class='ocrx_word' id='word_1_9' title='bbox 1560 489 1589 540; x_wconf 84' lang='grc' dir='ltr'><strong>ὁ</strong></span> <span class='ocrx_word' id='word_1_10' title='bbox 1624 487 1799 556; x_wconf 73' lang='grc' dir='ltr'>ἅγιος,</span> 
     </span>
    </p>
   </div>
   <div class='ocr_carea' id='block_1_5' title="bbox 1932 475 3509 561">
    <p class='ocr_par' dir='ltr' id='par_1_5' title="bbox 1932 491 3509 561">
     <span class='ocr_line' id='line_1_5' title="bbox 1932 491 3509 561; baseline 0.007 -19"><span class='ocrx_word' id='word_1_11' title='bbox 1932 491 2019 545; x_wconf 87' lang='lat' dir='ltr'><strong>is?</strong></span> <span class='ocrx_word' id='word_1_12' title='bbox 2049 491 2568 561; x_wconf 74' lang='lat' dir='ltr'><strong>explodendumque</strong></span> <span class='ocrx_word' id='word_1_13' title='bbox 2616 499 2788 547; x_wconf 91' lang='lat' dir='ltr'><strong>totum</strong></span> <span class='ocrx_word' id='word_1_14' title='bbox 2871 492 3166 550; x_wconf 86' lang='lat' dir='ltr'><strong>concilium</strong></span> <span class='ocrx_word' id='word_1_15' title='bbox 3222 492 3509 553; x_wconf 74' lang='lat' dir='ltr'><strong>Nicaenum</strong></span> 
     </span>
    </p>
   </div>
   <div class='ocr_carea' id='block_1_6' title="bbox 204 570 1801 652">
    <p class='ocr_par' dir='ltr' id='par_1_6' title="bbox 204 570 1801 652">
     <span class='ocr_line' id='line_1_6' title="bbox 204 570 1801 652; baseline 0.007 -29"><span class='ocrx_word' id='word_1_16' title='bbox 204 573 236 623; x_wconf 80' lang='grc' dir='ltr'><strong>ό</strong></span> <span class='ocrx_word' id='word_1_17' title='bbox 267 574 322 624; x_wconf 75' lang='grc' dir='ltr'>ὲν</span> <span class='ocrx_word' id='word_1_18' title='bbox 348 570 493 626; x_wconf 82' lang='grc' dir='ltr'>κίονι</span> <span class='ocrx_word' id='word_1_19' title='bbox 522 570 629 643; x_wconf 85' lang='grc' dir='ltr'>τὴν</span> <span class='ocrx_word' id='word_1_20' title='bbox 649 573 927 643; x_wconf 76' lang='grc' dir='ltr'>ἰδίανήμίν</span> <span class='ocrx_word' id='word_1_21' title='bbox 952 574 1237 648; x_wconf 72' lang='grc' dir='ltr'>ἀρεισ]τὴν</span> <span class='ocrx_word' id='word_1_22' title='bbox 1268 579 1549 650; x_wconf 86' lang='grc' dir='ltr'>στηλὼσας</span> <span class='ocrx_word' id='word_1_23' title='bbox 1577 583 1801 652; x_wconf 77' lang='grc' dir='ltr'>ἀρετὴν,</span> 
     </span>
    </p>
   </div>
   <div class='ocr_carea' id='block_1_7' title="bbox 216 657 1804 742">
    <p class='ocr_par' dir='ltr' id='par_1_7' title="bbox 216 657 1804 742">
     <span class='ocr_line' id='line_1_7' title="bbox 216 657 1804 742; baseline 0.007 -27"><span class='ocrx_word' id='word_1_24' title='bbox 216 657 294 725; x_wconf 74' lang='grc' dir='ltr'>εἷς</span> <span class='ocrx_word' id='word_1_25' title='bbox 324 658 392 733; x_wconf 71' lang='grc' dir='ltr'>ἦν</span> <span class='ocrx_word' id='word_1_26' title='bbox 418 664 534 717; x_wconf 84' lang='grc' dir='ltr'>τῶν</span> <span class='ocrx_word' id='word_1_27' title='bbox 560 664 1001 733; x_wconf 81' lang='grc' dir='ltr'>ὑπογραψάντων</span> <span class='ocrx_word' id='word_1_28' title='bbox 1030 671 1089 720; x_wconf 80' lang='grc' dir='ltr'>ὲν</span> <span class='ocrx_word' id='word_1_29' title='bbox 1115 670 1193 739; x_wconf 77' lang='grc' dir='ltr'>τῷ</span> <span class='ocrx_word' id='word_1_30' title='bbox 1218 673 1328 740; x_wconf 84' lang='grc' dir='ltr'><strong>ὅρῳ</strong></span> <span class='ocrx_word' id='word_1_31' title='bbox 1354 672 1517 741; x_wconf 84' lang='grc' dir='ltr'>τῆσδε</span> <span class='ocrx_word' id='word_1_32' title='bbox 1544 675 1645 742; x_wconf 82' lang='grc' dir='ltr'><strong>τῆς</strong></span> <span class='ocrx_word' id='word_1_33' title='bbox 1676 691 1804 726; x_wconf 85' lang='grc' dir='ltr'>συν-</span> 
     </span>
    </p>
   </div>
   <div class='ocr_carea' id='block_1_8' title="bbox 215 755 1805 835">
    <p class='ocr_par' dir='ltr' id='par_1_8' title="bbox 215 755 1805 835">
     <span class='ocr_line' id='line_1_8' title="bbox 215 755 1805 835; baseline 0.007 -28"><span class='ocrx_word' id='word_1_34' title='bbox 215 756 362 821; x_wconf 81' lang='grc' dir='ltr'>όδου,</span> <span class='ocrx_word' id='word_1_35' title='bbox 412 757 495 819; x_wconf 73' lang='grc' dir='ltr'><strong>εἰς</strong></span> <span class='ocrx_word' id='word_1_36' title='bbox 538 755 601 809; x_wconf 75' lang='grc' dir='ltr'>ὃν</span> <span class='ocrx_word' id='word_1_37' title='bbox 661 757 1141 827; x_wconf 75' lang='grc' dir='ltr'>ἑγκωμιαστικοῦς</span> <span class='ocrx_word' id='word_1_38' title='bbox 1186 762 1401 829; x_wconf 80' lang='grc' dir='ltr'>λόγους,</span> <span class='ocrx_word' id='word_1_39' title='bbox 1454 766 1549 819; x_wconf 69' lang='grc' dir='ltr'><strong>καὶ</strong></span> <span class='ocrx_word' id='word_1_40' title='bbox 1602 764 1805 835; x_wconf 71' lang='grc' dir='ltr'>ὕμνους</span> 
     </span>
    </p>
   </div>
   <div class='ocr_carea' id='block_1_9' title="bbox 218 848 1808 927">
    <p class='ocr_par' dir='ltr' id='par_1_9' title="bbox 218 848 1808 927">
     <span class='ocr_line' id='line_1_9' title="bbox 218 848 1808 927; baseline 0.006 -27"><span class='ocrx_word' id='word_1_41' title='bbox 218 848 641 913; x_wconf 79' lang='grc' dir='ltr'>ὲκθειαστικοὺς</span> <span class='ocrx_word' id='word_1_42' title='bbox 688 849 785 902; x_wconf 73' lang='grc' dir='ltr'>καὶ</span> <span class='ocrx_word' id='word_1_43' title='bbox 826 852 855 903; x_wconf 89' lang='grc' dir='ltr'><strong>ό</strong></span> <span class='ocrx_word' id='word_1_44' title='bbox 909 851 1177 923; x_wconf 81' lang='grc' dir='ltr'>ὑμέτερος</span> <span class='ocrx_word' id='word_1_45' title='bbox 1206 854 1311 925; x_wconf 79' lang='grc' dir='ltr'><strong>ἔφη</strong></span> <span class='ocrx_word' id='word_1_46' title='bbox 1336 859 1685 927; x_wconf 68' lang='grc' dir='ltr'><strong>πατριάρχης</strong></span> <span class='ocrx_word' id='word_1_47' title='bbox 1711 858 1808 909; x_wconf 85' lang='grc' dir='ltr'><strong>Σε-</strong></span> 
     </span>
    </p>
   </div>
   <div class='ocr_carea' id='block_1_10' title="bbox 221 941 1808 1015">
    <p class='ocr_par' dir='ltr' id='par_1_10' title="bbox 221 941 1808 1015">
     <span class='ocr_line' id='line_1_10' title="bbox 221 941 1808 1015; baseline 0.006 -21"><span class='ocrx_word' id='word_1_48' title='bbox 221 942 389 1009; x_wconf 82' lang='grc' dir='ltr'>ϐἧρος</span> <span class='ocrx_word' id='word_1_49' title='bbox 440 941 627 1007; x_wconf 78' lang='grc' dir='ltr'>αὐτὸς,</span> <span class='ocrx_word' id='word_1_50' title='bbox 682 943 776 997; x_wconf 81' lang='grc' dir='ltr'>καὶ</span> <span class='ocrx_word' id='word_1_51' title='bbox 830 944 1152 1015; x_wconf 86' lang='grc' dir='ltr'>Βαραδάτης</span> <span class='ocrx_word' id='word_1_52' title='bbox 1208 945 1285 1010; x_wconf 83' lang='grc' dir='ltr'><strong>δὲ,</strong></span> <span class='ocrx_word' id='word_1_53' title='bbox 1334 949 1430 1000; x_wconf 55' lang='grc' dir='ltr'><strong>καὶ⁹</strong></span> <span class='ocrx_word' id='word_1_54' title='bbox 1473 949 1731 1012; x_wconf 82' lang='grc' dir='ltr'>Ἰάκωϐος</span> <span class='ocrx_word' id='word_1_55' title='bbox 1759 950 1808 1003; x_wconf 75' lang='grc' dir='ltr'>οἱ</span> 
     </span>
    </p>
   </div>
   <div class='ocr_carea' id='block_1_11' title="bbox 222 1033 1811 1110">
    <p class='ocr_par' dir='ltr' id='par_1_11' title="bbox 222 1033 1811 1110">
     <span class='ocr_line' id='line_1_11' title="bbox 222 1033 1811 1110; baseline 0.005 -26"><span class='ocrx_word' id='word_1_56' title='bbox 222 1033 638 1103; x_wconf 75' lang='grc' dir='ltr'><strong>θαυματουργοὶ</strong></span> <span class='ocrx_word' id='word_1_57' title='bbox 670 1035 1117 1106; x_wconf 77' lang='grc' dir='ltr'>συνυπέγραψαν.</span> <span class='ocrx_word' id='word_1_58' title='bbox 1149 1037 1309 1091; x_wconf 77' lang='grc' dir='ltr'>Ἀλλά</span> <span class='ocrx_word' id='word_1_59' title='bbox 1350 1039 1403 1095; x_wconf 78' lang='grc' dir='ltr'>τί</span> <span class='ocrx_word' id='word_1_60' title='bbox 1438 1039 1610 1093; x_wconf 86' lang='grc' dir='ltr'>ταῦτα</span> <span class='ocrx_word' id='word_1_61' title='bbox 1648 1041 1811 1110; x_wconf 76' lang='grc' dir='ltr'>ῥητο-</span> 
     </span>
    </p>
   </div>
   <div class='ocr_carea' id='block_1_12' title="bbox 226 1124 1812 1201">
    <p class='ocr_par' dir='ltr' id='par_1_12' title="bbox 226 1124 1812 1201">
     <span class='ocr_line' id='line_1_12' title="bbox 226 1124 1812 1201; baseline 0.005 -26"><span class='ocrx_word' id='word_1_62' title='bbox 226 1126 390 1196; x_wconf 72' lang='grc' dir='ltr'>ρικῆς</span> <span class='ocrx_word' id='word_1_63' title='bbox 419 1124 552 1178; x_wconf 79' lang='grc' dir='ltr'>ὄντα</span> <span class='ocrx_word' id='word_1_64' title='bbox 576 1126 964 1196; x_wconf 82' lang='grc' dir='ltr'>πιθανολογιας</span> <span class='ocrx_word' id='word_1_65' title='bbox 998 1128 1308 1199; x_wconf 84' lang='grc' dir='ltr'>δεινώματα</span> <span class='ocrx_word' id='word_1_66' title='bbox 1335 1132 1446 1192; x_wconf 82' lang='grc' dir='ltr'>τοῖς</span> <span class='ocrx_word' id='word_1_67' title='bbox 1474 1130 1607 1201; x_wconf 80' lang='grc' dir='ltr'>πρὸς</span> <span class='ocrx_word' id='word_1_68' title='bbox 1644 1130 1812 1183; x_wconf 74' lang='grc' dir='ltr'><strong>κατά⁴</strong></span> 
     </span>
    </p>
   </div>
   <div class='ocr_carea' id='block_1_13' title="bbox 222 1217 1810 1292">
    <p class='ocr_par' dir='ltr' id='par_1_13' title="bbox 222 1217 1810 1292">
     <span class='ocr_line' id='line_1_13' title="bbox 222 1217 1810 1292; baseline 0.004 -24"><span class='ocrx_word' id='word_1_69' title='bbox 222 1217 389 1285; x_wconf 75' lang='grc' dir='ltr'>ληψιν</span> <span class='ocrx_word' id='word_1_70' title='bbox 450 1217 737 1281; x_wconf 76' lang='grc' dir='ltr'>εὐσεϐείας</span> <span class='ocrx_word' id='word_1_71' title='bbox 802 1220 1113 1286; x_wconf 72' lang='grc' dir='ltr'><strong>ἐναγωνίως</strong></span> <span class='ocrx_word' id='word_1_72' title='bbox 1178 1221 1502 1274; x_wconf 77' lang='grc' dir='ltr'><strong>σπεύδουσιν</strong></span> <span class='ocrx_word' id='word_1_73' title='bbox 1557 1222 1810 1292; x_wconf 79' lang='grc' dir='ltr'>ἐμποδὼν</span> 
     </span>
    </p>
   </div>
   <div class='ocr_carea' id='block_1_14' title="bbox 224 1309 1812 1384">
    <p class='ocr_par' dir='ltr' id='par_1_14' title="bbox 224 1309 1812 1384">
     <span class='ocr_line' id='line_1_14' title="bbox 224 1309 1812 1384; baseline 0.004 -23"><span class='ocrx_word' id='word_1_74' title='bbox 224 1309 449 1379; x_wconf 68' lang='grc' dir='ltr'>ῥίπτετε</span> <span class='ocrx_word' id='word_1_75' title='bbox 497 1310 570 1363; x_wconf 70' lang='grc' dir='ltr'>τὰ</span> <span class='ocrx_word' id='word_1_76' title='bbox 626 1311 920 1374; x_wconf 84' lang='grc' dir='ltr'>σκάνδαλα,</span> <span class='ocrx_word' id='word_1_77' title='bbox 974 1312 1069 1365; x_wconf 77' lang='grc' dir='ltr'>καὶ</span> <span class='ocrx_word' id='word_1_78' title='bbox 1115 1314 1243 1375; x_wconf 81' lang='grc' dir='ltr'>τοὺς</span> <span class='ocrx_word' id='word_1_79' title='bbox 1298 1313 1549 1377; x_wconf 80' lang='grc' dir='ltr'><strong>θέλοντας</strong></span> <span class='ocrx_word' id='word_1_80' title='bbox 1597 1316 1812 1384; x_wconf 77' lang='grc' dir='ltr'><strong>τρέχειν</strong></span> 
     </span>
    </p>
   </div>
   <div class='ocr_carea' id='block_1_15' title="bbox 224 1400 1814 1474">
    <p class='ocr_par' dir='ltr' id='par_1_15' title="bbox 224 1400 1814 1474">
     <span class='ocr_line' id='line_1_15' title="bbox 224 1400 1814 1474; baseline 0.002 -21"><span class='ocrx_word' id='word_1_81' title='bbox 224 1400 409 1464; x_wconf 79' lang='grc' dir='ltr'>καλῶς</span> <span class='ocrx_word' id='word_1_82' title='bbox 459 1402 757 1469; x_wconf 81' lang='grc' dir='ltr'>ὲγκόπτετε</span> <span class='ocrx_word' id='word_1_83' title='bbox 788 1404 853 1471; x_wconf 85' lang='grc' dir='ltr'>τῇ</span> <span class='ocrx_word' id='word_1_84' title='bbox 886 1401 1114 1472; x_wconf 72' lang='grc' dir='ltr'>ἀληθεία</span> <span class='ocrx_word' id='word_1_85' title='bbox 1156 1403 1230 1474; x_wconf 86' lang='grc' dir='ltr'>μὴ</span> <span class='ocrx_word' id='word_1_86' title='bbox 1265 1403 1587 1470; x_wconf 79' lang='grc' dir='ltr'>πείθεσθαι;</span> <span class='ocrx_word' id='word_1_87' title='bbox 1633 1404 1721 1463; x_wconf 80' lang='grc' dir='ltr'>Ὠς</span> <span class='ocrx_word' id='word_1_88' title='bbox 1747 1404 1814 1458; x_wconf 85' lang='grc' dir='ltr'><strong>ἂν</strong></span> 
     </span>
    </p>
   </div>
   <div class='ocr_carea' id='block_1_16' title="bbox 223 1491 1815 1567">
    <p class='ocr_par' dir='ltr' id='par_1_16' title="bbox 223 1491 1815 1567">
     <span class='ocr_line' id='line_1_16' title="bbox 223 1491 1815 1567; baseline 0.003 -22"><span class='ocrx_word' id='word_1_89' title='bbox 223 1491 358 1558; x_wconf 83' lang='grc' dir='ltr'>γοῦν</span> <span class='ocrx_word' id='word_1_90' title='bbox 392 1492 629 1546; x_wconf 79' lang='grc' dir='ltr'>ἐνώπιον</span> <span class='ocrx_word' id='word_1_91' title='bbox 658 1494 752 1546; x_wconf 87' lang='grc' dir='ltr'><strong>τοῦ</strong></span> <span class='ocrx_word' id='word_1_92' title='bbox 782 1492 942 1559; x_wconf 82' lang='grc' dir='ltr'>Θεοῦ,</span> <span class='ocrx_word' id='word_1_93' title='bbox 982 1495 1081 1547; x_wconf 53' lang='grc' dir='ltr'><strong>καὶ⁵</strong></span> <span class='ocrx_word' id='word_1_94' title='bbox 1111 1494 1417 1564; x_wconf 83' lang='grc' dir='ltr'>ἀνθρώπων</span> <span class='ocrx_word' id='word_1_95' title='bbox 1447 1499 1815 1567; x_wconf 82' lang='grc' dir='ltr'>παραστήσω-</span> 
     </span>
    </p>
   </div>
   <div class='ocr_carea' id='block_1_17' title="bbox 228 1573 1811 1657">
    <p class='ocr_par' dir='ltr' id='par_1_17' title="bbox 228 1573 1811 1657">
     <span class='ocr_line' id='line_1_17' title="bbox 228 1573 1811 1657; baseline 0.004 -24"><span class='ocrx_word' id='word_1_96' title='bbox 228 1601 329 1651; x_wconf 82' lang='grc' dir='ltr'><strong>μεν</strong></span> <span class='ocrx_word' id='word_1_97' title='bbox 357 1583 471 1635; x_wconf 67' lang='grc' dir='ltr'><strong>οὐκ</strong></span> <span class='ocrx_word' id='word_1_98' title='bbox 488 1584 548 1635; x_wconf 77' lang='grc' dir='ltr'>ὲν</span> <span class='ocrx_word' id='word_1_99' title='bbox 573 1573 713 1654; x_wconf 62' lang='grc' dir='ltr'>λόγῳ</span> <span class='ocrx_word' id='word_1_100' title='bbox 734 1584 863 1637; x_wconf 71' lang='grc' dir='ltr'>ὄντα</span> <span class='ocrx_word' id='word_1_101' title='bbox 884 1586 974 1637; x_wconf 80' lang='grc' dir='ltr'><strong>τὸν</strong></span> <span class='ocrx_word' id='word_1_102' title='bbox 1010 1585 1278 1656; x_wconf 76' lang='grc' dir='ltr'>ὑμέτερον</span> <span class='ocrx_word' id='word_1_103' title='bbox 1306 1587 1811 1657; x_wconf 77' lang='grc' dir='ltr'>ἀπεκκλησιασμόν·</span> 
     </span>
    </p>
   </div>
   <div class='ocr_carea' id='block_1_18' title="bbox 229 1674 1811 1751">
    <p class='ocr_par' dir='ltr' id='par_1_18' title="bbox 229 1674 1811 1751">
     <span class='ocr_line' id='line_1_18' title="bbox 229 1674 1811 1751; baseline 0.004 -26"><span class='ocrx_word' id='word_1_104' title='bbox 229 1674 341 1726; x_wconf 74' lang='grc' dir='ltr'>ἰδοὺ</span> <span class='ocrx_word' id='word_1_105' title='bbox 399 1674 579 1737; x_wconf 70' lang='grc' dir='ltr'>πάντα</span> <span class='ocrx_word' id='word_1_106' title='bbox 633 1676 1090 1746; x_wconf 76' lang='grc' dir='ltr'><strong>παραδραμόντες</strong></span> <span class='ocrx_word' id='word_1_107' title='bbox 1130 1676 1353 1746; x_wconf 75' lang='grc' dir='ltr'>ἔλεγχον</span> <span class='ocrx_word' id='word_1_108' title='bbox 1401 1677 1510 1730; x_wconf 83' lang='grc' dir='ltr'><strong>τῶν</strong></span> <span class='ocrx_word' id='word_1_109' title='bbox 1546 1696 1811 1751; x_wconf 82' lang='grc' dir='ltr'>προφασι-</span> 
     </span>
    </p>
   </div>
   <div class='ocr_carea' id='block_1_19' title="bbox 226 1769 1816 1841">
    <p class='ocr_par' dir='ltr' id='par_1_19' title="bbox 226 1769 1816 1841">
     <span class='ocr_line' id='line_1_19' title="bbox 226 1769 1816 1841; baseline 0.006 -25"><span class='ocrx_word' id='word_1_110' title='bbox 226 1769 479 1835; x_wconf 71' lang='grc' dir='ltr'>σμιὶτων,</span> <span class='ocrx_word' id='word_1_111' title='bbox 514 1770 872 1837; x_wconf 74' lang='grc' dir='ltr'>προτεινομεν</span> <span class='ocrx_word' id='word_1_112' title='bbox 906 1770 1055 1838; x_wconf 80' lang='grc' dir='ltr'>ὑμῖν,</span> <span class='ocrx_word' id='word_1_113' title='bbox 1109 1769 1184 1833; x_wconf 84' lang='grc' dir='ltr'>ὡς</span> <span class='ocrx_word' id='word_1_114' title='bbox 1248 1773 1294 1823; x_wconf 82' lang='grc' dir='ltr'>εἰ</span> <span class='ocrx_word' id='word_1_115' title='bbox 1352 1773 1422 1825; x_wconf 83' lang='grc' dir='ltr'>τὰ</span> <span class='ocrx_word' id='word_1_116' title='bbox 1479 1772 1816 1841; x_wconf 79' lang='grc' dir='ltr'>προϐασανιο</span> 
     </span>
    </p>
   </div>
   <div class='ocr_carea' id='block_1_20' title="bbox 227 1860 1814 1936">
    <p class='ocr_par' dir='ltr' id='par_1_20' title="bbox 227 1860 1814 1936">
     <span class='ocr_line' id='line_1_20' title="bbox 227 1860 1814 1936; baseline 0.007 -28"><span class='ocrx_word' id='word_1_117' title='bbox 227 1860 429 1911; x_wconf 74' lang='grc' dir='ltr'>σθέντα</span> <span class='ocrx_word' id='word_1_118' title='bbox 476 1860 608 1930; x_wconf 72' lang='grc' dir='ltr'>ἡμῖν</span> <span class='ocrx_word' id='word_1_119' title='bbox 655 1860 789 1929; x_wconf 81' lang='grc' dir='ltr'>ὀρθὰ</span> <span class='ocrx_word' id='word_1_120' title='bbox 836 1860 1084 1928; x_wconf 79' lang='grc' dir='ltr'><strong>δόγματα</strong></span> <span class='ocrx_word' id='word_1_121' title='bbox 1136 1863 1649 1933; x_wconf 78' lang='grc' dir='ltr'>συνομολογήσοιτε,</span> <span class='ocrx_word' id='word_1_122' title='bbox 1686 1866 1814 1936; x_wconf 80' lang='grc' dir='ltr'>μίαν</span> 
     </span>
    </p>
   </div>
   <div class='ocr_carea' id='block_1_21' title="bbox 222 1950 1814 2026">
    <p class='ocr_par' dir='ltr' id='par_1_21' title="bbox 222 1950 1814 2026">
     <span class='ocr_line' id='line_1_21' title="bbox 222 1950 1814 2026; baseline 0.006 -25"><span class='ocrx_word' id='word_1_123' title='bbox 222 1966 283 2001; x_wconf 83' lang='grc' dir='ltr'><strong>τε</strong></span> <span class='ocrx_word' id='word_1_124' title='bbox 332 1951 499 2017; x_wconf 79' lang='grc' dir='ltr'>φύσιν</span> <span class='ocrx_word' id='word_1_125' title='bbox 543 1950 637 2004; x_wconf 88' lang='grc' dir='ltr'><strong>τοῦ</strong></span> <span class='ocrx_word' id='word_1_126' title='bbox 677 1950 811 2004; x_wconf 77' lang='grc' dir='ltr'>θεοῦ</span> <span class='ocrx_word' id='word_1_127' title='bbox 850 1952 1025 2019; x_wconf 83' lang='grc' dir='ltr'>Λόγον</span> <span class='ocrx_word' id='word_1_128' title='bbox 1060 1956 1489 2026; x_wconf 82' lang='grc' dir='ltr'>σεσαρκωμένην</span> <span class='ocrx_word' id='word_1_129' title='bbox 1537 1957 1814 2026; x_wconf 62' lang='grc' dir='ltr'>λέγοντες,</span> 
     </span>
    </p>
   </div>
   <div class='ocr_carea' id='block_1_22' title="bbox 226 2024 1819 2119">
    <p class='ocr_par' dir='ltr' id='par_1_22' title="bbox 226 2024 1819 2119">
     <span class='ocr_line' id='line_1_22' title="bbox 226 2024 1819 2119; baseline 0.008 -28"><span class='ocrx_word' id='word_1_130' title='bbox 226 2042 324 2093; x_wconf 72' lang='grc' dir='ltr'><strong>καὶ</strong></span> <span class='ocrx_word' id='word_1_131' title='bbox 372 2042 468 2093; x_wconf 78' lang='grc' dir='ltr'><strong>δύο</strong></span> <span class='ocrx_word' id='word_1_132' title='bbox 497 2041 690 2110; x_wconf 77' lang='grc' dir='ltr'>φύσεις</span> <span class='ocrx_word' id='word_1_133' title='bbox 743 2038 882 2096; x_wconf 76' lang='grc' dir='ltr'>εἶναι</span> <span class='ocrx_word' id='word_1_134' title='bbox 923 2044 1162 2114; x_wconf 82' lang='grc' dir='ltr'>Χριστοῦ</span> <span class='ocrx_word' id='word_1_135' title='bbox 1195 2024 1485 2117; x_wconf 61' lang='grc' dir='ltr'>ἡνωμένας</span> <span class='ocrx_word' id='word_1_136' title='bbox 1518 2049 1658 2103; x_wconf 83' lang='grc' dir='ltr'><strong>κατά</strong></span> <span class='ocrx_word' id='word_1_137' title='bbox 1689 2051 1819 2119; x_wconf 83' lang='grc' dir='ltr'>μίαν</span> 
     </span>
    </p>
   </div>
   <div class='ocr_carea' id='block_1_23' title="bbox 226 2132 1820 2211">
    <p class='ocr_par' dir='ltr' id='par_1_23' title="bbox 226 2132 1820 2211">
     <span class='ocr_line' id='line_1_23' title="bbox 226 2132 1820 2211; baseline 0.003 -24"><span class='ocrx_word' id='word_1_138' title='bbox 226 2132 401 2187; x_wconf 80' lang='grc' dir='ltr'>αὐτοῦ</span> <span class='ocrx_word' id='word_1_139' title='bbox 445 2134 549 2205; x_wconf 81' lang='grc' dir='ltr'>τὴν</span> <span class='ocrx_word' id='word_1_140' title='bbox 598 2135 925 2199; x_wconf 76' lang='grc' dir='ltr'>ὑπόστασιν,</span> <span class='ocrx_word' id='word_1_141' title='bbox 958 2135 1059 2189; x_wconf 80' lang='grc' dir='ltr'><strong>οὐκ</strong></span> <span class='ocrx_word' id='word_1_142' title='bbox 1090 2137 1418 2207; x_wconf 82' lang='grc' dir='ltr'>ἀρνούμενοι</span> <span class='ocrx_word' id='word_1_143' title='bbox 1468 2155 1528 2191; x_wconf 82' lang='grc' dir='ltr'><strong>τε</strong></span> <span class='ocrx_word' id='word_1_144' title='bbox 1581 2140 1675 2192; x_wconf 75' lang='grc' dir='ltr'>καὶ</span> <span class='ocrx_word' id='word_1_145' title='bbox 1723 2140 1820 2211; x_wconf 78' lang='grc' dir='ltr'>τὴν</span> 
     </span>
    </p>
   </div>
   <div class='ocr_carea' id='block_1_24' title="bbox 227 2228 1820 2302">
    <p class='ocr_par' dir='ltr' id='par_1_24' title="bbox 227 2228 1820 2302">
     <span class='ocr_line' id='line_1_24' title="bbox 227 2228 1820 2302; baseline 0.003 -21"><span class='ocrx_word' id='word_1_146' title='bbox 227 2229 477 2289; x_wconf 84' lang='grc' dir='ltr'>σύνοδον,</span> <span class='ocrx_word' id='word_1_147' title='bbox 510 2228 606 2279; x_wconf 78' lang='grc' dir='ltr'>καὶ</span> <span class='ocrx_word' id='word_1_148' title='bbox 638 2228 866 2281; x_wconf 80' lang='grc' dir='ltr'>Λέοντα.</span> <span class='ocrx_word' id='word_1_149' title='bbox 918 2228 1077 2282; x_wconf 85' lang='grc' dir='ltr'>Ἀλλά</span> <span class='ocrx_word' id='word_1_150' title='bbox 1104 2231 1199 2283; x_wconf 77' lang='grc' dir='ltr'>καὶ</span> <span class='ocrx_word' id='word_1_151' title='bbox 1228 2230 1449 2297; x_wconf 73' lang='grc' dir='ltr'>ἄγγελοι</span> <span class='ocrx_word' id='word_1_152' title='bbox 1479 2230 1537 2296; x_wconf 68' lang='grc' dir='ltr'><strong>ἐξ</strong></span> <span class='ocrx_word' id='word_1_153' title='bbox 1565 2233 1820 2302; x_wconf 82' lang='grc' dir='ltr'>ούρανοῦ,</span> 
     </span>
    </p>
   </div>
   <div class='ocr_carea' id='block_1_25' title="bbox 229 2319 1823 2395">
    <p class='ocr_par' dir='ltr' id='par_1_25' title="bbox 229 2319 1823 2395">
     <span class='ocr_line' id='line_1_25' title="bbox 229 2319 1823 2395; baseline 0.004 -22"><span class='ocrx_word' id='word_1_154' title='bbox 229 2323 281 2373; x_wconf 73' lang='lat' dir='ltr'><strong>si</strong></span> <span class='ocrx_word' id='word_1_155' title='bbox 317 2321 393 2390; x_wconf 84' lang='grc' dir='ltr'>μὴ</span> <span class='ocrx_word' id='word_1_156' title='bbox 423 2319 599 2383; x_wconf 77' lang='grc' dir='ltr'>οὕτως</span> <span class='ocrx_word' id='word_1_157' title='bbox 632 2322 918 2389; x_wconf 74' lang='grc' dir='ltr'>ἐφρόνουν,</span> <span class='ocrx_word' id='word_1_158' title='bbox 953 2324 1046 2373; x_wconf 72' lang='grc' dir='ltr'>καὶ</span> <span class='ocrx_word' id='word_1_159' title='bbox 1064 2322 1273 2392; x_wconf 76' lang='grc' dir='ltr'>ἔλεγον,</span> <span class='ocrx_word' id='word_1_160' title='bbox 1307 2323 1397 2377; x_wconf 69' lang='grc' dir='ltr'>καὶ</span> <span class='ocrx_word' id='word_1_161' title='bbox 1423 2323 1686 2395; x_wconf 78' lang='grc' dir='ltr'>ἔγραφον,</span> <span class='ocrx_word' id='word_1_162' title='bbox 1718 2326 1823 2395; x_wconf 80' lang='grc' dir='ltr'><strong>πρὸ</strong></span> 
     </span>
    </p>
   </div>
   <div class='ocr_carea' id='block_1_26' title="bbox 231 2412 1820 2489">
    <p class='ocr_par' dir='ltr' id='par_1_26' title="bbox 231 2412 1820 2489">
     <span class='ocr_line' id='line_1_26' title="bbox 231 2412 1820 2489; baseline 0.004 -24"><span class='ocrx_word' id='word_1_163' title='bbox 231 2413 393 2483; x_wconf 78' lang='grc' dir='ltr'>ὑμῶν</span> <span class='ocrx_word' id='word_1_164' title='bbox 428 2412 930 2482; x_wconf 75' lang='grc' dir='ltr'>ἀναθεματίζομεν·</span> <span class='ocrx_word' id='word_1_165' title='bbox 964 2413 1203 2483; x_wconf 77' lang='grc' dir='ltr'>Σεϐῆρόν</span> <span class='ocrx_word' id='word_1_166' title='bbox 1235 2433 1316 2475; x_wconf 80' lang='grc' dir='ltr'>τε.</span> <span class='ocrx_word' id='word_1_167' title='bbox 1363 2419 1472 2469; x_wconf 72' lang='grc' dir='ltr'>καὶ.</span> <span class='ocrx_word' id='word_1_168' title='bbox 1508 2418 1820 2489; x_wconf 84' lang='grc' dir='ltr'>Διόσκορον,</span> 
     </span>
    </p>
   </div>
   <div class='ocr_carea' id='block_1_27' title="bbox 233 2502 1824 2579">
    <p class='ocr_par' dir='ltr' id='par_1_27' title="bbox 233 2502 1824 2579">
     <span class='ocr_line' id='line_1_27' title="bbox 233 2502 1824 2579; baseline 0.004 -23"><span class='ocrx_word' id='word_1_169' title='bbox 233 2505 336 2556; x_wconf 71' lang='grc' dir='ltr'>καὶ</span> <span class='ocrx_word' id='word_1_170' title='bbox 360 2502 649 2571; x_wconf 82' lang='grc' dir='ltr'>Τιμόθεον,</span> <span class='ocrx_word' id='word_1_171' title='bbox 686 2504 784 2557; x_wconf 78' lang='grc' dir='ltr'>καὶ</span> <span class='ocrx_word' id='word_1_172' title='bbox 811 2505 975 2574; x_wconf 75' lang='grc' dir='ltr'>ὑμᾶς.</span> <span class='ocrx_word' id='word_1_173' title='bbox 1014 2506 1107 2560; x_wconf 77' lang='grc' dir='ltr'>καὶ</span> <span class='ocrx_word' id='word_1_174' title='bbox 1135 2506 1226 2559; x_wconf 77' lang='grc' dir='ltr'><strong>τὸν</strong></span> <span class='ocrx_word' id='word_1_175' title='bbox 1254 2506 1462 2560; x_wconf 79' lang='grc' dir='ltr'>οἱονοῦν</span> <span class='ocrx_word' id='word_1_176' title='bbox 1490 2509 1663 2572; x_wconf 68' lang='grc' dir='ltr'>οὕτως</span> <span class='ocrx_word' id='word_1_177' title='bbox 1692 2526 1824 2579; x_wconf 71' lang='grc' dir='ltr'>φροο</span> 
     </span>
    </p>
   </div>
   <div class='ocr_carea' id='block_1_28' title="bbox 233 2596 1825 2671">
    <p class='ocr_par' dir='ltr' id='par_1_28' title="bbox 233 2596 1825 2671">
     <span class='ocr_line' id='line_1_28' title="bbox 233 2596 1825 2671; baseline 0.004 -22"><span class='ocrx_word' id='word_1_178' title='bbox 233 2597 437 2650; x_wconf 73' lang='grc' dir='ltr'>νοῦντα</span> <span class='ocrx_word' id='word_1_179' title='bbox 466 2596 844 2668; x_wconf 68' lang='grc' dir='ltr'>εὖφημοῦμεν,</span> <span class='ocrx_word' id='word_1_180' title='bbox 878 2597 975 2650; x_wconf 79' lang='grc' dir='ltr'>καὶ</span> <span class='ocrx_word' id='word_1_181' title='bbox 1004 2599 1401 2668; x_wconf 73' lang='grc' dir='ltr'>ἀποδεχόμεθα,</span> <span class='ocrx_word' id='word_1_182' title='bbox 1438 2601 1604 2669; x_wconf 79' lang='grc' dir='ltr'>μηδὲν</span> <span class='ocrx_word' id='word_1_183' title='bbox 1636 2601 1825 2671; x_wconf 66' lang='grc' dir='ltr'>ἕτερον</span> 
     </span>
    </p>
   </div>
   <div class='ocr_carea' id='block_1_29' title="bbox 236 2687 1827 2759">
    <p class='ocr_par' dir='ltr' id='par_1_29' title="bbox 236 2687 1827 2759">
     <span class='ocr_line' id='line_1_29' title="bbox 236 2687 1827 2759; baseline 0.004 -20"><span class='ocrx_word' id='word_1_184' title='bbox 236 2688 594 2753; x_wconf 72' lang='grc' dir='ltr'><strong>ἐπιλέγοντες</strong></span> <span class='ocrx_word' id='word_1_185' title='bbox 612 2687 888 2752; x_wconf 75' lang='grc' dir='ltr'>οτούτοις,</span> <span class='ocrx_word' id='word_1_186' title='bbox 930 2689 1065 2741; x_wconf 83' lang='grc' dir='ltr'><strong>ἀλλὰ</strong></span> <span class='ocrx_word' id='word_1_187' title='bbox 1093 2691 1191 2759; x_wconf 79' lang='grc' dir='ltr'><strong>τὴν</strong></span> <span class='ocrx_word' id='word_1_188' title='bbox 1251 2692 1433 2759; x_wconf 82' lang='grc' dir='ltr'>κρίσιν</span> <span class='ocrx_word' id='word_1_189' title='bbox 1485 2692 1593 2743; x_wconf 83' lang='grc' dir='ltr'><strong>τῶν</strong></span> <span class='ocrx_word' id='word_1_190' title='bbox 1653 2692 1827 2757; x_wconf 74' lang='grc' dir='ltr'>οὕτως</span> 
     </span>
    </p>
   </div>
   <div class='ocr_carea' id='block_1_30' title="bbox 239 2780 1827 2853">
    <p class='ocr_par' dir='ltr' id='par_1_30' title="bbox 239 2780 1827 2853">
     <span class='ocr_line' id='line_1_30' title="bbox 239 2780 1827 2853; baseline -0.003 -19"><span class='ocrx_word' id='word_1_191' title='bbox 239 2780 626 2850; x_wconf 70' lang='grc' dir='ltr'>φρονούντων,</span> <span class='ocrx_word' id='word_1_192' title='bbox 682 2782 714 2849; x_wconf 75' lang='grc' dir='ltr'>ἦ</span> <span class='ocrx_word' id='word_1_193' title='bbox 768 2780 944 2843; x_wconf 73' lang='grc' dir='ltr'>ἄλλως</span> <span class='ocrx_word' id='word_1_194' title='bbox 995 2781 1094 2851; x_wconf 79' lang='grc' dir='ltr'><strong>μὲν</strong></span> <span class='ocrx_word' id='word_1_195' title='bbox 1147 2782 1480 2852; x_wconf 71' lang='grc' dir='ltr'>εἰρηκότων,</span> <span class='ocrx_word' id='word_1_196' title='bbox 1516 2783 1719 2853; x_wconf 80' lang='grc' dir='ltr'>ἑτέρως</span> <span class='ocrx_word' id='word_1_197' title='bbox 1769 2784 1827 2837; x_wconf 71' lang='grc' dir='ltr'>δὲ</span> 
     </span>
    </p>
   </div>
   <div class='ocr_carea' id='block_1_31' title="bbox 237 2871 1825 2943">
    <p class='ocr_par' dir='ltr' id='par_1_31' title="bbox 237 2871 1825 2943">
     <span class='ocr_line' id='line_1_31' title="bbox 237 2871 1825 2943; baseline 0.004 -19"><span class='ocrx_word' id='word_1_198' title='bbox 237 2871 534 2935; x_wconf 65' lang='grc' dir='ltr'>νοούθτων,</span> <span class='ocrx_word' id='word_1_199' title='bbox 583 2871 661 2941; x_wconf 81' lang='grc' dir='ltr'><strong>τῷ</strong></span> <span class='ocrx_word' id='word_1_200' title='bbox 719 2872 940 2923; x_wconf 76' lang='grc' dir='ltr'>πάντων</span> <span class='ocrx_word' id='word_1_201' title='bbox 982 2875 1140 2943; x_wconf 78' lang='grc' dir='ltr'>κριτῇ</span> <span class='ocrx_word' id='word_1_202' title='bbox 1175 2872 1294 2941; x_wconf 80' lang='grc' dir='ltr'><strong>Θεῷ</strong></span> <span class='ocrx_word' id='word_1_203' title='bbox 1342 2874 1825 2940; x_wconf 75' lang='grc' dir='ltr'>ἐγκαταλιπόντες.</span> 
     </span>
    </p>
   </div>
   <div class='ocr_carea' id='block_1_32' title="bbox 236 2962 1831 3037">
    <p class='ocr_par' dir='ltr' id='par_1_32' title="bbox 236 2962 1831 3037">
     <span class='ocr_line' id='line_1_32' title="bbox 236 2962 1831 3037; baseline 0.001 -21"><span class='ocrx_word' id='word_1_204' title='bbox 236 2965 307 3016; x_wconf 74' lang='grc' dir='ltr'><strong>Εἰ</strong></span> <span class='ocrx_word' id='word_1_205' title='bbox 343 2962 399 3014; x_wconf 70' lang='grc' dir='ltr'>δι</span> <span class='ocrx_word' id='word_1_206' title='bbox 426 2962 643 3024; x_wconf 83' lang='grc' dir='ltr'>πάντως</span> <span class='ocrx_word' id='word_1_207' title='bbox 683 2962 890 3032; x_wconf 82' lang='grc' dir='ltr'>κρίνειν</span> <span class='ocrx_word' id='word_1_208' title='bbox 931 2965 1026 3016; x_wconf 82' lang='grc' dir='ltr'>καὶ</span> <span class='ocrx_word' id='word_1_209' title='bbox 1054 2964 1202 3034; x_wconf 78' lang='grc' dir='ltr'>ἡμᾶς</span> <span class='ocrx_word' id='word_1_210' title='bbox 1257 2963 1353 3028; x_wconf 80' lang='grc' dir='ltr'>δεῖ,</span> <span class='ocrx_word' id='word_1_211' title='bbox 1409 2965 1504 3017; x_wconf 72' lang='grc' dir='ltr'><strong>καὶ</strong></span> <span class='ocrx_word' id='word_1_212' title='bbox 1558 2965 1831 3037; x_wconf 76' lang='grc' dir='ltr'>πληροφο-</span> 
     </span>
    </p>
   </div>
   <div class='ocr_carea' id='block_1_33' title="bbox 240 3051 1832 3126">
    <p class='ocr_par' dir='ltr' id='par_1_33' title="bbox 240 3051 1832 3126">
     <span class='ocr_line' id='line_1_33' title="bbox 240 3051 1832 3126; baseline 0.004 -22"><span class='ocrx_word' id='word_1_213' title='bbox 240 3051 464 3124; x_wconf 82' lang='grc' dir='ltr'>ρεῖσθαι</span> <span class='ocrx_word' id='word_1_214' title='bbox 493 3052 636 3116; x_wconf 79' lang='grc' dir='ltr'>τίνες</span> <span class='ocrx_word' id='word_1_215' title='bbox 677 3054 779 3121; x_wconf 80' lang='grc' dir='ltr'><strong>μὲν</strong></span> <span class='ocrx_word' id='word_1_216' title='bbox 825 3052 1066 3117; x_wconf 76' lang='grc' dir='ltr'>εὐσεϐεῖς</span> <span class='ocrx_word' id='word_1_217' title='bbox 1103 3054 1210 3107; x_wconf 70' lang='grc' dir='ltr'>εἱσι</span> <span class='ocrx_word' id='word_1_218' title='bbox 1258 3055 1498 3125; x_wconf 81' lang='grc' dir='ltr'>Πατέρες</span> <span class='ocrx_word' id='word_1_219' title='bbox 1531 3055 1709 3126; x_wconf 72' lang='grc' dir='ltr'>ἡμῶν,</span> <span class='ocrx_word' id='word_1_220' title='bbox 1738 3059 1832 3110; x_wconf 76' lang='grc' dir='ltr'><strong>καὶ</strong></span> 
     </span>
    </p>
   </div>
   <div class='ocr_carea' id='block_1_34' title="bbox 1906 582 3507 653">
    <p class='ocr_par' dir='ltr' id='par_1_34' title="bbox 1906 582 3507 653">
     <span class='ocr_line' id='line_1_34' title="bbox 1906 582 3507 653; baseline 0.005 -18"><span class='ocrx_word' id='word_1_221' title='bbox 1906 582 1977 635; x_wconf 89' lang='lat' dir='ltr'><strong>ob</strong></span> <span class='ocrx_word' id='word_1_222' title='bbox 2028 582 2421 651; x_wconf 73' lang='lat' dir='ltr'><strong>septemdecim</strong></span> <span class='ocrx_word' id='word_1_223' title='bbox 2464 582 2606 647; x_wconf 92' lang='lat' dir='ltr'><strong>illos,</strong></span> <span class='ocrx_word' id='word_1_224' title='bbox 2655 583 2813 653; x_wconf 86' lang='lat' dir='ltr'><strong>quasi</strong></span> <span class='ocrx_word' id='word_1_225' title='bbox 2862 598 3057 639; x_wconf 87' lang='lat' dir='ltr'><strong>omnes</strong></span> <span class='ocrx_word' id='word_1_226' title='bbox 3091 584 3225 639; x_wconf 83' lang='lat' dir='ltr'><strong>Ario</strong></span> <span class='ocrx_word' id='word_1_227' title='bbox 3275 586 3507 643; x_wconf 86' lang='lat' dir='ltr'><strong>studue-</strong></span> 
     </span>
    </p>
   </div>
   <div class='ocr_carea' id='block_1_35' title="bbox 1907 672 3511 735">
    <p class='ocr_par' dir='ltr' id='par_1_35' title="bbox 1907 672 3511 735">
     <span class='ocr_line' id='line_1_35' title="bbox 1907 672 3511 735; baseline 0.007 -11"><span class='ocrx_word' id='word_1_228' title='bbox 1907 672 2055 726; x_wconf 85' lang='lat' dir='ltr'><strong>rint?</strong></span> <span class='ocrx_word' id='word_1_229' title='bbox 2099 675 2207 729; x_wconf 84' lang='lat' dir='ltr'><strong>Sed</strong></span> <span class='ocrx_word' id='word_1_230' title='bbox 2260 685 2321 729; x_wconf 91' lang='lat' dir='ltr'><strong>ut</strong></span> <span class='ocrx_word' id='word_1_231' title='bbox 2381 685 2620 730; x_wconf 91' lang='lat' dir='ltr'><strong>vestram</strong></span> <span class='ocrx_word' id='word_1_232' title='bbox 2669 676 2724 731; x_wconf 92' lang='lat' dir='ltr'><strong>in</strong></span> <span class='ocrx_word' id='word_1_233' title='bbox 2771 676 3085 731; x_wconf 89' lang='lat' dir='ltr'><strong>accusando</strong></span> <span class='ocrx_word' id='word_1_234' title='bbox 3140 680 3511 735; x_wconf 79' lang='lat' dir='ltr'><strong>temeritatem</strong></span> 
     </span>
    </p>
   </div>
   <div class='ocr_carea' id='block_1_36' title="bbox 1909 762 3513 836">
    <p class='ocr_par' dir='ltr' id='par_1_36' title="bbox 1909 762 3513 836">
     <span class='ocr_line' id='line_1_36' title="bbox 1909 762 3513 836; baseline 0.006 -21"><span class='ocrx_word' id='word_1_235' title='bbox 1909 762 2370 835; x_wconf 81' lang='lat' dir='ltr'><strong>insolentiamque</strong></span> <span class='ocrx_word' id='word_1_236' title='bbox 2442 767 2588 821; x_wconf 89' lang='lat' dir='ltr'><strong>clare</strong></span> <span class='ocrx_word' id='word_1_237' title='bbox 2630 767 2945 836; x_wconf 85' lang='lat' dir='ltr'>perspicere</span> <span class='ocrx_word' id='word_1_238' title='bbox 2986 767 3229 836; x_wconf 73' lang='lat' dir='ltr'><strong>possitis,</strong></span> <span class='ocrx_word' id='word_1_239' title='bbox 3262 785 3513 825; x_wconf 81' lang='lat' dir='ltr'><strong>memen-</strong></span> 
     </span>
    </p>
   </div>
   <div class='ocr_carea' id='block_1_37' title="bbox 1911 838 3516 925">
    <p class='ocr_par' dir='ltr' id='par_1_37' title="bbox 1911 838 3516 925">
     <span class='ocr_line' id='line_1_37' title="bbox 1911 838 3516 925; baseline 0.006 -22"><span class='ocrx_word' id='word_1_240' title='bbox 1911 857 2024 907; x_wconf 90' lang='lat' dir='ltr'><strong>tote</strong></span> <span class='ocrx_word' id='word_1_241' title='bbox 2058 853 2112 905; x_wconf 90' lang='lat' dir='ltr'><strong>in</strong></span> <span class='ocrx_word' id='word_1_242' title='bbox 2141 838 2338 908; x_wconf 89' lang='lat' dir='ltr'><strong>eorum</strong></span> <span class='ocrx_word' id='word_1_243' title='bbox 2404 868 2638 909; x_wconf 87' lang='lat' dir='ltr'><strong>numero</strong></span> <span class='ocrx_word' id='word_1_244' title='bbox 2672 854 2763 923; x_wconf 85' lang='lat' dir='ltr'><strong>qui</strong></span> <span class='ocrx_word' id='word_1_245' title='bbox 2806 854 3036 925; x_wconf 90' lang='lat' dir='ltr'><strong>hujusce</strong></span> <span class='ocrx_word' id='word_1_246' title='bbox 3067 854 3288 910; x_wconf 80' lang='lat' dir='ltr'><strong>concilii</strong></span> <span class='ocrx_word' id='word_1_247' title='bbox 3319 847 3516 912; x_wconf 79' lang='lat' dir='ltr'><strong>deﬂui-</strong></span> 
     </span>
    </p>
   </div>
   <div class='ocr_carea' id='block_1_38' title="bbox 1911 926 3516 1018">
    <p class='ocr_par' dir='ltr' id='par_1_38' title="bbox 1911 926 3516 1018">
     <span class='ocr_line' id='line_1_38' title="bbox 1911 926 3516 1018; baseline 0.004 -22"><span class='ocrx_word' id='word_1_248' title='bbox 1911 942 2047 997; x_wconf 71' lang='lat' dir='ltr'><strong>iioni</strong></span> <span class='ocrx_word' id='word_1_249' title='bbox 2132 926 2597 1013; x_wconf 83' lang='lat' dir='ltr'><strong>subscripserunt,</strong></span> <span class='ocrx_word' id='word_1_250' title='bbox 2676 943 2846 999; x_wconf 79' lang='lat' dir='ltr'><strong>fuisse</strong></span> <span class='ocrx_word' id='word_1_251' title='bbox 2912 960 3038 999; x_wconf 91' lang='lat' dir='ltr'><strong>cum</strong></span> <span class='ocrx_word' id='word_1_252' title='bbox 3120 945 3311 1001; x_wconf 83' lang='lat' dir='ltr'><strong>divum</strong></span> <span class='ocrx_word' id='word_1_253' title='bbox 3365 946 3516 1018; x_wconf 73' lang='grc'><strong>(14³⁵)</strong></span> 
     </span>
    </p>
   </div>
   <div class='ocr_carea' id='block_1_39' title="bbox 1913 1032 3513 1107">
    <p class='ocr_par' dir='ltr' id='par_1_39' title="bbox 1913 1032 3513 1107">
     <span class='ocr_line' id='line_1_39' title="bbox 1913 1032 3513 1107; baseline 0.003 -20"><span class='ocrx_word' id='word_1_254' title='bbox 1913 1032 2260 1104; x_wconf 75' lang='lat' dir='ltr'><strong>Symennem,</strong></span> <span class='ocrx_word' id='word_1_255' title='bbox 2282 1034 2372 1101; x_wconf 93' lang='lat' dir='ltr'><strong>qui</strong></span> <span class='ocrx_word' id='word_1_256' title='bbox 2399 1050 2551 1088; x_wconf 82' lang='lat' dir='ltr'><strong>suam</strong></span> <span class='ocrx_word' id='word_1_257' title='bbox 2571 1034 2734 1089; x_wconf 86' lang='lat' dir='ltr'><strong>nobis</strong></span> <span class='ocrx_word' id='word_1_258' title='bbox 2760 1033 3026 1089; x_wconf 81' lang='lat' dir='ltr'><strong>virtutem</strong></span> <span class='ocrx_word' id='word_1_259' title='bbox 3044 1035 3099 1089; x_wconf 91' lang='lat' dir='ltr'><strong>in</strong></span> <span class='ocrx_word' id='word_1_260' title='bbox 3124 1036 3383 1091; x_wconf 84' lang='lat' dir='ltr'><strong>columna</strong></span> <span class='ocrx_word' id='word_1_261' title='bbox 3403 1034 3513 1107; x_wconf 86' lang='grc'><strong>(15)</strong></span> 
     </span>
    </p>
   </div>
   <div class='ocr_carea' id='block_1_40' title="bbox 1914 1122 3519 1198">
    <p class='ocr_par' dir='ltr' id='par_1_40' title="bbox 1914 1122 3519 1198">
     <span class='ocr_line' id='line_1_40' title="bbox 1914 1122 3519 1198; baseline 0.004 -23"><span class='ocrx_word' id='word_1_262' title='bbox 1914 1129 2167 1176; x_wconf 88' lang='lat' dir='ltr'><strong>testatam</strong></span> <span class='ocrx_word' id='word_1_263' title='bbox 2208 1122 2452 1191; x_wconf 83' lang='lat' dir='ltr'><strong>reliquit,</strong></span> <span class='ocrx_word' id='word_1_264' title='bbox 2506 1137 2667 1193; x_wconf 76' lang='lat' dir='ltr'><strong>quem</strong></span> <span class='ocrx_word' id='word_1_265' title='bbox 2703 1122 2818 1194; x_wconf 86' lang='lat' dir='ltr'><strong>(l6)</strong></span> <span class='ocrx_word' id='word_1_266' title='bbox 2874 1125 3221 1180; x_wconf 80' lang='lat' dir='ltr'><strong>orationibus</strong></span> <span class='ocrx_word' id='word_1_267' title='bbox 3268 1126 3519 1198; x_wconf 80' lang='lat' dir='ltr'><strong>hymnis-</strong></span> 
     </span>
    </p>
   </div>
   <div class='ocr_carea' id='block_1_41' title="bbox 1913 1214 3519 1285">
    <p class='ocr_par' dir='ltr' id='par_1_41' title="bbox 1913 1214 3519 1285">
     <span class='ocr_line' id='line_1_41' title="bbox 1913 1214 3519 1285; baseline 0.005 -18"><span class='ocrx_word' id='word_1_268' title='bbox 1913 1228 2021 1283; x_wconf 91' lang='lat' dir='ltr'><strong>que</strong></span> <span class='ocrx_word' id='word_1_269' title='bbox 2049 1214 2221 1269; x_wconf 78' lang='lat' dir='ltr'><strong>sacris</strong></span> <span class='ocrx_word' id='word_1_270' title='bbox 2260 1215 2561 1269; x_wconf 74' lang='lat' dir='ltr'><strong>celebravit</strong></span> <span class='ocrx_word' id='word_1_271' title='bbox 2608 1225 2665 1269; x_wconf 92' lang='lat' dir='ltr'><strong>ct</strong></span> <span class='ocrx_word' id='word_1_272' title='bbox 2711 1216 2829 1285; x_wconf 89' lang='lat' dir='ltr'><strong>ipse</strong></span> <span class='ocrx_word' id='word_1_273' title='bbox 2856 1216 3168 1284; x_wconf 80' lang='lat' dir='ltr'><strong>patriarcha</strong></span> <span class='ocrx_word' id='word_1_274' title='bbox 3198 1228 3387 1273; x_wconf 83' lang='lat' dir='ltr'><strong>vester</strong></span> <span class='ocrx_word' id='word_1_275' title='bbox 3418 1218 3519 1274; x_wconf 76' lang='lat' dir='ltr'><strong>Se-</strong></span> 
     </span>
    </p>
   </div>
   <div class='ocr_carea' id='block_1_42' title="bbox 1914 1306 3520 1376">
    <p class='ocr_par' dir='ltr' id='par_1_42' title="bbox 1914 1306 3520 1376">
     <span class='ocr_line' id='line_1_42' title="bbox 1914 1306 3520 1376; baseline 0.003 -17"><span class='ocrx_word' id='word_1_276' title='bbox 1914 1321 2121 1371; x_wconf 78' lang='lat' dir='ltr'><strong>verus,</strong></span> <span class='ocrx_word' id='word_1_277' title='bbox 2158 1316 2274 1359; x_wconf 91' lang='lat' dir='ltr'><strong>tum</strong></span> <span class='ocrx_word' id='word_1_278' title='bbox 2312 1321 2421 1359; x_wconf 88' lang='lat' dir='ltr'><strong>una</strong></span> <span class='ocrx_word' id='word_1_279' title='bbox 2461 1321 2586 1359; x_wconf 88' lang='lat' dir='ltr'><strong>cum</strong></span> <span class='ocrx_word' id='word_1_280' title='bbox 2628 1306 2722 1361; x_wconf 90' lang='lat' dir='ltr'><strong>illo</strong></span> <span class='ocrx_word' id='word_1_281' title='bbox 2768 1306 3166 1376; x_wconf 79' lang='lat' dir='ltr'><strong>subscripsisse</strong></span> <span class='ocrx_word' id='word_1_282' title='bbox 3194 1315 3247 1361; x_wconf 89' lang='lat' dir='ltr'><strong>et</strong></span> <span class='ocrx_word' id='word_1_283' title='bbox 3293 1308 3520 1364; x_wconf 65' lang='lat' dir='ltr'><strong>Bai-ada-</strong></span> 
     </span>
    </p>
   </div>
   <div class='ocr_carea' id='block_1_43' title="bbox 1919 1400 3522 1473">
    <p class='ocr_par' dir='ltr' id='par_1_43' title="bbox 1919 1400 3522 1473">
     <span class='ocr_line' id='line_1_43' title="bbox 1919 1400 3522 1473; baseline 0.004 -22"><span class='ocrx_word' id='word_1_284' title='bbox 1919 1408 2057 1461; x_wconf 90' lang='lat' dir='ltr'><strong>tum,</strong></span> <span class='ocrx_word' id='word_1_285' title='bbox 2089 1409 2144 1453; x_wconf 91' lang='lat' dir='ltr'><strong>et</strong></span> <span class='ocrx_word' id='word_1_286' title='bbox 2177 1400 2463 1462; x_wconf 78' lang='lat' dir='ltr'><strong>Jacolmm,</strong></span> <span class='ocrx_word' id='word_1_287' title='bbox 2512 1401 2621 1469; x_wconf 77' lang='lat' dir='ltr'><strong>qui</strong></span> <span class='ocrx_word' id='word_1_288' title='bbox 2663 1400 2927 1454; x_wconf 81' lang='lat' dir='ltr'><strong>miracula</strong></span> <span class='ocrx_word' id='word_1_289' title='bbox 2974 1401 3115 1455; x_wconf 85' lang='lat' dir='ltr'><strong>bene</strong></span> <span class='ocrx_word' id='word_1_290' title='bbox 3148 1402 3324 1457; x_wconf 86' lang='lat' dir='ltr'><strong>multa</strong></span> <span class='ocrx_word' id='word_1_291' title='bbox 3348 1410 3522 1473; x_wconf 86' lang='lat' dir='ltr'><strong>patra-</strong></span> 
     </span>
    </p>
   </div>
   <div class='ocr_carea' id='block_1_44' title="bbox 1918 1490 3530 1563">
    <p class='ocr_par' dir='ltr' id='par_1_44' title="bbox 1918 1490 3530 1563">
     <span class='ocr_line' id='line_1_44' title="bbox 1918 1490 3530 1563; baseline 0.003 -20"><span class='ocrx_word' id='word_1_292' title='bbox 1918 1498 2068 1543; x_wconf 87' lang='lat' dir='ltr'><strong>runt.</strong></span> <span class='ocrx_word' id='word_1_293' title='bbox 2092 1490 2294 1545; x_wconf 79' lang='lat' dir='ltr'><strong>Verum</strong></span> <span class='ocrx_word' id='word_1_294' title='bbox 2325 1491 2456 1559; x_wconf 88' lang='lat' dir='ltr'><strong>quid</strong></span> <span class='ocrx_word' id='word_1_295' title='bbox 2482 1492 2819 1547; x_wconf 65' lang='lat' dir='ltr'><strong>oﬂ&#39;endicula</strong></span> <span class='ocrx_word' id='word_1_296' title='bbox 2846 1493 2983 1555; x_wconf 66' lang='lat' dir='ltr'><strong>hazc,</strong></span> <span class='ocrx_word' id='word_1_297' title='bbox 3038 1509 3167 1562; x_wconf 73' lang='lat' dir='ltr'><strong>quze</strong></span> <span class='ocrx_word' id='word_1_298' title='bbox 3204 1508 3345 1563; x_wconf 84' lang='lat' dir='ltr'><strong>pura</strong></span> <span class='ocrx_word' id='word_1_299' title='bbox 3372 1504 3530 1563; x_wconf 85' lang='lat' dir='ltr'><strong>puta-</strong></span> 
     </span>
    </p>
   </div>
   <div class='ocr_carea' id='block_1_45' title="bbox 1919 1580 3527 1653">
    <p class='ocr_par' dir='ltr' id='par_1_45' title="bbox 1919 1580 3527 1653">
     <span class='ocr_line' id='line_1_45' title="bbox 1919 1580 3527 1653; baseline 0.002 -20"><span class='ocrx_word' id='word_1_300' title='bbox 1919 1595 2026 1649; x_wconf 88' lang='lat' dir='ltr'><strong>que</strong></span> <span class='ocrx_word' id='word_1_301' title='bbox 2054 1580 2301 1634; x_wconf 73' lang='lat' dir='ltr'><strong>subdolze</strong></span> <span class='ocrx_word' id='word_1_302' title='bbox 2344 1582 2637 1637; x_wconf 75' lang='lat' dir='ltr'><strong>rhetorica:</strong></span> <span class='ocrx_word' id='word_1_303' title='bbox 2671 1592 2983 1637; x_wconf 87' lang='lat' dir='ltr'><strong>commenta</strong></span> <span class='ocrx_word' id='word_1_304' title='bbox 3008 1592 3159 1645; x_wconf 90' lang='lat' dir='ltr'><strong>sunt,</strong></span> <span class='ocrx_word' id='word_1_305' title='bbox 3188 1584 3430 1653; x_wconf 89' lang='lat' dir='ltr'><strong>objicitis</strong></span> <span class='ocrx_word' id='word_1_306' title='bbox 3458 1584 3527 1637; x_wconf 80' lang='lat' dir='ltr'><strong>iis</strong></span> 
     </span>
    </p>
   </div>
   <div class='ocr_carea' id='block_1_46' title="bbox 1919 1674 3527 1746">
    <p class='ocr_par' dir='ltr' id='par_1_46' title="bbox 1919 1674 3527 1746">
     <span class='ocr_line' id='line_1_46' title="bbox 1919 1674 3527 1746; baseline 0.002 -20"><span class='ocrx_word' id='word_1_307' title='bbox 1919 1674 2013 1743; x_wconf 91' lang='lat' dir='ltr'><strong>qui</strong></span> <span class='ocrx_word' id='word_1_308' title='bbox 2086 1674 2306 1743; x_wconf 86' lang='lat' dir='ltr'><strong>pietatis</strong></span> <span class='ocrx_word' id='word_1_309' title='bbox 2355 1676 2732 1745; x_wconf 66' lang='lat' dir='ltr'><strong>adipiscendae</strong></span> <span class='ocrx_word' id='word_1_310' title='bbox 2787 1675 2973 1731; x_wconf 86' lang='lat' dir='ltr'><strong>studio</strong></span> <span class='ocrx_word' id='word_1_311' title='bbox 3007 1676 3275 1746; x_wconf 76' lang='lat' dir='ltr'><strong>’ilagrant,</strong></span> <span class='ocrx_word' id='word_1_312' title='bbox 3316 1690 3527 1746; x_wconf 83' lang='lat' dir='ltr'><strong>eosque</strong></span> 
     </span>
    </p>
   </div>
   <div class='ocr_carea' id='block_1_47' title="bbox 1923 1764 3526 1836">
    <p class='ocr_par' dir='ltr' id='par_1_47' title="bbox 1923 1764 3526 1836">
     <span class='ocr_line' id='line_1_47' title="bbox 1923 1764 3526 1836; baseline 0.002 -19"><span class='ocrx_word' id='word_1_313' title='bbox 1923 1779 1953 1817; x_wconf 91' lang='lat' dir='ltr'><strong>a</strong></span> <span class='ocrx_word' id='word_1_314' title='bbox 1995 1767 2227 1819; x_wconf 80' lang='lat' dir='ltr'><strong>veritate</strong></span> <span class='ocrx_word' id='word_1_315' title='bbox 2267 1764 2601 1835; x_wconf 85' lang='lat' dir='ltr'><strong>detorquere</strong></span> <span class='ocrx_word' id='word_1_316' title='bbox 2629 1767 2928 1831; x_wconf 88' lang='lat' dir='ltr'><strong>conamini,</strong></span> <span class='ocrx_word' id='word_1_317' title='bbox 2950 1767 3044 1836; x_wconf 90' lang='lat' dir='ltr'><strong>qui</strong></span> <span class='ocrx_word' id='word_1_318' title='bbox 3082 1776 3230 1821; x_wconf 88' lang='lat' dir='ltr'><strong>recta</strong></span> <span class='ocrx_word' id='word_1_319' title='bbox 3266 1766 3526 1822; x_wconf 88' lang='lat' dir='ltr'><strong>incedere</strong></span> 
     </span>
    </p>
   </div>
   <div class='ocr_carea' id='block_1_48' title="bbox 1922 1851 3531 1923">
    <p class='ocr_par' dir='ltr' id='par_1_48' title="bbox 1922 1851 3531 1923">
     <span class='ocr_line' id='line_1_48' title="bbox 1922 1851 3531 1923; baseline 0.001 -17"><span class='ocrx_word' id='word_1_320' title='bbox 1922 1851 2149 1906; x_wconf 83' lang='lat' dir='ltr'><strong>student</strong></span> <span class='ocrx_word' id='word_1_321' title='bbox 2174 1853 2197 1905; x_wconf 91' lang='lat'><strong>?</strong></span> <span class='ocrx_word' id='word_1_322' title='bbox 2231 1853 2405 1907; x_wconf 87' lang='lat' dir='ltr'><strong>Porro</strong></span> <span class='ocrx_word' id='word_1_323' title='bbox 2435 1870 2544 1923; x_wconf 94' lang='lat' dir='ltr'><strong>quo</strong></span> <span class='ocrx_word' id='word_1_324' title='bbox 2574 1853 2790 1907; x_wconf 80' lang='lat' dir='ltr'><strong>facilius</strong></span> <span class='ocrx_word' id='word_1_325' title='bbox 2815 1869 3000 1907; x_wconf 87' lang='lat' dir='ltr'><strong>coram</strong></span> <span class='ocrx_word' id='word_1_326' title='bbox 3056 1854 3168 1907; x_wconf 81' lang='lat' dir='ltr'><strong>Deo</strong></span> <span class='ocrx_word' id='word_1_327' title='bbox 3195 1862 3251 1909; x_wconf 92' lang='lat' dir='ltr'><strong>et</strong></span> <span class='ocrx_word' id='word_1_328' title='bbox 3294 1854 3531 1909; x_wconf 80' lang='lat' dir='ltr'><strong>homini-</strong></span> 
     </span>
    </p>
   </div>
   <div class='ocr_carea' id='block_1_49' title="bbox 1926 1941 3529 2013">
    <p class='ocr_par' dir='ltr' id='par_1_49' title="bbox 1926 1941 3529 2013">
     <span class='ocr_line' id='line_1_49' title="bbox 1926 1941 3529 2013; baseline 0.002 -18"><span class='ocrx_word' id='word_1_329' title='bbox 1926 1941 2030 1995; x_wconf 90' lang='lat' dir='ltr'><strong>bus</strong></span> <span class='ocrx_word' id='word_1_330' title='bbox 2081 1943 2439 2012; x_wconf 88' lang='lat' dir='ltr'><strong>perspicuum</strong></span> <span class='ocrx_word' id='word_1_331' title='bbox 2485 1943 2645 1998; x_wconf 86' lang='lat' dir='ltr'><strong>vobis</strong></span> <span class='ocrx_word' id='word_1_332' title='bbox 2690 1944 2873 1998; x_wconf 82' lang='lat' dir='ltr'><strong>facere</strong></span> <span class='ocrx_word' id='word_1_333' title='bbox 2918 1944 3195 2013; x_wconf 87' lang='lat' dir='ltr'><strong>possimus</strong></span> <span class='ocrx_word' id='word_1_334' title='bbox 3233 1943 3529 1999; x_wconf 84' lang='lat' dir='ltr'><strong>absurdam</strong></span> 
     </span>
    </p>
   </div>
   <div class='ocr_carea' id='block_1_50' title="bbox 1922 2036 3533 2105">
    <p class='ocr_par' dir='ltr' id='par_1_50' title="bbox 1922 2036 3533 2105">
     <span class='ocr_line' id='line_1_50' title="bbox 1922 2036 3533 2105; baseline 0.004 -18"><span class='ocrx_word' id='word_1_335' title='bbox 1922 2048 2043 2087; x_wconf 86' lang='lat' dir='ltr'><strong>esse</strong></span> <span class='ocrx_word' id='word_1_336' title='bbox 2066 2043 2306 2088; x_wconf 87' lang='lat' dir='ltr'><strong>vestram</strong></span> <span class='ocrx_word' id='word_1_337' title='bbox 2338 2051 2368 2089; x_wconf 90' lang='lat' dir='ltr'><strong>a</strong></span> <span class='ocrx_word' id='word_1_338' title='bbox 2413 2044 2603 2090; x_wconf 86' lang='lat' dir='ltr'><strong>nostra</strong></span> <span class='ocrx_word' id='word_1_339' title='bbox 2648 2036 2952 2105; x_wconf 87' lang='lat' dir='ltr'><strong>sejunctam</strong></span> <span class='ocrx_word' id='word_1_340' title='bbox 2986 2036 3331 2101; x_wconf 86' lang='lat' dir='ltr'><strong>societatem,</strong></span> <span class='ocrx_word' id='word_1_341' title='bbox 3368 2045 3533 2093; x_wconf 69' lang='lat' dir='ltr'><strong>caete-</strong></span> 
     </span>
    </p>
   </div>
   <div class='ocr_carea' id='block_1_51' title="bbox 1921 2124 3531 2195">
    <p class='ocr_par' dir='ltr' id='par_1_51' title="bbox 1921 2124 3531 2195">
     <span class='ocr_line' id='line_1_51' title="bbox 1921 2124 3531 2195; baseline 0.005 -19"><span class='ocrx_word' id='word_1_342' title='bbox 1921 2125 1997 2177; x_wconf 83' lang='lat' dir='ltr'><strong>ris</strong></span> <span class='ocrx_word' id='word_1_343' title='bbox 2045 2124 2306 2179; x_wconf 89' lang='lat' dir='ltr'><strong>omnibus</strong></span> <span class='ocrx_word' id='word_1_344' title='bbox 2366 2126 2775 2195; x_wconf 74' lang='lat' dir='ltr'><strong>praetermissis,</strong></span> <span class='ocrx_word' id='word_1_345' title='bbox 2803 2125 2909 2181; x_wconf 86' lang='lat' dir='ltr'><strong>hoc</strong></span> <span class='ocrx_word' id='word_1_346' title='bbox 2956 2141 3128 2181; x_wconf 90' lang='lat' dir='ltr'><strong>unum</strong></span> <span class='ocrx_word' id='word_1_347' title='bbox 3181 2127 3438 2182; x_wconf 87' lang='lat' dir='ltr'><strong>dicimus.</strong></span> <span class='ocrx_word' id='word_1_348' title='bbox 3473 2128 3531 2184; x_wconf 91' lang='lat' dir='ltr'><strong>Si</strong></span> 
     </span>
    </p>
   </div>
   <div class='ocr_carea' id='block_1_52' title="bbox 1921 2216 3533 2291">
    <p class='ocr_par' dir='ltr' id='par_1_52' title="bbox 1921 2216 3533 2291">
     <span class='ocr_line' id='line_1_52' title="bbox 1921 2216 3533 2291; baseline 0.003 -21"><span class='ocrx_word' id='word_1_349' title='bbox 1921 2216 2186 2270; x_wconf 88' lang='lat' dir='ltr'><strong>nimirum</strong></span> <span class='ocrx_word' id='word_1_350' title='bbox 2252 2218 2659 2286; x_wconf 78' lang='lat' dir='ltr'><strong>amplectenda,</strong></span> <span class='ocrx_word' id='word_1_351' title='bbox 2728 2235 2851 2289; x_wconf 75' lang='lat' dir='ltr'><strong>quae</strong></span> <span class='ocrx_word' id='word_1_352' title='bbox 2906 2221 3298 2291; x_wconf 87' lang='lat' dir='ltr'><strong>proponimus,</strong></span> <span class='ocrx_word' id='word_1_353' title='bbox 3382 2227 3533 2275; x_wconf 83' lang='lat' dir='ltr'><strong>recta</strong></span> 
     </span>
    </p>
   </div>
   <div class='ocr_carea' id='block_1_53' title="bbox 1922 2305 3536 2377">
    <p class='ocr_par' dir='ltr' id='par_1_53' title="bbox 1922 2305 3536 2377">
     <span class='ocr_line' id='line_1_53' title="bbox 1922 2305 3536 2377; baseline 0.001 -16"><span class='ocrx_word' id='word_1_354' title='bbox 1922 2305 2208 2377; x_wconf 80' lang='lat' dir='ltr'><strong>dogmata,</strong></span> <span class='ocrx_word' id='word_1_355' title='bbox 2242 2307 2521 2361; x_wconf 83' lang='lat' dir='ltr'><strong>fateamini</strong></span> <span class='ocrx_word' id='word_1_356' title='bbox 2556 2324 2719 2363; x_wconf 89' lang='lat' dir='ltr'><strong>unam</strong></span> <span class='ocrx_word' id='word_1_357' title='bbox 2778 2311 2872 2367; x_wconf 85' lang='lat' dir='ltr'><strong>Dei</strong></span> <span class='ocrx_word' id='word_1_358' title='bbox 2920 2311 3086 2364; x_wconf 84' lang='lat' dir='ltr'><strong>Verbi</strong></span> <span class='ocrx_word' id='word_1_359' title='bbox 3121 2318 3377 2365; x_wconf 87' lang='lat' dir='ltr'><strong>naturam</strong></span> <span class='ocrx_word' id='word_1_360' title='bbox 3412 2325 3536 2364; x_wconf 84' lang='lat' dir='ltr'><strong>car-</strong></span> 
     </span>
    </p>
   </div>
   <div class='ocr_carea' id='block_1_54' title="bbox 1923 2396 3535 2467">
    <p class='ocr_par' dir='ltr' id='par_1_54' title="bbox 1923 2396 3535 2467">
     <span class='ocr_line' id='line_1_54' title="bbox 1923 2396 3535 2467; baseline 0.001 -17"><span class='ocrx_word' id='word_1_361' title='bbox 1923 2411 2049 2450; x_wconf 88' lang='lat' dir='ltr'><strong>nem</strong></span> <span class='ocrx_word' id='word_1_362' title='bbox 2094 2396 2482 2467; x_wconf 84' lang='lat' dir='ltr'><strong>assumpsisse,</strong></span> <span class='ocrx_word' id='word_1_363' title='bbox 2538 2406 2703 2466; x_wconf 87' lang='lat' dir='ltr'><strong>atque</strong></span> <span class='ocrx_word' id='word_1_364' title='bbox 2752 2397 2893 2453; x_wconf 91' lang='lat' dir='ltr'><strong>duas</strong></span> <span class='ocrx_word' id='word_1_365' title='bbox 2957 2396 3162 2452; x_wconf 87' lang='lat' dir='ltr'><strong>Christi</strong></span> <span class='ocrx_word' id='word_1_366' title='bbox 3212 2405 3440 2453; x_wconf 84' lang='lat' dir='ltr'><strong>naturas</strong></span> <span class='ocrx_word' id='word_1_367' title='bbox 3479 2396 3535 2451; x_wconf 90' lang='lat' dir='ltr'><strong>in</strong></span> 
     </span>
    </p>
   </div>
   <div class='ocr_carea' id='block_1_55' title="bbox 1925 2490 3537 2560">
    <p class='ocr_par' dir='ltr' id='par_1_55' title="bbox 1925 2490 3537 2560">
     <span class='ocr_line' id='line_1_55' title="bbox 1925 2490 3537 2560; baseline 0.001 -18"><span class='ocrx_word' id='word_1_368' title='bbox 1925 2504 2031 2543; x_wconf 88' lang='lat' dir='ltr'><strong>una</strong></span> <span class='ocrx_word' id='word_1_369' title='bbox 2064 2490 2373 2560; x_wconf 87' lang='lat' dir='ltr'><strong>eademque</strong></span> <span class='ocrx_word' id='word_1_370' title='bbox 2409 2506 2645 2560; x_wconf 87' lang='lat' dir='ltr'><strong>persona</strong></span> <span class='ocrx_word' id='word_1_371' title='bbox 2703 2490 3031 2555; x_wconf 85' lang='lat' dir='ltr'><strong>subsistere,</strong></span> <span class='ocrx_word' id='word_1_372' title='bbox 3064 2490 3227 2545; x_wconf 81' lang='lat' dir='ltr'><strong>ﬁdem</strong></span> <span class='ocrx_word' id='word_1_373' title='bbox 3270 2498 3537 2560; x_wconf 64' lang='lat' dir='ltr'><strong>praestan-</strong></span> 
     </span>
    </p>
   </div>
   <div class='ocr_carea' id='block_1_56' title="bbox 1926 2580 3534 2651">
    <p class='ocr_par' dir='ltr' id='par_1_56' title="bbox 1926 2580 3534 2651">
     <span class='ocr_line' id='line_1_56' title="bbox 1926 2580 3534 2651; baseline -0.002 -16"><span class='ocrx_word' id='word_1_374' title='bbox 1926 2581 1998 2635; x_wconf 90' lang='lat' dir='ltr'><strong>do</strong></span> <span class='ocrx_word' id='word_1_375' title='bbox 2065 2582 2303 2636; x_wconf 91' lang='lat' dir='ltr'><strong>concilio</strong></span> <span class='ocrx_word' id='word_1_376' title='bbox 2356 2590 2412 2635; x_wconf 91' lang='lat' dir='ltr'><strong>et</strong></span> <span class='ocrx_word' id='word_1_377' title='bbox 2437 2581 2605 2635; x_wconf 87' lang='lat' dir='ltr'><strong>Leoni</strong></span> <span class='ocrx_word' id='word_1_378' title='bbox 2650 2580 2895 2651; x_wconf 74' lang='lat' dir='ltr'><strong>(quibus</strong></span> <span class='ocrx_word' id='word_1_379' title='bbox 2950 2580 3211 2635; x_wconf 81' lang='lat' dir='ltr'><strong>omnibus</strong></span> <span class='ocrx_word' id='word_1_380' title='bbox 3256 2581 3534 2635; x_wconf 85' lang='lat' dir='ltr'><strong>contraria</strong></span> 
     </span>
    </p>
   </div>
   <div class='ocr_carea' id='block_1_57' title="bbox 1927 2669 3539 2740">
    <p class='ocr_par' dir='ltr' id='par_1_57' title="bbox 1927 2669 3539 2740">
     <span class='ocr_line' id='line_1_57' title="bbox 1927 2669 3539 2740; baseline -0.002 -15"><span class='ocrx_word' id='word_1_381' title='bbox 1927 2673 2252 2727; x_wconf 85' lang='lat' dir='ltr'><strong>sentientes.</strong></span> <span class='ocrx_word' id='word_1_382' title='bbox 2287 2680 2382 2727; x_wconf 75' lang='lat' dir='ltr'><strong>aut</strong></span> <span class='ocrx_word' id='word_1_383' title='bbox 2428 2672 2694 2727; x_wconf 86' lang='lat' dir='ltr'><strong>docentes</strong></span> <span class='ocrx_word' id='word_1_384' title='bbox 2744 2670 3297 2740; x_wconf 88' lang='lat' dir='ltr'><strong>subscribentesque,</strong></span> <span class='ocrx_word' id='word_1_385' title='bbox 3333 2669 3417 2723; x_wconf 87' lang='lat' dir='ltr'><strong>vel</strong></span> <span class='ocrx_word' id='word_1_386' title='bbox 3442 2684 3539 2722; x_wconf 88' lang='lat' dir='ltr'><strong>an-</strong></span> 
     </span>
    </p>
   </div>
   <div class='ocr_carea' id='block_1_58' title="bbox 1928 2759 3539 2831">
    <p class='ocr_par' dir='ltr' id='par_1_58' title="bbox 1928 2759 3539 2831">
     <span class='ocr_line' id='line_1_58' title="bbox 1928 2759 3539 2831; baseline -0.001 -16"><span class='ocrx_word' id='word_1_387' title='bbox 1928 2760 2033 2830; x_wconf 74' lang='lat' dir='ltr'><strong>geli</strong></span> <span class='ocrx_word' id='word_1_388' title='bbox 2093 2760 2225 2823; x_wconf 88' lang='lat' dir='ltr'><strong>sint.</strong></span> <span class='ocrx_word' id='word_1_389' title='bbox 2254 2776 2350 2816; x_wconf 88' lang='lat' dir='ltr'><strong>eos</strong></span> <span class='ocrx_word' id='word_1_390' title='bbox 2413 2762 2844 2831; x_wconf 86' lang='lat' dir='ltr'><strong>proscribendos</strong></span> <span class='ocrx_word' id='word_1_391' title='bbox 2891 2760 3250 2831; x_wconf 84' lang='lat' dir='ltr'><strong>judicamus)</strong></span> <span class='ocrx_word' id='word_1_392' title='bbox 3300 2759 3539 2813; x_wconf 88' lang='lat' dir='ltr'><strong>libenter</strong></span> 
     </span>
    </p>
   </div>
   <div class='ocr_carea' id='block_1_59' title="bbox 1930 2853 3542 2926">
    <p class='ocr_par' dir='ltr' id='par_1_59' title="bbox 1930 2853 3542 2926">
     <span class='ocr_line' id='line_1_59' title="bbox 1930 2853 3542 2926; baseline -0.001 -17"><span class='ocrx_word' id='word_1_393' title='bbox 1930 2857 2342 2926; x_wconf 87' lang='lat' dir='ltr'><strong>amplectimur,</strong></span> <span class='ocrx_word' id='word_1_394' title='bbox 2407 2856 2975 2926; x_wconf 84' lang='lat' dir='ltr'><strong>commendamusque</strong></span> <span class='ocrx_word' id='word_1_395' title='bbox 3024 2862 3081 2910; x_wconf 93' lang='lat' dir='ltr'><strong>et</strong></span> <span class='ocrx_word' id='word_1_396' title='bbox 3134 2853 3423 2918; x_wconf 80' lang='lat' dir='ltr'><strong>Severum,</strong></span> <span class='ocrx_word' id='word_1_397' title='bbox 3486 2862 3542 2908; x_wconf 83' lang='lat' dir='ltr'><strong>et</strong></span> 
     </span>
    </p>
   </div>
   <div class='ocr_carea' id='block_1_60' title="bbox 1932 2956 3540 3028">
    <p class='ocr_par' dir='ltr' id='par_1_60' title="bbox 1932 2956 3540 3028">
     <span class='ocr_line' id='line_1_60' title="bbox 1932 2956 3540 3028; baseline -0.002 -16"><span class='ocrx_word' id='word_1_398' title='bbox 1932 2959 2253 3012; x_wconf 89' lang='lat' dir='ltr'><strong>Dioscorum</strong></span> <span class='ocrx_word' id='word_1_399' title='bbox 2304 2956 2439 3028; x_wconf 84' lang='lat' dir='ltr'><strong>(l7),</strong></span> <span class='ocrx_word' id='word_1_400' title='bbox 2487 2968 2543 3013; x_wconf 91' lang='lat' dir='ltr'><strong>et</strong></span> <span class='ocrx_word' id='word_1_401' title='bbox 2589 2958 2967 3023; x_wconf 87' lang='lat' dir='ltr'><strong>Timotheum,</strong></span> <span class='ocrx_word' id='word_1_402' title='bbox 3025 2969 3081 3014; x_wconf 92' lang='lat' dir='ltr'><strong>et</strong></span> <span class='ocrx_word' id='word_1_403' title='bbox 3112 2972 3229 3020; x_wconf 90' lang='lat' dir='ltr'><strong>vos,</strong></span> <span class='ocrx_word' id='word_1_404' title='bbox 3261 2964 3317 3012; x_wconf 93' lang='lat' dir='ltr'><strong>et</strong></span> <span class='ocrx_word' id='word_1_405' title='bbox 3342 2970 3540 3027; x_wconf 78' lang='lat' dir='ltr'><strong>quem-</strong></span> 
     </span>
    </p>
   </div>
   <div class='ocr_carea' id='block_1_61' title="bbox 1933 3046 3540 3119">
    <p class='ocr_par' dir='ltr' id='par_1_61' title="bbox 1933 3046 3540 3119">
     <span class='ocr_line' id='line_1_61' title="bbox 1933 3046 3540 3119; baseline -0.002 -16"><span class='ocrx_word' id='word_1_406' title='bbox 1933 3048 2067 3103; x_wconf 86' lang='lat' dir='ltr'><strong>libet</strong></span> <span class='ocrx_word' id='word_1_407' title='bbox 2098 3048 2265 3103; x_wconf 89' lang='lat' dir='ltr'><strong>alium</strong></span> <span class='ocrx_word' id='word_1_408' title='bbox 2300 3048 2373 3103; x_wconf 86' lang='lat' dir='ltr'><strong>ita</strong></span> <span class='ocrx_word' id='word_1_409' title='bbox 2423 3050 2779 3115; x_wconf 88' lang='lat' dir='ltr'><strong>sentientem,</strong></span> <span class='ocrx_word' id='word_1_410' title='bbox 2812 3050 3064 3119; x_wconf 89' lang='lat' dir='ltr'><strong>nihilque</strong></span> <span class='ocrx_word' id='word_1_411' title='bbox 3107 3057 3374 3119; x_wconf 66' lang='lat' dir='ltr'><strong>praeterea</strong></span> <span class='ocrx_word' id='word_1_412' title='bbox 3398 3046 3540 3101; x_wconf 55' lang='lat' dir='ltr'><strong>dicio</strong></span> 
     </span>
    </p>
   </div>
   <div class='ocr_carea' id='block_1_62' title="bbox 238 3138 1829 3229">
    <p class='ocr_par' dir='ltr' id='par_1_62' title="bbox 238 3144 1829 3217">
     <span class='ocr_line' id='line_1_62' title="bbox 238 3144 1829 3217; baseline 0.001 -20"><span class='ocrx_word' id='word_1_413' title='bbox 238 3144 531 3214; x_wconf 71' lang='grc' dir='ltr'>ποιμένες,</span> <span class='ocrx_word' id='word_1_414' title='bbox 570 3146 662 3197; x_wconf 71' lang='grc' dir='ltr'><strong>καὶ</strong></span> <span class='ocrx_word' id='word_1_415' title='bbox 698 3148 1005 3215; x_wconf 80' lang='grc' dir='ltr'>φωστῆρες-</span> <span class='ocrx_word' id='word_1_416' title='bbox 1029 3145 1173 3209; x_wconf 82' lang='grc' dir='ltr'>τίνες</span> <span class='ocrx_word' id='word_1_417' title='bbox 1198 3145 1254 3197; x_wconf 79' lang='grc' dir='ltr'>δὲ</span> <span class='ocrx_word' id='word_1_418' title='bbox 1273 3146 1504 3216; x_wconf 83' lang='grc' dir='ltr'>ἀστέρες</span> <span class='ocrx_word' id='word_1_419' title='bbox 1540 3147 1829 3217; x_wconf 79' lang='grc' dir='ltr'>πλανῆται,</span> 
     </span>
    </p>
   </div>
   <div class='ocr_carea' id='block_1_63' title="bbox 1932 3138 3545 3229">
    <p class='ocr_par' dir='ltr' id='par_1_63' title="bbox 1936 3138 3545 3212">
     <span class='ocr_line' id='line_1_63' title="bbox 1936 3138 3545 3212; baseline -0.003 -16"><span class='ocrx_word' id='word_1_420' title='bbox 1936 3157 2103 3196; x_wconf 85' lang='lat' dir='ltr'><strong>mus:</strong></span> <span class='ocrx_word' id='word_1_421' title='bbox 2134 3142 2229 3196; x_wconf 88' lang='lat' dir='ltr'><strong>sed</strong></span> <span class='ocrx_word' id='word_1_422' title='bbox 2288 3142 2487 3197; x_wconf 80' lang='lat' dir='ltr'><strong>horum</strong></span> <span class='ocrx_word' id='word_1_423' title='bbox 2534 3142 2784 3197; x_wconf 87' lang='lat' dir='ltr'><strong>omnium</strong></span> <span class='ocrx_word' id='word_1_424' title='bbox 2846 3140 2981 3212; x_wconf 90' lang='lat' dir='ltr'><strong>(qui</strong></span> <span class='ocrx_word' id='word_1_425' title='bbox 3016 3142 3090 3195; x_wconf 89' lang='lat' dir='ltr'><strong>ita</strong></span> <span class='ocrx_word' id='word_1_426' title='bbox 3143 3138 3417 3202; x_wconf 89' lang='lat' dir='ltr'><strong>sentiunt,</strong></span> <span class='ocrx_word' id='word_1_427' title='bbox 3449 3153 3545 3199; x_wconf 73' lang='lat' dir='ltr'><strong>aut</strong></span> 
     </span>
    </p>
   </div>
   <div class='ocr_carea' id='block_1_64' title="bbox 239 3235 1835 3308">
    <p class='ocr_par' dir='ltr' id='par_1_64' title="bbox 239 3235 1835 3308">
     <span class='ocr_line' id='line_1_64' title="bbox 239 3235 1835 3308; baseline 0 -19"><span class='ocrx_word' id='word_1_428' title='bbox 239 3240 347 3289; x_wconf 73' lang='grc' dir='ltr'><strong>καὶ</strong></span> <span class='ocrx_word' id='word_1_429' title='bbox 393 3236 612 3308; x_wconf 76' lang='grc' dir='ltr'>λῃσταὶ,</span> <span class='ocrx_word' id='word_1_430' title='bbox 647 3236 741 3288; x_wconf 76' lang='grc' dir='ltr'><strong>καὶ</strong></span> <span class='ocrx_word' id='word_1_431' title='bbox 774 3235 950 3297; x_wconf 76' lang='grc' dir='ltr'>λύκοι,</span> <span class='ocrx_word' id='word_1_432' title='bbox 978 3238 1058 3299; x_wconf 83' lang='grc' dir='ltr'>εἰς</span> <span class='ocrx_word' id='word_1_433' title='bbox 1083 3235 1346 3305; x_wconf 76' lang='grc' dir='ltr'>διαὲρεσιν</span> <span class='ocrx_word' id='word_1_434' title='bbox 1379 3236 1473 3288; x_wconf 77' lang='grc' dir='ltr'>καὶ</span> <span class='ocrx_word' id='word_1_435' title='bbox 1504 3235 1709 3307; x_wconf 65' lang='grc' dir='ltr'>φθορὰν</span> <span class='ocrx_word' id='word_1_436' title='bbox 1736 3238 1835 3306; x_wconf 75' lang='grc' dir='ltr'>τῆς</span> 
     </span>
    </p>
   </div>
   <div class='ocr_carea' id='block_1_65' title="bbox 256 3326 1834 3399">
    <p class='ocr_par' dir='ltr' id='par_1_65' title="bbox 256 3326 1834 3399">
     <span class='ocr_line' id='line_1_65' title="bbox 256 3326 1834 3399; baseline 0.001 -20"><span class='ocrx_word' id='word_1_437' title='bbox 256 3326 595 3396; x_wconf 78' lang='grc' dir='ltr'>Ἑκκλησέας</span> <span class='ocrx_word' id='word_1_438' title='bbox 626 3326 864 3397; x_wconf 80' lang='grc' dir='ltr'>Χριστοῦ</span> <span class='ocrx_word' id='word_1_439' title='bbox 918 3327 993 3397; x_wconf 82' lang='grc' dir='ltr'>τῷ</span> <span class='ocrx_word' id='word_1_440' title='bbox 1037 3327 1270 3398; x_wconf 65' lang='grc' dir='ltr'>διαϐόλῳ</span> <span class='ocrx_word' id='word_1_441' title='bbox 1310 3328 1834 3399; x_wconf 75' lang='grc' dir='ltr'>&gt;.ειτουργήσαντες’</span> 
     </span>
    </p>
   </div>
   <div class='ocr_carea' id='block_1_66' title="bbox 241 3416 1839 3489">
    <p class='ocr_par' dir='ltr' id='par_1_66' title="bbox 241 3416 1839 3489">
     <span class='ocr_line' id='line_1_66' title="bbox 241 3416 1839 3489; baseline 0.001 -19"><span class='ocrx_word' id='word_1_442' title='bbox 241 3418 503 3481; x_wconf 74' lang='grc' dir='ltr'>εἰκότως,</span> <span class='ocrx_word' id='word_1_443' title='bbox 532 3416 626 3480; x_wconf 77' lang='grc' dir='ltr'><strong>οῦς</strong></span> <span class='ocrx_word' id='word_1_444' title='bbox 678 3418 777 3486; x_wconf 77' lang='grc' dir='ltr'>μὲν</span> <span class='ocrx_word' id='word_1_445' title='bbox 828 3417 1061 3488; x_wconf 75' lang='grc' dir='ltr'>εὕρομεν</span> <span class='ocrx_word' id='word_1_446' title='bbox 1111 3418 1297 3488; x_wconf 82' lang='grc' dir='ltr'>σαφῶς</span> <span class='ocrx_word' id='word_1_447' title='bbox 1332 3421 1393 3470; x_wconf 75' lang='grc' dir='ltr'><strong>ἐκ</strong></span> <span class='ocrx_word' id='word_1_448' title='bbox 1438 3418 1549 3473; x_wconf 82' lang='grc' dir='ltr'><strong>τῶν</strong></span> <span class='ocrx_word' id='word_1_449' title='bbox 1594 3436 1839 3489; x_wconf 81' lang='grc' dir='ltr'>γεγραμ-</span> 
     </span>
    </p>
   </div>
   <div class='ocr_carea' id='block_1_67' title="bbox 245 3506 1840 3579">
    <p class='ocr_par' dir='ltr' id='par_1_67' title="bbox 245 3506 1840 3579">
     <span class='ocr_line' id='line_1_67' title="bbox 245 3506 1840 3579; baseline 0 -20"><span class='ocrx_word' id='word_1_450' title='bbox 245 3509 437 3577; x_wconf 79' lang='grc' dir='ltr'>μένων</span> <span class='ocrx_word' id='word_1_451' title='bbox 470 3507 571 3575; x_wconf 80' lang='grc' dir='ltr'>τῆς</span> <span class='ocrx_word' id='word_1_452' title='bbox 610 3507 872 3578; x_wconf 77' lang='grc' dir='ltr'>ἀληθείας</span> <span class='ocrx_word' id='word_1_453' title='bbox 905 3507 1212 3578; x_wconf 69' lang='grc' dir='ltr'>ὑποφήτας,</span> <span class='ocrx_word' id='word_1_454' title='bbox 1267 3508 1343 3569; x_wconf 81' lang='grc' dir='ltr'>ὡς</span> <span class='ocrx_word' id='word_1_455' title='bbox 1391 3506 1478 3560; x_wconf 83' lang='grc' dir='ltr'><strong>διὰ</strong></span> <span class='ocrx_word' id='word_1_456' title='bbox 1521 3508 1618 3577; x_wconf 79' lang='grc' dir='ltr'>τῆς</span> <span class='ocrx_word' id='word_1_457' title='bbox 1669 3507 1840 3579; x_wconf 71' lang='grc' dir='ltr'>θυρας</span> 
     </span>
    </p>
   </div>
   <div class='ocr_carea' id='block_1_68' title="bbox 242 3596 1839 3669">
    <p class='ocr_par' dir='ltr' id='par_1_68' title="bbox 242 3596 1839 3669">
     <span class='ocr_line' id='line_1_68' title="bbox 242 3596 1839 3669; baseline 0.001 -18"><span class='ocrx_word' id='word_1_458' title='bbox 242 3599 525 3660; x_wconf 84' lang='grc' dir='ltr'>εἰσιόντας</span> <span class='ocrx_word' id='word_1_459' title='bbox 572 3600 653 3662; x_wconf 78' lang='grc' dir='ltr'><strong>εἰς</strong></span> <span class='ocrx_word' id='word_1_460' title='bbox 690 3598 789 3668; x_wconf 70' lang='grc' dir='ltr'><strong>τὴν</strong></span> <span class='ocrx_word' id='word_1_461' title='bbox 844 3598 1086 3669; x_wconf 77' lang='grc' dir='ltr'>μάνδραν</span> <span class='ocrx_word' id='word_1_462' title='bbox 1120 3598 1214 3651; x_wconf 86' lang='grc' dir='ltr'><strong>τοῦ</strong></span> <span class='ocrx_word' id='word_1_463' title='bbox 1260 3596 1521 3667; x_wconf 83' lang='grc' dir='ltr'>Χριστοῦ,</span> <span class='ocrx_word' id='word_1_464' title='bbox 1556 3600 1725 3668; x_wconf 69' lang='grc' dir='ltr'>ἤγουν</span> <span class='ocrx_word' id='word_1_465' title='bbox 1772 3600 1839 3653; x_wconf 85' lang='grc' dir='ltr'>δι’</span> 
     </span>
    </p>
   </div>
   <div class='ocr_carea' id='block_1_69' title="bbox 243 3688 1842 3759">
    <p class='ocr_par' dir='ltr' id='par_1_69' title="bbox 243 3688 1842 3759">
     <span class='ocr_line' id='line_1_69' title="bbox 243 3688 1842 3759; baseline -0.001 -15"><span class='ocrx_word' id='word_1_466' title='bbox 243 3690 446 3753; x_wconf 74' lang='grc' dir='ltr'>αὑτοῦ,</span> <span class='ocrx_word' id='word_1_467' title='bbox 476 3691 537 3753; x_wconf 82' lang='grc' dir='ltr'>ὃς</span> <span class='ocrx_word' id='word_1_468' title='bbox 567 3691 772 3759; x_wconf 83' lang='grc' dir='ltr'>ἐστινὴ</span> <span class='ocrx_word' id='word_1_469' title='bbox 806 3689 1053 3759; x_wconf 77' lang='grc' dir='ltr'>ἀλήθεια,</span> <span class='ocrx_word' id='word_1_470' title='bbox 1079 3689 1305 3753; x_wconf 78' lang='grc' dir='ltr'>τούτους</span> <span class='ocrx_word' id='word_1_471' title='bbox 1335 3688 1589 3759; x_wconf 81' lang='grc' dir='ltr'>σέϐομεν,</span> <span class='ocrx_word' id='word_1_472' title='bbox 1617 3690 1842 3754; x_wconf 78' lang='grc' dir='ltr'>τούτους</span> 
     </span>
    </p>
   </div>
   <div class='ocr_carea' id='block_1_70' title="bbox 244 3780 1844 3853">
    <p class='ocr_par' dir='ltr' id='par_1_70' title="bbox 244 3780 1844 3853">
     <span class='ocr_line' id='line_1_70' title="bbox 244 3780 1844 3853; baseline 0 -19"><span class='ocrx_word' id='word_1_473' title='bbox 244 3782 599 3850; x_wconf 70' lang='grc' dir='ltr'>ἀγαπῶμεν,</span> <span class='ocrx_word' id='word_1_474' title='bbox 650 3780 858 3841; x_wconf 80' lang='grc' dir='ltr'>τούτοις</span> <span class='ocrx_word' id='word_1_475' title='bbox 907 3780 1279 3851; x_wconf 74' lang='grc' dir='ltr'>ὑπακούομεν·</span> <span class='ocrx_word' id='word_1_476' title='bbox 1322 3781 1590 3851; x_wconf 72' lang='grc' dir='ltr'>ἀλλοτρίῳ</span> <span class='ocrx_word' id='word_1_477' title='bbox 1640 3781 1698 3834; x_wconf 81' lang='grc' dir='ltr'>δὲ</span> <span class='ocrx_word' id='word_1_478' title='bbox 1747 3782 1844 3853; x_wconf 76' lang='grc' dir='ltr'>οὐχ</span> 
     </span>
    </p>
   </div>
   <div class='ocr_carea' id='block_1_71' title="bbox 248 3870 1843 3945">
    <p class='ocr_par' dir='ltr' id='par_1_71' title="bbox 248 3870 1843 3945">
     <span class='ocr_line' id='line_1_71' title="bbox 248 3870 1843 3945; baseline 0 -18"><span class='ocrx_word' id='word_1_479' title='bbox 248 3874 634 3943; x_wconf 80' lang='grc' dir='ltr'>ὑπακούομεν,</span> <span class='ocrx_word' id='word_1_480' title='bbox 672 3874 751 3926; x_wconf 78' lang='grc' dir='ltr'><strong>ὅτι</strong></span> <span class='ocrx_word' id='word_1_481' title='bbox 778 3873 877 3927; x_wconf 71' lang='grc' dir='ltr'><strong>οὐκ</strong></span> <span class='ocrx_word' id='word_1_482' title='bbox 902 3870 1138 3941; x_wconf 57' lang='grc' dir='ltr'>οἴδαμεν</span> <span class='ocrx_word' id='word_1_483' title='bbox 1157 3872 1250 3925; x_wconf 88' lang='grc' dir='ltr'><strong>τοῦ</strong></span> <span class='ocrx_word' id='word_1_484' title='bbox 1280 3872 1562 3945; x_wconf 79' lang='grc' dir='ltr'>ἀλλοτρίου</span> <span class='ocrx_word' id='word_1_485' title='bbox 1601 3874 1700 3943; x_wconf 70' lang='grc' dir='ltr'>τὴν</span> <span class='ocrx_word' id='word_1_486' title='bbox 1729 3891 1843 3941; x_wconf 78' lang='grc' dir='ltr'><strong>φω-</strong></span> 
     </span>
    </p>
   </div>
   <div class='ocr_carea' id='block_1_72' title="bbox 249 3964 1849 4038">
    <p class='ocr_par' dir='ltr' id='par_1_72' title="bbox 249 3964 1849 4038">
     <span class='ocr_line' id='line_1_72' title="bbox 249 3964 1849 4038; baseline 0.002 -22"><span class='ocrx_word' id='word_1_487' title='bbox 249 3968 353 4034; x_wconf 67' lang='grc' dir='ltr'>νὴν</span> <span class='ocrx_word' id='word_1_488' title='bbox 388 3965 461 4018; x_wconf 75' lang='grc' dir='ltr'><strong>τὰ</strong></span> <span class='ocrx_word' id='word_1_489' title='bbox 483 3965 635 4027; x_wconf 78' lang='grc' dir='ltr'>ἐντὸς</span> <span class='ocrx_word' id='word_1_490' title='bbox 672 3964 924 4035; x_wconf 81' lang='grc' dir='ltr'>πρόϐατα</span> <span class='ocrx_word' id='word_1_491' title='bbox 958 3966 1053 4017; x_wconf 84' lang='grc' dir='ltr'><strong>τοῦ</strong></span> <span class='ocrx_word' id='word_1_492' title='bbox 1090 3965 1257 4018; x_wconf 80' lang='grc' dir='ltr'>καλοῦ</span> <span class='ocrx_word' id='word_1_493' title='bbox 1302 3965 1562 4035; x_wconf 80' lang='grc' dir='ltr'>ποιμένος</span> <span class='ocrx_word' id='word_1_494' title='bbox 1620 3968 1716 4019; x_wconf 79' lang='grc' dir='ltr'><strong>καὶ</strong></span> <span class='ocrx_word' id='word_1_495' title='bbox 1756 3967 1849 4038; x_wconf 86' lang='grc' dir='ltr'>ἁρ-</span> 
     </span>
    </p>
   </div>
   <div class='ocr_carea' id='block_1_73' title="bbox 254 4056 1492 4128">
    <p class='ocr_par' dir='ltr' id='par_1_73' title="bbox 254 4056 1492 4128">
     <span class='ocr_line' id='line_1_73' title="bbox 254 4056 1492 4128; baseline 0.001 -20"><span class='ocrx_word' id='word_1_496' title='bbox 254 4057 582 4125; x_wconf 76' lang='grc' dir='ltr'>χιποιμένος</span> <span class='ocrx_word' id='word_1_497' title='bbox 611 4056 705 4108; x_wconf 87' lang='grc' dir='ltr'><strong>τοῦ</strong></span> <span class='ocrx_word' id='word_1_498' title='bbox 737 4056 976 4127; x_wconf 63' lang='grc' dir='ltr'>μεγάλου</span> <span class='ocrx_word' id='word_1_499' title='bbox 1023 4056 1198 4128; x_wconf 71' lang='grc' dir='ltr'>Ἰησοῦ</span> <span class='ocrx_word' id='word_1_500' title='bbox 1232 4056 1492 4128; x_wconf 85' lang='grc' dir='ltr'>Χριστοῦ.</span> 
     </span>
    </p>
   </div>
   <div class='ocr_carea' id='block_1_74' title="bbox 1937 3229 3546 3304">
    <p class='ocr_par' dir='ltr' id='par_1_74' title="bbox 1937 3229 3546 3304">
     <span class='ocr_line' id='line_1_74' title="bbox 1937 3229 3546 3304; baseline -0.004 -17"><span class='ocrx_word' id='word_1_501' title='bbox 1937 3233 2107 3288; x_wconf 86' lang='lat' dir='ltr'><strong>verbo</strong></span> <span class='ocrx_word' id='word_1_502' title='bbox 2140 3233 2365 3303; x_wconf 77' lang='lat' dir='ltr'><strong>quidem</strong></span> <span class='ocrx_word' id='word_1_503' title='bbox 2433 3234 2508 3288; x_wconf 91' lang='lat' dir='ltr'><strong>ita</strong></span> <span class='ocrx_word' id='word_1_504' title='bbox 2575 3232 2931 3304; x_wconf 84' lang='lat' dir='ltr'><strong>proﬁtentur,</strong></span> <span class='ocrx_word' id='word_1_505' title='bbox 2977 3231 3143 3288; x_wconf 91' lang='lat' dir='ltr'><strong>corde</strong></span> <span class='ocrx_word' id='word_1_506' title='bbox 3196 3246 3329 3284; x_wconf 87' lang='lat' dir='ltr'><strong>vero</strong></span> <span class='ocrx_word' id='word_1_507' title='bbox 3383 3229 3546 3284; x_wconf 86' lang='lat' dir='ltr'><strong>aiiter</strong></span> 
     </span>
    </p>
   </div>
   <div class='ocr_carea' id='block_1_75' title="bbox 1935 3317 3547 3394">
    <p class='ocr_par' dir='ltr' id='par_1_75' title="bbox 1935 3317 3547 3394">
     <span class='ocr_line' id='line_1_75' title="bbox 1935 3317 3547 3394; baseline -0.006 -16"><span class='ocrx_word' id='word_1_508' title='bbox 1935 3322 2215 3394; x_wconf 86' lang='lat' dir='ltr'><strong>credunt)</strong></span> <span class='ocrx_word' id='word_1_509' title='bbox 2276 3323 2549 3392; x_wconf 84' lang='lat' dir='ltr'><strong>judicium</strong></span> <span class='ocrx_word' id='word_1_510' title='bbox 2593 3324 2697 3392; x_wconf 88' lang='lat' dir='ltr'><strong>ipsi</strong></span> <span class='ocrx_word' id='word_1_511' title='bbox 2729 3324 2841 3377; x_wconf 92' lang='lat' dir='ltr'><strong>Deo</strong></span> <span class='ocrx_word' id='word_1_512' title='bbox 2885 3321 3135 3381; x_wconf 88' lang='lat' dir='ltr'><strong>omnium</strong></span> <span class='ocrx_word' id='word_1_513' title='bbox 3168 3318 3342 3391; x_wconf 89' lang='lat' dir='ltr'><strong>judici</strong></span> <span class='ocrx_word' id='word_1_514' title='bbox 3381 3317 3547 3371; x_wconf 83' lang='lat' dir='ltr'><strong>relin-</strong></span> 
     </span>
    </p>
   </div>
   <div class='ocr_carea' id='block_1_76' title="bbox 1936 3412 3547 3484">
    <p class='ocr_par' dir='ltr' id='par_1_76' title="bbox 1936 3412 3547 3484">
     <span class='ocr_line' id='line_1_76' title="bbox 1936 3412 3547 3484; baseline -0.002 -20"><span class='ocrx_word' id='word_1_515' title='bbox 1936 3414 2180 3481; x_wconf 89' lang='lat' dir='ltr'><strong>quimus.</strong></span> <span class='ocrx_word' id='word_1_516' title='bbox 2230 3414 2434 3468; x_wconf 78' lang='lat' dir='ltr'><strong>Verum</strong></span> <span class='ocrx_word' id='word_1_517' title='bbox 2479 3415 2525 3469; x_wconf 91' lang='lat' dir='ltr'><strong>si</strong></span> <span class='ocrx_word' id='word_1_518' title='bbox 2574 3430 2676 3469; x_wconf 87' lang='lat' dir='ltr'><strong>nos</strong></span> <span class='ocrx_word' id='word_1_519' title='bbox 2702 3429 2926 3484; x_wconf 90' lang='lat' dir='ltr'><strong>quoque</strong></span> <span class='ocrx_word' id='word_1_520' title='bbox 2963 3412 3031 3466; x_wconf 91' lang='lat' dir='ltr'><strong>de</strong></span> <span class='ocrx_word' id='word_1_521' title='bbox 3076 3412 3303 3465; x_wconf 84' lang='lat' dir='ltr'><strong>Patrum</strong></span> <span class='ocrx_word' id='word_1_522' title='bbox 3332 3418 3547 3464; x_wconf 90' lang='lat' dir='ltr'><strong>nostro-</strong></span> 
     </span>
    </p>
   </div>
   <div class='ocr_carea' id='block_1_77' title="bbox 1937 3502 3548 3576">
    <p class='ocr_par' dir='ltr' id='par_1_77' title="bbox 1937 3502 3548 3576">
     <span class='ocr_line' id='line_1_77' title="bbox 1937 3502 3548 3576; baseline -0.001 -19"><span class='ocrx_word' id='word_1_523' title='bbox 1937 3520 2058 3558; x_wconf 85' lang='lat' dir='ltr'><strong>rum</strong></span> <span class='ocrx_word' id='word_1_524' title='bbox 2110 3505 2427 3575; x_wconf 78' lang='lat' dir='ltr'><strong>integritate</strong></span> <span class='ocrx_word' id='word_1_525' title='bbox 2471 3506 2787 3576; x_wconf 85' lang='lat' dir='ltr'><strong>pietatequc</strong></span> <span class='ocrx_word' id='word_1_526' title='bbox 2830 3502 3083 3576; x_wconf 86' lang='lat' dir='ltr'><strong>judicare</strong></span> <span class='ocrx_word' id='word_1_527' title='bbox 3118 3510 3340 3571; x_wconf 89' lang='lat' dir='ltr'><strong>oportet</strong></span> <span class='ocrx_word' id='word_1_528' title='bbox 3383 3510 3548 3569; x_wconf 83' lang='lat' dir='ltr'><strong>atque</strong></span> 
     </span>
    </p>
   </div>
   <div class='ocr_carea' id='block_1_78' title="bbox 1940 3593 3548 3667">
    <p class='ocr_par' dir='ltr' id='par_1_78' title="bbox 1940 3593 3548 3667">
     <span class='ocr_line' id='line_1_78' title="bbox 1940 3593 3548 3667; baseline -0.001 -18"><span class='ocrx_word' id='word_1_529' title='bbox 1940 3594 2193 3661; x_wconf 81' lang='lat' dir='ltr'><strong>deﬁnire,</strong></span> <span class='ocrx_word' id='word_1_530' title='bbox 2223 3597 2451 3666; x_wconf 87' lang='lat' dir='ltr'><strong>quinam</strong></span> <span class='ocrx_word' id='word_1_531' title='bbox 2480 3597 2609 3652; x_wconf 89' lang='lat' dir='ltr'><strong>boni</strong></span> <span class='ocrx_word' id='word_1_532' title='bbox 2635 3606 2889 3667; x_wconf 85' lang='lat' dir='ltr'><strong>pastores</strong></span> <span class='ocrx_word' id='word_1_533' title='bbox 2916 3594 3050 3656; x_wconf 86' lang='lat' dir='ltr'><strong>sint,</strong></span> <span class='ocrx_word' id='word_1_534' title='bbox 3080 3602 3135 3647; x_wconf 90' lang='lat' dir='ltr'><strong>et</strong></span> <span class='ocrx_word' id='word_1_535' title='bbox 3161 3608 3289 3647; x_wconf 86' lang='lat' dir='ltr'><strong>vera</strong></span> <span class='ocrx_word' id='word_1_536' title='bbox 3315 3593 3548 3659; x_wconf 86' lang='lat' dir='ltr'><strong>lumina;</strong></span> 
     </span>
    </p>
   </div>
   <div class='ocr_carea' id='block_1_79' title="bbox 1948 3694 3549 3766">
    <p class='ocr_par' dir='ltr' id='par_1_79' title="bbox 1948 3694 3549 3766">
     <span class='ocr_line' id='line_1_79' title="bbox 1948 3694 3549 3766; baseline -0.001 -17"><span class='ocrx_word' id='word_1_537' title='bbox 1948 3699 2043 3766; x_wconf 88' lang='lat' dir='ltr'><strong>qui</strong></span> <span class='ocrx_word' id='word_1_538' title='bbox 2099 3706 2290 3753; x_wconf 91' lang='lat' dir='ltr'><strong>contra</strong></span> <span class='ocrx_word' id='word_1_539' title='bbox 2367 3698 2609 3752; x_wconf 87' lang='lat' dir='ltr'><strong>errantia</strong></span> <span class='ocrx_word' id='word_1_540' title='bbox 2648 3697 2861 3757; x_wconf 87' lang='lat' dir='ltr'><strong>sidera,</strong></span> <span class='ocrx_word' id='word_1_541' title='bbox 2921 3704 2978 3750; x_wconf 84' lang='lat' dir='ltr'><strong>et</strong></span> <span class='ocrx_word' id='word_1_542' title='bbox 3058 3694 3233 3759; x_wconf 83' lang='lat' dir='ltr'><strong>fures,</strong></span> <span class='ocrx_word' id='word_1_543' title='bbox 3282 3703 3339 3748; x_wconf 89' lang='lat' dir='ltr'><strong>et</strong></span> <span class='ocrx_word' id='word_1_544' title='bbox 3431 3694 3549 3762; x_wconf 87' lang='lat' dir='ltr'><strong>lupi</strong></span> 
     </span>
    </p>
   </div>
   <div class='ocr_carea' id='block_1_80' title="bbox 1956 3786 3553 3857">
    <p class='ocr_par' dir='ltr' id='par_1_80' title="bbox 1956 3786 3553 3857">
     <span class='ocr_line' id='line_1_80' title="bbox 1956 3786 3553 3857; baseline -0.002 -16"><span class='ocrx_word' id='word_1_545' title='bbox 1956 3788 2052 3857; x_wconf 91' lang='lat' dir='ltr'><strong>qui</strong></span> <span class='ocrx_word' id='word_1_546' title='bbox 2074 3803 2234 3841; x_wconf 86' lang='lat' dir='ltr'><strong>suum</strong></span> <span class='ocrx_word' id='word_1_547' title='bbox 2260 3788 2522 3843; x_wconf 71' lang='lat' dir='ltr'><strong>Ecclesia:</strong></span> <span class='ocrx_word' id='word_1_548' title='bbox 2549 3786 2948 3857; x_wconf 64' lang='lat' dir='ltr'><strong>discerpendaa,</strong></span> <span class='ocrx_word' id='word_1_549' title='bbox 2974 3786 3361 3854; x_wconf 58' lang='lat' dir='ltr'><strong>laniandaque</strong></span> <span class='ocrx_word' id='word_1_550' title='bbox 3390 3786 3553 3839; x_wconf 89' lang='lat' dir='ltr'><strong>mini-</strong></span> 
     </span>
    </p>
   </div>
   <div class='ocr_carea' id='block_1_81' title="bbox 1955 3878 3554 3951">
    <p class='ocr_par' dir='ltr' id='par_1_81' title="bbox 1955 3878 3554 3951">
     <span class='ocr_line' id='line_1_81' title="bbox 1955 3878 3554 3951; baseline -0.001 -18"><span class='ocrx_word' id='word_1_551' title='bbox 1955 3881 2188 3934; x_wconf 89' lang='lat' dir='ltr'><strong>sterium</strong></span> <span class='ocrx_word' id='word_1_552' title='bbox 2209 3896 2547 3951; x_wconf 83' lang='lat' dir='ltr'><strong>Operamque</strong></span> <span class='ocrx_word' id='word_1_553' title='bbox 2570 3880 2791 3934; x_wconf 88' lang='lat' dir='ltr'><strong>diabolo</strong></span> <span class='ocrx_word' id='word_1_554' title='bbox 2821 3879 3101 3949; x_wconf 68' lang='lat' dir='ltr'><strong>praebent;</strong></span> <span class='ocrx_word' id='word_1_555' title='bbox 3136 3878 3386 3948; x_wconf 81' lang='lat' dir='ltr'><strong>profecto</strong></span> <span class='ocrx_word' id='word_1_556' title='bbox 3411 3893 3554 3947; x_wconf 89' lang='lat' dir='ltr'><strong>quos</strong></span> 
     </span>
    </p>
   </div>
   <div class='ocr_carea' id='block_1_82' title="bbox 1954 3968 3554 4042">
    <p class='ocr_par' dir='ltr' id='par_1_82' title="bbox 1954 3968 3554 4042">
     <span class='ocr_line' id='line_1_82' title="bbox 1954 3968 3554 4042; baseline -0.002 -17"><span class='ocrx_word' id='word_1_557' title='bbox 1954 3972 2208 4027; x_wconf 87' lang='lat' dir='ltr'><strong>veritatis</strong></span> <span class='ocrx_word' id='word_1_558' title='bbox 2262 3972 2647 4042; x_wconf 83' lang='lat' dir='ltr'><strong>explanatores</strong></span> <span class='ocrx_word' id='word_1_559' title='bbox 2697 3970 3189 4040; x_wconf 87' lang='lat' dir='ltr'><strong>deprehendimus.</strong></span> <span class='ocrx_word' id='word_1_560' title='bbox 3228 3968 3554 4040; x_wconf 81' lang='lat' dir='ltr'><strong>ingredien-</strong></span> 
     </span>
    </p>
   </div>
   <div class='ocr_carea' id='block_1_83' title="bbox 1955 4061 3558 4133">
    <p class='ocr_par' dir='ltr' id='par_1_83' title="bbox 1955 4061 3558 4133">
     <span class='ocr_line' id='line_1_83' title="bbox 1955 4061 3558 4133; baseline -0.001 -17"><span class='ocrx_word' id='word_1_561' title='bbox 1955 4072 2147 4132; x_wconf 91' lang='lat' dir='ltr'><strong>tesque</strong></span> <span class='ocrx_word' id='word_1_562' title='bbox 2189 4062 2397 4118; x_wconf 88' lang='lat' dir='ltr'><strong>Christi</strong></span> <span class='ocrx_word' id='word_1_563' title='bbox 2452 4078 2674 4133; x_wconf 80' lang='lat' dir='ltr'><strong>gregem</strong></span> <span class='ocrx_word' id='word_1_564' title='bbox 2745 4079 2843 4132; x_wconf 90' lang='lat' dir='ltr'><strong>per</strong></span> <span class='ocrx_word' id='word_1_565' title='bbox 2885 4063 3134 4132; x_wconf 86' lang='lat' dir='ltr'><strong>januam.</strong></span> <span class='ocrx_word' id='word_1_566' title='bbox 3178 4061 3283 4115; x_wconf 90' lang='lat' dir='ltr'><strong>hoc</strong></span> <span class='ocrx_word' id='word_1_567' title='bbox 3323 4070 3409 4116; x_wconf 90' lang='lat' dir='ltr'><strong>est</strong></span> <span class='ocrx_word' id='word_1_568' title='bbox 3457 4077 3558 4131; x_wconf 88' lang='lat' dir='ltr'><strong>per</strong></span> 
     </span>
    </p>
   </div>
   <div class='ocr_carea' id='block_1_84' title="bbox 250 4154 3557 4234">
    <p class='ocr_par' dir='ltr' id='par_1_84' title="bbox 250 4154 3557 4234">
     <span class='ocr_line' id='line_1_84' title="bbox 250 4154 3557 4234; baseline -0.001 -25"><span class='ocrx_word' id='word_1_569' title='bbox 250 4154 542 4209; x_wconf 87' lang='lat' dir='ltr'><strong>Christum</strong></span> <span class='ocrx_word' id='word_1_570' title='bbox 567 4154 746 4223; x_wconf 88' lang='lat' dir='ltr'><strong>ipsum</strong></span> <span class='ocrx_word' id='word_1_571' title='bbox 782 4157 876 4223; x_wconf 88' lang='lat' dir='ltr'><strong>qui</strong></span> <span class='ocrx_word' id='word_1_572' title='bbox 906 4155 1121 4210; x_wconf 84' lang='lat' dir='ltr'><strong>Veritas</strong></span> <span class='ocrx_word' id='word_1_573' title='bbox 1146 4164 1250 4220; x_wconf 89' lang='lat' dir='ltr'><strong>est,</strong></span> <span class='ocrx_word' id='word_1_574' title='bbox 1280 4171 1377 4210; x_wconf 87' lang='lat' dir='ltr'><strong>eos</strong></span> <span class='ocrx_word' id='word_1_575' title='bbox 1398 4170 1592 4211; x_wconf 92' lang='lat' dir='ltr'><strong>omnes</strong></span> <span class='ocrx_word' id='word_1_576' title='bbox 1621 4158 1855 4212; x_wconf 81' lang='lat' dir='ltr'><strong>colimus</strong></span> <span class='ocrx_word' id='word_1_577' title='bbox 1894 4175 1958 4215; x_wconf 85' lang='lat' dir='ltr'><strong>ac</strong></span> <span class='ocrx_word' id='word_1_578' title='bbox 1993 4161 2295 4234; x_wconf 80' lang='lat' dir='ltr'><strong>diligimus,</strong></span> <span class='ocrx_word' id='word_1_579' title='bbox 2370 4178 2676 4234; x_wconf 91' lang='lat' dir='ltr'><strong>eorumque</strong></span> <span class='ocrx_word' id='word_1_580' title='bbox 2728 4164 3004 4217; x_wconf 84' lang='lat' dir='ltr'><strong>mandatis</strong></span> <span class='ocrx_word' id='word_1_581' title='bbox 3062 4162 3557 4227; x_wconf 87' lang='lat' dir='ltr'><strong>obtemperamus;</strong></span> 
     </span>
    </p>
   </div>
   <div class='ocr_carea' id='block_1_85' title="bbox 254 4248 3560 4325">
    <p class='ocr_par' dir='ltr' id='par_1_85' title="bbox 254 4248 3560 4325">
     <span class='ocr_line' id='line_1_85' title="bbox 254 4248 3560 4325; baseline -0.002 -20"><span class='ocrx_word' id='word_1_582' title='bbox 254 4260 529 4305; x_wconf 78' lang='lat' dir='ltr'><strong>extraneo</strong></span> <span class='ocrx_word' id='word_1_583' title='bbox 568 4259 758 4302; x_wconf 88' lang='lat' dir='ltr'><strong>contra</strong></span> <span class='ocrx_word' id='word_1_584' title='bbox 786 4264 895 4302; x_wconf 91' lang='lat' dir='ltr'><strong>non</strong></span> <span class='ocrx_word' id='word_1_585' title='bbox 938 4248 1319 4317; x_wconf 89' lang='lat' dir='ltr'><strong>obsequimur,</strong></span> <span class='ocrx_word' id='word_1_586' title='bbox 1374 4248 1502 4317; x_wconf 88' lang='lat' dir='ltr'><strong>quia</strong></span> <span class='ocrx_word' id='word_1_587' title='bbox 1533 4264 1634 4303; x_wconf 90' lang='lat' dir='ltr'><strong>nos</strong></span> <span class='ocrx_word' id='word_1_588' title='bbox 1676 4249 1771 4318; x_wconf 88' lang='lat' dir='ltr'><strong>qui</strong></span> <span class='ocrx_word' id='word_1_589' title='bbox 1825 4251 1879 4305; x_wconf 90' lang='lat' dir='ltr'><strong>in</strong></span> <span class='ocrx_word' id='word_1_590' title='bbox 1922 4253 2041 4322; x_wconf 91' lang='lat' dir='ltr'><strong>ipso</strong></span> <span class='ocrx_word' id='word_1_591' title='bbox 2079 4270 2241 4325; x_wconf 79' lang='lat' dir='ltr'><strong>grege</strong></span> <span class='ocrx_word' id='word_1_592' title='bbox 2287 4270 2597 4317; x_wconf 87' lang='lat' dir='ltr'><strong>censemur,</strong></span> <span class='ocrx_word' id='word_1_593' title='bbox 2654 4271 2786 4309; x_wconf 88' lang='lat' dir='ltr'><strong>oves</strong></span> <span class='ocrx_word' id='word_1_594' title='bbox 2813 4253 3019 4325; x_wconf 79' lang='lat' dir='ltr'><strong>egregii</strong></span> <span class='ocrx_word' id='word_1_595' title='bbox 3094 4250 3335 4323; x_wconf 86' lang='lat' dir='ltr'><strong>pastoris</strong></span> <span class='ocrx_word' id='word_1_596' title='bbox 3392 4256 3560 4317; x_wconf 86' lang='lat' dir='ltr'><strong>atque</strong></span> 
     </span>
    </p>
   </div>
   <div class='ocr_carea' id='block_1_86' title="bbox 258 4341 2962 4413">
    <p class='ocr_par' dir='ltr' id='par_1_86' title="bbox 258 4341 2962 4413">
     <span class='ocr_line' id='line_1_86' title="bbox 258 4341 2962 4413; baseline 0.001 -16"><span class='ocrx_word' id='word_1_597' title='bbox 258 4353 549 4412; x_wconf 83' lang='lat' dir='ltr'><strong>pastorum</strong></span> <span class='ocrx_word' id='word_1_598' title='bbox 605 4342 855 4395; x_wconf 88' lang='lat' dir='ltr'><strong>omnium</strong></span> <span class='ocrx_word' id='word_1_599' title='bbox 910 4342 1179 4411; x_wconf 85' lang='lat' dir='ltr'><strong>principis</strong></span> <span class='ocrx_word' id='word_1_600' title='bbox 1228 4342 1410 4413; x_wconf 77' lang='lat' dir='ltr'><strong>magni</strong></span> <span class='ocrx_word' id='word_1_601' title='bbox 1478 4341 1683 4397; x_wconf 87' lang='lat' dir='ltr'><strong>Christi</strong></span> <span class='ocrx_word' id='word_1_602' title='bbox 1713 4343 1866 4410; x_wconf 86' lang='lat' dir='ltr'><strong>Jesu,</strong></span> <span class='ocrx_word' id='word_1_603' title='bbox 1908 4362 2097 4403; x_wconf 88' lang='lat' dir='ltr'><strong>vocem</strong></span> <span class='ocrx_word' id='word_1_604' title='bbox 2142 4350 2392 4403; x_wconf 77' lang='lat' dir='ltr'><strong>extranei</strong></span> <span class='ocrx_word' id='word_1_605' title='bbox 2426 4350 2653 4403; x_wconf 90' lang='lat' dir='ltr'><strong>minime</strong></span> <span class='ocrx_word' id='word_1_606' title='bbox 2684 4349 2962 4403; x_wconf 89' lang='lat' dir='ltr'><strong>novimus.</strong></span> 
     </span>
    </p>
   </div>
   <div class='ocr_carea' id='block_1_87' title="bbox 338 4435 1853 4505">
    <p class='ocr_par' dir='ltr' id='par_1_87' title="bbox 338 4435 1853 4505">
     <span class='ocr_line' id='line_1_87' title="bbox 338 4435 1853 4505; baseline 0.001 -16"><span class='ocrx_word' id='word_1_607' title='bbox 338 4456 358 4489; x_wconf 71' lang='grc' dir='ltr'><strong>ι</strong></span> <span class='ocrx_word' id='word_1_608' title='bbox 392 4437 504 4489; x_wconf 75' lang='grc' dir='ltr'>Καὶ</span> <span class='ocrx_word' id='word_1_609' title='bbox 559 4436 685 4505; x_wconf 79' lang='grc' dir='ltr'>μὴν,</span> <span class='ocrx_word' id='word_1_610' title='bbox 725 4435 912 4504; x_wconf 66' lang='grc' dir='ltr'>φασιν.</span> <span class='ocrx_word' id='word_1_611' title='bbox 945 4435 1036 4487; x_wconf 77' lang='grc' dir='ltr'>καὶ</span> <span class='ocrx_word' id='word_1_612' title='bbox 1065 4435 1220 4488; x_wconf 73' lang='grc' dir='ltr'>αὐτοὶ</span> <span class='ocrx_word' id='word_1_613' title='bbox 1251 4436 1300 4488; x_wconf 85' lang='grc' dir='ltr'>οἱ</span> <span class='ocrx_word' id='word_1_614' title='bbox 1342 4435 1442 4504; x_wconf 80' lang='grc' dir='ltr'>τῆς</span> <span class='ocrx_word' id='word_1_615' title='bbox 1483 4435 1703 4489; x_wconf 77' lang='grc' dir='ltr'>συνόδου</span> <span class='ocrx_word' id='word_1_616' title='bbox 1738 4438 1853 4490; x_wconf 85' lang='grc' dir='ltr'><strong>Πα-</strong></span> 
     </span>
    </p>
   </div>
   <div class='ocr_carea' id='block_1_88' title="bbox 259 4526 1854 4599">
    <p class='ocr_par' dir='ltr' id='par_1_88' title="bbox 259 4526 1854 4599">
     <span class='ocr_line' id='line_1_88' title="bbox 259 4526 1854 4599; baseline -0.002 -16"><span class='ocrx_word' id='word_1_617' title='bbox 259 4530 421 4599; x_wconf 82' lang='grc' dir='ltr'>τὲρες</span> <span class='ocrx_word' id='word_1_618' title='bbox 462 4530 595 4598; x_wconf 72' lang='grc' dir='ltr'>περὶ</span> <span class='ocrx_word' id='word_1_619' title='bbox 629 4528 813 4595; x_wconf 76' lang='grc' dir='ltr'>φωνάς</span> <span class='ocrx_word' id='word_1_620' title='bbox 858 4544 1009 4589; x_wconf 84' lang='grc' dir='ltr'>τινας</span> <span class='ocrx_word' id='word_1_621' title='bbox 1041 4526 1293 4597; x_wconf 81' lang='grc' dir='ltr'>ἀλλήλοις</span> <span class='ocrx_word' id='word_1_622' title='bbox 1338 4526 1723 4597; x_wconf 82' lang='grc' dir='ltr'>διηνέχθησαν,</span> <span class='ocrx_word' id='word_1_623' title='bbox 1760 4530 1854 4581; x_wconf 72' lang='grc' dir='ltr'><strong>καὶ</strong></span> 
     </span>
    </p>
   </div>
   <div class='ocr_carea' id='block_1_89' title="bbox 261 4619 1853 4692">
    <p class='ocr_par' dir='ltr' id='par_1_89' title="bbox 261 4619 1853 4692">
     <span class='ocr_line' id='line_1_89' title="bbox 261 4619 1853 4692; baseline -0.001 -17"><span class='ocrx_word' id='word_1_624' title='bbox 261 4625 566 4692; x_wconf 73' lang='grc' dir='ltr'>ἐνέστησαν</span> <span class='ocrx_word' id='word_1_625' title='bbox 596 4621 740 4690; x_wconf 80' lang='grc' dir='ltr'>ὑπὲρ</span> <span class='ocrx_word' id='word_1_626' title='bbox 778 4623 875 4691; x_wconf 83' lang='grc' dir='ltr'><strong>τῆς</strong></span> <span class='ocrx_word' id='word_1_627' title='bbox 922 4620 1146 4691; x_wconf 83' lang='grc' dir='ltr'>πρώτης</span> <span class='ocrx_word' id='word_1_628' title='bbox 1190 4621 1371 4674; x_wconf 83' lang='grc' dir='ltr'>αὐτῶν</span> <span class='ocrx_word' id='word_1_629' title='bbox 1422 4619 1720 4685; x_wconf 76' lang='grc' dir='ltr'>ἐκθέσεως,</span> <span class='ocrx_word' id='word_1_630' title='bbox 1752 4621 1853 4688; x_wconf 78' lang='grc' dir='ltr'><strong>τῆς</strong></span> 
     </span>
    </p>
   </div>
   <div class='ocr_carea' id='block_1_90' title="bbox 264 4705 1859 4785">
    <p class='ocr_par' dir='ltr' id='par_1_90' title="bbox 264 4705 1859 4785">
     <span class='ocr_line' id='line_1_90' title="bbox 264 4705 1859 4785; baseline -0.001 -18"><span class='ocrx_word' id='word_1_631' title='bbox 264 4711 736 4785; x_wconf 77' lang='grc' dir='ltr'>καταργηθείσης·</span> <span class='ocrx_word' id='word_1_632' title='bbox 768 4712 987 4783; x_wconf 80' lang='grc' dir='ltr'>θερμῶς</span> <span class='ocrx_word' id='word_1_633' title='bbox 1016 4714 1261 4780; x_wconf 74' lang='grc' dir='ltr'>ἁλλήλως</span> <span class='ocrx_word' id='word_1_634' title='bbox 1294 4713 1360 4767; x_wconf 82' lang='grc' dir='ltr'>ἂν</span> <span class='ocrx_word' id='word_1_635' title='bbox 1386 4705 1552 4777; x_wconf 76' lang='grc' dir='ltr'>οὗτοι,</span> <span class='ocrx_word' id='word_1_636' title='bbox 1592 4714 1685 4766; x_wconf 71' lang='grc' dir='ltr'><strong>καὶ</strong></span> <span class='ocrx_word' id='word_1_637' title='bbox 1719 4714 1859 4784; x_wconf 78' lang='grc' dir='ltr'>ὑπὲρ</span> 
     </span>
    </p>
   </div>
   <div class='ocr_carea' id='block_1_91' title="bbox 266 4801 1860 4877">
    <p class='ocr_par' dir='ltr' id='par_1_91' title="bbox 266 4801 1860 4877">
     <span class='ocr_line' id='line_1_91' title="bbox 266 4801 1860 4877; baseline -0.003 -16"><span class='ocrx_word' id='word_1_638' title='bbox 266 4806 563 4877; x_wconf 82' lang='grc' dir='ltr'>Διοσκόρου</span> <span class='ocrx_word' id='word_1_639' title='bbox 596 4804 993 4877; x_wconf 85' lang='grc' dir='ltr'>πρεσϐεύοντες</span> <span class='ocrx_word' id='word_1_640' title='bbox 1013 4805 1106 4858; x_wconf 91' lang='grc' dir='ltr'><strong>τοῦ</strong></span> <span class='ocrx_word' id='word_1_641' title='bbox 1135 4806 1462 4859; x_wconf 76' lang='grc' dir='ltr'>ὑπευθύνουσ</span> <span class='ocrx_word' id='word_1_642' title='bbox 1488 4805 1607 4868; x_wconf 84' lang='grc' dir='ltr'><strong>πῶς</strong></span> <span class='ocrx_word' id='word_1_643' title='bbox 1638 4801 1731 4859; x_wconf 78' lang='grc' dir='ltr'><strong>οὖν</strong></span> <span class='ocrx_word' id='word_1_644' title='bbox 1762 4807 1860 4875; x_wconf 75' lang='grc' dir='ltr'>οὐχ</span> 
     </span>
    </p>
   </div>
   <div class='ocr_carea' id='block_1_92' title="bbox 269 4900 602 4963">
    <p class='ocr_par' dir='ltr' id='par_1_92' title="bbox 269 4900 602 4963">
     <span class='ocr_line' id='line_1_92' title="bbox 269 4900 602 4963; baseline -0.012 -10"><span class='ocrx_word' id='word_1_645' title='bbox 269 4900 508 4953; x_wconf 72' lang='grc' dir='ltr'>ὕποπτοι</span> <span class='ocrx_word' id='word_1_646' title='bbox 531 4916 546 4963; x_wconf 91' lang='grc'><strong>;</strong></span> <span class='ocrx_word' id='word_1_647' title='bbox 582 4916 602 4949; x_wconf 72' lang='grc' dir='ltr'><strong>ι</strong></span> 
     </span>
    </p>
   </div>
   <div class='ocr_carea' id='block_1_93' title="bbox 340 4990 1862 5063">
    <p class='ocr_par' dir='ltr' id='par_1_93' title="bbox 340 4990 1862 5063">
     <span class='ocr_line' id='line_1_93' title="bbox 340 4990 1862 5063; baseline -0.003 -16"><span class='ocrx_word' id='word_1_648' title='bbox 340 4992 492 5063; x_wconf 80' lang='grc' dir='ltr'>Πλὴν</span> <span class='ocrx_word' id='word_1_649' title='bbox 546 4991 601 5044; x_wconf 79' lang='grc' dir='ltr'>τί</span> <span class='ocrx_word' id='word_1_650' title='bbox 683 4990 840 5046; x_wconf 88' lang='grc' dir='ltr'>τοῦτο</span> <span class='ocrx_word' id='word_1_651' title='bbox 894 4990 1091 5059; x_wconf 78' lang='grc' dir='ltr'>ξένον;</span> <span class='ocrx_word' id='word_1_652' title='bbox 1159 4992 1256 5046; x_wconf 74' lang='grc' dir='ltr'><strong>καὶ</strong></span> <span class='ocrx_word' id='word_1_653' title='bbox 1311 4993 1370 5044; x_wconf 73' lang='grc' dir='ltr'>ἒν</span> <span class='ocrx_word' id='word_1_654' title='bbox 1458 4993 1522 5062; x_wconf 79' lang='grc' dir='ltr'>τῇ</span> <span class='ocrx_word' id='word_1_655' title='bbox 1591 4992 1701 5061; x_wconf 70' lang='grc' dir='ltr'><strong>γὰρ</strong></span> <span class='ocrx_word' id='word_1_656' title='bbox 1752 4990 1862 5043; x_wconf 80' lang='grc' dir='ltr'>τῶν</span> 
     </span>
    </p>
   </div>
   <div class='ocr_carea' id='block_1_94' title="bbox 346 5162 1859 5242">
    <p class='ocr_par' dir='ltr' id='par_1_94' title="bbox 346 5162 1859 5242">
     <span class='ocr_line' id='line_1_94' title="bbox 346 5162 1859 5242; baseline -0.005 -19"><span class='ocrx_word' id='word_1_657' title='bbox 346 5166 499 5242; x_wconf 51' lang='grc' dir='ltr'>(ιιι)</span> <span class='ocrx_word' id='word_1_658' title='bbox 526 5167 787 5239; x_wconf 85' lang='lat' dir='ltr'><strong>Symeon,</strong></span> <span class='ocrx_word' id='word_1_659' title='bbox 824 5167 1038 5242; x_wconf 64' lang='lat' dir='ltr'><strong>scilicet</strong></span> <span class='ocrx_word' id='word_1_660' title='bbox 1077 5167 1594 5242; x_wconf 78' lang='lat' dir='ltr'><strong>_Stylitcs,_sanctus</strong></span> <span class='ocrx_word' id='word_1_661' title='bbox 1620 5162 1859 5242; x_wconf 75' lang='lat' dir='ltr'><strong>.lacobus</strong></span> 
     </span>
    </p>
   </div>
   <div class='ocr_carea' id='block_1_95' title="bbox 274 5234 1861 5309">
    <p class='ocr_par' dir='ltr' id='par_1_95' title="bbox 274 5234 1861 5309">
     <span class='ocr_line' id='line_1_95' title="bbox 274 5234 1861 5309; baseline -0.004 -16"><span class='ocrx_word' id='word_1_662' title='bbox 274 5234 498 5309; x_wconf 78' lang='lat' dir='ltr'><strong>Syrius,</strong></span> <span class='ocrx_word' id='word_1_663' title='bbox 532 5234 591 5293; x_wconf 76' lang='lat' dir='ltr'><strong>et</strong></span> <span class='ocrx_word' id='word_1_664' title='bbox 638 5248 865 5309; x_wconf 84' lang='lat' dir='ltr'><strong>sanctus</strong></span> <span class='ocrx_word' id='word_1_665' title='bbox 916 5234 1246 5309; x_wconf 61' lang='lat' dir='ltr'><strong>Baradatus,</strong></span> <span class='ocrx_word' id='word_1_666' title='bbox 1293 5236 1419 5309; x_wconf 63' lang='lat' dir='ltr'><strong>vita</strong></span> <span class='ocrx_word' id='word_1_667' title='bbox 1475 5245 1531 5309; x_wconf 83' lang='lat' dir='ltr'><strong>et</strong></span> <span class='ocrx_word' id='word_1_668' title='bbox 1574 5234 1861 5309; x_wconf 79' lang='lat' dir='ltr'><strong>miraculis</strong></span> 
     </span>
    </p>
   </div>
   <div class='ocr_carea' id='block_1_96' title="bbox 272 5303 1858 5378">
    <p class='ocr_par' dir='ltr' id='par_1_96' title="bbox 272 5303 1858 5378">
     <span class='ocr_line' id='line_1_96' title="bbox 272 5303 1858 5378; baseline -0.006 -15"><span class='ocrx_word' id='word_1_669' title='bbox 272 5303 548 5378; x_wconf 71' lang='lat' dir='ltr'><strong>insignes,</strong></span> <span class='ocrx_word' id='word_1_670' title='bbox 594 5309 688 5378; x_wconf 90' lang='lat' dir='ltr'><strong>qui</strong></span> <span class='ocrx_word' id='word_1_671' title='bbox 718 5308 786 5361; x_wconf 92' lang='lat' dir='ltr'><strong>de</strong></span> <span class='ocrx_word' id='word_1_672' title='bbox 808 5308 1045 5361; x_wconf 89' lang='lat' dir='ltr'><strong>concilio</strong></span> <span class='ocrx_word' id='word_1_673' title='bbox 1070 5305 1509 5378; x_wconf 77' lang='lat' dir='ltr'><strong>Chalcedonensi</strong></span> <span class='ocrx_word' id='word_1_674' title='bbox 1545 5304 1615 5356; x_wconf 90' lang='lat' dir='ltr'><strong>ab</strong></span> <span class='ocrx_word' id='word_1_675' title='bbox 1662 5303 1858 5371; x_wconf 85' lang='lat' dir='ltr'><strong>imper.</strong></span> 
     </span>
    </p>
   </div>
   <div class='ocr_carea' id='block_1_97' title="bbox 274 5375 1867 5446">
    <p class='ocr_par' dir='ltr' id='par_1_97' title="bbox 274 5375 1867 5446">
     <span class='ocr_line' id='line_1_97' title="bbox 274 5375 1867 5446; baseline -0.006 -13"><span class='ocrx_word' id='word_1_676' title='bbox 274 5375 461 5433; x_wconf 74' lang='lat' dir='ltr'><strong>Leone</strong></span> <span class='ocrx_word' id='word_1_677' title='bbox 481 5375 743 5440; x_wconf 79' lang='lat' dir='ltr'><strong>consulti,</strong></span> <span class='ocrx_word' id='word_1_678' title='bbox 774 5378 908 5431; x_wconf 90' lang='lat' dir='ltr'><strong>illud</strong></span> <span class='ocrx_word' id='word_1_679' title='bbox 941 5378 1336 5446; x_wconf 86' lang='lat' dir='ltr'><strong>approbarunt.</strong></span> <span class='ocrx_word' id='word_1_680' title='bbox 1372 5375 1427 5428; x_wconf 85' lang='lat' dir='ltr'><strong>id</strong></span> <span class='ocrx_word' id='word_1_681' title='bbox 1459 5376 1528 5428; x_wconf 88' lang='lat' dir='ltr'><strong>dc</strong></span> <span class='ocrx_word' id='word_1_682' title='bbox 1549 5390 1605 5428; x_wconf 90' lang='lat' dir='ltr'><strong>se</strong></span> <span class='ocrx_word' id='word_1_683' title='bbox 1634 5381 1867 5427; x_wconf 86' lang='lat' dir='ltr'><strong>testatur</strong></span> 
     </span>
    </p>
   </div>
   <div class='ocr_carea' id='block_1_98' title="bbox 274 5446 1867 5520">
    <p class='ocr_par' dir='ltr' id='par_1_98' title="bbox 274 5446 1867 5520">
     <span class='ocr_line' id='line_1_98' title="bbox 274 5446 1867 5520; baseline -0.006 -17"><span class='ocrx_word' id='word_1_684' title='bbox 274 5452 516 5520; x_wconf 77' lang='lat' dir='ltr'><strong>Symcon</strong></span> <span class='ocrx_word' id='word_1_685' title='bbox 546 5450 680 5503; x_wconf 86' lang='lat' dir='ltr'><strong>Stvl.</strong></span> <span class='ocrx_word' id='word_1_686' title='bbox 718 5450 892 5517; x_wconf 69' lang='lat' dir='ltr'><strong>Epist.</strong></span> <span class='ocrx_word' id='word_1_687' title='bbox 924 5449 994 5500; x_wconf 81' lang='lat' dir='ltr'><strong>ad</strong></span> <span class='ocrx_word' id='word_1_688' title='bbox 1042 5447 1211 5501; x_wconf 79' lang='lat' dir='ltr'><strong>Basil.</strong></span> <span class='ocrx_word' id='word_1_689' title='bbox 1256 5446 1497 5500; x_wconf 78' lang='lat' dir='ltr'><strong>Antioch.</strong></span> <span class='ocrx_word' id='word_1_690' title='bbox 1544 5446 1867 5513; x_wconf 83' lang='lat' dir='ltr'><strong>episcopum.</strong></span> 
     </span>
    </p>
   </div>
   <div class='ocr_carea' id='block_1_99' title="bbox 274 5520 673 5574">
    <p class='ocr_par' dir='ltr' id='par_1_99' title="bbox 274 5520 673 5574">
     <span class='ocr_line' id='line_1_99' title="bbox 274 5520 673 5574; baseline 0 0"><span class='ocrx_word' id='word_1_691' title='bbox 274 5521 475 5574; x_wconf 72' lang='lat' dir='ltr'><strong>Evazr.</strong></span> <span class='ocrx_word' id='word_1_692' title='bbox 514 5520 673 5574; x_wconf 69' lang='grc' dir='ltr'><strong>ΠΛΟ.</strong></span> 
     </span>
    </p>
   </div>
   <div class='ocr_carea' id='block_1_100' title="bbox 349 5536 1865 5663">
    <p class='ocr_par' dir='ltr' id='par_1_100' title="bbox 349 5536 1865 5663">
     <span class='ocr_line' id='line_1_100' title="bbox 349 5536 673 5574; baseline 0 0"><span class='ocrx_word' id='word_1_693' title='bbox 349 5536 387 5571; x_wconf 75' lang='grc' dir='ltr'>’τι</span> <span class='ocrx_word' id='word_1_694' title='bbox 460 5559 475 5573; x_wconf 91' lang='grc'><strong>.</strong></span> <span class='ocrx_word' id='word_1_695' title='bbox 661 5562 673 5574; x_wconf 94' lang='grc'><strong>.</strong></span> 
     </span>
     <span class='ocr_line' id='line_1_101' title="bbox 349 5536 1865 5663; baseline -0.005 -20"><span class='ocrx_word' id='word_1_696' title='bbox 349 5536 668 5663; x_wconf 20' lang='grc' dir='ltr'><strong>ιιὲςμλιξιιιῗο</strong></span> <span class='ocrx_word' id='word_1_697' title='bbox 704 5591 991 5663; x_wconf 84' lang='lat' dir='ltr'><strong>columna,</strong></span> <span class='ocrx_word' id='word_1_698' title='bbox 1032 5585 1219 5642; x_wconf 67' lang='lat' dir='ltr'><strong>Graece</strong></span> <span class='ocrx_word' id='word_1_699' title='bbox 1246 5584 1457 5647; x_wconf 78' lang='grc' dir='ltr'>στύλος,</span> <span class='ocrx_word' id='word_1_700' title='bbox 1502 5598 1657 5638; x_wconf 90' lang='lat' dir='ltr'><strong>suam</strong></span> <span class='ocrx_word' id='word_1_701' title='bbox 1690 5582 1865 5637; x_wconf 88' lang='lat' dir='ltr'><strong>deno-</strong></span> 
     </span>
    </p>
   </div>
   <div class='ocr_carea' id='block_1_101' title="bbox 278 5661 1831 5732">
    <p class='ocr_par' dir='ltr' id='par_1_101' title="bbox 278 5661 1831 5732">
     <span class='ocr_line' id='line_1_102' title="bbox 278 5661 1831 5732; baseline 0.012 -19"><span class='ocrx_word' id='word_1_702' title='bbox 278 5661 637 5732; x_wconf 42' lang='lat' dir='ltr'><strong>uiinatione&#39;m</strong></span> <span class='ocrx_word' id='word_1_703' title='bbox 676 5661 869 5716; x_wconf 78' lang='lat' dir='ltr'><strong>traxit.</strong></span> <span class='ocrx_word' id='word_1_704' title='bbox 1392 5725 1403 5732; x_wconf 91' lang='lat'>_</span> <span class='ocrx_word' id='word_1_705' title='bbox 1622 5723 1634 5732; x_wconf 86' lang='lat'><em>.</em></span> <span class='ocrx_word' id='word_1_706' title='bbox 1673 5723 1712 5732; x_wconf 60' lang='grc' dir='ltr'>η</span> <span class='ocrx_word' id='word_1_707' title='bbox 1749 5722 1762 5732; x_wconf 88' lang='grc'><strong>.</strong></span> <span class='ocrx_word' id='word_1_708' title='bbox 1821 5722 1831 5732; x_wconf 93' lang='grc'><strong><em>.</em></strong></span> 
     </span>
    </p>
   </div>
   <div class='ocr_carea' id='block_1_102' title="bbox 351 5722 1867 5799">
    <p class='ocr_par' dir='ltr' id='par_1_102' title="bbox 351 5722 1867 5799">
     <span class='ocr_line' id='line_1_103' title="bbox 351 5722 1867 5799; baseline -0.006 -16"><span class='ocrx_word' id='word_1_709' title='bbox 351 5731 640 5799; x_wconf 82' lang='lat' dir='ltr'><strong>(l6)Nuila</strong></span> <span class='ocrx_word' id='word_1_710' title='bbox 697 5734 908 5788; x_wconf 77' lang='lat' dir='ltr'><strong>horum</strong></span> <span class='ocrx_word' id='word_1_711' title='bbox 963 5743 1191 5799; x_wconf 69' lang='lat' dir='ltr'><strong>cperunt</strong></span> <span class='ocrx_word' id='word_1_712' title='bbox 1232 5725 1445 5799; x_wconf 86' lang='lat' dir='ltr'><strong>mentio</strong></span> <span class='ocrx_word' id='word_1_713' title='bbox 1493 5723 1635 5793; x_wconf 88' lang='lat' dir='ltr'><strong>apud</strong></span> <span class='ocrx_word' id='word_1_714' title='bbox 1673 5722 1867 5799; x_wconf 48' lang='lat' dir='ltr'><strong>Fabri‘</strong></span> 
     </span>
    </p>
   </div>
   <div class='ocr_carea' id='block_1_103' title="bbox 279 5794 1872 5878">
    <p class='ocr_par' dir='ltr' id='par_1_103' title="bbox 279 5794 1872 5878">
     <span class='ocr_line' id='line_1_104' title="bbox 279 5794 1872 5878; baseline -0.004 -22"><span class='ocrx_word' id='word_1_715' title='bbox 279 5794 421 5857; x_wconf 76' lang='lat' dir='ltr'><strong>cium</strong></span> <span class='ocrx_word' id='word_1_716' title='bbox 446 5815 478 5861; x_wconf 88' lang='grc' dir='ltr'>ι.</span> <span class='ocrx_word' id='word_1_717' title='bbox 508 5805 594 5863; x_wconf 77' lang='grc' dir='ltr'><strong>ΙΧ.</strong></span> <span class='ocrx_word' id='word_1_718' title='bbox 626 5823 681 5878; x_wconf 84' lang='lat' dir='ltr'><strong>p.</strong></span> <span class='ocrx_word' id='word_1_719' title='bbox 719 5804 855 5869; x_wconf 65' lang='lat'><strong>515,</strong></span> <span class='ocrx_word' id='word_1_720' title='bbox 889 5794 1081 5855; x_wconf 52' lang='lat' dir='ltr'><strong>ubi&#39;dc</strong></span> <span class='ocrx_word' id='word_1_721' title='bbox 1112 5798 1320 5854; x_wconf 65' lang='lat' dir='ltr'><strong>Severo</strong></span> <span class='ocrx_word' id='word_1_722' title='bbox 1348 5798 1575 5867; x_wconf 73' lang='lat' dir='ltr'><strong>ejusque</strong></span> <span class='ocrx_word' id='word_1_723' title='bbox 1607 5794 1872 5865; x_wconf 81' lang='lat' dir='ltr'><strong>operibus</strong></span> 
     </span>
    </p>
   </div>
   <div class='ocr_carea' id='block_1_104' title="bbox 2041 4435 3565 4512">
    <p class='ocr_par' dir='ltr' id='par_1_104' title="bbox 2041 4435 3565 4512">
     <span class='ocr_line' id='line_1_105' title="bbox 2041 4435 3565 4512; baseline -0.005 -18"><span class='ocrx_word' id='word_1_724' title='bbox 2041 4460 2059 4494; x_wconf 77' lang='grc' dir='ltr'><strong>ι</strong></span> <span class='ocrx_word' id='word_1_725' title='bbox 2088 4444 2177 4506; x_wconf 78' lang='lat' dir='ltr'><strong>At,</strong></span> <span class='ocrx_word' id='word_1_726' title='bbox 2217 4443 2461 4512; x_wconf 86' lang='lat' dir='ltr'><strong>inquies,</strong></span> <span class='ocrx_word' id='word_1_727' title='bbox 2488 4441 2591 4511; x_wconf 91' lang='lat' dir='ltr'><strong>ipsi</strong></span> <span class='ocrx_word' id='word_1_728' title='bbox 2614 4440 2837 4495; x_wconf 82' lang='lat' dir='ltr'><strong>concilii</strong></span> <span class='ocrx_word' id='word_1_729' title='bbox 2867 4440 3059 4495; x_wconf 88' lang='lat' dir='ltr'><strong>Patres</strong></span> <span class='ocrx_word' id='word_1_730' title='bbox 3081 4438 3149 4493; x_wconf 89' lang='lat' dir='ltr'><strong>de</strong></span> <span class='ocrx_word' id='word_1_731' title='bbox 3179 4436 3413 4490; x_wconf 69' lang='lat' dir='ltr'><strong>voc-ibus</strong></span> <span class='ocrx_word' id='word_1_732' title='bbox 3438 4435 3565 4505; x_wconf 81' lang='lat' dir='ltr'><strong>qui-</strong></span> 
     </span>
    </p>
   </div>
   <div class='ocr_carea' id='block_1_105' title="bbox 1965 4528 3567 4598">
    <p class='ocr_par' dir='ltr' id='par_1_105' title="bbox 1965 4528 3567 4598">
     <span class='ocr_line' id='line_1_106' title="bbox 1965 4528 3567 4598; baseline -0.006 -9"><span class='ocrx_word' id='word_1_733' title='bbox 1965 4534 2197 4589; x_wconf 89' lang='lat' dir='ltr'><strong>busdam</strong></span> <span class='ocrx_word' id='word_1_734' title='bbox 2231 4536 2375 4588; x_wconf 86' lang='lat' dir='ltr'><strong>inter</strong></span> <span class='ocrx_word' id='word_1_735' title='bbox 2419 4549 2477 4588; x_wconf 94' lang='lat' dir='ltr'><strong>se</strong></span> <span class='ocrx_word' id='word_1_736' title='bbox 2505 4534 2910 4597; x_wconf 84' lang='lat' dir='ltr'><strong>dissenserunt,</strong></span> <span class='ocrx_word' id='word_1_737' title='bbox 2935 4533 3370 4598; x_wconf 82' lang='lat' dir='ltr'><strong>institeruntquc</strong></span> <span class='ocrx_word' id='word_1_738' title='bbox 3396 4528 3567 4580; x_wconf 78' lang='lat' dir='ltr'><strong>velic-</strong></span> 
     </span>
    </p>
   </div>
   <div class='ocr_carea' id='block_1_106' title="bbox 1885 4620 3565 4713">
    <p class='ocr_par' dir='ltr' id='par_1_106' title="bbox 1885 4620 3565 4713">
     <span class='ocr_line' id='line_1_107' title="bbox 1885 4620 3565 4713; baseline -0.005 -33"><span class='ocrx_word' id='word_1_739' title='bbox 1885 4656 1937 4713; x_wconf 83' lang='lat' dir='ltr'><strong>D</strong></span> <span class='ocrx_word' id='word_1_740' title='bbox 1967 4635 2205 4687; x_wconf 87' lang='lat' dir='ltr'><strong>menter,</strong></span> <span class='ocrx_word' id='word_1_741' title='bbox 2234 4634 2293 4679; x_wconf 92' lang='lat' dir='ltr'><strong>ut</strong></span> <span class='ocrx_word' id='word_1_742' title='bbox 2320 4624 2433 4697; x_wconf 87' lang='lat' dir='ltr'><strong>(l8)</strong></span> <span class='ocrx_word' id='word_1_743' title='bbox 2464 4623 2642 4694; x_wconf 87' lang='lat' dir='ltr'><strong>prima</strong></span> <span class='ocrx_word' id='word_1_744' title='bbox 2666 4639 2789 4693; x_wconf 69' lang='lat' dir='ltr'><strong>quae</strong></span> <span class='ocrx_word' id='word_1_745' title='bbox 2806 4624 2919 4694; x_wconf 90' lang='lat' dir='ltr'><strong>jam</strong></span> <span class='ocrx_word' id='word_1_746' title='bbox 2942 4624 3167 4693; x_wconf 82' lang='lat' dir='ltr'><strong>explosa</strong></span> <span class='ocrx_word' id='word_1_747' title='bbox 3192 4622 3393 4679; x_wconf 83' lang='lat' dir='ltr'><strong>fuerat.</strong></span> <span class='ocrx_word' id='word_1_748' title='bbox 3428 4620 3565 4674; x_wconf 82' lang='lat' dir='ltr'><strong>reti-</strong></span> 
     </span>
    </p>
   </div>
   <div class='ocr_carea' id='block_1_107' title="bbox 1966 4714 3566 4787">
    <p class='ocr_par' dir='ltr' id='par_1_107' title="bbox 1966 4714 3566 4787">
     <span class='ocr_line' id='line_1_108' title="bbox 1966 4714 3566 4787; baseline -0.006 -13"><span class='ocrx_word' id='word_1_749' title='bbox 1966 4727 2197 4774; x_wconf 88' lang='lat' dir='ltr'><strong>neretur</strong></span> <span class='ocrx_word' id='word_1_750' title='bbox 2228 4717 2522 4787; x_wconf 81' lang='lat' dir='ltr'><strong>expositio,</strong></span> <span class='ocrx_word' id='word_1_751' title='bbox 2574 4717 2661 4770; x_wconf 84' lang='lat' dir='ltr'><strong>vel</strong></span> <span class='ocrx_word' id='word_1_752' title='bbox 2692 4732 2794 4786; x_wconf 90' lang='lat' dir='ltr'><strong>pro</strong></span> <span class='ocrx_word' id='word_1_753' title='bbox 2838 4716 3100 4771; x_wconf 91' lang='lat' dir='ltr'><strong>Dioscoro</strong></span> <span class='ocrx_word' id='word_1_754' title='bbox 3142 4716 3260 4785; x_wconf 88' lang='lat' dir='ltr'><strong>ipso</strong></span> <span class='ocrx_word' id='word_1_755' title='bbox 3296 4714 3391 4783; x_wconf 90' lang='lat' dir='ltr'><strong>qni</strong></span> <span class='ocrx_word' id='word_1_756' title='bbox 3434 4728 3566 4766; x_wconf 86' lang='lat' dir='ltr'><strong>rcus</strong></span> 
     </span>
    </p>
   </div>
   <div class='ocr_carea' id='block_1_108' title="bbox 1968 4812 2722 4888">
    <p class='ocr_par' dir='ltr' id='par_1_108' title="bbox 1968 4812 2722 4888">
     <span class='ocr_line' id='line_1_109' title="bbox 1968 4812 2722 4888; baseline -0.009 -17"><span class='ocrx_word' id='word_1_757' title='bbox 1968 4816 2255 4888; x_wconf 81' lang='lat' dir='ltr'><strong>agebatur,</strong></span> <span class='ocrx_word' id='word_1_758' title='bbox 2291 4812 2667 4882; x_wconf 88' lang='lat' dir='ltr'><strong>deprecaturi.</strong></span> <span class='ocrx_word' id='word_1_759' title='bbox 2704 4830 2722 4863; x_wconf 75' lang='grc' dir='ltr'><strong>ι</strong></span> 
     </span>
    </p>
   </div>
   <div class='ocr_carea' id='block_1_109' title="bbox 2042 4979 3569 5057">
    <p class='ocr_par' dir='ltr' id='par_1_109' title="bbox 2042 4979 3569 5057">
     <span class='ocr_line' id='line_1_110' title="bbox 2042 4979 3569 5057; baseline -0.007 -15"><span class='ocrx_word' id='word_1_760' title='bbox 2042 4988 2109 5042; x_wconf 87' lang='grc' dir='ltr'>Ει</span> <span class='ocrx_word' id='word_1_761' title='bbox 2142 4986 2278 5057; x_wconf 89' lang='lat' dir='ltr'><strong>quid</strong></span> <span class='ocrx_word' id='word_1_762' title='bbox 2320 4986 2522 5041; x_wconf 91' lang='lat' dir='ltr'><strong>mirum</strong></span> <span class='ocrx_word' id='word_1_763' title='bbox 2546 4986 2570 5042; x_wconf 75' lang='lat' dir='ltr'><strong>‘i</strong></span> <span class='ocrx_word' id='word_1_764' title='bbox 2592 4987 2730 5041; x_wconf 84' lang='lat' dir='ltr'><strong>Nam</strong></span> <span class='ocrx_word' id='word_1_765' title='bbox 2763 4993 2819 5041; x_wconf 89' lang='lat' dir='ltr'><strong>et</strong></span> <span class='ocrx_word' id='word_1_766' title='bbox 2863 4985 2918 5039; x_wconf 91' lang='lat' dir='ltr'><strong>in</strong></span> <span class='ocrx_word' id='word_1_767' title='bbox 2946 4983 3065 5053; x_wconf 89' lang='lat' dir='ltr'><strong>ipsa</strong></span> <span class='ocrx_word' id='word_1_768' title='bbox 3088 4982 3305 5037; x_wconf 71' lang='lat' dir='ltr'><strong>Nicmna</strong></span> <span class='ocrx_word' id='word_1_769' title='bbox 3353 4979 3569 5052; x_wconf 76' lang='lat' dir='ltr'><strong>synodo</strong></span> 
     </span>
    </p>
   </div>
   <div class='ocr_carea' id='block_1_110' title="bbox 1967 5161 2215 5217">
    <p class='ocr_par' dir='ltr' id='par_1_110' title="bbox 1967 5161 2215 5217">
     <span class='ocr_line' id='line_1_111' title="bbox 1967 5161 2215 5217; baseline -0.012 -1"><span class='ocrx_word' id='word_1_770' title='bbox 1967 5161 2215 5217; x_wconf 89' lang='lat' dir='ltr'><strong>disserit.</strong></span> 
     </span>
    </p>
   </div>
   <div class='ocr_carea' id='block_1_111' title="bbox 2042 5223 3566 5299">
    <p class='ocr_par' dir='ltr' id='par_1_111' title="bbox 2042 5223 3566 5299">
     <span class='ocr_line' id='line_1_112' title="bbox 2042 5223 3566 5299; baseline -0.007 -15"><span class='ocrx_word' id='word_1_771' title='bbox 2042 5232 2155 5299; x_wconf 81' lang='lat' dir='ltr'><strong>(I7)</strong></span> <span class='ocrx_word' id='word_1_772' title='bbox 2182 5229 2437 5284; x_wconf 60' lang='lat' dir='ltr'><strong>Elurum</strong></span> <span class='ocrx_word' id='word_1_773' title='bbox 2475 5227 2956 5299; x_wconf 72' lang='lat' dir='ltr'><strong>Eutychianorum</strong></span> <span class='ocrx_word' id='word_1_774' title='bbox 2988 5236 3309 5297; x_wconf 84' lang='lat' dir='ltr'><strong>patronum,</strong></span> <span class='ocrx_word' id='word_1_775' title='bbox 3344 5223 3412 5278; x_wconf 91' lang='lat' dir='ltr'><strong>dc</strong></span> <span class='ocrx_word' id='word_1_776' title='bbox 3448 5236 3566 5291; x_wconf 89' lang='lat' dir='ltr'><strong>quo</strong></span> 
     </span>
    </p>
   </div>
   <div class='ocr_carea' id='block_1_112' title="bbox 1970 5302 2307 5356">
    <p class='ocr_par' dir='ltr' id='par_1_112' title="bbox 1970 5302 2307 5356">
     <span class='ocr_line' id='line_1_113' title="bbox 1970 5302 2307 5356; baseline 0 -1"><span class='ocrx_word' id='word_1_777' title='bbox 1970 5302 2099 5356; x_wconf 79' lang='lat' dir='ltr'><strong>vide</strong></span> <span class='ocrx_word' id='word_1_778' title='bbox 2145 5302 2307 5355; x_wconf 81' lang='lat' dir='ltr'><strong>infra.</strong></span> 
     </span>
    </p>
   </div>
   <div class='ocr_carea' id='block_1_113' title="bbox 2050 5364 3569 5440">
    <p class='ocr_par' dir='ltr' id='par_1_113' title="bbox 2050 5364 3569 5440">
     <span class='ocr_line' id='line_1_114' title="bbox 2050 5364 3569 5440; baseline -0.004 -17"><span class='ocrx_word' id='word_1_779' title='bbox 2050 5371 2158 5440; x_wconf 91' lang='lat' dir='ltr'><strong>(l8)</strong></span> <span class='ocrx_word' id='word_1_780' title='bbox 2192 5371 2430 5425; x_wconf 84' lang='lat' dir='ltr'><strong>Primam</strong></span> <span class='ocrx_word' id='word_1_781' title='bbox 2478 5374 2839 5437; x_wconf 81' lang='lat' dir='ltr'><strong>proposuerat</strong></span> <span class='ocrx_word' id='word_1_782' title='bbox 2905 5365 3214 5440; x_wconf 76' lang='lat' dir='ltr'><strong>Anatolius</strong></span> <span class='ocrx_word' id='word_1_783' title='bbox 3248 5364 3368 5440; x_wconf 82' lang='lat' dir='ltr'><strong>Cp._</strong></span> <span class='ocrx_word' id='word_1_784' title='bbox 3402 5380 3569 5432; x_wconf 85' lang='lat' dir='ltr'><strong>quam</strong></span> 
     </span>
    </p>
   </div>
   <div class='ocr_carea' id='block_1_114' title="bbox 1978 5435 3571 5511">
    <p class='ocr_par' dir='ltr' id='par_1_114' title="bbox 1978 5435 3571 5511">
     <span class='ocr_line' id='line_1_115' title="bbox 1978 5435 3571 5511; baseline -0.006 -16"><span class='ocrx_word' id='word_1_785' title='bbox 1978 5435 2221 5511; x_wconf 87' lang='lat' dir='ltr'><strong>episcopi</strong></span> <span class='ocrx_word' id='word_1_786' title='bbox 2250 5435 2490 5511; x_wconf 80' lang='lat' dir='ltr'><strong>Romani</strong></span> <span class='ocrx_word' id='word_1_787' title='bbox 2528 5435 2743 5503; x_wconf 79' lang='lat' dir='ltr'><strong>omnes,</strong></span> <span class='ocrx_word' id='word_1_788' title='bbox 2786 5446 2843 5491; x_wconf 90' lang='lat' dir='ltr'><strong>et</strong></span> <span class='ocrx_word' id='word_1_789' title='bbox 2866 5438 3089 5511; x_wconf 82' lang='lat' dir='ltr'><strong>quidam</strong></span> <span class='ocrx_word' id='word_1_790' title='bbox 3126 5435 3436 5491; x_wconf 80' lang='lat' dir='ltr'><strong>Orientales</strong></span> <span class='ocrx_word' id='word_1_791' title='bbox 3463 5450 3571 5511; x_wconf 57' lang='lat' dir='ltr'><strong>rx-</strong></span> 
     </span>
    </p>
   </div>
   <div class='ocr_carea' id='block_1_115' title="bbox 1976 5504 3568 5581">
    <p class='ocr_par' dir='ltr' id='par_1_115' title="bbox 1976 5504 3568 5581">
     <span class='ocr_line' id='line_1_116' title="bbox 1976 5504 3568 5581; baseline -0.006 -18"><span class='ocrx_word' id='word_1_792' title='bbox 1976 5504 2306 5581; x_wconf 71' lang='lat' dir='ltr'><strong>liiodeuiiain</strong></span> <span class='ocrx_word' id='word_1_793' title='bbox 2344 5509 2666 5578; x_wconf 84' lang='lat' dir='ltr'><strong>judicarth</strong></span> <span class='ocrx_word' id='word_1_794' title='bbox 2710 5525 2722 5572; x_wconf 87' lang='lat'>;</span> <span class='ocrx_word' id='word_1_795' title='bbox 2770 5504 2962 5581; x_wconf 60' lang='lat' dir='ltr'><strong>caueri</strong></span> <span class='ocrx_word' id='word_1_796' title='bbox 3015 5516 3208 5581; x_wconf 80' lang='lat' dir='ltr'><strong>contra</strong></span> <span class='ocrx_word' id='word_1_797' title='bbox 3277 5504 3568 5581; x_wconf 55' lang='lat' dir='ltr'><strong>tenendam</strong></span> 
     </span>
    </p>
   </div>
   <div class='ocr_carea' id='block_1_116' title="bbox 1978 5574 3574 5650">
    <p class='ocr_par' dir='ltr' id='par_1_116' title="bbox 1978 5574 3574 5650">
     <span class='ocr_line' id='line_1_117' title="bbox 1978 5574 3574 5650; baseline -0.006 -16"><span class='ocrx_word' id='word_1_798' title='bbox 1978 5574 2167 5650; x_wconf 74' lang='lat' dir='ltr'><strong>utpote</strong></span> <span class='ocrx_word' id='word_1_799' title='bbox 2202 5597 2230 5634; x_wconf 93' lang='lat' dir='ltr'><strong>a</strong></span> <span class='ocrx_word' id='word_1_800' title='bbox 2270 5574 2480 5649; x_wconf 83' lang='lat' dir='ltr'><strong>Spiritu</strong></span> <span class='ocrx_word' id='word_1_801' title='bbox 2518 5586 2710 5633; x_wconf 87' lang='lat' dir='ltr'><strong>sancto</strong></span> <span class='ocrx_word' id='word_1_802' title='bbox 2754 5576 3022 5650; x_wconf 75' lang='lat' dir='ltr'><strong>dictatam</strong></span> <span class='ocrx_word' id='word_1_803' title='bbox 3059 5578 3404 5650; x_wconf 79' lang='lat' dir='ltr'><strong>clamarunt._</strong></span> <span class='ocrx_word' id='word_1_804' title='bbox 3436 5574 3574 5650; x_wconf 69' lang='lat' dir='ltr'><strong>Tari-</strong></span> 
     </span>
    </p>
   </div>
   <div class='ocr_carea' id='block_1_117' title="bbox 1977 5644 3575 5730">
    <p class='ocr_par' dir='ltr' id='par_1_117' title="bbox 1977 5644 3575 5730">
     <span class='ocr_line' id='line_1_118' title="bbox 1977 5644 3575 5730; baseline -0.007 -24"><span class='ocrx_word' id='word_1_805' title='bbox 1977 5644 2102 5706; x_wconf 71' lang='lat' dir='ltr'><strong>dein</strong></span> <span class='ocrx_word' id='word_1_806' title='bbox 2154 5644 2417 5730; x_wconf 74' lang='lat' dir='ltr'><strong>accurate</strong></span> <span class='ocrx_word' id='word_1_807' title='bbox 2486 5664 2544 5703; x_wconf 91' lang='lat' dir='ltr'><strong>re</strong></span> <span class='ocrx_word' id='word_1_808' title='bbox 2598 5664 2869 5730; x_wconf 80' lang='lat' dir='ltr'><strong>perpensa</strong></span> <span class='ocrx_word' id='word_1_809' title='bbox 2905 5689 2918 5712; x_wconf 96' lang='lat'><strong>,</strong></span> <span class='ocrx_word' id='word_1_810' title='bbox 2970 5648 3202 5730; x_wconf 34' lang='lat' dir='ltr'><strong>.alter‘am</strong></span> <span class='ocrx_word' id='word_1_811' title='bbox 3278 5644 3575 5730; x_wconf 74' lang='lat' dir='ltr'><strong>ediderunt</strong></span> 
     </span>
    </p>
   </div>
   <div class='ocr_carea' id='block_1_118' title="bbox 1978 5716 3573 5836">
    <p class='ocr_par' dir='ltr' id='par_1_118' title="bbox 1978 5716 3573 5836">
     <span class='ocr_line' id='line_1_119' title="bbox 1978 5716 3573 5836; baseline -0.006 -60"><span class='ocrx_word' id='word_1_812' title='bbox 1978 5722 2463 5836; x_wconf 39' lang='lat' dir='ltr'><strong>approbarulntque</strong></span> <span class='ocrx_word' id='word_1_813' title='bbox 2524 5716 2767 5773; x_wconf 80' lang='lat' dir='ltr'><strong>universi</strong></span> <span class='ocrx_word' id='word_1_814' title='bbox 2826 5718 3045 5774; x_wconf 84' lang='lat' dir='ltr'><strong>concilii</strong></span> <span class='ocrx_word' id='word_1_815' title='bbox 3090 5718 3301 5771; x_wconf 77' lang='lat' dir='ltr'><strong>Patres.</strong></span> <span class='ocrx_word' id='word_1_816' title='bbox 3373 5716 3465 5769; x_wconf 74' lang='lat' dir='ltr'><strong>Act</strong></span> <span class='ocrx_word' id='word_1_817' title='bbox 3532 5730 3573 5775; x_wconf 82' lang='grc' dir='ltr'><strong>ι,</strong></span> 
     </span>
     <span class='ocr_line' id='line_1_120' title="bbox 1981 5794 2344 5836; baseline 0 0"><span class='ocrx_word' id='word_1_818' title='bbox 1981 5809 2126 5836; x_wconf 67' lang='lat' dir='ltr'><strong>mna-</strong></span> <span class='ocrx_word' id='word_1_819' title='bbox 2188 5794 2268 5836; x_wconf 79' lang='lat' dir='ltr'><strong>.Im</strong></span> <span class='ocrx_word' id='word_1_820' title='bbox 2300 5808 2344 5836; x_wconf 68' lang='grc' dir='ltr'><strong>Γ-</strong></span> 
     </span>
    </p>
   </div>
   <div class='ocr_carea' id='block_1_119' title="bbox 1981 5792 2345 5847">
    <p class='ocr_par' dir='ltr' id='par_1_119' title="bbox 1981 5792 2345 5847">
     <span class='ocr_line' id='line_1_121' title="bbox 1981 5792 2345 5847; baseline -0.011 0"><span class='ocrx_word' id='word_1_821' title='bbox 1981 5809 2127 5847; x_wconf 81' lang='lat' dir='ltr'><strong>conc.</strong></span> <span class='ocrx_word' id='word_1_822' title='bbox 2161 5792 2345 5847; x_wconf 78' lang='lat' dir='ltr'><strong>C/iulr.</strong></span> 
     </span>
    </p>
   </div>
  </div>
