  <div class='ocr_page' id='page_1' title='image "/cluster/home/n/w/nwhite01/storage/ocr_20150623/86 pars.2/pst.000005712885/079.png"; bbox 0 0 4094 6334; ppageno 0'>
   <div class='ocr_carea' id='block_1_1' title="bbox 569 343 3834 420">
    <p class='ocr_par' dir='ltr' id='par_1_1' title="bbox 569 343 3834 420">
     <span class='ocr_line' id='line_1_1' title="bbox 569 343 3834 420; baseline -0.002 -6"><span class='ocrx_word' id='word_1_1' title='bbox 569 345 709 414; x_wconf 71' lang='lat'><strong>1383</strong></span> <span class='ocrx_word' id='word_1_2' title='bbox 1838 350 2148 420; x_wconf 83' lang='lat' dir='ltr'><strong>LEONTII</strong></span> <span class='ocrx_word' id='word_1_3' title='bbox 2184 348 2594 413; x_wconf 80' lang='lat' dir='ltr'><strong>BYZANTINI</strong></span> <span class='ocrx_word' id='word_1_4' title='bbox 3695 343 3834 407; x_wconf 68' lang='lat'><strong>1884</strong></span> 
     </span>
    </p>
   </div>
   <div class='ocr_carea' id='block_1_2' title="bbox 565 456 2178 535">
    <p class='ocr_par' dir='ltr' id='par_1_2' title="bbox 565 458 2178 531">
     <span class='ocr_line' id='line_1_2' title="bbox 565 458 2178 531; baseline 0.004 -16"><span class='ocrx_word' id='word_1_5' title='bbox 565 460 791 515; x_wconf 78' lang='lat' dir='ltr'><strong>l&#39;atrum</strong></span> <span class='ocrx_word' id='word_1_6' title='bbox 838 458 943 515; x_wconf 77' lang='grc'><strong>318</strong></span> <span class='ocrx_word' id='word_1_7' title='bbox 977 459 1228 516; x_wconf 89' lang='lat' dir='ltr'><strong>nonnulli</strong></span> <span class='ocrx_word' id='word_1_8' title='bbox 1258 460 1482 515; x_wconf 85' lang='lat' dir='ltr'><strong>interse</strong></span> <span class='ocrx_word' id='word_1_9' title='bbox 1522 460 1951 529; x_wconf 85' lang='lat' dir='ltr'><strong>dissenserunt,</strong></span> <span class='ocrx_word' id='word_1_10' title='bbox 1984 473 2047 521; x_wconf 92' lang='lat' dir='ltr'><strong>ut</strong></span> <span class='ocrx_word' id='word_1_11' title='bbox 2079 468 2136 520; x_wconf 88' lang='lat' dir='ltr'><strong>in</strong></span> <span class='ocrx_word' id='word_1_12' title='bbox 2162 494 2178 531; x_wconf 60' lang='grc' dir='ltr'><em>λ</em></span> 
     </span>
    </p>
   </div>
   <div class='ocr_carea' id='block_1_3' title="bbox 2286 456 3836 535">
    <p class='ocr_par' dir='ltr' id='par_1_3' title="bbox 2286 456 3836 535">
     <span class='ocr_line' id='line_1_3' title="bbox 2286 456 3836 535; baseline -0.003 -17"><span class='ocrx_word' id='word_1_13' title='bbox 2286 470 2342 535; x_wconf 80' lang='grc' dir='ltr'><strong>,η’</strong></span> <span class='ocrx_word' id='word_1_14' title='bbox 2373 463 2635 534; x_wconf 76' lang='grc' dir='ltr'>Πατέρων</span> <span class='ocrx_word' id='word_1_15' title='bbox 2667 460 2872 533; x_wconf 82' lang='grc' dir='ltr'><strong>συνόδῳ</strong></span> <span class='ocrx_word' id='word_1_16' title='bbox 2904 460 2971 531; x_wconf 76' lang='grc' dir='ltr'>τῇ</span> <span class='ocrx_word' id='word_1_17' title='bbox 3025 458 3085 513; x_wconf 74' lang='grc' dir='ltr'><strong>ἐν</strong></span> <span class='ocrx_word' id='word_1_18' title='bbox 3111 461 3177 530; x_wconf 74' lang='grc' dir='ltr'><strong>τῇ</strong></span> <span class='ocrx_word' id='word_1_19' title='bbox 3213 456 3439 529; x_wconf 56' lang='lat' dir='ltr'><strong>Nix-aia,</strong></span> <span class='ocrx_word' id='word_1_20' title='bbox 3464 457 3836 531; x_wconf 78' lang='grc' dir='ltr'>διηνέχθησαν</span> 
     </span>
    </p>
   </div>
   <div class='ocr_carea' id='block_1_4' title="bbox 565 550 2178 629">
    <p class='ocr_par' dir='ltr' id='par_1_4' title="bbox 565 550 1678 621">
     <span class='ocr_line' id='line_1_4' title="bbox 565 550 1678 621; baseline 0.004 -17"><span class='ocrx_word' id='word_1_21' title='bbox 565 550 797 606; x_wconf 82' lang='lat' dir='ltr'><strong>historia</strong></span> <span class='ocrx_word' id='word_1_22' title='bbox 828 567 923 606; x_wconf 83' lang='lat' dir='ltr'><strong>sua</strong></span> <span class='ocrx_word' id='word_1_23' title='bbox 958 551 1077 621; x_wconf 79' lang='lat' dir='ltr'><strong>(l9)</strong></span> <span class='ocrx_word' id='word_1_24' title='bbox 1107 551 1354 607; x_wconf 85' lang='lat' dir='ltr'><strong>ostendit</strong></span> <span class='ocrx_word' id='word_1_25' title='bbox 1385 551 1678 610; x_wconf 81' lang='lat' dir='ltr'><strong>Eusebius.</strong></span> 
     </span>
    </p>
   </div>
   <div class='ocr_carea' id='block_1_5' title="bbox 2286 550 3758 629">
    <p class='ocr_par' dir='ltr' id='par_1_5' title="bbox 2287 554 3758 629">
     <span class='ocr_line' id='line_1_5' title="bbox 2287 554 3758 629; baseline -0.003 -15"><span class='ocrx_word' id='word_1_26' title='bbox 2287 577 2398 622; x_wconf 79' lang='grc' dir='ltr'>ινες</span> <span class='ocrx_word' id='word_1_27' title='bbox 2423 559 2560 629; x_wconf 77' lang='grc' dir='ltr'>πρὸς</span> <span class='ocrx_word' id='word_1_28' title='bbox 2582 557 2870 629; x_wconf 78' lang='grc' dir='ltr'>ἀλλήλους’</span> <span class='ocrx_word' id='word_1_29' title='bbox 2903 555 2979 619; x_wconf 89' lang='grc' dir='ltr'><strong>ώς</strong></span> <span class='ocrx_word' id='word_1_30' title='bbox 3010 554 3165 624; x_wconf 77' lang='grc' dir='ltr'>δηλοῖ</span> <span class='ocrx_word' id='word_1_31' title='bbox 3200 554 3462 618; x_wconf 80' lang='grc' dir='ltr'>Εὐσέϐιος</span> <span class='ocrx_word' id='word_1_32' title='bbox 3506 555 3758 626; x_wconf 83' lang='grc' dir='ltr'>ἱστορῶν.</span> 
     </span>
    </p>
   </div>
   <div class='ocr_carea' id='block_1_6' title="bbox 645 636 2178 722">
    <p class='ocr_par' dir='ltr' id='par_1_6' title="bbox 645 636 2152 722">
     <span class='ocr_line' id='line_1_6' title="bbox 645 636 2152 722; baseline 0.007 -31"><span class='ocrx_word' id='word_1_33' title='bbox 645 642 785 722; x_wconf 47' lang='lat' dir='ltr'><strong>«’At,</strong></span> <span class='ocrx_word' id='word_1_34' title='bbox 812 641 1017 722; x_wconf 83' lang='lat' dir='ltr'><strong>inquis,</strong></span> <span class='ocrx_word' id='word_1_35' title='bbox 1045 636 1192 712; x_wconf 80' lang='lat' dir='ltr'><strong>quod</strong></span> <span class='ocrx_word' id='word_1_36' title='bbox 1214 641 1410 713; x_wconf 83' lang='lat' dir='ltr'><strong>synodi</strong></span> <span class='ocrx_word' id='word_1_37' title='bbox 1440 644 1631 701; x_wconf 92' lang='lat' dir='ltr'><strong>Patres</strong></span> <span class='ocrx_word' id='word_1_38' title='bbox 1660 646 1714 699; x_wconf 93' lang='lat' dir='ltr'><strong>in</strong></span> <span class='ocrx_word' id='word_1_39' title='bbox 1741 645 1929 702; x_wconf 79' lang='lat' dir='ltr'><strong>cordis</strong></span> <span class='ocrx_word' id='word_1_40' title='bbox 1954 646 2152 702; x_wconf 90' lang='lat' dir='ltr'><strong>intimo</strong></span> 
     </span>
    </p>
   </div>
   <div class='ocr_carea' id='block_1_7' title="bbox 2286 636 3841 722">
    <p class='ocr_par' dir='ltr' id='par_1_7' title="bbox 2336 644 3841 716">
     <span class='ocr_line' id='line_1_7' title="bbox 2336 644 3841 716; baseline -0.011 -11"><span class='ocrx_word' id='word_1_41' title='bbox 2336 649 2502 705; x_wconf 79' lang='grc' dir='ltr'>Ἀλλά</span> <span class='ocrx_word' id='word_1_42' title='bbox 2547 648 2657 713; x_wconf 72' lang='grc' dir='ltr'>ναὶ,</span> <span class='ocrx_word' id='word_1_43' title='bbox 2683 646 2875 716; x_wconf 75' lang='grc' dir='ltr'>φησὶν,</span> <span class='ocrx_word' id='word_1_44' title='bbox 2907 646 3123 715; x_wconf 71' lang='grc' dir='ltr'>ἐλέγχει</span> <span class='ocrx_word' id='word_1_45' title='bbox 3152 644 3252 715; x_wconf 76' lang='grc' dir='ltr'><strong>τὴν</strong></span> <span class='ocrx_word' id='word_1_46' title='bbox 3285 644 3507 697; x_wconf 82' lang='grc' dir='ltr'><strong>σύνοδον</strong></span> <span class='ocrx_word' id='word_1_47' title='bbox 3536 646 3841 715; x_wconf 82' lang='grc' dir='ltr'>ἐτεροφρο..</span> 
     </span>
    </p>
   </div>
   <div class='ocr_carea' id='block_1_8' title="bbox 565 718 2178 809">
    <p class='ocr_par' dir='ltr' id='par_1_8' title="bbox 565 718 2155 809">
     <span class='ocr_line' id='line_1_8' title="bbox 565 718 2155 809; baseline 0.006 -25"><span class='ocrx_word' id='word_1_48' title='bbox 565 718 725 802; x_wconf 73' lang='lat' dir='ltr'><strong>longe</strong></span> <span class='ocrx_word' id='word_1_49' title='bbox 773 718 935 788; x_wconf 84' lang='lat' dir='ltr'><strong>aliter</strong></span> <span class='ocrx_word' id='word_1_50' title='bbox 966 732 1035 789; x_wconf 91' lang='lat' dir='ltr'><strong>de</strong></span> <span class='ocrx_word' id='word_1_51' title='bbox 1069 733 1236 790; x_wconf 88' lang='lat' dir='ltr'><strong>rebus</strong></span> <span class='ocrx_word' id='word_1_52' title='bbox 1278 735 1467 790; x_wconf 81' lang='lat' dir='ltr'><strong>multis</strong></span> <span class='ocrx_word' id='word_1_53' title='bbox 1496 736 1792 802; x_wconf 77' lang='lat' dir='ltr'><strong>sentirent,</strong></span> <span class='ocrx_word' id='word_1_54' title='bbox 1816 754 1984 808; x_wconf 90' lang='lat' dir='ltr'><strong>quam</strong></span> <span class='ocrx_word' id='word_1_55' title='bbox 2018 753 2155 809; x_wconf 85' lang='lat' dir='ltr'><strong>pro-</strong></span> 
     </span>
    </p>
   </div>
   <div class='ocr_carea' id='block_1_9' title="bbox 2286 718 3846 809">
    <p class='ocr_par' dir='ltr' id='par_1_9' title="bbox 2286 733 3846 809">
     <span class='ocr_line' id='line_1_9' title="bbox 2286 733 3846 809; baseline -0.006 -13"><span class='ocrx_word' id='word_1_56' title='bbox 2286 743 2450 796; x_wconf 83' lang='grc' dir='ltr'>οὖσαν</span> <span class='ocrx_word' id='word_1_57' title='bbox 2471 738 2616 794; x_wconf 83' lang='grc' dir='ltr'>κατὰ</span> <span class='ocrx_word' id='word_1_58' title='bbox 2648 738 2844 809; x_wconf 79' lang='grc' dir='ltr'><strong>βάθους</strong></span> <span class='ocrx_word' id='word_1_59' title='bbox 2887 736 3024 807; x_wconf 69' lang='grc' dir='ltr'>πρὸς</span> <span class='ocrx_word' id='word_1_60' title='bbox 3075 735 3145 788; x_wconf 84' lang='grc' dir='ltr'><strong>τά</strong></span> <span class='ocrx_word' id='word_1_61' title='bbox 3181 733 3352 787; x_wconf 80' lang='grc' dir='ltr'>πολλὰ</span> <span class='ocrx_word' id='word_1_62' title='bbox 3379 733 3488 787; x_wconf 81' lang='grc' dir='ltr'><strong>τῶν</strong></span> <span class='ocrx_word' id='word_1_63' title='bbox 3522 734 3846 804; x_wconf 71' lang='grc' dir='ltr'><strong>εἰρημένων</strong></span> 
     </span>
    </p>
   </div>
   <div class='ocr_carea' id='block_1_10' title="bbox 566 820 2178 904">
    <p class='ocr_par' dir='ltr' id='par_1_10' title="bbox 566 820 2151 904">
     <span class='ocr_line' id='line_1_10' title="bbox 566 820 2151 904; baseline 0.005 -32"><span class='ocrx_word' id='word_1_64' title='bbox 566 820 930 887; x_wconf 86' lang='lat' dir='ltr'><strong>nuntiarunt;</strong></span> <span class='ocrx_word' id='word_1_65' title='bbox 953 822 1211 904; x_wconf 77' lang='lat' dir='ltr'><strong>quodque</strong></span> <span class='ocrx_word' id='word_1_66' title='bbox 1235 824 1382 879; x_wconf 84' lang='lat' dir='ltr'><strong>aliud</strong></span> <span class='ocrx_word' id='word_1_67' title='bbox 1410 824 1597 880; x_wconf 90' lang='lat' dir='ltr'><strong>animo</strong></span> <span class='ocrx_word' id='word_1_68' title='bbox 1622 840 1724 881; x_wconf 87' lang='lat' dir='ltr'><strong>suo</strong></span> <span class='ocrx_word' id='word_1_69' title='bbox 1765 829 2151 897; x_wconf 80' lang='lat' dir='ltr'><strong>conceperint,</strong></span> 
     </span>
    </p>
   </div>
   <div class='ocr_carea' id='block_1_11' title="bbox 2286 820 3846 904">
    <p class='ocr_par' dir='ltr' id='par_1_11' title="bbox 2291 825 3846 901">
     <span class='ocr_line' id='line_1_11' title="bbox 2291 825 3846 901; baseline -0.005 -15"><span class='ocrx_word' id='word_1_70' title='bbox 2291 834 2361 887; x_wconf 82' lang='grc' dir='ltr'><strong>πδ</strong></span> <span class='ocrx_word' id='word_1_71' title='bbox 2391 831 2585 901; x_wconf 77' lang='grc' dir='ltr'>αὐτῆς,</span> <span class='ocrx_word' id='word_1_72' title='bbox 2618 830 2714 884; x_wconf 78' lang='grc' dir='ltr'>καὶ</span> <span class='ocrx_word' id='word_1_73' title='bbox 2743 828 2882 883; x_wconf 76' lang='grc' dir='ltr'>ἄλλα</span> <span class='ocrx_word' id='word_1_74' title='bbox 2914 828 3015 899; x_wconf 80' lang='grc' dir='ltr'>μὲν</span> <span class='ocrx_word' id='word_1_75' title='bbox 3040 826 3359 893; x_wconf 72' lang='grc' dir='ltr'>ὠδίνουσαν,</span> <span class='ocrx_word' id='word_1_76' title='bbox 3384 825 3520 880; x_wconf 75' lang='grc' dir='ltr'>ἄλλα</span> <span class='ocrx_word' id='word_1_77' title='bbox 3555 825 3613 880; x_wconf 80' lang='grc' dir='ltr'>δὲ</span> <span class='ocrx_word' id='word_1_78' title='bbox 3644 827 3846 879; x_wconf 79' lang='grc' dir='ltr'>ἀποτε-</span> 
     </span>
    </p>
   </div>
   <div class='ocr_carea' id='block_1_12' title="bbox 565 912 2178 991">
    <p class='ocr_par' dir='ltr' id='par_1_12' title="bbox 565 912 2156 987">
     <span class='ocr_line' id='line_1_12' title="bbox 565 912 2156 987; baseline 0.003 -22"><span class='ocrx_word' id='word_1_79' title='bbox 565 912 716 965; x_wconf 89' lang='lat' dir='ltr'><strong>aliud</strong></span> <span class='ocrx_word' id='word_1_80' title='bbox 746 912 1059 968; x_wconf 89' lang='lat' dir='ltr'><strong>ediderint:</strong></span> <span class='ocrx_word' id='word_1_81' title='bbox 1092 913 1146 967; x_wconf 94' lang='lat' dir='ltr'><strong>id</strong></span> <span class='ocrx_word' id='word_1_82' title='bbox 1176 924 1367 983; x_wconf 85' lang='lat' dir='ltr'><strong>aperte</strong></span> <span class='ocrx_word' id='word_1_83' title='bbox 1391 915 1638 971; x_wconf 84' lang='lat' dir='ltr'><strong>declarat</strong></span> <span class='ocrx_word' id='word_1_84' title='bbox 1663 932 1789 972; x_wconf 91' lang='lat' dir='ltr'><strong>cum</strong></span> <span class='ocrx_word' id='word_1_85' title='bbox 1815 917 1927 987; x_wconf 69' lang='lat'><strong>(20)</strong></span> <span class='ocrx_word' id='word_1_86' title='bbox 1949 917 2156 987; x_wconf 81' lang='lat' dir='ltr'><strong>duplex</strong></span> 
     </span>
    </p>
   </div>
   <div class='ocr_carea' id='block_1_13' title="bbox 2286 912 3850 991">
    <p class='ocr_par' dir='ltr' id='par_1_13' title="bbox 2286 916 3850 991">
     <span class='ocr_line' id='line_1_13' title="bbox 2286 916 3850 991; baseline -0.006 -14"><span class='ocrx_word' id='word_1_87' title='bbox 2286 938 2491 977; x_wconf 71' lang='grc' dir='ltr'>ιτουσαν</span> <span class='ocrx_word' id='word_1_88' title='bbox 2514 924 2544 976; x_wconf 88' lang='grc' dir='ltr'><strong>ό</strong></span> <span class='ocrx_word' id='word_1_89' title='bbox 2571 921 2663 975; x_wconf 84' lang='grc' dir='ltr'>τοῦ</span> <span class='ocrx_word' id='word_1_90' title='bbox 2686 921 2813 991; x_wconf 83' lang='grc' dir='ltr'><strong>ὅρου</strong></span> <span class='ocrx_word' id='word_1_91' title='bbox 2841 919 3010 988; x_wconf 78' lang='grc' dir='ltr'>αὐτῆς</span> <span class='ocrx_word' id='word_1_92' title='bbox 3041 916 3461 984; x_wconf 79' lang='grc' dir='ltr'><strong>διπλασιασμὸς,</strong></span> <span class='ocrx_word' id='word_1_93' title='bbox 3489 916 3585 970; x_wconf 84' lang='grc' dir='ltr'>καὶ</span> <span class='ocrx_word' id='word_1_94' title='bbox 3606 917 3640 987; x_wconf 78' lang='grc' dir='ltr'><strong>ἡ</strong></span> <span class='ocrx_word' id='word_1_95' title='bbox 3662 916 3850 969; x_wconf 81' lang='grc' dir='ltr'>ἐπάλ-</span> 
     </span>
    </p>
   </div>
   <div class='ocr_carea' id='block_1_14' title="bbox 568 1000 2178 1085">
    <p class='ocr_par' dir='ltr' id='par_1_14' title="bbox 568 1000 2150 1078">
     <span class='ocr_line' id='line_1_14' title="bbox 568 1000 2150 1078; baseline 0.005 -24"><span class='ocrx_word' id='word_1_96' title='bbox 568 1000 695 1059; x_wconf 77' lang='lat' dir='ltr'><strong>lldei</strong></span> <span class='ocrx_word' id='word_1_97' title='bbox 725 1004 911 1073; x_wconf 82' lang='lat' dir='ltr'><strong>regula</strong></span> <span class='ocrx_word' id='word_1_98' title='bbox 942 1003 1012 1057; x_wconf 83' lang='lat' dir='ltr'><strong>ab</strong></span> <span class='ocrx_word' id='word_1_99' title='bbox 1042 1005 1177 1073; x_wconf 89' lang='lat' dir='ltr'><strong>ipsis</strong></span> <span class='ocrx_word' id='word_1_100' title='bbox 1200 1005 1421 1072; x_wconf 90' lang='lat' dir='ltr'><strong>tradita,</strong></span> <span class='ocrx_word' id='word_1_101' title='bbox 1449 1015 1561 1061; x_wconf 91' lang='lat' dir='ltr'><strong>tum</strong></span> <span class='ocrx_word' id='word_1_102' title='bbox 1589 1008 1823 1078; x_wconf 89' lang='lat' dir='ltr'><strong>repetita</strong></span> <span class='ocrx_word' id='word_1_103' title='bbox 1856 1008 2150 1078; x_wconf 68' lang='lat' dir='ltr'><strong>suffragia.</strong></span> 
     </span>
    </p>
   </div>
   <div class='ocr_carea' id='block_1_15' title="bbox 2286 1000 3627 1085">
    <p class='ocr_par' dir='ltr' id='par_1_15' title="bbox 2290 1008 3627 1085">
     <span class='ocr_line' id='line_1_15' title="bbox 2290 1008 3627 1085; baseline -0.007 -17"><span class='ocrx_word' id='word_1_104' title='bbox 2290 1014 2413 1085; x_wconf 84' lang='grc' dir='ltr'>ηλος</span> <span class='ocrx_word' id='word_1_105' title='bbox 2437 1012 2641 1083; x_wconf 81' lang='grc' dir='ltr'><strong>ψῆφος,</strong></span> <span class='ocrx_word' id='word_1_106' title='bbox 2680 1012 2774 1065; x_wconf 79' lang='grc' dir='ltr'>καὶ</span> <span class='ocrx_word' id='word_1_107' title='bbox 2807 1010 2914 1064; x_wconf 78' lang='grc' dir='ltr'><strong>τῶν</strong></span> <span class='ocrx_word' id='word_1_108' title='bbox 2954 1009 3102 1063; x_wconf 69' lang='grc' dir='ltr'>ἰδίων</span> <span class='ocrx_word' id='word_1_109' title='bbox 3130 1011 3163 1079; x_wconf 82' lang='grc' dir='ltr'>ἡ</span> <span class='ocrx_word' id='word_1_110' title='bbox 3197 1008 3569 1079; x_wconf 71' lang='grc' dir='ltr'>μεταστροφὴ.</span> <span class='ocrx_word' id='word_1_111' title='bbox 3609 1026 3627 1059; x_wconf 75' lang='grc' dir='ltr'><strong>ι</strong></span> 
     </span>
    </p>
   </div>
   <div class='ocr_carea' id='block_1_16' title="bbox 567 1092 1440 1149">
    <p class='ocr_par' dir='ltr' id='par_1_16' title="bbox 567 1092 1440 1149">
     <span class='ocr_line' id='line_1_16' title="bbox 567 1092 1440 1149; baseline 0.002 -4"><span class='ocrx_word' id='word_1_112' title='bbox 567 1102 623 1145; x_wconf 91' lang='lat' dir='ltr'><strong>et</strong></span> <span class='ocrx_word' id='word_1_113' title='bbox 655 1092 941 1146; x_wconf 88' lang='lat' dir='ltr'><strong>actionum</strong></span> <span class='ocrx_word' id='word_1_114' title='bbox 979 1093 1378 1149; x_wconf 85' lang='lat' dir='ltr'><strong>inconstantia.</strong></span> <span class='ocrx_word' id='word_1_115' title='bbox 1420 1115 1440 1147; x_wconf 76' lang='grc' dir='ltr'><strong>ι</strong></span> 
     </span>
    </p>
   </div>
   <div class='ocr_carea' id='block_1_17' title="bbox 638 1176 2178 1259">
    <p class='ocr_par' dir='ltr' id='par_1_17' title="bbox 638 1183 2156 1259">
     <span class='ocr_line' id='line_1_17' title="bbox 638 1183 2156 1259; baseline 0.003 -21"><span class='ocrx_word' id='word_1_116' title='bbox 638 1184 845 1238; x_wconf 87' lang='lat' dir='ltr'><strong>Verum</strong></span> <span class='ocrx_word' id='word_1_117' title='bbox 887 1183 959 1238; x_wconf 91' lang='lat' dir='ltr'><strong>ab</strong></span> <span class='ocrx_word' id='word_1_118' title='bbox 990 1185 1185 1257; x_wconf 80' lang='lat' dir='ltr'><strong>synodi</strong></span> <span class='ocrx_word' id='word_1_119' title='bbox 1234 1186 1426 1256; x_wconf 84' lang='lat' dir='ltr'><strong>gestis,</strong></span> <span class='ocrx_word' id='word_1_120' title='bbox 1472 1201 1506 1240; x_wconf 90' lang='grc' dir='ltr'><strong>ο</strong></span> <span class='ocrx_word' id='word_1_121' title='bbox 1552 1187 1911 1243; x_wconf 82' lang='lat' dir='ltr'><strong>stolidissima</strong></span> <span class='ocrx_word' id='word_1_122' title='bbox 1957 1187 2156 1259; x_wconf 85' lang='lat' dir='ltr'><strong>capita,</strong></span> 
     </span>
    </p>
   </div>
   <div class='ocr_carea' id='block_1_18' title="bbox 2286 1176 3855 1259">
    <p class='ocr_par' dir='ltr' id='par_1_18' title="bbox 2343 1176 3855 1255">
     <span class='ocr_line' id='line_1_18' title="bbox 2343 1176 3855 1255; baseline -0.005 -13"><span class='ocrx_word' id='word_1_123' title='bbox 2343 1186 2485 1243; x_wconf 76' lang='grc' dir='ltr'>Ἀλλ’</span> <span class='ocrx_word' id='word_1_124' title='bbox 2521 1185 2639 1240; x_wconf 77' lang='grc' dir='ltr'>ἐστι</span> <span class='ocrx_word' id='word_1_125' title='bbox 2692 1184 2814 1255; x_wconf 81' lang='grc' dir='ltr'>μὲν,</span> <span class='ocrx_word' id='word_1_126' title='bbox 2847 1176 2895 1237; x_wconf 79' lang='grc' dir='ltr'><strong>ὦ</strong></span> <span class='ocrx_word' id='word_1_127' title='bbox 2923 1178 3091 1246; x_wconf 73' lang='grc' dir='ltr'>οὗτοι,</span> <span class='ocrx_word' id='word_1_128' title='bbox 3130 1185 3195 1235; x_wconf 84' lang='grc' dir='ltr'><strong>ἐκ</strong></span> <span class='ocrx_word' id='word_1_129' title='bbox 3224 1180 3334 1235; x_wconf 84' lang='grc' dir='ltr'>τῶν</span> <span class='ocrx_word' id='word_1_130' title='bbox 3363 1180 3483 1234; x_wconf 82' lang='grc' dir='ltr'>κατ’</span> <span class='ocrx_word' id='word_1_131' title='bbox 3519 1181 3689 1252; x_wconf 77' lang='grc' dir='ltr'>αὐτὴν</span> <span class='ocrx_word' id='word_1_132' title='bbox 3736 1199 3855 1235; x_wconf 85' lang='grc' dir='ltr'>πε-</span> 
     </span>
    </p>
   </div>
   <div class='ocr_carea' id='block_1_19' title="bbox 569 1272 2178 1352">
    <p class='ocr_par' dir='ltr' id='par_1_19' title="bbox 569 1274 2162 1345">
     <span class='ocr_line' id='line_1_19' title="bbox 569 1274 2162 1345; baseline 0.001 -17"><span class='ocrx_word' id='word_1_133' title='bbox 569 1275 746 1345; x_wconf 87' lang='lat' dir='ltr'><strong>liquet</strong></span> <span class='ocrx_word' id='word_1_134' title='bbox 771 1275 1120 1344; x_wconf 85' lang='lat' dir='ltr'><strong>apertissime</strong></span> <span class='ocrx_word' id='word_1_135' title='bbox 1145 1290 1267 1330; x_wconf 89' lang='lat' dir='ltr'><strong>eam</strong></span> <span class='ocrx_word' id='word_1_136' title='bbox 1298 1291 1395 1331; x_wconf 88' lang='lat' dir='ltr'><strong>sua</strong></span> <span class='ocrx_word' id='word_1_137' title='bbox 1420 1274 1641 1331; x_wconf 90' lang='lat' dir='ltr'><strong>decreta</strong></span> <span class='ocrx_word' id='word_1_138' title='bbox 1675 1277 2014 1341; x_wconf 85' lang='lat' dir='ltr'><strong>renovando,</strong></span> <span class='ocrx_word' id='word_1_139' title='bbox 2039 1292 2162 1331; x_wconf 86' lang='lat' dir='ltr'><strong>eor-</strong></span> 
     </span>
    </p>
   </div>
   <div class='ocr_carea' id='block_1_20' title="bbox 2286 1272 3849 1352">
    <p class='ocr_par' dir='ltr' id='par_1_20' title="bbox 2286 1272 3849 1352">
     <span class='ocr_line' id='line_1_20' title="bbox 2286 1272 3849 1352; baseline -0.006 -17"><span class='ocrx_word' id='word_1_140' title='bbox 2286 1279 2596 1352; x_wconf 77' lang='grc' dir='ltr'>τραγμένων</span> <span class='ocrx_word' id='word_1_141' title='bbox 2645 1277 2867 1346; x_wconf 74' lang='grc' dir='ltr'>εὔλογον</span> <span class='ocrx_word' id='word_1_142' title='bbox 2899 1277 2999 1346; x_wconf 83' lang='grc' dir='ltr'>τήν</span> <span class='ocrx_word' id='word_1_143' title='bbox 3046 1291 3104 1327; x_wconf 85' lang='grc' dir='ltr'><strong>τε</strong></span> <span class='ocrx_word' id='word_1_144' title='bbox 3154 1272 3495 1345; x_wconf 81' lang='grc' dir='ltr'>ἐπανάληψιν</span> <span class='ocrx_word' id='word_1_145' title='bbox 3544 1274 3637 1327; x_wconf 77' lang='grc' dir='ltr'><strong>τοῦ</strong></span> <span class='ocrx_word' id='word_1_146' title='bbox 3684 1275 3849 1345; x_wconf 81' lang='grc' dir='ltr'>ὅρου.</span> 
     </span>
    </p>
   </div>
   <div class='ocr_carea' id='block_1_21' title="bbox 571 1365 2178 1443">
    <p class='ocr_par' dir='ltr' id='par_1_21' title="bbox 571 1365 2163 1434">
     <span class='ocr_line' id='line_1_21' title="bbox 571 1365 2163 1434; baseline 0.003 -16"><span class='ocrx_word' id='word_1_147' title='bbox 571 1365 778 1419; x_wconf 82' lang='lat' dir='ltr'><strong>rexisse</strong></span> <span class='ocrx_word' id='word_1_148' title='bbox 805 1365 880 1429; x_wconf 91' lang='lat' dir='ltr'><strong>id,</strong></span> <span class='ocrx_word' id='word_1_149' title='bbox 903 1365 1050 1434; x_wconf 81' lang='lat' dir='ltr'><strong>quod</strong></span> <span class='ocrx_word' id='word_1_150' title='bbox 1082 1374 1241 1420; x_wconf 89' lang='lat' dir='ltr'><strong>antea</strong></span> <span class='ocrx_word' id='word_1_151' title='bbox 1266 1365 1448 1421; x_wconf 90' lang='lat' dir='ltr'><strong>minus</strong></span> <span class='ocrx_word' id='word_1_152' title='bbox 1473 1374 1642 1422; x_wconf 72' lang='lat' dir='ltr'><strong>rccte‘</strong></span> <span class='ocrx_word' id='word_1_153' title='bbox 1667 1367 1924 1423; x_wconf 84' lang='lat' dir='ltr'><strong>habebat.</strong></span> <span class='ocrx_word' id='word_1_154' title='bbox 1961 1366 2069 1422; x_wconf 85' lang='lat' dir='ltr'><strong>Sed</strong></span> <span class='ocrx_word' id='word_1_155' title='bbox 2094 1382 2163 1423; x_wconf 87' lang='lat' dir='ltr'><strong>ne</strong></span> 
     </span>
    </p>
   </div>
   <div class='ocr_carea' id='block_1_22' title="bbox 2286 1365 3853 1443">
    <p class='ocr_par' dir='ltr' id='par_1_22' title="bbox 2286 1365 3853 1443">
     <span class='ocr_line' id='line_1_22' title="bbox 2286 1365 3853 1443; baseline -0.004 -17"><span class='ocrx_word' id='word_1_156' title='bbox 2286 1374 2355 1427; x_wconf 77' lang='grc' dir='ltr'>ιαὶ</span> <span class='ocrx_word' id='word_1_157' title='bbox 2403 1372 2504 1443; x_wconf 76' lang='grc' dir='ltr'>τὴν</span> <span class='ocrx_word' id='word_1_158' title='bbox 2547 1369 2926 1440; x_wconf 84' lang='grc' dir='ltr'>ἐπιδιόρθωσιν</span> <span class='ocrx_word' id='word_1_159' title='bbox 2984 1368 3315 1438; x_wconf 81' lang='grc' dir='ltr'>κατανοῆσαι</span> <span class='ocrx_word' id='word_1_160' title='bbox 3373 1367 3707 1435; x_wconf 77' lang='grc' dir='ltr'>σαφέσταταο</span> <span class='ocrx_word' id='word_1_161' title='bbox 3753 1365 3853 1419; x_wconf 72' lang='grc' dir='ltr'>ἵνα</span> 
     </span>
    </p>
   </div>
   <div class='ocr_carea' id='block_1_23' title="bbox 573 1456 2178 1537">
    <p class='ocr_par' dir='ltr' id='par_1_23' title="bbox 573 1456 2163 1528">
     <span class='ocr_line' id='line_1_23' title="bbox 573 1456 2163 1528; baseline 0.002 -19"><span class='ocrx_word' id='word_1_162' title='bbox 573 1456 883 1511; x_wconf 83' lang='lat' dir='ltr'><strong>istiusmodi</strong></span> <span class='ocrx_word' id='word_1_163' title='bbox 914 1456 1227 1513; x_wconf 77' lang='lat' dir='ltr'><strong>forensibus</strong></span> <span class='ocrx_word' id='word_1_164' title='bbox 1276 1458 1742 1524; x_wconf 84' lang='lat' dir='ltr'><strong>cavillationibus,</strong></span> <span class='ocrx_word' id='word_1_165' title='bbox 1798 1474 1901 1514; x_wconf 89' lang='lat' dir='ltr'><strong>nos</strong></span> <span class='ocrx_word' id='word_1_166' title='bbox 1940 1473 2163 1528; x_wconf 86' lang='lat' dir='ltr'><strong>quoque</strong></span> 
     </span>
    </p>
   </div>
   <div class='ocr_carea' id='block_1_24' title="bbox 2286 1456 3856 1537">
    <p class='ocr_par' dir='ltr' id='par_1_24' title="bbox 2286 1458 3856 1537">
     <span class='ocr_line' id='line_1_24' title="bbox 2286 1458 3856 1537; baseline -0.006 -17"><span class='ocrx_word' id='word_1_167' title='bbox 2286 1468 2317 1520; x_wconf 68' lang='grc' dir='ltr'><strong>ἑὲ</strong></span> <span class='ocrx_word' id='word_1_168' title='bbox 2334 1465 2422 1537; x_wconf 56' lang='grc' dir='ltr'><strong>μμὴ</strong></span> <span class='ocrx_word' id='word_1_169' title='bbox 2443 1465 2724 1528; x_wconf 81' lang='grc' dir='ltr'>τοιαύταις</span> <span class='ocrx_word' id='word_1_170' title='bbox 2749 1460 3076 1530; x_wconf 74' lang='grc' dir='ltr'>δικολογίαις</span> <span class='ocrx_word' id='word_1_171' title='bbox 3101 1460 3383 1528; x_wconf 66' lang='grc' dir='ltr'>ἀγοραίοις</span> <span class='ocrx_word' id='word_1_172' title='bbox 3406 1460 3499 1512; x_wconf 76' lang='grc' dir='ltr'>καὶ</span> <span class='ocrx_word' id='word_1_173' title='bbox 3522 1459 3682 1529; x_wconf 72' lang='grc' dir='ltr'>ἡμεῖς</span> <span class='ocrx_word' id='word_1_174' title='bbox 3714 1458 3856 1528; x_wconf 79' lang='grc' dir='ltr'>ὑμῖν</span> 
     </span>
    </p>
   </div>
   <div class='ocr_carea' id='block_1_25' title="bbox 570 1546 2178 1626">
    <p class='ocr_par' dir='ltr' id='par_1_25' title="bbox 570 1546 2166 1612">
     <span class='ocr_line' id='line_1_25' title="bbox 570 1546 2166 1612; baseline 0.002 -13"><span class='ocrx_word' id='word_1_175' title='bbox 570 1546 857 1600; x_wconf 79' lang='lat' dir='ltr'><strong>vobiscum</strong></span> <span class='ocrx_word' id='word_1_176' title='bbox 887 1546 1273 1612; x_wconf 88' lang='lat' dir='ltr'><strong>distineamur,</strong></span> <span class='ocrx_word' id='word_1_177' title='bbox 1296 1547 1366 1601; x_wconf 87' lang='lat' dir='ltr'><strong>ad</strong></span> <span class='ocrx_word' id='word_1_178' title='bbox 1390 1547 1508 1601; x_wconf 61' lang='lat' dir='ltr'><strong>hac</strong></span> <span class='ocrx_word' id='word_1_179' title='bbox 1551 1547 1685 1602; x_wconf 93' lang='lat' dir='ltr'><strong>illud</strong></span> <span class='ocrx_word' id='word_1_180' title='bbox 1707 1548 1874 1603; x_wconf 84' lang='lat' dir='ltr'><strong>etiam</strong></span> <span class='ocrx_word' id='word_1_181' title='bbox 1908 1547 2166 1603; x_wconf 84' lang='lat' dir='ltr'><strong>addimus</strong></span> 
     </span>
    </p>
   </div>
   <div class='ocr_carea' id='block_1_26' title="bbox 2286 1546 3859 1626">
    <p class='ocr_par' dir='ltr' id='par_1_26' title="bbox 2286 1548 3859 1626">
     <span class='ocr_line' id='line_1_26' title="bbox 2286 1548 3859 1626; baseline -0.005 -20"><span class='ocrx_word' id='word_1_182' title='bbox 2286 1552 2772 1626; x_wconf 71' lang='grc' dir='ltr'>πυνδιασυρώμεθα,</span> <span class='ocrx_word' id='word_1_183' title='bbox 2807 1552 2901 1606; x_wconf 75' lang='grc' dir='ltr'>καὶ</span> <span class='ocrx_word' id='word_1_184' title='bbox 2927 1551 3062 1621; x_wconf 80' lang='grc' dir='ltr'>πρὸς</span> <span class='ocrx_word' id='word_1_185' title='bbox 3092 1549 3267 1603; x_wconf 84' lang='grc' dir='ltr'>τοῖσδε</span> <span class='ocrx_word' id='word_1_186' title='bbox 3292 1548 3450 1601; x_wconf 82' lang='grc' dir='ltr'>τοῦτό</span> <span class='ocrx_word' id='word_1_187' title='bbox 3464 1564 3663 1618; x_wconf 79' lang='grc' dir='ltr'>φαμεν,</span> <span class='ocrx_word' id='word_1_188' title='bbox 3693 1548 3859 1617; x_wconf 84' lang='grc' dir='ltr'>πρῶ-</span> 
     </span>
    </p>
   </div>
   <div class='ocr_carea' id='block_1_27' title="bbox 571 1637 2178 1716">
    <p class='ocr_par' dir='ltr' id='par_1_27' title="bbox 571 1637 2164 1709">
     <span class='ocr_line' id='line_1_27' title="bbox 571 1637 2164 1709; baseline 0.003 -20"><span class='ocrx_word' id='word_1_189' title='bbox 571 1637 948 1707; x_wconf 86' lang='lat' dir='ltr'><strong>dicimusque,</strong></span> <span class='ocrx_word' id='word_1_190' title='bbox 998 1637 1553 1704; x_wconf 85' lang='lat' dir='ltr'><strong>nullis-hominibus,</strong></span> <span class='ocrx_word' id='word_1_191' title='bbox 1591 1654 1659 1694; x_wconf 89' lang='lat' dir='ltr'><strong>ne</strong></span> <span class='ocrx_word' id='word_1_192' title='bbox 1696 1638 1889 1693; x_wconf 78' lang='lat' dir='ltr'><strong>divino</strong></span> <span class='ocrx_word' id='word_1_193' title='bbox 1938 1639 2164 1709; x_wconf 89' lang='lat' dir='ltr'><strong>quidem</strong></span> 
     </span>
    </p>
   </div>
   <div class='ocr_carea' id='block_1_28' title="bbox 2286 1637 3854 1716">
    <p class='ocr_par' dir='ltr' id='par_1_28' title="bbox 2286 1638 3854 1716">
     <span class='ocr_line' id='line_1_28' title="bbox 2286 1638 3854 1716; baseline -0.003 -19"><span class='ocrx_word' id='word_1_194' title='bbox 2286 1663 2333 1700; x_wconf 79' lang='grc' dir='ltr'>τα</span> <span class='ocrx_word' id='word_1_195' title='bbox 2373 1644 2474 1716; x_wconf 79' lang='grc' dir='ltr'>μὲν</span> <span class='ocrx_word' id='word_1_196' title='bbox 2529 1644 2605 1708; x_wconf 79' lang='grc' dir='ltr'>ὡς</span> <span class='ocrx_word' id='word_1_197' title='bbox 2659 1645 2761 1697; x_wconf 81' lang='grc' dir='ltr'>οὐκ</span> <span class='ocrx_word' id='word_1_198' title='bbox 2803 1644 2867 1695; x_wconf 72' lang='grc' dir='ltr'><strong>ἐκ</strong></span> <span class='ocrx_word' id='word_1_199' title='bbox 2908 1641 3129 1713; x_wconf 81' lang='grc' dir='ltr'><strong>πρώτης</strong></span> <span class='ocrx_word' id='word_1_200' title='bbox 3164 1638 3469 1712; x_wconf 84' lang='grc' dir='ltr'>ἀνθρώποις</span> <span class='ocrx_word' id='word_1_201' title='bbox 3501 1641 3687 1705; x_wconf 79' lang='grc' dir='ltr'>πᾶσιν,</span> <span class='ocrx_word' id='word_1_202' title='bbox 3723 1640 3854 1693; x_wconf 77' lang='grc' dir='ltr'>οὖδέ</span> 
     </span>
    </p>
   </div>
   <div class='ocr_carea' id='block_1_29' title="bbox 572 1726 2178 1807">
    <p class='ocr_par' dir='ltr' id='par_1_29' title="bbox 572 1726 2164 1800">
     <span class='ocr_line' id='line_1_29' title="bbox 572 1726 2164 1800; baseline 0.002 -20"><span class='ocrx_word' id='word_1_203' title='bbox 572 1726 1038 1793; x_wconf 79' lang='lat' dir='ltr'><strong>Numineaﬂlatis,</strong></span> <span class='ocrx_word' id='word_1_204' title='bbox 1087 1728 1350 1799; x_wconf 80' lang='lat' dir='ltr'><strong>affulgere</strong></span> <span class='ocrx_word' id='word_1_205' title='bbox 1372 1730 1555 1784; x_wconf 79' lang='lat' dir='ltr'><strong>statim</strong></span> <span class='ocrx_word' id='word_1_206' title='bbox 1581 1730 1760 1800; x_wconf 92' lang='lat' dir='ltr'><strong>primo</strong></span> <span class='ocrx_word' id='word_1_207' title='bbox 1786 1730 1990 1785; x_wconf 83' lang='lat' dir='ltr'><strong>intuitu</strong></span> <span class='ocrx_word' id='word_1_208' title='bbox 2042 1745 2164 1800; x_wconf 85' lang='lat' dir='ltr'><strong>per-</strong></span> 
     </span>
    </p>
   </div>
   <div class='ocr_carea' id='block_1_30' title="bbox 2286 1726 3858 1807">
    <p class='ocr_par' dir='ltr' id='par_1_30' title="bbox 2286 1730 3858 1807">
     <span class='ocr_line' id='line_1_30' title="bbox 2286 1730 3858 1807; baseline -0.003 -18"><span class='ocrx_word' id='word_1_209' title='bbox 2286 1740 2378 1800; x_wconf 77' lang='lat' dir='ltr'><strong>:oi;</strong></span> <span class='ocrx_word' id='word_1_210' title='bbox 2424 1736 2704 1807; x_wconf 85' lang='grc' dir='ltr'>θεοφόροις</span> <span class='ocrx_word' id='word_1_211' title='bbox 2738 1736 2773 1806; x_wconf 78' lang='grc' dir='ltr'><strong>ἡ</strong></span> <span class='ocrx_word' id='word_1_212' title='bbox 2800 1734 2986 1787; x_wconf 79' lang='grc' dir='ltr'>τελεία</span> <span class='ocrx_word' id='word_1_213' title='bbox 3024 1733 3227 1801; x_wconf 86' lang='grc' dir='ltr'>γνῶσις</span> <span class='ocrx_word' id='word_1_214' title='bbox 3257 1731 3438 1794; x_wconf 80' lang='grc' dir='ltr'>εὐθύς·</span> <span class='ocrx_word' id='word_1_215' title='bbox 3462 1731 3575 1784; x_wconf 78' lang='grc' dir='ltr'>ἀλλ’</span> <span class='ocrx_word' id='word_1_216' title='bbox 3598 1730 3713 1784; x_wconf 74' lang='grc' dir='ltr'>ἐστι</span> <span class='ocrx_word' id='word_1_217' title='bbox 3754 1732 3858 1784; x_wconf 69' lang='grc' dir='ltr'>καὶ</span> 
     </span>
    </p>
   </div>
   <div class='ocr_carea' id='block_1_31' title="bbox 573 1810 2178 1896">
    <p class='ocr_par' dir='ltr' id='par_1_31' title="bbox 573 1819 2168 1891">
     <span class='ocr_line' id='line_1_31' title="bbox 573 1819 2168 1891; baseline 0.002 -19"><span class='ocrx_word' id='word_1_218' title='bbox 573 1819 770 1875; x_wconf 83' lang='lat' dir='ltr'><strong>fectam</strong></span> <span class='ocrx_word' id='word_1_219' title='bbox 800 1836 983 1876; x_wconf 89' lang='lat' dir='ltr'><strong>rerum</strong></span> <span class='ocrx_word' id='word_1_220' title='bbox 1015 1821 1473 1891; x_wconf 80' lang='lat' dir='ltr'><strong>intelligentiam;</strong></span> <span class='ocrx_word' id='word_1_221' title='bbox 1533 1822 1629 1877; x_wconf 89' lang='lat' dir='ltr'><strong>sed</strong></span> <span class='ocrx_word' id='word_1_222' title='bbox 1662 1832 1726 1878; x_wconf 87' lang='lat' dir='ltr'><strong>et</strong></span> <span class='ocrx_word' id='word_1_223' title='bbox 1751 1831 1970 1877; x_wconf 89' lang='lat' dir='ltr'><strong>sanctos</strong></span> <span class='ocrx_word' id='word_1_224' title='bbox 2000 1822 2168 1876; x_wconf 90' lang='lat' dir='ltr'><strong>inter-</strong></span> 
     </span>
    </p>
   </div>
   <div class='ocr_carea' id='block_1_32' title="bbox 2286 1810 3858 1896">
    <p class='ocr_par' dir='ltr' id='par_1_32' title="bbox 2286 1820 3858 1896">
     <span class='ocr_line' id='line_1_32' title="bbox 2286 1820 3858 1896; baseline -0.004 -17"><span class='ocrx_word' id='word_1_225' title='bbox 2286 1828 2396 1892; x_wconf 77' lang='grc' dir='ltr'>τοὺς</span> <span class='ocrx_word' id='word_1_226' title='bbox 2439 1828 2629 1896; x_wconf 79' lang='grc' dir='ltr'>ἁγίους</span> <span class='ocrx_word' id='word_1_227' title='bbox 2667 1826 2743 1896; x_wconf 81' lang='grc' dir='ltr'>πῆ</span> <span class='ocrx_word' id='word_1_228' title='bbox 2778 1824 2878 1894; x_wconf 86' lang='grc' dir='ltr'><strong>μέν</strong></span> <span class='ocrx_word' id='word_1_229' title='bbox 2919 1826 2984 1877; x_wconf 83' lang='grc' dir='ltr'><strong>ἐκ</strong></span> <span class='ocrx_word' id='word_1_230' title='bbox 3016 1823 3217 1894; x_wconf 81' lang='grc' dir='ltr'>μέρους</span> <span class='ocrx_word' id='word_1_231' title='bbox 3246 1841 3298 1877; x_wconf 87' lang='grc' dir='ltr'><strong>τι</strong></span> <span class='ocrx_word' id='word_1_232' title='bbox 3336 1820 3723 1891; x_wconf 77' lang='grc' dir='ltr'>γινώσκοντας,</span> <span class='ocrx_word' id='word_1_233' title='bbox 3753 1820 3858 1874; x_wconf 74' lang='grc' dir='ltr'>καὶ</span> 
     </span>
    </p>
   </div>
   <div class='ocr_carea' id='block_1_33' title="bbox 572 1910 2178 1989">
    <p class='ocr_par' dir='ltr' id='par_1_33' title="bbox 572 1910 2162 1982">
     <span class='ocr_line' id='line_1_33' title="bbox 572 1910 2162 1982; baseline 0.002 -18"><span class='ocrx_word' id='word_1_234' title='bbox 572 1910 703 1964; x_wconf 88' lang='lat' dir='ltr'><strong>dum</strong></span> <span class='ocrx_word' id='word_1_235' title='bbox 736 1913 1050 1982; x_wconf 86' lang='lat' dir='ltr'><strong>perspicere</strong></span> <span class='ocrx_word' id='word_1_236' title='bbox 1075 1912 1453 1982; x_wconf 84' lang='lat' dir='ltr'><strong>clarius,quod</strong></span> <span class='ocrx_word' id='word_1_237' title='bbox 1478 1923 1637 1968; x_wconf 87' lang='lat' dir='ltr'><strong>antea</strong></span> <span class='ocrx_word' id='word_1_238' title='bbox 1666 1914 2007 1969; x_wconf 84' lang='lat' dir='ltr'><strong>subobscure</strong></span> <span class='ocrx_word' id='word_1_239' title='bbox 2028 1928 2162 1968; x_wconf 88' lang='lat' dir='ltr'><strong>cer-</strong></span> 
     </span>
    </p>
   </div>
   <div class='ocr_carea' id='block_1_34' title="bbox 2286 1910 3857 1989">
    <p class='ocr_par' dir='ltr' id='par_1_34' title="bbox 2286 1911 3857 1989">
     <span class='ocr_line' id='line_1_34' title="bbox 2286 1911 3857 1989; baseline -0.005 -17"><span class='ocrx_word' id='word_1_240' title='bbox 2286 1918 2495 1989; x_wconf 70' lang='lat' dir='ltr'><strong>israpov</strong></span> <span class='ocrx_word' id='word_1_241' title='bbox 2530 1918 2880 1988; x_wconf 86' lang='grc' dir='ltr'>τελεωτέρως</span> <span class='ocrx_word' id='word_1_242' title='bbox 2911 1915 2972 1969; x_wconf 84' lang='grc' dir='ltr'>τὸ</span> <span class='ocrx_word' id='word_1_243' title='bbox 3002 1915 3133 1969; x_wconf 79' lang='grc' dir='ltr'>αὐτὸ</span> <span class='ocrx_word' id='word_1_244' title='bbox 3155 1913 3563 1982; x_wconf 78' lang='grc' dir='ltr'>ἐπιγινώσκειν·</span> <span class='ocrx_word' id='word_1_245' title='bbox 3592 1912 3767 1975; x_wconf 78' lang='grc' dir='ltr'>ἄλλως</span> <span class='ocrx_word' id='word_1_246' title='bbox 3794 1911 3857 1964; x_wconf 84' lang='grc' dir='ltr'>δὲ</span> 
     </span>
    </p>
   </div>
   <div class='ocr_carea' id='block_1_35' title="bbox 572 1995 2178 2082">
    <p class='ocr_par' dir='ltr' id='par_1_35' title="bbox 572 2004 2161 2071">
     <span class='ocr_line' id='line_1_35' title="bbox 572 2004 2161 2071; baseline 0.001 -15"><span class='ocrx_word' id='word_1_247' title='bbox 572 2010 733 2057; x_wconf 89' lang='lat' dir='ltr'><strong>nunt.</strong></span> <span class='ocrx_word' id='word_1_248' title='bbox 784 2004 1055 2059; x_wconf 60' lang='lat' dir='ltr'><strong>Praeterea</strong></span> <span class='ocrx_word' id='word_1_249' title='bbox 1080 2005 1184 2060; x_wconf 89' lang='lat' dir='ltr'><strong>nisi</strong></span> <span class='ocrx_word' id='word_1_250' title='bbox 1212 2014 1411 2061; x_wconf 91' lang='lat' dir='ltr'><strong>cuncta</strong></span> <span class='ocrx_word' id='word_1_251' title='bbox 1441 2005 1624 2061; x_wconf 83' lang='lat' dir='ltr'><strong>lividis</strong></span> <span class='ocrx_word' id='word_1_252' title='bbox 1648 2006 1825 2061; x_wconf 89' lang='lat' dir='ltr'><strong>oculis</strong></span> <span class='ocrx_word' id='word_1_253' title='bbox 1854 2007 2161 2071; x_wconf 90' lang='lat' dir='ltr'><strong>intuemur,</strong></span> 
     </span>
    </p>
   </div>
   <div class='ocr_carea' id='block_1_36' title="bbox 2286 1995 3863 2082">
    <p class='ocr_par' dir='ltr' id='par_1_36' title="bbox 2286 1995 3863 2082">
     <span class='ocr_line' id='line_1_36' title="bbox 2286 1995 3863 2082; baseline -0.006 -18"><span class='ocrx_word' id='word_1_254' title='bbox 2286 2013 2318 2063; x_wconf 70' lang='grc' dir='ltr'><strong>ιι</strong></span> <span class='ocrx_word' id='word_1_255' title='bbox 2350 2011 2426 2082; x_wconf 82' lang='grc' dir='ltr'>μὴ</span> <span class='ocrx_word' id='word_1_256' title='bbox 2450 2011 2510 2064; x_wconf 88' lang='grc' dir='ltr'>τὸ</span> <span class='ocrx_word' id='word_1_257' title='bbox 2544 2009 2666 2063; x_wconf 77' lang='grc' dir='ltr'>ὅλον</span> <span class='ocrx_word' id='word_1_258' title='bbox 2703 2008 2840 2078; x_wconf 79' lang='grc' dir='ltr'>πρὸς</span> <span class='ocrx_word' id='word_1_259' title='bbox 2869 2006 3133 2076; x_wconf 77' lang='grc' dir='ltr'>διαϐολὴν</span> <span class='ocrx_word' id='word_1_260' title='bbox 3174 1995 3336 2078; x_wconf 75' lang='grc' dir='ltr'>μόνόν</span> <span class='ocrx_word' id='word_1_261' title='bbox 3380 2004 3619 2076; x_wconf 81' lang='grc' dir='ltr'>δρῶμεν,</span> <span class='ocrx_word' id='word_1_262' title='bbox 3650 2004 3863 2074; x_wconf 74' lang='grc' dir='ltr'>μᾶλλον</span> 
     </span>
    </p>
   </div>
   <div class='ocr_carea' id='block_1_37' title="bbox 571 2092 2178 2171">
    <p class='ocr_par' dir='ltr' id='par_1_37' title="bbox 571 2092 2160 2167">
     <span class='ocr_line' id='line_1_37' title="bbox 571 2092 2160 2167; baseline 0.004 -23"><span class='ocrx_word' id='word_1_263' title='bbox 571 2106 637 2145; x_wconf 78' lang='lat' dir='ltr'><strong>ex</strong></span> <span class='ocrx_word' id='word_1_264' title='bbox 661 2095 766 2146; x_wconf 87' lang='lat' dir='ltr'><strong>hoc</strong></span> <span class='ocrx_word' id='word_1_265' title='bbox 783 2092 903 2161; x_wconf 92' lang='lat' dir='ltr'><strong>ipso</strong></span> <span class='ocrx_word' id='word_1_266' title='bbox 918 2094 1089 2165; x_wconf 83' lang='lat' dir='ltr'><strong>magis</strong></span> <span class='ocrx_word' id='word_1_267' title='bbox 1110 2095 1390 2164; x_wconf 78' lang='lat' dir='ltr'><strong>magisque</strong></span> <span class='ocrx_word' id='word_1_268' title='bbox 1408 2096 1762 2165; x_wconf 84' lang='lat' dir='ltr'><strong>perspicuum</strong></span> <span class='ocrx_word' id='word_1_269' title='bbox 1800 2096 1860 2149; x_wconf 84' lang='lat' dir='ltr'><strong>fit</strong></span> <span class='ocrx_word' id='word_1_270' title='bbox 1887 2096 2160 2167; x_wconf 87' lang='lat' dir='ltr'><strong>synodum</strong></span> 
     </span>
    </p>
   </div>
   <div class='ocr_carea' id='block_1_38' title="bbox 2286 2092 3866 2171">
    <p class='ocr_par' dir='ltr' id='par_1_38' title="bbox 2286 2095 3866 2171">
     <span class='ocr_line' id='line_1_38' title="bbox 2286 2095 3866 2171; baseline -0.006 -14"><span class='ocrx_word' id='word_1_271' title='bbox 2286 2104 2336 2157; x_wconf 76' lang='grc' dir='ltr'>ὶν</span> <span class='ocrx_word' id='word_1_272' title='bbox 2370 2104 2436 2155; x_wconf 83' lang='grc' dir='ltr'><strong>ἐκ</strong></span> <span class='ocrx_word' id='word_1_273' title='bbox 2461 2100 2617 2156; x_wconf 41' lang='grc' dir='ltr'>,τοῦδε</span> <span class='ocrx_word' id='word_1_274' title='bbox 2662 2099 2949 2171; x_wconf 89' lang='grc' dir='ltr'>προσεχῶς</span> <span class='ocrx_word' id='word_1_275' title='bbox 2977 2115 3038 2151; x_wconf 79' lang='grc' dir='ltr'><strong>τε</strong></span> <span class='ocrx_word' id='word_1_276' title='bbox 3070 2099 3163 2152; x_wconf 73' lang='grc' dir='ltr'>καὶ</span> <span class='ocrx_word' id='word_1_277' title='bbox 3206 2097 3665 2169; x_wconf 78' lang='grc' dir='ltr'>ἐμπερισκέπτως</span> <span class='ocrx_word' id='word_1_278' title='bbox 3690 2095 3866 2164; x_wconf 75' lang='grc' dir='ltr'>ψηφι-</span> 
     </span>
    </p>
   </div>
   <div class='ocr_carea' id='block_1_39' title="bbox 571 2184 2178 2263">
    <p class='ocr_par' dir='ltr' id='par_1_39' title="bbox 571 2184 2163 2258">
     <span class='ocr_line' id='line_1_39' title="bbox 571 2184 2163 2258; baseline 0.004 -23"><span class='ocrx_word' id='word_1_279' title='bbox 571 2184 754 2237; x_wconf 90' lang='lat' dir='ltr'><strong>omnia</strong></span> <span class='ocrx_word' id='word_1_280' title='bbox 776 2184 1121 2239; x_wconf 88' lang='lat' dir='ltr'><strong>considerate</strong></span> <span class='ocrx_word' id='word_1_281' title='bbox 1145 2194 1201 2240; x_wconf 91' lang='lat' dir='ltr'><strong>et</strong></span> <span class='ocrx_word' id='word_1_282' title='bbox 1224 2195 1406 2244; x_wconf 83' lang='lat' dir='ltr'><strong>caute.</strong></span> <span class='ocrx_word' id='word_1_283' title='bbox 1433 2201 1541 2241; x_wconf 92' lang='lat' dir='ltr'><strong>non</strong></span> <span class='ocrx_word' id='word_1_284' title='bbox 1569 2194 1775 2243; x_wconf 86' lang='lat' dir='ltr'><strong>temere</strong></span> <span class='ocrx_word' id='word_1_285' title='bbox 1814 2187 2048 2258; x_wconf 80' lang='lat' dir='ltr'><strong>gessisse</strong></span> <span class='ocrx_word' id='word_1_286' title='bbox 2077 2194 2163 2241; x_wconf 90' lang='lat' dir='ltr'><strong>at-</strong></span> 
     </span>
    </p>
   </div>
   <div class='ocr_carea' id='block_1_40' title="bbox 2286 2184 3863 2263">
    <p class='ocr_par' dir='ltr' id='par_1_40' title="bbox 2286 2187 3863 2263">
     <span class='ocr_line' id='line_1_40' title="bbox 2286 2187 3863 2263; baseline -0.004 -17"><span class='ocrx_word' id='word_1_287' title='bbox 2286 2194 2484 2263; x_wconf 70' lang='grc' dir='ltr'>ταμένη</span> <span class='ocrx_word' id='word_1_288' title='bbox 2542 2194 2815 2261; x_wconf 81' lang='grc' dir='ltr'>φανεῖται,</span> <span class='ocrx_word' id='word_1_289' title='bbox 2852 2190 2946 2244; x_wconf 73' lang='grc' dir='ltr'>καὶ</span> <span class='ocrx_word' id='word_1_290' title='bbox 2980 2189 3137 2243; x_wconf 80' lang='grc' dir='ltr'>οὐδὲν</span> <span class='ocrx_word' id='word_1_291' title='bbox 3190 2188 3334 2241; x_wconf 82' lang='grc' dir='ltr'>κατὰ</span> <span class='ocrx_word' id='word_1_292' title='bbox 3391 2187 3775 2257; x_wconf 81' lang='grc' dir='ltr'>συναρπαγὴν,</span> <span class='ocrx_word' id='word_1_293' title='bbox 3822 2187 3863 2256; x_wconf 69' lang='grc' dir='ltr'>ἢ</span> 
     </span>
    </p>
   </div>
   <div class='ocr_carea' id='block_1_41' title="bbox 574 2276 1099 2346">
    <p class='ocr_par' dir='ltr' id='par_1_41' title="bbox 574 2276 1099 2346">
     <span class='ocr_line' id='line_1_41' title="bbox 574 2276 1099 2346; baseline 0.004 -17"><span class='ocrx_word' id='word_1_294' title='bbox 574 2291 681 2345; x_wconf 91' lang='lat' dir='ltr'><strong>que</strong></span> <span class='ocrx_word' id='word_1_295' title='bbox 739 2276 1099 2346; x_wconf 76' lang='lat' dir='ltr'><strong>negligenter.</strong></span> 
     </span>
    </p>
   </div>
   <div class='ocr_carea' id='block_1_42' title="bbox 651 2365 2167 2439">
    <p class='ocr_par' dir='ltr' id='par_1_42' title="bbox 651 2365 2167 2439">
     <span class='ocr_line' id='line_1_42' title="bbox 651 2365 2167 2439; baseline 0.006 -23"><span class='ocrx_word' id='word_1_296' title='bbox 651 2384 668 2416; x_wconf 85' lang='grc' dir='ltr'><strong>ι</strong></span> <span class='ocrx_word' id='word_1_297' title='bbox 705 2365 811 2422; x_wconf 91' lang='lat' dir='ltr'><strong>Sed</strong></span> <span class='ocrx_word' id='word_1_298' title='bbox 835 2366 936 2420; x_wconf 86' lang='lat' dir='ltr'><strong>alia</strong></span> <span class='ocrx_word' id='word_1_299' title='bbox 962 2367 1029 2421; x_wconf 87' lang='lat' dir='ltr'><strong>de</strong></span> <span class='ocrx_word' id='word_1_300' title='bbox 1051 2383 1236 2434; x_wconf 86' lang='lat' dir='ltr'><strong>causa,</strong></span> <span class='ocrx_word' id='word_1_301' title='bbox 1269 2369 1473 2439; x_wconf 86' lang='lat' dir='ltr'><strong>inquis,</strong></span> <span class='ocrx_word' id='word_1_302' title='bbox 1534 2368 1900 2439; x_wconf 85' lang='lat' dir='ltr'><strong>vituperanda</strong></span> <span class='ocrx_word' id='word_1_303' title='bbox 1937 2380 2021 2425; x_wconf 89' lang='lat' dir='ltr'><strong>est</strong></span> <span class='ocrx_word' id='word_1_304' title='bbox 2051 2369 2167 2425; x_wconf 64' lang='lat' dir='ltr'><strong>haec</strong></span> 
     </span>
    </p>
   </div>
   <div class='ocr_carea' id='block_1_43' title="bbox 2274 2282 3362 2358">
    <p class='ocr_par' dir='ltr' id='par_1_43' title="bbox 2274 2282 3362 2358">
     <span class='ocr_line' id='line_1_43' title="bbox 2274 2282 3362 2358; baseline -0.003 -19"><span class='ocrx_word' id='word_1_305' title='bbox 2274 2286 2583 2358; x_wconf 81' lang='grc' dir='ltr'>παρόρασιν</span> <span class='ocrx_word' id='word_1_306' title='bbox 2609 2284 2710 2354; x_wconf 86' lang='grc' dir='ltr'>τῆς</span> <span class='ocrx_word' id='word_1_307' title='bbox 2741 2282 2931 2355; x_wconf 76' lang='grc' dir='ltr'>χρεέας</span> <span class='ocrx_word' id='word_1_308' title='bbox 2971 2282 3362 2352; x_wconf 78' lang='grc' dir='ltr'>ἐκφωνήσασα.</span> 
     </span>
    </p>
   </div>
   <div class='ocr_carea' id='block_1_44' title="bbox 2350 2369 3860 2443">
    <p class='ocr_par' dir='ltr' id='par_1_44' title="bbox 2350 2369 3860 2443">
     <span class='ocr_line' id='line_1_44' title="bbox 2350 2369 3860 2443; baseline -0.005 -15"><span class='ocrx_word' id='word_1_309' title='bbox 2350 2395 2369 2428; x_wconf 76' lang='grc' dir='ltr'><strong>ι</strong></span> <span class='ocrx_word' id='word_1_310' title='bbox 2416 2375 2575 2429; x_wconf 80' lang='grc' dir='ltr'>Ἀλλά</span> <span class='ocrx_word' id='word_1_311' title='bbox 2616 2374 2713 2429; x_wconf 73' lang='grc' dir='ltr'><strong>καὶ</strong></span> <span class='ocrx_word' id='word_1_312' title='bbox 2745 2372 3015 2443; x_wconf 79' lang='grc' dir='ltr'><strong>ἑτέρωθεν</strong></span> <span class='ocrx_word' id='word_1_313' title='bbox 3048 2370 3239 2442; x_wconf 79' lang='grc' dir='ltr'>αὐτὴν,</span> <span class='ocrx_word' id='word_1_314' title='bbox 3286 2369 3479 2440; x_wconf 82' lang='grc' dir='ltr'>φησὶν,</span> <span class='ocrx_word' id='word_1_315' title='bbox 3515 2369 3860 2441; x_wconf 69' lang='grc' dir='ltr'>διαωητέοψ</span> 
     </span>
    </p>
   </div>
   <div class='ocr_carea' id='block_1_45' title="bbox 574 2456 2178 2540">
    <p class='ocr_par' dir='ltr' id='par_1_45' title="bbox 574 2456 2161 2531">
     <span class='ocr_line' id='line_1_45' title="bbox 574 2456 2161 2531; baseline 0.002 -19"><span class='ocrx_word' id='word_1_316' title='bbox 574 2457 841 2528; x_wconf 87' lang='lat' dir='ltr'><strong>synodus.</strong></span> <span class='ocrx_word' id='word_1_317' title='bbox 877 2456 1109 2513; x_wconf 87' lang='lat' dir='ltr'><strong>Constat</strong></span> <span class='ocrx_word' id='word_1_318' title='bbox 1140 2460 1289 2514; x_wconf 88' lang='lat' dir='ltr'><strong>enim</strong></span> <span class='ocrx_word' id='word_1_319' title='bbox 1331 2460 1524 2530; x_wconf 90' lang='lat' dir='ltr'><strong>iniquo</strong></span> <span class='ocrx_word' id='word_1_320' title='bbox 1571 2476 1690 2515; x_wconf 84' lang='lat' dir='ltr'><strong>eam</strong></span> <span class='ocrx_word' id='word_1_321' title='bbox 1720 2460 1849 2515; x_wconf 91' lang='lat' dir='ltr'><strong>odio</strong></span> <span class='ocrx_word' id='word_1_322' title='bbox 1899 2460 2161 2531; x_wconf 78' lang='lat' dir='ltr'><strong>flagrasse</strong></span> 
     </span>
    </p>
   </div>
   <div class='ocr_carea' id='block_1_46' title="bbox 2286 2456 3864 2540">
    <p class='ocr_par' dir='ltr' id='par_1_46' title="bbox 2286 2461 3864 2540">
     <span class='ocr_line' id='line_1_46' title="bbox 2286 2461 3864 2540; baseline -0.006 -18"><span class='ocrx_word' id='word_1_323' title='bbox 2286 2469 2551 2540; x_wconf 67' lang='grc' dir='ltr'>Διοσκόρω</span> <span class='ocrx_word' id='word_1_324' title='bbox 2589 2467 2698 2538; x_wconf 81' lang='grc' dir='ltr'><strong>γὰρ</strong></span> <span class='ocrx_word' id='word_1_325' title='bbox 2741 2464 3057 2528; x_wconf 85' lang='grc' dir='ltr'>άντιπαθῶς</span> <span class='ocrx_word' id='word_1_326' title='bbox 3101 2464 3302 2534; x_wconf 80' lang='grc' dir='ltr'>ἐχουσα</span> <span class='ocrx_word' id='word_1_327' title='bbox 3335 2462 3641 2534; x_wconf 81' lang='grc' dir='ltr'>ἐλέγχεται,</span> <span class='ocrx_word' id='word_1_328' title='bbox 3690 2461 3770 2532; x_wconf 83' lang='grc' dir='ltr'>τῷ</span> <span class='ocrx_word' id='word_1_329' title='bbox 3803 2463 3864 2535; x_wconf 83' lang='grc' dir='ltr'><strong>ἐν</strong></span> 
     </span>
    </p>
   </div>
   <div class='ocr_carea' id='block_1_47' title="bbox 574 2546 2165 2629">
    <p class='ocr_par' dir='ltr' id='par_1_47' title="bbox 574 2546 2165 2629">
     <span class='ocr_line' id='line_1_47' title="bbox 574 2546 2165 2629; baseline 0.004 -29"><span class='ocrx_word' id='word_1_330' title='bbox 574 2546 631 2607; x_wconf 87' lang='lat' dir='ltr'><strong>in</strong></span> <span class='ocrx_word' id='word_1_331' title='bbox 686 2547 796 2618; x_wconf 67' lang='grc' dir='ltr'>(ει)</span> <span class='ocrx_word' id='word_1_332' title='bbox 826 2549 1147 2604; x_wconf 86' lang='lat' dir='ltr'><strong>Dioscorum</strong></span> <span class='ocrx_word' id='word_1_333' title='bbox 1175 2550 1269 2629; x_wconf 90' lang='lat' dir='ltr'><strong>qui</strong></span> <span class='ocrx_word' id='word_1_334' title='bbox 1307 2550 1439 2605; x_wconf 90' lang='lat' dir='ltr'><strong>elim</strong></span> <span class='ocrx_word' id='word_1_335' title='bbox 1484 2550 1741 2608; x_wconf 65' lang='lat' dir='ltr'><strong>Ecclesia:</strong></span> <span class='ocrx_word' id='word_1_336' title='bbox 1772 2552 2165 2606; x_wconf 64' lang='lat' dir='ltr'><strong>Alexandrinas</strong></span> 
     </span>
    </p>
   </div>
   <div class='ocr_carea' id='block_1_48' title="bbox 574 2640 2169 2710">
    <p class='ocr_par' dir='ltr' id='par_1_48' title="bbox 574 2640 2169 2710">
     <span class='ocr_line' id='line_1_48' title="bbox 574 2640 2169 2710; baseline 0.003 -17"><span class='ocrx_word' id='word_1_337' title='bbox 574 2640 818 2710; x_wconf 65' lang='lat' dir='ltr'><strong>praefuit,</strong></span> <span class='ocrx_word' id='word_1_338' title='bbox 868 2648 925 2696; x_wconf 91' lang='lat' dir='ltr'><strong>et</strong></span> <span class='ocrx_word' id='word_1_339' title='bbox 950 2641 1311 2697; x_wconf 87' lang='lat' dir='ltr'><strong>Nestorianos</strong></span> <span class='ocrx_word' id='word_1_340' title='bbox 1351 2658 1573 2699; x_wconf 87' lang='lat' dir='ltr'><strong>errores</strong></span> <span class='ocrx_word' id='word_1_341' title='bbox 1620 2643 1824 2698; x_wconf 87' lang='lat' dir='ltr'><strong>acriter</strong></span> <span class='ocrx_word' id='word_1_342' title='bbox 1859 2643 2169 2698; x_wconf 88' lang='lat' dir='ltr'><strong>insectatus</strong></span> 
     </span>
    </p>
   </div>
   <div class='ocr_carea' id='block_1_49' title="bbox 573 2733 2170 2807">
    <p class='ocr_par' dir='ltr' id='par_1_49' title="bbox 573 2733 2170 2807">
     <span class='ocr_line' id='line_1_49' title="bbox 573 2733 2170 2807; baseline 0.001 -20"><span class='ocrx_word' id='word_1_343' title='bbox 573 2742 696 2799; x_wconf 85' lang='lat' dir='ltr'><strong>est;</strong></span> <span class='ocrx_word' id='word_1_344' title='bbox 732 2747 897 2802; x_wconf 89' lang='lat' dir='ltr'><strong>quem</strong></span> <span class='ocrx_word' id='word_1_345' title='bbox 954 2733 1074 2787; x_wconf 89' lang='lat' dir='ltr'><strong>sine</strong></span> <span class='ocrx_word' id='word_1_346' title='bbox 1095 2734 1240 2804; x_wconf 85' lang='lat' dir='ltr'><strong>justa</strong></span> <span class='ocrx_word' id='word_1_347' title='bbox 1262 2749 1425 2789; x_wconf 88' lang='lat' dir='ltr'><strong>causa</strong></span> <span class='ocrx_word' id='word_1_348' title='bbox 1454 2750 1563 2790; x_wconf 92' lang='lat' dir='ltr'><strong>non</strong></span> <span class='ocrx_word' id='word_1_349' title='bbox 1597 2736 1761 2790; x_wconf 91' lang='lat' dir='ltr'><strong>modo</strong></span> <span class='ocrx_word' id='word_1_350' title='bbox 1785 2734 1895 2807; x_wconf 72' lang='lat'><strong>(22)</strong></span> <span class='ocrx_word' id='word_1_351' title='bbox 1923 2734 2053 2790; x_wconf 84' lang='lat' dir='ltr'><strong>sede</strong></span> <span class='ocrx_word' id='word_1_352' title='bbox 2074 2750 2170 2791; x_wconf 89' lang='lat' dir='ltr'><strong>sua</strong></span> 
     </span>
    </p>
   </div>
   <div class='ocr_carea' id='block_1_50' title="bbox 575 2823 2168 2895">
    <p class='ocr_par' dir='ltr' id='par_1_50' title="bbox 575 2823 2168 2895">
     <span class='ocr_line' id='line_1_50' title="bbox 575 2823 2168 2895; baseline 0.001 -17"><span class='ocrx_word' id='word_1_353' title='bbox 575 2823 780 2893; x_wconf 91' lang='lat' dir='ltr'><strong>dejecit</strong></span> <span class='ocrx_word' id='word_1_354' title='bbox 811 2832 938 2880; x_wconf 90' lang='lat' dir='ltr'><strong>eum</strong></span> <span class='ocrx_word' id='word_1_355' title='bbox 990 2832 1247 2895; x_wconf 86' lang='lat' dir='ltr'><strong>tanquam</strong></span> <span class='ocrx_word' id='word_1_356' title='bbox 1292 2826 1529 2881; x_wconf 85' lang='lat' dir='ltr'><strong>Nestorii</strong></span> <span class='ocrx_word' id='word_1_357' title='bbox 1554 2826 1770 2881; x_wconf 90' lang='lat' dir='ltr'><strong>hostem</strong></span> <span class='ocrx_word' id='word_1_358' title='bbox 1792 2826 2113 2881; x_wconf 86' lang='lat' dir='ltr'><strong>insectando</strong></span> <span class='ocrx_word' id='word_1_359' title='bbox 2152 2846 2168 2894; x_wconf 88' lang='lat'><strong>;</strong></span> 
     </span>
    </p>
   </div>
   <div class='ocr_carea' id='block_1_51' title="bbox 576 2913 2174 2986">
    <p class='ocr_par' dir='ltr' id='par_1_51' title="bbox 576 2913 2174 2986">
     <span class='ocr_line' id='line_1_51' title="bbox 576 2913 2174 2986; baseline 0.001 -17"><span class='ocrx_word' id='word_1_360' title='bbox 576 2913 672 2969; x_wconf 90' lang='lat' dir='ltr'><strong>sed</strong></span> <span class='ocrx_word' id='word_1_361' title='bbox 700 2914 824 2968; x_wconf 88' lang='lat' dir='ltr'><strong>talia</strong></span> <span class='ocrx_word' id='word_1_362' title='bbox 847 2914 1094 2970; x_wconf 88' lang='lat' dir='ltr'><strong>continet</strong></span> <span class='ocrx_word' id='word_1_363' title='bbox 1114 2914 1524 2982; x_wconf 82' lang='lat' dir='ltr'><strong>defensionum,</strong></span> <span class='ocrx_word' id='word_1_364' title='bbox 1542 2924 1707 2986; x_wconf 90' lang='lat' dir='ltr'><strong>atque</strong></span> <span class='ocrx_word' id='word_1_365' title='bbox 1724 2915 2174 2972; x_wconf 90' lang='lat' dir='ltr'><strong>criminationum</strong></span> 
     </span>
    </p>
   </div>
   <div class='ocr_carea' id='block_1_52' title="bbox 576 3005 2175 3077">
    <p class='ocr_par' dir='ltr' id='par_1_52' title="bbox 576 3005 2175 3077">
     <span class='ocr_line' id='line_1_52' title="bbox 576 3005 2175 3077; baseline 0.002 -18"><span class='ocrx_word' id='word_1_366' title='bbox 576 3005 779 3075; x_wconf 80' lang='lat' dir='ltr'><strong>capita,</strong></span> <span class='ocrx_word' id='word_1_367' title='bbox 813 3006 948 3061; x_wconf 87' lang='lat' dir='ltr'><strong>tales</strong></span> <span class='ocrx_word' id='word_1_368' title='bbox 982 3007 1113 3061; x_wconf 90' lang='lat' dir='ltr'><strong>item</strong></span> <span class='ocrx_word' id='word_1_369' title='bbox 1165 3006 1493 3071; x_wconf 87' lang='lat' dir='ltr'><strong>calumnias,</strong></span> <span class='ocrx_word' id='word_1_370' title='bbox 1530 3023 1652 3077; x_wconf 72' lang='lat' dir='ltr'><strong>quae</strong></span> <span class='ocrx_word' id='word_1_371' title='bbox 1677 3006 1924 3061; x_wconf 87' lang='lat' dir='ltr'><strong>Tertullo</strong></span> <span class='ocrx_word' id='word_1_372' title='bbox 1947 3023 2046 3077; x_wconf 91' lang='lat' dir='ltr'><strong>pro</strong></span> <span class='ocrx_word' id='word_1_373' title='bbox 2074 3008 2175 3063; x_wconf 79' lang='lat' dir='ltr'><strong>Ju-</strong></span> 
     </span>
    </p>
   </div>
   <div class='ocr_carea' id='block_1_53' title="bbox 576 3096 2174 3169">
    <p class='ocr_par' dir='ltr' id='par_1_53' title="bbox 576 3096 2174 3169">
     <span class='ocr_line' id='line_1_53' title="bbox 576 3096 2174 3169; baseline 0.003 -19"><span class='ocrx_word' id='word_1_374' title='bbox 576 3096 712 3150; x_wconf 69' lang='lat' dir='ltr'><strong>dreis</strong></span> <span class='ocrx_word' id='word_1_375' title='bbox 756 3096 824 3150; x_wconf 89' lang='lat' dir='ltr'><strong>ad</strong></span> <span class='ocrx_word' id='word_1_376' title='bbox 858 3097 1097 3152; x_wconf 78' lang='lat' dir='ltr'><strong>Felicem</strong></span> <span class='ocrx_word' id='word_1_377' title='bbox 1136 3110 1330 3154; x_wconf 90' lang='lat' dir='ltr'><strong>contra</strong></span> <span class='ocrx_word' id='word_1_378' title='bbox 1362 3099 1592 3153; x_wconf 90' lang='lat' dir='ltr'><strong>Paulum</strong></span> <span class='ocrx_word' id='word_1_379' title='bbox 1626 3099 1907 3169; x_wconf 90' lang='lat' dir='ltr'><strong>peroranti</strong></span> <span class='ocrx_word' id='word_1_380' title='bbox 1939 3100 2174 3156; x_wconf 76' lang='lat' dir='ltr'><strong>maxime</strong></span> 
     </span>
    </p>
   </div>
   <div class='ocr_carea' id='block_1_54' title="bbox 578 3187 1013 3243">
    <p class='ocr_par' dir='ltr' id='par_1_54' title="bbox 578 3187 1013 3243">
     <span class='ocr_line' id='line_1_54' title="bbox 578 3187 1013 3243; baseline -0.005 -2"><span class='ocrx_word' id='word_1_381' title='bbox 578 3187 964 3243; x_wconf 86' lang='lat' dir='ltr'><strong>convenirent.</strong></span> <span class='ocrx_word' id='word_1_382' title='bbox 994 3209 1013 3239; x_wconf 77' lang='grc' dir='ltr'><strong><em>ο</em></strong></span> 
     </span>
    </p>
   </div>
   <div class='ocr_carea' id='block_1_55' title="bbox 656 3279 2180 3336">
    <p class='ocr_par' dir='ltr' id='par_1_55' title="bbox 656 3279 2180 3336">
     <span class='ocr_line' id='line_1_55' title="bbox 656 3279 2180 3336; baseline 0.001 -4"><span class='ocrx_word' id='word_1_383' title='bbox 656 3280 887 3333; x_wconf 83' lang='lat' dir='ltr'><strong>’Verum</strong></span> <span class='ocrx_word' id='word_1_384' title='bbox 926 3280 1043 3334; x_wconf 60' lang='lat' dir='ltr'><strong>haec</strong></span> <span class='ocrx_word' id='word_1_385' title='bbox 1073 3281 1307 3335; x_wconf 88' lang='lat' dir='ltr'><strong>subdole</strong></span> <span class='ocrx_word' id='word_1_386' title='bbox 1339 3280 1844 3336; x_wconf 86' lang='lat' dir='ltr'><strong>comminiscuntur</strong></span> <span class='ocrx_word' id='word_1_387' title='bbox 1871 3280 1940 3335; x_wconf 86' lang='lat' dir='ltr'><strong>ad</strong></span> <span class='ocrx_word' id='word_1_388' title='bbox 1974 3279 2180 3335; x_wconf 84' lang='lat' dir='ltr'><strong>fallen-</strong></span> 
     </span>
    </p>
   </div>
   <div class='ocr_carea' id='block_1_56' title="bbox 578 3377 2179 3461">
    <p class='ocr_par' dir='ltr' id='par_1_56' title="bbox 578 3377 2179 3461">
     <span class='ocr_line' id='line_1_56' title="bbox 578 3377 2179 3461; baseline -0.001 -28"><span class='ocrx_word' id='word_1_389' title='bbox 578 3379 983 3434; x_wconf 49' lang='lat' dir='ltr'><strong>dos&#39;leviorum</strong></span> <span class='ocrx_word' id='word_1_390' title='bbox 1014 3380 1265 3461; x_wconf 72' lang='lat' dir='ltr'><strong>judicum</strong></span> <span class='ocrx_word' id='word_1_391' title='bbox 1307 3381 1523 3434; x_wconf 89' lang='lat' dir='ltr'><strong>animos</strong></span> <span class='ocrx_word' id='word_1_392' title='bbox 1561 3394 1767 3449; x_wconf 89' lang='lat' dir='ltr'><strong>eosque</strong></span> <span class='ocrx_word' id='word_1_393' title='bbox 1797 3377 2179 3448; x_wconf 86' lang='lat' dir='ltr'><strong>decipiendos.</strong></span> 
     </span>
    </p>
   </div>
   <div class='ocr_carea' id='block_1_57' title="bbox 579 3469 2181 3541">
    <p class='ocr_par' dir='ltr' id='par_1_57' title="bbox 579 3469 2181 3541">
     <span class='ocr_line' id='line_1_57' title="bbox 579 3469 2181 3541; baseline -0.001 -16"><span class='ocrx_word' id='word_1_394' title='bbox 579 3470 905 3526; x_wconf 86' lang='lat' dir='ltr'><strong>Dioscorum</strong></span> <span class='ocrx_word' id='word_1_395' title='bbox 942 3470 1088 3524; x_wconf 91' lang='lat' dir='ltr'><strong>enim</strong></span> <span class='ocrx_word' id='word_1_396' title='bbox 1119 3471 1238 3539; x_wconf 86' lang='lat' dir='ltr'><strong>(cui</strong></span> <span class='ocrx_word' id='word_1_397' title='bbox 1282 3470 1433 3540; x_wconf 90' lang='lat' dir='ltr'><strong>quod</strong></span> <span class='ocrx_word' id='word_1_398' title='bbox 1475 3469 1587 3541; x_wconf 77' lang='lat'><strong>(2&#39;5)</strong></span> <span class='ocrx_word' id='word_1_399' title='bbox 1639 3471 1916 3541; x_wconf 91' lang='lat' dir='ltr'><strong>dejectum</strong></span> <span class='ocrx_word' id='word_1_400' title='bbox 1952 3470 2181 3539; x_wconf 88' lang='lat' dir='ltr'><strong>impium</strong></span> 
     </span>
    </p>
   </div>
   <div class='ocr_carea' id='block_1_58' title="bbox 580 3561 2179 3635">
    <p class='ocr_par' dir='ltr' id='par_1_58' title="bbox 580 3561 2179 3635">
     <span class='ocr_line' id='line_1_58' title="bbox 580 3561 2179 3635; baseline 0 -18"><span class='ocrx_word' id='word_1_401' title='bbox 580 3564 946 3635; x_wconf 80' lang='lat' dir='ltr'><strong>Eutychetem</strong></span> <span class='ocrx_word' id='word_1_402' title='bbox 1003 3564 1334 3632; x_wconf 79' lang='lat' dir='ltr'><strong>excepisset,</strong></span> <span class='ocrx_word' id='word_1_403' title='bbox 1370 3572 1536 3632; x_wconf 90' lang='lat' dir='ltr'><strong>atque</strong></span> <span class='ocrx_word' id='word_1_404' title='bbox 1585 3561 1905 3617; x_wconf 87' lang='lat' dir='ltr'><strong>Flavianum</strong></span> <span class='ocrx_word' id='word_1_405' title='bbox 1931 3562 2027 3632; x_wconf 92' lang='lat' dir='ltr'><strong>qui</strong></span> <span class='ocrx_word' id='word_1_406' title='bbox 2052 3578 2179 3617; x_wconf 90' lang='lat' dir='ltr'><strong>eum</strong></span> 
     </span>
    </p>
   </div>
   <div class='ocr_carea' id='block_1_59' title="bbox 572 3652 2182 3727">
    <p class='ocr_par' dir='ltr' id='par_1_59' title="bbox 572 3652 2182 3727">
     <span class='ocr_line' id='line_1_59' title="bbox 572 3652 2182 3727; baseline 0 -19"><span class='ocrx_word' id='word_1_407' title='bbox 572 3656 724 3727; x_wconf 79' lang='lat' dir='ltr'><strong>juste</strong></span> <span class='ocrx_word' id='word_1_408' title='bbox 747 3656 1026 3725; x_wconf 88' lang='lat' dir='ltr'><strong>dejecerat</strong></span> <span class='ocrx_word' id='word_1_409' title='bbox 1053 3654 1166 3726; x_wconf 63' lang='grc' dir='ltr'>(Ἠ)</span> <span class='ocrx_word' id='word_1_410' title='bbox 1196 3654 1637 3724; x_wconf 85' lang='lat' dir='ltr'><strong>proscripsisset,</strong></span> <span class='ocrx_word' id='word_1_411' title='bbox 1662 3654 1883 3709; x_wconf 88' lang='lat' dir='ltr'><strong>crimini</strong></span> <span class='ocrx_word' id='word_1_412' title='bbox 1917 3652 2182 3723; x_wconf 85' lang='lat' dir='ltr'><strong>dabatur)</strong></span> 
     </span>
    </p>
   </div>
   <div class='ocr_carea' id='block_1_60' title="bbox 574 3743 2184 3816">
    <p class='ocr_par' dir='ltr' id='par_1_60' title="bbox 574 3743 2184 3816">
     <span class='ocr_line' id='line_1_60' title="bbox 574 3743 2184 3816; baseline -0.001 -16"><span class='ocrx_word' id='word_1_413' title='bbox 574 3760 727 3815; x_wconf 76' lang='lat' dir='ltr'><strong>sepe</strong></span> <span class='ocrx_word' id='word_1_414' title='bbox 790 3744 1091 3814; x_wconf 88' lang='lat' dir='ltr'><strong>multisque</strong></span> <span class='ocrx_word' id='word_1_415' title='bbox 1147 3744 1257 3814; x_wconf 75' lang='grc'><strong>(25)</strong></span> <span class='ocrx_word' id='word_1_416' title='bbox 1288 3744 1468 3799; x_wconf 88' lang='lat' dir='ltr'><strong>modis</strong></span> <span class='ocrx_word' id='word_1_417' title='bbox 1506 3744 1560 3799; x_wconf 92' lang='lat' dir='ltr'><strong>in</strong></span> <span class='ocrx_word' id='word_1_418' title='bbox 1619 3746 1710 3816; x_wconf 90' lang='lat' dir='ltr'><strong>jus</strong></span> <span class='ocrx_word' id='word_1_419' title='bbox 1756 3743 1996 3810; x_wconf 79' lang='lat' dir='ltr'><strong>vocavit,</strong></span> <span class='ocrx_word' id='word_1_420' title='bbox 2022 3752 2084 3798; x_wconf 92' lang='lat' dir='ltr'><strong>ut</strong></span> <span class='ocrx_word' id='word_1_421' title='bbox 2116 3744 2184 3798; x_wconf 89' lang='lat' dir='ltr'><strong>ab</strong></span> 
     </span>
    </p>
   </div>
   <div class='ocr_carea' id='block_1_61' title="bbox 576 3835 2184 3908">
    <p class='ocr_par' dir='ltr' id='par_1_61' title="bbox 576 3835 2184 3908">
     <span class='ocr_line' id='line_1_61' title="bbox 576 3835 2184 3908; baseline 0.001 -19"><span class='ocrx_word' id='word_1_422' title='bbox 576 3837 820 3908; x_wconf 72' lang='lat' dir='ltr'><strong>objectis</strong></span> <span class='ocrx_word' id='word_1_423' title='bbox 848 3836 1002 3891; x_wconf 88' lang='lat' dir='ltr'><strong>hisce</strong></span> <span class='ocrx_word' id='word_1_424' title='bbox 1036 3836 1371 3891; x_wconf 90' lang='lat' dir='ltr'><strong>criminibus</strong></span> <span class='ocrx_word' id='word_1_425' title='bbox 1394 3852 1517 3892; x_wconf 89' lang='lat' dir='ltr'><strong>sese</strong></span> <span class='ocrx_word' id='word_1_426' title='bbox 1551 3835 1876 3891; x_wconf 82' lang='lat' dir='ltr'><strong>defenderet</strong></span> <span class='ocrx_word' id='word_1_427' title='bbox 1903 3853 1917 3890; x_wconf 88' lang='lat'><strong>:</strong></span> <span class='ocrx_word' id='word_1_428' title='bbox 1944 3851 2184 3905; x_wconf 91' lang='lat' dir='ltr'><strong>cumque</strong></span> 
     </span>
    </p>
   </div>
   <div class='ocr_carea' id='block_1_62' title="bbox 577 3923 2183 3996">
    <p class='ocr_par' dir='ltr' id='par_1_62' title="bbox 577 3923 2183 3996">
     <span class='ocr_line' id='line_1_62' title="bbox 577 3923 2183 3996; baseline -0.002 -17"><span class='ocrx_word' id='word_1_429' title='bbox 577 3926 679 3979; x_wconf 88' lang='lat' dir='ltr'><strong>ille</strong></span> <span class='ocrx_word' id='word_1_430' title='bbox 739 3925 978 3995; x_wconf 88' lang='lat' dir='ltr'><strong>primum</strong></span> <span class='ocrx_word' id='word_1_431' title='bbox 1018 3923 1133 3996; x_wconf 70' lang='grc'><strong>(26)</strong></span> <span class='ocrx_word' id='word_1_432' title='bbox 1186 3926 1678 3995; x_wconf 85' lang='lat' dir='ltr'><strong>tergiversarelur,</strong></span> <span class='ocrx_word' id='word_1_433' title='bbox 1747 3923 1953 3979; x_wconf 56' lang='lat' dir='ltr'><strong>deindﬁ</strong></span> <span class='ocrx_word' id='word_1_434' title='bbox 2014 3924 2183 3979; x_wconf 79' lang='lat' dir='ltr'><strong>etiam</strong></span> 
     </span>
    </p>
   </div>
   <div class='ocr_carea' id='block_1_63' title="bbox 588 4014 2184 4087">
    <p class='ocr_par' dir='ltr' id='par_1_63' title="bbox 588 4014 2184 4087">
     <span class='ocr_line' id='line_1_63' title="bbox 588 4014 2184 4087; baseline -0.001 -17"><span class='ocrx_word' id='word_1_435' title='bbox 588 4015 974 4086; x_wconf 86' lang='lat' dir='ltr'><strong>impudentius</strong></span> <span class='ocrx_word' id='word_1_436' title='bbox 1025 4016 1297 4087; x_wconf 83' lang='lat' dir='ltr'><strong>judicium</strong></span> <span class='ocrx_word' id='word_1_437' title='bbox 1352 4016 1723 4085; x_wconf 87' lang='lat' dir='ltr'><strong>detrectaret;</strong></span> <span class='ocrx_word' id='word_1_438' title='bbox 1777 4024 1894 4071; x_wconf 90' lang='lat' dir='ltr'><strong>tum</strong></span> <span class='ocrx_word' id='word_1_439' title='bbox 1962 4014 2184 4070; x_wconf 90' lang='lat' dir='ltr'><strong>demum</strong></span> 
     </span>
    </p>
   </div>
   <div class='ocr_carea' id='block_1_64' title="bbox 577 4109 1561 4179">
    <p class='ocr_par' dir='ltr' id='par_1_64' title="bbox 577 4109 1561 4179">
     <span class='ocr_line' id='line_1_64' title="bbox 577 4109 1561 4179; baseline -0.003 -13"><span class='ocrx_word' id='word_1_440' title='bbox 577 4111 802 4166; x_wconf 84' lang='lat' dir='ltr'><strong>concilii</strong></span> <span class='ocrx_word' id='word_1_441' title='bbox 843 4111 1031 4164; x_wconf 88' lang='lat' dir='ltr'><strong>Patres</strong></span> <span class='ocrx_word' id='word_1_442' title='bbox 1060 4124 1187 4163; x_wconf 90' lang='lat' dir='ltr'><strong>eum</strong></span> <span class='ocrx_word' id='word_1_443' title='bbox 1218 4109 1561 4179; x_wconf 88' lang='lat' dir='ltr'><strong>dejecerunt.</strong></span> 
     </span>
    </p>
   </div>
   <div class='ocr_carea' id='block_1_65' title="bbox 661 4202 2184 4274">
    <p class='ocr_par' dir='ltr' id='par_1_65' title="bbox 661 4202 2184 4274">
     <span class='ocr_line' id='line_1_65' title="bbox 661 4202 2184 4274; baseline 0.004 -20"><span class='ocrx_word' id='word_1_444' title='bbox 661 4224 679 4254; x_wconf 85' lang='grc'><em>‹</em></span> <span class='ocrx_word' id='word_1_445' title='bbox 714 4202 993 4274; x_wconf 84' lang='lat' dir='ltr'><strong>Curergo,</strong></span> <span class='ocrx_word' id='word_1_446' title='bbox 1019 4202 1166 4257; x_wconf 86' lang='lat' dir='ltr'><strong>dicet</strong></span> <span class='ocrx_word' id='word_1_447' title='bbox 1197 4204 1419 4272; x_wconf 89' lang='lat' dir='ltr'><strong>aliquis,</strong></span> <span class='ocrx_word' id='word_1_448' title='bbox 1453 4203 1695 4273; x_wconf 77' lang='lat' dir='ltr'><strong>synodus</strong></span> <span class='ocrx_word' id='word_1_449' title='bbox 1741 4205 1819 4257; x_wconf 87' lang='lat' dir='ltr'><strong>ait</strong></span> <span class='ocrx_word' id='word_1_450' title='bbox 1854 4220 1911 4259; x_wconf 91' lang='lat' dir='ltr'><strong>se</strong></span> <span class='ocrx_word' id='word_1_451' title='bbox 1954 4204 2184 4259; x_wconf 88' lang='lat' dir='ltr'><strong>Diosco-</strong></span> 
     </span>
    </p>
   </div>
   <div class='ocr_carea' id='block_1_66' title="bbox 584 4292 2182 4365">
    <p class='ocr_par' dir='ltr' id='par_1_66' title="bbox 584 4292 2182 4365">
     <span class='ocr_line' id='line_1_66' title="bbox 584 4292 2182 4365; baseline 0.001 -18"><span class='ocrx_word' id='word_1_452' title='bbox 584 4310 708 4347; x_wconf 89' lang='lat' dir='ltr'><strong>rum</strong></span> <span class='ocrx_word' id='word_1_453' title='bbox 749 4292 1016 4362; x_wconf 88' lang='lat' dir='ltr'><strong>dejecisse</strong></span> <span class='ocrx_word' id='word_1_454' title='bbox 1066 4308 1178 4346; x_wconf 89' lang='lat' dir='ltr'><strong>non</strong></span> <span class='ocrx_word' id='word_1_455' title='bbox 1232 4302 1467 4362; x_wconf 84' lang='lat' dir='ltr'><strong>propter</strong></span> <span class='ocrx_word' id='word_1_456' title='bbox 1520 4293 1630 4364; x_wconf 76' lang='lat'><strong>(9.7)</strong></span> <span class='ocrx_word' id='word_1_457' title='bbox 1703 4293 1843 4347; x_wconf 88' lang='lat' dir='ltr'><strong>mala</strong></span> <span class='ocrx_word' id='word_1_458' title='bbox 1902 4293 2182 4365; x_wconf 86' lang='lat' dir='ltr'><strong>dogmata,</strong></span> 
     </span>
    </p>
   </div>
   <div class='ocr_carea' id='block_1_67' title="bbox 583 4383 2184 4456">
    <p class='ocr_par' dir='ltr' id='par_1_67' title="bbox 583 4383 2184 4456">
     <span class='ocr_line' id='line_1_67' title="bbox 583 4383 2184 4456; baseline 0 -16"><span class='ocrx_word' id='word_1_459' title='bbox 583 4384 682 4441; x_wconf 83' lang='lat' dir='ltr'><strong>sed</strong></span> <span class='ocrx_word' id='word_1_460' title='bbox 714 4385 784 4439; x_wconf 90' lang='lat' dir='ltr'><strong>ob</strong></span> <span class='ocrx_word' id='word_1_461' title='bbox 829 4386 949 4454; x_wconf 90' lang='lat' dir='ltr'><strong>ejus</strong></span> <span class='ocrx_word' id='word_1_462' title='bbox 980 4383 1410 4449; x_wconf 89' lang='lat' dir='ltr'><strong>contumaciam,</strong></span> <span class='ocrx_word' id='word_1_463' title='bbox 1457 4400 1565 4454; x_wconf 90' lang='lat' dir='ltr'><strong>qua</strong></span> <span class='ocrx_word' id='word_1_464' title='bbox 1593 4384 1698 4438; x_wconf 85' lang='lat' dir='ltr'><strong>sibi</strong></span> <span class='ocrx_word' id='word_1_465' title='bbox 1730 4387 1949 4440; x_wconf 85' lang='lat' dir='ltr'><strong>vocanti</strong></span> <span class='ocrx_word' id='word_1_466' title='bbox 1984 4401 2184 4456; x_wconf 89' lang='lat' dir='ltr'><strong>parere</strong></span> 
     </span>
    </p>
   </div>
   <div class='ocr_carea' id='block_1_68' title="bbox 584 4475 912 4533">
    <p class='ocr_par' dir='ltr' id='par_1_68' title="bbox 584 4475 912 4533">
     <span class='ocr_line' id='line_1_68' title="bbox 584 4475 912 4533; baseline -0.003 -3"><span class='ocrx_word' id='word_1_467' title='bbox 584 4477 862 4533; x_wconf 78' lang='lat' dir='ltr'><strong>recusavit</strong></span> <span class='ocrx_word' id='word_1_468' title='bbox 889 4475 912 4529; x_wconf 89' lang='lat'><strong>?</strong></span> 
     </span>
    </p>
   </div>
   <div class='ocr_carea' id='block_1_69' title="bbox 656 4576 2181 4647">
    <p class='ocr_par' dir='ltr' id='par_1_69' title="bbox 656 4576 2181 4647">
     <span class='ocr_line' id='line_1_69' title="bbox 656 4576 2181 4647; baseline 0 -16"><span class='ocrx_word' id='word_1_469' title='bbox 656 4576 1166 4643; x_wconf 85' lang='lat' dir='ltr'><strong>Verumenimvero,</strong></span> <span class='ocrx_word' id='word_1_470' title='bbox 1209 4576 1519 4631; x_wconf 87' lang='lat' dir='ltr'><strong>stultissimi</strong></span> <span class='ocrx_word' id='word_1_471' title='bbox 1542 4576 1670 4642; x_wconf 91' lang='lat' dir='ltr'><strong>viri,</strong></span> <span class='ocrx_word' id='word_1_472' title='bbox 1704 4587 1931 4631; x_wconf 86' lang='lat' dir='ltr'><strong>vocatus</strong></span> <span class='ocrx_word' id='word_1_473' title='bbox 1956 4576 2181 4647; x_wconf 87' lang='lat' dir='ltr'><strong>quidem</strong></span> 
     </span>
    </p>
   </div>
   <div class='ocr_carea' id='block_1_70' title="bbox 582 4670 2179 4743">
    <p class='ocr_par' dir='ltr' id='par_1_70' title="bbox 582 4670 2179 4743">
     <span class='ocr_line' id='line_1_70' title="bbox 582 4670 2179 4743; baseline -0.001 -16"><span class='ocrx_word' id='word_1_474' title='bbox 582 4689 613 4727; x_wconf 88' lang='lat' dir='ltr'><strong>a</strong></span> <span class='ocrx_word' id='word_1_475' title='bbox 660 4673 883 4727; x_wconf 87' lang='lat' dir='ltr'><strong>concilii</strong></span> <span class='ocrx_word' id='word_1_476' title='bbox 923 4672 1181 4727; x_wconf 87' lang='lat' dir='ltr'><strong>Patribus</strong></span> <span class='ocrx_word' id='word_1_477' title='bbox 1230 4672 1337 4727; x_wconf 88' lang='lat' dir='ltr'><strong>fuit</strong></span> <span class='ocrx_word' id='word_1_478' title='bbox 1379 4673 1450 4728; x_wconf 89' lang='lat' dir='ltr'><strong>ob</strong></span> <span class='ocrx_word' id='word_1_479' title='bbox 1517 4671 1850 4743; x_wconf 87' lang='lat' dir='ltr'><strong>Eutycbiani</strong></span> <span class='ocrx_word' id='word_1_480' title='bbox 1905 4670 2179 4741; x_wconf 89' lang='lat' dir='ltr'><strong>dogmatis</strong></span> 
     </span>
    </p>
   </div>
   <div class='ocr_carea' id='block_1_71' title="bbox 582 4764 2178 4836">
    <p class='ocr_par' dir='ltr' id='par_1_71' title="bbox 582 4764 2178 4836">
     <span class='ocr_line' id='line_1_71' title="bbox 582 4764 2178 4836; baseline -0.002 -16"><span class='ocrx_word' id='word_1_481' title='bbox 582 4766 980 4836; x_wconf 83' lang='lat' dir='ltr'><strong>suspicionem,</strong></span> <span class='ocrx_word' id='word_1_482' title='bbox 1012 4766 1065 4820; x_wconf 94' lang='lat' dir='ltr'><strong>in</strong></span> <span class='ocrx_word' id='word_1_483' title='bbox 1095 4781 1260 4835; x_wconf 91' lang='lat' dir='ltr'><strong>quam</strong></span> <span class='ocrx_word' id='word_1_484' title='bbox 1295 4766 1568 4821; x_wconf 88' lang='lat' dir='ltr'><strong>inciderat</strong></span> <span class='ocrx_word' id='word_1_485' title='bbox 1599 4782 1613 4825; x_wconf 88' lang='lat'><strong>;</strong></span> <span class='ocrx_word' id='word_1_486' title='bbox 1641 4764 1737 4819; x_wconf 86' lang='lat' dir='ltr'><strong>sed</strong></span> <span class='ocrx_word' id='word_1_487' title='bbox 1766 4779 1892 4817; x_wconf 89' lang='lat' dir='ltr'><strong>cum</strong></span> <span class='ocrx_word' id='word_1_488' title='bbox 1920 4778 2178 4818; x_wconf 87' lang='lat' dir='ltr'><strong>recusas—</strong></span> 
     </span>
    </p>
   </div>
   <div class='ocr_carea' id='block_1_72' title="bbox 584 4854 2186 4928">
    <p class='ocr_par' dir='ltr' id='par_1_72' title="bbox 584 4854 2186 4928">
     <span class='ocr_line' id='line_1_72' title="bbox 584 4854 2186 4928; baseline -0.003 -16"><span class='ocrx_word' id='word_1_489' title='bbox 584 4867 669 4913; x_wconf 88' lang='lat' dir='ltr'><strong>set</strong></span> <span class='ocrx_word' id='word_1_490' title='bbox 714 4873 932 4927; x_wconf 88' lang='lat' dir='ltr'><strong>parere,</strong></span> <span class='ocrx_word' id='word_1_491' title='bbox 990 4873 1047 4912; x_wconf 88' lang='lat' dir='ltr'><strong>se</strong></span> <span class='ocrx_word' id='word_1_492' title='bbox 1109 4873 1318 4928; x_wconf 90' lang='lat' dir='ltr'><strong>suaque</strong></span> <span class='ocrx_word' id='word_1_493' title='bbox 1373 4873 1566 4912; x_wconf 90' lang='lat' dir='ltr'><strong>eorum</strong></span> <span class='ocrx_word' id='word_1_494' title='bbox 1616 4854 1964 4925; x_wconf 87' lang='lat' dir='ltr'><strong>inquisitioni</strong></span> <span class='ocrx_word' id='word_1_495' title='bbox 2013 4854 2186 4924; x_wconf 86' lang='lat' dir='ltr'><strong>subji-</strong></span> 
     </span>
    </p>
   </div>
   <div class='ocr_carea' id='block_1_73' title="bbox 584 4934 2182 5011">
    <p class='ocr_par' dir='ltr' id='par_1_73' title="bbox 584 4934 2182 5011">
     <span class='ocr_line' id='line_1_73' title="bbox 584 4934 2182 5011; baseline -0.003 -10"><span class='ocrx_word' id='word_1_496' title='bbox 584 4947 757 5011; x_wconf 85' lang='lat' dir='ltr'><strong>ciens,</strong></span> <span class='ocrx_word' id='word_1_497' title='bbox 798 4948 992 5001; x_wconf 89' lang='lat' dir='ltr'><strong>incidit</strong></span> <span class='ocrx_word' id='word_1_498' title='bbox 1016 4948 1071 5002; x_wconf 87' lang='lat' dir='ltr'><strong>in</strong></span> <span class='ocrx_word' id='word_1_499' title='bbox 1099 4947 1247 5002; x_wconf 90' lang='lat' dir='ltr'><strong>aliud</strong></span> <span class='ocrx_word' id='word_1_500' title='bbox 1291 4934 1525 5009; x_wconf 75' lang='lat' dir='ltr'><strong>crimen,</strong></span> <span class='ocrx_word' id='word_1_501' title='bbox 1561 4944 1925 5000; x_wconf 67' lang='lat' dir='ltr'><strong>contumacia:</strong></span> <span class='ocrx_word' id='word_1_502' title='bbox 1946 4942 2182 5009; x_wconf 88' lang='lat' dir='ltr'><strong>scilicet,</strong></span> 
     </span>
    </p>
   </div>
   <div class='ocr_carea' id='block_1_74' title="bbox 586 5029 2186 5105">
    <p class='ocr_par' dir='ltr' id='par_1_74' title="bbox 586 5029 2186 5105">
     <span class='ocr_line' id='line_1_74' title="bbox 586 5029 2186 5105; baseline -0.003 -18"><span class='ocrx_word' id='word_1_503' title='bbox 586 5044 808 5104; x_wconf 62' lang='lat' dir='ltr'><strong>jropter</strong></span> <span class='ocrx_word' id='word_1_504' title='bbox 836 5035 985 5104; x_wconf 88' lang='lat' dir='ltr'><strong>quod</strong></span> <span class='ocrx_word' id='word_1_505' title='bbox 1015 5034 1284 5105; x_wconf 88' lang='lat' dir='ltr'><strong>peculiari</strong></span> <span class='ocrx_word' id='word_1_506' title='bbox 1314 5033 1589 5103; x_wconf 91' lang='lat' dir='ltr'><strong>supplicio</strong></span> <span class='ocrx_word' id='word_1_507' title='bbox 1629 5029 1862 5086; x_wconf 77' lang='lat' dir='ltr'><strong>allectus</strong></span> <span class='ocrx_word' id='word_1_508' title='bbox 1894 5039 1999 5095; x_wconf 90' lang='lat' dir='ltr'><strong>est,</strong></span> <span class='ocrx_word' id='word_1_509' title='bbox 2039 5039 2094 5085; x_wconf 92' lang='lat' dir='ltr'><strong>et</strong></span> <span class='ocrx_word' id='word_1_510' title='bbox 2118 5047 2186 5084; x_wconf 78' lang='lat' dir='ltr'><strong>ex</strong></span> 
     </span>
    </p>
   </div>
   <div class='ocr_carea' id='block_1_75' title="bbox 658 5146 2193 5220">
    <p class='ocr_par' dir='ltr' id='par_1_75' title="bbox 658 5146 2193 5220">
     <span class='ocr_line' id='line_1_75' title="bbox 658 5146 2193 5220; baseline -0.001 -20"><span class='ocrx_word' id='word_1_511' title='bbox 658 5150 766 5219; x_wconf 79' lang='lat' dir='ltr'><strong>(l9)</strong></span> <span class='ocrx_word' id='word_1_512' title='bbox 818 5151 875 5205; x_wconf 86' lang='lat' dir='ltr'><strong>Id</strong></span> <span class='ocrx_word' id='word_1_513' title='bbox 925 5150 1100 5220; x_wconf 88' lang='lat' dir='ltr'><strong>ipsum</strong></span> <span class='ocrx_word' id='word_1_514' title='bbox 1132 5160 1363 5206; x_wconf 86' lang='lat' dir='ltr'><strong>testatur</strong></span> <span class='ocrx_word' id='word_1_515' title='bbox 1415 5151 1558 5205; x_wconf 89' lang='lat' dir='ltr'><strong>idem</strong></span> <span class='ocrx_word' id='word_1_516' title='bbox 1596 5147 1869 5202; x_wconf 86' lang='lat' dir='ltr'><strong>Eusebius</strong></span> <span class='ocrx_word' id='word_1_517' title='bbox 1911 5157 1967 5201; x_wconf 92' lang='lat' dir='ltr'><strong>et</strong></span> <span class='ocrx_word' id='word_1_518' title='bbox 2018 5146 2108 5199; x_wconf 87' lang='lat' dir='ltr'><strong>lib.</strong></span> <span class='ocrx_word' id='word_1_519' title='bbox 2138 5162 2193 5199; x_wconf 82' lang='lat' dir='ltr'><strong>nr</strong></span> 
     </span>
    </p>
   </div>
   <div class='ocr_carea' id='block_1_76' title="bbox 591 5220 1348 5286">
    <p class='ocr_par' dir='ltr' id='par_1_76' title="bbox 591 5220 1348 5286">
     <span class='ocr_line' id='line_1_76' title="bbox 591 5220 1348 5286; baseline 0 -12"><span class='ocrx_word' id='word_1_520' title='bbox 591 5222 664 5274; x_wconf 83' lang='lat' dir='ltr'><strong>Dc</strong></span> <span class='ocrx_word' id='word_1_521' title='bbox 698 5220 813 5274; x_wconf 74' lang='lat' dir='ltr'><strong>Vita</strong></span> <span class='ocrx_word' id='word_1_522' title='bbox 851 5221 1129 5286; x_wconf 78' lang='lat' dir='ltr'><strong>Constan.,</strong></span> <span class='ocrx_word' id='word_1_523' title='bbox 1164 5238 1214 5275; x_wconf 89' lang='lat' dir='ltr'><strong>c.</strong></span> <span class='ocrx_word' id='word_1_524' title='bbox 1267 5222 1348 5274; x_wconf 74' lang='lat' dir='ltr'><strong>l3.</strong></span> 
     </span>
    </p>
   </div>
   <div class='ocr_carea' id='block_1_77' title="bbox 663 5291 1525 5361">
    <p class='ocr_par' dir='ltr' id='par_1_77' title="bbox 663 5291 1525 5361">
     <span class='ocr_line' id='line_1_77' title="bbox 663 5291 1525 5361; baseline 0.001 -18"><span class='ocrx_word' id='word_1_525' title='bbox 663 5291 775 5361; x_wconf 75' lang='lat'><strong>(‘20)</strong></span> <span class='ocrx_word' id='word_1_526' title='bbox 814 5292 889 5344; x_wconf 86' lang='lat' dir='ltr'><strong>De</strong></span> <span class='ocrx_word' id='word_1_527' title='bbox 921 5308 1029 5360; x_wconf 84' lang='lat' dir='ltr'><strong>qua</strong></span> <span class='ocrx_word' id='word_1_528' title='bbox 1057 5307 1223 5361; x_wconf 88' lang='lat' dir='ltr'><strong>supra</strong></span> <span class='ocrx_word' id='word_1_529' title='bbox 1264 5292 1525 5345; x_wconf 78' lang='lat' dir='ltr'><strong>diximus.</strong></span> 
     </span>
    </p>
   </div>
   <div class='ocr_carea' id='block_1_78' title="bbox 666 5355 2182 5432">
    <p class='ocr_par' dir='ltr' id='par_1_78' title="bbox 666 5355 2182 5432">
     <span class='ocr_line' id='line_1_78' title="bbox 666 5355 2182 5432; baseline -0.003 -20"><span class='ocrx_word' id='word_1_530' title='bbox 666 5355 776 5429; x_wconf 71' lang='lat'><strong>(2|)</strong></span> <span class='ocrx_word' id='word_1_531' title='bbox 810 5355 1023 5415; x_wconf 68' lang='lat' dir='ltr'><strong>Mortuo</strong></span> <span class='ocrx_word' id='word_1_532' title='bbox 1054 5355 1201 5417; x_wconf 86' lang='lat' dir='ltr'><strong>enim</strong></span> <span class='ocrx_word' id='word_1_533' title='bbox 1237 5362 1461 5432; x_wconf 82' lang='lat' dir='ltr'><strong>Cyrillo,</strong></span> <span class='ocrx_word' id='word_1_534' title='bbox 1519 5358 1912 5432; x_wconf 87' lang='lat' dir='ltr'><strong>Dioscorus__in</strong></span> <span class='ocrx_word' id='word_1_535' title='bbox 1944 5356 2064 5432; x_wconf 81' lang='lat' dir='ltr'><strong>ejus</strong></span> <span class='ocrx_word' id='word_1_536' title='bbox 2098 5355 2182 5432; x_wconf 78' lang='lat' dir='ltr'><strong>lo-</strong></span> 
     </span>
    </p>
   </div>
   <div class='ocr_carea' id='block_1_79' title="bbox 2210 4511 2264 4570">
    <p class='ocr_par' dir='ltr' id='par_1_79' title="bbox 2210 4511 2264 4570">
     <span class='ocr_line' id='line_1_79' title="bbox 2210 4511 2264 4570; baseline 0 0"><span class='ocrx_word' id='word_1_537' title='bbox 2210 4511 2264 4570; x_wconf 94' lang='lat' dir='ltr'><strong>D</strong></span> 
     </span>
    </p>
   </div>
   <div class='ocr_carea' id='block_1_80' title="bbox 2287 2555 3864 2631">
    <p class='ocr_par' dir='ltr' id='par_1_80' title="bbox 2287 2555 3864 2631">
     <span class='ocr_line' id='line_1_80' title="bbox 2287 2555 3864 2631; baseline -0.005 -17"><span class='ocrx_word' id='word_1_538' title='bbox 2287 2559 2669 2631; x_wconf 74' lang='grc' dir='ltr'>Ἀλεξανδρείᾳ</span> <span class='ocrx_word' id='word_1_539' title='bbox 2700 2558 2813 2611; x_wconf 82' lang='grc' dir='ltr'>δντι</span> <span class='ocrx_word' id='word_1_540' title='bbox 2845 2558 3005 2628; x_wconf 78' lang='grc' dir='ltr'>πάπᾳ</span> <span class='ocrx_word' id='word_1_541' title='bbox 3037 2556 3190 2621; x_wconf 79' lang='grc' dir='ltr'>ποτὲ,</span> <span class='ocrx_word' id='word_1_542' title='bbox 3232 2556 3289 2619; x_wconf 82' lang='grc' dir='ltr'>ὃς</span> <span class='ocrx_word' id='word_1_543' title='bbox 3334 2557 3446 2619; x_wconf 79' lang='grc' dir='ltr'>τοῖς</span> <span class='ocrx_word' id='word_1_544' title='bbox 3476 2555 3864 2624; x_wconf 81' lang='grc' dir='ltr'>Νεστοριανοίς</span> 
     </span>
    </p>
   </div>
   <div class='ocr_carea' id='block_1_81' title="bbox 2277 2632 3867 2719">
    <p class='ocr_par' dir='ltr' id='par_1_81' title="bbox 2277 2632 3867 2719">
     <span class='ocr_line' id='line_1_81' title="bbox 2277 2632 3867 2719; baseline -0.004 -15"><span class='ocrx_word' id='word_1_545' title='bbox 2277 2652 2559 2705; x_wconf 83' lang='grc' dir='ltr'>άντέκειτο</span> <span class='ocrx_word' id='word_1_546' title='bbox 2586 2650 2726 2719; x_wconf 83' lang='grc' dir='ltr'>άγαν</span> <span class='ocrx_word' id='word_1_547' title='bbox 2762 2632 3019 2719; x_wconf 70' lang='grc' dir='ltr'>δόγμασιὲ</span> <span class='ocrx_word' id='word_1_548' title='bbox 3055 2647 3149 2701; x_wconf 78' lang='grc' dir='ltr'>καὶ</span> <span class='ocrx_word' id='word_1_549' title='bbox 3192 2647 3301 2717; x_wconf 80' lang='grc' dir='ltr'><strong>γάρ</strong></span> <span class='ocrx_word' id='word_1_550' title='bbox 3329 2645 3481 2700; x_wconf 84' lang='grc' dir='ltr'>τόνδε</span> <span class='ocrx_word' id='word_1_551' title='bbox 3517 2647 3618 2699; x_wconf 72' lang='grc' dir='ltr'>οὐκ</span> <span class='ocrx_word' id='word_1_552' title='bbox 3650 2644 3867 2713; x_wconf 81' lang='grc' dir='ltr'>ἀλόγως</span> 
     </span>
    </p>
   </div>
   <div class='ocr_carea' id='block_1_82' title="bbox 2278 2735 3869 2812">
    <p class='ocr_par' dir='ltr' id='par_1_82' title="bbox 2278 2735 3869 2812">
     <span class='ocr_line' id='line_1_82' title="bbox 2278 2735 3869 2812; baseline -0.003 -17"><span class='ocrx_word' id='word_1_553' title='bbox 2278 2742 2499 2810; x_wconf 77' lang='grc' dir='ltr'>ἐξέϐαλε</span> <span class='ocrx_word' id='word_1_554' title='bbox 2540 2741 2631 2795; x_wconf 83' lang='grc' dir='ltr'><strong>τοῦ</strong></span> <span class='ocrx_word' id='word_1_555' title='bbox 2664 2740 2855 2812; x_wconf 87' lang='grc' dir='ltr'>θρόνου</span> <span class='ocrx_word' id='word_1_556' title='bbox 2890 2739 3071 2811; x_wconf 86' lang='grc' dir='ltr'>μόνον,</span> <span class='ocrx_word' id='word_1_557' title='bbox 3100 2739 3175 2802; x_wconf 86' lang='grc' dir='ltr'>ὡς</span> <span class='ocrx_word' id='word_1_558' title='bbox 3201 2738 3380 2811; x_wconf 83' lang='grc' dir='ltr'>ἐχθρῷ</span> <span class='ocrx_word' id='word_1_559' title='bbox 3405 2738 3709 2809; x_wconf 69' lang='grc' dir='ltr'>Νεπορῖου</span> <span class='ocrx_word' id='word_1_560' title='bbox 3739 2735 3869 2790; x_wconf 81' lang='grc' dir='ltr'>τού-</span> 
     </span>
    </p>
   </div>
   <div class='ocr_carea' id='block_1_83' title="bbox 2282 2828 3871 2904">
    <p class='ocr_par' dir='ltr' id='par_1_83' title="bbox 2282 2828 3871 2904">
     <span class='ocr_line' id='line_1_83' title="bbox 2282 2828 3871 2904; baseline 0.001 -21"><span class='ocrx_word' id='word_1_561' title='bbox 2282 2852 2362 2904; x_wconf 84' lang='grc' dir='ltr'>τῳ</span> <span class='ocrx_word' id='word_1_562' title='bbox 2425 2833 2700 2904; x_wconf 82' lang='grc' dir='ltr'>μηνίσασα</span> <span class='ocrx_word' id='word_1_563' title='bbox 2729 2848 2741 2861; x_wconf 94' lang='grc'><strong>·</strong></span> <span class='ocrx_word' id='word_1_564' title='bbox 2792 2831 2931 2885; x_wconf 81' lang='grc' dir='ltr'>άλλά</span> <span class='ocrx_word' id='word_1_565' title='bbox 2959 2848 3104 2894; x_wconf 85' lang='grc' dir='ltr'>τινες</span> <span class='ocrx_word' id='word_1_566' title='bbox 3149 2830 3329 2885; x_wconf 82' lang='grc' dir='ltr'>αὐτῶν</span> <span class='ocrx_word' id='word_1_567' title='bbox 3366 2828 3582 2886; x_wconf 78' lang='grc' dir='ltr'>τοιῶνδε</span> <span class='ocrx_word' id='word_1_568' title='bbox 3629 2844 3871 2898; x_wconf 74' lang='grc' dir='ltr'>συνηγο-</span> 
     </span>
    </p>
   </div>
   <div class='ocr_carea' id='block_1_84' title="bbox 2285 2921 3872 2998">
    <p class='ocr_par' dir='ltr' id='par_1_84' title="bbox 2285 2921 3872 2998">
     <span class='ocr_line' id='line_1_84' title="bbox 2285 2921 3872 2998; baseline -0.004 -18"><span class='ocrx_word' id='word_1_569' title='bbox 2285 2926 2417 2998; x_wconf 89' lang='grc' dir='ltr'>ριῶν</span> <span class='ocrx_word' id='word_1_570' title='bbox 2441 2925 2729 2997; x_wconf 76' lang='grc' dir='ltr'>ῥητορικαὶ</span> <span class='ocrx_word' id='word_1_571' title='bbox 2760 2925 3254 2996; x_wconf 82' lang='grc' dir='ltr'>παραγραφαὶ,καί</span> <span class='ocrx_word' id='word_1_572' title='bbox 3281 2922 3550 2988; x_wconf 70' lang='grc' dir='ltr'>διαϐολαὶ,</span> <span class='ocrx_word' id='word_1_573' title='bbox 3572 2921 3872 2994; x_wconf 61' lang='grc' dir='ltr'>Τερτύὶλῳ</span> 
     </span>
    </p>
   </div>
   <div class='ocr_carea' id='block_1_85' title="bbox 2280 3010 3869 3088">
    <p class='ocr_par' dir='ltr' id='par_1_85' title="bbox 2280 3010 3869 3088">
     <span class='ocr_line' id='line_1_85' title="bbox 2280 3010 3869 3088; baseline -0.002 -19"><span class='ocrx_word' id='word_1_574' title='bbox 2280 3016 2358 3088; x_wconf 81' lang='grc' dir='ltr'><strong>τῷ</strong></span> <span class='ocrx_word' id='word_1_575' title='bbox 2395 3017 2536 3088; x_wconf 71' lang='grc' dir='ltr'>ὑπὲρ</span> <span class='ocrx_word' id='word_1_576' title='bbox 2579 3014 2850 3070; x_wconf 80' lang='grc' dir='ltr'>Ἰουδαίων</span> <span class='ocrx_word' id='word_1_577' title='bbox 2885 3015 3098 3084; x_wconf 86' lang='grc' dir='ltr'>λέγοντι</span> <span class='ocrx_word' id='word_1_578' title='bbox 3139 3014 3283 3069; x_wconf 82' lang='grc' dir='ltr'>κατὰ</span> <span class='ocrx_word' id='word_1_579' title='bbox 3320 3014 3532 3068; x_wconf 81' lang='grc' dir='ltr'>Παύλου</span> <span class='ocrx_word' id='word_1_580' title='bbox 3571 3014 3707 3085; x_wconf 71' lang='grc' dir='ltr'>πρ³ς</span> <span class='ocrx_word' id='word_1_581' title='bbox 3751 3010 3869 3076; x_wconf 70' lang='grc' dir='ltr'><strong>Φή-</strong></span> 
     </span>
    </p>
   </div>
   <div class='ocr_carea' id='block_1_86' title="bbox 2283 3107 2835 3179">
    <p class='ocr_par' dir='ltr' id='par_1_86' title="bbox 2283 3107 2835 3179">
     <span class='ocr_line' id='line_1_86' title="bbox 2283 3107 2835 3179; baseline -0.004 -17"><span class='ocrx_word' id='word_1_582' title='bbox 2283 3109 2412 3163; x_wconf 83' lang='grc' dir='ltr'>λικα</span> <span class='ocrx_word' id='word_1_583' title='bbox 2444 3107 2774 3179; x_wconf 85' lang='grc' dir='ltr'>πρέπουσαι.</span> <span class='ocrx_word' id='word_1_584' title='bbox 2814 3125 2835 3160; x_wconf 75' lang='grc' dir='ltr'><strong>ι</strong></span> 
     </span>
    </p>
   </div>
   <div class='ocr_carea' id='block_1_87' title="bbox 2356 3282 3871 3359">
    <p class='ocr_par' dir='ltr' id='par_1_87' title="bbox 2356 3282 3871 3359">
     <span class='ocr_line' id='line_1_87' title="bbox 2356 3282 3871 3359; baseline -0.004 -18"><span class='ocrx_word' id='word_1_585' title='bbox 2356 3286 2498 3359; x_wconf 78' lang='grc' dir='ltr'>Πρὸς</span> <span class='ocrx_word' id='word_1_586' title='bbox 2555 3286 2890 3358; x_wconf 78' lang='grc' dir='ltr'>ὑποσύλησιν</span> <span class='ocrx_word' id='word_1_587' title='bbox 2942 3286 3051 3357; x_wconf 84' lang='grc' dir='ltr'>γὰρ</span> <span class='ocrx_word' id='word_1_588' title='bbox 3090 3286 3201 3340; x_wconf 86' lang='grc' dir='ltr'><strong>τῶν</strong></span> <span class='ocrx_word' id='word_1_589' title='bbox 3250 3284 3600 3355; x_wconf 72' lang='grc' dir='ltr'>κουφοτέρων</span> <span class='ocrx_word' id='word_1_590' title='bbox 3660 3282 3871 3355; x_wconf 82' lang='grc' dir='ltr'>κριτῶν</span> 
     </span>
    </p>
   </div>
   <div class='ocr_carea' id='block_1_88' title="bbox 2283 3375 3874 3451">
    <p class='ocr_par' dir='ltr' id='par_1_88' title="bbox 2283 3375 3874 3451">
     <span class='ocr_line' id='line_1_88' title="bbox 2283 3375 3874 3451; baseline -0.004 -18"><span class='ocrx_word' id='word_1_591' title='bbox 2283 3381 2422 3433; x_wconf 74' lang='grc' dir='ltr'>εἰσιν</span> <span class='ocrx_word' id='word_1_592' title='bbox 2446 3379 2791 3451; x_wconf 75' lang='grc' dir='ltr'>ἐξευρημένα</span> <span class='ocrx_word' id='word_1_593' title='bbox 2819 3380 2888 3434; x_wconf 85' lang='grc' dir='ltr'><strong>τά</strong></span> <span class='ocrx_word' id='word_1_594' title='bbox 2909 3379 3107 3433; x_wconf 85' lang='grc' dir='ltr'>τοιάδε·</span> <span class='ocrx_word' id='word_1_595' title='bbox 3133 3380 3427 3450; x_wconf 89' lang='grc' dir='ltr'>Διόσκορον</span> <span class='ocrx_word' id='word_1_596' title='bbox 3453 3378 3561 3448; x_wconf 76' lang='grc' dir='ltr'><strong>γάρ</strong></span> <span class='ocrx_word' id='word_1_597' title='bbox 3588 3377 3663 3440; x_wconf 89' lang='grc' dir='ltr'><strong>ώς</strong></span> <span class='ocrx_word' id='word_1_598' title='bbox 3696 3375 3874 3429; x_wconf 82' lang='grc' dir='ltr'>Εὐτυ-</span> 
     </span>
    </p>
   </div>
   <div class='ocr_carea' id='block_1_89' title="bbox 2282 3467 3847 3544">
    <p class='ocr_par' dir='ltr' id='par_1_89' title="bbox 2282 3467 3847 3544">
     <span class='ocr_line' id='line_1_89' title="bbox 2282 3467 3847 3544; baseline -0.004 -17"><span class='ocrx_word' id='word_1_599' title='bbox 2282 3475 2385 3544; x_wconf 83' lang='grc' dir='ltr'><strong>χέα</strong></span> <span class='ocrx_word' id='word_1_600' title='bbox 2419 3474 2519 3543; x_wconf 84' lang='grc' dir='ltr'>μὲν</span> <span class='ocrx_word' id='word_1_601' title='bbox 2545 3475 2635 3527; x_wconf 83' lang='grc' dir='ltr'>τὸν</span> <span class='ocrx_word' id='word_1_602' title='bbox 2668 3473 2983 3544; x_wconf 79' lang='grc' dir='ltr'>κακόφρονά</span> <span class='ocrx_word' id='word_1_603' title='bbox 3028 3472 3326 3542; x_wconf 81' lang='grc' dir='ltr'>δεξάμενον</span> <span class='ocrx_word' id='word_1_604' title='bbox 3369 3471 3507 3542; x_wconf 83' lang='grc' dir='ltr'>μετὰ</span> <span class='ocrx_word' id='word_1_605' title='bbox 3540 3469 3639 3541; x_wconf 74' lang='grc' dir='ltr'>τὴν</span> <span class='ocrx_word' id='word_1_606' title='bbox 3672 3467 3847 3522; x_wconf 53' lang='grc' dir='ltr'>καθαιν</span> 
     </span>
    </p>
   </div>
   <div class='ocr_carea' id='block_1_90' title="bbox 2288 3560 3872 3635">
    <p class='ocr_par' dir='ltr' id='par_1_90' title="bbox 2288 3560 3872 3635">
     <span class='ocr_line' id='line_1_90' title="bbox 2288 3560 3872 3635; baseline -0.003 -18"><span class='ocrx_word' id='word_1_607' title='bbox 2288 3580 2432 3635; x_wconf 84' lang='grc' dir='ltr'>ρεσιν</span> <span class='ocrx_word' id='word_1_608' title='bbox 2465 3563 2653 3628; x_wconf 78' lang='grc' dir='ltr'>αὐτοῦ,</span> <span class='ocrx_word' id='word_1_609' title='bbox 2698 3565 2791 3618; x_wconf 75' lang='grc' dir='ltr'>καὶ</span> <span class='ocrx_word' id='word_1_610' title='bbox 2819 3564 3302 3635; x_wconf 75' lang='grc' dir='ltr'>ἀναθεματισαντα</span> <span class='ocrx_word' id='word_1_611' title='bbox 3331 3565 3422 3617; x_wconf 77' lang='grc' dir='ltr'>τὸν</span> <span class='ocrx_word' id='word_1_612' title='bbox 3452 3563 3602 3616; x_wconf 83' lang='grc' dir='ltr'>ὅσιον</span> <span class='ocrx_word' id='word_1_613' title='bbox 3629 3560 3872 3613; x_wconf 66' lang='grc' dir='ltr'>Φλαυῖας-</span> 
     </span>
    </p>
   </div>
   <div class='ocr_carea' id='block_1_91' title="bbox 2284 3649 3871 3725">
    <p class='ocr_par' dir='ltr' id='par_1_91' title="bbox 2284 3649 3871 3725">
     <span class='ocr_line' id='line_1_91' title="bbox 2284 3649 3871 3725; baseline -0.004 -16"><span class='ocrx_word' id='word_1_614' title='bbox 2284 3656 2411 3719; x_wconf 67' lang='grc' dir='ltr'>νὺν,</span> <span class='ocrx_word' id='word_1_615' title='bbox 2462 3655 2555 3708; x_wconf 80' lang='grc' dir='ltr'>τὸν</span> <span class='ocrx_word' id='word_1_616' title='bbox 2600 3654 2825 3718; x_wconf 77' lang='grc' dir='ltr'>δικαίως</span> <span class='ocrx_word' id='word_1_617' title='bbox 2880 3655 3041 3709; x_wconf 69' lang='grc' dir='ltr'>αὐτὸν</span> <span class='ocrx_word' id='word_1_618' title='bbox 3099 3654 3419 3725; x_wconf 85' lang='grc' dir='ltr'>καθάραντα</span> <span class='ocrx_word' id='word_1_619' title='bbox 3452 3649 3871 3724; x_wconf 71' lang='grc' dir='ltr'>[καθελόνταῖ]</span> 
     </span>
    </p>
   </div>
   <div class='ocr_carea' id='block_1_92' title="bbox 2284 3741 3873 3820">
    <p class='ocr_par' dir='ltr' id='par_1_92' title="bbox 2284 3741 3873 3820">
     <span class='ocr_line' id='line_1_92' title="bbox 2284 3741 3873 3820; baseline -0.004 -20"><span class='ocrx_word' id='word_1_620' title='bbox 2284 3746 2659 3820; x_wconf 64' lang='grc' dir='ltr'>προετρέψατο</span> <span class='ocrx_word' id='word_1_621' title='bbox 2699 3747 2875 3800; x_wconf 82' lang='grc' dir='ltr'>ἐλθεῖν</span> <span class='ocrx_word' id='word_1_622' title='bbox 2911 3749 2993 3811; x_wconf 76' lang='grc' dir='ltr'>εἰς</span> <span class='ocrx_word' id='word_1_623' title='bbox 3025 3748 3312 3817; x_wconf 82' lang='grc' dir='ltr'>ἀνάκρισιν</span> <span class='ocrx_word' id='word_1_624' title='bbox 3338 3746 3443 3798; x_wconf 85' lang='grc' dir='ltr'><strong>τῶν</strong></span> <span class='ocrx_word' id='word_1_625' title='bbox 3478 3744 3598 3796; x_wconf 87' lang='grc' dir='ltr'>κατ’</span> <span class='ocrx_word' id='word_1_626' title='bbox 3624 3741 3789 3796; x_wconf 79' lang='grc' dir='ltr'>αὐτοῦ</span> <span class='ocrx_word' id='word_1_627' title='bbox 3834 3743 3873 3811; x_wconf 81' lang='grc' dir='ltr'>ἡ</span> 
     </span>
    </p>
   </div>
   <div class='ocr_carea' id='block_1_93' title="bbox 2288 3835 3877 3909">
    <p class='ocr_par' dir='ltr' id='par_1_93' title="bbox 2288 3835 3877 3909">
     <span class='ocr_line' id='line_1_93' title="bbox 2288 3835 3877 3909; baseline -0.005 -18"><span class='ocrx_word' id='word_1_628' title='bbox 2288 3838 2506 3903; x_wconf 83' lang='grc' dir='ltr'>σύνοδος</span> <span class='ocrx_word' id='word_1_629' title='bbox 2533 3838 2827 3909; x_wconf 82' lang='grc' dir='ltr'>διαφόρως,</span> <span class='ocrx_word' id='word_1_630' title='bbox 2857 3839 2950 3892; x_wconf 76' lang='grc' dir='ltr'>καὶ</span> <span class='ocrx_word' id='word_1_631' title='bbox 2980 3838 3347 3909; x_wconf 78' lang='grc' dir='ltr'>ἀλληνάλλως,</span> <span class='ocrx_word' id='word_1_632' title='bbox 3371 3835 3543 3906; x_wconf 73' lang='grc' dir='ltr'>ψευδῆ</span> <span class='ocrx_word' id='word_1_633' title='bbox 3569 3852 3629 3887; x_wconf 89' lang='grc' dir='ltr'><strong>τε</strong></span> <span class='ocrx_word' id='word_1_634' title='bbox 3657 3849 3877 3903; x_wconf 72' lang='grc' dir='ltr'>προφα-</span> 
     </span>
    </p>
   </div>
   <div class='ocr_carea' id='block_1_94' title="bbox 2288 3924 3878 4002">
    <p class='ocr_par' dir='ltr' id='par_1_94' title="bbox 2288 3924 3878 4002">
     <span class='ocr_line' id='line_1_94' title="bbox 2288 3924 3878 4002; baseline -0.006 -17"><span class='ocrx_word' id='word_1_635' title='bbox 2288 3931 2568 4001; x_wconf 74' lang='grc' dir='ltr'>σιζόμενον</span> <span class='ocrx_word' id='word_1_636' title='bbox 2598 3931 2690 3983; x_wconf 79' lang='grc' dir='ltr'>ἐπὶ</span> <span class='ocrx_word' id='word_1_637' title='bbox 2713 3932 2780 4002; x_wconf 80' lang='grc' dir='ltr'>τῇ</span> <span class='ocrx_word' id='word_1_638' title='bbox 2810 3931 3055 4001; x_wconf 81' lang='grc' dir='ltr'>άναμονῇ</span> <span class='ocrx_word' id='word_1_639' title='bbox 3103 3929 3267 3983; x_wconf 75' lang='grc' dir='ltr'>αὑτοῦ</span> <span class='ocrx_word' id='word_1_640' title='bbox 3301 3932 3367 3999; x_wconf 80' lang='grc' dir='ltr'>τῇ</span> <span class='ocrx_word' id='word_1_641' title='bbox 3400 3927 3537 3997; x_wconf 71' lang='grc' dir='ltr'>πρὸς</span> <span class='ocrx_word' id='word_1_642' title='bbox 3557 3925 3654 3997; x_wconf 79' lang='grc' dir='ltr'>τὴν</span> <span class='ocrx_word' id='word_1_643' title='bbox 3682 3924 3878 3994; x_wconf 81' lang='grc' dir='ltr'>κλῆσιν</span> 
     </span>
    </p>
   </div>
   <div class='ocr_carea' id='block_1_95' title="bbox 2288 4014 3879 4092">
    <p class='ocr_par' dir='ltr' id='par_1_95' title="bbox 2288 4014 3879 4092">
     <span class='ocr_line' id='line_1_95' title="bbox 2288 4014 3879 4092; baseline -0.006 -18"><span class='ocrx_word' id='word_1_644' title='bbox 2288 4020 2605 4092; x_wconf 87' lang='grc' dir='ltr'>παραθέντα</span> <span class='ocrx_word' id='word_1_645' title='bbox 2630 4039 2644 4053; x_wconf 68' lang='grc' dir='ltr'><strong>ι</strong></span> <span class='ocrx_word' id='word_1_646' title='bbox 2675 4020 2901 4090; x_wconf 81' lang='grc' dir='ltr'>ὕστερον</span> <span class='ocrx_word' id='word_1_647' title='bbox 2928 4019 2985 4073; x_wconf 81' lang='grc' dir='ltr'>δὲ</span> <span class='ocrx_word' id='word_1_648' title='bbox 3031 4019 3125 4071; x_wconf 76' lang='grc' dir='ltr'>καὶ</span> <span class='ocrx_word' id='word_1_649' title='bbox 3150 4018 3344 4088; x_wconf 78' lang='grc' dir='ltr'>ἀνέδην</span> <span class='ocrx_word' id='word_1_650' title='bbox 3368 4017 3467 4070; x_wconf 82' lang='grc' dir='ltr'>οὐκ</span> <span class='ocrx_word' id='word_1_651' title='bbox 3505 4014 3728 4079; x_wconf 74' lang='grc' dir='ltr'>εἴξαντα</span> <span class='ocrx_word' id='word_1_652' title='bbox 3763 4029 3879 4066; x_wconf 78' lang='grc' dir='ltr'>πα-</span> 
     </span>
    </p>
   </div>
   <div class='ocr_carea' id='block_1_96' title="bbox 2290 4110 3290 4189">
    <p class='ocr_par' dir='ltr' id='par_1_96' title="bbox 2290 4110 3290 4189">
     <span class='ocr_line' id='line_1_96' title="bbox 2290 4110 3290 4189; baseline -0.005 -21"><span class='ocrx_word' id='word_1_653' title='bbox 2290 4114 2638 4189; x_wconf 79' lang='grc' dir='ltr'>ραγενέσθαι,</span> <span class='ocrx_word' id='word_1_654' title='bbox 2678 4112 2981 4184; x_wconf 81' lang='grc' dir='ltr'>τηνικαῦτα</span> <span class='ocrx_word' id='word_1_655' title='bbox 3016 4110 3290 4176; x_wconf 76' lang='grc' dir='ltr'>ἐξέϐαλον.</span> 
     </span>
    </p>
   </div>
   <div class='ocr_carea' id='block_1_97' title="bbox 2363 4198 3881 4274">
    <p class='ocr_par' dir='ltr' id='par_1_97' title="bbox 2363 4198 3881 4274">
     <span class='ocr_line' id='line_1_97' title="bbox 2363 4198 3881 4274; baseline -0.006 -15"><span class='ocrx_word' id='word_1_656' title='bbox 2363 4228 2379 4259; x_wconf 86' lang='grc' dir='ltr'><strong>ι</strong></span> <span class='ocrx_word' id='word_1_657' title='bbox 2436 4206 2556 4269; x_wconf 82' lang='grc' dir='ltr'>Πῶς</span> <span class='ocrx_word' id='word_1_658' title='bbox 2589 4202 2701 4269; x_wconf 77' lang='grc' dir='ltr'>οὖν,</span> <span class='ocrx_word' id='word_1_659' title='bbox 2736 4204 2919 4274; x_wconf 76' lang='grc' dir='ltr'>φησὶν,</span> <span class='ocrx_word' id='word_1_660' title='bbox 2956 4203 3093 4271; x_wconf 80' lang='grc' dir='ltr'>αὑτὴ</span> <span class='ocrx_word' id='word_1_661' title='bbox 3136 4205 3170 4271; x_wconf 80' lang='grc' dir='ltr'><strong>ἡ</strong></span> <span class='ocrx_word' id='word_1_662' title='bbox 3200 4201 3419 4263; x_wconf 78' lang='grc' dir='ltr'>σύνοδος</span> <span class='ocrx_word' id='word_1_663' title='bbox 3449 4200 3553 4269; x_wconf 77' lang='grc' dir='ltr'>ἔφη</span> <span class='ocrx_word' id='word_1_664' title='bbox 3582 4198 3881 4269; x_wconf 80' lang='grc' dir='ltr'>Διόσκορον</span> 
     </span>
    </p>
   </div>
   <div class='ocr_carea' id='block_1_98' title="bbox 2290 4290 3883 4373">
    <p class='ocr_par' dir='ltr' id='par_1_98' title="bbox 2290 4290 3883 4373">
     <span class='ocr_line' id='line_1_98' title="bbox 2290 4290 3883 4373; baseline -0.008 -19"><span class='ocrx_word' id='word_1_665' title='bbox 2290 4303 2364 4373; x_wconf 75' lang='grc' dir='ltr'>μὴ</span> <span class='ocrx_word' id='word_1_666' title='bbox 2395 4301 2482 4354; x_wconf 80' lang='grc' dir='ltr'>διὰ</span> <span class='ocrx_word' id='word_1_667' title='bbox 2518 4300 2694 4370; x_wconf 87' lang='grc' dir='ltr'>δόγμα</span> <span class='ocrx_word' id='word_1_668' title='bbox 2722 4298 3024 4367; x_wconf 71' lang='grc' dir='ltr'>καθεγοντα</span> <span class='ocrx_word' id='word_1_669' title='bbox 3053 4312 3066 4326; x_wconf 89' lang='grc'><strong>·</strong></span> <span class='ocrx_word' id='word_1_670' title='bbox 3103 4293 3217 4348; x_wconf 83' lang='grc' dir='ltr'>ἀλλ’</span> <span class='ocrx_word' id='word_1_671' title='bbox 3250 4296 3332 4348; x_wconf 84' lang='grc' dir='ltr'>ὅτι</span> <span class='ocrx_word' id='word_1_672' title='bbox 3368 4292 3609 4363; x_wconf 73' lang='grc' dir='ltr'>κληθεὶς,</span> <span class='ocrx_word' id='word_1_673' title='bbox 3630 4290 3732 4361; x_wconf 78' lang='grc' dir='ltr'><strong>οὐχ</strong></span> <span class='ocrx_word' id='word_1_674' title='bbox 3770 4291 3883 4343; x_wconf 84' lang='grc' dir='ltr'><strong>ὐπ-</strong></span> 
     </span>
    </p>
   </div>
   <div class='ocr_carea' id='block_1_99' title="bbox 2287 4396 2567 4466">
    <p class='ocr_par' dir='ltr' id='par_1_99' title="bbox 2287 4396 2567 4466">
     <span class='ocr_line' id='line_1_99' title="bbox 2287 4396 2567 4466; baseline -0.014 -20"><span class='ocrx_word' id='word_1_675' title='bbox 2287 4396 2516 4466; x_wconf 76' lang='grc' dir='ltr'>ἠκουσες</span> <span class='ocrx_word' id='word_1_676' title='bbox 2550 4410 2567 4442; x_wconf 75' lang='grc' dir='ltr'><strong>ι</strong></span> 
     </span>
    </p>
   </div>
   <div class='ocr_carea' id='block_1_100' title="bbox 2364 4552 3882 4635">
    <p class='ocr_par' dir='ltr' id='par_1_100' title="bbox 2364 4552 3882 4635">
     <span class='ocr_line' id='line_1_100' title="bbox 2364 4552 3882 4635; baseline -0.009 -16"><span class='ocrx_word' id='word_1_677' title='bbox 2364 4565 2473 4619; x_wconf 66' lang='grc' dir='ltr'><strong>Καὶ</strong></span> <span class='ocrx_word' id='word_1_678' title='bbox 2499 4564 2609 4635; x_wconf 80' lang='grc' dir='ltr'><strong>γάρ</strong></span> <span class='ocrx_word' id='word_1_679' title='bbox 2633 4563 2826 4627; x_wconf 83' lang='grc' dir='ltr'>δντως,</span> <span class='ocrx_word' id='word_1_680' title='bbox 2864 4555 2909 4615; x_wconf 80' lang='grc' dir='ltr'><strong>ὦ</strong></span> <span class='ocrx_word' id='word_1_681' title='bbox 2943 4553 3112 4625; x_wconf 73' lang='grc' dir='ltr'>οὗτοι,</span> <span class='ocrx_word' id='word_1_682' title='bbox 3149 4558 3356 4628; x_wconf 79' lang='grc' dir='ltr'>ἐκλήθη</span> <span class='ocrx_word' id='word_1_683' title='bbox 3400 4557 3498 4628; x_wconf 80' lang='grc' dir='ltr'>μὲν</span> <span class='ocrx_word' id='word_1_684' title='bbox 3524 4555 3625 4608; x_wconf 82' lang='grc' dir='ltr'>διὰ</span> <span class='ocrx_word' id='word_1_685' title='bbox 3655 4552 3753 4625; x_wconf 84' lang='grc' dir='ltr'>τὴν</span> <span class='ocrx_word' id='word_1_686' title='bbox 3780 4553 3882 4606; x_wconf 78' lang='grc' dir='ltr'><strong>τοῦ</strong></span> 
     </span>
    </p>
   </div>
   <div class='ocr_carea' id='block_1_101' title="bbox 2292 4645 3885 4728">
    <p class='ocr_par' dir='ltr' id='par_1_101' title="bbox 2292 4645 3885 4728">
     <span class='ocr_line' id='line_1_101' title="bbox 2292 4645 3885 4728; baseline -0.009 -17"><span class='ocrx_word' id='word_1_687' title='bbox 2292 4657 2464 4711; x_wconf 77' lang='grc' dir='ltr'>κακοῦ</span> <span class='ocrx_word' id='word_1_688' title='bbox 2506 4658 2775 4728; x_wconf 83' lang='grc' dir='ltr'>δόγματος</span> <span class='ocrx_word' id='word_1_689' title='bbox 2824 4652 3097 4725; x_wconf 77' lang='grc' dir='ltr'>Εὑτυχοῦς</span> <span class='ocrx_word' id='word_1_690' title='bbox 3128 4651 3386 4722; x_wconf 68' lang='grc' dir='ltr'>ύποψιανσ</span> <span class='ocrx_word' id='word_1_691' title='bbox 3435 4649 3511 4720; x_wconf 77' lang='grc' dir='ltr'>μὴ</span> <span class='ocrx_word' id='word_1_692' title='bbox 3557 4645 3885 4710; x_wconf 79' lang='grc' dir='ltr'>ὑπακούσας</span> 
     </span>
    </p>
   </div>
   <div class='ocr_carea' id='block_1_102' title="bbox 2284 4740 3885 4817">
    <p class='ocr_par' dir='ltr' id='par_1_102' title="bbox 2284 4740 3885 4817">
     <span class='ocr_line' id='line_1_102' title="bbox 2284 4740 3885 4817; baseline -0.008 -14"><span class='ocrx_word' id='word_1_693' title='bbox 2284 4751 2364 4817; x_wconf 76' lang='grc' dir='ltr'>δὲ,</span> <span class='ocrx_word' id='word_1_694' title='bbox 2402 4750 2495 4802; x_wconf 65' lang='grc' dir='ltr'>καὶ</span> <span class='ocrx_word' id='word_1_695' title='bbox 2542 4751 2732 4813; x_wconf 78' lang='grc' dir='ltr'>ἐκδοὺς</span> <span class='ocrx_word' id='word_1_696' title='bbox 2766 4751 2846 4811; x_wconf 83' lang='grc' dir='ltr'>εἰς</span> <span class='ocrx_word' id='word_1_697' title='bbox 2883 4747 3115 4817; x_wconf 83' lang='grc' dir='ltr'>βάσανον</span> <span class='ocrx_word' id='word_1_698' title='bbox 3154 4745 3215 4797; x_wconf 77' lang='grc' dir='ltr'>τὸ</span> <span class='ocrx_word' id='word_1_699' title='bbox 3261 4743 3384 4796; x_wconf 81' lang='grc' dir='ltr'>καθ’</span> <span class='ocrx_word' id='word_1_700' title='bbox 3416 4740 3601 4805; x_wconf 76' lang='grc' dir='ltr'>αὑτὸν,</span> <span class='ocrx_word' id='word_1_701' title='bbox 3634 4743 3885 4809; x_wconf 73' lang='grc' dir='ltr'>προϋπο-</span> 
     </span>
    </p>
   </div>
   <div class='ocr_carea' id='block_1_103' title="bbox 2289 4834 3881 4913">
    <p class='ocr_par' dir='ltr' id='par_1_103' title="bbox 2289 4834 3881 4913">
     <span class='ocr_line' id='line_1_103' title="bbox 2289 4834 3881 4913; baseline -0.009 -16"><span class='ocrx_word' id='word_1_702' title='bbox 2289 4843 2546 4896; x_wconf 85' lang='grc' dir='ltr'>πέπτωκε</span> <span class='ocrx_word' id='word_1_703' title='bbox 2584 4843 2679 4895; x_wconf 69' lang='grc' dir='ltr'>καὶ</span> <span class='ocrx_word' id='word_1_704' title='bbox 2724 4842 2895 4913; x_wconf 79' lang='grc' dir='ltr'>ἑτέρῳ</span> <span class='ocrx_word' id='word_1_705' title='bbox 2946 4838 3293 4908; x_wconf 78' lang='grc' dir='ltr'>ἐγκλήματι,</span> <span class='ocrx_word' id='word_1_706' title='bbox 3334 4834 3412 4904; x_wconf 81' lang='grc' dir='ltr'>τῷ</span> <span class='ocrx_word' id='word_1_707' title='bbox 3441 4835 3541 4904; x_wconf 74' lang='grc' dir='ltr'>τῆς</span> <span class='ocrx_word' id='word_1_708' title='bbox 3569 4834 3881 4903; x_wconf 83' lang='grc' dir='ltr'>παρακοῆς,</span> 
     </span>
    </p>
   </div>
   <div class='ocr_carea' id='block_1_104' title="bbox 2289 4926 3885 5007">
    <p class='ocr_par' dir='ltr' id='par_1_104' title="bbox 2289 4926 3885 5007">
     <span class='ocr_line' id='line_1_104' title="bbox 2289 4926 3885 5007; baseline -0.009 -17"><span class='ocrx_word' id='word_1_709' title='bbox 2289 4937 2429 5007; x_wconf 73' lang='grc' dir='ltr'>ὑπὲρ</span> <span class='ocrx_word' id='word_1_710' title='bbox 2474 4931 2533 4989; x_wconf 77' lang='grc' dir='ltr'><strong>οὗ</strong></span> <span class='ocrx_word' id='word_1_711' title='bbox 2564 4936 2772 5005; x_wconf 78' lang='grc' dir='ltr'>καὶτῆς</span> <span class='ocrx_word' id='word_1_712' title='bbox 2809 4932 2951 4987; x_wconf 65' lang='grc' dir='ltr'>κατὰ</span> <span class='ocrx_word' id='word_1_713' title='bbox 2985 4935 3112 4995; x_wconf 71' lang='grc' dir='ltr'>τοὺς</span> <span class='ocrx_word' id='word_1_714' title='bbox 3146 4930 3381 4992; x_wconf 80' lang='grc' dir='ltr'>κανόνας</span> <span class='ocrx_word' id='word_1_715' title='bbox 3416 4926 3649 4998; x_wconf 83' lang='grc' dir='ltr'>μερικῆς</span> <span class='ocrx_word' id='word_1_716' title='bbox 3686 4926 3885 4977; x_wconf 74' lang='grc' dir='ltr'>τέτευ-</span> 
     </span>
    </p>
   </div>
   <div class='ocr_carea' id='block_1_105' title="bbox 2290 5014 3883 5101">
    <p class='ocr_par' dir='ltr' id='par_1_105' title="bbox 2290 5014 3883 5101">
     <span class='ocr_line' id='line_1_105' title="bbox 2290 5014 3883 5101; baseline -0.009 -20"><span class='ocrx_word' id='word_1_717' title='bbox 2290 5048 2383 5101; x_wconf 75' lang='grc' dir='ltr'><strong>χεν</strong></span> <span class='ocrx_word' id='word_1_718' title='bbox 2428 5028 2664 5100; x_wconf 71' lang='grc' dir='ltr'>ἀμοιϐῆς</span> <span class='ocrx_word' id='word_1_719' title='bbox 2719 5024 3145 5097; x_wconf 63' lang='grc' dir='ltr'>ἐκϐεϐλημένος</span> <span class='ocrx_word' id='word_1_720' title='bbox 3185 5022 3325 5091; x_wconf 81' lang='grc' dir='ltr'>πλὴν</span> <span class='ocrx_word' id='word_1_721' title='bbox 3362 5020 3463 5072; x_wconf 75' lang='grc' dir='ltr'>οὐκ</span> <span class='ocrx_word' id='word_1_722' title='bbox 3501 5021 3560 5073; x_wconf 84' lang='grc' dir='ltr'><strong>ἐν</strong></span> <span class='ocrx_word' id='word_1_723' title='bbox 3606 5016 3742 5087; x_wconf 84' lang='grc' dir='ltr'>τῷδε</span> <span class='ocrx_word' id='word_1_724' title='bbox 3783 5014 3883 5068; x_wconf 79' lang='grc' dir='ltr'><strong>τοῦ</strong></span> 
     </span>
    </p>
   </div>
   <div class='ocr_carea' id='block_1_106' title="bbox 2295 5131 3883 5219">
    <p class='ocr_par' dir='ltr' id='par_1_106' title="bbox 2295 5131 3883 5219">
     <span class='ocr_line' id='line_1_106' title="bbox 2295 5131 3883 5219; baseline -0.013 -15"><span class='ocrx_word' id='word_1_725' title='bbox 2295 5147 2553 5219; x_wconf 90' lang='lat' dir='ltr'><strong>deposuit</strong></span> <span class='ocrx_word' id='word_1_726' title='bbox 2581 5147 2638 5201; x_wconf 90' lang='lat' dir='ltr'><strong>in</strong></span> <span class='ocrx_word' id='word_1_727' title='bbox 2672 5146 2808 5219; x_wconf 82' lang='lat' dir='ltr'><strong>falso</strong></span> <span class='ocrx_word' id='word_1_728' title='bbox 2837 5138 3420 5219; x_wconf 54' lang='lat' dir='ltr'><strong>_conc_ilio__l§phesino,</strong></span> <span class='ocrx_word' id='word_1_729' title='bbox 3444 5131 3883 5191; x_wconf 86' lang='lat' dir='ltr'><strong>reclamantibus</strong></span> 
     </span>
    </p>
   </div>
   <div class='ocr_carea' id='block_1_107' title="bbox 2294 5211 3614 5284">
    <p class='ocr_par' dir='ltr' id='par_1_107' title="bbox 2294 5211 3614 5284">
     <span class='ocr_line' id='line_1_107' title="bbox 2294 5211 3614 5284; baseline -0.002 -10"><span class='ocrx_word' id='word_1_730' title='bbox 2294 5211 2495 5274; x_wconf 78' lang='lat' dir='ltr'><strong>summi</strong></span> <span class='ocrx_word' id='word_1_731' title='bbox 2527 5215 2812 5273; x_wconf 78' lang='lat' dir='ltr'><strong>Pontiﬁcis</strong></span> <span class='ocrx_word' id='word_1_732' title='bbox 2837 5214 3049 5283; x_wconf 87' lang='lat' dir='ltr'><strong>legatis.</strong></span> <span class='ocrx_word' id='word_1_733' title='bbox 3081 5211 3244 5284; x_wconf 66' lang='lat' dir='ltr'><strong>Ibid._</strong></span> <span class='ocrx_word' id='word_1_734' title='bbox 3504 5277 3516 5284; x_wconf 88' lang='lat'>_</span> <span class='ocrx_word' id='word_1_735' title='bbox 3554 5274 3614 5284; x_wconf 45' lang='grc' dir='ltr'><strong><em>ω</em></strong></span> 
     </span>
    </p>
   </div>
   <div class='ocr_carea' id='block_1_108' title="bbox 2364 5274 3880 5357">
    <p class='ocr_par' dir='ltr' id='par_1_108' title="bbox 2364 5274 3880 5357">
     <span class='ocr_line' id='line_1_108' title="bbox 2364 5274 3880 5357; baseline -0.013 -14"><span class='ocrx_word' id='word_1_736' title='bbox 2364 5289 2471 5357; x_wconf 73' lang='lat'><strong>(‘25)</strong></span> <span class='ocrx_word' id='word_1_737' title='bbox 2505 5289 2732 5342; x_wconf 89' lang='lat' dir='ltr'><strong>Trinam</strong></span> <span class='ocrx_word' id='word_1_738' title='bbox 2762 5274 2920 5339; x_wconf 65' lang='lat' dir='ltr'><strong>enini</strong></span> <span class='ocrx_word' id='word_1_739' title='bbox 2964 5281 3181 5337; x_wconf 89' lang='lat' dir='ltr'><strong>concilii</strong></span> <span class='ocrx_word' id='word_1_740' title='bbox 3215 5280 3412 5357; x_wconf 70' lang='lat' dir='ltr'><strong>Patres</strong></span> <span class='ocrx_word' id='word_1_741' title='bbox 3454 5277 3519 5331; x_wconf 89' lang='lat' dir='ltr'><strong>ad</strong></span> <span class='ocrx_word' id='word_1_742' title='bbox 3554 5274 3880 5357; x_wconf 76' lang='lat' dir='ltr'><strong>Dioscorum</strong></span> 
     </span>
    </p>
   </div>
   <div class='ocr_carea' id='block_1_109' title="bbox 2288 5342 3882 5431">
    <p class='ocr_par' dir='ltr' id='par_1_109' title="bbox 2288 5342 3882 5431">
     <span class='ocr_line' id='line_1_109' title="bbox 2288 5342 3882 5431; baseline -0.013 -17"><span class='ocrx_word' id='word_1_743' title='bbox 2288 5342 2635 5431; x_wconf 15' lang='lat' dir='ltr'><strong>legationem,</strong></span> <span class='ocrx_word' id='word_1_744' title='bbox 2654 5358 2946 5431; x_wconf 68' lang='lat' dir='ltr'><strong>miserunt,</strong></span> <span class='ocrx_word' id='word_1_745' title='bbox 2969 5369 3075 5431; x_wconf 61' lang='lat' dir='ltr'><strong>una</strong></span> <span class='ocrx_word' id='word_1_746' title='bbox 3097 5367 3287 5431; x_wconf 77' lang='lat' dir='ltr'><strong>_\&#39;oce._</strong></span> <span class='ocrx_word' id='word_1_747' title='bbox 3315 5350 3558 5419; x_wconf 84' lang='lat' dir='ltr'><strong>reliquas</strong></span> <span class='ocrx_word' id='word_1_748' title='bbox 3585 5343 3723 5397; x_wconf 86' lang='lat' dir='ltr'><strong>duas</strong></span> <span class='ocrx_word' id='word_1_749' title='bbox 3749 5342 3882 5395; x_wconf 81' lang='lat' dir='ltr'><strong>scri-</strong></span> 
     </span>
    </p>
   </div>
   <div class='ocr_carea' id='block_1_110' title="bbox 593 5421 3433 5507">
    <p class='ocr_par' dir='ltr' id='par_1_110' title="bbox 593 5421 3433 5507">
     <span class='ocr_line' id='line_1_110' title="bbox 593 5421 3433 5507; baseline -0.005 -21"><span class='ocrx_word' id='word_1_750' title='bbox 593 5421 720 5486; x_wconf 76' lang='lat' dir='ltr'><strong>cuin</strong></span> <span class='ocrx_word' id='word_1_751' title='bbox 762 5421 1041 5507; x_wconf 52' lang='lat' dir='ltr'><strong>&#39;sull&#39;cctus</strong></span> <span class='ocrx_word' id='word_1_752' title='bbox 1094 5442 1198 5507; x_wconf 81' lang='lat' dir='ltr'><strong>est,</strong></span> <span class='ocrx_word' id='word_1_753' title='bbox 1248 5421 1342 5502; x_wconf 69' lang='lat' dir='ltr'><strong>qui</strong></span> <span class='ocrx_word' id='word_1_754' title='bbox 1395 5421 1583 5500; x_wconf 86' lang='lat' dir='ltr'><strong>postea</strong></span> <span class='ocrx_word' id='word_1_755' title='bbox 1632 5446 1755 5507; x_wconf 76' lang='lat' dir='ltr'><strong>cum</strong></span> <span class='ocrx_word' id='word_1_756' title='bbox 1812 5421 2173 5507; x_wconf 31' lang='lat' dir='ltr'><strong>Eutyéﬁhian‘is</strong></span> <span class='ocrx_word' id='word_1_757' title='bbox 2280 5421 3160 5507; x_wconf 7' lang='lat' dir='ltr'><strong>ptisqubilnndas.Concil.Chalc.</strong></span> <span class='ocrx_word' id='word_1_758' title='bbox 3195 5421 3311 5507; x_wconf 73' lang='lat' dir='ltr'><strong>Aci.</strong></span> <span class='ocrx_word' id='word_1_759' title='bbox 3351 5436 3433 5507; x_wconf 81' lang='lat' dir='ltr'><strong>ut.</strong></span> 
     </span>
    </p>
   </div>
   <div class='ocr_carea' id='block_1_111' title="bbox 597 5497 2173 5573">
    <p class='ocr_par' dir='ltr' id='par_1_111' title="bbox 597 5497 2173 5573">
     <span class='ocr_line' id='line_1_111' title="bbox 597 5497 2173 5573; baseline -0.001 -21"><span class='ocrx_word' id='word_1_760' title='bbox 597 5504 1060 5573; x_wconf 62' lang='lat' dir='ltr'><strong>patrocinarctur,</strong></span> <span class='ocrx_word' id='word_1_761' title='bbox 1123 5497 1415 5557; x_wconf 77' lang='lat' dir='ltr'><strong>damnatus</strong></span> <span class='ocrx_word' id='word_1_762' title='bbox 1468 5497 1936 5572; x_wconf 42' lang='lat' dir='ltr'><strong>proscriptusque&#39;</strong></span> <span class='ocrx_word' id='word_1_763' title='bbox 1981 5497 2173 5551; x_wconf 80' lang='lat' dir='ltr'><strong>fuitin</strong></span> 
     </span>
    </p>
   </div>
   <div class='ocr_carea' id='block_1_112' title="bbox 601 5570 1306 5627">
    <p class='ocr_par' dir='ltr' id='par_1_112' title="bbox 601 5570 1306 5627">
     <span class='ocr_line' id='line_1_112' title="bbox 601 5570 1306 5627; baseline 0.001 -2"><span class='ocrx_word' id='word_1_764' title='bbox 601 5570 838 5626; x_wconf 63' lang='lat' dir='ltr'><strong>concilio</strong></span> <span class='ocrx_word' id='word_1_765' title='bbox 861 5570 1049 5627; x_wconf 86' lang='lat' dir='ltr'><strong>Chalc.</strong></span> <span class='ocrx_word' id='word_1_766' title='bbox 1079 5574 1195 5627; x_wconf 76' lang='lat' dir='ltr'><strong>Act.</strong></span> <span class='ocrx_word' id='word_1_767' title='bbox 1226 5588 1306 5627; x_wconf 74' lang='grc' dir='ltr'>ιιι.</span> 
     </span>
    </p>
   </div>
   <div class='ocr_carea' id='block_1_113' title="bbox 674 5642 1911 5708">
    <p class='ocr_par' dir='ltr' id='par_1_113' title="bbox 674 5642 1911 5708">
     <span class='ocr_line' id='line_1_113' title="bbox 674 5642 1911 5708; baseline -0.001 -13"><span class='ocrx_word' id='word_1_768' title='bbox 674 5642 782 5708; x_wconf 72' lang='lat'><strong>(‘22)</strong></span> <span class='ocrx_word' id='word_1_769' title='bbox 812 5643 1083 5697; x_wconf 78' lang='lat' dir='ltr'><strong>Fecerunt</strong></span> <span class='ocrx_word' id='word_1_770' title='bbox 1140 5644 1192 5697; x_wconf 92' lang='lat' dir='ltr'><strong>id</strong></span> <span class='ocrx_word' id='word_1_771' title='bbox 1219 5643 1441 5698; x_wconf 84' lang='lat' dir='ltr'><strong>concilii</strong></span> <span class='ocrx_word' id='word_1_772' title='bbox 1470 5643 1682 5701; x_wconf 80' lang='lat' dir='ltr'><strong>Patres,</strong></span> <span class='ocrx_word' id='word_1_773' title='bbox 1718 5644 1833 5696; x_wconf 75' lang='lat' dir='ltr'><strong>Act.</strong></span> <span class='ocrx_word' id='word_1_774' title='bbox 1875 5658 1911 5694; x_wconf 83' lang='lat'><strong>1.</strong></span> 
     </span>
    </p>
   </div>
   <div class='ocr_carea' id='block_1_114' title="bbox 678 5712 2182 5782">
    <p class='ocr_par' dir='ltr' id='par_1_114' title="bbox 678 5712 2182 5782">
     <span class='ocr_line' id='line_1_114' title="bbox 678 5712 2182 5782; baseline -0.003 -17"><span class='ocrx_word' id='word_1_775' title='bbox 678 5713 787 5782; x_wconf 68' lang='lat'><strong>(&#39;23)</strong></span> <span class='ocrx_word' id='word_1_776' title='bbox 824 5714 879 5767; x_wconf 86' lang='lat' dir='ltr'><strong>1d</strong></span> <span class='ocrx_word' id='word_1_777' title='bbox 904 5712 955 5767; x_wconf 86' lang='lat' dir='ltr'><strong>ei</strong></span> <span class='ocrx_word' id='word_1_778' title='bbox 984 5714 1201 5768; x_wconf 87' lang='lat' dir='ltr'><strong>crimini</strong></span> <span class='ocrx_word' id='word_1_779' title='bbox 1235 5715 1397 5769; x_wconf 83' lang='lat' dir='ltr'><strong>datur</strong></span> <span class='ocrx_word' id='word_1_780' title='bbox 1420 5716 1473 5765; x_wconf 89' lang='lat' dir='ltr'><strong>in</strong></span> <span class='ocrx_word' id='word_1_781' title='bbox 1500 5713 1735 5767; x_wconf 85' lang='lat' dir='ltr'><strong>concilio</strong></span> <span class='ocrx_word' id='word_1_782' title='bbox 1759 5712 1948 5767; x_wconf 82' lang='lat' dir='ltr'><strong>Chalc.</strong></span> <span class='ocrx_word' id='word_1_783' title='bbox 1982 5713 2095 5767; x_wconf 78' lang='lat' dir='ltr'><strong>Act.</strong></span> <span class='ocrx_word' id='word_1_784' title='bbox 2149 5728 2182 5766; x_wconf 86' lang='grc' dir='ltr'><strong>ι.</strong></span> 
     </span>
    </p>
   </div>
   <div class='ocr_carea' id='block_1_115' title="bbox 680 5782 2189 5855">
    <p class='ocr_par' dir='ltr' id='par_1_115' title="bbox 680 5782 2189 5855">
     <span class='ocr_line' id='line_1_115' title="bbox 680 5782 2189 5855; baseline 0.001 -20"><span class='ocrx_word' id='word_1_785' title='bbox 680 5782 790 5853; x_wconf 61' lang='grc'><strong>(24)</strong></span> <span class='ocrx_word' id='word_1_786' title='bbox 857 5784 1149 5841; x_wconf 76' lang='lat' dir='ltr'><strong>Dioscorus</strong></span> <span class='ocrx_word' id='word_1_787' title='bbox 1214 5786 1539 5839; x_wconf 67' lang='lat' dir='ltr'><strong>Flavianum</strong></span> <span class='ocrx_word' id='word_1_788' title='bbox 1613 5784 1679 5839; x_wconf 83' lang='lat' dir='ltr'><strong>ab</strong></span> <span class='ocrx_word' id='word_1_789' title='bbox 1712 5782 1861 5838; x_wconf 81' lang='lat' dir='ltr'><strong>omni</strong></span> <span class='ocrx_word' id='word_1_790' title='bbox 1926 5784 2189 5855; x_wconf 74' lang='lat' dir='ltr'><strong>dignitate</strong></span> 
     </span>
    </p>
   </div>
   <div class='ocr_carea' id='block_1_116' title="bbox 2288 5572 2713 5631">
    <p class='ocr_par' dir='ltr' id='par_1_116' title="bbox 2288 5572 2713 5631">
     <span class='ocr_line' id='line_1_116' title="bbox 2288 5572 2713 5631; baseline -0.019 -1"><span class='ocrx_word' id='word_1_791' title='bbox 2288 5572 2421 5631; x_wconf 87' lang='lat' dir='ltr'><strong>lium</strong></span> <span class='ocrx_word' id='word_1_792' title='bbox 2458 5572 2540 5624; x_wconf 87' lang='lat' dir='ltr'><strong>ire</strong></span> <span class='ocrx_word' id='word_1_793' title='bbox 2594 5586 2713 5624; x_wconf 80' lang='lat' dir='ltr'><strong>non.</strong></span> 
     </span>
    </p>
   </div>
   <div class='ocr_carea' id='block_1_117' title="bbox 2359 5480 3879 5573">
    <p class='ocr_par' dir='ltr' id='par_1_117' title="bbox 2359 5480 3879 5573">
     <span class='ocr_line' id='line_1_117' title="bbox 2359 5480 3879 5573; baseline -0.014 -18"><span class='ocrx_word' id='word_1_794' title='bbox 2504 5480 2868 5553; x_wconf 79' lang='lat' dir='ltr'><strong>enim</strong></span> <span class='ocrx_word' id='word_1_795' title='bbox 2914 5493 3198 5573; x_wconf 45' lang='lat' dir='ltr'><strong>senmorbo</strong></span> <span class='ocrx_word' id='word_1_796' title='bbox 3230 5498 3547 5561; x_wconf 84' lang='lat' dir='ltr'><strong>correptum</strong></span> <span class='ocrx_word' id='word_1_797' title='bbox 3592 5482 3660 5538; x_wconf 89' lang='lat' dir='ltr'><strong>ad</strong></span> <span class='ocrx_word' id='word_1_798' title='bbox 3688 5480 3879 5535; x_wconf 75' lang='lat' dir='ltr'><strong>conci-</strong></span> 
     </span>
    </p>
   </div>
   <div class='ocr_carea' id='block_1_118' title="bbox 2741 5564 3612 5637">
    <p class='ocr_par' dir='ltr' id='par_1_118' title="bbox 2741 5564 3612 5637">
     <span class='ocr_line' id='line_1_118' title="bbox 2741 5564 3612 5637; baseline -0.006 -16"><span class='ocrx_word' id='word_1_799' title='bbox 2741 5582 2922 5637; x_wconf 87' lang='lat' dir='ltr'><strong>possc.</strong></span> <span class='ocrx_word' id='word_1_800' title='bbox 2956 5564 3105 5637; x_wconf 64' lang='lat' dir='ltr'><strong>Ibid.</strong></span> <span class='ocrx_word' id='word_1_801' title='bbox 3554 5626 3612 5637; x_wconf 50' lang='grc' dir='ltr'><em>Ν</em></span> 
     </span>
    </p>
   </div>
   <div class='ocr_carea' id='block_1_119' title="bbox 2361 5627 3881 5715">
    <p class='ocr_par' dir='ltr' id='par_1_119' title="bbox 2361 5627 3881 5715">
     <span class='ocr_line' id='line_1_119' title="bbox 2361 5627 3881 5715; baseline -0.014 -19"><span class='ocrx_word' id='word_1_802' title='bbox 2361 5644 2471 5715; x_wconf 68' lang='lat'><strong>(27)</strong></span> <span class='ocrx_word' id='word_1_803' title='bbox 2494 5627 2778 5715; x_wconf 69' lang='lat' dir='ltr'><strong>Declarant</strong></span> <span class='ocrx_word' id='word_1_804' title='bbox 2801 5638 2853 5691; x_wconf 84' lang='lat' dir='ltr'><strong>id</strong></span> <span class='ocrx_word' id='word_1_805' title='bbox 2881 5638 3066 5715; x_wconf 62' lang='lat' dir='ltr'><strong>Patres</strong></span> <span class='ocrx_word' id='word_1_806' title='bbox 3097 5636 3151 5715; x_wconf 76' lang='lat' dir='ltr'><strong>in</strong></span> <span class='ocrx_word' id='word_1_807' title='bbox 3174 5649 3278 5715; x_wconf 71' lang='lat' dir='ltr'><strong>sua</strong></span> <span class='ocrx_word' id='word_1_808' title='bbox 3318 5641 3509 5715; x_wconf 53' lang='lat' dir='ltr'><strong>contra</strong></span> <span class='ocrx_word' id='word_1_809' title='bbox 3554 5627 3881 5715; x_wconf 54' lang='lat' dir='ltr'><strong>Dioscomm</strong></span> 
     </span>
    </p>
   </div>
   <div class='ocr_carea' id='block_1_120' title="bbox 2290 5694 3859 5780">
    <p class='ocr_par' dir='ltr' id='par_1_120' title="bbox 2290 5694 3859 5780">
     <span class='ocr_line' id='line_1_120' title="bbox 2290 5694 3859 5780; baseline -0.017 -8"><span class='ocrx_word' id='word_1_810' title='bbox 2290 5694 2661 5779; x_wconf 60' lang='lat' dir='ltr'><strong>senientia,el</strong></span> <span class='ocrx_word' id='word_1_811' title='bbox 2694 5726 2789 5780; x_wconf 87' lang='lat' dir='ltr'><strong>per</strong></span> <span class='ocrx_word' id='word_1_812' title='bbox 2816 5707 3105 5778; x_wconf 87' lang='lat' dir='ltr'><strong>epistolam</strong></span> <span class='ocrx_word' id='word_1_813' title='bbox 3135 5705 3189 5760; x_wconf 90' lang='lat' dir='ltr'><strong>id</strong></span> <span class='ocrx_word' id='word_1_814' title='bbox 3214 5705 3263 5761; x_wconf 89' lang='lat' dir='ltr'><strong>ei</strong></span> <span class='ocrx_word' id='word_1_815' title='bbox 3307 5700 3702 5773; x_wconf 78' lang='lat' dir='ltr'><strong>significarunt.</strong></span> <span class='ocrx_word' id='word_1_816' title='bbox 3744 5694 3859 5747; x_wconf 66' lang='lat' dir='ltr'><strong>Ibid</strong></span> 
     </span>
    </p>
   </div>
  </div>
