4094 6334
186 334 327 405 1385
1389 355 1685 415 CONTRA
1728 355 2323 414 MONOPHYSITAS.
3359 349 3493 416 1836

197 459 295 527 τῆς
323 459 669 525 κακοδοξίας
704 464 1099 537 ὴλευθέρωται·
1139 468 1200 521 οὐ
1231 469 1340 538 γάρ
1368 469 1503 533 είτις
1536 470 1629 522 ἐπὶ
1662 472 1798 539 ἱερο-

1905 484 2181 524 canonum
2210 469 2536 540 praescripto
2585 486 2615 525 a
2650 485 2748 526 sua
2783 469 3053 543 dignitate
3100 469 3353 544 dejectus
3376 491 3390 539 ;
3414 484 3490 529 ob

208 550 364 619 συλία
413 553 739 619 ἐγκαλοίτο,
779 559 1117 627 προτραπεὶς
1146 559 1202 612 δὲ
1243 564 1321 624 εἰς
1360 561 1458 632 τὴν
1492 562 1622 630 περὶ
1651 561 1798 613 τοῦδε

1906 559 1960 614 id
1986 569 2168 614 tamen
2192 560 2340 614 haud
2359 559 2467 615 fuit
2487 561 2556 616 ab
2580 562 2887 632 impietatis
2913 562 3150 618 crimine
3173 564 3489 620 absolutus.

216 640 389 731 δίκην,
446 642 548 697 καὶ
592 647 989 717 φυγοδικήσας,
1041 643 1162 703 εἶτα
1210 651 1450 720 εὐλόγως
1486 650 1805 721 φυγοδικίας

216 735 597 806 κατακριθεὶς,
621 736 712 790 διὰ
740 738 841 808 τῆς
864 740 1199 812 κουφοτέρας
1218 743 1599 812 κατακρίσεως
1619 742 1801 813 τῆσδε,

219 828 350 898 περὶ
369 831 468 899 τῆς
504 828 815 899 ἱεροσυλίας
842 832 942 901 τὴν
959 833 1202 886 νικῶσαν
1233 834 1610 903 ἀπενέγκοιτο·
1646 836 1805 888 τούν-

216 920 409 974 αντίον
462 921 576 992 γάρ
606 923 703 975 καὶ
741 922 1052 977 ἐπιϐεϐαιοῖ
1081 925 1181 995 τὴν
1212 926 1471 997 ἐγκλησιν
1499 929 1600 996 τῆς
1639 924 1808 995 βασά-

216 1026 310 1064 νου
354 1012 454 1082 τῆς
501 1012 838 1077 ὑποθέσεως.
874 1015 935 1068 El
957 1015 1014 1068 δὲ
1043 1016 1254 1085 λέγοιτε
1280 1018 1362 1071 ὅτι
1388 1018 1449 1071 οὐ
1472 1019 1532 1072 τὸ
1564 1019 1806 1084 συνειδὸς

215 1100 374 1170 αὐτῷ
419 1100 593 1157 αἴτιον
624 1097 691 1173 ἦν
721 1104 821 1173 τῆς
857 1105 1175 1173 φυγοδικίας
1201 1145 1216 1172 ,
1254 1105 1370 1160 ἀλλ’
1407 1109 1441 1177 ἡ
1492 1106 1601 1161 τῶν
1647 1108 1804 1161 δικα-

216 1189 368 1243 στῶν
398 1191 745 1246 ἀντιπάθειασ
776 1192 983 1264 ταύτην
1027 1196 1137 1267 ἄρα
1178 1196 1496 1268 ἐγγράφως,
1538 1199 1633 1253 καὶ
1662 1198 1807 1269 νομί-

219 1300 366 1353 μως,
410 1284 508 1336 καὶ
554 1284 857 1349 κανονικῶς
900 1285 970 1339 δι’
1001 1287 1227 1356 εὐλόγου
1277 1291 1667 1361 παραιτήσεως
1698 1291 1805 1344 ἔδει

213 1373 388 1428 αὐτὸν
416 1374 706 1444 συστῆσαι,
736 1376 797 1429 οὐ
838 1377 945 1448 μὴν
976 1377 1069 1432 διὰ
1100 1381 1201 1451 τῆς
1233 1381 1344 1435 τῶν
1392 1381 1630 1452 ἐλέγχων
1669 1382 1808 1435 ἀπο·

212 1463 489 1535 ὁράσεως⁸
519 1466 679 1520 τοῦτο
723 1468 833 1540 γάρ
862 1470 1069 1542 ἀπορία
1117 1471 1375 1525 παντελεῖ
1401 1473 1502 1542 τῆς
1534 1473 1682 1544 ’περὶ
1709 1473 1804 1526 τοῦ

211 1558 569 1628 ἐγκλήματος
620 1561 919 1630 ἀπολογίας
970 1563 1199 1631 γίνεται.
1256 1565 1422 1628 Τίνας
1455 1565 1565 1636 γὰρ
1605 1563 1672 1618 ἂν
1710 1567 1806 1619 καὶ

211 1647 324 1719 ἔφη
356 1648 547 1718 λόγους
571 1653 1019 1723 παραγενόμενος
1044 1672 1059 1721 ;
1093 1657 1120 1708 ὁ
1151 1653 1473 1725 βουλόμενος
1494 1654 1607 1708 τῶν
1636 1656 1807 1727 ὑπερ-

214 1736 533 1803 αλγούντων
555 1739 781 1811 τάνδρὸς
807 1741 1162 1796 είδοποιείτω.
1180 1742 1302 1797 Ὀτι
1328 1742 1426 1813 μέν
1455 1744 1563 1815 γὰρ
1589 1745 1806 1810 ἐδέξατο

211 1829 465 1899 Εὐτυχέα
488 1870 506 1896 ,
550 1834 811 1902 φανερόν·
847 1834 927 1886 ὁτι
970 1832 1026 1885 δὲ
1059 1835 1121 1886 οὐ
1161 1833 1347 1898 καλῶς
1372 1834 1593 1900 ἐδέξατο
1628 1836 1798 1907 ἄνδρα

214 1919 350 1989 μίαν
398 1917 541 1974 εῐναι
569 1922 739 1993 μόνην
768 1922 867 1993 τὴν
898 1922 991 1977 τοῦ
1022 1924 1262 1996 Χριστοῦ
1310 1926 1473 1996 φύσιν
1509 1928 1801 1995 δοξάζοντα

212 2010 370 2065 θείαν
414 2029 476 2066 τε
512 2013 722 2080 ἁπλῶς,
755 2017 853 2068 καὶ
882 2014 1040 2070 οὐδὲν
1070 2016 1302 2087 ἔχουσαν
1339 2018 1711 2092 ἀνθρώπινον,
1746 2020 1799 2073 τί

209 2102 279 2155 ἀν
313 2102 733 2174 ἀπελογήσατος
772 2105 931 2175 ὑμεῖς
965 2100 1060 2161 οὖν
1107 2108 1156 2160 οἱ
1200 2110 1548 2180 Διοσκορῖται
1581 2112 1800 2182 ἐπινοή·

210 2210 365 2249 σατε.

288 2480 309 2511 ι
332 2462 461 2527 Ναὶ,
498 2462 654 2533 φησί·
689 2466 1101 2535 μετανοήσαντα
1131 2466 1241 2538 γὰρ
1268 2467 1431 2522 αὐτὸν
1463 2469 1557 2524 ἐπὶ
1589 2471 1798 2536 τούτοις

206 2553 450 2620 ἐδέξατο,
481 2556 576 2608 καὶ
598 2554 815 2627 ἀληθῶς
848 2557 1237 2627 ὁρθοδοξοῦντα
1272 2560 1519 2632 ὕστερον.
1554 2581 1574 2615 ι

280 2742 347 2796 οι
388 2739 523 2809 γοῦν
566 2738 695 2804 τοὺς
757 2740 1011 2795 ὁπωσοῦν
1070 2742 1515 2808 ὑποπτευθέντας
1574 2744 1796 2799 πώποτε

198 2831 496 2904 Νεστορίῳ
530 2833 865 2903 συμφρονεῖν
897 2832 1008 2886 τῶν
1046 2833 1104 2886 ἐν
1153 2836 1221 2906 τῇ
1272 2833 1479 2906 συνόδῳ
1516 2833 1592 2906 μὴ
1624 2853 1795 2906 μετα-

200 2924 405 2995 στῆναι
432 2924 531 2993 τῆς
564 2923 991 2994 δεισιδαιμονίας
1016 2924 1354 2995 πειθόμενοι,
1388 2927 1505 2990 πῶς
1526 2926 1624 2981 νῦν
1646 2926 1795 2980 τόνδε

197 3018 309 3086 οὐχ
350 3015 540 3080 ἁπλῶς
579 3016 739 3084 μόνον
772 3015 1233 3086 ὑποπτευόμενον,
1273 3017 1409 3072 ἀλλά
1449 3017 1546 3071 καὶ
1588 3018 1796 3089 ἐγγράο

1832 1800 1879 1860 Β

1903 651 2023 706 Non
2052 652 2220 715 enim,
2247 653 2290 706 si
2316 653 2447 723 quis
2471 653 2611 708 forte
2635 654 2702 709 de
2734 654 3027 723 sacrilegio
3059 654 3297 721 delatus,
3327 670 3491 710 voca-

1907 750 2107 811 tusque
2139 741 2477 799 detrectaret
2502 744 2797 815 judicium,
2825 755 2991 814 atque
3034 755 3330 815 propterea
3353 761 3491 800 con-

1907 827 2159 880 tumacia:
2189 828 2565 893 damnaretur,
2616 844 2714 897 per
2756 828 2897 883 lianc
2928 830 3191 883 leviorem
3223 829 3491 883 condem-

1905 919 2186 973 nationem
2230 920 2407 974 victor
2428 920 2483 973 in
2507 920 2797 989 principali
2825 937 2989 975 causa
3021 920 3363 987 discederet;
3392 921 3491 975 sed

1906 1006 2081 1076 magis
2113 1006 2393 1076 magisque
2424 1006 2778 1062 confirmaret
2799 1007 3005 1078 objecti
3029 1008 3283 1062 criminis
3307 1008 3493 1077 suspi-

1906 1098 2143 1153 cionem.
2179 1098 2237 1153 Si
2260 1097 2512 1154 dixeritis
2536 1114 2663 1153 eum
2712 1098 3049 1153 detrectasse
3069 1099 3342 1170 judicium
3379 1116 3490 1156 non

1906 1192 2256 1248 conscientiae
2279 1208 2394 1248 suae
2416 1192 2656 1247 stimulis
2682 1192 2960 1257 adactum,
2985 1192 3081 1246 sed
3109 1192 3360 1263 judicum
3386 1193 3490 1248 ini-

1906 1282 2119 1352 quitate
2151 1284 2511 1352 perterritum
2540 1301 2554 1349 ;
2580 1298 2845 1353 reponam
2868 1298 2997 1338 eum
3024 1283 3287 1339 debuisse
3312 1285 3490 1355 scrip-

1909 1374 1981 1429 tis
2010 1374 2063 1429 id
2105 1374 2438 1445 significare,
2475 1383 2529 1430 et
2565 1375 2668 1430 rite
2705 1384 2967 1444 recteque
3008 1376 3337 1446 procedere,
3379 1392 3512 1431 nou.

1907 1469 2137 1523 omnino
2169 1483 2423 1523 recusare
2448 1468 2825 1538 probationes.
2851 1468 2967 1523 Hoc
3002 1468 3151 1523 enim
3177 1484 3304 1523 eum
3338 1470 3490 1524 omni

1907 1559 2097 1615 delicti
2131 1561 2486 1613 excusatione
2522 1558 2770 1612 caruisse
2818 1557 2969 1612 clare
3004 1558 3374 1613 demonstrat.
3422 1557 3491 1612 Et

1908 1668 2042 1708 sane
2092 1634 2226 1721 quid
2279 1650 2617 1721 respondere
2651 1658 2889 1721 poterat,
2924 1649 2967 1705 si
3000 1649 3296 1705 adfuisset?
3337 1649 3490 1704 dicat

1909 1742 2162 1814 quisquis
2192 1742 2357 1813 hujus
2395 1742 2503 1796 viri
2533 1756 2719 1796 casum
2749 1756 2891 1811 aegre
2960 1741 3087 1795 fert.
3141 1740 3297 1807 Quod
3339 1741 3489 1796 enim

1905 1833 2184 1902 exceperit
2209 1832 2591 1904 Eutychetem,
2629 1831 2980 1886 manifestum
3011 1840 3129 1896 est;
3167 1840 3355 1886 utrum
3387 1847 3489 1886 an-

1903 1931 2013 1977 tem
2044 1932 2195 1977 recte
2238 1937 2297 1977 se
2352 1920 2591 1992 gesserit
2633 1920 2918 1975 hominem
2972 1920 3126 1975 illum
3162 1920 3493 1990 excipiendo

1872 2074 1875 2075 ν
1903 2012 2019 2085 (qui
2052 2020 2306 2067 naturam
2335 2012 2445 2083 (28)
2477 2026 2643 2065 unam
2690 2010 2957 2065 duntaxat
3006 2011 3063 2064 in
3093 2008 3315 2065 Christo
3336 2024 3491 2064 mere

1899 2104 2164 2170 divinam,
2183 2101 2438 2159 humanae
2463 2101 2786 2159 substantiae
2812 2117 3039 2172 prorsus
3061 2109 3345 2171 expertem
3364 2114 3493 2169 pro-

1902 2199 2159 2254 fitebatur
2190 2195 2233 2266 ),
2262 2212 2441 2267 quave
2490 2204 2787 2266 propterea
2853 2210 2912 2249 se
2962 2194 3287 2249 defensione
3344 2193 3490 2246 tueri

1899 2298 2106 2360 posset,
2138 2288 2191 2343 id
2219 2287 2376 2343 Vobis
2403 2287 2542 2357 ipsis
2565 2286 2818 2342 Dioscori
2841 2287 3095 2356 patronis
3119 2285 3491 2356 judicandum

1901 2382 2180 2451 relinquo.

1928 2468 1933 2473 ’
1976 2491 1994 2524 ι
2027 2472 2180 2537 Esto,
2215 2470 2417 2542 inquit,
2451 2470 2547 2525 sed
2583 2469 2953 2541 Eutychetem
2986 2468 3225 2538 excepit,
3266 2477 3489 2538 postea-

1899 2579 2061 2634 quam
2088 2564 2298 2619 erroris
2321 2577 2450 2617 eum
2480 2562 2566 2617 sui
2595 2560 2881 2632 paenituit,
2907 2569 3075 2629 atque
3101 2560 3189 2629 pie
3222 2568 3490 2629 recteque

1897 2658 2105 2712 sentire
2136 2654 2326 2725 erepit.
2370 2674 2390 2707 ι

1966 2747 2037 2801 At
2065 2745 2343 2816 quomodo
2386 2761 2506 2812 vos,
2539 2746 2634 2816 qui
2674 2761 2783 2801 non
2816 2745 2889 2801 ita
2940 2744 3103 2800 facile
3141 2743 3342 2799 adduci
3393 2760 3493 2814 po-

1898 2837 2074 2902 testis,
2099 2844 2161 2891 ut
2183 2836 2425 2891 credatis
2444 2852 2601 2891 suam
2636 2845 2853 2891 mutare
2877 2835 3129 2906 potuisse
3152 2833 3490 2890 sententiam

1896 2944 1993 2987 eos
2019 2928 2485 2993 concilii-Patres,
2529 2928 2625 2997 qui
2666 2943 2895 2997 quoquo
2925 2927 3093 2981 modo
3118 2926 3293 2981 semel
3326 2925 3496 2980 vobis

1897 3023 1953 3077 in
1994 3019 2368 3090 suspicionem
2436 3018 2778 3075 Nestorianaa
2848 3033 3123 3073 naereseos
3169 3023 3491 3082 venerunt;

199 3124 327 3178 φως
361 3105 782 3177 ὁμολογήσαντα
815 3105 915 3176 τὴν
940 3105 1199 3160 ἀσέϐειαν
1238 3106 1424 3172 αὐτοῦ,
1463 3109 1559 3161 καὶ
1596 3108 1791 3163 καθαι-

1900 3112 2192 3187 quomodo,
2236 3113 2484 3182 inquam,
2514 3112 2603 3180 pie
2642 3118 2908 3180 recteque
2957 3123 3107 3163 nunc
3130 3107 3338 3163 sentire
3385 3122 3492 3177 pu-

202 3196 440 3268 ρεθέντα
488 3195 580 3249 ἐπὶ
624 3194 781 3265 τῷδε,
829 3194 904 3258 ὠς
950 3194 1027 3266 μὴ
1061 3194 1378 3248 ἀποστάντα
1423 3194 1525 3265 τῆς
1567 3196 1793 3251 κακοδο-

199 3291 351 3356 ξεας,
411 3287 749 3359 μεταμαθεῖν
799 3285 899 3357 τὴν
946 3285 1229 3339 εὐσέϐειαν
1268 3286 1791 3359 ἐπληροφορήθητε,

197 3382 332 3438 οὔτε
378 3379 657 3449 παρουσίᾳ
695 3378 939 3443 συνόδου,
978 3379 1010 3449 ἢ
1050 3376 1347 3449 μαρτύρων
1388 3377 1550 3431 τινῶν
1590 3379 1796 3445 ἀξιοπί-

199 3491 373 3534 στων,
424 3470 552 3525 οὐτε
592 3472 650 3523 ἐν
692 3467 1010 3539 Ἐκκλησία,
1066 3467 1191 3522 οὔτε
1235 3469 1501 3540 ἐγγράφῳ
1530 3470 1795 3543 ὁμολογίᾳ

197 3568 314 3619 τινὶ
347 3565 449 3633 τῆς
479 3560 672 3632 πρώην
700 3560 863 3614 αὐτὸν
897 3560 1206 3629 ἀποστῆναι
1238 3561 1562 3627 κακοδοξίας
1599 3563 1794 3633 ὁμολο-

192 3659 488 3728 γήσαντας
528 3655 653 3708 Ἔτι
681 3650 789 3723 μὴν
818 3653 867 3704 εἰ
891 3650 1243 3714 ὁντωςταῦτα
1262 3649 1395 3721 ἔχει,
1419 3653 1513 3705 καὶ
1533 3652 1608 3717 ὡς
1634 3670 1799 3724 μετα-

193 3754 477 3822 νοήσαντα
500 3748 716 3814 ἐδέξατο
764 3748 949 3811 αὐτὸν,
1006 3743 1166 3814 δῆλον
1197 3743 1478 3810 ὅτιοῦτως
1530 3746 1795 3801 ἀσεϐοῦν-

190 3857 268 3894 τα
299 3838 497 3908 πρώην
515 3837 700 3899 αὐτὸν,
722 3834 808 3906 ἐφ’
828 3829 911 3897 οἷς
936 3835 1163 3904 ἔσχατον
1190 3833 1326 3906 πρὸς
1343 3835 1633 3907 Διόσκορον
1660 3854 1792 3907 μετ-

195 3935 435 4001 ενόησε,
490 3929 732 4000 καθῆρεν
776 3931 805 3982 ὁ
852 3927 1148 3990 ὁσιώτατος
1179 3927 1495 3991 Φλαυιανός.
1544 3928 1667 3992 Πῶς
1699 3928 1793 3983 οὖν

195 4023 505 4092 δεξάμενος
540 4021 633 4074 τόν
674 4020 731 4073 δε
768 4018 1137 4089 ὁμολογοῦντα
1163 4019 1261 4090 τὴν
1301 4018 1468 4073 πάλαι
1496 4021 1660 4074 αὐτοῦ
1697 4039 1794 4074 κα-

194 4116 583 4179 κοδοξίαν,τδν
613 4110 1013 4182 καθαιρεθέντα
1068 4109 1294 4173 δικαίως
1347 4111 1454 4181 πρὸ
1482 4112 1583 4181 τῆς
1622 4129 1791 4182 μετα..

192 4207 373 4272 votae,
399 4205 697 4259 Ι’λαυιιινδν
726 4205 817 4258 τὸν
860 4203 1087 4267 δικαίως
1120 4203 1282 4256 αὐτὸν
1324 4202 1643 4274 καθηραντα
1683 4204 1790 4257 Εὐ-

190 4299 363 4368 τυχῆ,
390 4296 548 4349 τοῦτό
560 4312 692 4365 φησι
718 4296 814 4348 καὶ
839 4293 1000 4357 αὐτὸς
1032 4293 1237 4364 πρᾶξαι
1263 4295 1343 4357 εἰς
1372 4294 1570 4362 αὐτόν;
1604 4296 1675 4348 Ἦ
1698 4290 1792 4348 οὖν

190 4393 298 4445 οὐκ
347 4388 566 4460 άληθῶς
618 4388 1030 4457 μετανοήσαντα
1068 4385 1259 4440 τοῦτον
1308 4387 1546 4453 ἐδέξατο,
1600 4387 1634 4459 ἦ
1690 4388 1793 4442 οὐκ

1897 3207 2025 3263 tatis
2054 3222 2204 3271 eum,
2235 3204 2331 3275 qui
2352 3219 2462 3259 non
2500 3203 2679 3257 levem
2723 3202 2964 3270 aliquam
2998 3201 3083 3255 sui
3103 3200 3354 3255 criminis
3393 3214 3492 3254 su-

1895 3298 2200 3368 spicionem
2232 3295 2443 3367 injecit,
2468 3293 2564 3349 sed
2591 3307 2748 3347 suam
2776 3292 2954 3361 ipsius
2984 3291 3327 3361 impietatem
3357 3290 3506 3344 scri-

1895 3388 2004 3458 ptis
2035 3398 2221 3459 aperte
2261 3386 2551 3441 confessus
2581 3394 2714 3451 est;
2748 3383 2845 3454 qui
2873 3391 3169 3453 propterea
3228 3390 3492 3451 tanquam

1896 3480 1951 3534 in
1974 3494 2163 3535 errore
2208 3493 2309 3534 suo
2360 3476 2669 3548 persistens
2702 3491 2733 3530 a
2779 3474 3052 3546 dignitate
3105 3489 3204 3528 sua
3238 3472 3494 3543 dejectus

1894 3570 1999 3625 fuit
2024 3570 2048 3623 ?
2075 3571 2170 3640 qui
2194 3570 2418 3625 demum
2444 3583 2626 3637 neque
2676 3566 2734 3621 in
2758 3565 2954 3637 synodi
2978 3578 3269 3630 consessu,
3308 3579 3497 3633 neque

1893 3677 2080 3726 coram
2118 3661 2355 3717 testibus
2380 3659 2486 3715 lide
2510 3658 2714 3729 dignis,
2733 3672 2916 3727 neque
2940 3655 2996 3709 in
3013 3654 3284 3719 Ecclesia,
3310 3669 3493 3720 neque

1896 3754 2129 3823 scriptis
2146 3768 2301 3808 suam
2315 3768 2374 3806 se
2388 3766 2614 3823 pravam
2634 3750 2955 3820 opinionem
2978 3755 3217 3802 mutasse
3237 3745 3493 3800 declara-

1895 3844 1976 3898 vit
2007 3846 2030 3899 ?
2055 3845 2184 3899 Atsi
2208 3845 2282 3898 ita
2308 3854 2412 3907 est,
2439 3843 2484 3897 si
2506 3843 2805 3897 Dioscorus
2835 3841 3055 3909 excepit
3078 3840 3258 3909 ipsum
3279 3836 3494 3895 erroris

1892 3935 2003 4005 jam
2032 3935 2115 3989 sui
2142 3934 2526 4004 pmnitentem,
2561 3932 2814 4003 sequitur
2838 3932 2965 3985 inde
2982 3932 3128 4002 juste
3148 3946 3177 3984 a
3201 3928 3497 3986 sanctissi-

1897 4040 1988 4079 mo
2004 4025 2264 4079 Flaviano
2280 4024 2554 4095 dejectum
2574 4038 2725 4085 eum,
2741 4022 2835 4091 qui
2856 4022 3012 4090 prius
3030 4020 3105 4073 ita
3128 4018 3337 4073 nefarie
3358 4034 3495 4073 εει]-

1899 4115 2109 4180 tiebat;
2169 4114 2388 4169 etiamsi
2449 4111 2736 4184 posteaad
2785 4112 3112 4166 Dioscorum
3160 4109 3499 4179 confugiens

1897 4208 2283 4279 paenitentiam
2327 4207 2527 4277 egerit.
2573 4205 2861 4273 Quomodo
2893 4219 3028 4275 ergo
3075 4202 3171 4273 qui
3205 4202 3492 4256 hominem

1899 4300 2048 4354 hunc
2078 4299 2297 4369 excepit
2327 4307 2568 4354 veterem
2612 4312 2860 4353 errorem
2896 4312 3061 4351 suum
3103 4294 3489 4358 confitentem,

1897 4403 2063 4462 atque
2092 4392 2239 4463 juste
2275 4401 2402 4446 ante
2440 4399 2720 4461 peractam
2758 4389 3144 4460 paenitentiam
3179 4386 3488 4457 dejectum,

193 4482 403 4546 ἀδίκως
450 4480 701 4534 καθεῖλεν
779 4479 941 4533 αὐτὸν
1013 4478 1331 4543 Φλαυιανὸν,
1378 4481 1588 4533 ἐκεῖνον
1626 4480 1789 4541 αὐτὸς

1900 4496 1954 4535 se
1986 4494 2208 4549 quoque
2245 4479 2567 4533 Flavianum
2612 4478 2793 4548 ipsum
2849 4479 2945 4547 qui
2994 4492 3121 4530 eum
3173 4474 3480 4546 dcjecerat,

191 4577 403 4640 ἀδίκως
431 4572 831 4630 άντικαθεῖλεν.

1895 4573 2043 4642 juste
2072 4570 2339 4641 dejecisse
2372 4569 2666 4624 autumat?
2702 4568 2801 4622 Vel
2841 4583 2973 4637 ergo
3007 4568 3305 4621 Dioscorus
3349 4580 3481 4617 eum

190 4669 418 4738 excepit
472 4666 620 4721 baud
681 4682 813 4722 vere
867 4666 1250 4737 pcenitentem,
1304 4665 1392 4720 vel
1464 4663 1783 4719 Flavianum
1822 4662 2084 4718 eumdem
2150 4677 2318 4731 aquo
2346 4662 2471 4732 jure
2539 4676 2605 4715 ac
2647 4659 2847 4714 merito
2894 4659 3174 4730 Eutyches
3232 4657 3487 4727 dejectus

190 4771 301 4826 est,
337 4774 439 4829 per
469 4772 741 4813 summam
791 4756 1049 4826 injunam
1081 4757 1197 4826 ipse
1232 4755 1450 4826 dejecit.

270 4873 290 4906 ι
333 4851 498 4907 Ἀλλά
528 4850 640 4913 ναὶ,
673 4848 829 4919 φησὶ,
867 4846 1207 4919 Νεστοριανὴ
1242 4846 1513 4918 πρόληψις
1541 4841 1609 4918 ἦν
1654 4846 1784 4916 περὶ

190 4942 495 4998 Ολαυιανοῦ
526 4940 620 4994 τοῦ
653 4940 1288 5001 Κωνσταντινουπὸλεως
1326 4939 1631 4992 ἐπισκόπου
1652 4954 1665 4968 ·
1700 4938 1786 4991 ἐν-

1969 4859 1987 4891 (
2022 4840 2183 4895 Fama
2211 4852 2349 4907 erat,
2394 4840 2596 4909 inquit,
2647 4838 2970 4894 Flavianum
3021 4836 3488 4906 Constantinopo.

1884 4931 2004 4986 leos
2036 4931 2358 5001 episcopum
2394 4930 2630 4984 Nestorii
2663 4945 2884 4983 errores
2920 4928 3108 4981 fovere
3138 4944 3152 4991 ;
3182 4936 3486 4995 pr0pterca

193 5038 287 5090 θεν
318 5034 416 5086 καὶ
446 5033 667 5087 ὕποπτα
704 5031 774 5085 τά
800 5033 879 5095 είς
914 5031 1127 5101 Εὐτυχῆ
1143 5030 1413 5101 γενόμενα
1438 5030 1528 5084 ὑπ’
1560 5028 1781 5083 αὐτοῦ.»

1900 5032 2141 5088 suspecta
2170 5030 2299 5077 sunt
2330 5023 2535 5089 omnia,
2575 5036 2697 5092 quae
2745 5029 2937 5075 contra
2969 5020 3334 5089 Eutychctcm
3370 5019 3489 5088 ipso

264 5212 378 5266 Καὶ
416 5210 503 5276 τίς
543 5208 890 5281 ἐντυγχάνων
932 5210 997 5277 τῇ
1031 5207 1245 5260 ἐκθέσει
1268 5207 1367 5278 τῆς
1393 5206 1625 5269 πίστεως
1650 5206 1788 5259 Φλαο

187 5303 404 5369 υιανοῦ,
435 5302 572 5373 τῷδε
612 5302 977 5374 συμφήσειεν,
1005 5292 1050 5351 ὦ
1080 5294 1262 5365 οὗτοι;
1295 5299 1429 5368 φησὶ
1464 5297 1571 5367 γάρ
1593 5314 1605 5327 ·

270 5500 292 5533 ι
329 5480 684 5550 Κηρύσσομεν
720 5478 814 5530 τὸν
848 5476 1053 5546 Κύριον
1104 5473 1264 5545 ἡμῶν
1308 5472 1518 5544 Ἰησοῦν
1552 5473 1786 5541 Χριστὸν

1889 5122 2154 5187 gesserat.
2194 5133 2212 5166 ι

1964 5206 2186 5276 Ecquis,
2233 5206 2343 5259 heu
2372 5205 2581 5269 miseri,
2625 5204 2754 5259 ﬁdei
2798 5205 3185 5274 expositionia
3223 5204 3489 5259 Flaviano

1893 5300 2104 5355 tradita:
2159 5313 2482 5365 occurrens,
2542 5314 2735 5353 verum
2775 5299 2827 5351 id
2879 5314 3002 5353 esse
3053 5298 3341 5352 fateatur?
3412 5298 3490 5353 ait

1883 5392 2034 5445 cnim
2076 5409 2089 5444 ε

1963 5478 2377 5533 «Praedicamus
2432 5478 2726 5532 Dominum
2782 5489 3037 5533 nostrum
3097 5477 3287 5531 Jcsum
3322 5475 3487 5529 Chri-

336 5573 539 5629 αἱώνων
582 5576 648 5627 ἐκ
701 5568 845 5623 Θεοῦ
896 5568 1107 5637 Πατρδς
1157 5567 1410 5638 ἀνάρχως
1450 5567 1783 5638 γεννηθέντα

1900 5578 2029 5623 itum
2048 5578 2177 5624 ante
2196 5570 2394 5625 saecula
2416 5569 2722 5624 secundum
2748 5569 3097 5624 divinitatem
3127 5585 3155 5621 a
3189 5569 3298 5623 Deo
3322 5567 3485 5622 Patre

266 5707 369 5777 (ΞΒ)
396 5709 442 5764 ls
460 5711 609 5766 enim
636 5707 814 5776 impie
844 5704 1078 5761 docebat
1104 5706 1395 5759 Dominum
1423 5714 1549 5759 ante
1576 5721 1796 5760 carnem

196 5793 515 5852 assumptum
569 5782 846 5837 habuisse
907 5788 1134 5831 naturas
1191 5779 1348 5841 duas,
1424 5787 1612 5846 postea
1660 5793 1790 5833 vero

1909 5723 2075 5761 unam
2118 5708 2426 5777 duntaxat;
2458 5722 2619 5777 quem
2668 5723 2917 5765 errorem
2947 5708 3149 5763 acriter
3179 5704 3483 5760 insectatur

1904 5779 2035 5845 Leo,
2070 5780 2240 5850 Epist.
2282 5776 2704 5833 mlFlat'tanum.
