4094 6334
224 358 360 423 1839

1409 372 1705 433 CONTRA
1745 371 2344 439 MONOPHYSITAS.

3368 380 3505 445 189-3

223 476 482 535 aﬁévtagz
520 475 631 526 Καὶ
661 475 769 545 γὰρ
801 476 968 537 θντως
986 474 1297 545 θαυμαστὸν
1324 479 1471 541 ὅπως
1502 480 1550 532 οἱ
1580 479 1669 531 τοῦ
1686 480 1819 532 Θεοῦ

1926 482 2066 533 Num
2107 484 2274 537 alium
2313 484 2627 553 quempiam
2686 498 2879 537 ausum
2911 500 3150 554 unquam
3190 484 3356 541 fuisse
3406 506 3507 544 no-

226 563 405 615 δοῦλοι
436 562 529 613 τὸν
562 562 661 631 τῆς
705 562 908 625 τάξεως
958 564 1117 630 λόγον
1163 565 1437 631 ἐφύλαξαν
1469 568 1587 619 ἀεί’
1624 568 1684 619 ού
1712 569 1819 637 γάρ

224 658 373 707 ἐστιν
388 655 798 717 ἀκαταστασίας
823 656 851 706 ὁ
874 655 1024 718 Θεός.
1048 658 1287 710 Συνόδων
1306 659 1397 711 οὖν
1417 659 1690 729 διαφόρων
1712 658 1820 711 δει-

228 746 721 815 σιδαιμονησασῶν,
756 748 1132 818 κατήργηνται
1181 749 1282 818 μὲν
1334 750 1569 810 συνόδοις
1620 766 1821 819 κυριω-

223 838 412 905 τέραις
441 839 511 889 τὰ
542 837 635 889 ὑπ’
670 837 854 889 αὐτῶν
880 852 893 866 ³
927 838 987 890 οὑ
1022 840 1129 907 μήν
1158 856 1243 902 τις
1273 839 1382 892 τῶν
1421 838 1697 909 θεοφόρων
1726 840 1821 909 μό·

224 948 312 983 νον
364 930 552 992 ἱδικῶς
584 931 963 999 κατακρίνειν,
998 932 1115 984 ἀλλ’
1147 933 1268 985 οὐδὲ
1303 931 1518 995 σύνοδος
1542 932 1804 1001 ἀναθεμα-

221 1022 368 1073 τίται
425 1021 643 1073 σύνοδον
695 1004 983 1090 ἐτόλμησε.
1020 1023 1177 1093 Πόσῳ
1208 1040 1270 1090 γε
1299 1023 1502 1093 μᾶλλον
1538 1022 1817 1091 ἀναθεμα-

220 1111 394 1177 τίζειν
425 1113 605 1165 κοινόν
631 1131 685 1165 τι
735 1113 1029 1182 θεολὰτρου
1060 1115 1425 1186 πανηγύρεως
1489 1119 1517 1169 ό
1557 1112 1637 1178 εἷς
1670 1114 1821 1167 ἐνθέ-

226 1220 380 1272 σμως
414 1204 835 1273 ἀπετόλμησεν;
887 1204 1023 1257 Ἀλλ’
1050 1206 1107 1257 ὲν
1144 1207 1354 1269 τούτοις
1396 1208 1584 1270 πᾶσιν,
1615 1209 1715 1260 οὐκ
1734 1210 1826 1260 ὲκ-

220 1295 534 1359 πτύσαντες
588 1297 736 1365 ὅμως
796 1296 904 1349 ἀπὸ
963 1298 1061 1367 τῆς
1106 1298 1286 1367 ψυχῆς
1313 1298 1405 1350 τὸν
1433 1300 1827 1369 ἐγκρυφθέντα

220 1385 409 1447 αὐτοῖς
444 1384 676 1455 γλοιὼδη
710 1387 811 1455 τῆς
867 1386 1063 1455 ἀλόγου
1123 1390 1450 1459 προλήψεως
1512 1392 1637 1444 καθ’
1666 1391 1827 1462 ἡμῶν

222 1479 420 1546 ῥύπον,
458 1480 510 1531 τί
549 1497 679 1546 φασι
716 1480 907 1532 nam:

1924 573 2023 625 stis
2056 574 2400 640 proscribere
2428 576 2720 645 synodum,
2747 584 2801 628 et
2825 590 2935 628 non
2968 574 3365 634 haeresiarchas
3391 596 3509 633 om-

1924 676 2021 715 nes
2049 663 2114 716 ab
2167 664 2375 732 synodo
2428 665 2700 733 proscribi
2749 676 2915 733 atque
2946 666 3263 736 proﬂigari?
3294 667 3412 733 Qua
3453 670 3508 723 in

1925 768 1983 805 re
2009 752 2243 806 mirandi
2268 753 2517 824 profecto
2545 764 2673 808 sunt
2695 756 2839 808 servi
2867 753 2983 819 Dei,
3008 756 3103 823 qui
3127 765 3340 811 rectum
3362 774 3509 812 sem-

1922 859 2021 912 per
2052 844 2303 899 ordinem
2333 853 2623 900 servarunt
2668 862 2680 898 :
2738 844 3081 900 confusionis
3128 846 3275 900 enim
3311 857 3509 902 auctor

1924 936 2070 991 Deus
2124 951 2245 992 esse
2311 936 2524 1006 nequit.
2563 936 2705 990 Sane
2763 937 2912 1006 quod
2962 938 3227 991 nonnulla
3274 938 3511 993 concilia

1926 1028 2111 1081 minus
2144 1036 2293 1084 reete
2343 1028 2737 1092 decreverunt,
2786 1029 3127 1099 abrogarunt
3158 1030 3213 1084 id
3241 1030 3348 1083 alia
3370 1046 3506 1084 eon-

1922 1121 2050 1174 cilia
2085 1120 2498 1189 prarstantiora;
2542 1136 2823 1190 nunquam
2859 1130 3041 1175 tamen
3075 1122 3323 1191 privatus
3368 1137 3515 1176 unus

1922 1226 2115 1265 omnes
2162 1210 2330 1265 simul
2380 1221 2600 1266 sanctos
2644 1212 2835 1266 Patres
2879 1212 3144 1267 damnare
3193 1226 3364 1267 ausus
3406 1223 3511 1275 est,

1925 1302 2036 1355 imo
2060 1314 2243 1370 neque
2277 1302 2574 1356 concilium
2614 1303 2761 1357 aliud
2792 1304 3144 1373 proscribere
3192 1303 3509 1358 consuevit.

1922 1392 2141 1459 Quanto
2192 1393 2367 1463 magis
2414 1409 2547 1464 ergo
2588 1394 2955 1464 vituperanda
2987 1396 3105 1465 ejus
3134 1394 3383 1459 audacia,
3419 1393 3515 1463 qui

1928 1499 2073 1537 unus
2101 1485 2417 1538 universum
2468 1484 2730 1539 Ecclesia:
2755 1485 2850 1539 Dei
2893 1496 3143 1539 sanctum
3174 1494 3377 1540 emtum
3426 1499 3517 1539 so-

222 1575 393 1628 lemni
418 1574 526 1628 ritu
554 1576 903 1644 proscribere
934 1593 1044 1631 non
1078 1578 1387 1632 dubitavit?
1438 1579 1516 1633 Ad
1560 1578 1678 1634 hare
1744 1578 1883 1632 nihil
1928 1588 2262 1643 moventur,
2314 1579 2409 1633 sed
2458 1578 2643 1634 adhuc
2692 1589 2915 1634 servant
2967 1581 3023 1635 in
3067 1589 3292 1651 pectore
3351 1594 3517 1635 suum

218 1678 416 1721 contra
452 1683 556 1723 nos
584 1684 710 1723 acre
743 1670 914 1723 virus.
958 1671 1167 1740 Ecquid
1204 1672 1477 1742 objiciunt
1508 1672 1821 1742 przeterea?

298 1781 315 1811 ι
357 1761 449 1823 Ὠς
490 1761 547 1814 αἱ
579 1761 797 1825 πλείους
854 1762 960 1815 τῶν
1008 1765 1355 1833 χειροτονιῶν
1383 1767 1511 1834 ὑμῖν
1564 1764 1651 1818 διὰ
1684 1782 1815 1835 χρυ·
1846 1768 1893 1827 Β

220 1852 339 1905 σίου
364 1853 589 1916 δόσεως,
624 1856 718 1905 καὶ
757 1854 970 1924 λήψεως
999 1858 1159 1917 εἰσιν,
1190 1857 1285 1909 καὶ
1312 1858 1493 1927 ἔχουσι
1520 1858 1579 1909 τὸ
1607 1857 1816 1926 ἐπάρα-

216 1962 312 1996 τον
343 1945 484 1997 κατὰ
511 1947 609 2015 τὴν
640 1944 735 1997 τοῦ
760 1947 953 2013 Μάγου
982 1947 1223 2015 Σίμωνος
1254 1948 1529 2017 πρόθεσιν,
1571 1948 1699 2011 [Ιῶς
1723 1946 1817 1999 οὖν

216 2037 352 2105 ὑμῖν
387 2039 889 2108 συγκοινωνητέον;
914 2040 962 2090 εἰ
999 2038 1072 2109 μὴ
1100 2040 1206 2111 ἄρα
1240 2040 1483 2109 κατάρας
1515 2034 1652 2091 εἶναι
1680 2038 1816 2108 κλῇ-

218 2132 493 2202 ρονόμους
522 2133 949 2203 περιφρονητέον
989 2136 1142 2204 ἡμῖν,
1176 2154 1192 2184 ι
1228 2134 1378 2201 φασί.

293 2310 444 2383 Ἆρα
497 2314 627 2383 γοῦν
681 2316 803 2367 ἐπεί
848 2332 990 2377 τινες
1045 2317 1153 2367 τῶν
1196 2316 1392 2386 ἰατρῶν
1455 2316 1816 2385 ἐφωράθησαν

221 2408 427 2475 μοιχοὶ,
462 2407 556 2458 καὶ
584 2406 835 2469 κλέπται,
864 2405 953 2458 διὰ
1000 2406 1113 2459 τόδε
1142 2408 1239 2476 τὴν
1282 2407 1525 2477 ἰατρείαν
1572 2408 1813 2477 λοιδορη-

217 2498 346 2548 τὲον
378 2497 475 2548 ἐπὶ
500 2497 736 2561 τούτοις,
772 2498 867 2549 καὶ
897 2498 1194 2566 φευκτέον;
1234 2498 1372 2568 πλὴν
1403 2498 1527 2552 τάδε
1565 2501 1696 2570 ἡμῖν
1741 2501 1811 2566 εί,

218 2591 299 2653 ὼς
327 2590 376 2641 οί
408 2589 695 2658 λεγόμενοι
743 2590 918 2657 ἁγνοὶ,
950 2592 1025 2659 τῷ
1080 2592 1290 2643 ἑαυτῶν
1329 2592 1683 2664 ἀνεπιλήπτῳ
1716 2593 1815 2663 βίῳ

219 2682 549 2745 πεποιθότες
588 2683 919 2751 προάγουσιν
946 2682 1017 2744 ὡς
1068 2676 1433 2746 Ναυιτιανοῖς
1482 2683 1812 2753 ἀποκρινού-

222 2774 370 2844 μεθα
406 2774 614 2838 λοιπὸν,
652 2775 745 2827 καὶ
785 2776 884 2843 οὑχ
918 2775 990 2837 ὡς
1034 2776 1451 2844 Μιξοφυσίταις.
1485 2777 1548 2829 Εἰ
1578 2777 1635 2829 δὲ
1664 2778 1807 2847 οὐχὶ,

220 2868 340 2921 ἀλλ’
371 2869 559 2930 ἁπλῶς
593 2868 669 2931 ὡς
701 2868 1050 2940 φιλοχρύσοις
1099 2870 1323 2939 μᾶλλον,
1356 2869 1388 2940 ἢ
1418 2869 1811 2941 φιλοχρίστοις,

220 2960 661 3031 διαμέμςονται,
695 2962 791 3014 καὶ
820 2961 897 3030 τῷ
924 2962 1021 3031 μὲν
1049 2962 1283 3028 δόγματι
1310 2964 1624 3030 συμφωνεῖν
1660 2964 1811 3031 ὑμῖν,

221 3051 409 3120 τούτῳ
440 3051 495 3104 δὲ
551 3052 700 3121 μόνῳ
754 3052 1212 3115 σκανδαλίζεσθαι
1266 3055 1655 3120 συγκοινωνείν
1693 3052 1811 3122 μεθ’

224 3144 389 3215 ἡμῶν
422 3162 552 3210 φασι
572 3160 588 3174 ·
616 3145 710 3197 καὶ
740 3144 915 3206 οὕτως
946 3143 1056 3214 ἄρα
1094 3143 1433 3212 φιλοφρόνως
1479 3142 1679 3206 αὐτοὺς
1710 3142 1817 3196 ἔδει

224 3236 749 3306 ἐξομολογουμένοις
804 3236 935 3306 ἡμῖν
978 3235 1076 3297 τὰς
1116 3234 1391 3303 ἁμαρτίας
1439 3234 1596 3303 ἡμῶν
1647 3235 1817 3305 ὑπερ-

223 3327 533 3399 εύχεσθαι·
567 3326 826 3397 εὔχεσθαι
852 3328 961 3394 γὰρ
1006 3325 1148 3395 ὑπὲρ
1185 3322 1431 3393 ἀλλήλων
1471 3325 1621 3393 ἡμᾶς
1670 3325 1820 3387 ὅπως

228 3419 479 3489 ωθῶμεν
512 3418 903 3486 ἑντετάλμεθα,
936 3416 1030 3469 καὶ
1070 3416 1133 3468 οὐ
1183 3412 1564 3486 φαρισσαῖκῶς
1598 3411 1816 3482 βδελύτ-

225 3510 422 3564 τεσθαι
450 3510 579 3573 τοὺς
608 3511 875 3578 ὁμοφυεῖς
927 3509 1022 3561 καὶ
1052 3506 1407 3575 ὁμοπίστους.
1438 3504 1583 3573 Πλὴν
1609 3506 1666 3555 ἐν
1704 3506 1819 3557 Κυ-

230 3604 336 3674 ρίῳ
376 3602 709 3674 θαρροῦμεν,
763 3603 843 3654 ὅτι
901 3600 1363 3670 ὲγκαταλέλοιπεν
1422 3598 1556 3667 ἡμῖν
1614 3596 1818 3666 Κύριος

231 3695 481 3764 σπέρμα,
520 3694 615 3745 καὶ
663 3694 766 3745 οὐκ
821 3690 1167 3762 ἐγενήθημεν
1206 3691 1280 3752 ὼς
1328 3689 1563 3758 Σόδομα,
1608 3688 1717 3741 οὐδ’
1744 3688 1820 3750 ὡς

232 3786 489 3857 Γόμορρα
513 3784 879 3854 ὡμοιώθημεν
897 3816 918 3837 ο

2001 1782 2018 1813 ι
2050 1762 2217 1817 Multa
2231 1763 2493 1818 videlicet
2519 1761 2785 1832 suﬁ‘ragia
2809 1778 2947 1817 auro
2970 1762 3141 1819 fuisse
3159 1762 3411 1833 quaesita,
3434 1772 3516 1818 at-

1921 1869 2028 1923 que
2077 1862 2369 1924 propterea
2415 1855 2552 1909 diris
2587 1854 2655 1909 iis
2688 1855 3163 1910 exsecrationibus
3221 1854 3515 1926 obstringi,

1920 1946 2123 2015 quibus
2150 1946 2431 2001 Simonem
2463 1947 2677 2017 Magum
2699 1948 2895 2003 Petrus
2916 1948 3045 2002 olim
3067 1947 3234 2002 simili
3255 1947 3323 2003 de
3348 1962 3515 2004 causa

1920 2036 2162 2091 devovit.
2194 2037 2481 2104 Quomodo
2507 2054 2636 2109 ergo
2661 2039 2971 2104 vobiscum,
2995 2039 3171 2103 aiunt,
3187 2039 3513 2094 societatem

1920 2132 2068 2185 coire
2098 2130 2275 2185 licet?
2305 2130 2413 2184 nisi
2446 2129 2591 2185 forte
2614 2145 2717 2184 nos
2748 2131 2997 2202 ejusdem
3028 2130 3315 2185 vobiscum
3341 2130 3513 2185 male-

1922 2224 2184 2278 dictionis
2236 2223 2488 2279 hzeredes
2543 2239 2606 2278 ac
2664 2224 2964 2293 participes
3017 2223 3138 2278 ﬁeri
3190 2223 3447 2277 velimus.
3482 2241 3500 2273 ι

1995 2316 2511 2380 Verumeninwcro,
2549 2316 2594 2371 si
2623 2316 2769 2371 forte
2795 2316 2996 2371 medici
3028 2316 3283 2371 nonnulli
3316 2315 3519 2385 depre-

1920 2408 2241 2463 hendantur
2273 2408 2329 2462 in
2359 2408 2637 2463 adulterio
2666 2420 2721 2464 et
2746 2408 2918 2474 furto,
2953 2410 3203 2481 nunquid
3226 2420 3517 2481 propterea

1918 2501 2194 2555 medicina
2228 2502 2346 2571 ipsa
2370 2502 2733 2572 vituperanda
2760 2510 2845 2556 est
2871 2513 3035 2572 atque
3069 2503 3367 2571 fugienda?
3386 2504 3518 2558 Pro-

1918 2588 2063 2643 fecto
2096 2590 2139 2643 si
2196 2589 2289 2659 qui
2345 2591 2506 2644 nobis
2534 2590 2651 2645 haec
2710 2591 3002 2662 objiciunt,
3036 2593 3247 2649 faciunt
3269 2593 3323 2648 id
3355 2594 3517 2649 inno-

1917 2683 2097 2736 centia
2131 2698 2227 2738 sua
2264 2682 2423 2745 freti,
2472 2684 2768 2753 inculpatae
2827 2685 2955 2739 vitae
2988 2685 3205 2753 conﬁsi,
3238 2697 3300 2741 ut
3358 2688 3394 2742 ii
3422 2689 3519 2757 qui

1918 2773 2052 2826 Puri
2075 2773 2185 2842 (56)
2215 2781 2488 2827 vocantur
2510 2790 2524 2837 ;
2550 2788 2655 2827 nos
2684 2773 2767 2827 eis
2801 2773 2855 2827 in
2884 2784 3170 2844 posterum
3217 2775 3521 2846 responde-

1917 2864 2100 2919 bimus
2126 2875 2386 2934 tanquam
2412 2864 2524 2936 (57)
2548 2866 2891 2931 Novatianis,
2911 2882 3023 2921 non
3059 2876 3317 2936 tanquam
3348 2867 3521 2923 Mixo-

1917 2962 2149 3031 physitis
2178 2961 2309 3029 (58).
2353 2960 2451 3015 Sin
2497 2961 2682 3015 minus
2741 2976 2842 3015 nos
2874 2970 3133 3029 tanquam
3182 2959 3301 3014 auri
3334 2958 3523 3030 potius

1918 3068 2085 3123 quam
2107 3052 2312 3107 Christi
2337 3060 2615 3106 amatores
2642 3053 3094 3121 reprehendunt;
3126 3061 3182 3108 et
3205 3068 3266 3113 se
3286 3053 3520 3125 dogma-

1928 3154 1979 3199 ta
2012 3144 2235 3213 quidem
2265 3143 2457 3198 eadem
2486 3159 2551 3198 ac
2583 3160 2685 3198 nos
2710 3152 2897 3200 tenere
2937 3144 3152 3209 dicunt,
3185 3160 3289 3201 nos
3335 3156 3521 3203 autem

1926 3236 1998 3290 ob
2030 3235 2171 3288 hanc
2225 3234 2396 3287 solam
2445 3234 2565 3287 auri
2616 3234 2976 3302 cupiditatem
3032 3233 3297 3297 aversari,
3340 3249 3524 3305 neque

1927 3341 2087 3395 posse
2124 3323 2414 3378 nobiscum
2446 3324 2613 3378 vitam
2648 3324 2849 3393 degere
2886 3342 2899 3377 :
2932 3339 2999 3377 ne
3022 3323 3093 3377 ob
3129 3324 3271 3377 hanc
3293 3325 3520 3394 quidem

1925 3431 2147 3469 causam
2183 3430 2283 3469 nos
2328 3414 2609 3480 insectari,
2642 3414 2738 3469 sed
2781 3430 2883 3484 pro
2930 3414 3092 3469 nobis
3122 3414 3268 3469 ultro
3295 3425 3522 3484 peccata

1927 3513 2116 3560 nostra
2141 3505 2537 3560 conﬁtentibus
2581 3520 2741 3559 orare
2767 3505 3055 3560 deberent.
3081 3505 3349 3561 Jubemur
3370 3507 3521 3561 enim

1925 3611 2085 3651 orare
2133 3598 2302 3651 Deum
2356 3613 2457 3666 pro
2508 3596 2668 3651 nobis
2694 3596 2973 3661 invicem;
2996 3607 3060 3651 ut
3083 3612 3114 3651 a
3137 3596 3288 3652 vitiis
3315 3598 3523 3654 nostris

1930 3688 2300 3753 mundemur;
2346 3698 2595 3743 vetamur
2658 3698 2849 3743 contra
2896 3688 3301 3744 Pharisaeorum
3346 3689 3522 3744 instar

1940 3778 2201 3833 insectari
2228 3779 2528 3848 proximos,
2560 3780 2656 3849 qui
2685 3778 2976 3834 nobiscum
3018 3779 3342 3851 religionem
3367 3790 3520 3834 eam-

232 3878 360 3933 dem
432 3876 786 3947 proﬁtentur.
821 3876 1025 3929 Verum
1085 3874 1419 3929 conﬁdimus
1492 3874 1790 3930 Dominum
1839 3873 2044 3927 bonum
2105 3887 2293 3926 semen
2337 3866 2396 3926 in
2460 3872 2624 3928 nobis
2678 3873 2993 3943 reliquisse,
3040 3888 3144 3929 nec
3204 3871 3522 3943 permisisse

230 3985 436 4029 caelum
487 3982 739 4027 nostrum
786 3972 1022 4026 evadere
1052 3972 1303 4026 Sodoma:
1334 3982 1391 4026 et
1412 3971 1738 4026 Gomorrhae
1761 3970 2023 4025 similem.

302 4068 370 4119 ΤΞ
406 4066 473 4135 δὴ
507 4062 602 4118 οὖν
644 4060 776 4135 ἄρα,
807 4067 855 4117 εἰ
888 4064 1139 4133 δείξομεν
1170 4064 1458 4128 πλείστους
1492 4064 1601 4117 τῶν
1636 4065 1823 4135 ἰεραρ-

230 4160 476 4232 χούντων
518 4160 600 4221 εἱς
636 4160 787 4228 ήμᾶς
837 4159 896 4210 ού
944 4157 1370 4227 νοσφιζομένους
1397 4157 1505 4211 ἀπὸ
1556 4156 1821 4227 σπαρτίου

230 4254 337 4317 ἕως
386 4251 777 4321 σφαιρωτῆρος
846 4249 1192 4319 ὑποδήματος
1251 4249 1346 4301 ἐπὶ
1386 4250 1561 4319 τῷδε;
1604 4248 1823 4300 λέλυται

230 4342 417 4396 αὐτῶν
458 4341 487 4392 ὁ
536 4339 721 4408 ζῆλος,
768 4338 862 4391 καὶ
906 4340 1250 4408 κατήργηται
1296 4337 1357 4390 τὸ
1402 4335 1697 4392 σκάνδαλον
1732 4337 1827 4389 καὶ

233 4432 642 4502 προσδράμοιεν
668 4432 735 4500 τῇ
762 4430 1023 4500 ἀληθείας
1056 4430 1089 4500 ἢ
1122 4429 1243 4481 οὐδὲ
1287 4429 1404 4481 τόδε
1440 4428 1603 4482 πάλιν
1641 4427 1824 4481 ἱκανὸν

231 4528 364 4595 ἡμῖν
416 4524 572 4577 ἔσται
624 4525 705 4587 είς
762 4523 1174 4591 ἀποθεραπείαν
1226 4516 1612 4589 αὐτῶνςτΑρα
1654 4521 1698 4574 δ’
1729 4516 1821 4574 οὖν

232 4617 487 4685 εἴποιμεν
533 4613 637 4679 ἑτι,
680 4616 732 4667 οἱ
766 4614 887 4666 καθ’
918 4615 1061 4683 ὑμᾶς
1094 4617 1260 4681 ἱερεῖς
1299 4615 1345 4665 οἱ
1393 4613 1702 4675 ὲνδύνοντες
1741 4614 1822 4675 εἰς

230 4707 329 4768 τὰς
345 4705 552 4768 οἰκίας,
572 4703 666 4757 καὶ
688 4703 1194 4773 αἰχμαλωτεύοντες
1226 4704 1562 4773 γυναικάρια
1590 4701 1821 4772 αἰσχροῦ

232 4797 463 4866 κέρδους
495 4795 678 4866 χάριν,
731 4794 791 4846 οὐ
838 4793 938 4863 τῆς
969 4796 1047 4858 εις
1081 4794 1178 4857 τᾶς
1216 4793 1690 4861 γυναικωνίτιδας,
1730 4793 1823 4845 καὶ

306 4978 421 5049 (56)
451 4978 533 5033 lta
566 4976 991 5049 appellabantur
1014 4974 1327 5049 Novatiani,
1362 4973 1549 5049 Cragce
1575 4971 1823 5049 Cathari,

236 5042 327 5121 qui
353 5042 414 5104 se
455 5042 655 5121 puros'
698 5047 767 5101 ab
822 5046 992 5121 omini
1044 5046 1225 5121 culpa_
1261 5042 1700 5121 proﬁtebantur,
1731 5043 1825 5111 qui

237 5114 407 5176 semel
457 5114 718 5174 amissam
777 5118 1009 5188 gratiam
1061 5114 1299 5188 amplius
1345 5114 1665 5188 recuperari
1716 5128 1827 5166 non

236 5208 391 5263 posse
430 5184 817 5263 autumabant.
874 5184 1169 5263 Errorem:
1192 5186 1355 5263 hunc
1384 5184 1826 5263 proscripseruut

325 5262 636 5333 Cyprianus
686 5260 741 5313 in
785 5257 1062 5333 concilio_
1087 5253 1532 5321 Africano,'etS.
1579 5253 1825 5323 pontifex

234 5328 522 5389 Cornelius
546 5332 601 5386 in
628 5345 731 5384 suo
764 5328 1000 5382 concilio
1029 5328 1296 5381 Romano.

304 5406 414 5472 (57)
449 5402 657 5456 Horum
686 5408 855 5468 caput
884 5398 1222 5472 Novatianus
1255 5395 1562 5472 presbyter,
1589 5395 1683 5465 qui
1712 5410 1824 5472 sca

228 5466 781 5548 Cornelio_Ro_ma_no
818 5468 1078 5548 pontiﬁce
1112 5466 1442 5548 segregavit,
1469 5476 1637 5548 atque
1674 5466 1827 5548 “epi-

234 5560 456 5614 scopum
486 5542 755 5614 Ecclesiae
816 5535 1075 5593 Romanae
1095 5535 1322 5614 “ab—suis
1375 5535 1559 5614 creari
1584 5553 1642 5591 se
1671 5535 1823 5614 fecit,

232 5607 473 5687 qui-cum
495 5629 670 5687 prava
697 5612 957 5687 dogmata
983 5610 1359 5687 proﬁteretur,
1392 5608 1686 5662 damnatus
1724 5607 1828 5661 fuit

234 5680 285 5741 in
315 5702 475 5758 supra
495 5680 843 5758 'memoratis
875 5680 1148 5758 conciliis.

293 5748 401 5829 (58)
430 5760 509 5815 Ita
558 5752 997 5827 appellabantur
1048 5750 1396 5829 Eutychiani,
1428 5754 1523 5820 qui
1555 5759 1611 5804 et
1639 5748 1827 5801 Mono-

224 5822 446 5905 ιςιιῖεὶιειε
505 5822 809 5889 dicuntur,
872 5822 1169 5893 propterea
1192 5822 1318 5892 quia
1369 5832 1621 5875 naturam
1664 5835 1828 5873 unam

2004 4062 2199 4129 Quid?
2264 4063 2321 4118 Si
2394 4061 2805 4117 ostenderimus
2869 4060 3011 4114 bene
3105 4060 3309 4115 multos
3373 4062 3519 4131 apud

1932 4169 2035 4209 nos
2054 4170 2242 4209 sacros
2267 4154 2529 4223 praesules
2557 4153 2662 4207 hac
2694 4153 2749 4206 in
2780 4167 2841 4206 re
2859 4167 2927 4207 ne
2958 4152 3066 4221 (39)
3099 4152 3372 4207 tantillum
3400 4154 3524 4223 qui-

1930 4246 2055 4301 dem
2083 4262 2112 4301 a
2142 4253 2292 4301 recto
2352 4246 2568 4299 tramite
2619 4244 2904 4298 aberrasse
2930 4244 2953 4296 ?
2984 4243 3231 4312 nunquid
3275 4260 3305 4299 a
3335 4244 3523 4302 furore

1923 4354 2024 4393 suo
2055 4338 2343 4405 desistent,
2376 4348 2433 4392 et
2458 4336 2677 4391 sublato
2711 4336 2861 4390 omni
2891 4335 3197 4401 obstaculo,
3228 4338 3519 4393 veritatem

1928 4445 2085 4499 aequo
2132 4430 2315 4483 animo
2365 4428 2984 4498 amplectentur?anne
3032 4428 3137 4482 hoc
3186 4428 3409 4497 quidem
3454 4430 3523 4487 iis

1928 4521 2191 4576 sanandis
2219 4519 2493 4575 sufficiet?
2514 4520 2824 4577 Necessene
2880 4520 2987 4574 erit
3016 4528 3279 4589 praeterea
3308 4531 3524 4576 vestros

1929 4627 2360 4668 commemorare
2392 4611 2730 4677 sacerdotes,
2763 4613 2857 4681 qui
2894 4611 3249 4666 ventitantad
3296 4612 3521 4666 mulier-

1930 4704 2101 4768 cuias,
2134 4719 2337 4773 easque
2377 4703 2557 4772 turpis
2591 4703 2701 4773 (40)
2730 4703 2869 4758 lucri
2916 4719 3079 4757 causa
3126 4711 3389 4772 captant;
3426 4705 3521 4774 qui

1933 4811 2040 4849 non
2096 4795 2341 4849 contenti
2388 4794 2641 4850 sacriﬁcii
2699 4796 2954 4850 mercede
2986 4795 3039 4849 in
3077 4796 3189 4865 (41)
3228 4798 3521 4868 gynecazis,

1936 4973 1989 5096 ibn
2017 4971 2258 5041 Christo,
2291 4990 2356 5029 ex
2385 4974 2625 5029 humana
2652 4983 2707 5028 et
2733 4974 2913 5029 divina
2949 4973 3267 5043 permistam
3300 4984 3522 5032 astrue-

1975 5052 2089 5095 αιιι.

1975 5052 2089 5095 ιιιιι.

2008 5114 2099 5185 (59
2128 5112 2316 5169 Grazca
2348 5114 2562 5182 phrasis
2587 5134 2615 5169 a
2652 5114 2888 5185 funiculo
2922 5114 2992 5167 ad
3036 5116 3341 5184 corrigiam.

2013 5184 2123 5254 (40)
2153 5185 2369 5260 Acriter
2401 5184 2784 5260 insectaturet
2806 5187 2868 5239 D.
2902 5186 3264 5260 Hieronymus
3289 5186 3523 5241 clerico-

1937 5270 2057 5325 rum
2113 5256 2197 5309 sui
2247 5258 2510 5324 temporis
2562 5256 2879 5316 avaritiam,
2941 5256 3033 5324 qui
3088 5255 3191 5309 sub
3238 5255 3521 5325 'prmtextu

1934 5324 2232 5394 largiendte
2263 5326 2605 5381 mulierculis
2636 5326 3057 5390 benedictionis,
3086 5324 3281 5380 aurum
3312 5335 3369 5380 et
3395 5343 3521 5383 mu-

1927 5396 2159 5466 nuseula
2186 5405 2408 5464 captare
2429 5407 2854 5465 consueverant.
2892 5395 3154 5466 151113132
3176 5398 3245 5449 ad
3267 5396 3519 5454 Eustoch.

1928 5465 2070 5537 llinc
2088 5466 2456 5520 Valentiniani
2480 5468 2597 5537 lege
2635 5466 2886 5531 vetitum,
2908 5465 2978 5522 ne
3008 5467 3191 5521 clerici
3211 5467 3283 5537 ad
3300 5467 3497 5522 viduas
3523 5508 3538 5535 ,

1927 5545 1983 5589 et
2003 5536 2260 5617 .virgines
2292 5535 2620 5606 parentibus
2644 5538 2831 5604 orbas,
2863 5537 3213 5592 accederent.
3251 5535 3409 5592 C.Th.
3446 5540 3532 5602 De.

1929 5623 2089 5674 episc.

2027 5677 2139 5747 (Η)
2174 5677 2232 5731 lu
2266 5693 2418 5731 more
2481 5679 2723 5747 positum
2768 5688 2888 5732 erat
2917 5686 2973 5732 et
3020 5677 3212 5746 primis
3264 5677 3524 5747 Ecclesia

1933 5745 2149 5802 saeculis
2173 5747 2374 5803 oﬁ'erre
2394 5745 2727 5804 sacriﬁcium
2754 5748 2805 5802 in
2832 5745 3061 5817 privatis
3081 5747 3359 5802 domibus.
3383 5745 3521 5801 Hinc

1933 5830 1991 5873 et
2028 5818 2091 5873 D.
2122 5818 2448 5875 Ambrosius
2469 5836 2496 5874 a
2532 5829 2777 5874 matrona
2807 5819 3043 5890 quadam
3088 5820 3332 5872 Romana
3352 5828 3519 5883 voca-
