4094 6334
577 398 707 465 1891

1801 391 2112 452 LEONTII
2151 387 2559 449 BYZANTINI

3718 384 3863 450 1802

570 529 629 573 et
664 517 732 573 ad
755 516 882 573 lecti
914 515 1082 587 pedes
1107 506 1305 571 οωειίι
1340 512 1615 584 stipendia
1660 512 1766 567 sibi
1808 513 2152 582 paciscuntur

2270 508 2423 579 παρά
2460 507 2629 570 πόδας
2666 506 2763 577 τῆς
2807 505 2995 575 κλίνης
3031 503 3365 575 τελουμένης
3394 502 3582 567 αῦτοῖς
3632 505 3820 575 ίερουρ
3846 534 3859 542 -

570 608 805 677 singulis
840 606 1125 661 mensibus
1147 606 1231 662 vel
1271 603 1432 659 annis
1460 602 1856 673 persolvenda?
1883 603 2163 657 Przeterco

571 699 805 768 reliqua,
838 696 1049 751 veritus
1075 712 1144 752 ne
1164 698 1252 751 vel
1280 712 1309 750 a
1327 693 1573 765 profanis
1608 694 1933 749 hominibus
1959 692 2012 746 in
2049 708 2165 746 sce-

568 808 693 847 nam
724 791 1013 855 ducamur,
1048 791 1140 860 qui
1171 791 1392 861 pietatis
1414 787 1637 857 quidem
1672 787 1895 841 inanem
1922 785 2162 855 speciem

567 900 681 953 prae
716 884 877 938 nobis
916 883 1182 946 ferimus;
1221 881 1483 950 pietatem
1532 894 1665 933 vero
1716 879 1889 947 ipsam
1935 878 2163 947 ejusque

568 975 680 1029 vim
698 976 925 1029 omnino
946 972 1259 1042 spernimus
1284 972 1703 1043 rejicimusque.
1726 971 1786 1024 lu
1810 970 1999 1026 multis
2013 971 2161 1025 enim

567 1068 903 1123 offendimus
924 1081 1139 1121 omnes.
1181 1066 1397 1120 Etenim
1438 1062 1485 1118 si
1519 1080 1618 1119 vos
1644 1063 1744 1134 ipsi
1769 1062 2035 1125 fatemini,
2063 1078 2161 1116 ne-

568 1175 676 1228 que
704 1174 901 1229 negare
924 1158 1155 1228 potestis
1181 1156 1355 1227 accipi
1386 1157 1569 1212 solere
1601 1155 1912 1210 mercedem
1945 1170 2047 1224 pro
2074 1170 2163 1209 sa-

566 1252 644 1305 cri
680 1251 789 1320 (-42)
820 1249 990 1303 fontis
1039 1249 1283 1311 lavacro,
1323 1258 1377 1302 et
1406 1263 1506 1317 pro
1556 1247 1817 1318 pretiosis
1850 1246 1960 1317 (45)
1982 1246 2158 1301 divini

568 1344 699 1397 doni
733 1342 1004 1412 reliquiis,
1052 1341 1185 1411 quid
1216 1340 1366 1394 aliud
1403 1340 1567 1394 nobis
1604 1340 1927 1411 exprobrari
1964 1339 2160 1393 audie-

566 1447 712 1494 mus,
748 1431 869 1484 -nisi
931 1429 1065 1483 illud
1102 1429 1346 1483 :Nomen
1388 1447 1562 1483 meum
1610 1431 1753 1500 apud
1802 1447 1890 1484 vos
1944 1438 2161 1500 propter

565 1532 747 1593 gente:
767 1520 990 1574 ludibrio
1010 1521 1230 1574 habetur
1248 1520 1275 1559 τι
1299 1520 1571 1591 ?0portet
1600 1522 1767 1591 igitur
1793 1538 2161 1591 unumquem-

566 1628 674 1683 que
698 1623 948 1667 nostrum
967 1613 1207 1667 educere
1229 1612 1441 1667 trabem
1462 1629 1491 1667 a
1512 1613 1754 1682 propriis
1770 1612 1965 1679 oculis,
1992 1622 2158 1683 atquc

566 1707 643 1761 ita
684 1714 948 1760 lestucam
1015 1704 1071 1757 in
1124 1703 1301 1757 oculis
1351 1704 1545 1757 alienis
1590 1702 1793 1757 clarius
1844 1702 2158 1772 perspicue

564 1797 875 1867 poterimus
901 1807 924 1833 ο
957 1811 971 1861 ;
1022 1792 1488 1863 quemadmodum
1542 1803 1733 1847 monet
1761 1794 1829 1859 is,
1877 1793 1972 1863 qui
2004 1793 2157 1848 solus

566 1896 722 1941 caret
742 1888 891 1941 omni
921 1886 1104 1955 culpa.

661 1979 788 2034 Haec
825 1993 951 2033 cum
979 1977 1167 2032 divina
1213 1975 1567 2030 Providentia
1604 1988 1803 2046 pmsto
1839 1977 1951 2031 sint
1979 1977 2155 2031 omni-

565 2072 673 2126 bus
710 2070 781 2125 ad
829 2076 980 2123 recte
1019 2067 1400 2139 iudicandum,
1437 2066 1980 2138 dignoscendamque
2010 2069 2158 2122 veri-

569 2170 776 2227 tatem;
827 2176 930 2215 nos
998 2168 1180 2215 tamen
1249 2160 1419 2229 pudet
1478 2174 1665 2213 coram
1729 2160 1853 2229 ipso
1903 2160 2157 2215 veritatis

567 2254 771 2314 Verbo.
796 2268 928 2307 vero
954 2253 1244 2306 verborum
1270 2252 1515 2306 omnium
1541 2261 1597 2305 et
1625 2266 1853 2321 operum
1878 2260 2043 2320 atque
2064 2268 2156 2306 co-

566 2344 897 2415 gitationum
932 2343 1140 2414 judice,
1181 2351 1393 2397 mutare
1417 2358 1581 2411 quam
1624 2345 1795 2397 semel
1835 2342 2157 2398 imbibimus

565 2436 909 2507 Opinionem,
942 2435 1031 2489 vel
1074 2434 1141 2488 ab
1171 2435 1362 2489 amicis
1391 2434 1475 2488 vel
1508 2434 1575 2488 ab
1610 2434 1849 2490 inimicis
1870 2434 2025 2506 quasi
2055 2435 2155 2489 do-

566 2529 813 2585 mesticis
834 2536 1137 2597 acceptam,
1155 2539 1507 2595 recusamusq
1518 2543 1582 2581 ue
1595 2528 1815 2582 sincero
1830 2529 2017 2583 animo
2031 2544 2155 2599 per-

566 2619 833 2685 pendere,
867 2634 990 2688 qum
1016 2616 1332 2679 traduntur,
1369 2617 1677 2686 eademque
1721 2626 1826 2671 tam
1860 2618 2157 2688 diligenter

565 2711 827 2775 scrutari,
856 2725 1023 2780 quam
1062 2723 1128 2764 ea
1164 2722 1263 2777 par
1284 2714 1389 2771 est,
1422 2722 1543 2776 quae
1571 2708 1641 2761 ab
1672 2708 1995 2764 hominibus
2033 2725 2154 2763 om-

563 2803 699 2859 nino
729 2802 929 2873 ignotis
962 2801 1294 2857 traduntur:
1346 2816 1659 2873 quanquam
1694 2802 1846 2855 omni
1912 2802 2155 2870 partium

566 2891 755 2948 studio
804 2901 1039 2955 remoto,
1073 2893 1312 2960 simplici
1348 2894 1554 2949 mentis
1592 2892 1798 2946 intuitu
1824 2891 1971 2946 dicta
2020 2908 2156 2947 con-

566 2983 896 3053 templantes
923 3021 936 3045 ,
1007 2982 1241 3037 meliuv
1273 2998 1337 3038 ac
1400 2981 1609 3037 rectius
1667 2981 1921 3052 judicare
1960 3023 1975 3047 ,
2010 2983 2157 3037 veri-

568 3082 848 3145 tatemque
902 3074 1107 3129 clarius
1186 3073 1500 3144 perspicere
1578 3076 1887 3144 poterimus
1940 3094 1957 3143 ;
2030 3091 2155 3130 cum

2184 1844 2231 1903 B

2267 601 2393 669 γίας
2420 601 2547 663 τοὺς
2578 599 2802 669 μισθοὺς
2833 597 3260 661 ἀποϐλέποντες,
3296 597 3527 659 καὶτοῖς
3556 597 3858 666 μηνιαίοις,

2266 695 2362 748 καὶ
2389 694 2628 765 ἐτησίοις
2658 693 2873 762 ἐράνοις
2905 690 3294 757 ὲπελπίζουσις
3323 690 3547 744 Δέδοικα
3577 689 3752 758 λέγειν
3783 690 3859 743 τὰ

2268 785 2463 848 πλείω,
2503 785 2576 854 μή
2616 802 2737 847 πως
2773 784 2867 837 καὶ
2905 782 3157 855 βεϐήλοις
3195 782 3653 854 θριαμϐευθῶμεν
3681 783 3729 834 οἱ
3752 783 3865 852 τὴν

2268 878 2542 948 μόρφησιν
2574 875 2793 945 ἔχοντες
2818 876 2918 944 τῆς
2951 874 3259 940 εὐσεϐείας,
3286 874 3387 945 τὴν
3408 875 3465 927 δὲ
3493 874 3721 943 δύναμιν
3747 876 3863 946 ηρο

2264 971 2530 1042 νημένοι·
2587 969 2763 1022 πολλὰ.
2812 966 2922 1038 γὰρ
2971 970 3235 1038 πταίομεν
3279 969 3541 1032 ἅπαντες.
3592 969 3700 1021 Καὶ
3743 968 3865 1037 γὰρ

2268 1064 2459 1136 μισθὸς
2487 1061 2581 1117 τοῦ
2612 1061 2841 1135 λουτροῦ
2872 1061 2981 1131 τῆς
3023 1062 3267 1132 χάριτος,
3306 1063 3400 1114 καὶ
3434 1062 3544 1117 ἀπο
3590 1062 3757 1131 τιμῆς
3788 1061 3865 1113 ὲκ

2271 1157 2370 1210 τῶν
2416 1153 2686 1225 λειψάνων
2730 1158 2827 1229 τῆς
2877 1154 3027 1217 θείας
3083 1156 3301 1228 δωρεᾶς
3335 1158 3383 1208 εἰ
3416 1152 3862 1225 συμπεφώνηταί

2266 1268 2342 1321 πη
2371 1250 2439 1303 δι’
2464 1252 2643 1319 ὑμῶν,
2680 1252 2734 1304 τί
2759 1252 2951 1321 ἕτερον
2983 1245 3356 1317 ἀκουσόμεθα,
3379 1246 3412 1317 ἢ
3438 1245 3521 1298 ὅτι
3553 1243 3625 1299 Τὸ
3661 1240 3863 1314 ὄνομά

2258 1361 2377 1413 μου
2426 1343 2502 1397 δι’
2529 1343 2697 1413 ὑμῶν
2748 1342 3196 1412 ,ϐλασφημεῖται
3251 1341 3320 1392 ἐν
3381 1337 3506 1403 τοῖς
3567 1336 3861 1397 ἔθνεσινς

2275 1436 2527 1505 Ἀρκέσει
2568 1437 2701 1506 γοῦν
2751 1437 2967 1506 ἑκάστῳ
3002 1436 3065 1487 ἐκ
3111 1433 3202 1487 τοῦ
3254 1431 3385 1484 ἰδίου
3415 1428 3702 1499 ὀφθαλμοῦ
3751 1428 3861 1499 τὴν

2260 1500 2414 1581 δοκὸν
2439 1500 2703 1600 ἐξαιρείν,
2737 1528 2830 1581 καὶ¹
2857 1500 2977 1580 τότε
3008 1526 3336 1595 τρανότερον
3361 1523 3422 1575 τὸ
3453 1524 3511 1574 ἐν
3542 1520 3619 1591 τῷ
3648 1519 3862 1589 ὀφθαλ-

2264 1620 2349 1690 μῷ
2380 1621 2591 1692 κάρφος
2626 1623 2929 1687 κατανοεῖν,
2948 1620 3091 1673 καθά
3122 1635 3283 1688 φησιν
3321 1617 3451 1688 ἡμῖν
3479 1615 3507 1667 ό
3534 1614 3693 1685 μόνος
3717 1614 3861 1666 ἀνα-

2264 1714 2558 1787 μάρτητος.

2333 1968 2552 2023 Τούτων
2576 1971 2774 2042 δὲήμῖν
2804 1975 2901 2026 σὺν
2923 1972 3041 2043 θεῷ
3077 1972 3499 2046 προὶτεψέντων
3536 1981 3615 2038 εἰς
3640 1974 3855 2047 κρίσιν,

2260 2056 2355 2117 καὶ
2388 2064 2673 2131 διάσκεψιν
2710 2067 2877 2118 πᾶσιν
2923 2066 3261 2136 ἀνθρώποις,
3325 2066 3687 2137 δυσωποῦμεν
3755 2071 3853 2122 ὲν-

2259 2153 2430 2207 ὠπιον
2454 2155 2548 2208 τοῦ
2578 2157 2679 2227 τῆς
2710 2156 2971 2228 ἀληθείας
2995 2157 3167 2226 Λόγου
3186 2158 3280 2211 τοῦ
3308 2158 3477 2223 δντως
3501 2158 3690 2229 κριτοῦ
3711 2176 3857 2212 παν-

2258 2246 2349 2309 τὸς
2398 2246 2580 2315 λόγου,
2617 2250 2711 2303 καὶ
2760 2249 2949 2320 ἔργου,
2987 2252 3081 2303 καὶ
3119 2255 3394 2319 νοήματος
3424 2251 3605 2322 ήμῶν,
3640 2250 3852 2304 αποθέ-

2261 2338 2388 2392 σθαι
2434 2340 2670 2394 ἕκαστον
2715 2342 3127 2413 ἐντευξόμενον,
3176 2344 3277 2398 κάν
3306 2361 3366 2397 τε
3390 2344 3491 2415 τῆς
3544 2342 3853 2414 ἡμετέρας,

2262 2430 2364 2483 κᾶν
2394 2447 2453 2483 τε
2481 2431 2583 2499 τῆς
2622 2432 2910 2501 ἀλλοτρίας
3004 2435 3161 2505 δόξης
3181 2435 3279 2505 τὴν
3309 2434 3385 2498 ὡς
3426 2434 3556 2505 παρ’
3603 2434 3853 2497 οἰκείων,

2260 2520 2357 2573 καὶ
2385 2520 2660 2591 πολεμίων
2690 2523 2958 2592 ἀκρόασιν
2990 2524 3099 2576 τῶν
3139 2526 3469 2595 εἰρημένων,
3511 2524 3604 2578 καὶ
3634 2524 3852 2597 κρίνειν

2256 2612 2325 2665 τὰ
2360 2612 2616 2682 ρηθέντα,
2653 2613 2731 2678 ὠς
2772 2615 2924 2684 παρά
2956 2633 3121 2668 τινων
3155 2617 3334 2689 πάντῃ
3368 2619 3665 2686 ἀγνώστων
3694 2614 3860 2685 αὐτῷ

2259 2705 2371 2757 τῶν
2420 2705 2689 2775 ἑκατέρου
2744 2708 2973 2778 μέρους·
3018 2709 3109 2761 καὶ
3152 2707 3350 2761 οὔποτε
3401 2708 3632 2778 θατέρου
3682 2708 3853 2778 λόγου

2260 2795 2800 2866 προθεματισθέντος
2853 2800 2993 2850 κατά
3038 2799 3137 2869 τὴν
3185 2800 3427 2854 διάνοιαν
3468 2800 3639 2871 αὐτῷ,
3674 2803 3770 2854 καὶ
3801 2803 3853 2853 εξ

2258 2888 2429 2953 ὅντως
2482 2890 2677 2961 γυμνῷ
2727 2891 2806 2962 τῷ
2861 2894 3130 2966 κριτηρίῳ
3178 2893 3388 2948 ἑαυτῶν
3427 2896 3597 2966 χωρῖς
3646 2894 3856 2958 παντὸς

2261 2980 2633 3049 προσπαθοῦς,
2677 2983 2769 3035 καὶ
2821 2983 3151 3046 ἅντιπαθοῦς
3202 2985 3667 3054 ὲπισκοτίσματος
3708 2984 3851 3055 ἀλη-

2230 3138 2231 3141 η
2261 3066 2498 3138 θέστερα
2524 3069 2820 3140 κρίνωμεν,
2857 3072 2951 3125 καὶ
2972 3072 3340 3145 εὐλογώτερα,
3368 3074 3463 3129 καὶ
3493 3074 3853 3145 ίσχυρότερα,

565 3168 705 3224 alias
752 3168 960 3225 nostris
988 3169 1076 3223 his
1096 3169 1354 3225 hostibus
1379 3170 1614 3225 nimium
1664 3170 1952 3241 indulgere
1979 3169 2152 3224 solea-

2260 3161 2354 3213 καὶ¹
2401 3162 2687 3234 σοφώτερα
2731 3164 2800 3217 τά
2849 3164 2979 3234 παρ’
3010 3166 3191 3219 αὐτῶν
3235 3168 3281 3219 οἱ
3317 3168 3493 3221 τοῖσδε
3532 3171 3646 3231 τοῖς
3684 3170 3855 3222 ἐναν-

563 3274 709 3313 mus.
741 3256 915 3324 Quam
963 3258 1035 3313 ob
1073 3274 1188 3315 rem
1222 3258 1486 3315 audacter
1525 3259 1798 3314 aﬂirmare
1848 3275 1957 3313 non
1987 3259 2153 3313 dubi-

566 3359 768 3413 tamus,
807 3363 905 3404 eos
955 3350 1049 3419 qui
1108 3350 1243 3420 ipsis
1300 3350 1604 3413 adhaarent,
1669 3360 1961 3419 propterea
2026 3351 2155 3421 quia

563 3443 778 3491 rectum
820 3451 1014 3491 eorum
1063 3436 1261 3508 dogma
1313 3446 1527 3508 putant,
1557 3440 1778 3493 etiamsi
1819 3455 2012 3494 revera
2044 3456 2157 3494 ma-

560 3526 676 3582 lum
704 3527 777 3583 sit
804 3544 868 3583 ac
894 3530 1035 3584 male
1070 3532 1351 3585 sentiant:
1382 3532 1681 3601 impietatis
1715 3541 1901 3587 notam
1936 3533 2159 3589 subitu-

561 3635 656 3674 ros
689 3636 800 3676 non
838 3637 961 3677 esse
990 3660 1006 3685 ,
1050 3637 1174 3676 cum
1214 3624 1359 3679 Deus
1405 3625 1592 3682 cordis
1628 3626 1819 3681 intima
1850 3636 1907 3682 et
1939 3628 2157 3682 occulta

559 3710 909 3785 iudicaturus
933 3714 1183 3769 accedet.
1220 3734 1238 3767 ι
1270 3715 1406 3771 Cum
1438 3719 1587 3772 enim
1607 3760 1620 3785 ,
1669 3718 1778 3785 ait,
1805 3735 1990 3774 coram
2037 3720 2157 3789 ipso

560 3819 886 3874 persuasum
915 3806 1086 3860 fuerit
1114 3822 1211 3862 cor
1260 3818 1534 3875 nostrum,
1576 3827 1757 3881 neque
1810 3812 2155 3867 conscientia

560 3905 752 3951 nostra
780 3913 881 3951 nos
920 3898 1141 3954 mordet
1169 3916 1183 3965 ;
1212 3900 1358 3955 Deus
1394 3903 1569 3973 major
1613 3913 1699 3959 est
1733 3904 1902 3959 corde
1938 3914 2151 3968 nostro,

559 3988 937 4058 perspicitque
974 3992 1184 4045 omnia.
1217 4011 1236 4043 ι
1281 3992 1351 4047 At
1391 3994 1433 4047 si
1471 3995 1722 4050 veritatis
1752 3996 1994 4051 Verbum
2031 4012 2152 4051 sese

559 4077 707 4133 clare
750 4079 914 4134 nobis
946 4081 1246 4150 patefacit,
1296 4094 1627 4154 nostrasque
1674 4096 1891 4142 mentes
1940 4086 2152 4142 lumine

558 4187 661 4227 suo
693 4173 979 4243 perfundit
1004 4193 1018 4238 ;
1039 4192 1142 4231 nos
1164 4188 1359 4232 contra
1399 4178 1712 4235 claudimus
1734 4182 1948 4247 oculos,
1973 4182 2153 4248 ,obtu-

558 4268 861 4334 ramu‘sque
922 4276 1143 4320 nostras
1195 4283 1358 4323 aures
1417 4280 1611 4339 sponte
1659 4271 1812 4325 surdi
1866 4272 2153 4327 evadendo

558 4354 976 4427 rejicieudoque
1006 4357 1293 4413 veritatem
1326 4360 1537 4430 ipsam:
1572 4361 1819 4431 profecto
1850 4363 2148 4418 miserrimi

550 4447 804 4501 omnium
835 4447 1338 4519 deprchendemur,
1396 4453 1758 4523 omniumque
1793 4454 2151 4510 commisera-

2259 3251 2397 3317 τίοις
2437 3255 2569 3323 ήμῖν
2614 3257 3023 3327 προσκείμενοι.
3058 3258 3247 3323 Οῦτως
3291 3260 3586 3330 τολμῶμεν
3639 3260 3851 3330 λέγειν,

2257 3343 2335 3407 ὡς
2357 3346 2407 3399 εί
2436 3347 2531 3399 καλ⁵
2562 3348 2751 3412 κακῶς
2780 3349 2952 3403 ταῦτα
2987 3352 3187 3405 ἐκεῖνοι
3228 3355 3477 3423 φρονοῖεν
3515 3355 3565 3406 oi
3597 3370 3854 3407 συκαπα-

2259 3438 2484 3507 γόμενοι
2506 3440 2712 3504 αὐτοῖς,
2744 3440 2835 3494 διά
2862 3441 2922 3494 τὸ
2954 3443 3099 3509 δόξαι
3130 3443 3340 3509 τούτοις
3373 3444 3854 3517 θεοπρεπέστερου

2258 3524 2401 3583 εἶναι
2454 3529 2631 3602 δόγμα
2683 3533 2744 3585 τὸ
2794 3535 2913 3586 κατ’
2944 3535 3161 3601 αὐτοὺς,
3214 3537 3275 3589 οὐ
3342 3537 3850 3609 κατακριθήσονται

2259 3621 2521 3676 ἀσέϐειαν
2578 3625 2637 3677 ἐν
2690 3625 2897 3696 ἡμέρᾳ,
2945 3628 3032 3679 ὅτε
3078 3630 3257 3700 κρινεί
3290 3630 3316 3683 ό
3349 3629 3482 3693 Θεδς
3516 3630 3583 3684 τά
3624 3630 3851 3700 κρυπτά

2258 3716 2367 3769 τῶν
2422 3715 2681 3787 καρδιῶν.
2732 3736 2752 3769 ‹
2791 3718 2917 3772 Ἐὰν
2945 3720 3075 3790 γὰρ,
3113 3722 3300 3792 φησιν,
3329 3722 3641 3796 ἔμπροσθεν
3676 3725 3850 3780 αὑτοῦ

2260 3808 2541 3878 πείσωμεν
2573 3810 2673 3872 τὰς
2710 3810 2939 3880 καρδίας
2984 3812 3157 3882 ήμῶν,
3200 3815 3293 3868 καὶ
3348 3816 3381 3885 ή
3443 3817 3642 3887 καρδία
3690 3819 3853 3888 ήμῶν

2259 3898 2649 3981 καταγινώσκῃ
2677 3900 2855 3971 ήμῶν,
2885 3901 2914 3953 ὁ
2944 3901 3078 3965 Θεὸς
3109 3902 3313 3973 μείζων
3344 3906 3462 3959 ἐστὶ
3493 3906 3591 3977 τῆς
3619 3908 3852 3979 καρδίας

2257 3986 2437 4058 ήμῶν,
2472 3988 2565 4043 καὶ
2604 3990 2865 4059 γινώσκει
2912 3992 3111 4049 πάντα.
3142 4012 3158 4044 ι
3194 3995 3256 4047 Et
3281 3995 3337 4048 δὲ
3366 3998 3395 4050 ὁ
3441 3996 3541 4066 μὲν
3568 3998 3669 4068 τῆς
3708 3999 3847 4072 ἀλη-

2256 4080 2410 4144 θείας
2446 4083 2620 4150 Λόγος
2656 4084 2972 4155 φαιδράξων
3027 4086 3224 4141 ἑαυτὸν
3270 4089 3645 4145 ἐπιδείκνυσιν
3676 4094 3846 4164 ἡμῖν’

2257 4174 2414 4243 ἡμεῖς
2442 4174 2499 4226 δὲ
2530 4192 2655 4238 τους
2684 4192 2743 4229 τε
2772 4176 3084 4247 ὀφθαλμοὺς
3114 4181 3465 4252 καμμύομεν,
3498 4183 3594 4236 καὶ
3612 4187 3723 4249 τοῖς
3740 4186 3853 4240 ὠσὶ

2256 4263 2468 4334 βαρέως
2502 4262 2777 4333 ἀκούομεν
2826 4266 2993 4319 αὑτοῦ
3030 4267 3527 4337 ὲθελοκωφοῦντος,
3569 4276 3666 4327 καὶ
3708 4275 3849 4329 ἀπο-

2254 4356 2603 4427 στρεφόμεθα
2625 4357 2806 4424 αὐτὸν,
2834 4358 3003 4423 δντως
3036 4362 3238 4426 παντὸς
3268 4363 3466 4435 θρήνου
3496 4365 3680 4431 ἀξίους
3712 4369 3849 4422 ἐαυ-

2252 4450 2379 4511 τοῦς
2410 4450 2831 4520 καταστήσομεν
2854 4450 2953 4521 τὴν
2982 4452 3249 4524 αἰσχύνην
3283 4456 3383 4525 τῆς
3420 4456 3727 4530 μελλούσης
3752 4460 3851 4514 ἀλ-

554 4536 708 4594 tione
736 4547 900 4610 atque
924 4540 1079 4595 luctu
1102 4540 1277 4612 digni,
1308 4544 1447 4599 nihil
1482 4545 1636 4599 illum
1664 4545 1971 4601 verendum
1996 4534 2143 4602 diem

2258 4541 2612 4612 λοτριώσεως,
2639 4542 2735 4596 καὶ
2768 4543 3055 4615 ἀρνήσεως
3102 4546 3364 4617 Χριστοῦ,
3408 4549 3641 4605 ἐνώπιον
3676 4554 3849 4621 ἀγγέ-

553 4629 929 4697 formidando,
952 4647 1062 4702 quo
1093 4648 1281 4688 coram
1306 4636 1517 4705 angelis
1547 4651 1611 4690 ae
1639 4639 2027 4707 potestatibus,
2058 4646 2145 4694 to-

552 4731 725 4791 toque
779 4731 1052 4779 terrarum
1128 4725 1264 4781 orbe
1319 4727 1417 4781 Dei
1483 4727 1755 4798 judicium
1802 4728 2083 4785 subeunte
2116 4746 2146 4785 a

548 4812 776 4870 Christo
800 4815 1136 4887 rejiciemur.
1174 4817 1295 4885 Quo
1317 4834 1449 4875 sane
1479 4820 1569 4876 die
1597 4822 1733 4876 nihil
1762 4822 1923 4877 nobis
1946 4823 2149 4893 prode-

554 4904 654 4969 rit,
688 4921 872 4977 neque
905 4914 1157 4963 nostrum
1183 4910 1237 4965 in
1267 4911 1667 4999 haeresiarchas
1697 4913 2007 4984 impensum
2034 4923 2147 4969 stu-

550 4996 731 5063 dium,
752 5013 935 5070 neque
953 5000 1236 5071 sanguinis
1259 4996 1545 5074 cognatio,
1562 5020 1740 5075 neque
1760 5005 2136 5071 familiarium,

552 5096 651 5142 aut
676 5090 851 5159 patria
892 5092 1241 5147 consuetudo
1263 5093 1407 5163 (qua
1432 5094 1657 5163 quidam
1682 5096 1965 5151 insolubili
1994 5097 2139 5153 nodo

613 5243 643 5284 δ
674 5246 877 5303 Ezecb.
937 5263 1118 5315 χχχιιι,
1155 5247 1226 5301 20
1255 5266 1270 5314 ;
1332 5249 1491 5304 Rom.
1521 5266 1579 5315 Il,
1607 5249 1697 5305 24.

548 5403 778 5476 tus_l_'uit,
804 5413 866 5457 ut
884 5402 938 5458 in
958 5405 1079 5476 ejus
1096 5404 1262 5476 domo
1282 5405 1613 5462 sacriﬁcium
1636 5406 1884 5462 offerret.
1908 5406 2127 5462 Paulin.

545 5478 601 5529 in
636 5474 751 5529 Vita
780 5475 962 5539 Ambr.
992 5474 1050 5529 in.
1082 5475 1170 5530 10.

616 5545 730 5617 (42)
757 5545 988 5615 Vigebat
1009 5556 1066 5601 et
1086 5547 1141 5601 iu
1172 5546 1435 5603 Ecclesiis
1455 5546 1906 5604 Occidentalibus
1925 5550 2130 5606 szeculo

546 5616 717 5688 tertio
764 5631 882 5669 mos
935 5618 1177 5686 ponendi
1234 5627 1509 5672 monetam
1572 5619 1811 5688 aliquam
1854 5620 1908 5673 in
1971 5635 2131 5675 sacro

544 5685 715 5749 fonte,
753 5702 917 5755 quam
938 5685 1233 5753 sacerdos,
1260 5688 1459 5742 collato
1490 5685 1855 5748 sacramento.
1900 5691 2001 5745 sibi
2033 5706 2094 5744 su
2115 5719 2130 5731 -

544 5770 697 5825 mere
721 5757 949 5811 solebat.
988 5758 1161 5825 Quem
1218 5774 1426 5814 rnorem
1484 5759 1765 5813 damnavit
1826 5762 2126 5815 concilium

542 5824 967 5897 Elibcritanum,
998 5824 1120 5887 can.
1182 5830 1272 5897 48,
1305 5846 1373 5885 ne
1400 5830 1661 5885 sacerdos
1708 5832 1944 5887 vendere
1976 5832 2127 5886 vide-

1786 5260 1808 5288 ε
1834 5250 1970 5305 Luc.
2015 5268 2089 5314 vt,
2120 5252 2209 5308 42.

2244 4634 2372 4696 λων.
2426 4636 2522 4689 καὶ
2576 4636 2861 4703 ἐξουσιῶν,
2915 4639 3119 4701 παντός
3152 4656 3211 4692 τε
3243 4640 3336 4693 τοῦ
3382 4642 3706 4713 κρινομένου
3751 4646 3845 4697 κό-

2248 4746 2408 4797 σμου,
2432 4730 2492 4783 οὐ
2518 4730 2938 4801 προῦπιδόμενοι
2958 4748 2969 4761 ³
2998 4735 3087 4787 ὅτε
3111 4735 3265 4788 οῦδὲν
3298 4738 3446 4807 ἡμᾶς
3471 4739 3678 4809 ὀνήσει,
3715 4740 3843 4796 οὔτε

2244 4826 2276 4893 ή
2316 4824 2455 4893 πρὸς
2492 4824 2619 4887 τοὺς
2648 4825 3011 4895 αίρεσιάρχας
3044 4826 3415 4897 προσπάθεια,
3448 4828 3574 4883 οὔτε
3610 4832 3643 4902 ή
3690 4849 3845 4899 γονι-

2248 4916 2339 4985 κὴ,
2374 4916 2407 4986 ἢ
2439 4915 2650 4987 φιλικὴ,
2677 4916 2710 4987 ἢ
2743 4918 2943 4986 τοπικὴ
2979 4919 3261 4989 συνήθεια,
3292 4921 3430 4992 πρὸς
3453 4922 3551 4992 τὴν
3580 4924 3843 4979 ἀσέϐειαν

2253 5008 2465 5071 ἀλύτως
2493 5008 2645 5072 τινάς
2684 5010 3191 5080 καταδεσμεύουσα,
3230 5012 3355 5066 οὔτε
3404 5016 3674 5086 πορισμὸς
3706 5034 3845 5087 χρη-

2258 5099 2466 5169 μάτων,
2503 5099 2536 5171 ἢ
2563 5100 2732 5171 κέρδη
2770 5099 2894 5154 τινὰ
2922 5102 3153 5174 βιωτικά
3181 5103 3670 5170 δυσαποσπάστως
3695 5108 3844 5176 ἡμᾶς

2240 5419 2415 5494 re‘tjtl'r‘,
2458 5410 2603 5494 quod
2642 5412 2758 5494 ipse
2791 5406 3234 5494 gratis’accepir.

2295 5480 2406 5555 (45)
2464 5482 2628 5537 Panis
2658 5480 2917 5555 videlicet
2960 5480 3293 5555 consecrati,
3345 5500 3511 5555 quem
3561 5485 3614 5540 in
3662 5486 3841 5543 frusta

2240 5550 2493 5607 dividere
2540 5560 2597 5606 et
2646 5554 2959 5607 astantibus
3033 5550 3378 5609 distribuere
3446 5569 3840 5614 consueverat.

2236 5621 2409 5695 Cujus
2452 5625 2619 5695 panis
2653 5623 2916 5693 reliquias
2952 5624 3101 5693 quod
3146 5624 3341 5679 nefarii
3376 5627 3603 5695 quidam
3652 5643 3841 5683 sacer-

2238 5692 2397 5775 dotes
2426 5692 2675 5776 pem-mia:
2695 5692 2879 5776 gratia
2926 5692 3251 5755 venderent.
3282 5692 3474 5752 hac—de
3505 5714 3563 5753 re
3630 5699 3837 5755 merito

2238 5764 2491 5832 queritur
2532 5764 2799 5820 Leontius
