4094 6334
206 371 346 433 1803

1417 369 1718 429 CONTRA
1759 367 2356 431 MONOPIIYSITAS.

3391 373 3528 439 ιδςι

209 487 321 540 ἀπὶ)
371 483 478 554 τῆς
531 481 968 552 δεισιδαιμονίας
1016 483 1342 551 ποιήσαντα,
1380 483 1476 550 καὶ
1527 481 1617 533 τὸν
1659 482 1835 551 μέγαν

1944 481 1996 534 in
2036 482 2317 550 impietate
2345 481 2704 552 detinentur)
2733 525 2746 548 ,
2774 499 2955 555 neque
2987 485 3308 542 divitiarum
3341 496 3522 561 copia,

219 577 502 648 πορισμὸν
548 576 652 646 τὴν
692 575 982 628 εὐσέϐειαν
1023 575 1162 644 μετά
1204 573 1541 645 αὐταρκείας
1582 574 1830 643 παριδεῖν

225 669 634 723 ὑποπείσαντα.
683 669 747 722 Οἱ
813 667 922 738 γὰρ
961 667 1025 736 δὴ
1067 667 1453 737 φατριαστικοὶ
1492 666 1701 735 κρότοι,
1738 667 1834 718 καὶ

230 763 444 829 ἀγῶνες
515 760 903 827 ἀντιλογικοὶ,
961 759 1055 810 καὶ
1113 757 1386 827 πρόληψις
1445 756 1834 826 διδασκαλικῆς

234 856 414 919 ἀξίας,
453 851 746 920 φιλοῦντες
786 851 1046 918 λέγεσθαι
1083 850 1252 921 ραϐϐὶ
1303 849 1592 919 παρά’τῶν
1621 849 1834 921 ἀνθρώ-

239 963 377 1006 πων,
421 942 522 994 τοῦ
563 943 920 1012 οἱκτροτάτου
973 942 1186 994 ἐκείνου
1214 940 1575 1010 ταλανισμοῦ,
1605 943 1697 994 καὶ
1728 939 1836 991 τῶν

234 1035 651 1104 όδυνηροτάτων
691 1033 963 1102 βασάνων,
1010 1032 1104 1086 καὶ
1153 1032 1252 1102 τῆς
1296 1033 1376 1094 εἰς
1415 1032 1478 1084 τὸ
1529 1032 1719 1093 σκότος
1775 1031 1836 1082 τὸ

233 1126 508 1196 ἐξώτερον
539 1125 893 1197 παραδόσεως
917 1123 1267 1194 ὲξαιροῦνται
1296 1122 1508 1186 τούσδε,
1535 1122 1584 1174 οἳ
1618 1123 1678 1174 τὸ
1717 1122 1831 1190 φῶς

230 1221 335 1289 τῆς
367 1219 633 1289 ἀληθείας
663 1218 996 1287 ἠρνήσαντο,
1031 1217 1126 1269 καὶ
1162 1216 1478 1294 ηὐδόκῃσαν
1503 1217 1560 1267 ἐν
1595 1215 1673 1285 τῷ
1709 1213 1830 1266 σκόι

231 1325 317 1360 τει
347 1307 444 1359 τοῦ
468 1307 717 1376 ψεύδους.
753 1307 1060 1376 Εὐάρεστον
1088 1306 1200 1375 γάρ
1225 1305 1346 1374 Θεῷ
1384 1304 1446 1356 τὸ
1476 1305 1679 1367 παντὸς
1707 1321 1838 1374 προ-

236 1400 453 1451 τιθέναι
484 1399 586 1469 τὴν
611 1398 892 1466 ἀλήθειαν,
925 1398 1017 1449 καὶ
1046 1398 1282 1466 μάλιστα
1313 1399 1371 1449 ὲν
1399 1399 1512 1458 τοῖς
1547 1398 1673 1465 περὶ
1703 1396 1838 1448 Θεοῦ

231 1489 405 1544 αὐτοῦ
434 1495 531 1562 τῆς
549 1490 830 1556 ἀληθείας.
856 1487 955 1540 Διά
971 1488 1102 1556 γοῦν
1117 1488 1236 1540 τόδε
1261 1489 1355 1539 καὶ
1381 1487 1540 1555 μόνον
1583 1485 1836 1555 Ἀϐραὰμ

228 1581 522 1635 Χαλδαίων
555 1581 652 1651 τὴν
673 1580 930 1634 ἀσέϐειαν
947 1579 1270 1640 ἀποπτύσας
1289 1578 1431 1650 μετά
1475 1577 1679 1646 πατρὸς
1700 1617 1714 1639 ,
1746 1579 1840 1630 καὶ

227 1672 410 1732 οἷκον,
435 1668 529 1721 καὶ
564 1669 906 1736 συγγενείας,
945 1669 1038 1722 καὶ
1065 1669 1252 1736 φίλων,
1285 1669 1380 1720 καὶ
1399 1667 1716 1737 χώρας,καὶ
1743 1669 1843 1720 λοι·

230 1761 379 1824 πῶν,
398 1761 785 1831 προσεχώρησε
804 1763 867 1830 τῇ
887 1759 1154 1830 εὐσεϐείᾳ,
1173 1758 1291 1828 Θεῷ
1305 1776 1361 1810 τε
1379 1760 1472 1811 ἐπὶ
1491 1759 1669 1829 τούτῳ
1694 1759 1841 1829 πρώ-

1934 589 2114 642 neque
2151 574 2428 628 mundana
2455 575 2704 643 quaedam
2734 577 2910 641 lucra,
2943 595 3066 648 quae
3098 595 3198 635 nos
3225 582 3298 635 ita
3331 582 3528 638 devin-

1934 667 2108 728 ciunt,
2131 676 2190 718 ut
2209 665 2296 718 vix
2314 682 2377 720 ac
2397 682 2467 720 ne
2497 667 2583 721 vix
2609 669 2833 738 quidem
2868 685 2898 723 a
2915 673 3312 740 superstitione
3342 672 3533 732 divelli

1937 758 2232 826 possimus,
2280 767 2333 812 et
2380 759 2643 826 pietatem
2679 763 2909 831 ejusque
2967 766 3171 818 sociam
3193 767 3533 822 moderatio-

1938 862 2062 899 nem
2091 848 2396 916 ingentium
2429 850 2704 904 bonorum
2728 851 2936 906 fontem
2963 856 3197 922 rejicere
3233 872 3342 910 non
3373 858 3536 912 dubi-

1939 947 2138 992 temus.
2176 937 2294 992 Non
2324 940 2471 993 enim
2507 941 2844 996 familiarum
2878 946 3126 1012 plausus,
3163 956 3257 1000 aut
3291 959 3533 1003 conten-

1938 1028 2104 1082 tionis
2135 1029 2341 1093 studia,
2372 1045 2554 1099 neque
2585 1047 2726 1086 vana
2768 1034 2964 1102 gloria,
3009 1051 3118 1104 qua
3147 1037 3439 1107 magistros
3464 1038 3539 1092 ab

1939 1119 2263 1174 hominibus
2295 1121 2636 1190 seappellari
2683 1123 2944 1191 gaudent,
2999 1126 3218 1194 eripere
3271 1138 3534 1196 poterunt

1940 1213 2172 1266 summis
2199 1212 2305 1266 illis
2329 1213 2588 1278 miseriis,
2613 1216 3007 1286 atrocibusque
3032 1219 3342 1288 suppliciis,
3365 1230 3536 1290 atque.

1941 1305 2187 1358 tenebris
2239 1306 2610 1360 exterioribus
2663 1307 2918 1364 homines
2957 1311 3101 1374 illos,
3156 1312 3249 1380 qui
3285 1314 3542 1368 veritatis

1941 1395 2144 1449 claram
2182 1397 2360 1449 lucem
2388 1407 2733 1463 aversantur,
2759 1409 2927 1470 atque
2949 1401 3180 1471 gloriam
3206 1403 3349 1456 inter
3376 1421 3532 1458 meu-

1942 1485 2085 1539 dacii
2139 1487 2395 1540 tenebras
2440 1498 2717 1556 quaerunt.
2778 1491 2890 1544 Deo
2927 1491 3130 1561 quippe
3185 1502 3399 1561 gratum
3448 1501 3534 1547 est

1946 1577 2232 1631 veritatem
2267 1579 2433 1633 rebus
2461 1581 2723 1635 omnibus
2747 1590 3103 1651 anteponere,
3139 1583 3531 1652 praesertimin

1945 1667 2014 1720 iis
2052 1685 2174 1737 quae
2201 1679 2453 1738 spectant
2476 1671 2542 1723 ad
2575 1672 2747 1725 Deum
2775 1673 2973 1742 ipsum.
2999 1675 3111 1728 Hac
3141 1692 3248 1728 una
3274 1675 3342 1729 de
3368 1692 3533 1729 causa

1946 1769 2002 1814 et
2037 1762 2313 1814 Abraham
2360 1761 2744 1817 Chaldaeorum
2804 1765 2970 1835 impia
3001 1768 3269 1838 religione
3298 1768 3539 1838 abjecta,

227 1870 311 1923 τῳ
344 1854 440 1904 καὶ
478 1852 624 1921 μόνῳ
650 1853 959 1920 ὴγάπηται,
987 1850 1080 1902 καὶ
1100 1849 1461 1917 πεφύλακται,
1489 1851 1584 1902 καὶ
1621 1851 1837 1916 δεδόξα-

1950 1853 2155 1906 relictis
2209 1853 2377 1908 rebus
2436 1856 2720 1920 omnibus,
2777 1866 2952 1926 patre,
3020 1858 3208 1923 domo,
3259 1861 3539 1930 cognatis,

229 1961 385 2004 σται,
434 1944 529 1994 καὶ
584 1941 983 2011 πεπλήθυνται.
1020 1939 1232 2002 Παῦλος
1273 1940 1329 1992 δὲ
1379 1941 1406 1992 6
1443 1940 1741 2003 ἀπόστολος
1773 1941 1834 1993 ἆ·-

227 2052 359 2088 τινα
403 2030 470 2102 ἦν
520 2035 671 2104 αὐτῷ
715 2034 905 2104 κέρδη,
955 2033 1133 2087 πάντα
1181 2033 1432 2085 σκύϐαλα
1473 2035 1732 2102 ’ἡγήσατο
1765 2032 1831 2084 δι’

230 2129 392 2181 οἰδὲν
431 2127 646 2197 ἓτερον,
697 2128 783 2180 ἵνα
832 2127 1065 2196 Χριστὸν
1113 2127 1384 2198 κερδανεῖ.
1420 2127 1529 2178 Καὶ
1564 2129 1612 2178 οἱ
1656 2126 1834 2178 λοιποὶ

229 2223 441 2283 πάντες
462 2219 521 2286 ἐξ
563 2220 864 2289 Ἐλλήνων,
885 2220 981 2273 καὶ
1012 2218 1394 2289 Σαμαρειτῶν,
1425 2219 1519 2270 καὶ
1558 2219 1834 2270 Ἰουδαίων

229 2315 421 2366 πιστοὶ
453 2312 598 2380 ἅγιοι
616 2311 878 2374 ὡσαύτως
907 2310 1095 2380 ἔσχον·
1129 2329 1146 2360 ι
1183 2310 1242 2363 ’0
1270 2311 1376 2380 γὰρ
1399 2309 1474 2380 μὴ
1500 2309 1833 2378 ἀρνούμενος

229 2407 476 2476 πατέρα,
510 2404 838 2474 καὶμητέρα
869 2404 961 2454 καὶ
996 2403 1282 2471 ἀδελφοὺς,
1317 2403 1411 2454 καὶ
1456 2402 1713 2469 ἀδελφὰς,
1743 2402 1836 2454 καὶ

228 2499 426 2554 τέκνα,
461 2496 554 2547 καὶ
583 2494 808 2564 ἀγροὺς,
842 2495 933 2546 καὶ
971 2495 1168 2558 οίκίαν,
1195 2493 1273 2545 ἔτι
1305 2493 1360 2544 δὲ
1393 2494 1481 2546 καὶ
1512 2493 1610 2563 τὴν
1642 2491 1833 2545 ἑαυτοῦ

226 2586 414 2658 ψδχὴν
443 2587 630 2638 ἕνεκεν
657 2585 812 2656 ἐμοῦ,
843 2587 939 2637 οὐκ
968 2585 1080 2639 ἐστι
1115 2603 1216 2656 μου
1247 2585 1417 2649 ἄξιος,
1443 2604 1461 2638 ι
1485 2587 1647 2655 φησὶν
1667 2585 1694 2636 6
1721 2584 1834 2636 Κύ-

231 2695 374 2750 ριος.
400 2681 505 2732 Καὶ
533 2680 709 2749 μήτις
726 2678 1115 2746 διαλογιζέσθω
1133 2679 1308 2746 λέγων
1325 2696 1338 2709 ο
1359 2677 1497 2730 Ἀλλ’
1515 2678 1612 2747 οὐχ
1641 2679 1672 2746 ἡ
1697 2677 1836 2730 κατά

229 2775 335 2834 τὰς
376 2773 618 2844 αίρέσεις
666 2771 895 2836 διένεξις
934 2771 1071 2839 πρὸς
1111 2770 1210 2841 τὴν
1252 2769 1562 2839 ὁρθοδοξίαν
1589 2770 1648 2820 οὐ
1680 2769 1835 2820 τόσον

228 2865 547 2933 διέστηκεν,
579 2863 654 2925 ὡς
693 2864 725 2932 ἡ
767 2862 1077 2926 Χαλδαίων,
1116 2864 1210 2914 καὶ
1254 2861 1546 2931 Ἐϐραίων,
1580 2860 1673 2912 καὶ
1714 2859 1836 2911 Ἐλ-

231 2955 420 3025 λήνων
458 2954 686 3006 ἀσέϐεια
738 2953 838 3021 τῆς
896 2951 1137 3022 ἀληθοῦς
1196 2953 1454 3014 πίστεως,
1497 2952 1583 3004 ἵνα
1634 2950 1838 3019 ὁμοίως

232 3048 427 3109 αὐτοῖς
475 3042 867 3115 ἀλλοτριωθείη
899 3044 1007 3096 ἀπὸ
1040 3043 1280 3114 Χριστοῦ
1325 3044 1354 3094 6
1401 3043 1530 3112 περὶ
1575 3041 1741 3112 μέρος
1777 3057 1830 3092 τι

232 3137 337 3206 τῆς
385 3135 556 3206 ὀρθῆς
603 3135 842 3198 πίστεως
877 3134 1039 3204 μόνον
1061 3132 1308 3186 ἀπειθῶν
1352 3132 1430 3202 τῷ
1459 3133 1604 3203 λόγῳ
1628 3149 1642 3163 ·
1668 3133 1695 3183 6
1725 3132 1835 3201 γάρ
1859 3181 1902 3241 C

234 3227 476 3298 σμικρόν
501 3243 554 3278 τι
585 3225 772 3296 μόριον
804 3222 1054 3277 ὁπωσοῦν
1080 3223 1470 3286 εὐσεϐείαςτοῦ
1501 3223 1664 3290 λόγου
1689 3239 1833 3292 παρ-

231 3319 385 3388 ορῶν
454 3317 545 3370 διὰ
595 3316 978 3387 προσπάθειαν
1023 3315 1220 3383 ἄλογόν
1270 3332 1414 3377 τινος
1470 3315 1662 3380 ἑτέρου
1741 3313 1837 3365 καὶ

236 3412 559 3482 συνήθειαν,
585 3410 744 3479 δῆλός
787 3411 960 3472 ἐστιν,
993 3408 1066 3472 ὡς
1105 3408 1201 3461 καὶ
1233 3409 1359 3460 ὅσον
1388 3406 1632 3460 εὐσεϐεῖν
1663 3407 1833 3470 δοκεῖ,

235 3505 359 3557 οὐδὲ
391 3503 550 3556 τοῦτο
579 3501 639 3566 ἐξ
685 3502 950 3574 αἱρέσεως
985 3501 1214 3563 οἰκείας,
1247 3500 1384 3554 ἀλλά
1416 3500 1522 3552 ἀπὸ
1557 3499 1836 3570 συμϐεϐη-

236 3597 421 3648 κότων
457 3593 662 3662 γονέων
707 3593 738 3663 ἢ
798 3593 1000 3654 τόπων,
1033 3592 1066 3663 ἡ
1099 3592 1268 3662 φίλων
1311 3592 1664 3663 παραδόσεως
1699 3591 1837 3656 έξειο

235 3686 315 3748 ὡς
379 3685 539 3755 εἴπερ
598 3686 691 3738 καὶ
736 3685 1058 3753 Μανιχαίων
1099 3685 1310 3753 ἔτυχεν,
1374 3684 1406 3752 ἢ
1473 3683 1840 3752 Ἑλλήνων,ἢ

254 3777 530 3847 Ἐϐραίων
581 3777 690 3839 υἱὸς
743 3771 903 3838 εἶναι,
956 3777 986 3847 ἢ
1029 3775 1281 3848 φίλος-,ἦ
1347 3773 1614 3836 σύνοικος,
1663 3773 1844 3843 πολλῷ

242 3871 453 3940 μᾶλλον
500 3869 566 3924 ἂν
621 3868 1029 3939 ἀπειθε-στὲρως
1079 3869 1315 3922 διέκειτο
1366 3869 1502 3938 πρὸς
1559 3866 1657 3937 τὴν
1709 3866 1843 3936 ἀλήο

241 3972 428 4025 θειαν·
473 3969 636 4041 εἴπερ
675 3969 785 4038 γάρ
841 3968 1024 4035 ὀλίγον
1094 3965 1350 4037 ἀφεστὼς
1401 3966 1462 4019 οὐ
1521 3963 1847 4034 προστρέχει

241 4067 338 4117 καὶ
369 4063 702 4116 καθέλκεται
731 4065 798 4132 τῇ
836 4061 1086 4132 ἀληθεία,
1121 4061 1313 4114 πλεῖον
1343 4057 1670 4127 διεστηκὼς,
1711 4056 1847 4124 μᾶλ-

239 4156 331 4207 λον
360 4155 425 4206 ἂν
451 4154 732 4216 ἀσπόνδως
759 4151 872 4223 εἶχε
907 4153 1043 4220 πρὸς
1077 4153 1270 4222 αὐτήν.

1937 1945 2131 1998 amicis
2170 1953 2225 1999 et
2260 1946 2486 2016 regione
2545 1948 2683 2017 ipsa,
2718 1958 2894 2002 totum
2937 1965 3056 2004 sese
3113 1951 3305 2019 pietati
3360 1952 3536 2015 dedit,

1937 2035 2104 2104 idque
2159 2039 2504 2106 potissimum
2562 2040 2616 2092 in
2659 2055 2824 2095 causa
2897 2041 3022 2106 fuit,
3064 2057 3219 2096 cura
3259 2045 3371 2098 Deo
3418 2044 3542 2114 ipso

1937 2115 2098 2181 unice
2121 2129 2464 2199 diligeretur,
2494 2133 2834 2202 summisque
2855 2134 3167 2188 cumulatus
3204 2135 3537 2197 honoribus,

1937 2219 2144 2290 ingenti
2203 2221 2506 2277 liberorum
2573 2225 2927 2279 multitudine
2977 2226 3300 2280 donaretur.
3334 2228 3535 2281 Paulus

1935 2327 2157 2382 quoque
2184 2313 2400 2367 lucrum
2434 2331 2597 2370 omne
2629 2325 2843 2371 stercus
2865 2317 3042 2382 duxit,
3077 2318 3227 2371 nulla
3262 2334 3395 2372 sane
3429 2317 3538 2371 alia

1937 2403 2003 2455 de
2034 2419 2198 2458 causa
2229 2405 2334 2460 nisi
2361 2417 2421 2460 ut
2441 2406 2719 2462 Christum
2748 2409 2926 2476 ipsum
2946 2407 3533 2464 lucrifaceret.C:eteri

1937 2493 2179 2566 denique
2205 2499 2380 2553 sancti
2413 2515 2538 2553 cum
2568 2499 2764 2565 Graeci,
2791 2510 2908 2555 tum
2939 2502 3179 2565 Hebraei,
3209 2511 3266 2556 et
3292 2501 3532 2556 Samari-

1939 2592 2049 2644 tani
2091 2607 2284 2648 omnes
2325 2593 2519 2648 eodem
2566 2594 2731 2648 modo
2771 2594 2952 2650 aﬁ‘ecti
2989 2594 3234 2652 fuerunt.
3275 2615 3292 2645 ‹
3323 2595 3536 2650 Etenim

1938 2685 2028 2751 qui
2057 2700 2160 2736 non
2184 2685 2431 2754 abnegat,
2465 2686 2541 2738 ait
2585 2686 2877 2750 Dominus,
2909 2695 3141 2757 patrem,
3193 2695 3242 2740 et
3283 2696 3532 2751 matrem,

1939 2781 1986 2824 ct
2017 2773 2232 2841 fratres,
2283 2781 2331 2825 et
2361 2790 2590 2838 sorores,
2623 2783 2671 2827 et
2709 2773 2871 2839 ﬁlios,
2918 2782 2967 2828 et
2996 2792 3174 2846 agros,
3207 2784 3257 2829 et
3296 2777 3532 2839 domum,

1941 2872 1990 2916 et
2012 2872 2173 2917 suam
2202 2867 2367 2935 ipsius
2416 2868 2655 2918 animam
2689 2876 2905 2936 propter
2931 2884 3035 2928 me,
3084 2885 3188 2921 non
3216 2876 3292 2922 est
3343 2885 3425 2921 me
3459 2867 3538 2921 di-

1940 2973 2093 3026 gnus.
2124 2958 2312 3026 Neque
2347 2958 2495 3012 dicat
2530 2962 2654 3028 quis
2687 2959 3076 3013 haereticorum
3127 2959 3381 3029 dogmata
3424 2975 3536 3022 non

1941 3050 2017 3104 ita
2066 3049 2336 3103 dissidere
2382 3050 2450 3104 ab
2506 3060 2655 3104 recta
2692 3050 2821 3116 ﬁde,
2879 3052 3348 3121 quemadmodum
3370 3051 3538 3106 Chal-

1944 3138 2190 3192 daeorum
2270 3138 2541 3208 impietas,
2568 3149 2625 3194 et
2693 3139 3048 3196 Hebraeorum
3105 3141 3540 3211 Graecorumque

1942 3229 2175 3285 dissidet
2203 3246 2232 3285 a
2264 3242 2412 3285 recta
2446 3231 2653 3287 Christi
2707 3232 2952 3288 ﬁdelium
3000 3234 3310 3304 religione;
3350 3235 3541 3304 proin-

1943 3322 2122 3391 deque
2155 3323 2310 3392 sequi
2344 3340 2447 3379 nec
2481 3325 2678 3379 eodem
2715 3326 2880 3379 modo
2915 3343 3026 3396 quo
3074 3327 3311 3398 gentiles
3355 3327 3542 3380 desci-

1943 3423 2164 3478 verunt,
2227 3415 2538 3471 desciscere
2572 3434 2601 3471 a
2643 3418 2866 3473 Christo
2900 3435 3049 3482 eum,
3091 3419 3185 3488 qui
3226 3433 3335 3473 una
3382 3427 3541 3488 parte

1945 3506 2210 3560 duntaxat
2269 3522 2298 3560 a
2358 3518 2509 3562 recta
2588 3507 3035 3564 Christianorum
3104 3510 3211 3565 ﬁde
3269 3511 3536 3566 deﬂectit.

1948 3599 2083 3652 Nam
2111 3599 2204 3667 qui
2234 3598 2455 3668 pietatis
2477 3611 2688 3670 partem
2718 3617 2881 3654 unam
2908 3602 2990 3656 vel
3033 3602 3316 3656 minimam
3349 3604 3540 3666 violat,

1950 3697 2010 3741 ut
2032 3689 2329 3743 absurdam
2358 3691 2596 3760 aliquam
2621 3691 2930 3746 doctrinam
2957 3703 3050 3747 aut
3077 3695 3541 3749 consuetudinem

1951 3791 2238 3850 sequatur,
2290 3781 2579 3836 manifeste
2628 3782 2893 3862 declarat,
2948 3799 3006 3837 se
3030 3800 3099 3838 ne
3135 3785 3542 3860 illudquidem

1953 3877 1970 3942 (
2010 3873 2065 3927 in
2100 3889 2211 3942 quo
2269 3873 2502 3926 maxime
2549 3874 2636 3942 pie
2708 3876 2919 3930 sentire
2988 3876 3245 3935 videtur)
3285 3878 3542 3946 amplecti

1950 3975 2148 4034 sponte
2191 3965 2444 4027 ductum,
2480 3965 2573 4018 sed
2618 3974 2715 4018 aut
2746 3974 3064 4034 parentum.
3106 3977 3202 4020 aut
3228 3968 3540 4037 regionum.

1952 4057 2036 4111 vel
2070 4058 2375 4112 amicorum
2428 4056 2874 4110 institutionibus
2925 4059 3224 4113 irretitum.
3269 4061 3543 4125 Quocirca

1951 4147 2046 4216 qui
2090 4147 2184 4200 tali
2235 4147 2398 4200 modo
2441 4145 2672 4200 aﬁ‘ectus
2710 4156 2816 4210 est,
2866 4147 2911 4201 si
2967 4147 3417 4213 Manichzeorum,
3449 4159 3547 4205 aut

237 4245 561 4301 Graecorum
606 4243 1031 4298 llebrteorumve
1075 4243 1223 4297 ﬁlius
1263 4242 1546 4305 evaderet,
1584 4247 1680 4293 aut
1737 4235 1971 4302 amicus,
2022 4249 2118 4292 aut
2146 4238 2454 4300 familiaris,
2491 4239 2652 4308 longe
2726 4241 2898 4310 magis
2955 4257 3119 4311 quam
3164 4243 3266 4311 ipsi
3297 4244 3545 4312 profecto

241 4338 542 4393 veritatem
600 4345 890 4406 sperneret
955 4345 1013 4390 et
1057 4343 1430 4389 aversarctur.
1484 4332 1538 4386 Si
1577 4331 1724 4386 enim
1761 4347 1886 4386 cum
1927 4346 2121 4400 parum
2171 4331 2313 4384 absit
2344 4330 2654 4395 averitate,
2701 4347 2822 4386 eam
2858 4342 3042 4387 tamen
3085 4333 3230 4388 baud
3295 4336 3548 4405 sequitur

239 4429 748 4500 amplectiturque;
781 4427 1032 4498 profecto
1075 4429 1120 4481 si
1157 4425 1377 4496 longius
1404 4425 1643 4487 abesset,
1675 4424 1843 4478 etiam
1884 4421 2131 4476 animum
2153 4421 2222 4476 ab
2259 4422 2376 4491 ipsa
2401 4423 2632 4476 veritate
2661 4423 2833 4494 magis
2856 4425 3097 4479 alienum
3125 4443 3239 4496 prae
3265 4443 3322 4482 se
3349 4427 3543 4486 ferret.

323 4543 341 4572 ι
392 4521 582 4584 amat,
625 4521 781 4590 φησι,
819 4521 942 4574 κατ’
976 4518 1217 4588 ἰμαυτδν
1248 4516 1359 4585 ἐγὼ
1385 4515 1623 4585 νομίζων
1665 4532 1848 4585 κρειτ-

241 4614 414 4676 τόνως
449 4614 691 4682 φρονεῖν,
725 4610 922 4680 ἔχομαι
949 4610 1048 4680 τῆς
1080 4611 1221 4680 ὲμῆς
1246 4608 1405 4678 δόξης
1430 4607 1840 4679 ἀμεταθέτως.»

330 4791 492 4845 Ἀλλά
527 4793 621 4845 καὶ
652 4793 779 4862 περὶ
827 4785 901 4844 ὧν
923 4807 1095 4859 φησιν
1133 4790 1162 4840 6
1205 4789 1528 4850 Ἀπόστολος
1572 4787 1842 4840 Ἰουδαίων

241 4890 317 4949 «τις
346 4885 469 4954 Θεῷ
499 4888 574 4954 μὴ
595 4885 961 4956 ἀρεσκόντων,
998 4883 1091 4936 καὶ
1121 4883 1212 4934 τὸν
1247 4881 1454 4952 Κύριον
1489 4881 1840 4950 σταυρωσάν-

243 4998 376 5039 των,
412 4979 509 5030 καὶ
536 4978 662 5034 τοὺς
687 4976 1023 5038 ἀποστόλους
1052 4974 1387 5040 διωξάντων,
1417 4973 1512 5026 καὶ
1545 4973 1712 5025 πᾶσιν
1746 4973 1839 5024 ἀν-

243 5070 493 5140 θρώποις
520 5065 917 5126 ἀπειθούντων,
945 5067 1094 5135 ὅμως
1120 5065 1285 5118 τοῦτο
1322 5065 1600 5126 κάκείνοις
1631 5080 1838 5133 μαρτυ-

246 5165 353 5232 ρεῖ·
391 5161 530 5230 φησι
563 5161 671 5230 γάρ
705 5177 779 5228 πη
818 5158 999 5210 πάλιν·
1031 5156 1324 5226 Μαρτυρῶ
1358 5157 1469 5225 γὰρ
1493 5157 1721 5229 αὐτοῖς,
1759 5156 1846 5208 ὅτι

245 5253 435 5319 ζῆλον
477 5252 628 5306 Θεοῦ
671 5252 929 5320 ἔχουσιν
956 5291 970 5312 ,
1025 5249 1164 5304 ἀλλ’
1209 5252 1282 5303 οὐ
1333 5252 1460 5303 κατ’
1498 5250 1847 5320 ἐπίγνωσιν.

250 5348 399 5416 Ἀρι
424 5339 518 5398 οὖν
548 5345 646 5413 οὐχ
662 5341 854 5405 ἁπλῶς
888 5340 1105 5412 ζηλοῦν,
1139 5341 1274 5392 ἀλλὰ
1303 5342 1602 5410 ἐπιγνώσει
1630 5338 1724 5394 τοῦ
1758 5340 1851 5408 ζη-

245 5437 511 5508 λουμένου
563 5437 840 5506 δόγματος
873 5434 977 5487 δεῖ.
1019 5434 1130 5487 Καὶ
1157 5436 1264 5504 γὰρ
1294 5434 1391 5487 καὶ
1433 5435 1588 5488 πᾶσα
1629 5433 1844 5500 ἄλογος,

248 5533 340 5584 καὶ
361 5532 560 5601 ἄνομος
577 5530 884 5600 παράδοσις
911 5529 1007 5582 καὶ
1032 5528 1224 5591 ἐθνῶν,
1253 5527 1649 5598 καὶαὶρέσεων,
1674 5526 1846 5579 οῖἐταί

245 5641 295 5676 τι
345 5623 507 5680 καλὸν
552 5627 763 5688 ποιεῖν,
795 5622 989 5691 ὥσπερ
1028 5617 1121 5674 οὖν
1153 5622 1251 5675 καὶ
1285 5620 1768 5694 ἀνθρωποθυσίαιε
1801 5624 1839 5672 ·;Ξ

313 5785 328 5821 ί
365 5783 552 5841 llstttb.
575 5799 692 5847 ςις,
727 5779 823 5833 29.
908 5779 932 5817 ⁸
958 5777 1113 5833 Rom.
1144 5796 1194 5842 κ,
1218 5778 1252 5832 2

2033 4532 2050 4563 ι
2085 4513 2174 4576 At,
2201 4513 2438 4582 inquies,
2467 4513 2599 4566 mihi
2631 4514 2822 4568 intime
2851 4531 3176 4584 persuasum
3199 4525 3284 4570 est
3314 4518 3545 4582 rectius,

1953 4621 2121 4676 quam
2155 4620 2252 4659 vos
2278 4620 2366 4659 me
2389 4605 2618 4670 sentire,
2650 4616 2945 4676 propterea
2984 4615 3307 4661 constanter
3342 4607 3396 4661 in
3423 4623 3547 4664 mea

1881 4737 1922 4788 Β
1950 4698 2227 4753 sententia
2260 4711 2478 4751 maneo.
2513 4717 2530 4748 ι

2020 4792 2224 4845 Verum
2260 4791 2333 4843 ita
2370 4805 2491 4844 sese
2522 4789 2786 4844 habuisse
2823 4799 2879 4844 et
2907 4790 3129 4845 Iudaeos
3164 4793 3327 4861 (quos
3359 4801 3546 4847 tamen

1951 4883 2185 4938 allirmat
2228 4883 2434 4938 Paulus
2485 4882 2784 4952 displicere
2838 4883 2985 4946 Deo,
3027 4892 3195 4952 atque
3248 4882 3548 4937 Dominum

1949 4975 2291 5030 cruciﬁxisse
2311 5016 2325 5037 ,
2353 4983 2408 5028 et
2439 4974 2722 5043 apostolos
2752 4974 3011 5043 persequi
3032 5016 3044 5036 ,
3077 4987 3132 5028 et
3163 4975 3332 5028 nullis
3366 4974 3548 5029 homi-

1953 5085 2084 5122 num
2119 5066 2370 5136 obedire)
2403 5073 2641 5120 testatur
2666 5065 2810 5120 idem
2835 5065 3165 5135 Apostolus,
3194 5067 3287 5120 ubi
3326 5083 3546 5121 rursum

1953 5159 2087 5212 dicit
2115 5177 2125 5210 :
2155 5157 2335 5210 Testor
2360 5174 2442 5210 eos
2467 5157 2661 5210 habere
2688 5157 2782 5210 Dei
2805 5157 2999 5221 zelum,
3018 5158 3110 5210 sed
3133 5175 3238 5211 non
3263 5158 3550 5215 secundum

1954 5251 2320 5304 discretionem
2347 5250 2393 5302 ε.
2426 5249 2547 5303 Νοη
2596 5259 2820 5318 oportet
2857 5265 2991 5320 ergo
3030 5251 3192 5304 caecis
3235 5251 3412 5304 oculis
3453 5265 3555 5305 vos

1957 5341 2217 5411 amplecti
2249 5341 2502 5412 dogmata
2557 5359 2678 5411 qum
2712 5343 3039 5408 traduntur;
3073 5343 3172 5397 sed
3204 5358 3344 5412 opus
3373 5351 3457 5398 est
3485 5359 3555 5400 ea

1957 5433 2308 5504 perpendere
2335 5434 2654 5503 diligenter,
2674 5443 2729 5488 et
2756 5435 3002 5503 penitius
3029 5436 3122 5489 illa
3155 5434 3552 5505 introspicere.

1955 5524 2152 5580 Omnis
2204 5525 2354 5579 enim
2411 5525 2654 5580 omnium
2715 5526 2964 5596 gentium
3051 5536 3108 5581 et
3161 5527 3554 5581 hazreticorum

1958 5618 2248 5684 doctrina,
2284 5619 2644 5689 quantumvis
2683 5619 2851 5690 impia
2893 5631 2948 5676 et
2985 5621 3258 5684 absurda,
3295 5627 3450 5690 puta:
3486 5642 3547 5681 se
