4094 6334
532 362 666 425 1395

1787 359 2100 419 LEONTII
2144 356 2551 419 BYZANTINI

3678 348 3697 409 i
3716 348 3825 410 896

528 473 817 529 continere
858 472 1065 527 bonum
1109 471 1334 541 aliquod
1386 470 1705 525 institutmn
1754 490 1767 523 :
1811 470 1941 526 hinc
1990 470 2126 541 Scy-

2238 471 2439 525 Σκύθαι
2472 468 2875 531 θεοσεϐοὗντες.
2908 468 3038 519 Δέον
3070 468 3175 537 ἄρα
3211 465 3285 535 μὴ
3316 463 3562 533 ἀμελεῖν,
3600 463 3697 533 ὅση
3729 462 3830 515 δύ-

528 567 638 621 ῑιιαι
665 564 778 635 (44)
802 565 1049 619 victimis
1072 565 1333 618 humanis
1357 565 1529 617 Deum
1556 563 1812 628 colendo,
1832 563 1922 633 pie
1948 574 2126 617 recte-

528 677 639 731 que
682 676 740 716 se
786 675 950 732 agere
999 659 1370 714 arbitrantur.
1404 657 1635 728 Oportet
1679 673 1812 726 ergo
1856 656 2123 719 scrutari,

527 761 801 822 quantum
851 752 907 805 in
957 750 1122 804 nobis
1167 759 1284 813 est,
1319 757 1376 803 et
1420 762 1673 817 quarrere
1716 747 2040 809 veritatem,
2072 755 2129 800 et

528 852 789 898 accurate
822 853 1023 896 cuncta
1061 840 1494 911 perpendendo,
1529 849 1738 894 rectam
1774 838 1830 892 in
1867 837 2130 893 omnibus

527 935 787 1005 amplecti
824 933 1183 988 sententiam.
1213 931 1325 986 Nos
1360 939 1515 985 certe
1560 940 1617 985 et
1647 939 1941 1001 argentum
1980 929 2129 983 acci-

528 1041 696 1095 pere,
746 1039 931 1093 neque
980 1032 1190 1077 vestem
1243 1037 1429 1077 emcrc
1485 1021 1761 1081 solemus.
1812 1020 1919 1075 nisi
1972 1020 2130 1089 prius

532 1129 834 1188 utrumque
857 1126 1118 1173 accurate
1156 1116 1721 1179 consideraverimus,
1745 1114 2127 1185 exploraveri-

531 1224 767 1278 musque
797 1208 1246 1278 diligentissime.
1277 1206 1437 1273 Quod
1470 1222 1594 1261 cum
1624 1207 1700 1261 ita
1730 1205 1822 1270 sit,
1850 1204 2130 1274 quomodo

530 1301 893 1355 excusatione
938 1299 1091 1369 digni
1135 1314 1261 1354 esse
1308 1299 1653 1369 poterimus,
1692 1306 1901 1352 temere
1943 1295 2131 1350 divina

531 1393 786 1465 dogmata
820 1390 1211 1461 amplectenda
1246 1390 1715 1460 proﬁtendoque?
1748 1390 1947 1443 Nostra
1980 1388 2130 1441 enim

533 1480 624 1537 his
657 1481 713 1534 in
746 1481 914 1535 rebus
950 1479 1288 1550 negligentia
1321 1478 1734 1549 quodammodo
1770 1478 1972 1531 clamat
2003 1479 2131 1533 nul-

533 1572 644 1628 lius
675 1572 945 1628 momenti
976 1587 1123 1635 essc,
1157 1588 1279 1642 quae
1313 1572 1599 1627 credimus
1629 1572 1695 1626 de
1724 1569 1950 1625 Christo
1980 1572 2131 1641 ejus-

532 1680 642 1735 que
683 1664 893 1733 gratia,
926 1681 1017 1735 per
1047 1681 1210 1735 quam
1256 1664 1439 1718 multa:
1479 1672 1527 1719 et
1563 1665 1811 1719 maximae
1852 1665 2033 1728 nobis,
2071 1672 2133 1718 ut

534 1756 805 1825 scriptum
828 1765 933 1819 est,
955 1757 1329 1826 promissione:
1348 1756 1502 1826 facta:
1524 1764 1647 1811 sunt
1663 1757 1712 1821 ιι,
1732 1764 1899 1826 atque
1921 1765 2134 1813 natura:

2236 582 2423 634 ναμις,
2459 565 2555 617 καὶ
2584 562 2814 632 ὲρευνᾷν
2862 559 2960 629 τὴν
2991 558 3266 627 ἀλήθειαν,
3314 556 3410 623 διαὶ
3455 556 3633 607 πάντα
3673 554 3834 607 δοκιμ

2239 652 2515 722 μάζοντας
2537 692 2550 714 ,
2606 653 2667 703 τὸ
2717 648 2881 704 καλὸν
2922 648 3177 718 φρόνημα
3210 647 3490 716 κατέχειν*
3522 645 3578 698 οἵ
3611 661 3673 712 γε
3702 644 3831 697 οὐδὲ

2236 741 2503 812 ἀργύριον
2553 740 2928 811 λαμϐάνομεν,
2963 738 2994 807 ἢ
3040 738 3258 807 ἱμάτιον
3294 734 3605 805 ὠνούμεθα,
3647 736 3695 785 εί
3751 733 3831 802 μὴ

2235 831 2609 901 δοκιμασίαις,
2642 830 2734 882 καὶ
2762 827 3073 898 πυρώσεσι,
3112 826 3207 879 καὶ
3238 825 3565 889 ἐπιδείξεσιν
3593 825 3669 885 εἰς
3702 822 3832 875 ἐτέ-

2245 942 2369 992 ρους
2406 922 2665 984 πλειόνως
2709 920 2843 973 αὐτὸ
2893 906 3278 989 βασανίσομεν.
3314 915 3438 978 Πῶς
3480 911 3575 969 οὖν
3613 911 3836 982 εὔλογοι

2236 1011 2385 1085 ὦμεν
2414 1014 2706 1084 ἀτημελῶς
2740 1012 2840 1084 τὴν
2872 1012 3024 1064 θείαν
3066 1007 3224 1074 δόξαν
3267 1008 3728 1079 προσδεχόμενοι;
3763 1007 3837 1057 τὴ

2237 1110 2345 1179 γὰρ
2382 1109 2446 1159 ὲν
2470 1107 2681 1169 τούτοις
2712 1104 3075 1175 ἀφρόντιστον
3097 1102 3173 1165 ὡς
3211 1102 3313 1154 οὐκ
3343 1100 3624 1167 ἀξιόλογόν
3646 1116 3697 1151 τι
3727 1100 3840 1150 οἰο-

2242 1203 2442 1272 μένους
2486 1202 2636 1270 ἡμᾶς
2683 1198 2784 1269 τὴν
2818 1198 2918 1266 τῆς
2958 1196 3198 1258 πίστεως
3236 1193 3475 1264 Χριστοῦ
3518 1193 3701 1262 χάριν,
3734 1192 3837 1244 καὶ

2241 1293 2507 1364 ἀλήθειαν
2553 1290 2871 1355 διαϐάλλει,
2930 1289 3006 1341 δι’
3050 1284 3126 1357 ἧς
3163 1286 3311 1355 ἡμῖν
3358 1285 3427 1339 τὰ
3468 1284 3619 1351 πρὸς
3676 1282 3841 1349 ζωὴν

2242 1385 2442 1437 πάντα
2495 1384 2570 1437 τὰ
2604 1382 2735 1439 θεῖα
2789 1381 2887 1435 καὶ
2913 1380 3171 1449 μέγιστα
3202 1377 3623 1447 ἐπαγγέλματα
3650 1373 3840 1428 638d)-

2233 1494 2433 1546 ρηται,
2465 1478 2540 1541 ὡς
2566 1477 2803 1548 εἴρηται,
2828 1475 2974 1546 καὶὴ
2998 1474 3136 1545 πρὸς
3152 1476 3252 1543 τὴν
3275 1472 3425 1524 Θείαν
3452 1470 3616 1539 φύσιν
3642 1468 3841 1531 ἁπλῶς

2240 1569 2522 1621 κοινωνία.
2579 1568 2745 1620 Ὅσον
2771 1563 2865 1620 οὖν
2893 1569 3042 1619 ἐστιν
3072 1564 3278 1632 ἀγαθὸν
3319 1566 3352 1632 η
3385 1563 3838 1632 ἁκραιφνεστάτη

2241 1657 2515 1722 εὐσέϐεια,
2545 1658 2641 1712 καὶ
2682 1657 2808 1711 ὅσον
2842 1656 3012 1711 κακον
3055 1658 3090 1725 ἡ
3125 1654 3384 1707 ἀσέϐειαί
3442 1654 3540 1723 τῆς
3590 1653 3701 1723 γὰρ
3752 1653 3844 1714 εἰς

2242 1751 2423 1803 πᾶσαν
2459 1749 2735 1820 ἁμαρτίαν
2764 1747 3209 1817 ὲγκαταλείψεως
3234 1747 3337 1799 ὑπὸ
3363 1745 3497 1799 Θεοῦ
3522 1745 3671 1798 αἰτία
3700 1745 3842 1814 ἡμῖν

535 1846 739 1901 divinae
780 1847 1083 1918 participes
1125 1847 1356 1901 omnino
1394 1846 1514 1901 ﬁeri
1561 1846 1913 1903 conceditur.
1947 1847 2133 1913 Quan-

2240 1841 2379 1913 αὕτη
2412 1842 2547 1899 ἐστὶ
2590 1842 2749 1913 μόνη.
2803 1840 2967 1911 Δηλοϊ
3006 1841 3035 1893 ὁ
3085 1841 3297 1908 λέγων,
3333 1837 3447 1896 Καὶ
3480 1837 3675 1901 καθὼς
3720 1837 3841 1889 οὐκ

536 1945 653 1990 tum
687 1951 823 2006 ergo
860 1936 991 1990 boni
1027 1952 1139 2006 prae
1174 1952 1232 1990 se
1262 1936 1372 1990 fert
1408 1936 1629 1990 sincera
1665 1937 1876 2007 pietas;
1916 1946 2132 1991 tantum

537 2016 790 2097 profecto
834 2028 967 2081 mali
1005 2028 1253 2082 continet
1288 2028 1547 2097 impietas
1581 2028 1633 2083 ei
1667 2030 1967 2084 contraria.
2003 2029 2133 2086 Haec

537 2118 690 2173 enim
718 2119 832 2173 sola
863 2118 917 2172 in
947 2134 1112 2174 causa
1140 2118 1305 2174 nobis
1334 2128 1439 2183 est,
1464 2135 1563 2174 cur
1586 2134 1614 2173 a
1642 2120 1757 2191 Deo
1784 2120 2130 2186 deﬁciamus,

536 2216 595 2261 et
647 2210 703 2261 in
754 2224 919 2262 omne
972 2217 1327 2277 peccatorum
1375 2224 1551 2280 genus
1601 2209 1953 2277 delabamur,
1992 2219 2133 2267 teste

535 2297 837 2368 Apostolo,
870 2298 966 2368 qui
997 2298 1073 2353 ait
1107 2315 1121 2353 :
1159 2298 1599 2370 Quandoquidem
1635 2318 1741 2355 non
1774 2302 2130 2373 probaverunt

536 2390 725 2443 habere
754 2390 921 2444 Deum
951 2392 1006 2444 in
1034 2392 1249 2456 notitia,
1278 2391 1502 2446 tradidit
1536 2392 1657 2448 illos
1691 2393 1827 2447 Deus
1859 2394 1916 2447 in
1945 2411 2132 2465 repro-

536 2482 658 2536 bum
680 2499 916 2562 sergium,
942 2491 999 2537 ut
1032 2483 1239 2554 faciant
1266 2501 1327 2538 ea
1364 2502 1481 2556 quin
1514 2502 1615 2539 non
1650 2490 1963 2541 conveniunt
1992 2490 2042 2553 i;
2080 2495 2136 2541 et

535 2590 662 2645 quae
694 2576 960 2646 deinceps
998 2587 1387 2633 recensentur.
1422 2579 1550 2635 llaec
1584 2578 1884 2650 Apostolus
1921 2579 1988 2633 de
2028 2579 2133 2632 im--

535 2665 743 2737 pietate
778 2684 791 2721 :
827 2667 895 2722 de
924 2669 1129 2739 pietate
1161 2683 1297 2723 vero
1324 2668 1379 2723 in
1404 2669 1636 2739 epistola
1667 2670 1733 2724 ad
1773 2669 2126 2724 Timotheum

536 2757 618 2813 ait
663 2776 679 2813 :
721 2759 925 2813 Exerce
972 2762 1198 2830 teipsum
1248 2761 1319 2815 ad
1362 2763 1611 2831 pietatem
1656 2780 1674 2817 :
1723 2764 1833 2816 [nec
1877 2764 2018 2817 enim
2066 2762 2136 2815 ad

2239 1930 2619 1999 ἐδοκίμασαν
2651 1931 2760 1984 τὸν
2795 1932 2946 1984 Θεὸν
2989 1930 3156 1999 ἔχειν
3185 1930 3257 1982 ἐν
3294 1928 3638 1997 ἐπιγνώσει,
3684 1940 3845 1995 παρ’

2240 2022 2469 2076 ἐδωκεν
2493 2022 2719 2089 αὐτοὺς
2754 2025 2787 2076 ό
2822 2022 2964 2084 Θεὸς
2982 2024 3079 2098 sic
3102 2022 3398 2091 ἀδόκιμον
3430 2020 3603 2087 γοῦν,
3640 2020 3846 2073 ποιεῖν

2239 2113 2312 2167 τὰ
2346 2114 2432 2184 μὴ
2476 2113 2841 2182 καθήκοντα,
2884 2113 3043 2186 ’ἅτινα
3106 2115 3235 2183 ἑξῆς
3289 2113 3692 2184 κατηρίθμησε.
3726 2113 3845 2167 Καὶ

2239 2207 2367 2260 τάδε
2408 2208 2508 2278 μὲν
2538 2203 2634 2260 οὖν
2666 2210 2940 2279 μαρτυρεῖ
2965 2210 3032 2279 τῇ
3069 2207 3328 2279 ἀσεϐείᾳ·
3362 2211 3492 2278 περὶ
3520 2207 3578 2260 δδ
3608 2208 3707 2277 τῆς
3746 2209 3844 2260 εὐ-

2244 2299 2463 2363 σεϐείας
2514 2302 2650 2372 φησὶ
2699 2300 2839 2371 πρὸς
2881 2299 3150 2370 Τιμόθεον
3181 2340 3197 2364 ,
3243 2299 3517 2370 Γύμναζε
3572 2300 3845 2353 σεαυτὸν

2237 2394 2388 2459 πρὸς
2415 2391 2738 2447 εὐσέϐειαν
2764 2408 2777 2422 ⁸
2855 2393 2895 2459 ἠ
2950 2394 3055 2463 γὰρ
3097 2392 3384 2448 ευσέϐεια
3434 2393 3586 2462 πρὸς
3636 2394 3845 2448 πάντα

2233 2483 2406 2537 ἐστιν
2453 2482 2790 2553 ὠφέλιμος,
2840 2485 3212 2553 ἐπαγγελίαν
3249 2478 3486 2554 ἐχοὺσα
3522 2482 3693 2554 ζωῆς,
3724 2485 3845 2553 τῆς

2234 2590 2299 2635 τε
2339 2574 2475 2638 νῦν,
2522 2576 2621 2629 καί
2659 2574 2768 2643 τῆς
2794 2577 3177 2645 μελλούσης.
3224 2578 3389 2631 Ἀλλά
3430 2596 3484 2630 τι
3521 2579 3615 2631 καὶ
3646 2579 3843 2649 ἕτερον

2234 2666 2443 2719 τούτων
2488 2667 2634 2730 τινὲς
2671 2670 2771 2738 τῆς
2822 2668 2961 2738 πρὸς
3000 2669 3100 2739 τὴν
3149 2668 3413 2738 ἀλήθειαν
3464 2670 3841 2737 ἀνυποταξεας

2240 2761 2525 2815 ποιοῦνται
2554 2761 2853 2833 δικαίωμαο
2893 2780 3027 2833 φασι
3060 2764 3195 2834 γὰρ,

537 2852 719 2906 omnia
745 2850 888 2905 utili:
915 2860 1011 2916 est,
1038 2853 1439 2922 promissionem
1470 2853 1663 2908 habent
1694 2855 1813 2909 vitae
1842 2872 1961 2925 quae
1992 2870 2133 2908 nunc
2171 2860 2269 2919 est,
2294 2862 2341 2906 et
2380 2853 2574 2923 futuris
2598 2866 2611 2904 ι
2632 2896 2644 2908 .
2710 2854 2819 2910 Sed
2891 2856 3016 2910 aliis
3044 2836 3252 2928 justam
3286 2872 3510 2912 causam
3545 2869 3602 2913 et
3631 2857 3843 2927 proba-

536 2943 708 3005 bilem
755 2943 1027 2998 rationem
1079 2943 1285 3001 aﬂerre
1332 2954 1627 3012 conantur,
1666 2961 1767 3002 cur
1811 2963 1842 3001 a
1888 2947 2126 3001 veritate
2167 2946 2547 3001 desciverunt.

615 3054 636 3088 ι
681 3033 1008 3102 Quomodo,
1041 3035 1339 3106 inquiunt,
1372 3037 1487 3093 Deo
1529 3053 1643 3092 non
1683 3038 1905 3108 placere
1950 3045 2135 3108 potest

537 3143 731 3183 eorum
773 3126 1060 3193 doctrina,
1092 3130 1239 3198 apud
1274 3145 1416 3201 quos
1456 3129 1670 3186 inventi
1709 3138 1841 3186 sunt
1881 3131 2133 3186 nonnulli

538 3225 656 3273 tum
705 3219 761 3274 in
809 3220 951 3275 vivis
1004 3228 1121 3274 tum
1171 3220 1228 3275 in
1272 3219 1554 3276 defunctis
1581 3221 1678 3291 qui
1709 3220 1900 3276 eadem
1935 3237 1999 3276 ac
2029 3222 2135 3291 ipsi

541 3312 793 3381 dagmata
825 3310 1090 3379 amplexi,
1122 3311 1358 3381 gratiam
1391 3318 1632 3383 aegrotos
1660 3311 1918 3373 sanandi,
1945 3319 2002 3366 et
2029 3312 2139 3365 alia

538 3401 810 3456 miracula
859 3402 1118 3471 patrandi
1170 3403 1317 3459 nacti
1364 3403 1528 3459 sunt?
1575 3404 1943 3475 Perspicuum
1990 3403 2139 3459 enim

540 3500 626 3546 est
650 3490 896 3546 divinam
933 3492 988 3545 in
1027 3492 1094 3547 iis
1126 3503 1459 3564 potestatem
1495 3496 1737 3565 operari,
1766 3496 2006 3551 maxime
2042 3497 2140 3565 qui

540 3593 747 3639 rectam
800 3584 1130 3655 religionem
1183 3587 1411 3654 colunt,
1457 3597 1626 3659 atque
1672 3596 1824 3644 recta
1874 3588 2137 3661 dogmata

540 3675 903 3745 proﬁtentur.
944 3696 961 3721 ι

614 3769 833 3835 Quibus
867 3770 1273 3839 respondemus
1300 3772 1355 3826 id
1386 3772 1453 3828 ad
1487 3773 1708 3843 plenam
1740 3774 1821 3828 rei
1854 3773 2139 3844 probatio-

543 3876 672 3916 nem
700 3870 967 3917 accnrato
995 3862 1315 3918 divinorum
1346 3865 1667 3935 dogmatum
1697 3866 2061 3937 exploratori,
2086 3875 2143 3922 et

536 3953 712 4024 judici
745 3970 855 4010 non
889 3954 1164 4009 sufﬁcere.
1200 3956 1449 4011 Primum
1487 3958 1637 4012 enim
1673 3972 1802 4013 raro
1835 3956 1980 4027 apud
2017 3957 2142 4013 illos

541 4044 649 4099 hoc
670 4044 881 4109 evenit,
909 4060 1015 4099 nec
1041 4061 1110 4099 ex
1138 4062 1250 4101 una
1278 4047 1581 4103 hirundine
1606 4064 1725 4111 ver,
1750 4055 1812 4102 ut
1837 4049 1945 4105 dici
1975 4049 2138 4114 solet,

541 4128 841 4200 dijudicari
890 4131 1081 4189 debet.
1126 4134 1593 4205 Quandoquidem
1640 4146 1700 4192 et
1738 4138 1963 4203 Ariani,
2013 4153 2139 4193 cum

540 4222 678 4277 alias
718 4231 918 4283 antea,
968 4232 1083 4277 tum
1126 4225 1294 4280 etiam
1341 4229 1550 4283 nostris
1598 4230 1754 4285 hisce
1798 4231 2142 4300 temporibus

538 4312 685 4382 apud
720 4313 1119 4383 Langobardos
1139 4356 1152 4380 ,
1180 4326 1236 4371 et
1266 4318 1410 4388 apud
1441 4319 1637 4375 Persas
1663 4320 1976 4375 Nestor-iani
2012 4322 2141 4377 talia

542 4406 810 4461 miracula
844 4416 1096 4476 patrant;
1126 4410 1296 4480 idque
1321 4426 1432 4465 non
1461 4412 1527 4466 ad
1556 4411 1946 4482 probationem
1973 4429 2142 4483 pecu-

541 4496 699 4552 liaris
728 4497 974 4567 ipsorum
1001 4508 1196 4567 sectas,
1224 4503 1321 4556 sed
1359 4504 1530 4559 totius
1552 4504 1890 4560 Christianae
1918 4506 2139 4577 religio-

2326 3056 2343 3089 ι
2384 3037 2507 3091 Ὀτι
2550 3038 2670 3101 πῶς
2711 3040 2772 3093 οὐ
2828 3038 3122 3109 θεάρεστος
3181 3042 3214 3112 ἡ
3267 3040 3389 3095 κατ’
3439 3041 3638 3105 αὐτοὺς
3684 3042 3840 3111 δόξα,

2243 3128 2371 3182 ἔνθα
2398 3132 2493 3185 καὶ
2513 3131 2622 3183 τῶν
2650 3132 2869 3197 ζώντων
2896 3134 2955 3185 ὲν
2979 3136 3145 3203 σαρκί
3170 3151 3317 3198 τινες
3349 3135 3535 3200 αὐτοῖς
3561 3137 3843 3207 ὁμόδοξοι,

2163 3250 2207 3311 C
2243 3225 2336 3277 καὶ
2379 3225 2488 3278 τῶν
2532 3227 3025 3297 προκοιμηθέντων
3069 3228 3339 3302 ὤφθησαν
3398 3232 3650 3301 ἰαμάτων
3676 3273 3691 3295 ,
3742 3233 3846 3286 καὶ

2244 3316 2487 3385 σημείων
2518 3315 2703 3371 θεόθεν
2764 3320 2909 3389 ἒχειν
2934 3320 2995 3373 τὸ
3016 3322 3308 3393 χάρισμα;
3334 3322 3493 3392 δῆλον
3525 3324 3635 3395 γὰρ
3670 3324 3747 3387 ὡς
3780 3326 3844 3393 ἐξ

2242 3406 2437 3477 ἀκοῆς,
2472 3410 2569 3462 καὶ
2603 3409 2827 3480 διδαχῆς
2876 3411 3050 3483 ὀρθῆς
3104 3414 3346 3478 πίστεως
3398 3413 3537 3468 Θεοῦ
3589 3418 3646 3469 at
3694 3414 3845 3469 θεῖαι

2243 3498 2508 3569 δυνάμεις
2545 3502 2925 3571 ἑνεργοῦνται.
2966 3523 2985 3553 ›

2321 3766 2462 3836 Πρὸς
2491 3766 2519 3819 ὃ
2547 3766 2787 3830 λεκτέον,
2818 3767 2893 3830 ὡς
2938 3767 3040 3821 οὐκ
3084 3768 3251 3838 ἀρκεῖ
3292 3766 3412 3821 τοδε
3443 3773 3578 3838 πρὸς
3616 3769 3842 3842 ἀσφαλῆ

2246 3858 2623 3929 πληροφορίαν
2664 3858 2741 3929 τῷ
2769 3858 3131 3931 δοκιμωτάτῳ
3182 3859 3291 3913 τῶν
3341 3859 3501 3912 θείων
3547 3860 3847 3930 δογμάτων

2244 3952 2431 4021 κριτῇο
2467 3950 2686 4020 πρῶτον
2718 3950 2819 4020 μὲν
2860 3951 2972 4022 γὰρ
3013 3952 3391 4022 σπανιώτερον
3419 3953 3649 4025 εὓρηται
3679 3954 3845 4009 τοῦτο

2244 4040 2304 4093 ὲν
2338 4039 2545 4104 αὐτοῖς,
2578 4041 2674 4094 καὶ
2700 4041 2761 4095 οὐ
2793 4044 2858 4095 ἐκ
2892 4044 3024 4112 μιᾶς
3056 4043 3327 4112 χελιδόνος
3362 4044 3423 4099 τὸ
3458 4047 3559 4116 ἔαρ
3588 4048 3840 4119 κριτέονο

2244 4131 2423 4195 ἄλλως
2451 4132 2584 4199 γοῦν
2647 4134 2742 4186 καὶ
2786 4134 3058 4203 Ἀρειανοί
3114 4152 3266 4199 ποτε,
3315 4139 3410 4192 καὶ
3456 4139 3620 4211 μέχρι
3649 4139 3747 4195 νῦν
3783 4142 3845 4195 ὲν

2245 4228 2669 4297 Λογγοϐἀρδοις,
2696 4229 2791 4282 καὶ
2813 4229 3174 4302 Νεστοριανο)⁵
3199 4235 3351 4303 παρὰ
3381 4235 3622 4307 Πέρσαις
3649 4238 3845 4291 ποιοῦ-

2238 4338 2301 4374 σι
2321 4320 2446 4375 τάδε
2481 4320 2758 4391 θαύματα·
2796 4322 2912 4375 ἀλλ’
2934 4323 3034 4376 οὐκ
3063 4326 3144 4388 εἰς
3180 4326 3713 4398 μαρτυρίανάπλῶς
3742 4330 3843 4401 τῆς

2244 4411 2365 4465 κατ’
2396 4413 2595 4474 αὐτοὺς
2621 4418 2756 4482 πρὸς
2784 4413 2930 4483 ἡμᾶς
2953 4414 3240 4485 αἱρέσεως,
3275 4416 3411 4470 ἀλλά
3436 4416 3537 4488 τῆς
3566 4418 3675 4472 τῶν
3698 4420 3843 4489 Χρι-

2246 4501 2478 4554 στιανῶν
2513 4502 2774 4564 πίστεωςο
2808 4504 2895 4557 οἶα
2929 4506 3016 4569 τίς
3048 4507 3252 4578 ἐστινὴ
3280 4508 3510 4579 δύναμις
3546 4511 3684 4583 πρὸς
3706 4496 3843 4576 τοὺς

542 4587 649 4653 nis,
678 4590 837 4659 cujus
871 4600 1079 4659 quanta
1108 4592 1191 4646 vis
1219 4593 1291 4647 sit
1317 4604 1372 4648 ct
1399 4596 1703 4651 auctoritas
1734 4596 1978 4667 Spiritus
2005 4612 2131 4653 san-

2242 4592 2419 4661 πὰντη
2450 4593 2714 4657 ἀπίστους
2746 4595 3194 4668 ἐπιδεικνυμένου
3222 4598 3317 4652 τοῦ
3350 4601 3690 4672 Πνεῦματος.
3712 4605 3840 4660 Ἔτι

540 4689 665 4734 ctus
691 4683 912 4751 populis
939 4698 968 4736 a
1002 4692 1151 4738 recta
1176 4684 1282 4740 [ide
1308 4702 1535 4755 prorsus
1565 4689 1764 4743 alienis
1787 4705 1887 4759 per
1910 4705 1974 4744 ea
2001 4706 2131 4761 pro-

540 4770 687 4842 digia
719 4772 1011 4829 manifeste
1048 4774 1311 4829 declarat.
1340 4778 1611 4833 Praeterea
1647 4794 1792 4849 saepe
1819 4779 2010 4836 videre
2045 4789 2133 4836 est

541 4860 749 4918 donum
782 4863 891 4919 hoc
921 4864 1187 4921 miracula
1217 4868 1475 4937 patrandi
1506 4884 1630 4923 cum
1664 4870 1785 4925 dari
1819 4872 2133 4941 promiscue

543 4953 857 5018 nonnullis,
889 4955 1217 5011 urthodoxis
1260 4973 1318 5012 et
1357 4957 1717 5015 heterodoxis
1754 4961 1888 5031 (45).
1906 4977 2017 5016 non
2061 4964 2135 5017 ob

543 5044 719 5100 solam
758 5046 1005 5117 ipsorum
1047 5047 1309 5118 pietatem
1350 5050 1579 5119 (veritas
1618 5053 1766 5107 enim
1810 5054 1879 5108 in.
1912 5067 2135 5111 contra-

615 5204 641 5243 δ
666 5202 687 5259 ι
713 5188 864 5262 Petr.
888 5222 925 5271 ι,
951 5206 1002 5260 4.
1088 5207 1101 5247 i
1129 5206 1293 5263 Rom.
1321 5224 1356 5276 ι,
1379 5208 1470 5265 28.
1552 5220 1564 5258 ι
1597 5211 1618 5267 Ι
1641 5210 1785 5266 Tim.
1809 5229 1882 5279 iv,
1904 5214 1956 5269 8.

589 5359 741 5441 _(u)
777 5360 891 5419 Nec
933 5363 1373 5443 Scythae_mo_d0,
1405 5375 1595 5422 rerum
1637 5370 1803 5424 etiam
1842 5370 2137 5443 Carthagi-

548 5436 801 5511 nienses,
841 5436 1348 5511 quosg‘lgathoclis
1395 5447 1647 5511 tempore
1695 5455 1822 5494 cum
1874 5436 2139 5511 gravilius

547 5504 915 5583 incommodis
958 5504 1355 5583 adliger-eatur,
1391 5504 1615 5583 S_a.tu'rni
1664 5504 1915 5581 placandi
1962 5514 2135 5583 gratia

544 5569 816 5645 ducentos
840 5590 1044 5644 pueros
1068 5569 1376 5645 nobilitatis
1404 5580 1588 5640 ﬂores.
1607 5569 2141 5639 eftercentosycives

545 5640 607 5723 in.
637 5639 1035 5723 ﬂgmma§_uno
1073 5642 1215 5723 pene
1258 5659 1540 5723 momento
1568 5639 1871 5723 conjecisse
1906 5662 2138 5709 testatur

528 5710 820 5790 Diodorus
850 5710 1197 5790 Siculus-lib.
1224 5735 1313 5784 xx,
1339 5737 1394 5790 p.
1422 5722 1545 5777 756.

1262 5764 1313 5784 --ν

617 5780 731 5852 (45)
765 5783 1090 5857 Huiusmodi
1124 5797 1271 5847 enim
1303 5780 1495 5865 gratiae
1522 5792 1693 5865 gratis
1721 5792 1862 5848 data:
1889 5793 1943 5849 in
1977 5795 2138 5851 scho-

2241 4685 2348 4755 μὴν
2397 4685 2544 4739 ἔστιν
2576 4689 2710 4759 ὀρᾷν
2759 4688 3023 4755 πολλάκις
3073 4691 3372 4762 θαυμάτων
3414 4694 3730 4765 χαρίσματα
3781 4698 3841 4751 ἔν

2239 4795 2385 4831 τισιν
2436 4779 2755 4851 ὀρθοδόξοις
2807 4799 2867 4835 τε
2918 4784 3011 4837 καὶ
3054 4785 3391 4856 ἐτεροδόξοις
3419 4788 3642 4859 ὁμοίαις,
3676 4790 3738 4843 οὺ
3768 4791 3842 4844 δι’

2241 4870 2529 4927 εὐσέϐειαν
2574 4874 2757 4945 μόνον·
2790 4874 2823 4947 ἦ
2861 4876 2971 4946 γὰρ
3005 4878 3072 4931 ἂν
3101 4873 3169 4949 ἦν
3204 4881 3261 4933 ὲν
3294 4884 3406 4945 τοῖς
3442 4882 3707 4943 ἔναντίοις
3749 4884 3844 4937 λό-

2243 4981 2384 5033 γοις,
2416 4965 2514 5019 καὶ
2542 4967 2972 5039 ἀντιφατικοίςή
3006 4970 3256 5042 ἀλήθεια,
3291 4973 3428 5027 ἀλλὰ
3462 4972 3551 5027 διὰ
3598 4975 3843 5048 φυσικὴν

2248 5059 2554 5130 ἁπλότητα,
2590 5062 2686 5115 καί
2735 5063 2994 5133 ἀτυφίαν,
3033 5064 3235 5134 μᾶλλόν
3290 5084 3349 5120 τε
3390 5067 3692 5139 νηπιότητα
3734 5069 3843 5139 ψυ-

2244 5375 2312 5430 lis
2349 5375 2717 5454 appellantur,
2746 5396 2893 5454 quas
2928 5383 3012 5438 vel
3056 5385 3240 5454 impiis
3279 5386 3555 5441 interdum
3595 5389 3835 5445 concedi

2241 5456 2396 5527 certo
2442 5451 2651 5527 pertius
2684 5463 2799 5527 est;
2831 5453 3013 5527 idque
3048 5451 3295 5527 fatentur
3334 5457 3575 5527 theologi
3615 5474 3835 5517 omnes.

2240 5519 2312 5599 :At
2341 5534 2408 5571 ex
2444 5518 2796 5599 hocp_Le_ont_ii
2831 5518 2955 5599 loco
2992 5525 3280 5599 manifeste
3316 5528 3491 5599 liquet
3520 5518 3836 5585 doctrinam

2243 5587 2388 5669 hanc
2426 5604 2456 5644 a
2499 5591 2695 5661 primis
2738 5593 3001 5669 Ecclesia:
3042 5596 3257 5669 saeculis
3296 5587 3437 5653 ιιιιῖιί
3476 5601 3847 5655 consuevisse

2242 5659 2442 5739 iisdem
2477 5659 2618 5729 pene
2642 5665 3061 5739 verbis-quibus
3092 5667 3333 5739 theologi
3362 5668 3537 5725 nostri
3567 5672 3843 5739 temporis

2240 5728 2549 5800 loquuntur
2579 5750 2591 5785 .-
2624 5734 2769 5803 quod
2800 5728 2934 5791 mihi
2969 5745 3162 5793 notatu
3190 5728 3417 5811 dignum
3446 5728 3691 5797 videtur.
