4094 6334
229 362 357 428 1897

1410 356 1705 420 CONTRA
1740 349 2336 417 MONOPHYSITAS.

3369 347 3504 410 1898

229 474 350 547 χῆς.
381 473 418 545 ἢ
464 472 785 542 δεινότητα,
836 469 1127 543 πραΰτητά
1163 486 1260 533 τε,
1304 467 1401 523 καὶ
1450 466 1819 538 συμπάθειαν,

1931 463 2041 528 riis,
2071 470 2128 517 et
2154 462 2424 533 oppositis
2449 460 2576 517 vita
2600 459 2911 515 rationibus
2936 456 3277 531 versaretur)
3305 459 3403 515 sed
3432 462 3506 516 ob

230 568 324 620 καὶ
351 567 543 629 ἁπλῶς
581 566 685 633 τῆς
720 564 935 619 τοιᾶσδε
987 564 1209 635 χάριτος
1255 560 1582 631 εδικωτέραν
1624 561 1818 629 ιπιτη-

232 659 484 729 δειότητα
527 654 691 711 τοῦδέ
732 672 900 721 τινος,
929 654 1082 725 παρά
1124 653 1254 715 τοὺς
1298 652 1521 713 λοιποὺς
1548 648 1659 703 τῶν
1688 651 1819 719 όμο-

232 751 441 829 πίστιον
476 749 653 820 αὐτῷ.
678 748 742 802 El
768 747 879 818 γὰρ
906 746 1077 809 ὅντως
1102 747 1267 800 πᾶσιν
1299 742 1467 829 deire
1498 741 1588 796 διὰ
1615 741 1715 813 τὴν
1736 741 1822 794 δό-

231 826 332 905 ξαν
361 840 524 909 μόνον
548 836 861 908 πρόσεστιν,
879 838 914 907 ὴ
942 835 1053 890 τῶν
1079 826 1540 905 θαυματουργιῶν
1566 832 1819 903 δύναμις,

231 933 341 985 ἔδει
378 932 595 995 πάντας
633 930 871 985 πάντοτε
894 927 1097 1000 ὁμοίως
1124 928 1253 991 τοὺς
1288 925 1581 999 ὁμοδόξους
1608 925 1820 995 θαυμα-

228 1026 506 1094 τουργείν·
544 1022 643 1076 καὶ
672 1020 782 1091 μὴν
807 1019 1071 1083 πολλάκις
1100 1018 1211 1073 τῶν
1233 1016 1576 1073 διδασκάλων
1600 1017 1698 1087 τῆς
1725 1016 1819 1069 πι-

230 1129 405 1177 στεως
440 1113 507 1166 οὐ
552 1109 1133 1182 θαυματουργούντων,
1172 1109 1237 1165 οι
1286 1106 1689 1181 μαθητεύοντες
1726 1107 1819 1161 ὑπ’

226 1200 414 1255 αὐτῶν
446 1201 734 1272 ἐνεργοῦσι
763 1200 835 1255 τὰ
864 1201 1091 1271 σημεῖα.

1920 555 2228 611 naturalem
2256 554 2694 625 simplicitatem,
2722 551 3229 624 humilitatemque,
3256 563 3313 608 et
3334 555 3509 610 animi

1920 648 2113 719 potius
2167 648 2442 718 puerilem
2498 646 2911 710 innocentiam,
2966 662 3131 717 quam
3190 646 3507 712 solertiam,

1922 728 2277 809 sagacitatem
2313 746 2483 808 atque
2517 738 2815 803 virtutem;
2861 744 2978 791 tum
3022 736 3237 808 singula
3276 737 3511 809 singulis

1923 830 2238 901 dispensari
2281 831 2354 886 ob
2399 830 2739 902 peculiarem
2784 830 3058 901 cujusque
3098 828 3508 895 dexteritatem,

1925 922 2423 992 liabilitatemque,
2470 936 2579 991 qua
2628 921 2845 976 caeteris
2884 920 3209 991 religionem
3260 920 3511 974 eamdem

1927 1016 2324 1087 proﬁtentibus
2350 1026 2595 1087 przestat.
2620 1015 2838 1071 Etenim
2870 1016 2918 1071 si
2949 1024 3194 1087 potestas
3220 1030 3287 1070 ea
3311 1024 3514 1084 praesto

1927 1125 2147 1180 semper
2183 1098 2443 1165 omnibus
2491 1118 2641 1165 esset
2683 1108 2756 1164 ob
2796 1109 2970 1164 solam
3012 1108 3260 1178 ipsorum
3305 1106 3512 1169 tidem;

1926 1200 2123 1256 eadem
2160 1200 2410 1271 profecto
2442 1212 2663 1271 semper
2692 1200 2960 1275 miracula
2994 1208 3217 1270 patrare
3246 1199 3517 1255 deberent

223 1310 455 1359 omnes,
480 1293 575 1379 qui
611 1292 775 1349 fidem
806 1292 1059 1349 eamdem
1095 1291 1448 1364 proﬁtentur.
1471 1290 1541 1346 At
1574 1298 1764 1347 contra
1798 1308 1857 1349 se
1889 1309 1979 1351 res
2011 1292 2207 1357 habet;
2247 1304 2372 1349 nam
2406 1308 2792 1365 saepenumero
2822 1291 2920 1363 qui
2949 1290 3077 1348 lidei
3108 1292 3365 1364 dogmata
3398 1303 3515 1349 tra-

223 1389 388 1450 dunt.
419 1387 572 1441 nulla
605 1384 855 1456 prodigia
883 1393 1133 1456 patrant;
1174 1400 1299 1440 cum
1338 1383 1590 1455 ipsorum
1622 1383 1880 1454 discipuli
1912 1401 1978 1442 ea
2009 1393 2280 1456 potestate
2306 1385 2544 1441 maxime
2575 1385 2837 1455 polleant.

295 1481 377 1534 Οὐ
412 1481 526 1551 γὰρ
579 1481 779 1547 πάντα,
820 1483 924 1536 ὅσα
967 1484 1184 1555 ἐνεργεῖ
1225 1482 1286 1536 τὸ
1329 1481 1389 1535 ἓν
1436 1482 1534 1536 καὶ
1580 1480 1641 1535 τὺ
1687 1482 1820 1535 αὐτὸ

224 1570 483 1642 Πνεῦμα,
520 1573 603 1626 ἑνὶ
650 1574 746 1626 καὶ
785 1573 864 1642 τῷ
898 1574 1050 1645 αὐτῷ
1090 1573 1414 1645 χαρίζεται·
1448 1567 1525 1643 ’ῼ
1547 1572 1665 1642 μὲν
1710 1572 1821 1643 ⁴ιιὰρ

220 1662 463 1716 δίδοται
506 1664 693 1729 λόγος
745 1664 974 1733 σοφίας
997 1704 1012 1727 ,
1172 1664 1244 1717 δὲ
1286 1664 1473 1734 λόγος
1520 1664 1819 1734 γνώσεως,

218 1751 411 1821 ἑτέρῳ
439 1753 510 1807 δὲ
544 1755 888 1823 χαρίσματα
900 1755 1210 1822 σωμάτων,
1241 1755 1425 1825 ἑτέρῳ
1454 1755 1825 1826 ἐνεργήματα

220 1844 566 1914 δυνάμεων,
597 1843 771 1909 ἄλλῳ
794 1844 863 1899 δὲ
887 1848 1096 1913 πίστις
1118 1846 1269 1900 κατὰ
1290 1846 1359 1902 τὸ
1388 1848 1538 1902 αὐτὸ
1560 1846 1819 1917 Πνεῦμα.

226 1938 345 1991 Καὶ
376 1936 489 2009 γὰρ
524 1936 866 2008 θαυμαστὸν,
922 1938 1044 2001 πῶς
1078 1941 1107 1991 ὁ
1165 1936 1348 1992 λαλῶν
1406 1938 1715 2007 γλώσσαις,
1764 1939 1823 1992 οὐ

220 2029 451 2092 πάντως
488 2027 612 2082 οὐδὲ
646 2029 708 2081 τὸ
738 2028 1040 2098 ὲγγύτατον
1062 2029 1199 2101 τῷδε
1221 2032 1471 2103 χάρισμα
1505 2029 1704 2093 λαϐὼν,
1732 2030 1827 2083 καὶ

217 2121 612 2191 διιρμήγευσε.
640 2122 785 2193 Ἀρα
820 2117 914 2176 οὗν
953 2123 1068 2176 ἐστι
1093 2124 1190 2177 καὶ
1226 2122 1380 2186 τινὰς
1407 2122 1529 2176 οὐδὲ
1559 2121 1716 2190 λόγον
1741 2140 1829 2176 σο-

220 2213 358 2281 φίας
415 2213 725 2283 ἀκραιφνῆ,
778 2215 902 2269 οὐδὲ
947 2215 1121 2284 λόγον
1176 2214 1454 2284 γνώσεως,
1488 2215 1609 2269 οὐδὶ
1642 2216 1829 2269 πίστιν

220 2304 445 2375 ὑψηλὴν
470 2304 766 2373 εἰληφότας
815 2304 1123 2377 θαυμάτων
1152 2306 1301 2378 ἔχειν
1334 2306 1680 2379 χαρίσματα.
1714 2307 1828 2360 Καὶ

218 2399 331 2451 οὐκ
368 2396 597 2465 εὔλογον
644 2399 707 2450 tx
752 2396 985 2470 θατέρου
1027 2398 1258 2471 θάτερον
1292 2399 1404 2452 τῶν
1449 2397 1545 2452 τοῦ
1576 2399 1829 2469 Πντύμα-

218 2507 320 2553 τος
353 2491 715 2561 χαρισμάτων
763 2492 1219 2563 κατακρίνεσθαι.
1271 2492 1346 2546 Τὸ
1387 2492 1445 2546 δὲ
1492 2492 1828 2563 σαφέστερον

222 2584 433 2636 εἰπεῖν·
467 2583 516 2635 εἰ
555 2582 655 2652 μὲν
703 2585 761 2636 tv
814 2583 1029 2649 τούτοις
1063 2584 1248 2655 μόνοις
1286 2579 1356 2656 ἦν
1402 2584 1473 2638 τὰ
1513 2585 1829 2655 χαρίσματα

219 2674 341 2730 τῶν
374 2674 695 2745 θαυμάτων,
723 2673 759 2743 ἢ
787 2675 993 2745 μᾶλλον
1042 2677 1200 2746 ἡμῶν
1261 2678 1320 2730 tv
1375 2678 1560 2741 αὐτοῖς
1594 2678 1826 2747 ἑωρᾶτο,

224 2763 384 2839 εἶχεν
423 2766 488 2820 ἂν
528 2766 698 2830 ὅντως
732 2768 918 2831 αὐτοῖς
971 2769 1005 2839 ἡ
1049 2766 1175 2833 δόξα
1227 2769 1503 2840 πρόληψιν
1546 2769 1829 2834 εὐσεϐείας

221 2857 388 2929 παρά
426 2858 527 2927 τὴν
559 2857 859 2928 ἡμετέραν,
891 2859 967 2922 ὡς
1011 2858 1107 2912 τοῦ
1139 2861 1348 2929 Κυρίου
1390 2861 1483 2914 τὸν
1529 2860 1684 2929 λόγον
1730 2861 1829 2914 αὺ-

220 2951 342 3005 τῶν
394 2948 744 3018 βεϐαιοῦντος
788 2951 967 3020 μόνων
1018 2950 1105 3004 διὰ
1158 2952 1268 3004 τῶν
1319 2952 1830 3006 ἐπακολουθούντων

1998 1482 2118 1537 Νοη
2142 1482 2291 1537 enim
2322 1482 2535 1543 omnia,
2560 1497 2685 1551 qua:
2711 1480 2933 1551 operari
2958 1481 3251 1537 consuevit
3274 1482 3515 1554 Spiritus

1928 1584 2188 1639 sanctus,
2221 1575 2318 1629 uni
2360 1572 2660 1643 eidemque
2703 1572 2903 1628 tribuit
2937 1590 2953 1627 :
2988 1572 3098 1628 Alii
3129 1575 3324 1645 quippe
3355 1566 3520 1629 datur

1851 1694 1900 1754 Β
1926 1683 2101 1722 sermo
2132 1667 2430 1737 sapientior,
2460 1665 2556 1720 alii
2586 1681 2759 1719 sermo
2789 1664 3181 1737 intelligentiae,
3211 1665 3307 1720 alii
3339 1670 3515 1736 gratia

1927 1759 2289 1820 curationum,
2317 1756 2413 1811 alii
2444 1757 2684 1827 operatio
2712 1756 2991 1819 virtutum,
3018 1755 3114 1810 alii
3139 1756 3366 1827 denique
3386 1756 3517 1825 ﬁdes

1924 1848 2215 1903 secundum
2267 1847 2507 1902 eumdem
2558 1844 2817 1917 Spiritum
2840 1846 2891 1900 ιι.
2931 1844 3050 1913 Qua
3097 1845 3153 1900 in
3207 1862 3267 1901 re
3313 1847 3521 1903 mirum

1928 1941 2067 1996 mihi
2092 1940 2333 2005 videtur,
2355 1940 2502 2011 quod
2529 1940 2622 2009 qui
2650 1939 2965 2010 linguarum
2989 1938 3137 1993 dono
3158 1939 3361 2010 gaudet
3382 1933 3518 2008 (46).

1926 2046 2039 2089 non
2077 2034 2328 2089 obtineat
2365 2034 2533 2089 etiam
2573 2032 2726 2088 aliud
2765 2031 2901 2087 huic
2945 2030 3128 2097 aliine,
3156 2047 3268 2102 quo
3304 2032 3523 2103 linguas
3606 2023 3613 2033 ’

1926 2117 2149 2182 easdem
2195 2125 2401 2197 quibus
2437 2126 2717 2196 loquitur,
2751 2123 3110 2194 interpretari
3150 2133 3339 2194 queat.
3379 2123 3522 2180 Sunt

1926 2233 2060 2290 ergo
2117 2218 2411 2277 nonnulli.
2469 2216 2565 2287 qui
2627 2225 2821 2270 carent
2880 2214 3029 2269 dono
3090 2214 3413 2284 sapientiai,
3462 2225 3522 2270 et

1928 2308 2339 2380 intelligentia,
2374 2318 2434 2363 et
2479 2305 2705 2362 sublimi
2750 2304 2880 2360 fidei
2924 2304 3159 2375 spiritu,
3195 2304 3290 2374 qui
3335 2313 3520 2360 tamen

1927 2400 2173 2473 gaudent
2196 2408 2471 2471 potestate
2501 2398 2768 2454 miracula
2793 2396 3075 2468 patrandi.
3102 2397 3295 2468 Neque
3320 2398 3521 2453 rationi

1928 2502 2368 2549 consentaneum
2423 2500 2510 2547 est
2558 2507 2626 2547 ex
2676 2505 2790 2545 uno
2840 2488 3094 2569 Spiritus.
3144 2489 3323 2544 sancti
3373 2488 3522 2544 dono

1929 2587 2081 2642 aliud
2131 2585 2363 2641 inferre.
2402 2583 2624 2641 Clarius
2668 2584 2983 2654 loquamur.
3020 2581 3277 2637 Profecto
3324 2582 3369 2637 si
3417 2581 3523 2652 ipsi

1929 2680 2032 2735 soli
2088 2679 2196 2734 alia
2232 2677 2636 2733 miraculorum
2680 2675 2827 2731 dona
2864 2674 3246 2745 possiderent;
3282 2675 3370 2729 vel
3403 2690 3524 2730 ma-

1928 2774 2047 2844 gis,
2078 2788 2245 2843 quam
2280 2787 2413 2835 nos,
2448 2770 2603 2825 hisce
2639 2768 2918 2839 pollerent
2955 2785 2970 2824 :
3007 2766 3525 2833 verisimilevrvideri

1930 2873 2117 2934 posset
2187 2878 2378 2918 sanam
2426 2876 2548 2917 esse
2602 2875 2668 2915 ac
2719 2860 2864 2930 piam
2912 2874 3106 2915 eorum
3153 2859 3522 2924 sententiam,

1932 2963 2122 3025 utpOte
2155 2968 2186 3009 a
2215 2953 2451 3009 Domino
2476 2951 2858 3007 confirmatam
2890 2950 2959 3005 iis
2991 2950 3185 3021 signis,
3208 2964 3353 3020 quae,
3375 2949 3526 3005 Scri-

224 3030 479 3114 σημέἷων
499 3083 515 3105 ,
554 3042 697 3096 κατὰ
726 3042 791 3095 τὸ
830 3044 1218 3113 γεγραμμένον
1241 3062 1254 3075 ο
1284 3044 1477 3113 ὥσπερ
1503 3043 1596 3097 καὶ
1633 3044 1692 3097 τὸ
1726 3049 1826 3115 κη-

1932 3055 2093 3116 ptura
2122 3053 2286 3106 teste.
2310 3054 2462 3099 recte
2488 3044 2781 3099 credentes
2803 3043 3059 3098 comitari
3087 3049 3523 3097 consueverunt.

230 3151 428 3206 ρυγμα
459 3133 571 3187 τῶν
635 3133 949 3189 ἀποστόλων
1011 3134 1179 3189 πάλαι
1228 3136 1639 3199 συνιστάνοντος
1695 3137 1833 3207 πρὸς

224 3229 453 3285 ᾶπαντα
476 3226 547 3280 τὰ
569 3226 723 3298 ἔθνη,
745 3228 840 3282 καὶ
862 3227 1055 3299 ὥσπερ
1078 3228 1148 3281 τὰ
1176 3228 1476 3290 Μωῦσέως,
1504 3231 1600 3283 καὶ⁸
1622 3228 1833 3300 Ἀαρὼν

227 3322 447 3391 σημεῖα
502 3318 647 3388 ὑπὲρ
702 3318 774 3373 τά
836 3319 1061 3383 Ἰαννοῦ,
1108 3320 1205 3373 καὶ
1249 3318 1507 3389 Ἰαμδροῦ
1552 3320 1689 3390 πρὸς
1736 3319 1831 3373 τοῦ

226 3412 574 3479 Αἰγυπτίους
611 3409 1066 3482 θριαμϐεύοντος.
1097 3410 1162 3464 Et
1200 3409 1258 3464 δὲ
1297 3411 1355 3463 tv
1382 3412 1539 3479 ἡμῖν,
1576 3412 1672 3463 καὶ
1709 3411 1830 3483 μεί-

228 3505 391 3571 ζονα,
421 3505 519 3558 καὶ
560 3503 779 3557 πλείονα
808 3504 1002 3575 ὁρᾶται
1032 3502 1103 3556 τὰ
1133 3504 1197 3555 ὲκ
1222 3500 1316 3555 τοῦ
1352 3492 1674 3571 Πνεύματος
1698 3502 1831 3555 θαύ-

235 3607 390 3660 ματα
424 3590 570 3644 κατὰ
596 3592 779 3645 πᾶσαν
819 3591 918 3662 τὴν
943 3590 1294 3660 οἰκουμένην,
1320 3591 1439 3653 πῶς
1468 3594 1533 3644 ὲκ
1583 3591 1829 3660 θαυματ-

229 3682 480 3753 ουρτιῶν
527 3682 977 3754 ἀξιοπιστότερον
1014 3676 1158 3761 εἶναι
1212 3681 1494 3752 βούλονται
1535 3682 1595 3736 τὸ
1622 3682 1829 3751 δόγμα;

234 3773 393 3843 Μηδὲ
436 3772 559 3825 τόδε
609 3768 705 3826 οὖν
755 3774 832 3837 ὡς
879 3774 1140 3843 ὀνήσιμον
1192 3774 1377 3837 αὐτοῖς
1414 3776 1493 3836 εὶς
1533 3775 1831 3842 ἀπολογίαν

232 3867 362 3922 τινὰ
396 3869 498 3938 τὴν
534 3867 674 3939 ὑπὲρ
707 3866 807 3937 τῆς
834 3866 1259 3938 δεισιδαιμονίας
1308 3867 1491 3921 αὐτῶν
1536 3868 1832 3939 προσαλλέ-

234 3976 442 4015 τωσαν.

308 4134 523 4203 Ειγάρ
554 4134 653 4187 καὶ
688 4136 897 4199 Σκευᾶς
928 4137 1026 4189 σὺν
1058 4139 1169 4197 τοῖς
1200 4137 1335 4198 υἱοῖς
1364 4136 1530 4188 αὑτοῦ
1580 4138 1831 4202 Ἰουδαῖος

237 4228 336 4291 ὢν,
355 4230 416 4281 tv
448 4228 681 4297 ὀνόματι
707 4226 943 4297 Χριστοῦ
976 4227 1286 4298 ὲπορκίζων
1310 4228 1524 4282 ἐλαύνει
1545 4229 1828 4299 δαίμονας,

1935 3137 2413 3205 Quemadmodum
2438 3136 2585 3192 idem
2609 3135 2877 3191 Dominus
2900 3143 2957 3189 et
2979 3135 3355 3205 apostolorum
3388 3150 3528 3205 prae-

1935 3230 2273 3285 dicationem
2303 3228 2452 3300 apud
2478 3242 2674 3284 omnes
2699 3235 2895 3311 gentes
2922 3226 3208 3282 miraculis
3234 3227 3530 3283 conﬁrma-

1935 3323 2036 3389 vit,
2062 3332 2121 3378 et
2146 3322 2349 3393 Moysis
2376 3330 2434 3378 et
2459 3322 2699 3377 Aaronis
2731 3320 2986 3392 prodigia
3018 3334 3185 3389 supra
3215 3319 3379 3376 Janni
3413 3319 3528 3389 (47)

1935 3425 1991 3471 et
2032 3415 2266 3470 Mambri
2314 3414 2427 3485 (t8)
2475 3413 2746 3469 miracula
2789 3412 2936 3483 apud
2978 3410 3264 3482 Egyptios
3303 3411 3527 3467 extulit.

1935 3508 2142 3563 Verum
2198 3508 2244 3561 si
2296 3505 2487 3561 divina
2543 3504 2786 3575 Spiritus
2836 3503 3015 3559 sancti
3066 3502 3314 3573 prodigia
3364 3504 3528 3575 longe

1934 3601 2095 3670 plura
2123 3615 2190 3655 ac
2223 3600 2426 3670 majora
2454 3615 2555 3669 per
2590 3608 2764 3653 totum
2796 3606 3069 3652 terrarum
3098 3596 3290 3651 orbem
3319 3580 3527 3666 patrari

1937 3692 2117 3746 solent
2140 3691 2283 3761 apud
2316 3706 2436 3754 nos,
2462 3706 2625 3761 quam
2656 3689 2802 3760 apud
2833 3689 2982 3758 ipsos
3016 3707 3028 3741 :
3060 3688 3341 3759 quomodo
3368 3687 3529 3743 nobis

1934 3801 2000 3837 ex
2045 3785 2329 3839 miraculis
2373 3799 2533 3837 suum
2581 3782 2779 3853 dogma
2821 3780 3049 3852 probari
3096 3780 3323 3849 putant?
3368 3779 3526 3834 Desi-

1937 3886 2069 3930 nant
2096 3892 2227 3946 ergo
2252 3874 2417 3929 nobis
2450 3875 2501 3928 id
2539 3873 2859 3936 obtrudere,
2888 3870 3036 3941 quod
3068 3868 3201 3939 ipsis
3225 3868 3528 3923 defenden-

1938 3968 2051 4027 dis,
2092 3982 2399 4037 eorumque
2444 3965 2767 4037 pervicacia:
2812 3962 3031 4019 tuendae
3076 3961 3344 4031 prodesse
3386 3960 3525 4030 nihil

1939 4068 2135 4127 potest.

2009 4152 2142 4204 Nam
2195 4150 2239 4203 si
2287 4160 2341 4201 et
2391 4150 2592 4203 Scevas
2636 4147 2860 4203 Iudaeus
2910 4146 3022 4217 (L9)
3073 4160 3181 4198 una
3228 4159 3354 4198 cum
3399 4143 3526 4197 filiis

1937 4245 2051 4298 suis
2081 4243 2337 4297 invocato
2368 4241 2574 4297 Christi
2612 4239 2838 4294 nomine
2871 4238 3046 4293 malos
3079 4236 3308 4307 spiritus
3340 4251 3368 4288 a
3399 4250 3524 4288 cor-

240 4322 334 4375 xai
385 4322 487 4373 οὐκ
518 4323 577 4373 tv
613 4318 751 4389 τῷδε
798 4318 985 4382 ἁπλῶς
1033 4322 1147 4382 τοῖς
1181 4319 1451 4391 μαθηταῖς
1489 4321 1581 4374 τοῦ
1625 4324 1827 4393 Κυρίου

1942 4334 2169 4403 poribus
2200 4334 2444 4387 obsessis
2472 4334 2663 4404 abigit,
2693 4347 2872 4401 neque
2904 4340 3194 4401 propterea
3223 4328 3277 4382 in
3308 4326 3523 4379 Domini

242 4411 691 4483 συναριθμεῖταυ
724 4410 882 4481 δῆλον
934 4412 1013 4475 ὡς
1038 4412 1159 4465 οὐδὲ
1202 4405 1348 4466 οὗτοι
1405 4416 1469 4466 ἐκ
1508 4414 1659 4468 τοῦδε
1704 4419 1827 4484 πρό·

1943 4422 2231 4493 discipulis
2280 4433 2542 4476 censetur
2588 4441 2599 4475 :
2651 4421 2899 4491 profecto
2943 4436 3047 4474 nec
3088 4419 3141 4473 hi
3187 4435 3285 4488 per
3324 4418 3524 4471 similia

240 4524 410 4575 φασιν
458 4506 649 4576 ἔχουσι
695 4506 823 4576 περὶ
865 4508 964 4577 τῆς
1016 4506 1293 4576 ἁμαρτιας
1352 4506 1553 4560 αὐτῶν.
1608 4511 1829 4562 Πολλοὶ

237 4602 375 4670 γάρ,
415 4600 609 4669 φησὶν,
653 4597 865 4665 ἐροῦσι
889 4615 990 4665 μοι
1019 4598 1088 4650 ἐν
1123 4596 1195 4664 τῇ
1234 4598 1421 4667 ἡμέρῃ
1459 4598 1683 4666 ἐκείνῃ,
1720 4604 1833 4655 Κύ-

231 4708 352 4760 ριε,
383 4694 455 4745 οὺ
490 4689 574 4755 τῷ
598 4689 690 4754 σῷ
714 4691 959 4757 ὀνόματι
997 4692 1554 4757 προεφητεύσαμεν,
1578 4691 1674 4744 καὶ
1704 4691 1831 4744 dat-

232 4789 426 4855 μάν-ια
462 4783 847 4853 ἐξεϐάλομεν,
881 4782 978 4835 καὶ
1031 4780 1316 4849 δυνάμεις
1356 4782 1609 4847 πλείους
1632 4783 1835 4846 ἐποιή-

239 4894 478 4947 σαμεν;
514 4877 621 4931 Καὶ
648 4879 782 4930 τότε
806 4873 1166 4943 ὁμολογήσω
1179 4874 1404 4939 αὐτοῖς,
1432 4875 1522 4928 ὅτι
1556 4876 1830 4930 οὐδέποτ’

241 4972 439 5039 {rrum
466 4966 643 5037 ὑμᾶς.
681 4967 857 5034 Σαφὲς
888 4967 995 5033 ἄρα
1031 4964 1107 5025 ὡς
1135 4964 1235 5017 οὐκ
1264 4965 1427 5033 ἀρκεῖ
1457 4964 1835 5037 πψξδιάκρι-

315 5155 339 5193 ιι
368 5154 383 5207 1
409 5152 543 5209 Cor.
572 5168 669 5216 xu,
693 5151 756 5215 8,
792 5152 847 5208 9.
934 5151 949 5189 ι
975 5152 1167 5207 Matth.
1189 5165 1282 5216 vn,
1303 5151 1393 5215 2‘2,
1416 5151 1509 5205 25.

315 5310 545 5377 (16)Ait
572 5308 723 5362 enim
758 5309 821 5362 D.
851 5309 1055 5363 Paulus
1077 5309 1114 5363 l.
1142 5324 1192 5363 c.
1222 5325 1235 5361 :
1266 5308 1375 5362 Alii
1400 5326 1591 5379 genera
1628 5308 1836 5379 lingua-

240 5398 386 5435 rum.
412 5381 507 5433 alii
534 5380 906 5447 interpretatio
928 5392 1252 5433 sermonum.

319 5453 428 5525 (l7)
457 5450 667 5525 laudes
690 5459 745 5504 et
768 5448 1060 5525 Mambres,
1091 5449 1199 5502 duc
1232 5449 1372 5519 magi
1396 5449 1678 5525 celebres,
1700 5466 1838 5525 quos

239 5520 417 5645 ξρςεί
464 5519 803 5643 in'BJEgypto
847 5519 1120 5575 restitisse
1164 5528 1401 5575 testatur
1442 5521 1503 5573 D.
1548 5521 1753 5575 Paulus
1797 5521 1838 5574 Il

295 5607 391 5645 im.
418 5608 496 5645 in.
570 5630 585 5643 .

295 5607 391 5645 Im.
418 5608 496 5648 111.
528 5607 585 5643 δ.

308 5661 429 5785 348)
456 5662 688 5743 :l'extus,
715 5668 777 5743 ut
803 5660 980 5725 vides,
1006 5677 1064 5717 se
1097 5660 1267 5716 habet
1305 5659 1584 5733 Ἰαμὸροῦ,
1606 5659 1833 5720 Jantbri,

379 5732 507 5785 huic
542 5733 767 5785 lectioni
799 5732 1129 5785 adversatur
1162 5732 1365 5785 Paulus
1397 5734 1432 5785 I.
1460 5748 1511 5785 c.
1534 5762 1605 5772 —-
1630 5730 1833 5785 Textus

242 5730 343 5785 sed
379 5732 507 5787 huic
542 5733 767 5786 lectioni
799 5732 1129 5787 adversatur
1162 5732 1365 5787 Paulus
1394 5730 1432 5787 l.
1460 5730 1511 5786 ὸ.
1534 5762 1605 5772 —-
1630 5730 1835 5785 Textus

242 5801 553 5858 hodiernus
616 5803 784 5856 habet
849 5802 1144 5873 Ἰαμϐρῆς·
1207 5803 1305 5858 sed
1361 5802 1589 5875 Μαμὸρ.
1643 5801 1834 5871 legunt

577 5897 845 5959 PATROL.
892 5899 1013 5959 Gs.
1062 5897 1387 5961 LXXXVI.

1947 4516 2212 4569 miracula
2241 4528 2399 4568 suum
2437 4530 2665 4583 pravum
2698 4514 2893 4582 dogma
2930 4513 3063 4566 satis
3096 4512 3329 4581 probare
3364 4509 3525 4563 nobis

1940 4621 2181 4675 unquam
2217 4614 2499 4674 poterunt.
2531 4606 2682 4659 Mulli
2720 4606 2900 4667 enim,
2929 4606 3033 4665 ait,
3066 4606 3118 4657 in
3156 4605 3239 4657 die
3270 4603 3363 4657 illa
3398 4602 3526 4654 mihi

1941 4698 2109 4749 dicent
2136 4714 2151 4750 :
2179 4697 2416 4757 Domine.
2445 4713 2618 4749 nonne
2644 4698 2699 4750 in
2726 4698 2937 4750 nomine
2963 4705 3051 4749 tuo
3077 4694 3522 4766 proplietavinius,

1939 4795 1987 4839 et
2022 4788 2283 4841 dmmonia
2318 4789 2587 4857 ejcrimus.
2620 4798 2667 4842 et
2692 4788 2814 4843 alia
2850 4788 3021 4845 multa
3055 4788 3296 4857 prodigia
3333 4795 3521 4855 patra~

1940 4883 2148 4935 rimus?
2178 4879 2372 4945 Quibus
2405 4881 2647 4935 omnibus
2670 4882 2988 4950 respondebo
3015 4898 3033 4937 :
3065 4882 3233 4935 nescio
3261 4896 3348 4933 vos
3372 4876 3413 4931 ‘.
3442 4876 3523 4931 Ad

1941 4973 2350 5043 diguoscendos
2386 4989 2516 5042 ergo
2551 4989 2648 5029 eos
2679 4975 2773 5043 qui
2808 4973 3029 5029 Christo
3064 4973 3216 5029 chari
3254 4980 3403 5036 sunt,
3430 4970 3517 5023 vel

1943 5308 2121 5382 Consi.
2157 5320 2326 5376 npost.
2360 5310 2415 5363 S.
2450 5311 2613 5382 Cypr.
2648 5310 3068 5382 LuciferCalar.
3098 5310 3168 5364 ai.

2018 5381 2127 5448 (49)
2154 5381 2371 5451 Hebraei
2404 5379 2515 5433 iuni
2535 5379 2813 5451 tenipnris
2845 5380 3065 5439 Christo
3095 5381 3327 5433 Domino
3354 5379 3529 5432 maxi-

1948 5465 2091 5502 mam
2141 5450 2299 5503 fidem
2351 5452 2629 5506 habebant
2667 5450 2911 5519 eumque
2962 5463 3252 5519 propterea
3304 5453 3419 5503 suis
3467 5451 3526 5502 in

1948 5522 2354 5574 calamitatibus
2398 5524 2657 5577 invocare
2702 5531 3125 5575 consueverant.
3165 5522 3317 5574 l’atct
3359 5521 3411 5573 iii
3459 5536 3528 5574 υς

1950 5590 2177 5663 historia
2230 5592 2450 5645 comitis
2496 5593 2752 5663 Joscphi,
2794 5608 2987 5663 qucm,
3035 5607 3159 5646 cum
3204 5601 3527 5663 azgrotarct,

1942 5660 2117 5715 Judaei
2147 5664 2368 5730 quidam
2403 5660 2785 5720 hortabantur.
2817 5660 2869 5715 lli
2902 5662 3104 5715 (liiristi
3142 5677 3338 5713 nomen
3369 5661 3529 5730 invo-

1942 5740 2115 5791 caret,
2145 5728 2187 5785 si
2234 5733 2485 5800 protinus
2526 5749 2555 5787 a
2601 5734 2792 5787 morbo
2837 5735 3044 5786 servari
3083 5732 3267 5784 vellet.
3304 5728 3528 5799 (Epiplt.

1942 5801 2135 5856 literes.
2166 5802 2253 5865 '50,
2281 5819 2333 5855 n.
2363 5805 2435 5869 5.)

3205 5892 3276 5950 60
