4094 6334
210 342 341 407 ιθοι

1243 344 1513 404 ΟΑΡΙΤΑ
1553 343 1716 402 ΧΧΧ
1747 340 2046 402 CONTRA
2082 338 2464 402 SEVERUM.

3343 337 3481 399 1902

204 450 382 511 οὕτως
412 451 512 503 καὶ
562 450 676 504 οἵδε
719 452 832 514 τοῖς
878 449 1134 503 Ἰακώϐου
1169 453 1481 520 φρονήμασι
1506 463 1845 520 προκατει-Λ

1950 462 2239 518 peramque
2283 445 2620 517 praebebant.
2655 446 2759 513 Qui
2800 445 3048 516 profecto
3088 462 3192 502 nec
3236 445 3342 516 ipsi
3378 463 3481 502 no-

206 543 479 614 λημμένοι
514 542 939 612 ἐνετυπώθησαν
966 541 1364 619 ἀϐασανίστως.

1902 551 2048 603 rant,
2083 555 2261 609 neque
2301 539 2576 595 docebant
2612 539 3011 610 perscrutanda
3049 555 3170 594 esse
3210 540 3482 595 Christia-

209 649 406 688 norum
445 633 730 704 dogmata,
795 643 852 688 et
924 649 1049 688 cum
1095 634 1221 687 aliis
1263 633 1498 687 aliorum
1537 637 1870 686 sectatorum
1908 631 2181 687 institutis
2218 631 2588 702 comparanda
2625 649 2638 685 :
2674 631 2772 688 sed
2805 633 3270 702 quemadmodum
3306 633 3484 690 Persia:

212 725 450 781 Nestorii
483 725 823 792 doctrinam,
852 728 928 782 ita
959 736 1014 781 et
1038 726 1094 780 hi
1129 741 1297 795 prava
1322 723 1513 780 Jacobi
1545 724 1796 796 dogmata
1836 724 1958 780 sine
1988 724 2099 780 ulla
2128 722 2515 794 disquisitione
2548 724 2877 796 probabant.

227 915 3484 953 Μ

846 1089 1147 1206 ΤΟΥ
1231 1087 2045 1207 ΜΑΚΑΡΙΟΥ
2137 1081 2927 1203 ΛΕΟΝΤΙΟΥ

629 1312 780 1403 ΤΑ
851 1318 1486 1407 ΤΡΙΑΚΟΝΤΑ
1561 1315 2131 1403 ΚΕΦΑΛΑΙΑ
2204 1310 2504 1401 ΚΑΤΑ
2577 1315 3118 1404 ΣΕΥΗΡΟΥ.

1317 1677 1737 1793 ΒΕΑΤΙ
1857 1679 2438 1794 LEONTII

724 1915 1146 2005 CAPIT-A
1210 1915 1794 2004 TRIGINTA
1868 1914 2338 2008 CONTRA
2410 1914 3018 2006 SEVERUM.

1321 2109 1678 2187 lnlcrprete
1711 2108 2055 2170 Francisco
2093 2108 2434 2169 Turriano.

1172 2269 1322 2344 (Atto.
1348 2271 1472 2337 MM,
1515 2269 1626 2326 νει.
1661 2268 1857 2339 Script.
1892 2267 2140 2323 Biblioth.
2174 2268 2348 2334 LVII,
2381 2285 2435 2338 p.
2467 2269 2580 2334 40.)

310 2565 386 2617 κ.
425 2561 488 2614 Ei
516 2560 588 2613 τὰ
620 2560 807 2628 πάντη
844 2556 1017 2610 ταύτὰ
1053 2558 1185 2626 μιᾶς
1221 2557 1370 2612 ἐστιν
1421 2555 1656 2622 φύσεως,
1694 2556 1834 2611 αὐτὰ.

2009 2556 2048 2609 1.
2087 2555 2425 2625 Siquaesunt
2455 2555 2682 2609 omnino
2699 2553 2914 2617 eadem,
2946 2564 3073 2610 sunt
3091 2555 3258 2610 unius
3283 2564 3514 2621 natum,

229 2655 296 2710 δδ
325 2653 499 2709 ταῦτα
534 2655 628 2708 καὶ
660 2653 762 2722 μία
796 2650 957 2720 φύσις
991 2649 1236 2718 λέγεται,
1285 2651 1402 2713 πῶς
1456 2651 1524 2703 τὰ
1551 2651 1626 2720 μὴ
1647 2651 1825 2720 πάντη

229 2746 415 2800 ταυτὶ
442 2744 585 2798 κατὰ
607 2743 794 2814 φύσιν,
820 2743 948 2814 μιᾶς
978 2741 1043 2794 ἂν
1077 2742 1162 2811 εἴη
1207 2740 1446 2810 φύσεως,
1479 2742 1512 2813 ἢ
1542 2741 1638 2812 μία
1669 2742 1830 2809 φύσις

231 2835 569 2904 λεχθήσεται
598 2833 794 2898 ;Ἀλλὰ
826 2831 932 2902 μὴν
974 2831 1233 2884 οὐδέποτε
1278 2833 1456 2900 πάντη
1505 2833 1704 2884 ταύτὸν
1737 2832 1832 2884 καὶ

234 2922 370 2974 κατ’
403 2922 564 2974 αὑτὸν
597 2924 630 2990 ἡ
653 2921 747 2974 τοῦ
779 2918 1017 2991 Χριστοῦ
1047 2919 1238 2989 θεότης
1265 2922 1331 2990 τῇ
1363 2921 1484 2974 κατ’
1510 2921 1711 2983 αὐτοὺς
1741 2921 1834 2973 ἀν-

236 3008 591 3086 θρωέτότητι·
647 3013 748 3067 οὐκ
794 3014 900 3083 ἄρα
955 3013 1084 3081 μιᾶς
1117 3011 1288 3064 ταῦτα
1318 3012 1383 3065 ἂν
1422 3013 1505 3083 εἴη
1540 3011 1832 3082 φύσεως.νῆ

241 3108 351 3178 μία
388 3108 548 3176 φύσις
573 3105 897 3176 λεχθήσεται
929 3103 1102 3157 ταῦτα
1140 3104 1277 3172 μετὰ
1317 3105 1416 3173 τὴν
1445 3103 1656 3156 ἕνωσιν.

322 3201 399 3253 B'.
431 3192 533 3250 Ὧν
562 3200 660 3268 μία
688 3200 720 3267 ἡ
745 3196 928 3267 φύσις,
957 3196 1137 3259 κοινὸς
1177 3197 1204 3247 ὁ
1248 3196 1407 3264 ὶόγος
1430 3212 1443 3225 ·
1480 3189 1554 3248 ὧν
1576 3195 1633 3246 δὲ
1663 3194 1838 3255 κοινὸς

235 3293 274 3346 ὁ
302 3291 483 3356 λόγος,
518 3293 613 3343 καὶ
645 3293 674 3359 ἡ
705 3288 941 3360 ῦπαρξις
968 3286 1258 3358 ὁμοούσιος
1277 3304 1290 3316 ·
1345 3287 1601 3340 οὐδέποτε
1657 3287 1716 3340 δὲ
1745 3288 1840 3339 καὶ

241 3383 399 3436 κατὰ
423 3383 620 3434 ταύτὸν
642 3379 926 3450 ὁμοούσιος
950 3381 983 3450 ή
1020 3379 1212 3450 Θεότης
1250 3378 1345 3431 τοῦ
1379 3376 1618 3449 Χριστοῦ
1651 3380 1718 3448 τῇ
1743 3378 1839 3431 ἁν-

245 3472 568 3542 Θρωπότητι
590 3490 602 3502 ο
631 3472 731 3524 οὐκ
777 3471 885 3540 ἄρα
940 3463 1020 3533 εἷς
1058 3485 1188 3522 ποτε
1222 3467 1427 3522 τούτων
1461 3470 1489 3520 ὀ
1522 3467 1678 3534 λόγος
1705 3482 1718 3496 ·
1755 3459 1842 3520 ὧν

241 3567 308 3620 δὲ
339 3557 612 3635 μηδέἆτοτε
636 3559 715 3627 εἷς
744 3565 772 3616 ό
791 3563 968 3630 λόγος,
1006 3562 1212 3616 τούτων
1237 3561 1324 3632 ἄρ’
1352 3564 1406 3614 αἱ
1443 3559 1633 3630 φύσεις
1684 3559 1842 3630 δῆλον

246 3660 336 3712 ὅτι
367 3657 637 3726 διάφοροι.

330 3836 404 3889 Γ.
442 3836 505 3888 Εἰ
539 3836 602 3886 ὲκ
663 3835 918 3900 Θεότητος
980 3834 1072 3885 καὶ
1123 3832 1540 3902 ἀνθρωπότητος
1571 3831 1843 3898 λέγοντες,

1937 2648 2053 2703 haec
2100 2656 2283 2702 autem
2317 2647 2433 2717 ipsa
2460 2647 2625 2702 etiam
2654 2662 2762 2701 una
2807 2655 3002 2701 natura
3033 2648 3297 2703 dicuntur
3325 2667 3339 2713 ;
3385 2665 3522 2719 quo-

1934 2740 2118 2804 modo,
2151 2756 2277 2810 quae
2308 2754 2417 2793 non
2446 2749 2576 2795 sunt
2601 2743 2831 2796 omnino
2867 2742 3081 2808 eadem,
3107 2743 3191 2797 vel
3231 2743 3395 2797 unius
3420 2761 3521 2798 na-

1935 2840 2072 2886 tura:
2096 2841 2282 2895 erunt,
2313 2829 2398 2884 vel
2444 2845 2553 2884 una
2583 2840 2779 2884 natura
2813 2831 3109 2886 dicentur?
3141 2833 3313 2888 Porro
3342 2849 3524 2903 neque

1936 2925 2128 2981 eadem
2193 2934 2323 2980 sunt
2368 2922 2574 2979 Christi
2618 2923 2883 2980 divinitas
2916 2936 2972 2980 et
3007 2926 3340 2982 humanitas.
3382 2929 3527 2999 Ergo

1938 3031 2049 3070 non
2081 3016 2248 3069 unius
2280 3025 2492 3070 natura:
2513 3026 2682 3071 erunt
2713 3033 2894 3086 neque
2928 3034 3031 3071 una
3050 3030 3248 3074 natura
3273 3021 3529 3077 dicentur

1940 3117 2063 3177 post
2101 3109 2384 3162 unionem.

2013 3201 2076 3254 II.
2112 3200 2358 3266 Quorum
2396 3216 2503 3254 una
2535 3209 2620 3256 est
2665 3209 2884 3264 natura,
2907 3205 3220 3257 communis
3247 3214 3332 3258 cst
3356 3207 3526 3268 ratio;

1943 3304 2179 3358 quorum
2215 3299 2398 3343 autem
2426 3291 2740 3344 communis
2771 3290 2931 3351 ratio,
2951 3291 3197 3360 ejusdem
3213 3294 3532 3350 substantia:

1944 3389 2076 3433 sunt
2103 3397 2118 3432 :
2153 3395 2265 3433 non
2299 3387 2581 3434 estautem
2605 3379 2907 3434 secundum
2931 3379 3350 3451 ipsosdivinitas
3375 3383 3533 3439 Chri-

1946 3472 2013 3526 sti
2053 3470 2302 3543 ejusdem
2341 3471 2665 3525 substantiae
2704 3486 2828 3525 cum
2877 3471 3219 3526 humanitate
3251 3490 3263 3525 :
3298 3488 3405 3528 non
3450 3484 3535 3528 est

1947 3561 2117 3632 igitur
2158 3576 2266 3614 una
2315 3559 2512 3614 horum
2558 3560 2730 3624 ratio;
2780 3575 3015 3629 quorum
3055 3573 3236 3615 autem
3294 3578 3401 3618 non
3450 3574 3536 3618 cst

1949 3666 2192 3722 unquam
2238 3666 2344 3704 una
2388 3651 2550 3713 ratio,
2578 3651 2778 3705 horum
2815 3659 3021 3706 naturae
3067 3669 3288 3724 semper
3323 3656 3537 3712 scilicet

1949 3750 2118 3796 erunt
2143 3741 2483 3795 diﬁcrentes.

2027 3835 2113 3889 lli.
2147 3836 2203 3890 Si
2235 3833 2328 3902 qui
2357 3833 2549 3887 dicunt
2593 3831 2875 3887 Christum
2907 3850 3027 3890 esse
3059 3852 3125 3890 ex
3160 3837 3448 3893 divinitate
3480 3851 3538 3895 ct

251 3931 355 3984 καὶ
374 3931 440 3980 ὲκ
476 3927 570 3978 δύο
593 3927 809 3992 φύσεων
856 3924 1131 3992 λέγουσιν,
1169 3925 1263 3976 καὶ
1292 3923 1489 3976 ταύτὸν
1522 3924 1708 3984 αὐτοῖς
1753 3938 1845 3989 ση-

1951 3926 2315 3987 humanitate,
2345 3925 2508 3978 etiam
2543 3939 2609 3978 ex
2661 3924 2875 3978 duabus
2924 3928 3140 3981 naturis
3170 3945 3288 3984 esse
3324 3931 3534 3996 dicunt,

256 4019 481 4088 μαῑνειν
521 4018 688 4084 ἄμφω
716 4015 864 4067 δοκεῖ
887 4055 902 4079 ,
935 4015 1052 4077 πῶς
1108 4015 1166 4066 ὲν
1193 4014 1409 4084 Θεότητι
1436 4015 1533 4067 καὶ
1565 4013 1849 4083 ἀνθρωπόο

255 4129 385 4182 τητι
417 4110 672 4174 λέγοντες
709 4107 848 4176 μετὰ
880 4105 977 4177 τὴν
1031 4106 1247 4168 ἕνωσιν,
1304 4107 1406 4159 οὐκ
1430 4107 1488 4158 ὲν
1532 4106 1624 4157 δύο
1652 4104 1849 4171 φύσεσι

255 4203 440 4270 λέγειν
491 4203 556 4253 ὲκ
603 4199 711 4251 τῶν
757 4200 886 4268 παρ’
952 4197 1132 4261 αὐτῶν
1181 4197 1443 4250 δοθέντων
1498 4195 1847 4264 ἀναγκασθή-

257 4309 478 4357 cavat;
529 4292 693 4344 ταυτὸ
749 4293 858 4362 γὰρ
911 4292 1007 4344 καὶ
1043 4289 1281 4342 ἐνταῦθα
1338 4291 1399 4342 τὸ
1425 4287 1486 4353 ἐξ
1526 4290 1728 4358 ἀμφοῖν
1758 4287 1850 4356 δη-

254 4386 545 4455 λοῦ

326 4484 405 4533 Δ’.
433 4479 494 4530 ΕΞ
520 4480 581 4530 ὲκ
607 4477 699 4530 δύο
729 4477 946 4546 φύσεων
969 4475 1062 4527 τδν
1080 4474 1316 4545 Χριστὸν
1343 4472 1614 4540 λέγοντες,
1644 4474 1708 4527 ὲκ
1734 4471 1851 4524 θεό-

251 4588 426 4642 τητος
453 4571 548 4623 καὶ
575 4569 999 4639 ἁνθρωπότητος
1038 4568 1312 4635 λέγουσιν,
1343 4567 1438 4618 καὶ
1497 4565 1560 4618 ὲκ
1595 4565 1850 4634 θεότητος

255 4662 357 4714 καὶ
383 4658 803 4727 ἁνθρωπότητος
821 4657 1092 4723 λέγοντες,
1122 4657 1183 4707 ἐκ
1202 4653 1295 4706 δύο
1329 4652 1544 4721 φύσεων
1577 4651 1737 4704 αὐτὸν
1761 4650 1850 4701 λέ-

255 4767 471 4818 γονσιν·
491 4750 720 4818 Θεότητα
739 4749 794 4802 δὲ
826 4750 920 4801 καὶ
949 4746 1045 4800 ἀνθ
1059 4747 1349 4814 ρωπότητα
1376 4744 1514 4814 μετὰ
1538 4744 1635 4813 τὴν
1656 4742 1852 4795 ἕνωσιν

255 4845 537 4909 λέγουσιν,
564 4841 655 4893 δύο
686 4842 794 4911 ἄρα
825 4840 1017 4906 φύσεις
1056 4838 1150 4889 καὶ
1181 4837 1335 4890 αὐτοὶ
1358 4835 1450 4889 τοῦ
1491 4833 1728 4905 Χριστοῦ
1762 4834 1853 4886 καὶ

262 4934 407 5002 μετὰ
435 4933 532 5001 τὴν
554 4933 751 4984 ἓνωσιν
779 4932 1031 5001 λέγουσιν
1057 4945 1067 4958 ·
1102 4931 1150 4982 εἰ
1169 4930 1225 4981 δὲ
1254 4929 1314 4980 τὸ
1335 4929 1514 4994 λέγειν
1536 4927 1628 4978 δύο
1661 4925 1853 4992 φύσεις

259 5027 321 5078 ὲν
365 5021 442 5092 τῷ
474 5023 696 5092 Χριστῷ
751 5022 892 5091 μετὰ
921 5021 1020 5090 τὴν
1073 5019 1270 5072 ἕνωσιν
1301 5017 1614 5088 ἀρνοῦνται,
1644 5016 1704 5068 τὸ
1745 5015 1853 5083 ἄρα.

256 5117 446 5185 λέγειν
479 5115 708 5185 θεότητα
749 5114 992 5184 Χριστοῦ
1014 5113 1108 5166 καὶ
1155 5111 1549 5184 ἀνθρωπὸτητα
1585 5112 1724 5181 μετὰ
1755 5111 1851 5180 τὴν

261 5206 464 5259 ἶνωσιν
500 5203 816 5276 ἀρνοῦνται.

341 5301 416 5352 E'.
444 5299 507 5352 ΕΙ
539 5296 823 5367 ἀσύγχυτα
856 5297 915 5349 ὲν
944 5297 1012 5364 τῇ
1052 5293 1246 5346 ὲνὼσει
1275 5294 1344 5347 τὰ
1395 5292 1718 5346 συνελθόντα
1771 5309 1854 5358 γι-

266 5395 592 5454 νώσκουσιν,
653 5388 747 5442 δύο
795 5388 852 5441 δὲ
913 5386 980 5439 τὰ
1029 5384 1354 5439 συνελθόντα
1395 5387 1486 5438 καί
1535 5386 1657 5437 κατ’
1689 5384 1853 5436 αὐτόν

261 5486 404 5541 ἐστι,
433 5483 546 5546 πῶς
580 5483 645 5534 τὰ
679 5483 738 5534 ὲν
771 5482 840 5551 τῇ
877 5478 1066 5531 ὲνώσει
1100 5477 1176 5548 μὴ
1218 5477 1556 5548 συγχυθέντα
1593 5477 1706 5537 δύο,
1757 5477 1854 5528 καὶ

266 5577 409 5648 μετὰ
446 5577 544 5643 τὴν
587 5575 786 5630 ἕνωσιν
837 5573 900 5626 οὐ
954 5571 1048 5625 δύο
1100 5571 1504 5641 γνωρίζονσινς
1559 5570 1606 5622 εἰ
1653 5570 1710 5623 δὲ
1763 5569 1855 5621 δύο

261 5667 639 5736 γνωρίζουσιν,
670 5665 791 5728 πῶς
816 5663 917 5734 οὐχ
936 5662 1329 5734 ὁμολογοῦσιν;
1352 5663 1397 5714 ei
1425 5661 1480 5715 δὲ
1507 5661 1846 5732 ὁμολογοῦσι,

263 5758 385 5820 πῶς
429 5759 678 5828 ἀριθμεῖν
727 5756 906 5810 ταῦτα
941 5755 1354 5828 παραιτοῦνται,
1395 5749 1586 5827 ὦντὴν
1616 5755 1712 5825 τῆς
1748 5754 1850 5821 φύ-

1952 4026 2008 4070 et
2052 4016 2196 4070 idem
2243 4015 2553 4083 signiﬁcare
2597 4015 2760 4068 ambo
2805 4015 2938 4085 ipsis
2969 4017 3222 4084 videtur;
3261 4021 3537 4089 quomodo

1954 4108 2201 4162 dicentes
2230 4106 2512 4166 Christum
2546 4122 2666 4162 esse
2710 4117 2832 4176 post
2861 4110 3120 4164 unionem
3169 4112 3221 4166 in
3251 4113 3541 4171 divinitate

1953 4208 2008 4254 et
2034 4200 2396 4262 humanitate,
2424 4215 2532 4252 non
2557 4212 2822 4269 cogentur
2859 4201 3045 4257 dicere
3075 4219 3144 4259 ex
3161 4205 3302 4260 datis
3323 4221 3386 4261 ac
3410 4223 3540 4263 con-

1955 4292 2127 4346 cessis
2174 4308 2204 4345 a
2255 4305 2335 4354 se,
2373 4290 2426 4343 in
2482 4291 2696 4345 duabus
2745 4295 2962 4348 naturis
3005 4297 3158 4349 esse?
3198 4298 3348 4353 Idem
3390 4301 3538 4356 enim

1955 4383 2120 4437 etiam
2156 4381 2267 4443 hic,
2305 4382 2448 4450 quod
2486 4382 2648 4435 ambo
2678 4383 2778 4436 ista
2811 4383 3113 4440 declarant.

2030 4468 2116 4523 IV.
2154 4468 2210 4522 Si
2242 4469 2276 4521 ii
2307 4469 2398 4535 qui
2433 4469 2625 4524 dicunt
2651 4469 2932 4526 Christum
2959 4490 3026 4529 ex
3059 4475 3276 4533 duabus
3307 4481 3541 4548 naturis,

1955 4575 2020 4614 ex
2065 4559 2354 4613 divinitate
2400 4574 2456 4615 et
2493 4561 2839 4617 humanitate
2877 4565 3103 4631 dicunt;
3142 4577 3198 4623 et
3229 4572 3322 4640 qui
3352 4573 3546 4627 dicunt

1956 4667 2019 4703 ex
2054 4650 2341 4705 divinitate
2371 4660 2426 4706 et
2453 4652 2821 4719 humanitate,
2852 4663 2908 4709 et
2933 4655 3148 4714 duabus
3171 4662 3384 4717 naturis
3417 4679 3544 4717 eum

1958 4740 2170 4802 dicunt.
2203 4748 2258 4793 et
2288 4741 2639 4797 divinitatem
2671 4756 2794 4814 post
2818 4748 3078 4804 unionem
3112 4753 3278 4807 etiam
3317 4755 3542 4821 dicunt;

1958 4833 2096 4888 duas
2151 4833 2318 4903 igitur
2364 4842 2420 4887 et
2461 4836 2562 4904 ipsi
2608 4847 2836 4893 naturas
2873 4850 2996 4909 post
3037 4841 3238 4898 Christi
3286 4849 3544 4903 unionem

1959 4940 2179 4993 quoque
2208 4925 2400 4979 dicunt
2434 4943 2444 4976 :
2484 4927 2529 4981 si
2560 4943 2693 4982 vero
2716 4940 2917 5000 negant
2947 4933 3242 4990 dicendum
3262 4953 3382 4994 esse
3411 4939 3548 4996 duas

1961 5027 2186 5070 naturas
2215 5016 2268 5070 in
2294 5018 2515 5072 (Lhristo
2562 5030 2687 5088 post
2721 5023 3004 5088 unionem,
3040 5025 3208 5096 igitur
3231 5041 3430 5099 negant
3459 5031 3548 5086 di-

1963 5109 2201 5163 cendum
2236 5124 2357 5164 esse
2389 5109 2441 5163 in
2473 5109 2695 5166 Christo
2741 5122 2866 5182 post
2900 5117 3159 5172 unionem
3201 5120 3548 5178 divinitatem

1960 5213 2017 5257 et
2039 5202 2456 5256 humanitatem.

2041 5295 2101 5348 ν.
2150 5294 2206 5348 Si
2258 5303 2598 5363 cognoscunt
2631 5311 2740 5349 non
2787 5313 2907 5353 csse
2950 5302 3175 5357 confusa
3233 5304 3289 5358 in
3324 5308 3551 5374 unione,

1965 5402 2086 5456 quae
2108 5385 2389 5440 coierunt:
2412 5385 2521 5438 dno
2548 5396 2729 5440 autem
2749 5396 2879 5441 sunt
2904 5406 3023 5456 qua:
3051 5392 3326 5459 coierunt,
3359 5407 3417 5452 ut
3449 5399 3552 5468 ipsi

1966 5479 2247 5539 fatentur;
2270 5477 2549 5544 quomodo
2570 5493 2692 5546 qua:
2715 5478 2767 5532 in
2792 5481 2993 5535 unione
3019 5499 3127 5537 non
3156 5497 3289 5540 sunt
3303 5489 3552 5557 confusa,

1963 5571 2127 5624 etiam
2170 5576 2290 5638 post
2343 5568 2604 5622 unionem
2653 5587 2761 5624 non
2794 5586 3132 5642 cognoscunt
3164 5577 3272 5630 duo
3305 5583 3456 5635 essr?
3495 5582 3552 5639 Si

1965 5673 2146 5716 autem
2193 5670 2554 5731 cognoscunt,
2596 5665 2872 5732 quomodo
2897 5683 3002 5721 non
3036 5671 3404 5728 conﬁtentur?
3455 5675 3548 5734 :In

1963 5770 2094 5809 vero
2119 5753 2473 5816 contitentur,
2497 5755 2777 5822 quomodo
2799 5773 3090 5816 numerare
3121 5761 3237 5818 haec
3264 5779 3539 5827 recusant.
