4094 6334
642 380 793 445 ’1903

1914 376 2225 438 LEONTII
2259 379 2661 443 BYZANTINI

3752 381 3894 448 1904

645 503 878 557 quorum
926 496 1137 541 natura:
1173 484 1563 555 proprietatem
1614 498 1719 537 non
1770 482 2049 537 confusam
2095 491 2217 552 post

2320 504 2456 551 σεως
2479 489 2713 557 ἰδιότητα
2731 490 3035 561 ἀσύγχυτον
3060 488 3193 559 μετά
3212 489 3308 557 τίον
3328 488 3517 540 ἕνωσιν
3539 487 3896 560 ἐπίστανταις

648 584 907 635 unionem
963 578 1183 634 sciunt?
1229 577 1384 643 Quod
1429 578 1579 631 enim
1624 575 1987 640 conﬁtentur,
2040 575 2217 645 inquit

648 674 842 728 beatus
876 670 1122 731 Basilius,
1158 677 1452 723 numerent
1484 668 1669 723 etiam.

717 763 804 818 Vl.
834 763 889 817 Si
929 777 996 815 ex
1025 761 1242 815 duabus
1274 760 1488 818 naturis
1517 758 1707 813 dicunt
1743 757 2045 821 Christum,
2078 756 2217 810 duas

644 845 827 907 autem
857 862 1079 905 naturas
1097 850 1375 905 Christum
1394 865 1503 902 non
1525 847 1749 912 dicunt;
1776 863 1841 902 ex
1867 848 1952 901 bis
1970 847 2213 916 quidem,

645 960 755 999 non
808 951 992 997 autem
1037 941 1154 995 hanc
1202 938 1395 1001 dicunt
1435 937 1761 992 Christum:
1799 936 1985 991 dicant
2029 936 2214 1008 igitur,

646 1045 831 1089 utrum
872 1050 942 1087 ex
977 1030 1179 1102 quibus
1224 1030 1571 1084 constituunt
1612 1028 2110 1091 Christum,\etiam
2160 1028 2215 1082 in

645 1129 733 1183 his
779 1140 1112 1197 cognoscere
1140 1139 1267 1179 eum
1310 1122 1546 1178 volunt?
1582 1121 1636 1178 Si
1661 1122 1808 1196 enim
1854 1136 1964 1174 non
1996 1130 2126 1174 sunt
2159 1121 2216 1175 in

644 1237 711 1276 eo
730 1237 794 1275 ea
819 1236 884 1275 ex
913 1218 1116 1289 quibus
1148 1218 1263 1285 ipse
1293 1224 1398 1279 est,
1449 1216 1534 1269 vel
1565 1225 1912 1284 nequaquam
1944 1214 2216 1287 sunt,'vel

646 1313 701 1365 in
732 1311 910 1365 altero
941 1316 1089 1374 sunt,
1118 1307 1331 1361 scilicet
1365 1307 1420 1359 in
1456 1306 1641 1375 aliquo
1673 1315 1871 1374 praeter
1918 1304 2131 1372 ipsum;
2162 1313 2219 1357 ct

642 1402 767 1473 quis
792 1401 899 1457 erit
930 1400 1038 1459 hic.
1073 1399 1217 1452 clare
1257 1396 1511 1451 doceant.

713 1494 823 1547 Vll.
850 1493 906 1547 Si
943 1493 998 1545 in
1027 1492 1092 1545 iis
1123 1506 1244 1561 quae
1285 1499 1416 1545 sunt
1454 1489 1699 1558 ejusdem
1738 1488 2061 1543 substantia!
2089 1502 2213 1541 cum

642 1585 848 1639 dicitur
896 1596 1005 1637 una
1038 1580 1256 1644 natura,
1291 1595 1405 1633 non
1457 1579 1799 1633 identitatem
1838 1578 2214 1647 subjectorum

642 1677 1025 1746 principaliter
1081 1673 1366 1739 declarat;
1408 1671 1686 1737 quomodo
1724 1672 1778 1726 in
1814 1671 1881 1723 iis
1927 1685 2048 1739 quae
2090 1676 2219 1722 sunt

641 1770 872 1824 diversae
906 1766 1245 1831 substantiae,
1276 1756 1398 1821 duae
1426 1776 1635 1818 naturze
1672 1781 1781 1817 non
1822 1762 2215 1829 dill‘erentiam,

641 1859 734 1914 sed
763 1856 1164 1926 scparationem
1190 1854 1505 1909 necessario
1536 1854 1886 1922 signiﬁcant?

712 1951 848 2005 Vlll.
897 1949 955 2004 Si
993 1949 1307 2003 necessario
1346 1962 1612 2001 numerus
1660 1948 1987 2001 divisionem
2028 1961 2215 2006 secum

642 2042 1138 2106 infcrt;numcrus
1187 2039 1354 2108 igitur
1397 2039 1500 2091 erit
1546 2053 1705 2092 causa
1755 2039 2063 2099 divisionis,
2108 2038 2214 2089 non

643 2142 823 2187 autent
866 2130 1064 2185 divisio
1088 2144 1251 2183 causa
1282 2129 1521 2185 numeri.
1555 2139 1609 2181 et
1636 2143 1701 2182 ex
1735 2128 1952 2181 duobus
1983 2129 2215 2181 alterunt

636 2224 747 2277 erit
775 2220 1145 2276 necessarium
1186 2237 1198 2272 :
1236 2220 1322 2273 vel
1356 2220 1496 2272 nihil
1526 2220 1810 2272 numerari
1852 2234 2067 2283 eorum,
2096 2235 2217 2286 quae

641 2322 770 2368 sunt
800 2310 952 2366 unita
980 2327 992 2362 :
1022 2310 1105 2363 vel
1126 2309 1263 2362 nihil
1282 2310 1425 2361 untri
1446 2324 1659 2371 eorum,
1678 2324 1799 2377 qua:
1819 2316 2213 2371 numerantur;

640 2415 696 2459 at
723 2402 1001 2473 quomodo
1032 2417 1140 2455 non
1164 2401 1267 2455 hoc
1298 2401 1593 2454 ridiculum
1620 2401 1746 2463 erit,
1780 2400 1941 2453 talem
1978 2410 2217 2467 potesta-

642 2508 751 2551 tcm
778 2496 1031 2549 tribuere
1064 2494 1333 2567 numero?
1372 2507 1493 2545 cum
1527 2493 1707 2546 omnis
1740 2508 2003 2545 numerus
2037 2508 2211 2560 quan-

642 2597 758 2641 tum
793 2587 847 2639 in
885 2584 1071 2646 rebus,
1119 2598 1228 2636 non
1274 2592 1458 2636 autem
1511 2592 1786 2644 naturam,
1825 2581 1909 2635 vel
1946 2580 2123 2650 qualis
2145 2580 2217 2633 sit

640 2680 837 2732 harum
877 2673 1169 2737 habitudo,
1209 2664 1569 2726 demonstret.

715 2769 809 2825 lx;
844 2768 901 2823 Si
925 2767 1080 2829 unio,
1111 2774 1166 2819 et
1194 2764 1347 2817 unita
1378 2774 1507 2817 sunt
1536 2778 1727 2817 eorum
1760 2778 1881 2831 qua:
1911 2762 1976 2816 ad
2008 2761 2214 2831 aliquid

640 2860 941 2920 dicuntur;
973 2870 1094 2923 qute
1127 2861 1310 2907 autem
1354 2859 1483 2905 sunt
1521 2850 1586 2903 ad
1617 2850 1847 2919 aliquid,
1871 2850 2033 2905 simul
2064 2857 2214 2914 sunt,

638 2960 696 3005 et
725 2963 943 3017 semper
976 2963 987 2998 :
1020 2944 1183 2999 simul
1215 2942 1382 3011 igitur
1425 2951 1481 2995 et
1511 2955 1731 3009 semper
1760 2940 1913 3002 unio,
1957 2949 2013 2994 et
2043 2940 2213 2992 unita.

640 3044 736 3099 Sin
773 3050 958 3095 autem
990 3036 1142 3091 unita
1170 3034 1473 3097 desierunt,
1501 3033 1704 3088 desinit
1732 3034 1898 3087 etiam
1925 3046 2052 3085 cum
2084 3031 2217 3099 ipsis

644 3135 802 3189 auio.-

714 3226 779 3280 Χ.
816 3223 872 3278 Si
915 3234 1182 3275 numerus
1224 3218 1451 3272 omnino
1491 3226 1712 3287 separat
1748 3225 2057 3280 numerata,
2106 3231 2214 3270 non
2240 3192 2285 3252 C

642 3318 819 3373 solum
852 3326 1117 3368 numerus
1156 3320 1478 3364 naturarum
1516 3315 1730 3378 separat
1760 3315 2009 3371 naturas,
2042 3308 2135 3361 sed
2163 3316 2219 3362 et

641 3402 917 3463 numer‘u's'
934 3404 1329 3475 proprietatum
1354 3402 1580 3455 omnino
1615 3399 1911 3468 separabit.
1933 3399 2220 3465 Quomodo

642 3501 811 3572 igitur
843 3497 934 3567 qui
966 3496 1161 3549 dicunt
1194 3494 1331 3548 duas
1357 3492 1745 3562 proprietates,
1778 3507 1889 3545 non
1924 3500 2087 3547 erunt
2115 3490 2216 3559 ipsi

642 3591 872 3661 subjecti
907 3603 1084 3642 causa:
1115 3584 1443 3639 divisionis?

714 3685 805 3738 Xl.
851 3682 907 3735 Si
958 3680 1260 3734 secundum
1298 3676 1629 3746 Gregorium
1664 3676 1978 3746 theologum
2028 3686 2217 3731 contra

641 3787 725 3830 est
778 3776 829 3827 iu
868 3773 1160 3832 Trinitate,
1208 3785 1371 3838 quam
1412 3769 1466 3821 in
1518 3768 1777 3837 mysterio
1826 3768 2219 3823 incarnationis

644 3866 965 3927 Salvatoris,
1025 3873 1135 3916 tres
1180 3870 1362 3915 autem
1401 3860 1724 3929 hypostases
1766 3874 2005 3927 semper,
2055 3875 2217 3913 unam

642 3969 826 4015 autem
865 3965 1118 4008 naturam
1146 3953 1200 4004 in
1246 3950 1516 4004 Trinitate
1549 3949 1913 4009 conﬁtemur;
1942 3947 2219 4015 quomodo

645 4069 752 4107 non
782 4050 921 4102 duas
961 4046 1181 4115 quidem
1222 4052 1467 4103 naturas,
1504 4056 1667 4095 unam
1716 4054 1845 4093 vero
1883 4039 2217 4109 hypostasim

644 4145 697 4198 in
730 4141 1107 4196 inearnatiOnc
1134 4134 1542 4191 concedemus?
1567 4132 1849 4201 Siquidem
1897 4140 2085 4185 contra
2112 4140 2215 4193 est,

641 4234 887 4288 omnium
920 4229 1194 4283 contraria
1222 4226 1507 4281 conversio
1538 4224 1841 4279 secundum
1879 4232 2078 4279 totum.

710 4326 827 4379 Kl].
862 4324 922 4377 Si
956 4324 1116 4384 alius,
1151 4328 1206 4375 et
1230 4320 1370 4373 alius
1402 4300 1707 4388 pronomen
1742 4328 1825 4371 est
1852 4318 2216 4388 hypostascon

642 4416 946 4472 secundum
972 4414 1230 4469 eumdem
1257 4412 1584 4481 Gregorium
1607 4428 1620 4473 ;
1658 4411 1807 4464 aliud
1833 4425 1961 4465 vero
1990 4419 2045 4464 et
2069 4409 2217 4463 aliud

2318 579 2347 631 6
2377 580 2485 649 γὰρ
2511 581 2855 651 ὁμολογοῦσι,
2897 581 3061 651 φησιν
3084 582 3113 633 6
3142 579 3284 642 θεῖος
3310 579 3611 644 Βασίλειος,
3646 581 3738 633 καὶ
3770 582 3898 652 ἀρι-

2317 670 2346 722 θ
2355 688 2418 739 με
2428 672 2645 725 ίτωσαν.

2390 762 2481 827 ς’.
2529 761 2593 815 Εἰ
2623 763 2687 815 ἐκ
2717 760 2811 814 δύο
2844 761 2941 831 μὲν
2995 759 3209 830 φύσεων
3240 760 3456 828 λέγουσι
3510 761 3601 815 τὸν
3631 761 3897 831 Χριστὸν,

2315 852 2408 905 δύο
2432 851 2487 905 δὲ
2523 851 2715 921 φύσεις
2771 854 2936 906 αὐτὸν
2964 854 3027 905 οὐ
3078 853 3329 920 λέγουσιν
3354 892 3368 915 ,
3402 855 3467 905 ἐκ
3508 854 3714 907 τούτων
3767 856 3896 924 μὲν,

2316 942 2438 1013 οὐχὶ
2487 942 2545 996 δὲ
2592 945 2687 996 καὶ
2715 945 2907 1005 ταῦτα,
2932 943 3151 1010 λέγουσι
3178 944 3268 995 τὸν
3297 944 3533 1014 Χριστόν
3553 960 3568 974 ⁸
3622 947 3671 999 εί
3701 945 3760 998 δὲ
3795 944 3895 1013 μὴ,

2315 1035 2375 1100 ἐξ
2398 1030 2473 1089 ὧν
2494 1035 2813 1089 συνίστωσιν
2840 1036 3093 1107 Χριστὸν,
3140 1035 3235 1089 καὶ
3276 1035 3333 1087 ιν
3362 1035 3571 1099 τούτοις
3608 1037 3900 1111 γνωρίζειν

2317 1126 2481 1180 αὑτὸν
2509 1126 2777 1193 ἀξιοῦσιν.
2811 1128 2872 1179 Εί
2899 1127 3008 1199 γὰρ
3040 1128 3115 1197 μὴ
3138 1129 3195 1180 ὲν
3220 1127 3369 1197 αὐτῷ
3394 1128 3463 1182 τὰ
3482 1129 3543 1195 ἐξ
3561 1125 3637 1182 ὧν
3657 1128 3844 1191 αὐτὸς,
3862 1128 3899 1198 ἢ

2318 1218 2579 1289 οὐδαμοῦ,
2664 1221 2723 1272 ὲν
2758 1220 2932 1289 ἑτέρῳ
2959 1218 3223 1288 δηλονότι,
3280 1221 3373 1271 καὶ
3416 1219 3474 1272 ἐν
3494 1237 3602 1273 τινι
3634 1223 3765 1290 παρ’
3793 1218 3899 1273 αὖ·

2318 1310 2443 1363 τόν·
2478 1312 2570 1363 καὶ
2594 1311 2677 1374 τίς
2706 1306 2862 1375 οὗτος
2896 1310 3083 1381 σαφῶς
3112 1308 3538 1365 διδασκέτωσαν.

2392 1502 2466 1558 Z'.
2489 1505 2552 1557 Εί
2582 1504 2675 1556 ἐπὶ
2708 1505 2816 1557 τῶν
2851 1503 3156 1574 ὁμοουσίων
3201 1506 3235 1574 ὴ
3291 1504 3389 1573 μία
3420 1501 3582 1571 φύσις
3621 1502 3901 1572 λεγομένη

2315 1599 2627 1668 ταυτότητα
2679 1597 2788 1651 τῶν
2821 1598 3197 1665 ὑποκειμένων
3235 1596 3386 1666 δηλοῖ
3440 1597 3901 1667 προηγουμένως,

2322 1692 2439 1753 πῶς
2482 1690 2574 1743 ἐπὶ
2639 1690 2749 1742 τῶν
2815 1688 3167 1760 ἐτεροουσίων
3225 1690 3281 1742 αί
3331 1688 3423 1741 δύο
3469 1687 3661 1756 φύσεις
3716 1692 3777 1740 οὐ
3836 1688 3905 1740 τὸ

2320 1781 2576 1851 διάφορον
2598 1821 2612 1844 ,
2650 1780 2786 1834 ἀλλά
2820 1782 2879 1833 τὸ
2910 1780 3316 1851 κεχωρισμένον
3342 1779 3650 1846 ἀναγκαίως
3695 1779 3903 1849 σημαί-

2321 1891 2501 1927 νουσιν
2518 1891 2533 1935 ;

2392 1964 2474 2017 ΞΡ.
2509 1964 2569 2016 Et
2602 1964 2778 2034 πάντη
2826 1981 2885 2016 τε
2930 1963 3025 2017 καὶ
3050 1963 3267 2025 πάντως
3297 1964 3326 2015 6
3360 1963 3593 2032 ἀριθμὸς
3624 1963 3722 2032 τὴν
3758 1962 3905 2015 διαί-

2321 2073 2471 2126 ρεσιν
2500 2056 2865 2124 συνεισφέρει,
2909 2058 2938 2107 6
2976 2054 3210 2125 ἀριθμὸς
3250 2054 3356 2123 ἄρα
3386 2054 3540 2107 ἔσται
3570 2054 3669 2123 τῆς
3690 2054 3904 2124 διαιρέ-

2320 2164 2453 2208 σεως
2480 2147 2673 2209 αἴτιος.
2705 2145 2803 2215 οὐχ
2838 2147 2870 2214 ἠ
2909 2145 3174 2215 διαίρεσις
3196 2145 3288 2197 τοῦ
3322 2144 3559 2214 ἀριθμοῦ
3580 2161 3593 2174 θ
3621 2147 3715 2197 καὶ
3751 2145 3905 2197 δυοῖν

2318 2236 2529 2305 ἀνάγκη
2568 2235 2815 2305 θάτερον,
2850 2236 2882 2305 ἢ
2918 2234 3085 2305 μηδὲν
3149 2220 3507 2305 ἀριθμεῖσθαι·
3542 2234 3653 2287 τῶν
3687 2235 3905 2304 ἡνωμέ-

2317 2345 2444 2391 νων,
2478 2328 2509 2397 ἦ
2541 2327 2706 2397 μηδὲν
2728 2328 2970 2397 ἡνῶσθαι
3004 2327 3111 2379 τῶν
3138 2328 3591 2398 ἀριθμουμένων
3640 2327 3735 2380 καὶ
3780 2326 3903 2388 πῶς

2318 2420 2379 2471 ού
2452 2418 2857 2485 καταγέλαστον
2915 2418 3174 2488 τοιαύτην
3229 2418 3481 2483 ἐξουσίαν
3533 2414 3617 2485 τῷ
3676 2416 3906 2487 ἀριθμῷ

2317 2511 2558 2575 διδόναι;
2589 2511 2791 2573 παντὸς
2824 2510 3061 2580 ἀριθμοῦ
3093 2510 3155 2562 τὸ
3189 2510 3354 2562 ποσὸν
3382 2510 3487 2563 τῶν
3523 2510 3899 2579 πραγμάτων,

2316 2603 2377 2654 οὐ
2398 2602 2496 2671 τὴν
2526 2601 2689 2670 φύσιν
2722 2601 2753 2671 ἢ
2783 2602 2882 2670 τὴν
2931 2600 3087 2655 ποίαν
3136 2601 3342 2655 τούτων
3406 2602 3589 2673 σχέσιν
3622 2604 3904 2674 παριστᾷν

2319 2693 2645 2761 πεφυκότος.

2386 2785 2465 2840 9'.
2492 2786 2556 2839 Εί
2580 2787 2615 2857 ἠ
2636 2785 2830 2847 ἓνωσις
2856 2784 2949 2837 καὶ
2997 2784 3067 2837 τὰ
3105 2786 3362 2856 ἡνωμένα
3397 2784 3507 2851 ⁸ῖῶν
3544 2785 3679 2858 πρός
3711 2803 3766 2839 τι
3788 2800 3803 2814 '
3834 2786 3905 2839 τὰ

2316 2876 2373 2930 δὲ
2405 2878 2540 2947 πρός
2574 2895 2649 2939 τι,
2684 2877 2780 2931 καὶ
2812 2877 2899 2929 ἀεὶ
2924 2876 3039 2948 ἅμα
3066 2893 3080 2907 ·
3114 2878 3232 2948 ἅμα
3261 2876 3355 2931 οὖν
3387 2878 3480 2931 καὶ
3517 2878 3606 2932 ἀεὶ
3637 2879 3670 2948 ἡ
3700 2877 3905 2941 ἓνωσις

2319 2971 2412 3021 καὶ
2456 2969 2523 3021 τὰ
2555 2968 2845 3038 ἡνωμένα·
2881 2970 2929 3022 εἰ
2967 2968 3025 3022 δὲ
3054 2968 3123 3021 τὰ
3154 2969 3410 3040 ἡνωμένα
3442 2969 3703 3035 παύεται,
3736 2971 3837 3023 καὶ
3867 2970 3902 3041 ἠ

2318 3061 2511 3124 ἓνωσις
2536 3061 2650 3128 ἅμα
2685 3061 2917 3115 παύεται

2391 3238 2447 3292 1’.
2487 3237 2548 3292 Et
2582 3239 2610 3292 6
2642 3237 2873 3308 ἀριθμὸς
2903 3239 3119 3300 πάντως
3141 3238 3365 3308 χωρίζει
3393 3237 3463 3291 τά
3492 3238 3899 3308 ἀριθμούμενα,

2320 3334 2419 3401 οὐχ
2448 3336 2476 3385 6
2505 3333 2614 3385 τῶν
2645 3333 2863 3400 φύσεων
2915 3332 3073 3401 μόνος
3120 3332 3351 3403 ἀριθμὸς
3398 3331 3626 3402 χωρίσει
3671 3332 3771 3392 τὰς
3808 3331 3909 3401 φύ-

2325 3440 2457 3487 σεις,
2484 3423 2619 3476 ἀλλά
2647 3425 2741 3477 καὶ
2761 3425 2789 3477 6
2818 3423 2925 3475 τῶν
2952 3425 3231 3495 ίδιοτήτων
3258 3425 3484 3495 χωρίσει
3515 3424 3733 3485 πάντως
3785 3426 3905 3493 ἀρι-

2321 3514 2487 3585 θμός·
2526 3515 2643 3578 πῶς
2670 3517 2849 3568 τοίνυν
2883 3516 3151 3584 ἰδιότητας
3166 3514 3437 3583 λέγοντες,
3470 3515 3587 3584 ούχί
3611 3514 3706 3569 καὶ
3747 3516 3907 3567 αὐτοὶ

2320 3606 2385 3673 τῇ
2417 3604 2567 3674 αἰτίᾳ
2590 3605 2687 3675 τῆς
2718 3606 3033 3675 διαιρέσεως
3067 3606 3491 3671 ὑποκείσονταις

2396 3696 2495 3751 lA'.
2534 3696 2595 3748 Ei
2644 3694 2881 3763 ἔμπαλιν
2935 3697 3075 3748 κατὰ
3124 3695 3217 3749 τὸν
3253 3697 3397 3747 θεῖον
3449 3695 3749 3767 Γρηγὸριον
3802 3693 3906 3761 τῆς

2322 3784 2549 3853 Τριάδος
2579 3783 2741 3854 ἔχειὴ
2773 3785 2913 3837 κατὰ
2941 3785 3029 3837 τὸν
3073 3786 3305 3855 Σωτῆρα
3334 3786 3634 3854 οἰκονομέα,
3667 3786 3817 3856 τρεῖς
3846 3782 3905 3836 δὲ

2324 3876 2421 3944 μὲν
2448 3876 2544 3937 τὰς
2574 3876 2923 3941 ὑποστάσεις,
2962 3876 3089 3945 μίαν
3119 3877 3173 3929 δὲ
3200 3877 3361 3944 φύσιν
3388 3876 3479 3928 ἐπὶ
3501 3876 3595 3945 τῆς
3623 3875 3904 3943 θεολογίας

2320 3954 2711 4033 ὁμολογοῦμεν,
2762 3965 2878 4026 πῶς
2906 3967 2965 4017 ού
2994 3965 3086 4017 δύο
3123 3966 3223 4035 μὲν
3277 3966 3487 4033 φύσεις,
3525 3965 3655 4033 μίαν
3678 3965 3734 4018 δὲ
3765 3965 3904 4018 ὑπό-

2322 4073 2509 4108 στασιν
2543 4058 2636 4109 ἐπὶ
2669 4060 2767 4128 τῆς
2796 4059 2936 4111 κατὰ
2962 4060 3053 4111 τὸν
3109 4060 3339 4129 Σωτῆρα
3389 4058 3700 4129 οἰκονομίας
3728 4059 3901 4111 δώσο-

2324 4166 2454 4219 μεν;
2482 4149 2533 4200 εἴ
2560 4167 2663 4219 περ
2712 4150 2775 4200 τὸ
2800 4150 3073 4219 -ἔμπαλιν,
3109 4150 3200 4202 τοῦ
3246 4150 3445 4212 παντὸς
3497 4151 3615 4203 ἐστι
3650 4150 3793 4202 κατὰ
3842 4151 3904 4202 τὸ

2319 4238 2440 4292 ὅλον
2470 4241 2802 4310 ἀντιστροφή
2814 4283 2825 4293 .

2393 4328 2490 4382 ω’.
2521 4330 2584 4383 Εἰ
2612 4330 2671 4382 τὸ
2703 4330 2861 4392 ἄλλος
2894 4332 2985 4383 καὶ
3012 4330 3169 4392 ἄλλος
3192 4330 3500 4400 ἀντωνυμία
3548 4329 3905 4383 ύποστάσεων

2321 4419 2457 4471 κατά
2488 4419 2577 4472 τὸν
2594 4420 2757 4473 αὐτὸν
2785 4420 3062 4490 Θεολόγον,
3088 4421 3145 4473 τὸ
3168 4420 3223 4471 δὲ
3238 4421 3362 4475 ἄλλο
3385 4424 3477 4472 καὶ
3506 4419 3632 4475 ἀλλο
3658 4422 3903 4473 ἀντωνυ-

640 4524 946 4581 pronomen
978 4514 1340 4567 naturarum;
1390 4517 1609 4571 semper
1644 4510 1826 4555 autem
1860 4511 1946 4556 est
1976 4502 2213 4571 primum

2326 4512 2424 4581 μία
2463 4514 2698 4581 φύσεων,
2737 4514 2823 4565 ἀεὶ
2866 4513 2922 4565 δὲ
2972 4513 3033 4565 τὸ
3065 4515 3327 4583 πρότερον
3365 4514 3453 4564 ἐπὶ
3478 4514 3574 4582 τῆς
3597 4512 3902 4580 θεολογίας,

642 4606 697 4658 in
726 4600 1026 4669 theologia,
1058 4597 1111 4651 id
1142 4608 1246 4661 est,
1282 4596 1335 4649 in
1364 4594 1624 4665 mysterio
1648 4592 1969 4657 Trinitatis;
2000 4607 2218 4662 semper

642 4695 809 4765 igitur
842 4690 1148 4746 secundum
1184 4690 1238 4742 in
1278 4687 1678 4741 incarnatione.
1709 4686 1763 4739 Si
1791 4695 1974 4739 autem
2001 4700 2218 4755 semper

641 4785 943 4841 secundum
998 4782 1053 4835 in
1094 4780 1497 4841 incarnatione,
1548 4792 1765 4846 semper
1808 4791 1937 4847 ergo
1982 4786 2215 4831 natura.

641 4874 924 4943 Siquidem
966 4887 1184 4939 semper
1210 4879 1341 4923 sunt
1366 4869 1690 4939 pronomina
1720 4884 1933 4922 earum.

712 4963 855 5019 Xlll.
895 4963 949 5017 Si
997 4961 1141 5014 idem
1172 4960 1475 5014 estdicere
1518 4957 1667 5013 aliud
1718 4968 1934 5021 natura,
1968 4966 2025 5013 et
2052 4959 2212 5014 aliam

624 5060 927 5119 naturam;
980 5068 1197 5122 semper
1236 5059 1420 5104 autem
1452 5065 1581 5104 vere
1622 5050 1824 5104 dicitur
1868 5052 2108 5120 primum
2159 5052 2213 5105 in

642 5148 931 5202 divinitate
972 5145 1271 5200 Salvatoris
1300 5152 1355 5197 ct
1383 5143 1756 5207 humanitate;
1799 5158 2017 5213 semper
2047 5145 2216 5215 igitur

641 5238 949 5293 secundum
979 5234 1294 5290 necessario
1319 5247 1447 5286 vere
1480 5232 1639 5287 simul
1674 5232 1878 5287 dicitur
1908 5234 1962 5288 in
1996 5234 2213 5290 iisdem.

713 5327 850 5381 XIV.
884 5328 941 5381 Si
967 5342 1074 5380 non
1109 5336 1195 5379 est
1232 5325 1377 5378 idem
1407 5323 1639 5392 simplex
1672 5334 1893 5388 natura,
1920 5336 1975 5379 et
1995 5340 2217 5394 compo-

640 5418 765 5481 sita,
799 5418 1030 5487 simplex
1053 5428 1236 5471 autem
1281 5424 1476 5471 natura
1514 5412 1673 5467 Verbi
1721 5432 1885 5471 unam
1914 5418 2085 5471 solam
2122 5433 2217 5471 na-

716 5580 789 5647 (l)
831 5575 1311 5647 Desideraturltoc
1346 5575 1647 5647 capitulum
1700 5590 1905 5628 nonum
1938 5578 1990 5628 in
2024 5577 2213 5633 codice

641 5644 923 5709 Vaticano,
965 5648 1123 5715 culpa
1182 5646 1395 5699 librarii
1446 5644 1537 5713 qui
1580 5646 1797 5699 incaute
1839 5648 2210 5713 praetermisit.

643 5720 830 5771 Exstat
893 5728 1071 5771 tamen
1113 5715 1302 5769 Latine
1355 5732 1417 5768 ex
1477 5716 1931 5781 interpretatione
1957 5716 2211 5771 Turriani

641 5790 783 5857 apud
822 5788 1099 5843 Canisium
1125 5786 1306 5855 Antiq.
1346 5786 1460 5837 lect.
1491 5787 1578 5840 ed.
1609 5786 1836 5853 Basnag.
1864 5797 1901 5839 ι.
1930 5786 1968 5851 l,
1994 5802 2046 5855 p.
2079 5788 2207 5846 (358;

2319 4603 2407 4656 ἀεὶ
2454 4604 2561 4673 ἄρα
2591 4607 2653 4657 τὸ
2686 4606 2937 4675 δεύτερον
2962 4606 3052 4658 ἐπὶ
3082 4606 3180 4674 τῆς
3198 4606 3533 4675 οἰκονομίας
3569 4607 3618 4658 εί
3652 4605 3707 4658 δὲ
3726 4606 3815 4659 ἀεὶ
3845 4606 3905 4657 τὸ

2319 4693 2567 4763 δεύτερον
2593 4698 2683 4747 ἐπὶ
2702 4696 2803 4765 τῆς
2833 4697 3163 4767 οἰκονομίας,
3201 4697 3287 4749 ἀεὶ
3321 4697 3429 4768 ἀρα
3461 4698 3515 4749 αί
3540 4696 3750 4766 φύσεις,
3782 4699 3904 4750 ἐπεὶ

2321 4784 2410 4837 ἀεὶ
2446 4786 2615 4837 κα.ὶαὶ
2654 4786 2773 4838 κατ’
2804 4786 2983 4839 αὐτῶν
3015 4786 3368 4856 ἀντωνυμίαι.

2395 4960 2493 5015 ll”.
2529 4961 2590 5013 Ei
2631 4964 2826 5015 ταύτὸν
2853 4964 2911 5016 τὸ
2936 4964 3062 5017 ἀλλο
3085 4968 3181 5018 καὶ
3218 4966 3279 5019 τὺ
3310 4965 3471 5034 φύσιν
3503 4966 3670 5037 ἀλλην
3701 4970 3899 5031 είπεῖν,

2322 5053 2409 5105 ἀεὶ
2435 5054 2492 5105 δὲ
2542 5057 2603 5106 τὸ
2636 5057 2899 5127 πρότερον
2933 5058 3189 5129 ἀληθεύει
3238 5061 3329 5113 ἐπὶ
3382 5061 3483 5129 τῆς
3517 5059 3770 5130 θεότητος
3805 5060 3901 5114 τοῦ

2322 5145 2572 5217 Σωτῆρος
2596 5148 2691 5201 καὶ
2723 5150 2821 5219 τῆς
2848 5150 3288 5221 ἀνθρωπὸτητος,
3320 5152 3407 5205 ἀεὶ
3430 5154 3537 5222 ἄρα
3561 5152 3622 5205 τὸ
3648 5152 3901 5224 δεύτερον

2319 5234 2549 5287 ἐπὶτῶν
2580 5237 2760 5289 αὐτῶν
2794 5239 3077 5307 ἀληθεύειν
3106 5241 3342 5311 ἀνάγκη.

2395 5327 2489 5380 ΙΔ’.
2525 5328 2586 5379 Ei
2611 5330 2670 5380 οὐ
2703 5330 2900 5383 ταύτὸν
2935 5333 2965 5401 ἡ
2992 5333 3134 5401 ἁπλῆ
3165 5333 3327 5402 φύσις
3350 5338 3414 5405 τῇ
3448 5334 3686 5406 συνθέτῳ
3714 5334 3898 5403 φύσει,

2321 5419 2354 5487 ἡ
2390 5417 2444 5469 δὲ
2474 5419 2617 5489 ἀπλῆ
2652 5422 2744 5474 τοῦ
2775 5424 2948 5491 Λόγου
2983 5425 3145 5494 φύσις
3181 5427 3307 5496 μίαν
3334 5430 3499 5498 μόνην
3527 5427 3691 5497 φύσιν
3720 5428 3899 5498 δηλοῖ,

2320 5578 2503 5637 Graece
2536 5598 2665 5637 vero
2682 5598 2820 5652 pene
2847 5583 2914 5637 ad
2946 5585 3183 5638 litteram
3220 5600 3319 5653 ego
3346 5585 3555 5654 sumpsi
3587 5602 3654 5639 ex
3700 5585 3899 5641 Dama-

2321 5654 2469 5725 sccni
2509 5656 2791 5725 opusculo,
2837 5654 3102 5710 adversus
3138 5655 3413 5710 Jacohitas
3447 5657 3589 5725 apud
3639 5659 3897 5713 eumdem

2320 5722 2618 5791 Canisium,
2660 5734 2696 5777 t.
2752 5724 2815 5789 ll,
2856 5740 2911 5792 ι).
2946 5725 3033 5779 46.
