  <div class='ocr_page' id='page_1' title='image "/cluster/home/n/w/nwhite01/storage/ocr_20150623/86 pars.2/pst.000005712885/091.png"; bbox 0 0 4094 6334; ppageno 0'>
   <div class='ocr_carea' id='block_1_1' title="bbox 582 393 716 457">
    <p class='ocr_par' dir='ltr' id='par_1_1' title="bbox 582 393 716 457">
     <span class='ocr_line' id='line_1_1' title="bbox 582 393 716 457; baseline 0.015 -2"><span class='ocrx_word' id='word_1_1' title='bbox 582 418 602 454; x_wconf 85' lang='grc' dir='ltr'><strong>ι</strong></span> <span class='ocrx_word' id='word_1_2' title='bbox 615 393 716 457; x_wconf 79' lang='lat'><strong>907</strong></span> 
     </span>
    </p>
   </div>
   <div class='ocr_carea' id='block_1_2' title="bbox 1848 411 2599 477">
    <p class='ocr_par' dir='ltr' id='par_1_2' title="bbox 1848 411 2599 477">
     <span class='ocr_line' id='line_1_2' title="bbox 1848 411 2599 477; baseline 0.009 -7"><span class='ocrx_word' id='word_1_3' title='bbox 1848 411 2155 473; x_wconf 75' lang='lat' dir='ltr'><strong>LEONTII</strong></span> <span class='ocrx_word' id='word_1_4' title='bbox 2195 414 2599 477; x_wconf 81' lang='grc' dir='ltr'><strong>ΒΥΖΑΝΤΙΝΙ</strong></span> 
     </span>
    </p>
   </div>
   <div class='ocr_carea' id='block_1_3' title="bbox 3698 416 3841 483">
    <p class='ocr_par' dir='ltr' id='par_1_3' title="bbox 3698 416 3841 483">
     <span class='ocr_line' id='line_1_3' title="bbox 3698 416 3841 483; baseline 0.021 -3"><span class='ocrx_word' id='word_1_5' title='bbox 3698 416 3841 483; x_wconf 74' lang='grc'><strong>1968</strong></span> 
     </span>
    </p>
   </div>
   <div class='ocr_carea' id='block_1_4' title="bbox 578 515 2166 602">
    <p class='ocr_par' dir='ltr' id='par_1_4' title="bbox 578 515 2143 594">
     <span class='ocr_line' id='line_1_4' title="bbox 578 515 2143 594; baseline 0.009 -31"><span class='ocrx_word' id='word_1_6' title='bbox 578 521 687 565; x_wconf 88' lang='lat' dir='ltr'><strong>tam</strong></span> <span class='ocrx_word' id='word_1_7' title='bbox 712 515 1058 584; x_wconf 71' lang='lat' dir='ltr'><strong>negationem</strong></span> <span class='ocrx_word' id='word_1_8' title='bbox 1090 520 1189 573; x_wconf 87' lang='lat' dir='ltr'><strong>toti</strong></span> <span class='ocrx_word' id='word_1_9' title='bbox 1213 518 1565 578; x_wconf 77' lang='lat' dir='ltr'><strong>aﬂirmationi</strong></span> <span class='ocrx_word' id='word_1_10' title='bbox 1606 534 1927 594; x_wconf 87' lang='lat' dir='ltr'><strong>opponunt;</strong></span> <span class='ocrx_word' id='word_1_11' title='bbox 1967 535 2027 580; x_wconf 90' lang='lat' dir='ltr'><strong>ut</strong></span> <span class='ocrx_word' id='word_1_12' title='bbox 2059 526 2143 580; x_wconf 79' lang='lat' dir='ltr'><strong>ar-</strong></span> 
     </span>
    </p>
   </div>
   <div class='ocr_carea' id='block_1_5' title="bbox 2267 515 3835 602">
    <p class='ocr_par' dir='ltr' id='par_1_5' title="bbox 2267 529 3835 602">
     <span class='ocr_line' id='line_1_5' title="bbox 2267 529 3835 602; baseline 0.002 -22"><span class='ocrx_word' id='word_1_13' title='bbox 2267 530 2523 595; x_wconf 77' lang='grc' dir='ltr'>ιπόφασιν</span> <span class='ocrx_word' id='word_1_14' title='bbox 2562 530 2685 585; x_wconf 79' lang='grc' dir='ltr'>καθ’</span> <span class='ocrx_word' id='word_1_15' title='bbox 2728 529 2856 602; x_wconf 87' lang='grc' dir='ltr'>ὅλης</span> <span class='ocrx_word' id='word_1_16' title='bbox 2888 532 2990 602; x_wconf 81' lang='grc' dir='ltr'>τῆς</span> <span class='ocrx_word' id='word_1_17' title='bbox 3026 529 3394 599; x_wconf 76' lang='grc' dir='ltr'><strong>καταφάσεως</strong></span> <span class='ocrx_word' id='word_1_18' title='bbox 3428 529 3835 600; x_wconf 59' lang='grc' dir='ltr'>ἀντιστρέφους</span> 
     </span>
    </p>
   </div>
   <div class='ocr_carea' id='block_1_6' title="bbox 576 600 2152 684">
    <p class='ocr_par' dir='ltr' id='par_1_6' title="bbox 576 600 2152 684">
     <span class='ocr_line' id='line_1_6' title="bbox 576 600 2152 684; baseline 0.01 -31"><span class='ocrx_word' id='word_1_19' title='bbox 576 600 873 659; x_wconf 85' lang='lat' dir='ltr'><strong>lirmationi</strong></span> <span class='ocrx_word' id='word_1_20' title='bbox 901 604 1107 661; x_wconf 86' lang='lat' dir='ltr'><strong>dicenti</strong></span> <span class='ocrx_word' id='word_1_21' title='bbox 1134 627 1146 660; x_wconf 87' lang='lat'><strong>:</strong></span> <span class='ocrx_word' id='word_1_22' title='bbox 1176 609 1377 665; x_wconf 81' lang='lat' dir='ltr'><strong>Paulus</strong></span> <span class='ocrx_word' id='word_1_23' title='bbox 1414 613 1695 681; x_wconf 85' lang='lat' dir='ltr'><strong>apostolus</strong></span> <span class='ocrx_word' id='word_1_24' title='bbox 1728 622 1830 675; x_wconf 87' lang='lat' dir='ltr'><strong>est,</strong></span> <span class='ocrx_word' id='word_1_25' title='bbox 1857 616 2152 684; x_wconf 88' lang='lat' dir='ltr'><strong>opponitur</strong></span> 
     </span>
    </p>
   </div>
   <div class='ocr_carea' id='block_1_7' title="bbox 576 695 2153 773">
    <p class='ocr_par' dir='ltr' id='par_1_7' title="bbox 576 695 2153 773">
     <span class='ocr_line' id='line_1_7' title="bbox 576 695 2153 773; baseline 0.01 -28"><span class='ocrx_word' id='word_1_26' title='bbox 576 695 815 762; x_wconf 77' lang='lat' dir='ltr'><strong>negatio.</strong></span> <span class='ocrx_word' id='word_1_27' title='bbox 845 712 968 764; x_wconf 72' lang='lat' dir='ltr'><strong>qua;</strong></span> <span class='ocrx_word' id='word_1_28' title='bbox 1012 697 1186 755; x_wconf 89' lang='lat' dir='ltr'><strong>dicit:</strong></span> <span class='ocrx_word' id='word_1_29' title='bbox 1222 702 1427 757; x_wconf 82' lang='lat' dir='ltr'><strong>Paulus</strong></span> <span class='ocrx_word' id='word_1_30' title='bbox 1453 704 1737 773; x_wconf 81' lang='lat' dir='ltr'><strong>apostolus</strong></span> <span class='ocrx_word' id='word_1_31' title='bbox 1774 720 1885 758; x_wconf 86' lang='lat' dir='ltr'><strong>non</strong></span> <span class='ocrx_word' id='word_1_32' title='bbox 1916 716 2016 760; x_wconf 79' lang='lat' dir='ltr'><strong>est.</strong></span> <span class='ocrx_word' id='word_1_33' title='bbox 2062 705 2153 761; x_wconf 86' lang='lat' dir='ltr'><strong>Sic</strong></span> 
     </span>
    </p>
   </div>
   <div class='ocr_carea' id='block_1_8' title="bbox 574 784 2148 867">
    <p class='ocr_par' dir='ltr' id='par_1_8' title="bbox 574 784 2148 867">
     <span class='ocr_line' id='line_1_8' title="bbox 574 784 2148 867; baseline 0.011 -31"><span class='ocrx_word' id='word_1_34' title='bbox 574 784 744 852; x_wconf 79' lang='lat' dir='ltr'><strong>igitur</strong></span> <span class='ocrx_word' id='word_1_35' title='bbox 774 796 829 840; x_wconf 88' lang='lat' dir='ltr'><strong>et</strong></span> <span class='ocrx_word' id='word_1_36' title='bbox 877 788 1093 844; x_wconf 85' lang='lat' dir='ltr'><strong>duabus</strong></span> <span class='ocrx_word' id='word_1_37' title='bbox 1120 794 1333 848; x_wconf 86' lang='lat' dir='ltr'><strong>naturis</strong></span> <span class='ocrx_word' id='word_1_38' title='bbox 1380 810 1485 848; x_wconf 89' lang='lat' dir='ltr'><strong>una</strong></span> <span class='ocrx_word' id='word_1_39' title='bbox 1536 803 1735 850; x_wconf 87' lang='lat' dir='ltr'><strong>natura</strong></span> <span class='ocrx_word' id='word_1_40' title='bbox 1762 800 2011 867; x_wconf 81' lang='lat' dir='ltr'><strong>opposita</strong></span> <span class='ocrx_word' id='word_1_41' title='bbox 2044 810 2148 853; x_wconf 87' lang='lat' dir='ltr'><strong>est.</strong></span> 
     </span>
    </p>
   </div>
   <div class='ocr_carea' id='block_1_9' title="bbox 575 876 2151 952">
    <p class='ocr_par' dir='ltr' id='par_1_9' title="bbox 575 876 2151 952">
     <span class='ocr_line' id='line_1_9' title="bbox 575 876 2151 952; baseline 0.012 -25"><span class='ocrx_word' id='word_1_42' title='bbox 575 876 639 928; x_wconf 92' lang='lat' dir='ltr'><strong>Si-</strong></span> <span class='ocrx_word' id='word_1_43' title='bbox 671 878 820 930; x_wconf 87' lang='lat' dir='ltr'><strong>enim</strong></span> <span class='ocrx_word' id='word_1_44' title='bbox 874 896 980 934; x_wconf 83' lang='lat' dir='ltr'><strong>una</strong></span> <span class='ocrx_word' id='word_1_45' title='bbox 1031 889 1227 937; x_wconf 88' lang='lat' dir='ltr'><strong>natura</strong></span> <span class='ocrx_word' id='word_1_46' title='bbox 1269 892 1355 938; x_wconf 87' lang='lat' dir='ltr'><strong>est</strong></span> <span class='ocrx_word' id='word_1_47' title='bbox 1409 884 1688 952; x_wconf 92' lang='lat' dir='ltr'><strong>Christus,</strong></span> <span class='ocrx_word' id='word_1_48' title='bbox 1741 904 1850 942; x_wconf 88' lang='lat' dir='ltr'><strong>non</strong></span> <span class='ocrx_word' id='word_1_49' title='bbox 1896 898 1982 944; x_wconf 89' lang='lat' dir='ltr'><strong>est</strong></span> <span class='ocrx_word' id='word_1_50' title='bbox 2019 890 2151 946; x_wconf 86' lang='lat' dir='ltr'><strong>duo.</strong></span> 
     </span>
    </p>
   </div>
   <div class='ocr_carea' id='block_1_10' title="bbox 572 968 2154 1045">
    <p class='ocr_par' dir='ltr' id='par_1_10' title="bbox 572 968 2154 1045">
     <span class='ocr_line' id='line_1_10' title="bbox 572 968 2154 1045; baseline 0.009 -23"><span class='ocrx_word' id='word_1_51' title='bbox 572 968 699 1023; x_wconf 85' lang='lat' dir='ltr'><strong>Etsi</strong></span> <span class='ocrx_word' id='word_1_52' title='bbox 722 970 853 1033; x_wconf 87' lang='lat' dir='ltr'><strong>duo.</strong></span> <span class='ocrx_word' id='word_1_53' title='bbox 869 988 977 1027; x_wconf 87' lang='lat' dir='ltr'><strong>non</strong></span> <span class='ocrx_word' id='word_1_54' title='bbox 995 982 1079 1029; x_wconf 89' lang='lat' dir='ltr'><strong>est</strong></span> <span class='ocrx_word' id='word_1_55' title='bbox 1102 990 1230 1030; x_wconf 90' lang='lat' dir='ltr'><strong>una.</strong></span> <span class='ocrx_word' id='word_1_56' title='bbox 1250 974 1306 1030; x_wconf 91' lang='lat' dir='ltr'><strong>Si</strong></span> <span class='ocrx_word' id='word_1_57' title='bbox 1323 985 1508 1031; x_wconf 90' lang='lat' dir='ltr'><strong>autem</strong></span> <span class='ocrx_word' id='word_1_58' title='bbox 1528 995 1692 1033; x_wconf 91' lang='lat' dir='ltr'><strong>unam</strong></span> <span class='ocrx_word' id='word_1_59' title='bbox 1716 979 1983 1045; x_wconf 87' lang='lat' dir='ltr'><strong>dicentes,</strong></span> <span class='ocrx_word' id='word_1_60' title='bbox 2004 983 2154 1038; x_wconf 82' lang='lat' dir='ltr'><strong>aliud</strong></span> 
     </span>
    </p>
   </div>
   <div class='ocr_carea' id='block_1_11' title="bbox 574 1053 2156 1144">
    <p class='ocr_par' dir='ltr' id='par_1_11' title="bbox 574 1053 2156 1144">
     <span class='ocr_line' id='line_1_11' title="bbox 574 1053 2156 1144; baseline 0.008 -29"><span class='ocrx_word' id='word_1_61' title='bbox 574 1061 806 1124; x_wconf 83' lang='lat' dir='ltr'><strong>addunt.</strong></span> <span class='ocrx_word' id='word_1_62' title='bbox 824 1079 935 1117; x_wconf 88' lang='lat' dir='ltr'><strong>non</strong></span> <span class='ocrx_word' id='word_1_63' title='bbox 956 1065 1067 1134; x_wconf 89' lang='lat' dir='ltr'><strong>jam</strong></span> <span class='ocrx_word' id='word_1_64' title='bbox 1084 1066 1347 1122; x_wconf 88' lang='lat' dir='ltr'><strong>dicuntur</strong></span> <span class='ocrx_word' id='word_1_65' title='bbox 1384 1070 1770 1137; x_wconf 71' lang='grc' dir='ltr'>ἀντιφατικῶς,</span> <span class='ocrx_word' id='word_1_66' title='bbox 1795 1072 1849 1125; x_wconf 85' lang='lat' dir='ltr'><strong>id</strong></span> <span class='ocrx_word' id='word_1_67' title='bbox 1869 1082 1972 1137; x_wconf 86' lang='lat' dir='ltr'><strong>est,</strong></span> <span class='ocrx_word' id='word_1_68' title='bbox 1990 1053 2156 1144; x_wconf 66' lang='grc' dir='ltr'>ὀρρο-</span> 
     </span>
    </p>
   </div>
   <div class='ocr_carea' id='block_1_12' title="bbox 576 1155 2157 1232">
    <p class='ocr_par' dir='ltr' id='par_1_12' title="bbox 576 1155 2157 1232">
     <span class='ocr_line' id='line_1_12' title="bbox 576 1155 2157 1232; baseline 0.008 -23"><span class='ocrx_word' id='word_1_69' title='bbox 576 1155 702 1218; x_wconf 87' lang='lat' dir='ltr'><strong>site,</strong></span> <span class='ocrx_word' id='word_1_70' title='bbox 727 1155 823 1210; x_wconf 88' lang='lat' dir='ltr'><strong>sed</strong></span> <span class='ocrx_word' id='word_1_71' title='bbox 841 1155 1081 1223; x_wconf 83' lang='lat' dir='ltr'><strong>diverse,</strong></span> <span class='ocrx_word' id='word_1_72' title='bbox 1111 1167 1167 1213; x_wconf 89' lang='lat' dir='ltr'><strong>et</strong></span> <span class='ocrx_word' id='word_1_73' title='bbox 1187 1159 1493 1215; x_wconf 85' lang='lat' dir='ltr'><strong>secundum</strong></span> <span class='ocrx_word' id='word_1_74' title='bbox 1525 1163 1912 1232; x_wconf 84' lang='lat' dir='ltr'><strong>periphrasim,</strong></span> <span class='ocrx_word' id='word_1_75' title='bbox 1941 1174 1997 1220; x_wconf 87' lang='lat' dir='ltr'><strong>et</strong></span> <span class='ocrx_word' id='word_1_76' title='bbox 2023 1182 2157 1222; x_wconf 87' lang='lat' dir='ltr'><strong>con-</strong></span> 
     </span>
    </p>
   </div>
   <div class='ocr_carea' id='block_1_13' title="bbox 574 1246 2159 1324">
    <p class='ocr_par' dir='ltr' id='par_1_13' title="bbox 574 1246 2159 1324">
     <span class='ocr_line' id='line_1_13' title="bbox 574 1246 2159 1324; baseline 0.007 -24"><span class='ocrx_word' id='word_1_77' title='bbox 574 1246 744 1301; x_wconf 80' lang='lat' dir='ltr'><strong>fessio</strong></span> <span class='ocrx_word' id='word_1_78' title='bbox 759 1247 994 1302; x_wconf 89' lang='lat' dir='ltr'><strong>duarum</strong></span> <span class='ocrx_word' id='word_1_79' title='bbox 1013 1256 1337 1305; x_wconf 82' lang='lat' dir='ltr'><strong>naturarum</strong></span> <span class='ocrx_word' id='word_1_80' title='bbox 1364 1263 1582 1309; x_wconf 85' lang='lat' dir='ltr'><strong>constat</strong></span> <span class='ocrx_word' id='word_1_81' title='bbox 1599 1254 1734 1324; x_wconf 87' lang='lat' dir='ltr'><strong>ipsis</strong></span> <span class='ocrx_word' id='word_1_82' title='bbox 1749 1270 1816 1309; x_wconf 80' lang='lat' dir='ltr'><strong>ex</strong></span> <span class='ocrx_word' id='word_1_83' title='bbox 1834 1256 2076 1322; x_wconf 88' lang='lat' dir='ltr'><strong>nomine,</strong></span> <span class='ocrx_word' id='word_1_84' title='bbox 2102 1267 2159 1313; x_wconf 90' lang='lat' dir='ltr'><strong>et</strong></span> 
     </span>
    </p>
   </div>
   <div class='ocr_carea' id='block_1_14' title="bbox 574 1336 2157 1417">
    <p class='ocr_par' dir='ltr' id='par_1_14' title="bbox 574 1336 2157 1417">
     <span class='ocr_line' id='line_1_14' title="bbox 574 1336 2157 1417; baseline 0.008 -27"><span class='ocrx_word' id='word_1_85' title='bbox 574 1352 645 1390; x_wconf 81' lang='lat' dir='ltr'><strong>ex</strong></span> <span class='ocrx_word' id='word_1_86' title='bbox 660 1336 980 1393; x_wconf 78' lang='lat' dir='ltr'><strong>deﬁnitione</strong></span> <span class='ocrx_word' id='word_1_87' title='bbox 1004 1357 1016 1393; x_wconf 90' lang='lat'><strong>:</strong></span> <span class='ocrx_word' id='word_1_88' title='bbox 1044 1356 1111 1394; x_wconf 79' lang='lat' dir='ltr'><strong>ex</strong></span> <span class='ocrx_word' id='word_1_89' title='bbox 1136 1341 1361 1417; x_wconf 82' lang='lat' dir='ltr'><strong>nomine</strong></span> <span class='ocrx_word' id='word_1_90' title='bbox 1393 1342 1617 1413; x_wconf 85' lang='lat' dir='ltr'><strong>quidem</strong></span> <span class='ocrx_word' id='word_1_91' title='bbox 1642 1356 1853 1401; x_wconf 85' lang='lat' dir='ltr'><strong>naturae</strong></span> <span class='ocrx_word' id='word_1_92' title='bbox 1884 1348 2070 1413; x_wconf 79' lang='lat' dir='ltr'><strong>Verbi,</strong></span> <span class='ocrx_word' id='word_1_93' title='bbox 2090 1366 2157 1404; x_wconf 76' lang='lat' dir='ltr'><strong>ex</strong></span> 
     </span>
    </p>
   </div>
   <div class='ocr_carea' id='block_1_15' title="bbox 576 1427 2160 1491">
    <p class='ocr_par' dir='ltr' id='par_1_15' title="bbox 576 1427 2160 1491">
     <span class='ocr_line' id='line_1_15' title="bbox 576 1427 2160 1491; baseline 0.006 -10"><span class='ocrx_word' id='word_1_94' title='bbox 576 1427 902 1482; x_wconf 76' lang='lat' dir='ltr'><strong>definitione</strong></span> <span class='ocrx_word' id='word_1_95' title='bbox 917 1445 1047 1484; x_wconf 79' lang='lat' dir='ltr'><strong>vero</strong></span> <span class='ocrx_word' id='word_1_96' title='bbox 1058 1431 1237 1486; x_wconf 87' lang='lat' dir='ltr'><strong>carnis</strong></span> <span class='ocrx_word' id='word_1_97' title='bbox 1254 1432 1508 1488; x_wconf 66' lang='lat' dir='ltr'><strong>animata:</strong></span> <span class='ocrx_word' id='word_1_98' title='bbox 1523 1434 1704 1488; x_wconf 87' lang='lat' dir='ltr'><strong>anima</strong></span> <span class='ocrx_word' id='word_1_99' title='bbox 1724 1436 1977 1489; x_wconf 85' lang='lat' dir='ltr'><strong>rationali</strong></span> <span class='ocrx_word' id='word_1_100' title='bbox 2000 1448 2055 1491; x_wconf 76' lang='lat' dir='ltr'><strong>et</strong></span> <span class='ocrx_word' id='word_1_101' title='bbox 2074 1438 2160 1491; x_wconf 90' lang='lat' dir='ltr'><strong>in-</strong></span> 
     </span>
    </p>
   </div>
   <div class='ocr_carea' id='block_1_16' title="bbox 576 1519 2155 1603">
    <p class='ocr_par' dir='ltr' id='par_1_16' title="bbox 576 1519 2155 1603">
     <span class='ocr_line' id='line_1_16' title="bbox 576 1519 2155 1603; baseline 0.008 -31"><span class='ocrx_word' id='word_1_102' title='bbox 576 1519 879 1590; x_wconf 76' lang='lat' dir='ltr'><strong>telligente,</strong></span> <span class='ocrx_word' id='word_1_103' title='bbox 920 1521 1035 1576; x_wconf 72' lang='lat' dir='ltr'><strong>haec</strong></span> <span class='ocrx_word' id='word_1_104' title='bbox 1067 1524 1214 1577; x_wconf 89' lang='lat' dir='ltr'><strong>enim</strong></span> <span class='ocrx_word' id='word_1_105' title='bbox 1243 1532 1324 1603; x_wconf 80' lang='lat' dir='ltr'><strong>est</strong></span> <span class='ocrx_word' id='word_1_106' title='bbox 1353 1523 1604 1581; x_wconf 79' lang='lat' dir='ltr'><strong>deﬁnitio</strong></span> <span class='ocrx_word' id='word_1_107' title='bbox 1643 1533 1855 1583; x_wconf 60' lang='lat' dir='ltr'><strong>naturae</strong></span> <span class='ocrx_word' id='word_1_108' title='bbox 1886 1528 2155 1584; x_wconf 64' lang='lat' dir='ltr'><strong>humanae.</strong></span> 
     </span>
    </p>
   </div>
   <div class='ocr_carea' id='block_1_17' title="bbox 576 1612 2162 1692">
    <p class='ocr_par' dir='ltr' id='par_1_17' title="bbox 576 1612 2162 1692">
     <span class='ocr_line' id='line_1_17' title="bbox 576 1612 2162 1692; baseline 0.007 -27"><span class='ocrx_word' id='word_1_109' title='bbox 576 1612 865 1678; x_wconf 84' lang='lat' dir='ltr'><strong>Quomodo</strong></span> <span class='ocrx_word' id='word_1_110' title='bbox 884 1614 1314 1683; x_wconf 79' lang='lat' dir='ltr'><strong>igiturdicentes</strong></span> <span class='ocrx_word' id='word_1_111' title='bbox 1328 1617 1705 1675; x_wconf 81' lang='lat' dir='ltr'><strong>deﬁnitionem</strong></span> <span class='ocrx_word' id='word_1_112' title='bbox 1727 1630 1958 1687; x_wconf 68' lang='lat' dir='ltr'><strong>naturae,</strong></span> <span class='ocrx_word' id='word_1_113' title='bbox 1981 1623 2162 1692; x_wconf 84' lang='lat' dir='ltr'><strong>appel-</strong></span> 
     </span>
    </p>
   </div>
   <div class='ocr_carea' id='block_1_18' title="bbox 576 1703 2159 1783">
    <p class='ocr_par' dir='ltr' id='par_1_18' title="bbox 576 1703 2159 1783">
     <span class='ocr_line' id='line_1_18' title="bbox 576 1703 2159 1783; baseline 0.006 -25"><span class='ocrx_word' id='word_1_114' title='bbox 576 1703 841 1760; x_wconf 83' lang='lat' dir='ltr'><strong>lationem</strong></span> <span class='ocrx_word' id='word_1_115' title='bbox 888 1707 1009 1777; x_wconf 92' lang='lat' dir='ltr'><strong>ejus</strong></span> <span class='ocrx_word' id='word_1_116' title='bbox 1048 1709 1338 1763; x_wconf 80' lang='lat' dir='ltr'><strong>recusant?</strong></span> <span class='ocrx_word' id='word_1_117' title='bbox 1370 1709 1479 1765; x_wconf 83' lang='lat' dir='ltr'><strong>Aut</strong></span> <span class='ocrx_word' id='word_1_118' title='bbox 1518 1711 2159 1783; x_wconf 76' lang='lat' dir='ltr'><strong>quomodoappellatio-</strong></span> 
     </span>
    </p>
   </div>
   <div class='ocr_carea' id='block_1_19' title="bbox 577 1798 2163 1875">
    <p class='ocr_par' dir='ltr' id='par_1_19' title="bbox 577 1798 2163 1875">
     <span class='ocr_line' id='line_1_19' title="bbox 577 1798 2163 1875; baseline 0.008 -26"><span class='ocrx_word' id='word_1_119' title='bbox 577 1810 704 1850; x_wconf 87' lang='lat' dir='ltr'><strong>nem</strong></span> <span class='ocrx_word' id='word_1_120' title='bbox 722 1798 1008 1867; x_wconf 85' lang='lat' dir='ltr'><strong>utriusque</strong></span> <span class='ocrx_word' id='word_1_121' title='bbox 1035 1808 1242 1856; x_wconf 72' lang='lat' dir='ltr'><strong>natura:</strong></span> <span class='ocrx_word' id='word_1_122' title='bbox 1263 1802 1651 1869; x_wconf 86' lang='lat' dir='ltr'><strong>concedentes,</strong></span> <span class='ocrx_word' id='word_1_123' title='bbox 1683 1820 1975 1859; x_wconf 89' lang='lat' dir='ltr'><strong>numerum</strong></span> <span class='ocrx_word' id='word_1_124' title='bbox 2004 1821 2163 1875; x_wconf 89' lang='lat' dir='ltr'><strong>repu-</strong></span> 
     </span>
    </p>
   </div>
   <div class='ocr_carea' id='block_1_20' title="bbox 578 1874 2235 1963">
    <p class='ocr_par' dir='ltr' id='par_1_20' title="bbox 578 1874 2235 1963">
     <span class='ocr_line' id='line_1_20' title="bbox 578 1874 2235 1963; baseline 0.005 -23"><span class='ocrx_word' id='word_1_125' title='bbox 578 1885 764 1941; x_wconf 86' lang='lat' dir='ltr'><strong>diant?</strong></span> <span class='ocrx_word' id='word_1_126' title='bbox 783 1887 1169 1957; x_wconf 76' lang='lat' dir='ltr'><strong>Respondeant</strong></span> <span class='ocrx_word' id='word_1_127' title='bbox 1198 1891 1419 1961; x_wconf 89' lang='lat' dir='ltr'><strong>isti,qni</strong></span> <span class='ocrx_word' id='word_1_128' title='bbox 1449 1902 1630 1962; x_wconf 82' lang='lat' dir='ltr'><strong>neque</strong></span> <span class='ocrx_word' id='word_1_129' title='bbox 1653 1909 1774 1963; x_wconf 61' lang='lat' dir='ltr'><strong>quae</strong></span> <span class='ocrx_word' id='word_1_130' title='bbox 1800 1894 1935 1963; x_wconf 90' lang='lat' dir='ltr'><strong>ipsis</strong></span> <span class='ocrx_word' id='word_1_131' title='bbox 1954 1874 2158 1963; x_wconf 63' lang='lat' dir='ltr'><strong>conre-</strong></span> <span class='ocrx_word' id='word_1_132' title='bbox 2190 1874 2235 1932; x_wconf 78' lang='grc' dir='ltr'><strong>Β</strong></span> 
     </span>
    </p>
   </div>
   <div class='ocr_carea' id='block_1_21' title="bbox 579 1978 2088 2055">
    <p class='ocr_par' dir='ltr' id='par_1_21' title="bbox 579 1978 2088 2055">
     <span class='ocr_line' id='line_1_21' title="bbox 579 1978 2088 2055; baseline 0.007 -25"><span class='ocrx_word' id='word_1_133' title='bbox 579 1978 754 2033; x_wconf 85' lang='lat' dir='ltr'><strong>niant.</strong></span> <span class='ocrx_word' id='word_1_134' title='bbox 780 1994 961 2048; x_wconf 87' lang='lat' dir='ltr'><strong>neque</strong></span> <span class='ocrx_word' id='word_1_135' title='bbox 981 1996 1103 2049; x_wconf 66' lang='lat' dir='ltr'><strong>quae</strong></span> <span class='ocrx_word' id='word_1_136' title='bbox 1124 1994 1453 2053; x_wconf 78' lang='lat' dir='ltr'><strong>repugnent,</strong></span> <span class='ocrx_word' id='word_1_137' title='bbox 1487 1984 1794 2055; x_wconf 79' lang='lat' dir='ltr'><strong>intelligere</strong></span> <span class='ocrx_word' id='word_1_138' title='bbox 1835 1998 2088 2055; x_wconf 87' lang='lat' dir='ltr'><strong>possunt.</strong></span> 
     </span>
    </p>
   </div>
   <div class='ocr_carea' id='block_1_22' title="bbox 652 2058 2160 2145">
    <p class='ocr_par' dir='ltr' id='par_1_22' title="bbox 652 2058 2160 2145">
     <span class='ocr_line' id='line_1_22' title="bbox 652 2058 2160 2145; baseline 0.007 -24"><span class='ocrx_word' id='word_1_139' title='bbox 652 2066 795 2123; x_wconf 71' lang='lat' dir='ltr'><strong>XIX.</strong></span> <span class='ocrx_word' id='word_1_140' title='bbox 828 2067 1071 2141; x_wconf 81' lang='lat' dir='ltr'><strong>Simplex</strong></span> <span class='ocrx_word' id='word_1_141' title='bbox 1105 2082 1302 2127; x_wconf 86' lang='lat' dir='ltr'><strong>natura</strong></span> <span class='ocrx_word' id='word_1_142' title='bbox 1325 2089 1436 2127; x_wconf 88' lang='lat' dir='ltr'><strong>non</strong></span> <span class='ocrx_word' id='word_1_143' title='bbox 1452 2084 1536 2127; x_wconf 89' lang='lat' dir='ltr'><strong>est</strong></span> <span class='ocrx_word' id='word_1_144' title='bbox 1561 2075 1807 2145; x_wconf 86' lang='lat' dir='ltr'><strong>ejusdem</strong></span> <span class='ocrx_word' id='word_1_145' title='bbox 1836 2058 2160 2132; x_wconf 54' lang='lat' dir='ltr'><strong>su&#39;bstantia:</strong></span> 
     </span>
    </p>
   </div>
   <div class='ocr_carea' id='block_1_23' title="bbox 580 2162 2157 2237">
    <p class='ocr_par' dir='ltr' id='par_1_23' title="bbox 580 2162 2157 2237">
     <span class='ocr_line' id='line_1_23' title="bbox 580 2162 2157 2237; baseline 0.006 -23"><span class='ocrx_word' id='word_1_146' title='bbox 580 2176 705 2214; x_wconf 89' lang='lat' dir='ltr'><strong>cum</strong></span> <span class='ocrx_word' id='word_1_147' title='bbox 736 2162 1068 2230; x_wconf 78' lang='lat' dir='ltr'><strong>composita;</strong></span> <span class='ocrx_word' id='word_1_148' title='bbox 1092 2164 1136 2218; x_wconf 88' lang='lat' dir='ltr'><strong>si</strong></span> <span class='ocrx_word' id='word_1_149' title='bbox 1162 2173 1346 2219; x_wconf 85' lang='lat' dir='ltr'><strong>autem</strong></span> <span class='ocrx_word' id='word_1_150' title='bbox 1374 2165 1603 2235; x_wconf 80' lang='lat' dir='ltr'><strong>simplex</strong></span> <span class='ocrx_word' id='word_1_151' title='bbox 1624 2175 1708 2221; x_wconf 92' lang='lat' dir='ltr'><strong>est</strong></span> <span class='ocrx_word' id='word_1_152' title='bbox 1734 2176 1931 2221; x_wconf 84' lang='lat' dir='ltr'><strong>natura</strong></span> <span class='ocrx_word' id='word_1_153' title='bbox 1956 2168 2157 2237; x_wconf 81' lang='lat' dir='ltr'><strong>Patris,</strong></span> 
     </span>
    </p>
   </div>
   <div class='ocr_carea' id='block_1_24' title="bbox 580 2255 2160 2331">
    <p class='ocr_par' dir='ltr' id='par_1_24' title="bbox 580 2255 2160 2331">
     <span class='ocr_line' id='line_1_24' title="bbox 580 2255 2160 2331; baseline 0.005 -24"><span class='ocrx_word' id='word_1_154' title='bbox 580 2255 886 2324; x_wconf 83' lang='lat' dir='ltr'><strong>composita</strong></span> <span class='ocrx_word' id='word_1_155' title='bbox 929 2270 1061 2309; x_wconf 82' lang='lat' dir='ltr'><strong>vero</strong></span> <span class='ocrx_word' id='word_1_156' title='bbox 1101 2256 1310 2313; x_wconf 83' lang='lat' dir='ltr'><strong>Christi</strong></span> <span class='ocrx_word' id='word_1_157' title='bbox 1340 2269 1561 2321; x_wconf 87' lang='lat' dir='ltr'><strong>natura.</strong></span> <span class='ocrx_word' id='word_1_158' title='bbox 1588 2274 1700 2314; x_wconf 89' lang='lat' dir='ltr'><strong>non</strong></span> <span class='ocrx_word' id='word_1_159' title='bbox 1735 2268 1819 2315; x_wconf 87' lang='lat' dir='ltr'><strong>est</strong></span> <span class='ocrx_word' id='word_1_160' title='bbox 1860 2262 2026 2331; x_wconf 73' lang='lat' dir='ltr'><strong>igitur</strong></span> <span class='ocrx_word' id='word_1_161' title='bbox 2065 2277 2160 2315; x_wconf 90' lang='lat' dir='ltr'><strong>na-</strong></span> 
     </span>
    </p>
   </div>
   <div class='ocr_carea' id='block_1_25' title="bbox 584 2346 2158 2421">
    <p class='ocr_par' dir='ltr' id='par_1_25' title="bbox 584 2346 2158 2421">
     <span class='ocr_line' id='line_1_25' title="bbox 584 2346 2158 2421; baseline 0.004 -20"><span class='ocrx_word' id='word_1_162' title='bbox 584 2358 706 2403; x_wconf 87' lang='lat' dir='ltr'><strong>tura</strong></span> <span class='ocrx_word' id='word_1_163' title='bbox 733 2346 938 2403; x_wconf 84' lang='lat' dir='ltr'><strong>Christi</strong></span> <span class='ocrx_word' id='word_1_164' title='bbox 972 2349 1217 2421; x_wconf 85' lang='lat' dir='ltr'><strong>ejusdem</strong></span> <span class='ocrx_word' id='word_1_165' title='bbox 1238 2352 1559 2407; x_wconf 62' lang='lat' dir='ltr'><strong>substantiaa</strong></span> <span class='ocrx_word' id='word_1_166' title='bbox 1586 2368 1713 2408; x_wconf 88' lang='lat' dir='ltr'><strong>cum</strong></span> <span class='ocrx_word' id='word_1_167' title='bbox 1748 2363 1945 2408; x_wconf 87' lang='lat' dir='ltr'><strong>natura</strong></span> <span class='ocrx_word' id='word_1_168' title='bbox 1961 2354 2158 2409; x_wconf 75' lang='lat' dir='ltr'><strong>Patris.</strong></span> 
     </span>
    </p>
   </div>
   <div class='ocr_carea' id='block_1_26' title="bbox 581 2437 2158 2508">
    <p class='ocr_par' dir='ltr' id='par_1_26' title="bbox 581 2437 2158 2508">
     <span class='ocr_line' id='line_1_26' title="bbox 581 2437 2158 2508; baseline 0.004 -17"><span class='ocrx_word' id='word_1_169' title='bbox 581 2441 652 2492; x_wconf 78' lang='lat' dir='ltr'><strong>At</strong></span> <span class='ocrx_word' id='word_1_170' title='bbox 688 2437 792 2508; x_wconf 87' lang='lat' dir='ltr'><strong>ipsi</strong></span> <span class='ocrx_word' id='word_1_171' title='bbox 837 2439 1100 2495; x_wconf 86' lang='lat' dir='ltr'><strong>simulant</strong></span> <span class='ocrx_word' id='word_1_172' title='bbox 1142 2440 1475 2497; x_wconf 89' lang='lat' dir='ltr'><strong>homousion</strong></span> <span class='ocrx_word' id='word_1_173' title='bbox 1508 2459 1630 2499; x_wconf 87' lang='lat' dir='ltr'><strong>esse</strong></span> <span class='ocrx_word' id='word_1_174' title='bbox 1649 2443 1819 2499; x_wconf 79' lang='lat' dir='ltr'><strong>‘Patri</strong></span> <span class='ocrx_word' id='word_1_175' title='bbox 1857 2444 2158 2507; x_wconf 87' lang='lat' dir='ltr'><strong>Christum,</strong></span> 
     </span>
    </p>
   </div>
   <div class='ocr_carea' id='block_1_27' title="bbox 583 2529 2159 2607">
    <p class='ocr_par' dir='ltr' id='par_1_27' title="bbox 583 2529 2159 2607">
     <span class='ocr_line' id='line_1_27' title="bbox 583 2529 2159 2607; baseline 0.006 -24"><span class='ocrx_word' id='word_1_176' title='bbox 583 2539 639 2583; x_wconf 89' lang='lat' dir='ltr'><strong>et</strong></span> <span class='ocrx_word' id='word_1_177' title='bbox 655 2529 815 2585; x_wconf 84' lang='lat' dir='ltr'><strong>nobis</strong></span> <span class='ocrx_word' id='word_1_178' title='bbox 839 2530 1171 2588; x_wconf 91' lang='lat' dir='ltr'><strong>homousion</strong></span> <span class='ocrx_word' id='word_1_179' title='bbox 1192 2534 1473 2589; x_wconf 88' lang='lat' dir='ltr'><strong>eumdem.</strong></span> <span class='ocrx_word' id='word_1_180' title='bbox 1498 2535 1694 2591; x_wconf 88' lang='lat' dir='ltr'><strong>Dicant</strong></span> <span class='ocrx_word' id='word_1_181' title='bbox 1720 2536 1909 2607; x_wconf 77' lang='lat' dir='ltr'><strong>igitur,</strong></span> <span class='ocrx_word' id='word_1_182' title='bbox 1934 2552 2003 2591; x_wconf 85' lang='lat' dir='ltr'><strong>an</strong></span> <span class='ocrx_word' id='word_1_183' title='bbox 2031 2552 2159 2606; x_wconf 88' lang='lat' dir='ltr'><strong>pos-</strong></span> 
     </span>
    </p>
   </div>
   <div class='ocr_carea' id='block_1_28' title="bbox 588 2623 2158 2706">
    <p class='ocr_par' dir='ltr' id='par_1_28' title="bbox 588 2623 2158 2706">
     <span class='ocr_line' id='line_1_28' title="bbox 588 2623 2158 2706; baseline 0.002 -29"><span class='ocrx_word' id='word_1_184' title='bbox 588 2624 662 2677; x_wconf 79' lang='lat' dir='ltr'><strong>sit</strong></span> <span class='ocrx_word' id='word_1_185' title='bbox 697 2638 825 2706; x_wconf 82' lang='lat' dir='ltr'><strong>una,</strong></span> <span class='ocrx_word' id='word_1_186' title='bbox 861 2632 919 2679; x_wconf 92' lang='lat' dir='ltr'><strong>ut</strong></span> <span class='ocrx_word' id='word_1_187' title='bbox 963 2624 1065 2693; x_wconf 88' lang='lat' dir='ltr'><strong>ipsi</strong></span> <span class='ocrx_word' id='word_1_188' title='bbox 1096 2623 1309 2688; x_wconf 89' lang='lat' dir='ltr'><strong>dicunt,</strong></span> <span class='ocrx_word' id='word_1_189' title='bbox 1348 2626 1654 2695; x_wconf 87' lang='lat' dir='ltr'><strong>composita</strong></span> <span class='ocrx_word' id='word_1_190' title='bbox 1697 2636 1894 2681; x_wconf 87' lang='lat' dir='ltr'><strong>natura</strong></span> <span class='ocrx_word' id='word_1_191' title='bbox 1928 2626 2158 2691; x_wconf 82' lang='lat' dir='ltr'><strong>Christi,</strong></span> 
     </span>
    </p>
   </div>
   <div class='ocr_carea' id='block_1_29' title="bbox 583 2717 2161 2785">
    <p class='ocr_par' dir='ltr' id='par_1_29' title="bbox 583 2717 2161 2785">
     <span class='ocr_line' id='line_1_29' title="bbox 583 2717 2161 2785; baseline 0.004 -16"><span class='ocrx_word' id='word_1_192' title='bbox 583 2730 653 2770; x_wconf 77' lang='lat' dir='ltr'><strong>ex</strong></span> <span class='ocrx_word' id='word_1_193' title='bbox 690 2723 804 2770; x_wconf 88' lang='lat' dir='ltr'><strong>toto</strong></span> <span class='ocrx_word' id='word_1_194' title='bbox 836 2731 955 2773; x_wconf 86' lang='lat' dir='ltr'><strong>esse</strong></span> <span class='ocrx_word' id='word_1_195' title='bbox 1008 2717 1327 2774; x_wconf 85' lang='lat' dir='ltr'><strong>hontousios</strong></span> <span class='ocrx_word' id='word_1_196' title='bbox 1376 2720 1544 2785; x_wconf 89' lang='lat' dir='ltr'><strong>Patri,</strong></span> <span class='ocrx_word' id='word_1_197' title='bbox 1600 2731 1655 2776; x_wconf 91' lang='lat' dir='ltr'><strong>et</strong></span> <span class='ocrx_word' id='word_1_198' title='bbox 1687 2736 1755 2774; x_wconf 78' lang='lat' dir='ltr'><strong>ex</strong></span> <span class='ocrx_word' id='word_1_199' title='bbox 1800 2728 1914 2774; x_wconf 90' lang='lat' dir='ltr'><strong>toto</strong></span> <span class='ocrx_word' id='word_1_200' title='bbox 1967 2736 2161 2775; x_wconf 86' lang='lat' dir='ltr'><strong>rursus</strong></span> 
     </span>
    </p>
   </div>
   <div class='ocr_carea' id='block_1_30' title="bbox 585 2807 2179 2877">
    <p class='ocr_par' dir='ltr' id='par_1_30' title="bbox 585 2807 2179 2877">
     <span class='ocr_line' id='line_1_30' title="bbox 585 2807 2179 2877; baseline 0.004 -17"><span class='ocrx_word' id='word_1_201' title='bbox 585 2807 788 2863; x_wconf 88' lang='lat' dir='ltr'><strong>nobis?</strong></span> <span class='ocrx_word' id='word_1_202' title='bbox 821 2807 890 2862; x_wconf 84' lang='lat' dir='ltr'><strong>Et</strong></span> <span class='ocrx_word' id='word_1_203' title='bbox 938 2824 1120 2863; x_wconf 83' lang='lat' dir='ltr'><strong>annon</strong></span> <span class='ocrx_word' id='word_1_204' title='bbox 1186 2809 1293 2865; x_wconf 88' lang='lat' dir='ltr'><strong>hoc</strong></span> <span class='ocrx_word' id='word_1_205' title='bbox 1341 2826 1444 2864; x_wconf 85' lang='lat' dir='ltr'><strong>nos</strong></span> <span class='ocrx_word' id='word_1_206' title='bbox 1489 2813 1653 2865; x_wconf 84' lang='lat' dir='ltr'><strong>etiam</strong></span> <span class='ocrx_word' id='word_1_207' title='bbox 1703 2811 1769 2865; x_wconf 89' lang='lat' dir='ltr'><strong>ad</strong></span> <span class='ocrx_word' id='word_1_208' title='bbox 1806 2811 1984 2866; x_wconf 74' lang='lat' dir='ltr'><strong>Patri’s</strong></span> <span class='ocrx_word' id='word_1_209' title='bbox 2027 2827 2179 2877; x_wconf 10' lang='lat' dir='ltr'><strong>con-7</strong></span> 
     </span>
    </p>
   </div>
   <div class='ocr_carea' id='block_1_31' title="bbox 584 2899 2162 2967">
    <p class='ocr_par' dir='ltr' id='par_1_31' title="bbox 584 2899 2162 2967">
     <span class='ocr_line' id='line_1_31' title="bbox 584 2899 2162 2967; baseline 0.002 -12"><span class='ocrx_word' id='word_1_210' title='bbox 584 2899 1109 2958; x_wconf 87' lang='lat' dir='ltr'><strong>substantialitatem</strong></span> <span class='ocrx_word' id='word_1_211' title='bbox 1144 2902 1406 2957; x_wconf 81' lang='lat' dir='ltr'><strong>revocet?</strong></span> <span class='ocrx_word' id='word_1_212' title='bbox 1450 2902 1604 2967; x_wconf 86' lang='lat' dir='ltr'><strong>Quod</strong></span> <span class='ocrx_word' id='word_1_213' title='bbox 1639 2904 1683 2957; x_wconf 93' lang='lat' dir='ltr'><strong>si</strong></span> <span class='ocrx_word' id='word_1_214' title='bbox 1723 2903 1911 2957; x_wconf 85' lang='lat' dir='ltr'><strong>dicant</strong></span> <span class='ocrx_word' id='word_1_215' title='bbox 1952 2919 2062 2957; x_wconf 89' lang='lat' dir='ltr'><strong>non</strong></span> <span class='ocrx_word' id='word_1_216' title='bbox 2094 2918 2162 2960; x_wconf 78' lang='lat' dir='ltr'><strong>ex</strong></span> 
     </span>
    </p>
   </div>
   <div class='ocr_carea' id='block_1_32' title="bbox 590 2982 2163 3051">
    <p class='ocr_par' dir='ltr' id='par_1_32' title="bbox 590 2982 2163 3051">
     <span class='ocr_line' id='line_1_32' title="bbox 590 2982 2163 3051; baseline 0 -1"><span class='ocrx_word' id='word_1_217' title='bbox 590 3006 703 3050; x_wconf 88' lang='lat' dir='ltr'><strong>toto</strong></span> <span class='ocrx_word' id='word_1_218' title='bbox 727 3010 890 3050; x_wconf 89' lang='lat' dir='ltr'><strong>unam</strong></span> <span class='ocrx_word' id='word_1_219' title='bbox 922 3006 1173 3050; x_wconf 90' lang='lat' dir='ltr'><strong>naturam</strong></span> <span class='ocrx_word' id='word_1_220' title='bbox 1212 2982 1418 3051; x_wconf 90' lang='lat' dir='ltr'><strong>Christi</strong></span> <span class='ocrx_word' id='word_1_221' title='bbox 1447 2996 1594 3051; x_wconf 84' lang='lat' dir='ltr'><strong>Patri</strong></span> <span class='ocrx_word' id='word_1_222' title='bbox 1631 3006 1686 3050; x_wconf 90' lang='lat' dir='ltr'><strong>et</strong></span> <span class='ocrx_word' id='word_1_223' title='bbox 1728 2995 2035 3050; x_wconf 80' lang='lat' dir='ltr'><strong>nobisesse</strong></span> <span class='ocrx_word' id='word_1_224' title='bbox 2065 2995 2163 3050; x_wconf 91' lang='lat' dir='ltr'><strong>ho-</strong></span> 
     </span>
    </p>
   </div>
   <div class='ocr_carea' id='block_1_33' title="bbox 586 3084 2163 3156">
    <p class='ocr_par' dir='ltr' id='par_1_33' title="bbox 586 3084 2163 3156">
     <span class='ocr_line' id='line_1_33' title="bbox 586 3084 2163 3156; baseline 0 -18"><span class='ocrx_word' id='word_1_225' title='bbox 586 3084 862 3149; x_wconf 90' lang='lat' dir='ltr'><strong>mousion,</strong></span> <span class='ocrx_word' id='word_1_226' title='bbox 896 3085 949 3138; x_wconf 84' lang='lat' dir='ltr'><strong>id</strong></span> <span class='ocrx_word' id='word_1_227' title='bbox 992 3096 1095 3147; x_wconf 89' lang='lat' dir='ltr'><strong>est,</strong></span> <span class='ocrx_word' id='word_1_228' title='bbox 1135 3087 1381 3156; x_wconf 89' lang='lat' dir='ltr'><strong>ejusdem</strong></span> <span class='ocrx_word' id='word_1_229' title='bbox 1436 3087 1788 3153; x_wconf 60' lang='lat' dir='ltr'><strong>substantia;</strong></span> <span class='ocrx_word' id='word_1_230' title='bbox 1830 3086 2163 3156; x_wconf 87' lang='lat' dir='ltr'><strong>relinquitur</strong></span> 
     </span>
    </p>
   </div>
   <div class='ocr_carea' id='block_1_34' title="bbox 591 3174 2233 3275">
    <p class='ocr_par' dir='ltr' id='par_1_34' title="bbox 591 3174 2233 3275">
     <span class='ocr_line' id='line_1_34' title="bbox 591 3174 2233 3275; baseline 0.001 -46"><span class='ocrx_word' id='word_1_231' title='bbox 591 3176 755 3231; x_wconf 83' lang='lat' dir='ltr'><strong>unius</strong></span> <span class='ocrx_word' id='word_1_232' title='bbox 799 3186 1009 3231; x_wconf 69' lang='lat' dir='ltr'><strong>naturre</strong></span> <span class='ocrx_word' id='word_1_233' title='bbox 1046 3174 1333 3232; x_wconf 76' lang='lat' dir='ltr'><strong>dimidium</strong></span> <span class='ocrx_word' id='word_1_234' title='bbox 1364 3192 1486 3231; x_wconf 89' lang='lat' dir='ltr'><strong>esse</strong></span> <span class='ocrx_word' id='word_1_235' title='bbox 1533 3175 1680 3229; x_wconf 83' lang='lat' dir='ltr'><strong>l’atri</strong></span> <span class='ocrx_word' id='word_1_236' title='bbox 1730 3176 2080 3238; x_wconf 89' lang='lat' dir='ltr'><strong>homousion,</strong></span> <span class='ocrx_word' id='word_1_237' title='bbox 2107 3184 2233 3275; x_wconf 78' lang='lat' dir='ltr'><strong>etC</strong></span> 
     </span>
    </p>
   </div>
   <div class='ocr_carea' id='block_1_35' title="bbox 587 3267 2164 3338">
    <p class='ocr_par' dir='ltr' id='par_1_35' title="bbox 587 3267 2164 3338">
     <span class='ocr_line' id='line_1_35' title="bbox 587 3267 2164 3338; baseline -0.001 -15"><span class='ocrx_word' id='word_1_238' title='bbox 587 3267 876 3323; x_wconf 87' lang='lat' dir='ltr'><strong>dimidium</strong></span> <span class='ocrx_word' id='word_1_239' title='bbox 912 3268 1073 3323; x_wconf 88' lang='lat' dir='ltr'><strong>nobis</strong></span> <span class='ocrx_word' id='word_1_240' title='bbox 1103 3287 1116 3322; x_wconf 90' lang='lat'><strong>:</strong></span> <span class='ocrx_word' id='word_1_241' title='bbox 1146 3276 1203 3322; x_wconf 92' lang='lat' dir='ltr'><strong>at</strong></span> <span class='ocrx_word' id='word_1_242' title='bbox 1223 3268 1354 3338; x_wconf 85' lang='lat' dir='ltr'><strong>quid</strong></span> <span class='ocrx_word' id='word_1_243' title='bbox 1382 3267 1531 3322; x_wconf 87' lang='lat' dir='ltr'><strong>aliud</strong></span> <span class='ocrx_word' id='word_1_244' title='bbox 1559 3277 1641 3322; x_wconf 90' lang='lat' dir='ltr'><strong>est</strong></span> <span class='ocrx_word' id='word_1_245' title='bbox 1679 3267 1803 3332; x_wconf 87' lang='lat' dir='ltr'><strong>hoc,</strong></span> <span class='ocrx_word' id='word_1_246' title='bbox 1833 3277 1997 3337; x_wconf 86' lang='lat' dir='ltr'><strong>quam</strong></span> <span class='ocrx_word' id='word_1_247' title='bbox 2021 3268 2164 3323; x_wconf 84' lang='lat' dir='ltr'><strong>divi-</strong></span> 
     </span>
    </p>
   </div>
   <div class='ocr_carea' id='block_1_36' title="bbox 586 3356 2163 3429">
    <p class='ocr_par' dir='ltr' id='par_1_36' title="bbox 586 3356 2163 3429">
     <span class='ocr_line' id='line_1_36' title="bbox 586 3356 2163 3429; baseline -0.004 -11"><span class='ocrx_word' id='word_1_248' title='bbox 586 3360 740 3421; x_wconf 84' lang='lat' dir='ltr'><strong>dere.</strong></span> <span class='ocrx_word' id='word_1_249' title='bbox 774 3374 936 3429; x_wconf 87' lang='lat' dir='ltr'><strong>quam</strong></span> <span class='ocrx_word' id='word_1_250' title='bbox 981 3358 1084 3428; x_wconf 87' lang='lat' dir='ltr'><strong>ipsi</strong></span> <span class='ocrx_word' id='word_1_251' title='bbox 1113 3358 1305 3413; x_wconf 90' lang='lat' dir='ltr'><strong>dicunt</strong></span> <span class='ocrx_word' id='word_1_252' title='bbox 1356 3372 1520 3411; x_wconf 80' lang='lat' dir='ltr'><strong>unam</strong></span> <span class='ocrx_word' id='word_1_253' title='bbox 1547 3356 1751 3412; x_wconf 84' lang='lat' dir='ltr'><strong>Christi</strong></span> <span class='ocrx_word' id='word_1_254' title='bbox 1797 3367 2052 3412; x_wconf 88' lang='lat' dir='ltr'><strong>naturam</strong></span> <span class='ocrx_word' id='word_1_255' title='bbox 2086 3357 2163 3411; x_wconf 62' lang='lat' dir='ltr'><strong>in</strong></span> 
     </span>
    </p>
   </div>
   <div class='ocr_carea' id='block_1_37' title="bbox 586 3450 2159 3520">
    <p class='ocr_par' dir='ltr' id='par_1_37' title="bbox 586 3450 2159 3520">
     <span class='ocr_line' id='line_1_37' title="bbox 586 3450 2159 3520; baseline 0 -15"><span class='ocrx_word' id='word_1_256' title='bbox 586 3461 841 3507; x_wconf 85' lang='lat' dir='ltr'><strong>naturam</strong></span> <span class='ocrx_word' id='word_1_257' title='bbox 856 3450 1101 3520; x_wconf 82' lang='lat' dir='ltr'><strong>ejusdem</strong></span> <span class='ocrx_word' id='word_1_258' title='bbox 1121 3450 1462 3512; x_wconf 62' lang='lat' dir='ltr'><strong>substantiae.</strong></span> <span class='ocrx_word' id='word_1_259' title='bbox 1485 3459 1542 3505; x_wconf 90' lang='lat' dir='ltr'><strong>et</strong></span> <span class='ocrx_word' id='word_1_260' title='bbox 1556 3450 1788 3505; x_wconf 67' lang='lat' dir='ltr'><strong>diversae</strong></span> <span class='ocrx_word' id='word_1_261' title='bbox 1814 3450 2159 3514; x_wconf 67' lang='lat' dir='ltr'><strong>substantiae,</strong></span> 
     </span>
    </p>
   </div>
   <div class='ocr_carea' id='block_1_38' title="bbox 587 3542 2164 3613">
    <p class='ocr_par' dir='ltr' id='par_1_38' title="bbox 587 3542 2164 3613">
     <span class='ocr_line' id='line_1_38' title="bbox 587 3542 2164 3613; baseline -0.001 -14"><span class='ocrx_word' id='word_1_262' title='bbox 587 3552 644 3599; x_wconf 84' lang='lat' dir='ltr'><strong>et</strong></span> <span class='ocrx_word' id='word_1_263' title='bbox 673 3542 726 3599; x_wconf 91' lang='lat' dir='ltr'><strong>in</strong></span> <span class='ocrx_word' id='word_1_264' title='bbox 759 3553 942 3613; x_wconf 84' lang='lat' dir='ltr'><strong>partes</strong></span> <span class='ocrx_word' id='word_1_265' title='bbox 971 3543 1364 3613; x_wconf 80' lang='lat' dir='ltr'><strong>complentium</strong></span> <span class='ocrx_word' id='word_1_266' title='bbox 1389 3543 1521 3612; x_wconf 87' lang='lat' dir='ltr'><strong>ipsis</strong></span> <span class='ocrx_word' id='word_1_267' title='bbox 1544 3558 1706 3598; x_wconf 88' lang='lat' dir='ltr'><strong>unam</strong></span> <span class='ocrx_word' id='word_1_268' title='bbox 1728 3550 1981 3597; x_wconf 87' lang='lat' dir='ltr'><strong>naturam</strong></span> <span class='ocrx_word' id='word_1_269' title='bbox 2010 3556 2164 3597; x_wconf 87' lang='lat' dir='ltr'><strong>com-</strong></span> 
     </span>
    </p>
   </div>
   <div class='ocr_carea' id='block_1_39' title="bbox 590 3634 2165 3713">
    <p class='ocr_par' dir='ltr' id='par_1_39' title="bbox 590 3634 2165 3713">
     <span class='ocr_line' id='line_1_39' title="bbox 590 3634 2165 3713; baseline -0.001 -23"><span class='ocrx_word' id='word_1_270' title='bbox 590 3636 846 3713; x_wconf 84' lang='lat' dir='ltr'><strong>positam.</strong></span> <span class='ocrx_word' id='word_1_271' title='bbox 885 3636 983 3692; x_wconf 88' lang='lat' dir='ltr'><strong>Est</strong></span> <span class='ocrx_word' id='word_1_272' title='bbox 1036 3644 1218 3691; x_wconf 84' lang='lat' dir='ltr'><strong>antem</strong></span> <span class='ocrx_word' id='word_1_273' title='bbox 1266 3634 1569 3705; x_wconf 79' lang='lat' dir='ltr'><strong>impietatis</strong></span> <span class='ocrx_word' id='word_1_274' title='bbox 1620 3634 1975 3705; x_wconf 77' lang='lat' dir='ltr'><strong>Apollinarii,</strong></span> <span class='ocrx_word' id='word_1_275' title='bbox 2002 3645 2059 3689; x_wconf 88' lang='lat' dir='ltr'><strong>et</strong></span> <span class='ocrx_word' id='word_1_276' title='bbox 2081 3634 2165 3689; x_wconf 87' lang='lat' dir='ltr'><strong>in-</strong></span> 
     </span>
    </p>
   </div>
   <div class='ocr_carea' id='block_1_40' title="bbox 589 3724 2163 3800">
    <p class='ocr_par' dir='ltr' id='par_1_40' title="bbox 589 3724 2163 3800">
     <span class='ocr_line' id='line_1_40' title="bbox 589 3724 2163 3800; baseline -0.005 -9"><span class='ocrx_word' id='word_1_277' title='bbox 589 3736 759 3791; x_wconf 73' lang='lat' dir='ltr'><strong>sania:</strong></span> <span class='ocrx_word' id='word_1_278' title='bbox 785 3732 899 3788; x_wconf 80' lang='lat' dir='ltr'><strong>Arii</strong></span> <span class='ocrx_word' id='word_1_279' title='bbox 938 3744 1140 3800; x_wconf 77' lang='lat' dir='ltr'><strong>negare</strong></span> <span class='ocrx_word' id='word_1_280' title='bbox 1175 3729 1478 3800; x_wconf 79' lang='lat' dir='ltr'><strong>perfectum</strong></span> <span class='ocrx_word' id='word_1_281' title='bbox 1528 3729 1582 3784; x_wconf 91' lang='lat' dir='ltr'><strong>in</strong></span> <span class='ocrx_word' id='word_1_282' title='bbox 1613 3728 1901 3783; x_wconf 76' lang='lat' dir='ltr'><strong>divinitate</strong></span> <span class='ocrx_word' id='word_1_283' title='bbox 1934 3724 2163 3793; x_wconf 87' lang='lat' dir='ltr'><strong>Christi,</strong></span> 
     </span>
    </p>
   </div>
   <div class='ocr_carea' id='block_1_41' title="bbox 590 3826 1281 3896">
    <p class='ocr_par' dir='ltr' id='par_1_41' title="bbox 590 3826 1281 3896">
     <span class='ocr_line' id='line_1_41' title="bbox 590 3826 1281 3896; baseline 0.003 -15"><span class='ocrx_word' id='word_1_284' title='bbox 590 3836 646 3891; x_wconf 81' lang='lat' dir='ltr'><strong>et</strong></span> <span class='ocrx_word' id='word_1_285' title='bbox 678 3827 731 3881; x_wconf 92' lang='lat' dir='ltr'><strong>in</strong></span> <span class='ocrx_word' id='word_1_286' title='bbox 767 3826 1110 3885; x_wconf 81' lang='lat' dir='ltr'><strong>humanitate</strong></span> <span class='ocrx_word' id='word_1_287' title='bbox 1141 3826 1281 3896; x_wconf 83' lang='lat' dir='ltr'><strong>ejus.</strong></span> 
     </span>
    </p>
   </div>
   <div class='ocr_carea' id='block_1_42' title="bbox 662 4000 2163 4070">
    <p class='ocr_par' dir='ltr' id='par_1_42' title="bbox 662 4000 2163 4070">
     <span class='ocr_line' id='line_1_42' title="bbox 662 4000 2163 4070; baseline -0.003 -11"><span class='ocrx_word' id='word_1_288' title='bbox 662 4003 779 4062; x_wconf 77' lang='lat' dir='ltr'><strong>XX.</strong></span> <span class='ocrx_word' id='word_1_289' title='bbox 808 4001 864 4059; x_wconf 87' lang='lat' dir='ltr'><strong>Si</strong></span> <span class='ocrx_word' id='word_1_290' title='bbox 894 4004 1060 4070; x_wconf 84' lang='lat' dir='ltr'><strong>Deus,</strong></span> <span class='ocrx_word' id='word_1_291' title='bbox 1095 4012 1151 4058; x_wconf 90' lang='lat' dir='ltr'><strong>et</strong></span> <span class='ocrx_word' id='word_1_292' title='bbox 1198 4003 1385 4069; x_wconf 88' lang='lat' dir='ltr'><strong>homo,</strong></span> <span class='ocrx_word' id='word_1_293' title='bbox 1426 4003 1593 4058; x_wconf 82' lang='lat' dir='ltr'><strong>etiam</strong></span> <span class='ocrx_word' id='word_1_294' title='bbox 1628 4000 1944 4063; x_wconf 84' lang='lat' dir='ltr'><strong>secundum</strong></span> <span class='ocrx_word' id='word_1_295' title='bbox 1994 4000 2163 4070; x_wconf 85' lang='lat' dir='ltr'><strong>ipsos,</strong></span> 
     </span>
    </p>
   </div>
   <div class='ocr_carea' id='block_1_43' title="bbox 591 4090 2165 4166">
    <p class='ocr_par' dir='ltr' id='par_1_43' title="bbox 591 4090 2165 4166">
     <span class='ocr_line' id='line_1_43' title="bbox 591 4090 2165 4166; baseline -0.004 -17"><span class='ocrx_word' id='word_1_296' title='bbox 591 4113 737 4153; x_wconf 81' lang='lat' dir='ltr'><strong>unus</strong></span> <span class='ocrx_word' id='word_1_297' title='bbox 759 4096 1013 4152; x_wconf 86' lang='lat' dir='ltr'><strong>Christus</strong></span> <span class='ocrx_word' id='word_1_298' title='bbox 1046 4096 1212 4151; x_wconf 87' lang='lat' dir='ltr'><strong>etiam</strong></span> <span class='ocrx_word' id='word_1_299' title='bbox 1242 4104 1368 4166; x_wconf 88' lang='lat' dir='ltr'><strong>post</strong></span> <span class='ocrx_word' id='word_1_300' title='bbox 1403 4095 1663 4148; x_wconf 91' lang='lat' dir='ltr'><strong>unionem</strong></span> <span class='ocrx_word' id='word_1_301' title='bbox 1710 4090 1937 4153; x_wconf 84' lang='lat' dir='ltr'><strong>dicitur,</strong></span> <span class='ocrx_word' id='word_1_302' title='bbox 1968 4099 2165 4158; x_wconf 87' lang='lat' dir='ltr'><strong>natura</strong></span> 
     </span>
    </p>
   </div>
   <div class='ocr_carea' id='block_1_44' title="bbox 591 4176 2169 4257">
    <p class='ocr_par' dir='ltr' id='par_1_44' title="bbox 591 4176 2169 4257">
     <span class='ocr_line' id='line_1_44' title="bbox 591 4176 2169 4257; baseline -0.005 -15"><span class='ocrx_word' id='word_1_303' title='bbox 591 4204 725 4243; x_wconf 71' lang='lat' dir='ltr'><strong>vero</strong></span> <span class='ocrx_word' id='word_1_304' title='bbox 762 4197 1085 4256; x_wconf 71' lang='lat' dir='ltr'><strong>utrumque;</strong></span> <span class='ocrx_word' id='word_1_305' title='bbox 1123 4184 1401 4257; x_wconf 88' lang='lat' dir='ltr'><strong>quomodo</strong></span> <span class='ocrx_word' id='word_1_306' title='bbox 1446 4201 1557 4239; x_wconf 90' lang='lat' dir='ltr'><strong>non</strong></span> <span class='ocrx_word' id='word_1_307' title='bbox 1601 4180 1722 4239; x_wconf 77' lang='lat' dir='ltr'><strong>duze</strong></span> <span class='ocrx_word' id='word_1_308' title='bbox 1764 4176 1975 4237; x_wconf 67' lang='lat' dir='ltr'><strong>naturir</strong></span> <span class='ocrx_word' id='word_1_309' title='bbox 2024 4190 2169 4235; x_wconf 86' lang='lat' dir='ltr'><strong>unus</strong></span> 
     </span>
    </p>
   </div>
   <div class='ocr_carea' id='block_1_45' title="bbox 590 4276 2171 4349">
    <p class='ocr_par' dir='ltr' id='par_1_45' title="bbox 590 4276 2171 4349">
     <span class='ocr_line' id='line_1_45' title="bbox 590 4276 2171 4349; baseline -0.005 -13"><span class='ocrx_word' id='word_1_310' title='bbox 590 4281 846 4337; x_wconf 87' lang='lat' dir='ltr'><strong>Christus</strong></span> <span class='ocrx_word' id='word_1_311' title='bbox 894 4290 1017 4349; x_wconf 86' lang='lat' dir='ltr'><strong>post</strong></span> <span class='ocrx_word' id='word_1_312' title='bbox 1052 4278 1357 4333; x_wconf 83' lang='lat' dir='ltr'><strong>unionem?</strong></span> <span class='ocrx_word' id='word_1_313' title='bbox 1387 4276 1672 4346; x_wconf 87' lang='lat' dir='ltr'><strong>Siquidem</strong></span> <span class='ocrx_word' id='word_1_314' title='bbox 1714 4289 1994 4343; x_wconf 85' lang='lat' dir='ltr'><strong>nunquam</strong></span> <span class='ocrx_word' id='word_1_315' title='bbox 2037 4284 2171 4329; x_wconf 89' lang='lat' dir='ltr'><strong>sunt</strong></span> 
     </span>
    </p>
   </div>
   <div class='ocr_carea' id='block_1_46' title="bbox 595 4367 2201 4438">
    <p class='ocr_par' dir='ltr' id='par_1_46' title="bbox 595 4367 2201 4438">
     <span class='ocr_line' id='line_1_46' title="bbox 595 4367 2201 4438; baseline -0.002 -13"><span class='ocrx_word' id='word_1_316' title='bbox 595 4372 738 4425; x_wconf 89' lang='lat' dir='ltr'><strong>idem</strong></span> <span class='ocrx_word' id='word_1_317' title='bbox 783 4379 980 4426; x_wconf 85' lang='lat' dir='ltr'><strong>natura</strong></span> <span class='ocrx_word' id='word_1_318' title='bbox 1014 4371 1158 4425; x_wconf 88' lang='lat' dir='ltr'><strong>Deus</strong></span> <span class='ocrx_word' id='word_1_319' title='bbox 1190 4379 1246 4425; x_wconf 89' lang='lat' dir='ltr'><strong>et</strong></span> <span class='ocrx_word' id='word_1_320' title='bbox 1280 4370 1445 4423; x_wconf 89' lang='lat' dir='ltr'><strong>homo</strong></span> <span class='ocrx_word' id='word_1_321' title='bbox 1473 4387 1486 4423; x_wconf 89' lang='lat'><strong>:</strong></span> <span class='ocrx_word' id='word_1_322' title='bbox 1521 4383 1698 4438; x_wconf 91' lang='lat' dir='ltr'><strong>neque</strong></span> <span class='ocrx_word' id='word_1_323' title='bbox 1734 4367 1928 4423; x_wconf 83' lang='lat' dir='ltr'><strong>eadem</strong></span> <span class='ocrx_word' id='word_1_324' title='bbox 1972 4377 2168 4422; x_wconf 87' lang='lat' dir='ltr'><strong>natura</strong></span> <span class='ocrx_word' id='word_1_325' title='bbox 2198 4392 2201 4395; x_wconf 55' lang='grc' dir='ltr'><strong>π</strong></span> 
     </span>
    </p>
   </div>
   <div class='ocr_carea' id='block_1_47' title="bbox 594 4457 2113 4539">
    <p class='ocr_par' dir='ltr' id='par_1_47' title="bbox 594 4457 2113 4539">
     <span class='ocr_line' id='line_1_47' title="bbox 594 4457 2113 4539; baseline -0.007 -19"><span class='ocrx_word' id='word_1_326' title='bbox 594 4480 991 4539; x_wconf 61' lang='lat' dir='ltr'><strong>unquatn,_qua</strong></span> <span class='ocrx_word' id='word_1_327' title='bbox 1021 4463 1245 4533; x_wconf 88' lang='lat' dir='ltr'><strong>quidem</strong></span> <span class='ocrx_word' id='word_1_328' title='bbox 1275 4471 1361 4519; x_wconf 84' lang='lat' dir='ltr'><strong>est</strong></span> <span class='ocrx_word' id='word_1_329' title='bbox 1390 4462 1555 4524; x_wconf 82' lang='lat' dir='ltr'><strong>Deus,</strong></span> <span class='ocrx_word' id='word_1_330' title='bbox 1588 4461 1691 4515; x_wconf 85' lang='lat' dir='ltr'><strong>hac</strong></span> <span class='ocrx_word' id='word_1_331' title='bbox 1718 4467 1802 4514; x_wconf 88' lang='lat' dir='ltr'><strong>est</strong></span> <span class='ocrx_word' id='word_1_332' title='bbox 1835 4466 1891 4512; x_wconf 87' lang='lat' dir='ltr'><strong>et</strong></span> <span class='ocrx_word' id='word_1_333' title='bbox 1926 4457 2113 4512; x_wconf 89' lang='lat' dir='ltr'><strong>homo.</strong></span> 
     </span>
    </p>
   </div>
   <div class='ocr_carea' id='block_1_48' title="bbox 2257 614 3834 693">
    <p class='ocr_par' dir='ltr' id='par_1_48' title="bbox 2257 614 3834 693">
     <span class='ocr_line' id='line_1_48' title="bbox 2257 614 3834 693; baseline 0.002 -23"><span class='ocrx_word' id='word_1_334' title='bbox 2257 636 2341 672; x_wconf 90' lang='grc' dir='ltr'><strong>σιν</strong></span> <span class='ocrx_word' id='word_1_335' title='bbox 2366 636 2379 650; x_wconf 79' lang='grc'><strong>⁸</strong></span> <span class='ocrx_word' id='word_1_336' title='bbox 2403 614 2512 673; x_wconf 66' lang='grc' dir='ltr'>οἷον</span> <span class='ocrx_word' id='word_1_337' title='bbox 2548 623 2615 692; x_wconf 75' lang='grc' dir='ltr'><strong>τῇ</strong></span> <span class='ocrx_word' id='word_1_338' title='bbox 2654 621 2888 693; x_wconf 83' lang='grc' dir='ltr'><strong>λεγούσῃ</strong></span> <span class='ocrx_word' id='word_1_339' title='bbox 2916 622 3224 691; x_wconf 79' lang='grc' dir='ltr'><strong>καταφάσει</strong></span> <span class='ocrx_word' id='word_1_340' title='bbox 3276 619 3487 683; x_wconf 83' lang='grc' dir='ltr'>Παῦλος</span> <span class='ocrx_word' id='word_1_341' title='bbox 3512 621 3834 685; x_wconf 79' lang='grc' dir='ltr'><strong>ἀπόστολος,</strong></span> 
     </span>
    </p>
   </div>
   <div class='ocr_carea' id='block_1_49' title="bbox 2255 712 3836 783">
    <p class='ocr_par' dir='ltr' id='par_1_49' title="bbox 2255 712 3836 783">
     <span class='ocr_line' id='line_1_49' title="bbox 2255 712 3836 783; baseline 0.002 -20"><span class='ocrx_word' id='word_1_342' title='bbox 2255 714 2287 780; x_wconf 80' lang='grc' dir='ltr'>ἡ</span> <span class='ocrx_word' id='word_1_343' title='bbox 2321 712 2552 779; x_wconf 79' lang='grc' dir='ltr'><strong>λέγουσα</strong></span> <span class='ocrx_word' id='word_1_344' title='bbox 2578 713 2857 783; x_wconf 79' lang='grc' dir='ltr'>ἀπόφασις</span> <span class='ocrx_word' id='word_1_345' title='bbox 2908 714 3119 777; x_wconf 83' lang='grc' dir='ltr'>Παῦλος</span> <span class='ocrx_word' id='word_1_346' title='bbox 3148 713 3448 775; x_wconf 76' lang='grc' dir='ltr'>ἀπόστολος</span> <span class='ocrx_word' id='word_1_347' title='bbox 3500 714 3599 765; x_wconf 85' lang='grc' dir='ltr'>οὐκ</span> <span class='ocrx_word' id='word_1_348' title='bbox 3646 713 3794 766; x_wconf 77' lang='grc' dir='ltr'>ἔστιν</span> <span class='ocrx_word' id='word_1_349' title='bbox 3819 730 3836 744; x_wconf 74' lang='grc' dir='ltr'><strong>ο</strong></span> 
     </span>
    </p>
   </div>
   <div class='ocr_carea' id='block_1_50' title="bbox 2254 801 3842 874">
    <p class='ocr_par' dir='ltr' id='par_1_50' title="bbox 2254 801 3842 874">
     <span class='ocr_line' id='line_1_50' title="bbox 2254 801 3842 874; baseline 0.002 -21"><span class='ocrx_word' id='word_1_350' title='bbox 2254 801 2428 865; x_wconf 74' lang='grc' dir='ltr'>οὕτως</span> <span class='ocrx_word' id='word_1_351' title='bbox 2458 802 2513 854; x_wconf 72' lang='grc' dir='ltr'><strong>δὲ</strong></span> <span class='ocrx_word' id='word_1_352' title='bbox 2538 804 2635 856; x_wconf 78' lang='grc' dir='ltr'>καὶ</span> <span class='ocrx_word' id='word_1_353' title='bbox 2655 805 2775 866; x_wconf 79' lang='grc' dir='ltr'>ταῖς</span> <span class='ocrx_word' id='word_1_354' title='bbox 2813 805 2907 858; x_wconf 84' lang='grc' dir='ltr'><strong>δύο</strong></span> <span class='ocrx_word' id='word_1_355' title='bbox 2949 805 3178 874; x_wconf 81' lang='grc' dir='ltr'>φύσεσιν</span> <span class='ocrx_word' id='word_1_356' title='bbox 3217 806 3250 874; x_wconf 73' lang='grc' dir='ltr'><strong>ἡ</strong></span> <span class='ocrx_word' id='word_1_357' title='bbox 3298 803 3395 874; x_wconf 85' lang='grc' dir='ltr'><strong>μία</strong></span> <span class='ocrx_word' id='word_1_358' title='bbox 3423 803 3584 872; x_wconf 80' lang='grc' dir='ltr'>φύσις</span> <span class='ocrx_word' id='word_1_359' title='bbox 3599 804 3842 857; x_wconf 83' lang='grc' dir='ltr'>ἀντίκει-</span> 
     </span>
    </p>
   </div>
   <div class='ocr_carea' id='block_1_51' title="bbox 2254 891 3841 963">
    <p class='ocr_par' dir='ltr' id='par_1_51' title="bbox 2254 891 3841 963">
     <span class='ocr_line' id='line_1_51' title="bbox 2254 891 3841 963; baseline 0.003 -22"><span class='ocrx_word' id='word_1_360' title='bbox 2254 907 2364 943; x_wconf 73' lang='grc' dir='ltr'>ται.</span> <span class='ocrx_word' id='word_1_361' title='bbox 2396 892 2457 943; x_wconf 85' lang='grc' dir='ltr'><strong>Εἰ</strong></span> <span class='ocrx_word' id='word_1_362' title='bbox 2487 891 2595 962; x_wconf 79' lang='grc' dir='ltr'>γὰρ</span> <span class='ocrx_word' id='word_1_363' title='bbox 2624 891 2723 962; x_wconf 84' lang='grc' dir='ltr'><strong>μία</strong></span> <span class='ocrx_word' id='word_1_364' title='bbox 2753 893 2917 961; x_wconf 89' lang='grc' dir='ltr'>φύσις</span> <span class='ocrx_word' id='word_1_365' title='bbox 2969 893 3114 947; x_wconf 72' lang='grc' dir='ltr'>ἐστὶν</span> <span class='ocrx_word' id='word_1_366' title='bbox 3143 894 3170 946; x_wconf 84' lang='grc' dir='ltr'><strong>ὁ</strong></span> <span class='ocrx_word' id='word_1_367' title='bbox 3199 894 3455 963; x_wconf 82' lang='grc' dir='ltr'>Χριστὸς,</span> <span class='ocrx_word' id='word_1_368' title='bbox 3480 895 3545 947; x_wconf 79' lang='grc' dir='ltr'><strong>ού</strong></span> <span class='ocrx_word' id='word_1_369' title='bbox 3578 893 3703 947; x_wconf 66' lang='grc' dir='ltr'>δύου</span> <span class='ocrx_word' id='word_1_370' title='bbox 3739 895 3841 947; x_wconf 77' lang='grc' dir='ltr'>καὶ</span> 
     </span>
    </p>
   </div>
   <div class='ocr_carea' id='block_1_52' title="bbox 2256 984 3839 1056">
    <p class='ocr_par' dir='ltr' id='par_1_52' title="bbox 2256 984 3839 1056">
     <span class='ocr_line' id='line_1_52' title="bbox 2256 984 3839 1056; baseline 0.002 -21"><span class='ocrx_word' id='word_1_371' title='bbox 2256 985 2303 1035; x_wconf 83' lang='grc' dir='ltr'><strong>εἰ</strong></span> <span class='ocrx_word' id='word_1_372' title='bbox 2328 984 2442 1051; x_wconf 81' lang='grc' dir='ltr'>δύο,</span> <span class='ocrx_word' id='word_1_373' title='bbox 2470 985 2530 1037; x_wconf 78' lang='grc' dir='ltr'>οὐ</span> <span class='ocrx_word' id='word_1_374' title='bbox 2559 985 2687 1054; x_wconf 75' lang='grc' dir='ltr'>μίασ</span> <span class='ocrx_word' id='word_1_375' title='bbox 2732 988 2781 1038; x_wconf 75' lang='lat' dir='ltr'><strong>si</strong></span> <span class='ocrx_word' id='word_1_376' title='bbox 2806 987 2861 1039; x_wconf 82' lang='grc' dir='ltr'><strong>δὲ</strong></span> <span class='ocrx_word' id='word_1_377' title='bbox 2891 988 3020 1056; x_wconf 86' lang='grc' dir='ltr'>μίαν</span> <span class='ocrx_word' id='word_1_378' title='bbox 3048 985 3323 1054; x_wconf 80' lang='grc' dir='ltr'>λέγοντες,</span> <span class='ocrx_word' id='word_1_379' title='bbox 3359 986 3489 1039; x_wconf 79' lang='grc' dir='ltr'>ἄλλο</span> <span class='ocrx_word' id='word_1_380' title='bbox 3520 1004 3573 1039; x_wconf 88' lang='grc' dir='ltr'><strong>τι</strong></span> <span class='ocrx_word' id='word_1_381' title='bbox 3600 1002 3839 1053; x_wconf 77' lang='grc' dir='ltr'>προστι-</span> 
     </span>
    </p>
   </div>
   <div class='ocr_carea' id='block_1_53' title="bbox 2257 1075 3842 1146">
    <p class='ocr_par' dir='ltr' id='par_1_53' title="bbox 2257 1075 3842 1146">
     <span class='ocr_line' id='line_1_53' title="bbox 2257 1075 3842 1146; baseline 0.001 -19"><span class='ocrx_word' id='word_1_382' title='bbox 2257 1075 2465 1140; x_wconf 81' lang='grc' dir='ltr'>θέασιν,</span> <span class='ocrx_word' id='word_1_383' title='bbox 2495 1077 2678 1131; x_wconf 76' lang='grc' dir='ltr'>οὐκέτι</span> <span class='ocrx_word' id='word_1_384' title='bbox 2712 1078 2896 1144; x_wconf 81' lang='grc' dir='ltr'>αὐτοῖς</span> <span class='ocrx_word' id='word_1_385' title='bbox 2916 1075 3287 1146; x_wconf 83' lang='grc' dir='ltr'>ἀντιφατικῶς</span> <span class='ocrx_word' id='word_1_386' title='bbox 3301 1076 3544 1145; x_wconf 81' lang='grc' dir='ltr'>λέγεται,</span> <span class='ocrx_word' id='word_1_387' title='bbox 3575 1077 3688 1130; x_wconf 83' lang='grc' dir='ltr'>ἀλλ’</span> <span class='ocrx_word' id='word_1_388' title='bbox 3712 1079 3842 1130; x_wconf 78' lang='grc' dir='ltr'><strong>ἑτε-</strong></span> 
     </span>
    </p>
   </div>
   <div class='ocr_carea' id='block_1_54' title="bbox 2261 1150 3843 1237">
    <p class='ocr_par' dir='ltr' id='par_1_54' title="bbox 2261 1167 3843 1237">
     <span class='ocr_line' id='line_1_54' title="bbox 2261 1167 3843 1237; baseline 0 -19"><span class='ocrx_word' id='word_1_389' title='bbox 2261 1167 2419 1237; x_wconf 77' lang='grc' dir='ltr'>ροίως</span> <span class='ocrx_word' id='word_1_390' title='bbox 2471 1168 2611 1222; x_wconf 77' lang='grc' dir='ltr'>κατὰ</span> <span class='ocrx_word' id='word_1_391' title='bbox 2643 1168 3005 1237; x_wconf 73' lang='grc' dir='ltr'>περίφρασιν·</span> <span class='ocrx_word' id='word_1_392' title='bbox 3064 1168 3160 1220; x_wconf 75' lang='grc' dir='ltr'>καὶ</span> <span class='ocrx_word' id='word_1_393' title='bbox 3194 1168 3530 1236; x_wconf 81' lang='grc' dir='ltr'>συνέστηκεν</span> <span class='ocrx_word' id='word_1_394' title='bbox 3569 1168 3751 1228; x_wconf 76' lang='grc' dir='ltr'>αὐτοῖς</span> <span class='ocrx_word' id='word_1_395' title='bbox 3776 1167 3843 1232; x_wconf 76' lang='grc' dir='ltr'><strong>ἐξ</strong></span> 
     </span>
    </p>
   </div>
   <div class='ocr_carea' id='block_1_55' title="bbox 2257 1256 3846 1329">
    <p class='ocr_par' dir='ltr' id='par_1_55' title="bbox 2257 1256 3846 1329">
     <span class='ocr_line' id='line_1_55' title="bbox 2257 1256 3846 1329; baseline 0 -20"><span class='ocrx_word' id='word_1_396' title='bbox 2257 1258 2519 1327; x_wconf 80' lang='grc' dir='ltr'>ὀνόματος</span> <span class='ocrx_word' id='word_1_397' title='bbox 2554 1260 2646 1313; x_wconf 79' lang='grc' dir='ltr'>καὶ</span> <span class='ocrx_word' id='word_1_398' title='bbox 2678 1259 2805 1327; x_wconf 84' lang='grc' dir='ltr'>ὅρου</span> <span class='ocrx_word' id='word_1_399' title='bbox 2859 1259 2892 1329; x_wconf 82' lang='grc' dir='ltr'><strong>ή</strong></span> <span class='ocrx_word' id='word_1_400' title='bbox 2946 1257 3054 1310; x_wconf 84' lang='grc' dir='ltr'>τῶν</span> <span class='ocrx_word' id='word_1_401' title='bbox 3080 1257 3173 1310; x_wconf 88' lang='grc' dir='ltr'><strong>δύο</strong></span> <span class='ocrx_word' id='word_1_402' title='bbox 3202 1256 3416 1324; x_wconf 76' lang='grc' dir='ltr'>φύσεων</span> <span class='ocrx_word' id='word_1_403' title='bbox 3444 1258 3703 1326; x_wconf 75' lang='grc' dir='ltr'>ὁμολογία</span> <span class='ocrx_word' id='word_1_404' title='bbox 3725 1272 3737 1285; x_wconf 90' lang='grc'><strong>·</strong></span> <span class='ocrx_word' id='word_1_405' title='bbox 3770 1258 3846 1309; x_wconf 76' lang='grc' dir='ltr'>ὲκ</span> 
     </span>
    </p>
   </div>
   <div class='ocr_carea' id='block_1_56' title="bbox 2263 1346 3845 1421">
    <p class='ocr_par' dir='ltr' id='par_1_56' title="bbox 2263 1346 3845 1421">
     <span class='ocr_line' id='line_1_56' title="bbox 2263 1346 3845 1421; baseline -0.002 -19"><span class='ocrx_word' id='word_1_406' title='bbox 2263 1350 2361 1419; x_wconf 82' lang='grc' dir='ltr'>μὲν</span> <span class='ocrx_word' id='word_1_407' title='bbox 2385 1350 2652 1420; x_wconf 83' lang='grc' dir='ltr'>ὀνόματος</span> <span class='ocrx_word' id='word_1_408' title='bbox 2671 1353 2771 1421; x_wconf 78' lang='grc' dir='ltr'>τῆς</span> <span class='ocrx_word' id='word_1_409' title='bbox 2803 1349 3017 1419; x_wconf 78' lang='grc' dir='ltr'>φύσεως</span> <span class='ocrx_word' id='word_1_410' title='bbox 3045 1348 3139 1401; x_wconf 89' lang='grc' dir='ltr'><strong>τοῦ</strong></span> <span class='ocrx_word' id='word_1_411' title='bbox 3164 1348 3339 1415; x_wconf 76' lang='grc' dir='ltr'>Λόγου</span> <span class='ocrx_word' id='word_1_412' title='bbox 3358 1364 3371 1377; x_wconf 88' lang='grc'><strong>·</strong></span> <span class='ocrx_word' id='word_1_413' title='bbox 3404 1349 3468 1400; x_wconf 86' lang='grc' dir='ltr'>ὲκ</span> <span class='ocrx_word' id='word_1_414' title='bbox 3498 1348 3554 1400; x_wconf 79' lang='grc' dir='ltr'><strong>δὲ</strong></span> <span class='ocrx_word' id='word_1_415' title='bbox 3582 1350 3710 1417; x_wconf 83' lang='grc' dir='ltr'>ὅρου</span> <span class='ocrx_word' id='word_1_416' title='bbox 3736 1346 3845 1415; x_wconf 73' lang='grc' dir='ltr'>τῆς</span> 
     </span>
    </p>
   </div>
   <div class='ocr_carea' id='block_1_57' title="bbox 2259 1439 3847 1512">
    <p class='ocr_par' dir='ltr' id='par_1_57' title="bbox 2259 1439 3847 1512">
     <span class='ocr_line' id='line_1_57' title="bbox 2259 1439 3847 1512; baseline -0.001 -19"><span class='ocrx_word' id='word_1_417' title='bbox 2259 1440 2619 1512; x_wconf 72' lang='grc' dir='ltr'>ἐψυχωμὲνης</span> <span class='ocrx_word' id='word_1_418' title='bbox 2650 1441 2853 1511; x_wconf 76' lang='grc' dir='ltr'>σαρκδς</span> <span class='ocrx_word' id='word_1_419' title='bbox 2898 1440 3043 1510; x_wconf 79' lang='grc' dir='ltr'>ψυχῇ</span> <span class='ocrx_word' id='word_1_420' title='bbox 3097 1442 3290 1510; x_wconf 79' lang='grc' dir='ltr'>λογικῇ</span> <span class='ocrx_word' id='word_1_421' title='bbox 3324 1440 3420 1493; x_wconf 69' lang='grc' dir='ltr'>καὶ</span> <span class='ocrx_word' id='word_1_422' title='bbox 3472 1441 3635 1510; x_wconf 82' lang='grc' dir='ltr'>νοερᾷ</span> <span class='ocrx_word' id='word_1_423' title='bbox 3660 1455 3674 1469; x_wconf 76' lang='grc' dir='ltr'><strong><em>ο</em></strong></span> <span class='ocrx_word' id='word_1_424' title='bbox 3711 1439 3847 1508; x_wconf 79' lang='grc' dir='ltr'>ὅρος</span> 
     </span>
    </p>
   </div>
   <div class='ocr_carea' id='block_1_58' title="bbox 2259 1526 3848 1603">
    <p class='ocr_par' dir='ltr' id='par_1_58' title="bbox 2259 1526 3848 1603">
     <span class='ocr_line' id='line_1_58' title="bbox 2259 1526 3848 1603; baseline -0.004 -17"><span class='ocrx_word' id='word_1_425' title='bbox 2259 1533 2369 1603; x_wconf 78' lang='grc' dir='ltr'><strong>γὰρ</strong></span> <span class='ocrx_word' id='word_1_426' title='bbox 2392 1532 2743 1602; x_wconf 79' lang='grc' dir='ltr'><strong>ἀνθρωπίνης</strong></span> <span class='ocrx_word' id='word_1_427' title='bbox 2772 1532 2987 1600; x_wconf 83' lang='grc' dir='ltr'>φύσεως</span> <span class='ocrx_word' id='word_1_428' title='bbox 3012 1526 3195 1595; x_wconf 69' lang='grc' dir='ltr'>οὗτος·</span> <span class='ocrx_word' id='word_1_429' title='bbox 3234 1531 3351 1593; x_wconf 85' lang='grc' dir='ltr'><strong>πῶς</strong></span> <span class='ocrx_word' id='word_1_430' title='bbox 3370 1530 3556 1583; x_wconf 77' lang='grc' dir='ltr'>τοίνυν</span> <span class='ocrx_word' id='word_1_431' title='bbox 3582 1532 3672 1583; x_wconf 81' lang='grc' dir='ltr'>τὸν</span> <span class='ocrx_word' id='word_1_432' title='bbox 3712 1531 3848 1598; x_wconf 84' lang='grc' dir='ltr'>ὅρον</span> 
     </span>
    </p>
   </div>
   <div class='ocr_carea' id='block_1_59' title="bbox 2259 1618 3848 1696">
    <p class='ocr_par' dir='ltr' id='par_1_59' title="bbox 2259 1618 3848 1696">
     <span class='ocr_line' id='line_1_59' title="bbox 2259 1618 3848 1696; baseline -0.003 -20"><span class='ocrx_word' id='word_1_433' title='bbox 2259 1625 2359 1696; x_wconf 83' lang='grc' dir='ltr'>τῆς</span> <span class='ocrx_word' id='word_1_434' title='bbox 2388 1624 2601 1693; x_wconf 86' lang='grc' dir='ltr'>φύσεως</span> <span class='ocrx_word' id='word_1_435' title='bbox 2649 1624 2917 1692; x_wconf 78' lang='grc' dir='ltr'>λέγοντες,</span> <span class='ocrx_word' id='word_1_436' title='bbox 2948 1618 3045 1693; x_wconf 78' lang='grc' dir='ltr'>τὴν</span> <span class='ocrx_word' id='word_1_437' title='bbox 3070 1622 3261 1693; x_wconf 76' lang='grc' dir='ltr'>κλῆσιν</span> <span class='ocrx_word' id='word_1_438' title='bbox 3307 1621 3477 1691; x_wconf 82' lang='grc' dir='ltr'>αὐτῆς</span> <span class='ocrx_word' id='word_1_439' title='bbox 3507 1619 3848 1692; x_wconf 79' lang='grc' dir='ltr'>παραιτοῦν-</span> 
     </span>
    </p>
   </div>
   <div class='ocr_carea' id='block_1_60' title="bbox 2261 1712 3848 1787">
    <p class='ocr_par' dir='ltr' id='par_1_60' title="bbox 2261 1712 3848 1787">
     <span class='ocr_line' id='line_1_60' title="bbox 2261 1712 3848 1787; baseline -0.006 -14"><span class='ocrx_word' id='word_1_440' title='bbox 2261 1730 2381 1785; x_wconf 65' lang='lat' dir='ltr'><strong>me;</strong></span> <span class='ocrx_word' id='word_1_441' title='bbox 2434 1718 2743 1787; x_wconf 76' lang='grc' dir='ltr'>λεγέτωσαν</span> <span class='ocrx_word' id='word_1_442' title='bbox 2771 1719 2819 1770; x_wconf 77' lang='lat' dir='ltr'><strong>oi</strong></span> <span class='ocrx_word' id='word_1_443' title='bbox 2855 1717 2988 1787; x_wconf 80' lang='grc' dir='ltr'><strong>μηδὲ</strong></span> <span class='ocrx_word' id='word_1_444' title='bbox 3023 1716 3093 1769; x_wconf 80' lang='grc' dir='ltr'><strong>τὰ</strong></span> <span class='ocrx_word' id='word_1_445' title='bbox 3120 1717 3473 1787; x_wconf 82' lang='grc' dir='ltr'>συμφέροντα</span> <span class='ocrx_word' id='word_1_446' title='bbox 3501 1714 3717 1776; x_wconf 75' lang='grc' dir='ltr'>ἑαυτοῖς</span> <span class='ocrx_word' id='word_1_447' title='bbox 3742 1712 3848 1764; x_wconf 70' lang='grc' dir='ltr'>καὶ</span> 
     </span>
    </p>
   </div>
   <div class='ocr_carea' id='block_1_61' title="bbox 2261 1802 3258 1883">
    <p class='ocr_par' dir='ltr' id='par_1_61' title="bbox 2261 1802 3258 1883">
     <span class='ocr_line' id='line_1_61' title="bbox 2261 1802 3258 1883; baseline -0.002 -17"><span class='ocrx_word' id='word_1_448' title='bbox 2261 1811 2329 1866; x_wconf 78' lang='grc' dir='ltr'>τὰ</span> <span class='ocrx_word' id='word_1_449' title='bbox 2360 1802 2645 1883; x_wconf 71' lang='grc' dir='ltr'>μαχόμενα</span> <span class='ocrx_word' id='word_1_450' title='bbox 2680 1812 2915 1883; x_wconf 84' lang='grc' dir='ltr'>συνορᾷν</span> <span class='ocrx_word' id='word_1_451' title='bbox 2939 1809 3258 1883; x_wconf 78' lang='grc' dir='ltr'>δυνάμενοι.ι</span> 
     </span>
    </p>
   </div>
   <div class='ocr_carea' id='block_1_62' title="bbox 2332 2073 3847 2148">
    <p class='ocr_par' dir='ltr' id='par_1_62' title="bbox 2332 2073 3847 2148">
     <span class='ocr_line' id='line_1_62' title="bbox 2332 2073 3847 2148; baseline -0.003 -17"><span class='ocrx_word' id='word_1_452' title='bbox 2332 2076 2435 2131; x_wconf 83' lang='grc' dir='ltr'><strong>ΙΘ¹.</strong></span> <span class='ocrx_word' id='word_1_453' title='bbox 2477 2078 2541 2131; x_wconf 83' lang='grc' dir='ltr'>Ἡ</span> <span class='ocrx_word' id='word_1_454' title='bbox 2566 2076 2713 2148; x_wconf 77' lang='grc' dir='ltr'><strong>ἁπλῆ</strong></span> <span class='ocrx_word' id='word_1_455' title='bbox 2740 2076 2903 2145; x_wconf 84' lang='grc' dir='ltr'>φύσις</span> <span class='ocrx_word' id='word_1_456' title='bbox 2936 2080 3003 2148; x_wconf 83' lang='grc' dir='ltr'>τῇ</span> <span class='ocrx_word' id='word_1_457' title='bbox 3032 2077 3275 2147; x_wconf 74' lang='grc' dir='ltr'>συνθιτῳ</span> <span class='ocrx_word' id='word_1_458' title='bbox 3333 2076 3497 2145; x_wconf 83' lang='grc' dir='ltr'>φύσει</span> <span class='ocrx_word' id='word_1_459' title='bbox 3528 2073 3847 2144; x_wconf 80' lang='grc' dir='ltr'>οὖχόμοού-</span> 
     </span>
    </p>
   </div>
   <div class='ocr_carea' id='block_1_63' title="bbox 2264 2162 3848 2238">
    <p class='ocr_par' dir='ltr' id='par_1_63' title="bbox 2264 2162 3848 2238">
     <span class='ocr_line' id='line_1_63' title="bbox 2264 2162 3848 2238; baseline -0.004 -18"><span class='ocrx_word' id='word_1_460' title='bbox 2264 2184 2408 2231; x_wconf 84' lang='grc' dir='ltr'>σιος·</span> <span class='ocrx_word' id='word_1_461' title='bbox 2456 2169 2505 2221; x_wconf 76' lang='grc' dir='ltr'>εί</span> <span class='ocrx_word' id='word_1_462' title='bbox 2532 2167 2588 2220; x_wconf 76' lang='grc' dir='ltr'><strong>δὲ</strong></span> <span class='ocrx_word' id='word_1_463' title='bbox 2617 2168 2764 2237; x_wconf 80' lang='grc' dir='ltr'><strong>ἁπλῆ</strong></span> <span class='ocrx_word' id='word_1_464' title='bbox 2792 2167 2889 2235; x_wconf 80' lang='grc' dir='ltr'>μὲν</span> <span class='ocrx_word' id='word_1_465' title='bbox 2927 2168 2960 2238; x_wconf 83' lang='grc' dir='ltr'>ἡ</span> <span class='ocrx_word' id='word_1_466' title='bbox 2993 2165 3085 2219; x_wconf 82' lang='grc' dir='ltr'><strong>τοῦ</strong></span> <span class='ocrx_word' id='word_1_467' title='bbox 3117 2165 3334 2235; x_wconf 84' lang='grc' dir='ltr'>Πατρδς</span> <span class='ocrx_word' id='word_1_468' title='bbox 3365 2164 3547 2233; x_wconf 83' lang='grc' dir='ltr'>φύσις,</span> <span class='ocrx_word' id='word_1_469' title='bbox 3586 2162 3848 2224; x_wconf 74' lang='grc' dir='ltr'>σύνθετος</span> 
     </span>
    </p>
   </div>
   <div class='ocr_carea' id='block_1_64' title="bbox 2260 2252 3847 2329">
    <p class='ocr_par' dir='ltr' id='par_1_64' title="bbox 2260 2252 3847 2329">
     <span class='ocr_line' id='line_1_64' title="bbox 2260 2252 3847 2329; baseline -0.005 -16"><span class='ocrx_word' id='word_1_470' title='bbox 2260 2259 2317 2313; x_wconf 79' lang='grc' dir='ltr'><strong>δὲ</strong></span> <span class='ocrx_word' id='word_1_471' title='bbox 2356 2261 2390 2329; x_wconf 78' lang='grc' dir='ltr'><strong>ἡ</strong></span> <span class='ocrx_word' id='word_1_472' title='bbox 2416 2259 2511 2312; x_wconf 82' lang='grc' dir='ltr'><strong>τοῦ</strong></span> <span class='ocrx_word' id='word_1_473' title='bbox 2541 2258 2802 2329; x_wconf 80' lang='grc' dir='ltr'>Χριστοῦ,</span> <span class='ocrx_word' id='word_1_474' title='bbox 2832 2261 2933 2312; x_wconf 78' lang='grc' dir='ltr'>οὐκ</span> <span class='ocrx_word' id='word_1_475' title='bbox 2961 2258 3068 2327; x_wconf 80' lang='grc' dir='ltr'>ἄρα</span> <span class='ocrx_word' id='word_1_476' title='bbox 3091 2257 3381 2328; x_wconf 84' lang='grc' dir='ltr'>ὁμοούσιος</span> <span class='ocrx_word' id='word_1_477' title='bbox 3400 2258 3433 2326; x_wconf 76' lang='grc' dir='ltr'>ἡ</span> <span class='ocrx_word' id='word_1_478' title='bbox 3459 2255 3555 2310; x_wconf 89' lang='grc' dir='ltr'><strong>τοῦ</strong></span> <span class='ocrx_word' id='word_1_479' title='bbox 3598 2252 3847 2324; x_wconf 81' lang='grc' dir='ltr'>Χριστοῦ</span> 
     </span>
    </p>
   </div>
   <div class='ocr_carea' id='block_1_65' title="bbox 2262 2348 3849 2422">
    <p class='ocr_par' dir='ltr' id='par_1_65' title="bbox 2262 2348 3849 2422">
     <span class='ocr_line' id='line_1_65' title="bbox 2262 2348 3849 2422; baseline -0.002 -19"><span class='ocrx_word' id='word_1_480' title='bbox 2262 2350 2423 2419; x_wconf 80' lang='grc' dir='ltr'>φύσις</span> <span class='ocrx_word' id='word_1_481' title='bbox 2450 2353 2517 2422; x_wconf 79' lang='grc' dir='ltr'>τῇ</span> <span class='ocrx_word' id='word_1_482' title='bbox 2550 2350 2712 2419; x_wconf 79' lang='grc' dir='ltr'>φύσει</span> <span class='ocrx_word' id='word_1_483' title='bbox 2733 2351 2830 2403; x_wconf 87' lang='grc' dir='ltr'><strong>τοῦ</strong></span> <span class='ocrx_word' id='word_1_484' title='bbox 2859 2349 3073 2421; x_wconf 80' lang='grc' dir='ltr'>Πατρός</span> <span class='ocrx_word' id='word_1_485' title='bbox 3093 2364 3109 2379; x_wconf 87' lang='grc'>⁶</span> <span class='ocrx_word' id='word_1_486' title='bbox 3150 2349 3287 2403; x_wconf 85' lang='grc' dir='ltr'><strong>ἀλλὰ</strong></span> <span class='ocrx_word' id='word_1_487' title='bbox 3317 2348 3425 2421; x_wconf 81' lang='grc' dir='ltr'>μὴν</span> <span class='ocrx_word' id='word_1_488' title='bbox 3457 2349 3742 2419; x_wconf 85' lang='grc' dir='ltr'>ὁμοούσιον</span> <span class='ocrx_word' id='word_1_489' title='bbox 3761 2349 3849 2417; x_wconf 76' lang='grc' dir='ltr'>τῷ</span> 
     </span>
    </p>
   </div>
   <div class='ocr_carea' id='block_1_66' title="bbox 2263 2440 3850 2512">
    <p class='ocr_par' dir='ltr' id='par_1_66' title="bbox 2263 2440 3850 2512">
     <span class='ocr_line' id='line_1_66' title="bbox 2263 2440 3850 2512; baseline -0.003 -17"><span class='ocrx_word' id='word_1_490' title='bbox 2263 2442 2441 2512; x_wconf 72' lang='grc' dir='ltr'>Πατρὶ</span> <span class='ocrx_word' id='word_1_491' title='bbox 2494 2440 2588 2495; x_wconf 79' lang='grc' dir='ltr'>τὸν</span> <span class='ocrx_word' id='word_1_492' title='bbox 2627 2442 2861 2509; x_wconf 84' lang='grc' dir='ltr'>Χριστὸν</span> <span class='ocrx_word' id='word_1_493' title='bbox 2916 2441 3008 2494; x_wconf 67' lang='grc' dir='ltr'>καὶ</span> <span class='ocrx_word' id='word_1_494' title='bbox 3039 2443 3169 2511; x_wconf 78' lang='grc' dir='ltr'>ἡμῖν</span> <span class='ocrx_word' id='word_1_495' title='bbox 3214 2441 3500 2512; x_wconf 78' lang='grc' dir='ltr'>ὀμοούσιον</span> <span class='ocrx_word' id='word_1_496' title='bbox 3539 2440 3631 2493; x_wconf 80' lang='grc' dir='ltr'>τὸν</span> <span class='ocrx_word' id='word_1_497' title='bbox 3674 2440 3850 2492; x_wconf 77' lang='grc' dir='ltr'>αὑτὸν</span> 
     </span>
    </p>
   </div>
   <div class='ocr_carea' id='block_1_67' title="bbox 2261 2533 3849 2605">
    <p class='ocr_par' dir='ltr' id='par_1_67' title="bbox 2261 2533 3849 2605">
     <span class='ocr_line' id='line_1_67' title="bbox 2261 2533 3849 2605; baseline 0 -19"><span class='ocrx_word' id='word_1_498' title='bbox 2261 2535 2915 2605; x_wconf 51' lang='grc' dir='ltr'>λέγεινμπροσποιοῦνται.</span> <span class='ocrx_word' id='word_1_499' title='bbox 2938 2538 3265 2603; x_wconf 75' lang='grc' dir='ltr'>Λεγέτωσαν</span> <span class='ocrx_word' id='word_1_500' title='bbox 3294 2534 3471 2588; x_wconf 77' lang='grc' dir='ltr'>τοίνυν</span> <span class='ocrx_word' id='word_1_501' title='bbox 3496 2536 3544 2586; x_wconf 73' lang='grc' dir='ltr'><strong>εἰ</strong></span> <span class='ocrx_word' id='word_1_502' title='bbox 3566 2533 3849 2601; x_wconf 79' lang='grc' dir='ltr'>ἐνδέχεται</span> 
     </span>
    </p>
   </div>
   <div class='ocr_carea' id='block_1_68' title="bbox 2261 2620 3851 2695">
    <p class='ocr_par' dir='ltr' id='par_1_68' title="bbox 2261 2620 3851 2695">
     <span class='ocr_line' id='line_1_68' title="bbox 2261 2620 3851 2695; baseline -0.003 -18"><span class='ocrx_word' id='word_1_503' title='bbox 2261 2624 2361 2694; x_wconf 79' lang='grc' dir='ltr'>τὴν</span> <span class='ocrx_word' id='word_1_504' title='bbox 2399 2625 2549 2695; x_wconf 85' lang='grc' dir='ltr'>μίαν,</span> <span class='ocrx_word' id='word_1_505' title='bbox 2580 2626 2655 2688; x_wconf 87' lang='grc' dir='ltr'>ὼς</span> <span class='ocrx_word' id='word_1_506' title='bbox 2694 2624 2847 2677; x_wconf 79' lang='grc' dir='ltr'>αὐτοί</span> <span class='ocrx_word' id='word_1_507' title='bbox 2874 2640 3031 2693; x_wconf 79' lang='grc' dir='ltr'>φασι,</span> <span class='ocrx_word' id='word_1_508' title='bbox 3065 2622 3320 2677; x_wconf 83' lang='grc' dir='ltr'>σύνθετον</span> <span class='ocrx_word' id='word_1_509' title='bbox 3349 2622 3443 2675; x_wconf 89' lang='grc' dir='ltr'><strong>τοῦ</strong></span> <span class='ocrx_word' id='word_1_510' title='bbox 3474 2620 3715 2693; x_wconf 80' lang='grc' dir='ltr'>Χριστοῦ</span> <span class='ocrx_word' id='word_1_511' title='bbox 3740 2623 3851 2690; x_wconf 82' lang='grc' dir='ltr'>φύ-</span> 
     </span>
    </p>
   </div>
   <div class='ocr_carea' id='block_1_69' title="bbox 2264 2697 3849 2786">
    <p class='ocr_par' dir='ltr' id='par_1_69' title="bbox 2264 2697 3849 2786">
     <span class='ocr_line' id='line_1_69' title="bbox 2264 2697 3849 2786; baseline -0.004 -15"><span class='ocrx_word' id='word_1_512' title='bbox 2264 2734 2347 2771; x_wconf 88' lang='grc' dir='ltr'><strong>σιν</strong></span> <span class='ocrx_word' id='word_1_513' title='bbox 2370 2716 2428 2784; x_wconf 77' lang='grc' dir='ltr'><strong>ὲξ</strong></span> <span class='ocrx_word' id='word_1_514' title='bbox 2455 2717 2576 2769; x_wconf 83' lang='grc' dir='ltr'>ὅλου</span> <span class='ocrx_word' id='word_1_515' title='bbox 2596 2716 2675 2786; x_wconf 81' lang='grc' dir='ltr'>τῷ</span> <span class='ocrx_word' id='word_1_516' title='bbox 2702 2716 2878 2784; x_wconf 74' lang='grc' dir='ltr'>Πατρὶ</span> <span class='ocrx_word' id='word_1_517' title='bbox 2900 2714 3208 2784; x_wconf 77' lang='grc' dir='ltr'>ὀμοούσιον,</span> <span class='ocrx_word' id='word_1_518' title='bbox 3241 2697 3488 2783; x_wconf 47' lang='grc' dir='ltr'>καῖ’ὅλην</span> <span class='ocrx_word' id='word_1_519' title='bbox 3518 2714 3682 2767; x_wconf 86' lang='grc' dir='ltr'>πάλιν</span> <span class='ocrx_word' id='word_1_520' title='bbox 3708 2714 3849 2782; x_wconf 64' lang='grc' dir='ltr'>ἡμῖν</span> 
     </span>
    </p>
   </div>
   <div class='ocr_carea' id='block_1_70' title="bbox 2262 2804 3847 2879">
    <p class='ocr_par' dir='ltr' id='par_1_70' title="bbox 2262 2804 3847 2879">
     <span class='ocr_line' id='line_1_70' title="bbox 2262 2804 3847 2879; baseline -0.004 -17"><span class='ocrx_word' id='word_1_521' title='bbox 2262 2809 2569 2879; x_wconf 79' lang='grc' dir='ltr'>ὁμοούσιον,</span> <span class='ocrx_word' id='word_1_522' title='bbox 2601 2810 2696 2861; x_wconf 76' lang='grc' dir='ltr'>καὶ</span> <span class='ocrx_word' id='word_1_523' title='bbox 2725 2811 2772 2861; x_wconf 88' lang='grc' dir='ltr'><strong>εἰ</strong></span> <span class='ocrx_word' id='word_1_524' title='bbox 2817 2807 2893 2877; x_wconf 77' lang='grc' dir='ltr'>μὴ</span> <span class='ocrx_word' id='word_1_525' title='bbox 2938 2808 3019 2870; x_wconf 76' lang='grc' dir='ltr'>είς</span> <span class='ocrx_word' id='word_1_526' title='bbox 3044 2806 3142 2877; x_wconf 78' lang='grc' dir='ltr'>τὴν</span> <span class='ocrx_word' id='word_1_527' title='bbox 3165 2806 3259 2859; x_wconf 80' lang='grc' dir='ltr'><strong>τοῦ</strong></span> <span class='ocrx_word' id='word_1_528' title='bbox 3294 2806 3509 2875; x_wconf 75' lang='grc' dir='ltr'>Πατρδς</span> <span class='ocrx_word' id='word_1_529' title='bbox 3550 2804 3847 2875; x_wconf 79' lang='grc' dir='ltr'>ὁμοουσιό-</span> 
     </span>
    </p>
   </div>
   <div class='ocr_carea' id='block_1_71' title="bbox 2263 2896 3851 2970">
    <p class='ocr_par' dir='ltr' id='par_1_71' title="bbox 2263 2896 3851 2970">
     <span class='ocr_line' id='line_1_71' title="bbox 2263 2896 3851 2970; baseline -0.003 -16"><span class='ocrx_word' id='word_1_530' title='bbox 2263 2917 2421 2970; x_wconf 69' lang='grc' dir='ltr'>τητα,</span> <span class='ocrx_word' id='word_1_531' title='bbox 2446 2899 2602 2954; x_wconf 79' lang='grc' dir='ltr'>τοῦτο</span> <span class='ocrx_word' id='word_1_532' title='bbox 2644 2904 2739 2954; x_wconf 73' lang='grc' dir='ltr'>καὶ</span> <span class='ocrx_word' id='word_1_533' title='bbox 2776 2902 2925 2970; x_wconf 77' lang='grc' dir='ltr'>ἡμᾶς</span> <span class='ocrx_word' id='word_1_534' title='bbox 2957 2898 3243 2970; x_wconf 76' lang='grc' dir='ltr'>ἀναφέρει.</span> <span class='ocrx_word' id='word_1_535' title='bbox 3278 2897 3342 2950; x_wconf 78' lang='lat' dir='ltr'><strong>Et</strong></span> <span class='ocrx_word' id='word_1_536' title='bbox 3392 2897 3449 2951; x_wconf 78' lang='grc' dir='ltr'><strong>δὲ</strong></span> <span class='ocrx_word' id='word_1_537' title='bbox 3500 2897 3711 2965; x_wconf 81' lang='grc' dir='ltr'>λέγοιεν</span> <span class='ocrx_word' id='word_1_538' title='bbox 3767 2896 3851 2967; x_wconf 80' lang='grc' dir='ltr'>μὴ</span> 
     </span>
    </p>
   </div>
   <div class='ocr_carea' id='block_1_72' title="bbox 2265 2986 3851 3061">
    <p class='ocr_par' dir='ltr' id='par_1_72' title="bbox 2265 2986 3851 3061">
     <span class='ocr_line' id='line_1_72' title="bbox 2265 2986 3851 3061; baseline -0.004 -16"><span class='ocrx_word' id='word_1_539' title='bbox 2265 2992 2407 3045; x_wconf 76' lang='grc' dir='ltr'>κατὰ</span> <span class='ocrx_word' id='word_1_540' title='bbox 2442 2992 2501 3045; x_wconf 74' lang='grc' dir='ltr'>τὸ</span> <span class='ocrx_word' id='word_1_541' title='bbox 2548 2991 2669 3045; x_wconf 85' lang='grc' dir='ltr'>ὅλον</span> <span class='ocrx_word' id='word_1_542' title='bbox 2712 2993 2815 3061; x_wconf 72' lang='grc' dir='ltr'>τὴν</span> <span class='ocrx_word' id='word_1_543' title='bbox 2858 2995 2996 3061; x_wconf 82' lang='grc' dir='ltr'>μίαν</span> <span class='ocrx_word' id='word_1_544' title='bbox 3024 2992 3120 3044; x_wconf 88' lang='grc' dir='ltr'><strong>τοῦ</strong></span> <span class='ocrx_word' id='word_1_545' title='bbox 3177 2989 3419 3061; x_wconf 69' lang='grc' dir='ltr'>Χριστοῦ</span> <span class='ocrx_word' id='word_1_546' title='bbox 3480 2988 3641 3058; x_wconf 88' lang='grc' dir='ltr'>φύσιν</span> <span class='ocrx_word' id='word_1_547' title='bbox 3675 2986 3755 3056; x_wconf 81' lang='grc' dir='ltr'>τῷ</span> <span class='ocrx_word' id='word_1_548' title='bbox 3784 3004 3851 3040; x_wconf 80' lang='grc' dir='ltr'>τε</span> 
     </span>
    </p>
   </div>
   <div class='ocr_carea' id='block_1_73' title="bbox 2264 3077 3853 3156">
    <p class='ocr_par' dir='ltr' id='par_1_73' title="bbox 2264 3077 3853 3156">
     <span class='ocr_line' id='line_1_73' title="bbox 2264 3077 3853 3156; baseline -0.007 -16"><span class='ocrx_word' id='word_1_549' title='bbox 2264 3086 2443 3156; x_wconf 71' lang='grc' dir='ltr'>Πατρὶ</span> <span class='ocrx_word' id='word_1_550' title='bbox 2468 3088 2559 3139; x_wconf 73' lang='grc' dir='ltr'>καὶ</span> <span class='ocrx_word' id='word_1_551' title='bbox 2578 3086 2709 3156; x_wconf 73' lang='grc' dir='ltr'>ἡμῖν</span> <span class='ocrx_word' id='word_1_552' title='bbox 2734 3084 3044 3155; x_wconf 82' lang='grc' dir='ltr'>ὁμοούσιον,</span> <span class='ocrx_word' id='word_1_553' title='bbox 3075 3082 3319 3135; x_wconf 81' lang='grc' dir='ltr'>λείπεται</span> <span class='ocrx_word' id='word_1_554' title='bbox 3343 3082 3442 3150; x_wconf 83' lang='grc' dir='ltr'>τῆς</span> <span class='ocrx_word' id='word_1_555' title='bbox 3472 3080 3600 3150; x_wconf 77' lang='grc' dir='ltr'>μιᾶς</span> <span class='ocrx_word' id='word_1_556' title='bbox 3629 3077 3853 3147; x_wconf 81' lang='grc' dir='ltr'>φύσεως</span> 
     </span>
    </p>
   </div>
   <div class='ocr_carea' id='block_1_74' title="bbox 2265 3171 3854 3247">
    <p class='ocr_par' dir='ltr' id='par_1_74' title="bbox 2265 3171 3854 3247">
     <span class='ocr_line' id='line_1_74' title="bbox 2265 3171 3854 3247; baseline -0.006 -17"><span class='ocrx_word' id='word_1_557' title='bbox 2265 3178 2324 3230; x_wconf 83' lang='grc' dir='ltr'>τὸ</span> <span class='ocrx_word' id='word_1_558' title='bbox 2355 3177 2454 3247; x_wconf 77' lang='grc' dir='ltr'>μὲν</span> <span class='ocrx_word' id='word_1_559' title='bbox 2477 3177 2648 3247; x_wconf 71' lang='grc' dir='ltr'>ἥμισυ</span> <span class='ocrx_word' id='word_1_560' title='bbox 2685 3173 2827 3229; x_wconf 76' lang='grc' dir='ltr'>εἶναι</span> <span class='ocrx_word' id='word_1_561' title='bbox 2849 3174 2929 3245; x_wconf 83' lang='grc' dir='ltr'>τῷ</span> <span class='ocrx_word' id='word_1_562' title='bbox 2957 3175 3154 3244; x_wconf 46' lang='grc' dir='ltr'>Πατρὶς</span> <span class='ocrx_word' id='word_1_563' title='bbox 3174 3172 3237 3225; x_wconf 88' lang='grc' dir='ltr'>τδ</span> <span class='ocrx_word' id='word_1_564' title='bbox 3265 3172 3322 3225; x_wconf 77' lang='grc' dir='ltr'><strong>δὲ</strong></span> <span class='ocrx_word' id='word_1_565' title='bbox 3351 3173 3524 3243; x_wconf 71' lang='grc' dir='ltr'>ἥμισυ</span> <span class='ocrx_word' id='word_1_566' title='bbox 3560 3171 3694 3241; x_wconf 76' lang='grc' dir='ltr'>ἡμῖν</span> <span class='ocrx_word' id='word_1_567' title='bbox 3716 3171 3854 3239; x_wconf 61' lang='grc' dir='ltr'>ὁμου</span> 
     </span>
    </p>
   </div>
   <div class='ocr_carea' id='block_1_75' title="bbox 2265 3262 3855 3344">
    <p class='ocr_par' dir='ltr' id='par_1_75' title="bbox 2265 3262 3855 3344">
     <span class='ocr_line' id='line_1_75' title="bbox 2265 3262 3855 3344; baseline -0.006 -21"><span class='ocrx_word' id='word_1_568' title='bbox 2265 3269 2481 3323; x_wconf 74' lang='grc' dir='ltr'>ούσιονσ</span> <span class='ocrx_word' id='word_1_569' title='bbox 2524 3271 2619 3323; x_wconf 76' lang='grc' dir='ltr'>καὶ</span> <span class='ocrx_word' id='word_1_570' title='bbox 2672 3267 2833 3322; x_wconf 85' lang='grc' dir='ltr'>τοῦτο</span> <span class='ocrx_word' id='word_1_571' title='bbox 2861 3268 2913 3321; x_wconf 87' lang='grc' dir='ltr'><strong>τί</strong></span> <span class='ocrx_word' id='word_1_572' title='bbox 2967 3267 3156 3344; x_wconf 70' lang='grc' dir='ltr'>ἔτερόν</span> <span class='ocrx_word' id='word_1_573' title='bbox 3208 3268 3356 3319; x_wconf 78' lang='grc' dir='ltr'>ἐστιν</span> <span class='ocrx_word' id='word_1_574' title='bbox 3407 3265 3439 3335; x_wconf 83' lang='grc' dir='ltr'>ἢ</span> <span class='ocrx_word' id='word_1_575' title='bbox 3484 3262 3725 3335; x_wconf 73' lang='grc' dir='ltr'>μερίζειν</span> <span class='ocrx_word' id='word_1_576' title='bbox 3780 3262 3855 3333; x_wconf 68' lang='grc' dir='ltr'>ἢν</span> 
     </span>
    </p>
   </div>
   <div class='ocr_carea' id='block_1_76' title="bbox 2265 3346 3855 3432">
    <p class='ocr_par' dir='ltr' id='par_1_76' title="bbox 2265 3346 3855 3432">
     <span class='ocr_line' id='line_1_76' title="bbox 2265 3346 3855 3432; baseline -0.004 -17"><span class='ocrx_word' id='word_1_577' title='bbox 2265 3361 2420 3415; x_wconf 78' lang='grc' dir='ltr'>αὐτοὶ</span> <span class='ocrx_word' id='word_1_578' title='bbox 2448 3346 2666 3431; x_wconf 84' lang='grc' dir='ltr'>λέγουσι</span> <span class='ocrx_word' id='word_1_579' title='bbox 2703 3360 2830 3432; x_wconf 83' lang='grc' dir='ltr'>μίαν</span> <span class='ocrx_word' id='word_1_580' title='bbox 2893 3359 3130 3430; x_wconf 87' lang='grc' dir='ltr'>Χριστοῦ</span> <span class='ocrx_word' id='word_1_581' title='bbox 3159 3358 3319 3427; x_wconf 80' lang='grc' dir='ltr'>φύσιν</span> <span class='ocrx_word' id='word_1_582' title='bbox 3353 3357 3434 3422; x_wconf 74' lang='grc' dir='ltr'><strong>εἷς</strong></span> <span class='ocrx_word' id='word_1_583' title='bbox 3461 3374 3521 3410; x_wconf 84' lang='grc' dir='ltr'>τε</span> <span class='ocrx_word' id='word_1_584' title='bbox 3564 3356 3855 3426; x_wconf 83' lang='grc' dir='ltr'>ὁμοουσιό-</span> 
     </span>
    </p>
   </div>
   <div class='ocr_carea' id='block_1_77' title="bbox 2264 3446 3855 3524">
    <p class='ocr_par' dir='ltr' id='par_1_77' title="bbox 2264 3446 3855 3524">
     <span class='ocr_line' id='line_1_77' title="bbox 2264 3446 3855 3524; baseline -0.006 -18"><span class='ocrx_word' id='word_1_585' title='bbox 2264 3469 2422 3524; x_wconf 80' lang='grc' dir='ltr'>τητα,</span> <span class='ocrx_word' id='word_1_586' title='bbox 2482 3453 2577 3505; x_wconf 76' lang='grc' dir='ltr'>καὶ</span> <span class='ocrx_word' id='word_1_587' title='bbox 2626 3454 2707 3516; x_wconf 75' lang='grc' dir='ltr'><strong>εἰς</strong></span> <span class='ocrx_word' id='word_1_588' title='bbox 2763 3450 3234 3522; x_wconf 74' lang='grc' dir='ltr'>ἑτεροουσιότητα.</span> <span class='ocrx_word' id='word_1_589' title='bbox 3293 3449 3392 3503; x_wconf 74' lang='grc' dir='ltr'>καὶ</span> <span class='ocrx_word' id='word_1_590' title='bbox 3446 3451 3527 3509; x_wconf 85' lang='grc' dir='ltr'><strong>εἰς</strong></span> <span class='ocrx_word' id='word_1_591' title='bbox 3590 3446 3729 3519; x_wconf 78' lang='grc' dir='ltr'>πρὸς</span> <span class='ocrx_word' id='word_1_592' title='bbox 3780 3449 3855 3517; x_wconf 79' lang='grc' dir='ltr'>τῇ</span> 
     </span>
    </p>
   </div>
   <div class='ocr_carea' id='block_1_78' title="bbox 2272 3536 3857 3617">
    <p class='ocr_par' dir='ltr' id='par_1_78' title="bbox 2272 3536 3857 3617">
     <span class='ocr_line' id='line_1_78' title="bbox 2272 3536 3857 3617; baseline -0.004 -20"><span class='ocrx_word' id='word_1_593' title='bbox 2272 3545 2437 3617; x_wconf 78' lang='grc' dir='ltr'>μοίρᾳ</span> <span class='ocrx_word' id='word_1_594' title='bbox 2456 3543 2534 3615; x_wconf 74' lang='grc'><strong>(4)</strong></span> <span class='ocrx_word' id='word_1_595' title='bbox 2563 3543 2673 3597; x_wconf 82' lang='grc' dir='ltr'><strong>τῶν</strong></span> <span class='ocrx_word' id='word_1_596' title='bbox 2713 3543 3177 3614; x_wconf 85' lang='grc' dir='ltr'>συμπληρούντων</span> <span class='ocrx_word' id='word_1_597' title='bbox 3209 3543 3395 3605; x_wconf 82' lang='grc' dir='ltr'>αὐτοῖς</span> <span class='ocrx_word' id='word_1_598' title='bbox 3424 3539 3524 3609; x_wconf 80' lang='grc' dir='ltr'><strong>τὴν</strong></span> <span class='ocrx_word' id='word_1_599' title='bbox 3585 3540 3716 3609; x_wconf 84' lang='grc' dir='ltr'>μίαν</span> <span class='ocrx_word' id='word_1_600' title='bbox 3751 3536 3857 3591; x_wconf 77' lang='grc' dir='ltr'><strong>τοῦ</strong></span> 
     </span>
    </p>
   </div>
   <div class='ocr_carea' id='block_1_79' title="bbox 2270 3630 3857 3707">
    <p class='ocr_par' dir='ltr' id='par_1_79' title="bbox 2270 3630 3857 3707">
     <span class='ocr_line' id='line_1_79' title="bbox 2270 3630 3857 3707; baseline -0.003 -16"><span class='ocrx_word' id='word_1_601' title='bbox 2270 3636 2510 3707; x_wconf 85' lang='grc' dir='ltr'>Χριστοῦ</span> <span class='ocrx_word' id='word_1_602' title='bbox 2551 3635 2713 3706; x_wconf 84' lang='grc' dir='ltr'>φύσιν</span> <span class='ocrx_word' id='word_1_603' title='bbox 2742 3637 2841 3707; x_wconf 84' lang='grc' dir='ltr'>τὴν</span> <span class='ocrx_word' id='word_1_604' title='bbox 2888 3636 3174 3689; x_wconf 56' lang='grc' dir='ltr'>σύνθετον</span> <span class='ocrx_word' id='word_1_605' title='bbox 3228 3635 3325 3704; x_wconf 79' lang='grc' dir='ltr'>τῆς</span> <span class='ocrx_word' id='word_1_606' title='bbox 3369 3633 3426 3687; x_wconf 74' lang='grc' dir='ltr'><strong>δὲ</strong></span> <span class='ocrx_word' id='word_1_607' title='bbox 3470 3630 3857 3701; x_wconf 77' lang='grc' dir='ltr'>’Λπολιναρίου</span> 
     </span>
    </p>
   </div>
   <div class='ocr_carea' id='block_1_80' title="bbox 2268 3722 3858 3801">
    <p class='ocr_par' dir='ltr' id='par_1_80' title="bbox 2268 3722 3858 3801">
     <span class='ocr_line' id='line_1_80' title="bbox 2268 3722 3858 3801; baseline -0.005 -18"><span class='ocrx_word' id='word_1_608' title='bbox 2268 3727 2524 3791; x_wconf 75' lang='grc' dir='ltr'>ἀσεϐείας</span> <span class='ocrx_word' id='word_1_609' title='bbox 2553 3727 2770 3801; x_wconf 76' lang='grc' dir='ltr'>καὶτῆς</span> <span class='ocrx_word' id='word_1_610' title='bbox 2819 3727 3031 3800; x_wconf 84' lang='grc' dir='ltr'>Ἀρείου</span> <span class='ocrx_word' id='word_1_611' title='bbox 3091 3726 3375 3797; x_wconf 80' lang='grc' dir='ltr'>ἀρνεῖσθαι</span> <span class='ocrx_word' id='word_1_612' title='bbox 3421 3724 3485 3778; x_wconf 81' lang='grc' dir='ltr'><strong>τὸ</strong></span> <span class='ocrx_word' id='word_1_613' title='bbox 3512 3724 3721 3778; x_wconf 76' lang='grc' dir='ltr'>τέλειον</span> <span class='ocrx_word' id='word_1_614' title='bbox 3748 3722 3858 3793; x_wconf 84' lang='grc' dir='ltr'>τῆς</span> 
     </span>
    </p>
   </div>
   <div class='ocr_carea' id='block_1_81' title="bbox 2271 3814 3860 3904">
    <p class='ocr_par' dir='ltr' id='par_1_81' title="bbox 2271 3814 3860 3904">
     <span class='ocr_line' id='line_1_81' title="bbox 2271 3814 3860 3904; baseline -0.005 -30"><span class='ocrx_word' id='word_1_615' title='bbox 2271 3819 2523 3890; x_wconf 83' lang='grc' dir='ltr'>θεότητος</span> <span class='ocrx_word' id='word_1_616' title='bbox 2552 3819 2645 3874; x_wconf 88' lang='grc' dir='ltr'><strong>τοῦ</strong></span> <span class='ocrx_word' id='word_1_617' title='bbox 2679 3819 2913 3904; x_wconf 75' lang='grc' dir='ltr'>Χριστοῦ</span> <span class='ocrx_word' id='word_1_618' title='bbox 2944 3820 3038 3875; x_wconf 76' lang='grc' dir='ltr'>καὶ</span> <span class='ocrx_word' id='word_1_619' title='bbox 3075 3819 3171 3887; x_wconf 79' lang='grc' dir='ltr'>τῆς</span> <span class='ocrx_word' id='word_1_620' title='bbox 3203 3819 3324 3871; x_wconf 77' lang='grc' dir='ltr'>κατ’</span> <span class='ocrx_word' id='word_1_621' title='bbox 3355 3816 3519 3872; x_wconf 81' lang='grc' dir='ltr'>αὐτὸν</span> <span class='ocrx_word' id='word_1_622' title='bbox 3562 3814 3860 3886; x_wconf 74' lang='grc' dir='ltr'>ἀνθρωπό-</span> 
     </span>
    </p>
   </div>
   <div class='ocr_carea' id='block_1_82' title="bbox 2269 3930 2453 3983">
    <p class='ocr_par' dir='ltr' id='par_1_82' title="bbox 2269 3930 2453 3983">
     <span class='ocr_line' id='line_1_82' title="bbox 2269 3930 2453 3983; baseline -0.011 -16"><span class='ocrx_word' id='word_1_623' title='bbox 2269 3930 2453 3983; x_wconf 82' lang='grc' dir='ltr'>τητος.</span> 
     </span>
    </p>
   </div>
   <div class='ocr_carea' id='block_1_83' title="bbox 2342 4000 3859 4075">
    <p class='ocr_par' dir='ltr' id='par_1_83' title="bbox 2342 4000 3859 4075">
     <span class='ocr_line' id='line_1_83' title="bbox 2342 4000 3859 4075; baseline -0.003 -17"><span class='ocrx_word' id='word_1_624' title='bbox 2342 4005 2425 4058; x_wconf 84' lang='lat' dir='ltr'><strong>K&#39;.</strong></span> <span class='ocrx_word' id='word_1_625' title='bbox 2449 4004 2513 4058; x_wconf 72' lang='lat' dir='ltr'><strong>Et</strong></span> <span class='ocrx_word' id='word_1_626' title='bbox 2535 4003 2666 4068; x_wconf 73' lang='grc' dir='ltr'><strong>Θεὸς</strong></span> <span class='ocrx_word' id='word_1_627' title='bbox 2694 4005 2788 4058; x_wconf 73' lang='grc' dir='ltr'>καὶ</span> <span class='ocrx_word' id='word_1_628' title='bbox 2816 4003 3122 4075; x_wconf 76' lang='grc' dir='ltr'>ἄνθρωπος,</span> <span class='ocrx_word' id='word_1_629' title='bbox 3150 4004 3245 4055; x_wconf 69' lang='grc' dir='ltr'><strong>καὶ</strong></span> <span class='ocrx_word' id='word_1_630' title='bbox 3275 4001 3631 4063; x_wconf 77' lang='grc' dir='ltr'>κατάὑτοῦς,</span> <span class='ocrx_word' id='word_1_631' title='bbox 3655 4000 3684 4053; x_wconf 86' lang='grc' dir='ltr'>ὀ</span> <span class='ocrx_word' id='word_1_632' title='bbox 3711 4001 3859 4069; x_wconf 85' lang='grc' dir='ltr'>Χρι-</span> 
     </span>
    </p>
   </div>
   <div class='ocr_carea' id='block_1_84' title="bbox 2273 4091 3862 4167">
    <p class='ocr_par' dir='ltr' id='par_1_84' title="bbox 2273 4091 3862 4167">
     <span class='ocr_line' id='line_1_84' title="bbox 2273 4091 3862 4167; baseline -0.003 -18"><span class='ocrx_word' id='word_1_633' title='bbox 2273 4097 2396 4160; x_wconf 78' lang='grc' dir='ltr'>στδς</span> <span class='ocrx_word' id='word_1_634' title='bbox 2428 4098 2521 4149; x_wconf 74' lang='grc' dir='ltr'>καὶ</span> <span class='ocrx_word' id='word_1_635' title='bbox 2556 4095 2834 4167; x_wconf 79' lang='grc' dir='ltr'>μετὰ,τὴν</span> <span class='ocrx_word' id='word_1_636' title='bbox 2862 4096 3056 4149; x_wconf 72' lang='grc' dir='ltr'>ἕνωσιν</span> <span class='ocrx_word' id='word_1_637' title='bbox 3096 4094 3314 4159; x_wconf 75' lang='grc' dir='ltr'>λέγεται</span> <span class='ocrx_word' id='word_1_638' title='bbox 3336 4133 3349 4155; x_wconf 84' lang='grc'><strong><em>,</em></strong></span> <span class='ocrx_word' id='word_1_639' title='bbox 3385 4092 3546 4162; x_wconf 82' lang='grc' dir='ltr'>φύσει</span> <span class='ocrx_word' id='word_1_640' title='bbox 3585 4091 3640 4145; x_wconf 75' lang='grc' dir='ltr'><strong>δὲ</strong></span> <span class='ocrx_word' id='word_1_641' title='bbox 3673 4092 3862 4162; x_wconf 73' lang='grc' dir='ltr'>ἀμφόο</span> 
     </span>
    </p>
   </div>
   <div class='ocr_carea' id='block_1_85' title="bbox 2272 4182 3861 4259">
    <p class='ocr_par' dir='ltr' id='par_1_85' title="bbox 2272 4182 3861 4259">
     <span class='ocr_line' id='line_1_85' title="bbox 2272 4182 3861 4259; baseline -0.004 -17"><span class='ocrx_word' id='word_1_642' title='bbox 2272 4206 2425 4259; x_wconf 80' lang='grc' dir='ltr'>τερα,</span> <span class='ocrx_word' id='word_1_643' title='bbox 2463 4188 2695 4251; x_wconf 69' lang='grc' dir='ltr'>πῶς”οιῖ</span> <span class='ocrx_word' id='word_1_644' title='bbox 2728 4187 2821 4240; x_wconf 85' lang='grc' dir='ltr'>δύο</span> <span class='ocrx_word' id='word_1_645' title='bbox 2864 4188 3055 4255; x_wconf 84' lang='grc' dir='ltr'>φύσεις</span> <span class='ocrx_word' id='word_1_646' title='bbox 3084 4189 3111 4239; x_wconf 85' lang='grc' dir='ltr'>ὁ</span> <span class='ocrx_word' id='word_1_647' title='bbox 3154 4183 3410 4252; x_wconf 65' lang='grc' dir='ltr'>Χριστδς.</span> <span class='ocrx_word' id='word_1_648' title='bbox 3448 4183 3541 4236; x_wconf 63' lang='grc' dir='ltr'><strong>καλ⁵</strong></span> <span class='ocrx_word' id='word_1_649' title='bbox 3574 4182 3712 4250; x_wconf 77' lang='grc' dir='ltr'>μετὰ</span> <span class='ocrx_word' id='word_1_650' title='bbox 3754 4183 3861 4250; x_wconf 69' lang='grc' dir='ltr'>τὴν</span> 
     </span>
    </p>
   </div>
   <div class='ocr_carea' id='block_1_86' title="bbox 2273 4273 3864 4351">
    <p class='ocr_par' dir='ltr' id='par_1_86' title="bbox 2273 4273 3864 4351">
     <span class='ocr_line' id='line_1_86' title="bbox 2273 4273 3864 4351; baseline -0.006 -16"><span class='ocrx_word' id='word_1_651' title='bbox 2273 4284 2487 4346; x_wconf 75' lang='grc' dir='ltr'>ἕνωσιν,</span> <span class='ocrx_word' id='word_1_652' title='bbox 2521 4282 2679 4351; x_wconf 83' lang='grc' dir='ltr'>εἴπερ</span> <span class='ocrx_word' id='word_1_653' title='bbox 2711 4281 2847 4350; x_wconf 81' lang='grc' dir='ltr'><strong>μηδὲ</strong></span> <span class='ocrx_word' id='word_1_654' title='bbox 2872 4278 3065 4332; x_wconf 76' lang='grc' dir='ltr'>ταύτὸν</span> <span class='ocrx_word' id='word_1_655' title='bbox 3084 4282 3149 4347; x_wconf 76' lang='grc' dir='ltr'>τῇ</span> <span class='ocrx_word' id='word_1_656' title='bbox 3184 4276 3344 4345; x_wconf 80' lang='grc' dir='ltr'>φύσει</span> <span class='ocrx_word' id='word_1_657' title='bbox 3369 4274 3499 4337; x_wconf 66' lang='grc' dir='ltr'><strong>Θεὸς</strong></span> <span class='ocrx_word' id='word_1_658' title='bbox 3531 4276 3622 4326; x_wconf 68' lang='grc' dir='ltr'>καὶ</span> <span class='ocrx_word' id='word_1_659' title='bbox 3646 4273 3864 4345; x_wconf 77' lang='grc' dir='ltr'>ἀνθρω-</span> 
     </span>
    </p>
   </div>
   <div class='ocr_carea' id='block_1_87' title="bbox 2276 4364 3863 4444">
    <p class='ocr_par' dir='ltr' id='par_1_87' title="bbox 2276 4364 3863 4444">
     <span class='ocr_line' id='line_1_87' title="bbox 2276 4364 3863 4444; baseline -0.007 -18"><span class='ocrx_word' id='word_1_660' title='bbox 2276 4391 2397 4436; x_wconf 83' lang='grc' dir='ltr'>πος.</span> <span class='ocrx_word' id='word_1_661' title='bbox 2433 4372 2569 4443; x_wconf 80' lang='grc' dir='ltr'>μηδὲ</span> <span class='ocrx_word' id='word_1_662' title='bbox 2598 4375 2663 4444; x_wconf 80' lang='grc' dir='ltr'>τῇ</span> <span class='ocrx_word' id='word_1_663' title='bbox 2691 4373 2825 4443; x_wconf 78' lang='grc' dir='ltr'>αὐτῇ</span> <span class='ocrx_word' id='word_1_664' title='bbox 2863 4371 3018 4439; x_wconf 67' lang='grc' dir='ltr'>φύσει</span> <span class='ocrx_word' id='word_1_665' title='bbox 3050 4364 3195 4444; x_wconf 78' lang='grc' dir='ltr'><strong>ᾖπέρ</strong></span> <span class='ocrx_word' id='word_1_666' title='bbox 3221 4369 3335 4420; x_wconf 79' lang='grc' dir='ltr'>ἐστι</span> <span class='ocrx_word' id='word_1_667' title='bbox 3360 4366 3515 4430; x_wconf 73' lang='grc' dir='ltr'>Θεὸς,</span> <span class='ocrx_word' id='word_1_668' title='bbox 3538 4365 3713 4437; x_wconf 77' lang='grc' dir='ltr'>ταύτῃ</span> <span class='ocrx_word' id='word_1_669' title='bbox 3737 4364 3863 4417; x_wconf 68' lang='grc' dir='ltr'>ἐστὶ</span> 
     </span>
    </p>
   </div>
   <div class='ocr_carea' id='block_1_88' title="bbox 2276 4462 2730 4533">
    <p class='ocr_par' dir='ltr' id='par_1_88' title="bbox 2276 4462 2730 4533">
     <span class='ocr_line' id='line_1_88' title="bbox 2276 4462 2730 4533; baseline -0.004 -17"><span class='ocrx_word' id='word_1_670' title='bbox 2276 4466 2370 4516; x_wconf 71' lang='grc' dir='ltr'><strong>καὶ</strong></span> <span class='ocrx_word' id='word_1_671' title='bbox 2403 4462 2499 4516; x_wconf 82' lang='grc' dir='ltr'><strong>ἄνο</strong></span> <span class='ocrx_word' id='word_1_672' title='bbox 2510 4479 2689 4533; x_wconf 87' lang='grc' dir='ltr'>ρωπος</span> <span class='ocrx_word' id='word_1_673' title='bbox 2717 4480 2730 4525; x_wconf 91' lang='grc'><strong>;</strong></span> 
     </span>
    </p>
   </div>
   <div class='ocr_carea' id='block_1_89' title="bbox 663 4532 2166 4627">
    <p class='ocr_par' dir='ltr' id='par_1_89' title="bbox 663 4532 2163 4627">
     <span class='ocr_line' id='line_1_89' title="bbox 663 4532 2163 4627; baseline -0.005 -15"><span class='ocrx_word' id='word_1_674' title='bbox 663 4557 804 4613; x_wconf 67' lang='grc' dir='ltr'>Χχι.</span> <span class='ocrx_word' id='word_1_675' title='bbox 837 4532 912 4613; x_wconf 33' lang='lat' dir='ltr'><strong>‘Si</strong></span> <span class='ocrx_word' id='word_1_676' title='bbox 952 4556 1048 4627; x_wconf 91' lang='lat' dir='ltr'><strong>qui</strong></span> <span class='ocrx_word' id='word_1_677' title='bbox 1097 4557 1291 4611; x_wconf 85' lang='lat' dir='ltr'><strong>dicunt</strong></span> <span class='ocrx_word' id='word_1_678' title='bbox 1332 4554 1681 4617; x_wconf 89' lang='lat' dir='ltr'><strong>homousion,</strong></span> <span class='ocrx_word' id='word_1_679' title='bbox 1730 4563 1786 4607; x_wconf 91' lang='lat' dir='ltr'><strong>et</strong></span> <span class='ocrx_word' id='word_1_680' title='bbox 1834 4550 2163 4611; x_wconf 86' lang='lat' dir='ltr'><strong>ltomousion</strong></span> 
     </span>
    </p>
   </div>
   <div class='ocr_carea' id='block_1_90' title="bbox 2267 4532 3864 4627">
    <p class='ocr_par' dir='ltr' id='par_1_90' title="bbox 2345 4546 3864 4621">
     <span class='ocr_line' id='line_1_90' title="bbox 2345 4546 3864 4621; baseline -0.007 -14"><span class='ocrx_word' id='word_1_681' title='bbox 2345 4555 2476 4609; x_wconf 66' lang='grc' dir='ltr'><strong>ΚΝ.</strong></span> <span class='ocrx_word' id='word_1_682' title='bbox 2518 4554 2577 4606; x_wconf 79' lang='grc' dir='ltr'><strong>ΕΞ</strong></span> <span class='ocrx_word' id='word_1_683' title='bbox 2636 4552 2941 4621; x_wconf 84' lang='grc' dir='ltr'>ὀμοούσιον,</span> <span class='ocrx_word' id='word_1_684' title='bbox 2991 4552 3083 4601; x_wconf 77' lang='grc' dir='ltr'>καὶ</span> <span class='ocrx_word' id='word_1_685' title='bbox 3132 4548 3419 4616; x_wconf 65' lang='grc' dir='ltr'>ὁμοίιύσιον</span> <span class='ocrx_word' id='word_1_686' title='bbox 3475 4547 3564 4597; x_wconf 75' lang='grc' dir='ltr'>τὸν</span> <span class='ocrx_word' id='word_1_687' title='bbox 3622 4546 3864 4615; x_wconf 82' lang='grc' dir='ltr'>Χριστὸν</span> 
     </span>
    </p>
   </div>
   <div class='ocr_carea' id='block_1_91' title="bbox 592 4642 2166 4719">
    <p class='ocr_par' dir='ltr' id='par_1_91' title="bbox 592 4642 2166 4719">
     <span class='ocr_line' id='line_1_91' title="bbox 592 4642 2166 4719; baseline -0.006 -13"><span class='ocrx_word' id='word_1_688' title='bbox 592 4649 871 4706; x_wconf 79' lang='lat' dir='ltr'><strong>Christum</strong></span> <span class='ocrx_word' id='word_1_689' title='bbox 914 4657 1039 4719; x_wconf 88' lang='lat' dir='ltr'><strong>post</strong></span> <span class='ocrx_word' id='word_1_690' title='bbox 1090 4649 1370 4711; x_wconf 86' lang='lat' dir='ltr'><strong>unionem,</strong></span> <span class='ocrx_word' id='word_1_691' title='bbox 1409 4646 1477 4700; x_wconf 89' lang='lat' dir='ltr'><strong>ad</strong></span> <span class='ocrx_word' id='word_1_692' title='bbox 1525 4643 1697 4708; x_wconf 88' lang='lat' dir='ltr'><strong>aliud,</strong></span> <span class='ocrx_word' id='word_1_693' title='bbox 1730 4652 1788 4699; x_wconf 92' lang='lat' dir='ltr'><strong>et</strong></span> <span class='ocrx_word' id='word_1_694' title='bbox 1832 4642 1982 4697; x_wconf 88' lang='lat' dir='ltr'><strong>aliud</strong></span> <span class='ocrx_word' id='word_1_695' title='bbox 2018 4642 2166 4697; x_wconf 76' lang='lat' dir='ltr'><strong>refe-</strong></span> 
     </span>
    </p>
   </div>
   <div class='ocr_carea' id='block_1_92' title="bbox 594 4732 2169 4803">
    <p class='ocr_par' dir='ltr' id='par_1_92' title="bbox 594 4732 2169 4803">
     <span class='ocr_line' id='line_1_92' title="bbox 594 4732 2169 4803; baseline -0.007 -7"><span class='ocrx_word' id='word_1_696' title='bbox 594 4750 779 4795; x_wconf 89' lang='lat' dir='ltr'><strong>rentes</strong></span> <span class='ocrx_word' id='word_1_697' title='bbox 794 4740 1006 4803; x_wconf 90' lang='lat' dir='ltr'><strong>dicunt,</strong></span> <span class='ocrx_word' id='word_1_698' title='bbox 1037 4738 1091 4793; x_wconf 89' lang='lat' dir='ltr'><strong>id</strong></span> <span class='ocrx_word' id='word_1_699' title='bbox 1126 4747 1230 4800; x_wconf 85' lang='lat' dir='ltr'><strong>est,</strong></span> <span class='ocrx_word' id='word_1_700' title='bbox 1258 4736 1328 4792; x_wconf 85' lang='lat' dir='ltr'><strong>ad</strong></span> <span class='ocrx_word' id='word_1_701' title='bbox 1349 4736 1589 4797; x_wconf 86' lang='lat' dir='ltr'><strong>Patrem,</strong></span> <span class='ocrx_word' id='word_1_702' title='bbox 1621 4732 1761 4788; x_wconf 88' lang='lat' dir='ltr'><strong>etad</strong></span> <span class='ocrx_word' id='word_1_703' title='bbox 1788 4748 1890 4788; x_wconf 86' lang='lat' dir='ltr'><strong>nos</strong></span> <span class='ocrx_word' id='word_1_704' title='bbox 1916 4750 1930 4797; x_wconf 92' lang='lat'><strong>;</strong></span> <span class='ocrx_word' id='word_1_705' title='bbox 1964 4748 2169 4801; x_wconf 84' lang='lat' dir='ltr'><strong>nequa-</strong></span> 
     </span>
    </p>
   </div>
   <div class='ocr_carea' id='block_1_93' title="bbox 593 4824 2173 4902">
    <p class='ocr_par' dir='ltr' id='par_1_93' title="bbox 593 4824 2173 4902">
     <span class='ocr_line' id='line_1_93' title="bbox 593 4824 2173 4902; baseline -0.004 -18"><span class='ocrx_word' id='word_1_706' title='bbox 593 4847 758 4902; x_wconf 83' lang='lat' dir='ltr'><strong>quam</strong></span> <span class='ocrx_word' id='word_1_707' title='bbox 791 4847 923 4885; x_wconf 71' lang='grc' dir='ltr'>γει-ο</span> <span class='ocrx_word' id='word_1_708' title='bbox 962 4832 1143 4895; x_wconf 87' lang='lat' dir='ltr'><strong>Pater,</strong></span> <span class='ocrx_word' id='word_1_709' title='bbox 1178 4839 1234 4884; x_wconf 85' lang='lat' dir='ltr'><strong>et</strong></span> <span class='ocrx_word' id='word_1_710' title='bbox 1280 4844 1382 4883; x_wconf 89' lang='lat' dir='ltr'><strong>nos</strong></span> <span class='ocrx_word' id='word_1_711' title='bbox 1418 4826 1694 4883; x_wconf 88' lang='lat' dir='ltr'><strong>homousii</strong></span> <span class='ocrx_word' id='word_1_712' title='bbox 1741 4840 1962 4891; x_wconf 85' lang='lat' dir='ltr'><strong>sumus;</strong></span> <span class='ocrx_word' id='word_1_713' title='bbox 2002 4824 2173 4895; x_wconf 78' lang='lat' dir='ltr'><strong>igitur</strong></span> 
     </span>
    </p>
   </div>
   <div class='ocr_carea' id='block_1_94' title="bbox 595 4918 2171 4994">
    <p class='ocr_par' dir='ltr' id='par_1_94' title="bbox 595 4918 2171 4994">
     <span class='ocr_line' id='line_1_94' title="bbox 595 4918 2171 4994; baseline -0.006 -14"><span class='ocrx_word' id='word_1_714' title='bbox 595 4939 774 4994; x_wconf 86' lang='lat' dir='ltr'><strong>neque</strong></span> <span class='ocrx_word' id='word_1_715' title='bbox 824 4924 972 4993; x_wconf 91' lang='lat' dir='ltr'><strong>quod</strong></span> <span class='ocrx_word' id='word_1_716' title='bbox 1026 4932 1108 4978; x_wconf 89' lang='lat' dir='ltr'><strong>est</strong></span> <span class='ocrx_word' id='word_1_717' title='bbox 1154 4922 1316 4977; x_wconf 86' lang='lat' dir='ltr'><strong>nobis</strong></span> <span class='ocrx_word' id='word_1_718' title='bbox 1357 4918 1719 4984; x_wconf 83' lang='lat' dir='ltr'><strong>bomousion,</strong></span> <span class='ocrx_word' id='word_1_719' title='bbox 1769 4918 1880 4973; x_wconf 90' lang='lat' dir='ltr'><strong>erit</strong></span> <span class='ocrx_word' id='word_1_720' title='bbox 1928 4932 2171 4987; x_wconf 85' lang='lat' dir='ltr'><strong>unquam</strong></span> 
     </span>
    </p>
   </div>
   <div class='ocr_carea' id='block_1_95' title="bbox 594 5007 2173 5069">
    <p class='ocr_par' dir='ltr' id='par_1_95' title="bbox 594 5007 2173 5069">
     <span class='ocr_line' id='line_1_95' title="bbox 594 5007 2173 5069; baseline -0.005 0"><span class='ocrx_word' id='word_1_721' title='bbox 594 5012 924 5069; x_wconf 89' lang='lat' dir='ltr'><strong>bomousion</strong></span> <span class='ocrx_word' id='word_1_722' title='bbox 969 5010 1260 5067; x_wconf 87' lang='lat' dir='ltr'><strong>homousio</strong></span> <span class='ocrx_word' id='word_1_723' title='bbox 1310 5009 1504 5065; x_wconf 84' lang='lat' dir='ltr'><strong>Patris.</strong></span> <span class='ocrx_word' id='word_1_724' title='bbox 1557 5007 1614 5064; x_wconf 90' lang='lat' dir='ltr'><strong>Si</strong></span> <span class='ocrx_word' id='word_1_725' title='bbox 1665 5016 1849 5063; x_wconf 90' lang='lat' dir='ltr'><strong>autem</strong></span> <span class='ocrx_word' id='word_1_726' title='bbox 1886 5007 2173 5063; x_wconf 89' lang='lat' dir='ltr'><strong>homousia</strong></span> 
     </span>
    </p>
   </div>
   <div class='ocr_carea' id='block_1_96' title="bbox 597 5100 2174 5163">
    <p class='ocr_par' dir='ltr' id='par_1_96' title="bbox 597 5100 2174 5163">
     <span class='ocr_line' id='line_1_96' title="bbox 597 5100 2174 5163; baseline -0.004 -1"><span class='ocrx_word' id='word_1_727' title='bbox 597 5122 763 5161; x_wconf 83' lang='lat' dir='ltr'><strong>umus</strong></span> <span class='ocrx_word' id='word_1_728' title='bbox 790 5114 1002 5160; x_wconf 72' lang='lat' dir='ltr'><strong>natura:</strong></span> <span class='ocrx_word' id='word_1_729' title='bbox 1029 5114 1159 5159; x_wconf 91' lang='lat' dir='ltr'><strong>sunt</strong></span> <span class='ocrx_word' id='word_1_730' title='bbox 1186 5114 1242 5159; x_wconf 87' lang='lat' dir='ltr'><strong>et</strong></span> <span class='ocrx_word' id='word_1_731' title='bbox 1268 5102 1549 5163; x_wconf 80' lang='lat' dir='ltr'><strong>dicuntur,</strong></span> <span class='ocrx_word' id='word_1_732' title='bbox 1587 5116 1699 5155; x_wconf 87' lang='lat' dir='ltr'><strong>non</strong></span> <span class='ocrx_word' id='word_1_733' title='bbox 1736 5110 1822 5155; x_wconf 88' lang='lat' dir='ltr'><strong>est</strong></span> <span class='ocrx_word' id='word_1_734' title='bbox 1847 5108 2033 5155; x_wconf 89' lang='lat' dir='ltr'><strong>autem</strong></span> <span class='ocrx_word' id='word_1_735' title='bbox 2072 5100 2174 5155; x_wconf 87' lang='lat' dir='ltr'><strong>ho-</strong></span> 
     </span>
    </p>
   </div>
   <div class='ocr_carea' id='block_1_97' title="bbox 598 5191 2173 5264">
    <p class='ocr_par' dir='ltr' id='par_1_97' title="bbox 598 5191 2173 5264">
     <span class='ocr_line' id='line_1_97' title="bbox 598 5191 2173 5264; baseline -0.007 -8"><span class='ocrx_word' id='word_1_736' title='bbox 598 5200 842 5256; x_wconf 81' lang='lat' dir='ltr'><strong>mousios</strong></span> <span class='ocrx_word' id='word_1_737' title='bbox 859 5200 1022 5254; x_wconf 82' lang='lat' dir='ltr'><strong>etiam</strong></span> <span class='ocrx_word' id='word_1_738' title='bbox 1045 5197 1349 5253; x_wconf 86' lang='lat' dir='ltr'><strong>secundum</strong></span> <span class='ocrx_word' id='word_1_739' title='bbox 1375 5193 1793 5264; x_wconf 74' lang='lat' dir='ltr'><strong>ipsosdivinitas</strong></span> <span class='ocrx_word' id='word_1_740' title='bbox 1810 5191 2138 5246; x_wconf 86' lang='lat' dir='ltr'><strong>humanitati</strong></span> <span class='ocrx_word' id='word_1_741' title='bbox 2159 5208 2173 5257; x_wconf 86' lang='lat'>;</span> 
     </span>
    </p>
   </div>
   <div class='ocr_carea' id='block_1_98' title="bbox 597 5282 2175 5361">
    <p class='ocr_par' dir='ltr' id='par_1_98' title="bbox 597 5282 2175 5361">
     <span class='ocr_line' id='line_1_98' title="bbox 597 5282 2175 5361; baseline -0.006 -16"><span class='ocrx_word' id='word_1_742' title='bbox 597 5306 719 5361; x_wconf 72' lang='lat' dir='ltr'><strong>qua:</strong></span> <span class='ocrx_word' id='word_1_743' title='bbox 750 5306 882 5345; x_wconf 72' lang='lat' dir='ltr'><strong>vero</strong></span> <span class='ocrx_word' id='word_1_744' title='bbox 914 5297 1044 5344; x_wconf 85' lang='lat' dir='ltr'><strong>sunt</strong></span> <span class='ocrx_word' id='word_1_745' title='bbox 1078 5287 1309 5342; x_wconf 73' lang='lat' dir='ltr'><strong>diversa:</strong></span> <span class='ocrx_word' id='word_1_746' title='bbox 1340 5284 1681 5349; x_wconf 78' lang='lat' dir='ltr'><strong>substantiae,</strong></span> <span class='ocrx_word' id='word_1_747' title='bbox 1725 5282 2034 5338; x_wconf 78' lang='lat' dir='ltr'><strong>differentis</strong></span> <span class='ocrx_word' id='word_1_748' title='bbox 2077 5298 2175 5336; x_wconf 88' lang='lat' dir='ltr'><strong>na-</strong></span> 
     </span>
    </p>
   </div>
   <div class='ocr_carea' id='block_1_99' title="bbox 597 5376 2177 5450">
    <p class='ocr_par' dir='ltr' id='par_1_99' title="bbox 597 5376 2177 5450">
     <span class='ocr_line' id='line_1_99' title="bbox 597 5376 2177 5450; baseline -0.005 -15"><span class='ocrx_word' id='word_1_749' title='bbox 597 5392 737 5435; x_wconf 62' lang='lat' dir='ltr'><strong>tura!</strong></span> <span class='ocrx_word' id='word_1_750' title='bbox 768 5392 918 5444; x_wconf 89' lang='lat' dir='ltr'><strong>sunt,</strong></span> <span class='ocrx_word' id='word_1_751' title='bbox 950 5394 1073 5450; x_wconf 77' lang='lat' dir='ltr'><strong>qua:</strong></span> <span class='ocrx_word' id='word_1_752' title='bbox 1099 5378 1350 5432; x_wconf 86' lang='lat' dir='ltr'><strong>suntalia</strong></span> <span class='ocrx_word' id='word_1_753' title='bbox 1371 5376 1674 5431; x_wconf 80' lang='lat' dir='ltr'><strong>secundum</strong></span> <span class='ocrx_word' id='word_1_754' title='bbox 1708 5383 1985 5439; x_wconf 88' lang='lat' dir='ltr'><strong>naturam,</strong></span> <span class='ocrx_word' id='word_1_755' title='bbox 2012 5382 2177 5428; x_wconf 85' lang='lat' dir='ltr'><strong>erunt</strong></span> 
     </span>
    </p>
   </div>
   <div class='ocr_carea' id='block_1_100' title="bbox 598 5469 1508 5529">
    <p class='ocr_par' dir='ltr' id='par_1_100' title="bbox 598 5469 1508 5529">
     <span class='ocr_line' id='line_1_100' title="bbox 598 5469 1508 5529; baseline -0.008 0"><span class='ocrx_word' id='word_1_756' title='bbox 598 5473 765 5529; x_wconf 87' lang='lat' dir='ltr'><strong>etiam</strong></span> <span class='ocrx_word' id='word_1_757' title='bbox 792 5482 1003 5528; x_wconf 79' lang='lat' dir='ltr'><strong>naturae</strong></span> <span class='ocrx_word' id='word_1_758' title='bbox 1022 5470 1234 5527; x_wconf 77' lang='lat' dir='ltr'><strong>scilicet</strong></span> <span class='ocrx_word' id='word_1_759' title='bbox 1258 5469 1508 5524; x_wconf 62' lang='grc' dir='ltr'><strong>ἀῆναι-διε.</strong></span> 
     </span>
    </p>
   </div>
   <div class='ocr_carea' id='block_1_101' title="bbox 670 5559 2178 5633">
    <p class='ocr_par' dir='ltr' id='par_1_101' title="bbox 670 5559 2178 5633">
     <span class='ocr_line' id='line_1_101' title="bbox 670 5559 2178 5633; baseline -0.004 -15"><span class='ocrx_word' id='word_1_760' title='bbox 670 5562 838 5619; x_wconf 77' lang='lat' dir='ltr'><strong>XXII.</strong></span> <span class='ocrx_word' id='word_1_761' title='bbox 875 5562 1245 5633; x_wconf 87' lang='lat' dir='ltr'><strong>Proprietates</strong></span> <span class='ocrx_word' id='word_1_762' title='bbox 1266 5576 1377 5616; x_wconf 89' lang='lat' dir='ltr'><strong>non</strong></span> <span class='ocrx_word' id='word_1_763' title='bbox 1408 5575 1541 5622; x_wconf 76' lang='lat' dir='ltr'><strong>suae,</strong></span> <span class='ocrx_word' id='word_1_764' title='bbox 1575 5560 1671 5614; x_wconf 86' lang='lat' dir='ltr'><strong>sed</strong></span> <span class='ocrx_word' id='word_1_765' title='bbox 1703 5559 2017 5631; x_wconf 89' lang='lat' dir='ltr'><strong>aliquorum</strong></span> <span class='ocrx_word' id='word_1_766' title='bbox 2050 5570 2178 5613; x_wconf 88' lang='lat' dir='ltr'><strong>sunt</strong></span> 
     </span>
    </p>
   </div>
   <div class='ocr_carea' id='block_1_102' title="bbox 603 5651 2174 5730">
    <p class='ocr_par' dir='ltr' id='par_1_102' title="bbox 603 5651 2174 5730">
     <span class='ocr_line' id='line_1_102' title="bbox 603 5651 2174 5730; baseline -0.003 -20"><span class='ocrx_word' id='word_1_767' title='bbox 603 5655 1004 5730; x_wconf 84' lang='lat' dir='ltr'><strong>proprietates;</strong></span> <span class='ocrx_word' id='word_1_768' title='bbox 1042 5655 1089 5712; x_wconf 90' lang='lat' dir='ltr'><strong>si</strong></span> <span class='ocrx_word' id='word_1_769' title='bbox 1140 5669 1274 5711; x_wconf 83' lang='lat' dir='ltr'><strong>vero</strong></span> <span class='ocrx_word' id='word_1_770' title='bbox 1322 5663 1453 5708; x_wconf 89' lang='lat' dir='ltr'><strong>sunt</strong></span> <span class='ocrx_word' id='word_1_771' title='bbox 1490 5652 1611 5707; x_wconf 80' lang='lat' dir='ltr'><strong>duae</strong></span> <span class='ocrx_word' id='word_1_772' title='bbox 1651 5652 1816 5707; x_wconf 87' lang='lat' dir='ltr'><strong>etiam</strong></span> <span class='ocrx_word' id='word_1_773' title='bbox 1871 5651 2174 5707; x_wconf 87' lang='lat' dir='ltr'><strong>secundum</strong></span> 
     </span>
    </p>
   </div>
   <div class='ocr_carea' id='block_1_103' title="bbox 2282 4635 3863 4715">
    <p class='ocr_par' dir='ltr' id='par_1_103' title="bbox 2282 4635 3863 4715">
     <span class='ocr_line' id='line_1_103' title="bbox 2282 4635 3863 4715; baseline -0.006 -18"><span class='ocrx_word' id='word_1_774' title='bbox 2282 4646 2421 4714; x_wconf 75' lang='grc' dir='ltr'>μετὰ</span> <span class='ocrx_word' id='word_1_775' title='bbox 2451 4647 2549 4715; x_wconf 81' lang='grc' dir='ltr'>τὴν</span> <span class='ocrx_word' id='word_1_776' title='bbox 2583 4645 2797 4705; x_wconf 74' lang='grc' dir='ltr'>ἕνωσιν,</span> <span class='ocrx_word' id='word_1_777' title='bbox 2850 4642 3089 4708; x_wconf 78' lang='grc' dir='ltr'>λέγουσι,</span> <span class='ocrx_word' id='word_1_778' title='bbox 3139 4640 3276 4709; x_wconf 80' lang='grc' dir='ltr'>πρὸς</span> <span class='ocrx_word' id='word_1_779' title='bbox 3320 4638 3448 4692; x_wconf 78' lang='grc' dir='ltr'>ἄλλο</span> <span class='ocrx_word' id='word_1_780' title='bbox 3482 4637 3574 4690; x_wconf 77' lang='grc' dir='ltr'>καὶ</span> <span class='ocrx_word' id='word_1_781' title='bbox 3616 4637 3744 4690; x_wconf 84' lang='grc' dir='ltr'>ἄλλο</span> <span class='ocrx_word' id='word_1_782' title='bbox 3769 4635 3863 4688; x_wconf 82' lang='grc' dir='ltr'><strong>λέ-</strong></span> 
     </span>
    </p>
   </div>
   <div class='ocr_carea' id='block_1_104' title="bbox 2280 4728 3859 4805">
    <p class='ocr_par' dir='ltr' id='par_1_104' title="bbox 2280 4728 3859 4805">
     <span class='ocr_line' id='line_1_104' title="bbox 2280 4728 3859 4805; baseline -0.006 -17"><span class='ocrx_word' id='word_1_783' title='bbox 2280 4754 2467 4805; x_wconf 59' lang='grc' dir='ltr'>γοντες</span> <span class='ocrx_word' id='word_1_784' title='bbox 2504 4735 2660 4788; x_wconf 77' lang='grc' dir='ltr'>τοῦτο</span> <span class='ocrx_word' id='word_1_785' title='bbox 2688 4730 2851 4797; x_wconf 80' lang='grc' dir='ltr'>εἶναι,</span> <span class='ocrx_word' id='word_1_786' title='bbox 2883 4733 3017 4800; x_wconf 71' lang='grc' dir='ltr'>πρὸς</span> <span class='ocrx_word' id='word_1_787' title='bbox 3044 4732 3135 4785; x_wconf 81' lang='grc' dir='ltr'>τὸν</span> <span class='ocrx_word' id='word_1_788' title='bbox 3164 4730 3382 4799; x_wconf 77' lang='grc' dir='ltr'>Πατέρα</span> <span class='ocrx_word' id='word_1_789' title='bbox 3403 4729 3495 4782; x_wconf 73' lang='grc' dir='ltr'>καὶ</span> <span class='ocrx_word' id='word_1_790' title='bbox 3523 4728 3660 4798; x_wconf 77' lang='grc' dir='ltr'>πρὸς</span> <span class='ocrx_word' id='word_1_791' title='bbox 3687 4729 3859 4797; x_wconf 76' lang='grc' dir='ltr'>ἡμᾶς,</span> 
     </span>
    </p>
   </div>
   <div class='ocr_carea' id='block_1_105' title="bbox 2281 4819 3863 4899">
    <p class='ocr_par' dir='ltr' id='par_1_105' title="bbox 2281 4819 3863 4899">
     <span class='ocr_line' id='line_1_105' title="bbox 2281 4819 3863 4899; baseline -0.006 -19"><span class='ocrx_word' id='word_1_792' title='bbox 2281 4828 2541 4880; x_wconf 66' lang='grc' dir='ltr'><strong>οὐδέποτε</strong></span> <span class='ocrx_word' id='word_1_793' title='bbox 2574 4825 2630 4878; x_wconf 82' lang='grc' dir='ltr'><strong>δὲ</strong></span> <span class='ocrx_word' id='word_1_794' title='bbox 2671 4828 2699 4878; x_wconf 84' lang='grc' dir='ltr'>ὁ</span> <span class='ocrx_word' id='word_1_795' title='bbox 2738 4826 2930 4899; x_wconf 76' lang='grc' dir='ltr'>Πατὴρ</span> <span class='ocrx_word' id='word_1_796' title='bbox 2967 4825 3061 4877; x_wconf 79' lang='grc' dir='ltr'>καὶ</span> <span class='ocrx_word' id='word_1_797' title='bbox 3101 4824 3261 4893; x_wconf 80' lang='grc' dir='ltr'>ἡμεῖς</span> <span class='ocrx_word' id='word_1_798' title='bbox 3298 4819 3596 4890; x_wconf 85' lang='grc' dir='ltr'>ὁμοούσιοι,</span> <span class='ocrx_word' id='word_1_799' title='bbox 3637 4819 3759 4872; x_wconf 75' lang='grc' dir='ltr'><strong>οὐδὲ</strong></span> <span class='ocrx_word' id='word_1_800' title='bbox 3790 4819 3863 4872; x_wconf 68' lang='grc' dir='ltr'>’τὸ</span> 
     </span>
    </p>
   </div>
   <div class='ocr_carea' id='block_1_106' title="bbox 2283 4909 3863 4990">
    <p class='ocr_par' dir='ltr' id='par_1_106' title="bbox 2283 4909 3863 4990">
     <span class='ocr_line' id='line_1_106' title="bbox 2283 4909 3863 4990; baseline -0.006 -18"><span class='ocrx_word' id='word_1_801' title='bbox 2283 4923 2413 4990; x_wconf 79' lang='grc' dir='ltr'>ἡμῖν</span> <span class='ocrx_word' id='word_1_802' title='bbox 2436 4920 2541 4990; x_wconf 82' lang='grc' dir='ltr'>ἄρα</span> <span class='ocrx_word' id='word_1_803' title='bbox 2566 4918 2875 4987; x_wconf 84' lang='grc' dir='ltr'>ὁμοούσιον,</span> <span class='ocrx_word' id='word_1_804' title='bbox 2908 4916 3191 4985; x_wconf 75' lang='grc' dir='ltr'>ὁμοούσιον</span> <span class='ocrx_word' id='word_1_805' title='bbox 3223 4915 3377 4965; x_wconf 80' lang='grc' dir='ltr'>ἔσται</span> <span class='ocrx_word' id='word_1_806' title='bbox 3403 4912 3481 4981; x_wconf 77' lang='grc' dir='ltr'>τῷ</span> <span class='ocrx_word' id='word_1_807' title='bbox 3512 4909 3605 4964; x_wconf 86' lang='grc' dir='ltr'><strong>τοῦ</strong></span> <span class='ocrx_word' id='word_1_808' title='bbox 3647 4909 3863 4980; x_wconf 72' lang='grc' dir='ltr'>Πατρδς</span> 
     </span>
    </p>
   </div>
   <div class='ocr_carea' id='block_1_107' title="bbox 2280 4999 3862 5082">
    <p class='ocr_par' dir='ltr' id='par_1_107' title="bbox 2280 4999 3862 5082">
     <span class='ocr_line' id='line_1_107' title="bbox 2280 4999 3862 5082; baseline -0.011 -15"><span class='ocrx_word' id='word_1_809' title='bbox 2280 5013 2575 5082; x_wconf 76' lang='grc' dir='ltr'>ὁμοουσίῳ.</span> <span class='ocrx_word' id='word_1_810' title='bbox 2604 5013 2666 5066; x_wconf 75' lang='lat' dir='ltr'><strong>Et</strong></span> <span class='ocrx_word' id='word_1_811' title='bbox 2695 5011 2753 5065; x_wconf 74' lang='grc' dir='ltr'><strong>δὲ</strong></span> <span class='ocrx_word' id='word_1_812' title='bbox 2785 5011 2854 5063; x_wconf 79' lang='grc' dir='ltr'>τὰ</span> <span class='ocrx_word' id='word_1_813' title='bbox 2886 5008 3149 5080; x_wconf 83' lang='grc' dir='ltr'>ὀμοούσια</span> <span class='ocrx_word' id='word_1_814' title='bbox 3197 5005 3326 5076; x_wconf 77' lang='grc' dir='ltr'>μιᾶς</span> <span class='ocrx_word' id='word_1_815' title='bbox 3368 5002 3464 5057; x_wconf 71' lang='grc' dir='ltr'>καὶ</span> <span class='ocrx_word' id='word_1_816' title='bbox 3502 5001 3723 5069; x_wconf 74' lang='grc' dir='ltr'>λέγεται</span> <span class='ocrx_word' id='word_1_817' title='bbox 3757 4999 3862 5068; x_wconf 86' lang='grc' dir='ltr'>φύ-</span> 
     </span>
    </p>
   </div>
   <div class='ocr_carea' id='block_1_108' title="bbox 2284 5090 3867 5181">
    <p class='ocr_par' dir='ltr' id='par_1_108' title="bbox 2284 5090 3867 5181">
     <span class='ocr_line' id='line_1_108' title="bbox 2284 5090 3867 5181; baseline -0.01 -23"><span class='ocrx_word' id='word_1_818' title='bbox 2284 5122 2441 5181; x_wconf 52' lang='grc' dir='ltr'>σεωςη</span> <span class='ocrx_word' id='word_1_819' title='bbox 2470 5106 2569 5174; x_wconf 73' lang='grc' dir='ltr'><strong>οὐχ</strong></span> <span class='ocrx_word' id='word_1_820' title='bbox 2604 5102 2891 5173; x_wconf 83' lang='grc' dir='ltr'>ὅμοούσιος</span> <span class='ocrx_word' id='word_1_821' title='bbox 2932 5101 2989 5152; x_wconf 78' lang='grc' dir='ltr'>δὲ</span> <span class='ocrx_word' id='word_1_822' title='bbox 3023 5102 3116 5151; x_wconf 77' lang='grc' dir='ltr'>καὶ</span> <span class='ocrx_word' id='word_1_823' title='bbox 3147 5094 3270 5149; x_wconf 81' lang='grc' dir='ltr'>κατ’</span> <span class='ocrx_word' id='word_1_824' title='bbox 3300 5096 3496 5159; x_wconf 78' lang='grc' dir='ltr'>αὐτοὺς</span> <span class='ocrx_word' id='word_1_825' title='bbox 3526 5095 3560 5165; x_wconf 83' lang='grc' dir='ltr'><strong>ή</strong></span> <span class='ocrx_word' id='word_1_826' title='bbox 3592 5090 3688 5146; x_wconf 83' lang='grc' dir='ltr'><strong>τοῦ</strong></span> <span class='ocrx_word' id='word_1_827' title='bbox 3723 5091 3867 5159; x_wconf 82' lang='grc' dir='ltr'>Χρι-</span> 
     </span>
    </p>
   </div>
   <div class='ocr_carea' id='block_1_109' title="bbox 2285 5181 3867 5264">
    <p class='ocr_par' dir='ltr' id='par_1_109' title="bbox 2285 5181 3867 5264">
     <span class='ocr_line' id='line_1_109' title="bbox 2285 5181 3867 5264; baseline -0.009 -17"><span class='ocrx_word' id='word_1_828' title='bbox 2285 5196 2411 5248; x_wconf 81' lang='grc' dir='ltr'>στοῦ</span> <span class='ocrx_word' id='word_1_829' title='bbox 2441 5194 2636 5261; x_wconf 72' lang='grc' dir='ltr'>Θεότης</span> <span class='ocrx_word' id='word_1_830' title='bbox 2664 5196 2729 5264; x_wconf 81' lang='grc' dir='ltr'><strong>τῇ</strong></span> <span class='ocrx_word' id='word_1_831' title='bbox 2766 5191 2886 5245; x_wconf 80' lang='grc' dir='ltr'>κατ’</span> <span class='ocrx_word' id='word_1_832' title='bbox 2916 5190 3109 5251; x_wconf 76' lang='grc' dir='ltr'>αὐτοὺς</span> <span class='ocrx_word' id='word_1_833' title='bbox 3137 5186 3541 5259; x_wconf 78' lang='grc' dir='ltr'>ἀνθρωπότητι·</span> <span class='ocrx_word' id='word_1_834' title='bbox 3572 5182 3639 5236; x_wconf 80' lang='grc' dir='ltr'>τὰ</span> <span class='ocrx_word' id='word_1_835' title='bbox 3668 5181 3715 5234; x_wconf 85' lang='grc' dir='ltr'><strong>δ’</strong></span> <span class='ocrx_word' id='word_1_836' title='bbox 3747 5182 3867 5234; x_wconf 70' lang='grc' dir='ltr'><strong>ἑτε-</strong></span> 
     </span>
    </p>
   </div>
   <div class='ocr_carea' id='block_1_110' title="bbox 2289 5269 3867 5359">
    <p class='ocr_par' dir='ltr' id='par_1_110' title="bbox 2289 5269 3867 5359">
     <span class='ocr_line' id='line_1_110' title="bbox 2289 5269 3867 5359; baseline -0.009 -18"><span class='ocrx_word' id='word_1_837' title='bbox 2289 5287 2509 5359; x_wconf 82' lang='grc' dir='ltr'>ροούσια</span> <span class='ocrx_word' id='word_1_838' title='bbox 2553 5287 2647 5339; x_wconf 74' lang='grc' dir='ltr'>καὶ</span> <span class='ocrx_word' id='word_1_839' title='bbox 2676 5283 2933 5350; x_wconf 77' lang='grc' dir='ltr'>διαφόρου</span> <span class='ocrx_word' id='word_1_840' title='bbox 2963 5282 3081 5333; x_wconf 71' lang='grc' dir='ltr'>ἐστὶ</span> <span class='ocrx_word' id='word_1_841' title='bbox 3116 5279 3352 5347; x_wconf 79' lang='grc' dir='ltr'>φύσεως,</span> <span class='ocrx_word' id='word_1_842' title='bbox 3377 5279 3470 5331; x_wconf 68' lang='grc' dir='ltr'>καὶ</span> <span class='ocrx_word' id='word_1_843' title='bbox 3493 5276 3561 5329; x_wconf 75' lang='grc' dir='ltr'><strong>τὰ</strong></span> <span class='ocrx_word' id='word_1_844' title='bbox 3600 5275 3665 5346; x_wconf 77' lang='grc' dir='ltr'>τῇ</span> <span class='ocrx_word' id='word_1_845' title='bbox 3704 5269 3867 5342; x_wconf 63' lang='grc' dir='ltr'>φύσει</span> 
     </span>
    </p>
   </div>
   <div class='ocr_carea' id='block_1_111' title="bbox 2285 5370 3344 5449">
    <p class='ocr_par' dir='ltr' id='par_1_111' title="bbox 2285 5370 3344 5449">
     <span class='ocr_line' id='line_1_111' title="bbox 2285 5370 3344 5449; baseline -0.008 -18"><span class='ocrx_word' id='word_1_846' title='bbox 2285 5380 2447 5449; x_wconf 78' lang='grc' dir='ltr'>ἕτερα</span> <span class='ocrx_word' id='word_1_847' title='bbox 2468 5417 2482 5439; x_wconf 85' lang='grc'><strong>.</strong></span> <span class='ocrx_word' id='word_1_848' title='bbox 2518 5378 2612 5430; x_wconf 77' lang='grc' dir='ltr'>καὶ</span> <span class='ocrx_word' id='word_1_849' title='bbox 2647 5376 2839 5443; x_wconf 85' lang='grc' dir='ltr'>φύσεις</span> <span class='ocrx_word' id='word_1_850' title='bbox 2870 5374 3053 5444; x_wconf 79' lang='grc' dir='ltr'>’ἐτεραι</span> <span class='ocrx_word' id='word_1_851' title='bbox 3086 5370 3344 5440; x_wconf 76' lang='grc' dir='ltr'>δηλονότι.</span> 
     </span>
    </p>
   </div>
   <div class='ocr_carea' id='block_1_112' title="bbox 2359 5546 3876 5625">
    <p class='ocr_par' dir='ltr' id='par_1_112' title="bbox 2359 5546 3876 5625">
     <span class='ocr_line' id='line_1_112' title="bbox 2359 5546 3876 5625; baseline -0.009 -14"><span class='ocrx_word' id='word_1_852' title='bbox 2359 5552 2486 5611; x_wconf 57' lang='lat' dir='ltr'><strong>KB&#39;.</strong></span> <span class='ocrx_word' id='word_1_853' title='bbox 2539 5556 2605 5608; x_wconf 79' lang='grc' dir='ltr'><strong>Αἱ</strong></span> <span class='ocrx_word' id='word_1_854' title='bbox 2637 5554 2896 5625; x_wconf 75' lang='grc' dir='ltr'>ἰδιότητες</span> <span class='ocrx_word' id='word_1_855' title='bbox 2936 5554 3035 5622; x_wconf 75' lang='grc' dir='ltr'><strong>οὐχ</strong></span> <span class='ocrx_word' id='word_1_856' title='bbox 3069 5549 3312 5613; x_wconf 75' lang='grc' dir='ltr'>ἑαυτῶν,</span> <span class='ocrx_word' id='word_1_857' title='bbox 3338 5548 3475 5603; x_wconf 78' lang='grc' dir='ltr'>ἀλλά</span> <span class='ocrx_word' id='word_1_858' title='bbox 3524 5546 3684 5601; x_wconf 86' lang='grc' dir='ltr'>τίνων</span> <span class='ocrx_word' id='word_1_859' title='bbox 3728 5547 3876 5601; x_wconf 78' lang='grc' dir='ltr'>εἰσιν</span> 
     </span>
    </p>
   </div>
   <div class='ocr_carea' id='block_1_113' title="bbox 2289 5641 3870 5721">
    <p class='ocr_par' dir='ltr' id='par_1_113' title="bbox 2289 5641 3870 5721">
     <span class='ocr_line' id='line_1_113' title="bbox 2289 5641 3870 5721; baseline -0.006 -17"><span class='ocrx_word' id='word_1_860' title='bbox 2289 5651 2575 5721; x_wconf 71' lang='grc' dir='ltr'>ίδιότητεςο</span> <span class='ocrx_word' id='word_1_861' title='bbox 2608 5651 2657 5703; x_wconf 80' lang='grc' dir='ltr'>εί</span> <span class='ocrx_word' id='word_1_862' title='bbox 2687 5648 2743 5702; x_wconf 75' lang='grc' dir='ltr'><strong>δὲ</strong></span> <span class='ocrx_word' id='word_1_863' title='bbox 2767 5646 2861 5702; x_wconf 89' lang='grc' dir='ltr'>δύο</span> <span class='ocrx_word' id='word_1_864' title='bbox 2883 5648 2976 5700; x_wconf 70' lang='grc' dir='ltr'>καὶ</span> <span class='ocrx_word' id='word_1_865' title='bbox 3005 5646 3125 5700; x_wconf 83' lang='grc' dir='ltr'>κατ’</span> <span class='ocrx_word' id='word_1_866' title='bbox 3149 5645 3347 5707; x_wconf 63' lang='grc' dir='ltr'>αὐτοὺς</span> <span class='ocrx_word' id='word_1_867' title='bbox 3380 5641 3517 5714; x_wconf 71' lang='grc' dir='ltr'>μετὰ</span> <span class='ocrx_word' id='word_1_868' title='bbox 3546 5642 3642 5713; x_wconf 75' lang='grc' dir='ltr'>τὴν</span> <span class='ocrx_word' id='word_1_869' title='bbox 3668 5642 3870 5694; x_wconf 69' lang='grc' dir='ltr'>ἕνωσιν</span> 
     </span>
    </p>
   </div>
   <div class='ocr_carea' id='block_1_114' title="bbox 675 5827 2166 5911">
    <p class='ocr_par' dir='ltr' id='par_1_114' title="bbox 675 5832 2166 5911">
     <span class='ocr_line' id='line_1_114' title="bbox 675 5832 2166 5911; baseline -0.006 -16"><span class='ocrx_word' id='word_1_870' title='bbox 675 5839 753 5911; x_wconf 76' lang='grc' dir='ltr'>(ι)</span> <span class='ocrx_word' id='word_1_871' title='bbox 787 5838 843 5895; x_wconf 89' lang='lat' dir='ltr'><strong>In</strong></span> <span class='ocrx_word' id='word_1_872' title='bbox 868 5838 1113 5910; x_wconf 74' lang='lat' dir='ltr'><strong>margine</strong></span> <span class='ocrx_word' id='word_1_873' title='bbox 1159 5835 1414 5911; x_wconf 80' lang='grc' dir='ltr'>τημορῖα.</span> <span class='ocrx_word' id='word_1_874' title='bbox 1442 5832 1621 5891; x_wconf 78' lang='lat' dir='ltr'><strong>Malim</strong></span> <span class='ocrx_word' id='word_1_875' title='bbox 1657 5848 1759 5903; x_wconf 78' lang='lat' dir='ltr'><strong>ego</strong></span> <span class='ocrx_word' id='word_1_876' title='bbox 1782 5834 1860 5896; x_wconf 76' lang='lat' dir='ltr'><strong>ei;</strong></span> <span class='ocrx_word' id='word_1_877' title='bbox 1892 5832 1961 5906; x_wconf 75' lang='grc' dir='ltr'>τᾲ</span> <span class='ocrx_word' id='word_1_878' title='bbox 1993 5833 2166 5906; x_wconf 77' lang='grc' dir='ltr'>μόρια,</span> 
     </span>
    </p>
   </div>
   <div class='ocr_carea' id='block_1_115' title="bbox 2267 5827 3049 5911">
    <p class='ocr_par' dir='ltr' id='par_1_115' title="bbox 2267 5827 3049 5903">
     <span class='ocr_line' id='line_1_115' title="bbox 2267 5827 3049 5903; baseline -0.019 -13"><span class='ocrx_word' id='word_1_879' title='bbox 2267 5832 2303 5890; x_wconf 70' lang='lat' dir='ltr'><strong>el</strong></span> <span class='ocrx_word' id='word_1_880' title='bbox 2343 5830 2530 5903; x_wconf 83' lang='lat' dir='ltr'><strong>potius</strong></span> <span class='ocrx_word' id='word_1_881' title='bbox 2602 5831 2683 5894; x_wconf 76' lang='grc' dir='ltr'><strong>εἰς</strong></span> <span class='ocrx_word' id='word_1_882' title='bbox 2708 5827 2805 5901; x_wconf 80' lang='grc' dir='ltr'>τὴν</span> <span class='ocrx_word' id='word_1_883' title='bbox 2836 5827 3049 5897; x_wconf 82' lang='grc' dir='ltr'>μοῖραν.</span> 
     </span>
    </p>
   </div>
  </div>
