4094 6334
583 376 726 445 1911

1863 386 2174 448 LEONTII
2214 390 2616 457 ΒΥΖΑΝΤΙΝΙ

3709 399 3857 465 1912

659 498 874 554 XXVII.
906 496 1286 556 Communiter
1314 499 1383 554 ab
1410 501 1668 556 omnibus
1704 516 2026 558 concessum
2057 514 2158 569 est,

2336 509 2460 560 KZ'.
2500 506 2710 570 Κοινῶς
2739 510 2889 579 παρὰ
2927 508 3146 562 πάντων
3177 511 3522 584 ὡμολόγηται
3549 514 3607 568 τὺ
3632 517 3856 584 ἄνθρω-

589 607 791 646 nomen
843 591 1085 646 hominis
1129 601 1379 646 naturam
1411 593 1715 660 declarare,
1767 593 1919 649 Pauli
1957 607 2161 661 autem,

587 691 642 736 et
671 682 816 736 Petri
841 681 1198 752 hypostasim.
1235 682 1550 736 Secundum
1584 692 1767 736 autem
1805 684 2025 738 beatum
2057 684 2164 754 Cy-

589 773 770 825 rillum
794 787 993 826 nomen
1023 771 1237 826 Christi
1259 789 1438 842 neque
1456 773 1565 826 vim
1585 773 1926 831 deﬁnitionis
1956 775 2121 830 habet
2145 793 2159 841 ;

587 879 689 917 nec
734 864 969 935 alicujus
1000 864 1367 918 substantiam
1405 865 1668 930 declarat,
1704 874 1765 919 ut
1812 866 2078 932 hominis,
2110 876 2166 921 et

584 955 736 1024 equi,
773 964 829 1009 et
871 955 1044 1019 bovis,
1096 965 1153 1010 et
1190 957 1622 1027 uniuscujusque
1669 973 1883 1023 eorum,
1919 961 2015 1030 qui
2059 961 2164 1015 sub

583 1047 776 1100 cadent
809 1047 990 1116 specie
1021 1048 1413 1112 continentur;
1442 1048 1610 1117 igitur
1634 1064 1744 1103 non
1767 1059 1852 1105 est
1882 1050 2028 1104 idem
2065 1052 2164 1106 ho-

587 1138 791 1192 minem
825 1138 1152 1208 simpliciter
1197 1139 1402 1206 dicere,
1433 1151 1488 1194 et
1524 1141 1804 1196 Christum
1839 1159 1853 1195 :
1884 1128 2162 1211 quomodo

587 1230 752 1298 igitur
804 1232 1116 1300 exemplum
1167 1231 1429 1295 hominis,
1476 1231 1622 1301 quod
1675 1247 1876 1287 nomen
1909 1243 2161 1291 naturam

586 1322 878 1392 signiﬁcat,
919 1323 985 1376 ad
1036 1337 1330 1392 personam
1384 1322 1591 1379 Christi
1642 1324 1988 1392 transfertis;
2036 1317 2162 1380 cum

589 1430 785 1469 nomen
822 1413 1026 1469 Christi
1065 1415 1370 1470 secundum
1415 1417 1697 1471 doctorem
1730 1431 1841 1470 non
1884 1427 2160 1483 naturam,

582 1505 680 1560 sed
714 1507 1049 1576 hypostasim
1086 1508 1446 1563 declaret?Si
1478 1525 1608 1564 vero
1634 1509 1841 1575 dicitis,
1879 1511 1946 1567 ad
1981 1513 2164 1568 ratio-

584 1613 708 1653 nem
742 1599 985 1664 unionis,
1028 1616 1136 1654 non
1187 1600 1466 1655 hominem
1511 1601 1877 1671 simpliciter,
1922 1603 2018 1658 sed
2062 1605 2164 1659 ali-

583 1706 747 1759 quem
779 1703 1026 1756 sumunt,
1061 1693 1150 1747 hic
1185 1702 1368 1748 autem
1390 1693 1702 1763 hyposlasis
1732 1701 1856 1746 est:
1890 1694 2172 1752 advertite

584 1772 787 1848 autem,
820 1801 942 1855 qua:
971 1786 1026 1839 in
1072 1785 1290 1840 duobus
1323 1786 1494 1840 hircis
1525 1787 1703 1856 ipsum
1751 1785 2029 1842 Christum
2059 1789 2158 1843 de-

2269 616 2369 659 πος
2397 599 2567 669 ὄνομα
2596 599 2695 669 τὴν
2719 601 2882 669 φύσιν
2908 600 3120 670 δηλοῦν,
3151 601 3212 653 τδ
3242 602 3298 655 δὲ
3330 603 3541 667 Παῦλος
3571 606 3603 674 ἢ
3636 607 3854 679 Πέτρος

2265 690 2362 759 τὴν
2401 692 2720 744 ὑπόστασιν·
2757 689 2899 744 κατὰ
2949 692 3006 744 δὲ
3044 691 3138 744 τὸν
3169 694 3439 764 μακάριον
3484 697 3748 768 Κύριλλον
3783 700 3850 751 τὸ

2266 782 2499 854 Χριστὸς
2546 782 2717 852 ὅνομα
2761 782 2885 836 οὔτε
2928 783 3156 852 δύναμιν
3203 786 3331 854 ὅρου
3391 786 3526 857 ἔχει,
3581 787 3702 842 οὔτε
3742 791 3854 860 τήν

2265 889 2407 935 τινος
2429 873 2618 925 οὐσίαν
2656 873 2828 942 δηλοῖ,
2853 875 2929 937 ὡς
2956 875 3246 946 ἀνθρώπου
3272 877 3364 930 καὶ
3395 877 3566 932 ἵππου
3597 882 3688 932 καὶ
3721 881 3854 949 βοὸς

2267 963 2361 1014 καὶ
2394 965 2642 1018 ἑκάστων
2673 966 2783 1019 τῶν
2808 966 2914 1020 ὑπὸ
2950 967 3013 1018 τὸ
3049 967 3180 1019 αὐτὸ
3205 963 3362 1031 εἷδος·
3395 969 3593 1024 οὐκοῦν
3620 973 3681 1023 οὐ
3711 972 3855 1025 ταύ-

2264 1055 2355 1106 τὸν
2394 1055 2680 1126 ἄνθρωπόν
2725 1073 2784 1108 τε
2833 1057 3021 1120 ἁπλῶς
3076 1060 3250 1112 εἰπεῖν
3295 1061 3391 1113 καὶ
3432 1061 3688 1132 Χριστόν·
3725 1063 3853 1125 πῶς

2264 1145 2445 1198 τοίνυν
2471 1145 2532 1198 τὸ
2560 1147 2653 1199 τοῦ
2688 1147 2981 1218 ἀνθρώπου
3023 1149 3380 1219 παράδειγμα
3413 1150 3512 1220 τῆς
3549 1152 3762 1219 φύσεως
3785 1153 3851 1205 δν

2263 1235 2590 1306 δημοτικὸν,
2637 1237 2936 1307 μετάγεται
2988 1240 3082 1292 ἐπὶ
3136 1240 3198 1292 τὸ
3229 1241 3324 1294 τοῦ
3377 1242 3617 1312 Χριστοῦ
3671 1244 3852 1312 πρόσ-

2263 1344 2445 1395 ωπον;
2484 1329 2577 1382 τοῦ
2611 1329 2874 1399 ὀνόματος
2901 1329 2996 1383 τοῦ
3024 1331 3264 1401 Χριστοῦ
3305 1333 3448 1386 κατὰ
3467 1335 3559 1386 τὸν
3583 1334 3850 1387 διδάσκα-

2264 1414 2355 1468 λον
2368 1417 2429 1469 οὐ
2457 1416 2616 1486 φύσιν
2641 1417 2951 1488 δηλοῦντος,
2975 1421 3092 1474 ἀλλ’
3112 1420 3428 1476 ὑπόστασιν.
3455 1423 3512 1475 El
3544 1424 3600 1477 δὲ
3631 1425 3849 1492 λέγοιτε

2273 1508 2435 1562 αὐτόν
2458 1525 2517 1560 τε
2544 1509 2638 1562 καὶ
2662 1509 2788 1572 τοὺς
2817 1510 3010 1572 ἄλλους
3032 1512 3282 1583 Πατέρας
3311 1514 3622 1584 χρήσασθαι
3645 1515 3721 1585 τῷ
3744 1515 3847 1569 τοῦ

2263 1601 2553 1673 ἀνθρώπου
2585 1604 2990 1674 παραδείγματι
3017 1608 3096 1668 είς
3127 1606 3218 1660 τὸν
3252 1607 3350 1676 τῆς
3377 1609 3621 1672 ἐνώσεως
3656 1610 3844 1678 λόγον,

2263 1694 2324 1746 οὐ
2355 1695 2417 1747 τὸ
2449 1696 2636 1759 ἁπλῶς
2678 1697 2990 1768 ἄνθρωπον,
3023 1698 3158 1751 ἀλλὰ
3187 1698 3278 1753 τόν
3306 1719 3428 1753 τινα
3463 1703 3847 1773 παραλαμϐά-

2264 1803 2466 1853 νουσιν,
2518 1787 2821 1852 ὑπόστασις
2863 1789 2921 1850 δὲ
2981 1782 3159 1854 οὗτος·
3197 1792 3528 1861 ὲπιστήσατε
3553 1793 3610 1846 δὲ
3635 1795 3716 1846 ὅτι
3749 1797 3850 1848 καὶ

581 1877 796 1931 scribit.
825 1875 980 1932 Sicut
1031 1877 1197 1947 igitur
1235 1875 1465 1944 hie-bon
1500 1877 1569 1930 ad
1615 1878 1936 1947 hypostases
1979 1879 2158 1934 hirco-

2263 1878 2323 1930 ἐν
2373 1877 2527 1936 δυσὶν
2566 1879 2729 1932 αὑτὸν
2765 1882 2878 1943 τοῖς
2925 1882 3182 1952 χιμάροις
3228 1857 3520 1954 διαγράφει
3561 1884 3636 1954 τῷ
3675 1884 3844 1956 λόγῳ·

583 1984 702 2021 rum
738 1967 905 2022 refert
933 1969 1268 2037 exemplum,
1309 1968 1403 2022 sed
1435 1967 1502 2021 ad
1535 1968 1903 2026 dill‘erentiam
1941 1970 2161 2037 vivi,;et

581 2060 880 2123 immolati;
928 2060 1007 2115 sic
1043 2059 1208 2113 etiam
1243 2059 1333 2113 hic
1378 2074 1487 2112 non
1525 2059 1594 2112 ad
1627 2059 2022 2116 interimendas
2052 2077 2156 2116 na-

581 2158 756 2216 turas,
785 2150 880 2204 sed
907 2150 975 2203 ad
1016 2149 1284 2207 unitatem
1317 2163 1566 2219 personae
1599 2148 1778 2219 imago
1806 2149 2039 2219 alicujus
2063 2150 2163 2204 ho-

577 2241 745 2294 minis
775 2240 842 2293 ab
882 2239 1015 2309 ipsis
1053 2239 1317 2295 Patribus
1352 2239 1608 2293 sumitur.
1634 2238 1792 2307 Quod
1844 2246 2030 2293 autem
2068 2239 2161 2294 hic

577 2330 779 2399 aliquis
803 2330 969 2383 homo
994 2345 1062 2384 ex
1089 2329 1307 2382 duabus
1329 2328 1564 2393 naturis,
1591 2337 1646 2382 et
1669 2328 1792 2383 duas
1829 2337 2043 2384 natura:
2072 2340 2159 2385 est

576 2435 632 2477 ut
657 2425 862 2479 dicitur
902 2424 970 2480 ab
1014 2425 1222 2480 eisdem
1258 2423 1536 2489 Patribus,
1580 2440 1648 2477 ex
1696 2423 1920 2494 scriptis
1963 2440 2157 2481 eorum

576 2516 764 2570 multis
789 2516 923 2570 locis
954 2515 1175 2585 probari
1203 2523 1403 2583 potest.

2262 1967 2454 2037 ὥσπερ
2492 1962 2584 2021 οὖν
2617 1968 2850 2022 ἐνταῦθα
2883 1971 2944 2022 οὐ
2979 1973 3113 2042 πρὸς
3139 1972 3234 2034 τὰς
3269 1973 3597 2040 ὑποστάσεις
3620 1973 3729 2037 τῶν
3761 1991 3852 2044 χι·

2263 2060 2454 2138 μάρων
2494 2063 2654 2131 φέρει
2685 2062 2746 2114 τὸ
2779 2057 3137 2134 παράδειγμα
3177 2065 3276 2136 (5),
3309 2066 3446 2118 ἀλλὰ
3472 2066 3608 2135 πρὸς
3641 2066 3704 2119 τὸ
3725 2066 3846 2121 διά-

2262 2169 2426 2223 φορον
2458 2153 2553 2206 τοῦ
2585 2171 2644 2206 τε
2690 2154 2894 2218 ζῶντος
2921 2155 3015 2207 καὶ
3050 2155 3145 2209 τοῦ
3175 2156 3475 2226 τεθυμέιου
3505 2157 3602 2227 τὴν
3640 2158 3849 2226 ἀναφο-

2265 2245 2364 2313 ρὰν
2397 2244 2530 2314 ἔχει·
2572 2245 2746 2309 οὕτως
2792 2249 2886 2299 καὶ
2920 2247 3153 2300 ἐνταῦθα
3176 2249 3236 2300 οὐ
3261 2248 3396 2318 πρὸς
3427 2250 3527 2319 τὴν
3557 2249 3845 2319 ἀναίρεσιν

2264 2335 2372 2389 τῶν
2399 2336 2637 2404 φύσεων,
2673 2338 2809 2391 ἀλλὰ
2846 2341 2982 2410 πρὸς
3009 2340 3108 2409 τὴν
3140 2341 3366 2412 ἑνότητα
3409 2341 3502 2393 τοῦ
3544 2342 3842 2410 προσώπου

2264 2427 2298 2498 ἢ
2333 2428 2427 2480 τοῦ
2460 2447 2605 2491 τινος
2629 2430 2920 2499 ἀνθρώπου
2955 2431 3119 2485 εἰκὼν
3163 2432 3676 2504 παραλαμϐάνεται.
3715 2435 3842 2483 Ὀτι

2263 2519 2323 2571 δὲ
2365 2521 2460 2572 καὶ
2486 2521 2515 2573 ὅ
2542 2537 2626 2584 τις
2671 2522 2957 2592 ἄνθρωπος
3003 2524 3155 2594 παρὰ
3188 2527 3304 2588 τοῖς
3340 2525 3524 2587 αὐτοῖς
3557 2524 3842 2594 Πατράσιν

575 2609 639 2658 ὲκ
666 2606 758 2658 δύο
777 2623 837 2658 τε
864 2605 1073 2661 καὶδύο
1099 2606 1290 2673 φύσεις
1313 2604 1451 2665 ἐστὶ,
1475 2605 1596 2657 καθ’
1617 2604 1645 2656 ὃ
1663 2605 1809 2675 ψυχὴ
1833 2608 1926 2666 καὶ
1952 2605 2132 2676 σῶμα,
2177 2608 2240 2661 ἐκ
2270 2609 2379 2662 τῶν
2416 2611 2932 2682 συγγεγραμμένων
3001 2614 3183 2676 αὐτοῖς
3215 2613 3545 2683 πολλαγόθεν
3567 2613 3685 2666 ἔστι
3743 2629 3841 2665 πι-

576 2695 908 2750 στώσασῢαι.

647 2789 881 2845 XXVIII.
923 2787 1039 2843 Dici
1073 2788 1355 2843 Christum
1385 2804 1451 2844 ex
1499 2788 1716 2845 duabus
1742 2791 1993 2856 naturis,
2048 2799 2144 2845 aut

574 2894 836 2953 tanquam
862 2898 928 2937 ex
956 2882 1264 2952 principiis,
1288 2893 1382 2935 aut
1413 2891 1672 2952 tanquam
1710 2899 1779 2938 ex
1809 2883 1945 2953 ipsis
1982 2884 2151 2953 parti-

575 2977 681 3030 bus
718 2976 887 3031 unitis
917 2973 1335 3043 intelligendum
1367 2982 1491 3027 est:
1527 2974 1570 3027 si
1604 2985 1863 3043 tanquam
1892 2991 1958 3028 ex
2000 2975 2154 3044 prin-

2327 2794 2462 2846 KH’.
2495 2794 2568 2847 Τὸ
2603 2794 2782 2861 λέγειν
2808 2794 2988 2848 ἐκδύο
3025 2794 3240 2863 φύσεων
3278 2797 3372 2848 τὸν
3403 2797 3659 2866 Χριστὸν,
3690 2796 3723 2866 ἢ
3763 2796 3841 2858 ὠς

2255 2884 2363 2937 ἀπὸ
2403 2885 2513 2938 τῶν
2543 2887 2749 2955 ἀρχῶν,
2800 2887 2832 2958 ἢ
2874 2887 2947 2951 ὡς
2996 2888 3091 2939 ἀπ’
3134 2887 3329 2945 ,αὐτῶν
3376 2888 3484 2939 τῶν
3524 2888 3842 2940 ἑνωθέντων

2259 2978 2444 3048 μερῶν
2489 2981 2628 3030 νοεῖν
2664 2978 2978 3032 ὑποϐάλλεν
3038 2978 3153 3036 ἀλλ’
3207 2981 3254 3031 εί
3315 2981 3414 3048 μὲν
3469 2980 3545 3042 ὡς
3583 2981 3690 3033 ἀπὸ
3725 2979 3841 3032 τῶν

574 3066 774 3136 cipiis:
809 3081 877 3122 ex
930 3065 1318 3136 hypostasibus
1369 3064 1553 3134 potius
1605 3080 1769 3134 quam
1822 3079 1887 3118 ex
1940 3065 2153 3117 naturis

2262 3073 2462 3140 ἀρχῶν,
2515 3070 2573 3134 ἐξ
2607 3070 2962 3124 ὑποστάσεων
2996 3071 3219 3139 μᾶλλον,
3247 3073 3341 3124 καὶ
3379 3073 3482 3123 οὐκ
3514 3072 3578 3122 ὲκ
3617 3070 3840 3136 φύσεων

573 3167 737 3213 erunt
770 3158 1039 3230 principia
1083 3159 1222 3226 ejus.
1267 3156 1550 3225 Siquidem
1594 3157 1865 3227 principia
1906 3159 2026 3224 ejus
2062 3172 2150 3209 se-

2262 3161 2428 3214 ἔσται·
2469 3161 2628 3230 εἴπερ
2667 3162 2831 3230 ἀρχαὶ
2865 3160 3032 3213 αὐτοῦ
3081 3160 3224 3212 κατὰ
3263 3161 3358 3230 μὲν
3381 3160 3478 3230 τὴν
3516 3159 3772 3227 Θεότητα,
3808 3161 3842 3211 ὁ

573 3250 817 3305 cundum
860 3248 1229 3314 divinitatem,
1264 3248 1458 3312 Pater;
1501 3247 1808 3302 secundum
1845 3247 2158 3300 humanita-

581 3354 713 3405 tem,
751 3351 946 3395 mater.
975 3341 1079 3407 Qui
1102 3350 1287 3394 autem
1316 3347 1401 3394 est
1423 3353 1489 3394 ex
1523 3339 1613 3393 his
1642 3347 1899 3407 tanquam
1926 3355 1993 3392 ex
2023 3354 2155 3391 cau-

574 3435 672 3497 sis,
694 3435 1046 3488 manifestutn
1071 3443 1155 3487 cst
1186 3431 1332 3501 quod
1355 3447 1464 3484 non
1501 3438 1584 3485 est
1605 3429 1797 3484 eadem
1825 3448 1838 3496 ;
1872 3447 1981 3490 non
2007 3431 2156 3485 enim

572 3537 658 3582 est
693 3527 879 3593 Pater,
904 3542 1087 3595 neque
1129 3532 1327 3578 mater.
1368 3523 1424 3577 Si
1469 3538 1604 3578 vero
1639 3531 1894 3592 tanquam
1936 3539 1999 3578 ex
2037 3538 2159 3591 par—

573 3620 746 3681 tibus,
776 3615 1058 3688 quomodo
1101 3630 1212 3669 non
1241 3624 1371 3668 sunt
1405 3613 1460 3666 in
1500 3622 1613 3668 toto
1646 3613 1862 3681 partes?
1888 3614 1996 3666 Aut
2020 3628 2157 3681 quo-

573 3698 740 3764 mKdo
793 3717 968 3762 totum
1014 3720 1125 3759 non
1154 3715 1239 3759 est
1286 3704 1342 3758 in
1373 3702 1668 3772 partibus?
1705 3702 1760 3757 Si
1798 3701 1946 3755 enim
1979 3717 2158 3771 neque

573 3813 747 3858 totum
775 3810 861 3856 est
892 3801 948 3854 in
979 3799 1252 3868 partibus,
1280 3799 1460 3865 neque
1492 3807 1675 3864 partes
1710 3795 1767 3848 in
1796 3802 1911 3848 toto
1932 3835 1946 3858 ,
1982 3795 2155 3848 relin-

571 3896 785 3964 quitur,
827 3901 890 3947 ut
918 3901 1079 3948 antea
1118 3890 1328 3944 dictum
1359 3897 1466 3952 est,
1502 3887 1586 3940 vel
1613 3886 1840 3941 minime
1869 3901 1991 3940 esse
2019 3885 2154 3948 htec,

570 3990 655 4042 vel
707 3988 762 4041 in
816 3987 988 4040 altero
1036 3993 1237 4053 prteter
1269 3982 1553 4037 Christum
1610 3979 1763 4034 cerni
1811 3977 2155 4032 divinitatem

569 4081 776 4135 Christi
817 4087 875 4133 et
907 4076 1335 4140 humanitatem;
1372 4082 1427 4127 et
1472 4073 1528 4125 in
1579 4072 1705 4125 aliis
1759 4070 2065 4133 Christum,
2102 4080 2158 4126 et

570 4189 677 4229 non
707 4173 762 4231 in
792 4162 1189 4230 divinitatc,’et
1224 4168 1569 4221 humanitate
1607 4167 1732 4236 ejus
1765 4183 1779 4219 :
1814 4166 1921 4229 hoc
1970 4174 2155 4219 autem

569 4279 678 4316 non
711 4263 890 4317 solum
925 4259 1281 4314 humanitatis
1313 4259 1460 4328 ejus.
1498 4259 1592 4312 secl
1629 4257 1807 4328 ipsius
1845 4257 2157 4313 divinitatis

571 4354 737 4409 Ve‘rbi
771 4355 1072 4410 essentiam
1107 4353 1270 4406 tollit.

638 4449 833 4502 XXIX.
860 4447 1137 4512 Quantum
1169 4445 1222 4498 in
1261 4443 1426 4496 rebus
1459 4457 1572 4495 non
1610 4442 1788 4495 solum
1812 4443 2032 4504 exsistit
2083 4458 2151 4496 ex

2265 3253 2475 3323 Πατὴρ,
2511 3253 2652 3305 κατὰ
2689 3253 2744 3304 δὲ
2766 3253 2864 3321 τὴν
2891 3251 3306 3321 ἀνθρωπότητα,
3330 3253 3362 3318 ἡ
3390 3253 3592 3320 μήτηρ’
3623 3253 3686 3302 ἐκ
3713 3249 3842 3302 τού-

2257 3359 2366 3396 των
2387 3343 2446 3394 δὲ
2479 3341 2555 3395 ὢν
2577 3342 2654 3402 ὡς
2675 3342 2765 3394 ἀπ’
2797 3341 3005 3403 αἰτίων,
3046 3341 3215 3408 σαφὲς
3246 3341 3328 3392 ὅτι
3358 3342 3417 3392 οὐ
3449 3340 3622 3392 ταυτὰ
3657 3338 3838 3405 ἔσται,

2259 3429 2361 3482 κᾶν
2389 3430 2527 3500 ὅπερ
2565 3429 2759 3482 ταῦτα.
2802 3431 2863 3488 Ei
2900 3429 2957 3481 δὲ
2997 3429 3070 3490 ὡς
3104 3430 3212 3482 ἀπὸ
3259 3428 3464 3498 μερῶν,
3500 3431 3617 3491 πῶς
3648 3431 3748 3482 οὑκ
3777 3431 3842 3480 ὲν

2257 3522 2337 3590 τῷ
2362 3521 2471 3591 ὅλῳ
2497 3522 2564 3574 τὰ
2588 3523 2755 3592 μέρης
2790 3521 2822 3590 ἢ
2849 3521 2962 3584 πῶς
2987 3521 3046 3573 τὸ
3069 3519 3190 3574 ὅλον
3223 3521 3323 3573 οὐκ
3353 3521 3410 3572 ἐν
3433 3523 3543 3580 τοῖς
3577 3519 3837 3588 μέρεσινς

2260 3614 2322 3665 El
2350 3614 2460 3682 γὰρ
2496 3613 2635 3681 μήτε
2666 3615 2726 3664 τὸ
2752 3613 2870 3664 ὅλον
2903 3614 2960 3663 ἐν
2987 3615 3100 3674 τοῖς
3143 3612 3392 3681 μέρεσιν,
3425 3611 3560 3680 μηδὲ
3585 3612 3652 3662 τὰ
3695 3611 3840 3682 μέρη

2259 3705 2317 3756 ὲν
2360 3703 2438 3773 τῷ
2488 3704 2630 3772 ὅλῳ,
2679 3703 2950 3766 λείπεται,
2995 3703 3069 3764 ὡς
3122 3703 3535 3773 προείρηται,ἦ
3585 3702 3841 3770 μηδαμοῦ

2265 3794 2386 3864 μηδ’
2416 3794 2552 3856 ὅλως
2583 3793 2701 3851 ἐστὶ
2727 3792 2921 3857 ταῦτα,
2951 3793 2983 3863 ἢ
3021 3794 3077 3844 ὲν
3105 3793 3278 3862 ἑτέρῳ
3309 3792 3459 3861 παρὰ
3482 3792 3570 3842 τὸν
3606 3790 3843 3859 Χριστὸν

2260 3886 2584 3958 θεωρεῖσθαι
2605 3886 2706 3954 τὴν
2733 3867 2962 3953 Οεότητα
2991 3884 3086 3936 τοῦ
3113 3884 3350 3953 Χριστοῦ
3388 3884 3481 3936 καὶ
3505 3881 3602 3951 τὴν
3630 3882 3726 3934 ἀνθ
3739 3899 3843 3950 ρω-

2260 3979 2492 4047 πότητα,
2527 3980 2620 4030 καὶ
2649 3981 2705 4031 ἐν
2733 3978 2940 4046 ἑτέροις
2986 3977 3077 4028 τὸν
3112 3975 3346 4045 Χριστὸν
3391 3975 3484 4035 καὶ
3525 3975 3624 4025 οὐκ
3671 3976 3727 4024 ὲν
3772 3977 3842 4043 τῇ

2262 4072 2381 4123 κατ’
2415 4073 2579 4123 αὑτὸν
2631 4070 2846 4139 θεότητι
2905 4071 3000 4122 καὶ
3049 4068 3430 4138 ἀνθρωπότητι
3488 4067 3835 4135 Θεωρεῑσθαι·

2258 4162 2418 4214 τοῦτο
2476 4161 2531 4213 δὲ
2578 4163 2639 4211 οὐ
2667 4160 2767 4229 τῆς
2802 4160 2920 4211 κατ’
2970 4159 3133 4211 αὑτὸν
3188 4158 3608 4227 ἀνθρωπότητος
3657 4156 3838 4226 μόνον,

2260 4250 2397 4308 ἀλλὰ,
2423 4251 2518 4301 καὶ
2541 4249 2710 4317 αὐτῆς
2744 4249 2839 4317 τῆς
2871 4246 2964 4301 τοῦ
2989 4249 3164 4315 Λόγου
3197 4247 3448 4316 θεότητος
3479 4247 3578 4315 τὴν
3605 4244 3842 4314 ὕπαρξιν

2258 4340 2493 4409 ἀναιρεῖ.

2330 4444 2459 4497 ΚΘ.
2521 4440 2594 4494 Τὸ
2634 4440 2798 4494 ποσὸν
2852 4441 2960 4494 τῶν
3007 4437 3349 4508 πραγμάτων
3382 4436 3726 4507 περιίσταται
3778 4436 3843 4488 οὐ

571 4557 803 4596 numero
852 4540 1100 4603 deﬁnito,
1135 4546 1195 4590 ut
1223 4540 1482 4598 duorum,
1534 4536 1615 4588 vel
1666 4536 1854 4598 trium,
1896 4537 1980 4590 vel
2016 4552 2151 4604 qua—

2265 4533 2427 4600 μὸνον
2454 4533 2514 4596 ἐξ
2541 4533 2846 4601 ὡρισμένου
2876 4531 2970 4584 τοῦ
2999 4532 3092 4583 δύο
3122 4531 3154 4598 ἢ
3192 4529 3316 4597 τρία
3348 4532 3380 4598 ἢ
3410 4529 3672 4598 τέσσαρα,
3703 4529 3845 4581 ἀλλὰ

572 4643 718 4694 tuor,
765 4638 822 4685 et
860 4628 1147 4695 deinceps;
1196 4626 1290 4681 sed
1337 4641 1404 4679 ex
1458 4642 1564 4677 non
1608 4624 1858 4687 delinito,
1914 4634 1973 4678 ut
2020 4635 2155 4679 sunt

571 4723 767 4786 initlta,
788 4734 984 4789 pauca,
1004 4719 1180 4787 plura,
1210 4718 1489 4785 pauciora,
1511 4716 1812 4781 etsimilia;
1838 4723 1895 4769 et
1919 4732 1986 4770 ex
2020 4733 2150 4770 ana-

573 4815 736 4883 logia,
773 4814 888 4868 sive
927 4812 1302 4881 proportione,
1335 4813 1394 4862 iit
1429 4811 1623 4879 majus,
1662 4810 1844 4864 minus
1867 4851 1879 4873 ,
1920 4813 2151 4879 mquale,

572 4904 640 4957 ad
669 4902 895 4971 aliquid,
923 4912 978 4955 et
1014 4917 1080 4954 ex
1114 4916 1246 4954 voce
1294 4914 1414 4968 quae
1451 4910 1678 4953 vocatur
1728 4900 2048 4964 indicativa,
2087 4910 2146 4954 ut

576 4998 701 5056 hoc,
733 5008 789 5050 et
817 4996 972 5060 illud,
1001 5004 1056 5049 et
1084 4995 1222 5057 haec,
1255 5003 1310 5046 et
1341 4992 1512 5053 aliud,
1545 5002 1600 5044 et
1633 4993 1947 5057 diversum;
1975 5010 2156 5048 antex

573 5089 788 5152 ordine,
819 5095 1026 5142 utante
1051 5087 1174 5147 hoc,
1205 5093 1262 5138 et
1298 5092 1418 5153 post
1455 5081 1613 5146 illud,
1653 5093 1760 5138 eta
1798 5085 2073 5154 principio
2102 5095 2160 5140 et

573 5193 783 5252 postea,
833 5191 891 5241 et
930 5197 996 5235 ex
1032 5179 1156 5235 aiiis
1181 5180 1346 5233 etiam
1397 5178 1595 5240 modis,
1630 5186 1689 5231 ut
1721 5187 2154 5233 consentaneum

571 5283 656 5327 cst
680 5293 693 5326 :
720 5273 766 5326 si
802 5273 970 5342 igitur
999 5287 1192 5326 omnes
1220 5269 1410 5323 modos
1441 5269 1785 5327 declarantes
1824 5286 1931 5330 res,
1970 5271 2154 5325 sciunt

573 5365 662 5419 isti
700 5363 949 5418 dividere
977 5380 1064 5418 res
1103 5363 1428 5425 declaratas,
1460 5378 1525 5415 ex
1554 5376 1622 5414 eo
1649 5360 1766 5429 ipso
1803 5361 2155 5430 redarguitur

571 5472 761 5509 eorum
804 5455 1134 5518 absurdum;
1169 5453 1376 5508 etenim
1407 5453 1508 5520 ipsi
1558 5450 1730 5515 aliud,
1785 5463 1841 5507 ct
1874 5453 2044 5516 aliud,
2074 5455 2158 5507 di-

571 5564 816 5614 versum,
845 5565 910 5603 ac
931 5549 1234 5612 diversum,
1252 5556 1308 5602 et
1333 5548 1528 5616 majus,
1551 5559 1605 5600 et
1620 5546 1822 5607 minus,
1843 5555 1895 5600 et
1921 5548 2154 5616 :nquale,

573 5650 627 5696 et
662 5642 734 5696 ad
785 5642 1018 5713 aliquid,
1047 5653 1105 5696 et
1135 5649 1263 5695 ante
1289 5641 1414 5702 hoc,
1457 5649 1512 5691 et
1556 5648 1677 5707 post
1710 5639 1866 5692 illud.
1898 5639 1994 5692 Sin
2025 5655 2159 5694 vero

2263 4627 2357 4680 καὶ
2396 4626 2456 4692 ἐξ
2505 4626 2781 4696 ἀορίστου,
2837 4622 2948 4678 οἷον
2995 4624 3090 4676 τοῦ
3141 4623 3313 4676 πολλὰ
3362 4624 3454 4674 καὶ
3493 4621 3712 4673 πλείονα
3747 4623 3842 4673 καὶ

2264 4719 2520 4772 ἐλάττονα
2567 4719 2662 4772 καὶ
2695 4719 2748 4770 εί
2789 4735 2839 4770 τι
2877 4718 3084 4786 ὅμοιον·
3140 4717 3233 4768 καὶ
3273 4715 3335 4779 ἐξ
3375 4714 3691 4781 ἀναλογίας,
3726 4710 3842 4765 οῖον

2267 4813 2472 4883 μεῖζον,
2505 4808 2691 4882 ἧττον,
2724 4811 2838 4863 ῐσον
2884 4811 3022 4881 πρός
3068 4827 3143 4860 τι·
3175 4810 3268 4861 καὶ
3301 4809 3409 4860 ἀπὸ
3437 4808 3535 4876 τῆς
3581 4806 3838 4874 δεκτῑκῆς

2264 4907 2469 4977 φωνῆς.
2503 4899 2615 4957 οἷον
2641 4903 2743 4972 τῆς
2767 4902 2943 4966 τοῦτο,
2968 4902 3204 4964 κάκεῖνο,
3234 4900 3328 4952 καὶ
3358 4897 3551 4963 ταῦτα,
3574 4898 3667 4950 καὶ
3702 4897 3841 4950 ἄλλα

2261 5003 2351 5053 καὶ
2392 5001 2574 5070 ἕτερον
2609 4999 2704 5050 καὶ⁵
2732 4997 2838 5049 ἀπὸ
2879 4997 2978 5065 τῆς
3007 4995 3235 5058 τάξεως,
3264 4989 3374 5046 οἷον
3404 4994 3509 5060 πρὸ
3540 4990 3714 5053 τοῦδε,
3743 4993 3842 5042 καὶ

2263 5093 2383 5160 μετ’
2416 5093 2613 5152 ὲκεῐνο,
2651 5088 2746 5141 καὶ
2782 5087 2878 5139 ἀπ’
2907 5086 3105 5156 ἀρχῆς,
3143 5085 3238 5137 καὶ
3295 5084 3522 5150 ὕστερον
3547 5097 3560 5110 ·
3601 5082 3750 5143 είκὸς
3783 5081 3843 5134 δὲ

2259 5185 2353 5236 καὶ
2373 5182 2494 5235 καθ’
2509 5182 2695 5250 ἕτερον
2713 5179 2931 5248 τρόπον.
2949 5179 3012 5232 Εἰ
3037 5177 3138 5247 μὲν
3157 5173 3248 5229 οὖν
3268 5177 3512 5236 ἃπαντας
3536 5175 3658 5234 τοὺς
3675 5171 3842 5240 δηλω-

2262 5275 2448 5338 τικοὺς
2491 5273 2728 5344 τρόπους
2779 5272 2888 5324 τῶν
2921 5269 3264 5340 πραγμάτων
3300 5265 3665 5334 διαιρετικοὺς
3689 5265 3840 5316 ῐσασι

2263 5365 2371 5418 τῶν
2403 5366 2768 5436 δηλουμένων,
2810 5363 3035 5417 αὐτόθεν
3053 5362 3234 5423 αὐτοῖς
3260 5360 3360 5429 τῆς
3383 5357 3610 5419 ἀτοπίας
3637 5357 3664 5407 ὁ
3685 5355 3843 5422 ἐλεγ-

2256 5474 2367 5529 χος·
2407 5458 2498 5510 καὶ
2530 5457 2637 5525 γὰρ
2687 5458 2779 5509 καὶ
2823 5456 2979 5508 αὐτοὶ
3029 5453 3156 5524 μίαν
3211 5453 3304 5504 καὶ
3339 5451 3466 5520 μίαν
3494 5448 3712 5517 λέγουσι
3746 5448 3840 5500 καὶ

2258 5549 2448 5620 φύσεις
2476 5553 2760 5620 ἀορίστους
2779 5551 2871 5604 καὶ
2901 5550 3191 5619 ἰδιότητας,
3212 5546 3374 5599 τοῦτό
3389 5563 3451 5598 τε
3484 5544 3725 5602 κακεῖνο,
3746 5541 3842 5593 καὶ

2257 5642 2386 5697 ἄλλο
2415 5644 2510 5698 καὶ
2549 5643 2698 5707 ἄλλο,
2736 5645 2828 5696 καὶ
2845 5642 3032 5712 ἕτερον
3063 5640 3155 5693 καὶ
3177 5638 3387 5708 ἕτερον,
3418 5637 3512 5690 καὶ
3532 5633 3713 5705 μεῖζον
3745 5633 3841 5686 καὶ

643 5757 720 5830 (ξ)
759 5756 960 5830 Con[er
996 5757 1664 5830 ῡοιηοεορῐιί-ρριιξευιιι-ιη
1689 5755 1963 5830 ⁸,ιξιέιξιδνειω
1987 5754 2253 5815 Jacobitas
2313 5762 2370 5817 in
2397 5761 2580 5830 Antiq.
2648 5759 2766 5812 lect.
2826 5755 3031 5812 Canisii
3063 5754 3154 5811 edi
3218 5753 3449 5822 Basnag.
3484 5758 3522 5805 t.
3559 5747 3625 5813 II,
3658 5761 3713 5818 p.
3749 5745 3840 5802 45.

566 5826 828 5901 --Hujus
869 5827 1210 5898 Patrologiw,
1242 5835 1281 5881 t.
1318 5826 1499 5890 XCIV,
1541 5826 1645 5881 col.
1682 5826 1839 5879 1453.
