4094 6334
252 316 369 387 l‘l‘.3

1264 327 1535 389 CAPITA
1571 327 1734 387 XXX
1770 326 2066 386 CONTRt
2109 326 2494 386 SEVERUM.

3422 313 3560 386 1911.

266 427 423 508 imm,-
446 434 554 489 καὶ
594 436 731 492 ἴσον
763 435 862 501 καὶ
889 434 1024 507 πρύς
1050 452 1127 499 τι,
1162 434 1254 489 καὶ
1279 435 1385 507 πρὸ
1423 434 1578 488 τοῦδε
1612 434 1708 488 καὶ
1741 434 1856 503 μετ’

1976 450 2068 487 mn
2100 450 2294 488 omnes
2309 433 2519 498 modos,
2551 432 2646 489 sed
2670 447 2964 487 numerum
2996 430 3553 487 deﬁnitum-tantum.

285 528 451 590 ὶῑιῖνο,
479 528 588 581 καὶ
631 527 735 585 ἀπ’
762 527 942 598 ἀρχῆς
980 526 1075 582 καὶ
1104 524 1364 597 ὕστερον·
1398 526 1447 577 εί
1468 524 1525 579 δὲ
1553 525 1628 595 μὴ
1649 525 1857 587 πάντας

290 620 390 683 τοὺς
415 619 689 690 τρόπους,
719 618 812 672 τὸν
848 618 905 672 δὲ
939 616 1246 689 ὡρισμὲνον
1279 615 1442 685 μόνον
1485 613 1742 686 ἀριθμδν,
1768 615 1862 667 καὶ

298 713 511 785 μάλιστα
545 710 653 781 τῆς
692 710 885 774 δυάδος
913 709 1182 782 διαίρεσιν
1213 706 1586 768 ὑποτίθενται,
1615 706 1862 774 ἀποκλη·

303 805 517 878 ρωτικδς
544 798 705 858 [erat
734 805 763 856 ὁ
783 803 960 871 λόγος.
982 802 1137 855 Ἐπεὶ
1161 800 1474 869 λεγέτωσαν
1509 798 1661 851 αὐτοὶ
1689 798 1741 849 τί
1770 797 1866 867 δή-

296 914 411 951 ποτε
438 896 581 949 κατά
610 894 840 958 πολλοὺς
870 893 996 955 τοὺς
1016 892 1257 963 τρόπους
1286 890 1386 958 τῆς
1424 890 1725 960 ποσῦτητος
1759 888 1865 940 τῶν

295 992 660 1063 ὑποκειμένων
685 990 1044 1061 δηλουμένης.
1082 989 1218 1059 μόνη
1249 990 1282 1058 ἡ
1314 987 1446 1050 δυάς
1484 987 1583 1057 τὴν
1628 984 1867 1053 φοϐεράν

291 1085 470 1146 αὐτοῖς
490 1083 589 1152 τῆς
616 1082 941 1151 διαιρέσεως
968 1080 1176 1133 ἔννοιαν
1204 1079 1517 1147 ἐπεισάγει,
1544 1078 1643 1146 τῆς
1673 1076 1870 1145 ἑτέρας

292 1174 495 1245 ἑτέρως
518 1172 753 1243 ἐχούσης
777 1190 791 1238 ;
832 1173 896 1225 Ἢ
926 1176 1037 1241 γάρ
1058 1170 1186 1234 δυὰς
1214 1171 1281 1224 ιιά
1310 1169 1406 1223 δύο
1434 1168 1572 1237 ὁμοῦ
1604 1166 1873 1237 ἀριθμού-

292 1263 561 1332 pendi)?
588 1264 648 1316 ού
676 1261 1061 1332 κεχωρισμένα
1084 1260 1226 1312 κατά
1251 1260 1353 1330 τὴν
1378 1255 1752 1326 συλληπτικὴν
1778 1253 1871 1306 τοῦ

1968 526 2271 593 ρτιοερτιίιη
2296 540 2587 579 numerum
2610 522 2848 580 duorum
2880 533 3097 594 ponunt
3126 522 3401 585 dividere,
3436 537 3559 578 sor-

1972 618 2062 671 tiri
2090 627 2176 672 est
2204 618 2285 672 sic
2312 618 2484 687 loqui.
2514 617 2707 672 Dicant
2740 616 2888 671 enim
2918 618 3041 687 ipsi,
3076 633 3202 672 cum
3233 616 3424 671 multis
3446 632 3562 670 mo-

1972 707 2058 761 dis
2086 709 2369 776 quantitas
2408 708 2787 779 subjectorum
2820 708 3158 769 declaretur,
3203 724 3374 777 quare
3411 710 3561 762 solus

1974 816 2243 857 numerus
2265 792 2503 854 duorum
2532 802 2909 870 suspicionem
2931 800 3223 857 divisionis
3254 818 3417 871 quam
3443 809 3561 853 lan-

1974 900 2166 962 topere
2193 902 2473 955 metuunt,
2506 893 2609 963 ipsi
2644 894 2844 963 injicit,
2865 909 2990 948 cum
3020 894 3183 948 aliter
3211 894 3267 946 in
3296 908 3353 946 re
3383 904 3439 946 et
3468 908 3561 946 ve-

1971 977 2133 1041 ritate
2157 986 2259 1039 sit?
2300 987 2415 1039 Duo
2445 984 2593 1040 enim
2644 985 2834 1049 simul,
2888 1002 3011 1054 qua:
3041 994 3433 1047 numerantur,
3466 982 3561 1037 sed

1972 1086 2084 1125 non
2118 1081 2365 1140 separata
2397 1072 2705 1137 secundum
2737 1073 2847 1127 vim
2879 1073 3232 1143 colligentem
3273 1073 3439 1144 hujus
3465 1088 3563 1125 nu-

1975 1163 2115 1216 meri
2152 1162 2324 1230 tuagis
2353 1162 2762 1228 demonstrant,
2790 1180 2956 1233 quam
2989 1154 3257 1221 numerus
3285 1164 3477 1228 unius;
3509 1173 3567 1220 et

1978 1254 2144 1308 unius
2175 1256 2391 1311 solutus
2424 1269 2523 1323 per
2551 1272 2609 1311 se
2636 1256 3044 1311 consideratus.

288 1352 523 1426 ἀριθμοῦ
584 1354 775 1408 τούτου
815 1352 1046 1421 δύναμιν
1081 1350 1383 1420 παρίστησι
1429 1348 1647 1418 μᾶλλον,
1697 1346 1728 1414 ἦ
1761 1343 1859 1412 τῆς
1903 1345 2033 1412 μιᾶς
2089 1346 2270 1397 αὐτῶν
2301 1348 2330 1398 ὁ
2390 1345 2778 1417 διαλελυμένος
2811 1349 2909 1401 καὶ
2944 1350 3066 1401 καθ’
3099 1348 3293 1401 ἑκυτδν
3323 1346 3593 1417 οεωρού-’

363 1466 474 1507 νοζ.

363 1467 474 1507 νος.

292 1467 446 1595 “SN.
481 1539 541 1592 Εἰ
568 1541 715 1591 πᾶσα
745 1538 993 1602 σύνθεσις
1018 1534 1747 1607 μοναδικῶςὲξαγγὲλλεται,
1775 1530 1869 1583 καὶ

286 1634 379 1686 τὸν
406 1630 640 1700 ἀριθμὸν
666 1629 920 1697 ἐκϐάλλει
942 1627 1052 1679 τῶν
1080 1624 1690 1694 συντεθειμένων,δυοῖν
1708 1622 1869 1689 ἀνάγσ

287 1739 360 1790 κη
387 1721 634 1791 θάτερον,
657 1719 688 1789 ἦ
724 1721 1020 1772 ἀσύνθετον
1070 1714 1211 1772 εἶναι
1234 1718 1575 1786 τδήμέτερον
1597 1716 1767 1781 ὄνομα
1780 1713 1871 1766 καὶ

2047 1525 2213 1580 XXX.
2250 1528 2303 1580 Si
2337 1527 2520 1580 ninnis
2552 1527 2886 1596 compositio
2921 1527 3281 1599 singulariter
3310 1531 3566 1598 eil‘ertur,

1973 1626 2030 1672 et
2056 1634 2351 1674 numerum
2384 1620 2537 1689 ejicit
2563 1635 2627 1672 ex
2665 1619 3015 1689 compositis;
3058 1622 3294 1675 alterum
3326 1622 3565 1689 duorum

1974 1710 2349 1763 necessarium
2380 1710 2509 1775 erit,
2537 1720 2631 1764 aut
2671 1727 2779 1764 non
2816 1727 2937 1765 esse
2958 1713 3327 1781 compositum
3364 1730 3568 1785 corpus

284 1812 379 1863 τὸν
399 1801 519 1864 ὅλον
537 1794 895 1879 ἄνθρωπονξῆ
922 1808 996 1878 μὴ
1020 1806 1446 1878 κατηγορεῖσθαι
1471 1805 1614 1859 κατά
1634 1803 1726 1857 τοῦ
1747 1803 1865 1856 δνό-

1976 1809 2251 1864 nostrum,
2285 1810 2341 1855 et
2366 1809 2540 1856 totum
2576 1801 3015 1871 hominemfaut
3046 1820 3155 1857 non
3178 1805 3467 1874 praedicari
3498 1807 3568 1863 de

288 1918 485 1971 ματοςο
504 1898 647 1969 ἢτοῦ
666 1900 789 1953 ὅλου
813 1898 1107 1970 ἀνθρώπου
1138 1900 1259 1955 κατ’
1276 1897 1475 1961 αὐτοὺς
1496 1896 1588 1952 τὸν
1610 1894 1865 1965 ἀριθμόν.

283 1986 607 2059 Ᾰεγὲτωσαν
630 1992 809 2045 τοίνυν
832 1994 881 2045 εί
939 1990 1014 2061 μὴ
1034 1991 1270 2061 ἀριθμὸν
1290 1990 1400 2042 τῶν
1446 1988 1717 2043 συνθέτων
1737 1988 1869 2040 ὑπο-

284 2080 552 2134 ϐάλλειτά
579 2079 750 2144 οὕτως
773 2080 966 2150 ἔχοντα
995 2082 1263 2151 γραφικά.
1284 2081 1585 2135 τό·¹Ἐθετο
1615 2082 1688 2132 τὰ
1715 2080 1869 2146 μέλη

280 2171 629 2225 ἐνέιιιιστον
651 2172 721 2224 ἐν
741 2173 821 2237 τῷ
852 2171 1099 2239 σώματι·
1130 2172 1228 2226 καί
1248 2155 1579 2240 πο.2.ὶὰίιὲγ
1594 2171 1775 2240 μέλη.
1802 2169 1872 2223 ἐν

281 2263 351 2316 δὲ
382 2263 556 2329 σῶμα
574 2280 587 2293 ’
608 2265 724 2324 καὶ.
743 2264 1195 2332 Ἐξηρίθμησαν
1229 2265 1429 2317 πάντα
1462 2263 1533 2317 τὰ
1550 2260 1701 2316 ὀστᾶ
1710 2280 1829 2331 μου
1852 2277 1867 2293 ο

282 2356 400 2417 καὶ,
441 2355 706 2421 Ὠρυξαν
733 2355 939 2424 χεῖράς
988 2373 1110 2421 μου
1144 2355 1243 2409 καὶ
1303 2355 1535 2421 πόδαςο
1588 2355 1703 2415 καὶ,
1746 2352 1872 2417 Ἐξ-

280 2449 469 2514 εχύθη
525 2448 722 2502 πάντα
755 2448 827 2500 τὰ
859 2446 1187 2516 σπλάγχνα
1238 2446 1427 2501 αὑτοῦ
1452 2464 1464 2478 ·
1496 2448 1631 2500 ἀλλά
1660 2448 1754 2500 καὶ
1780 2448 1872 2501 ἐπὶ

284 2540 704 2615 συναμφοτέρου
730 2539 859 2611 τρία
891 2540 1169 2610 ἀριθμεῖὸ
1204 2539 1549 2602 ’Λπόστολος,
1583 2540 1871 2610 ψυχὴνκαὶ

282 2632 443 2699 σῶμα
473 2633 569 2684 καὶ
596 2631 823 2692 Πνεῦμα
844 2648 856 2663 ο
892 2633 986 2684 καὶ
1032 2630 1290 2706 ἐζυμώθη
1333 2632 1475 2689 κατά
1504 2632 1603 2703 τὴν
1631 2633 1877 2702 παρσὸσο.

280 2725 381 2795 λὴν
410 2722 507 2777 τοῦ
557 2723 811 2791 Σωτῆρος
862 2726 942 2785 είς
977 2724 1213 2794 ἀλεύρου
1250 2724 1388 2776 σάτα
1416 2724 1549 2792 τρία
1576 2741 1589 2756 ·
1619 2724 1734 2786 καὶ,
1767 2726 1870 2776 Δοο

280 2813 511 2880 fricare
534 2813 612 2881 δὴ
647 2814 755 2867 τὸν
776 2814 926 2868 Θεὸν
959 2815 1030 2867 ἐν
1058 2813 1138 2879 τῷ
1155 2813 1385 2882 σώματι
1408 2813 1574 2882 ὑμῶν
1592 2816 1685 2869 καὶ
1722 2816 1777 2866 ἐν
1796 2815 1871 2883 τῷ

279 2905 580 2975 πνεύματι,
629 2906 788 2960 ἅτινά
817 2908 934 2959 ἐστι
958 2905 1054 2959 τοῦ
1093 2906 1229 2959 θεοῦ
1252 2924 1265 2937 ·
1292 2908 1385 2959 καὶ
1420 2906 1582 2959 πάλιν
1606 2908 1735 2977 περὶ
1762 2907 1870 2959 τῶν

277 2998 463 3054 αὐτῶν
484 3015 499 3029 ο
529 2998 720 3053 Ταῦτα
759 2999 829 3052 δὲ
860 2998 1229 3055 ἀντικειγται
1264 2996 1585 3064 ἀλλήλοις.
1620 2998 1871 3065 Λεγέτω-

279 3108 383 3144 σαν
406 3090 591 3143 τοίνυν
622 3089 670 3143 εί
727 3091 802 3162 μή
832 3108 884 3142 τι
919 3090 1078 3144 ἆτινα
1099 3092 1195 3142 καὶ
1222 3089 1399 3141 ταῦτα
1438 3090 1536 3141 καὶ
1570 3090 1871 3143 ἀντίκειται

1974 1907 2230 1960 corpore,
2260 1901 2314 1946 ct
2346 1901 2459 1946 toto
2490 1892 2711 1947 homine
2738 1894 3042 1948 secundum
3071 1895 3220 1966 ipsos
3249 1913 3563 1953 numermn.

1976 1984 2169 2040 Dicant
2223 1986 2389 2055 igitur
2445 2002 2629 2039 annon
2676 1987 2990 2056 significent
3038 1990 3198 2043 nobis
3268 2006 3567 2048 numerum

1974 2079 2410 2145 compositormn
2454 2079 2587 2139 lucc.
2614 2096 2736 2148 qua:
2767 2080 2846 2135 sic
2872 2081 2927 2135 in
2949 2081 3236 2151 Scriptura
3261 2094 3427 2139 sunt:
3463 2085 3568 2140 Pa-

1973 2171 2079 2221 suit
2116 2170 2371 2231 membra,
2410 2173 2818 2242 unumquodque
2858 2189 3041 2229 eorum
3063 2174 3117 2230 in
3140 2192 3361 2245 corpore
3391 2176 3441 2242 ²;
3474 2186 3563 2231 et:

1975 2260 2146 2314 Multa
2170 2263 2380 2332 quidem
2406 2265 2661 2330 membra,
2692 2282 2856 2318 unum
2880 2260 3001 2319 vero
3028 2283 3217 2336 corpus
3237 2269 3289 2334 ’;
3321 2279 3377 2323 et
3400 2268 3563 2322 illud:

1978 2351 2466 2408 Dinumcraverunt
2512 2360 2693 2411 omnia
2739 2375 2858 2412 ossa
2902 2375 3018 2412 mea
3048 2359 3109 2425 ³;
3150 2370 3207 2414 et
3246 2378 3259 2413 :
3300 2359 3566 2415 Fodcrunt

1976 2462 2166 2500 manus
2202 2463 2367 2507 meas,
2397 2457 2447 2499 et
2479 2449 2636 2518 pedes
2672 2449 2712 2514 ‘;
2762 2460 2818 2505 et
2854 2436 2868 2504 ξ
2900 2450 3085 2527 Επειεα
3118 2463 3241 2506 sunt
3278 2454 3459 2507 omnia
3486 2456 3567 2508 vi-

1973 2554 2123 2591 scera
2148 2540 2261 2608 ejus
2294 2539 2334 2591 '.
2364 2539 2481 2593 lmo
2509 2539 2564 2593 in
2595 2540 2867 2595 ambabus
2899 2542 3152 2609 partibus
3179 2541 3424 2597 hominis
3460 2543 3565 2597 tria

1974 2640 2232 2689 numerat
2263 2632 2561 2701 Apostolus
2616 2673 2632 2701 ,
2666 2634 2935 2697 animam,
2963 2645 3019 2689 ct
3056 2650 3279 2703 corpus,
3313 2645 3366 2689 el
3400 2636 3568 2705 spiri-

1975 2733 2118 2787 tum,
2152 2739 2275 2794 quze
2310 2724 2641 2779 fermentata
2693 2736 2824 2779 sunt
2856 2726 3183 2779 scentulum
3250 2727 3567 2796 parabolam

1976 2817 2279 2875 salvatoris
2303 2817 2356 2870 in
2383 2817 2575 2872 farina:
2601 2828 2719 2872 sata
2747 2819 2971 2874 tri.i‘.Et
2986 2835 3180 2872 rursus
3212 2810 3573 2888 :‘(Iloriﬁcate

1976 2908 2144 2961 Deum
2184 2910 2485 2977 incorpore
2520 2920 2691 2963 uestro
2716 2910 2756 2973 ⁷,
2789 2920 2843 2964 et
2879 2910 2932 2964 in
2975 2900 3171 2979 spiritu
3204 2922 3405 2973 vestro,
3448 2928 3571 2981 (μηδ

1974 3008 2107 3056 sunt
2136 2998 2253 3054 Dei.
2291 3000 2357 3058 Et
2388 2998 2587 3058 iterum
2618 2999 2687 3055 de
2710 3001 2920 3055 eisdem
2950 3018 2964 3054 :
3008 3000 3131 3056 Haec
3158 3013 3340 3056 autem
3364 3004 3462 3057 sibi
3487 3005 3570 3057 in-

1974 3090 2137 3141 vicem
2201 3090 2558 3143 adversantur
2590 3089 2633 3143 ⁸.
2683 3092 2877 3146 Dicant
2947 3107 3123 3161 ergo,
3181 3108 3365 3146 annon
3416 3102 3568 3159 sunt,

275 3183 533 3253 ἀλλήλοις
566 3181 805 3253 ἀριθμοῦ
840 3183 979 3235 είσιν
1002 3182 1120 3252 εἴδη
1141 3199 1154 3214 ·
1185 3181 1512 3256 λεγέτωσαν,
1527 3181 1583 3234 δὲ
1614 3183 1706 3235 καὶ
1726 3181 1870 3246 τίνες

1976 3192 2096 3247 qua:
2153 3187 2211 3233 et
2260 3179 2413 3244 haec,
2469 3189 2525 3233 et
2580 3179 2685 3235 sibi
2741 3181 2979 3236 invicem
3030 3182 3386 3238 adversantia
3439 3199 3569 3254 Spe-

275 3275 330 3327 οί
366 3274 460 3325 ἐπὶ
490 3275 591 3342 τῆς
620 3273 808 3344 κλίνης
852 3275 947 3326 καὶ
995 3273 1093 3326 τοῦ
1144 3273 1392 3343 μύλωνος
1424 3272 1541 3337 δύο,
1572 3267 1668 3327 ὧν
1705 3275 1739 3344 ὴ
1775 3275 1870 3345 μία

1977 3270 2093 3325 cies
2145 3271 2401 3325 numeri?
2445 3271 2639 3325 Dicant
2705 3284 3000 3343 praetcrea,
3050 3276 3147 3344 qui
3187 3276 3300 3329 duo
3332 3276 3386 3328 in
3425 3285 3572 3330 tecto

277 3364 783 3435 παραλαμϐάνεται
813 3364 913 3418 καὶ
948 3366 981 3434 ἠ
1027 3364 1125 3433 μία
1156 3363 1417 3433 ἀφίεται⁸
1462 3362 1543 3417 ἔτι
1590 3363 1648 3418 δὲ
1703 3365 1797 3418 καὶ
1826 3366 1870 3417 εί

1976 3369 2033 3416 et
2058 3360 2180 3417 dum
2216 3363 2269 3416 in
2309 3363 2452 3417 mola
2475 3366 2518 3430 ’,
2555 3379 2789 3433 quarum
2831 3382 2941 3420 una
2998 3367 3329 3433 assumitur,
3375 3377 3433 3422 et
3462 3383 3572 3423 una

280 3454 363 3523 μὴ
390 3452 472 3519 τῷ
497 3454 714 3525 Σωτῆρι
740 3452 835 3507 δύο
862 3456 1069 3507 νοεῖται
1096 3456 1125 3508 ὁ
1152 3454 1464 3525 ἄνθρωπος,
1491 3454 1555 3507 τδ
1586 3454 1749 3523 σῶμα
1778 3455 1870 3507 καὶ

1978 3454 2360 3524 relinquitur?
2405 3449 2719 3521 Praeterea.
2768 3459 2996 3524 dicant,
3052 3476 3237 3514 annon
3314 3462 3576 3532 intelligit

276 3548 313 3615 ἡ
337 3546 513 3617 ψυχὴ,
542 3540 618 3601 ὧν
644 3548 706 3601 τὸ
763 3550 863 3618 μὲν
892 3548 1147 3603 δύνανται
1184 3549 1508 3602 ἀποκτεῖναι
1567 3550 1617 3603 oi
1650 3548 1870 3602 ἐπιδου-

1979 3544 2246 3601 Dominus
2293 3563 2415 3602 esse
2467 3547 2749 3603 hominem
2791 3550 2941 3613 duo,
2990 3565 3195 3622 corpus
3244 3551 3460 3606 scilicet
3520 3562 3577 3606 et

273 3642 558 3705 λεύοντες,
583 3641 722 3695 τὸδὲ
760 3641 1032 3712 ἀνώτερον
1084 3643 1186 3713 τῆς
1235 3642 1540 3712 ἐπιϐουλῆς
1576 3643 1870 3713 τυγχάνει·

1981 3637 2258 3693 animam?
2291 3639 2383 3693 κει
2414 3640 2619 3708 quibus
2648 3655 2854 3710 corpus
2896 3643 3123 3711 quidem
3167 3643 3423 3698 occidere
3452 3660 3578 3714 pos-

275 3734 573 3803 ἀμφότερα
605 3733 661 3785 δὲ
688 3735 746 3787 ὲν
786 3735 981 3804 γεέννῃ
1023 3735 1401 3805 ἀπολλύμενα,
1450 3738 1499 3789 εί
1528 3735 1726 3790 τούτου
1758 3754 1870 3808 κρι-

1981 3737 2132 3795 sunt,
2165 3730 2258 3799 qui
2290 3730 2657 3798 insidiantur;
2690 3732 2871 3786 anima
2902 3748 3036 3788 vero
3068 3749 3177 3788 non
3214 3742 3396 3804 potest
3437 3734 3577 3789 insi-

275 3823 428 3878 θεῖεν
447 3824 602 3891 ἀξια.
644 3824 769 3878 Ἐὰν
804 3824 915 3896 γὰρ
940 3824 1193 3897 εἴπωμεν
1218 3826 1320 3898 τὴν
1357 3827 1565 3897 συνεχῆ
1612 3828 1710 3881 τοῦ
1748 3828 1870 3899 χρό·

1981 3820 2090 3875 diis
2133 3821 2309 3876 occidi
2344 3823 2424 3888 ¹⁹;
2475 3822 2638 3877 ambo
2685 3839 2820 3878 vero
2855 3824 2909 3877 in
2943 3824 3195 3895 geltenna
3233 3836 3491 3894 pereunt,
3531 3828 3575 3881 si

274 3933 374 3969 νου
405 3914 575 3984 φύσιν
604 3914 769 3969 πλέον
803 3916 1067 3987 ἡνῶσθαι,
1098 3917 1132 3986 ἧ
1189 3917 1259 3971 τὰ
1316 3918 1464 3971 κατὰ
1507 3918 1760 3972 σύνθεσιν
1798 3921 1870 3983 είς

1982 3911 2147 3983 digna
2192 3928 2314 3967 esse
2367 3912 2593 3968 interitu
2640 3913 2988 3985 judicentur.
3037 3914 3095 3970 Si
3131 3916 3279 3970 enim
3329 3916 3581 3971 dicamus

273 4006 491 4061 δώδεκα
520 4006 673 4077 ὥρας
732 4007 837 4060 ὑπὸ
872 4007 967 4060 τοῦ
1016 4009 1224 4079 Κυρίου
1252 4008 1616 4079 διαιρεῖσθαι·
1650 4012 1683 4082 ἢ
1717 4012 1870 4066 πάλιν

1982 4016 2233 4060 naturam
2265 4008 2534 4077 temporis
2566 4008 2884 4061 continuam
2926 4010 3098 4078 magis
3119 4009 3353 4069 unitam.
3389 4005 3577 4079 postea

279 4098 425 4150 κατά
444 4097 510 4149 τὸ
539 4096 633 4149 ὑπ’
652 4097 820 4151 αὐτοῦ
864 4100 1159 4170 εἰρημένον
1188 4101 1312 4153 ὅλον
1345 4100 1438 4154 τὸν
1467 4102 1634 4172 νόμον
1657 4104 1719 4157 ἐν
1748 4104 1870 4158 ταύ-

1983 4099 2038 4153 in
2092 4098 2387 4156 duodecim
2432 4099 2600 4155 horas
2644 4115 2673 4154 a
2718 4088 2953 4156 Domino
2994 4098 3230 4154 divisam
3280 4115 3437 4164 esse;
3493 4103 3575 4154 vel

276 4206 402 4252 ταις
429 4191 552 4252 ταῖς
569 4189 724 4241 δυσὶν
752 4190 995 4255 ἐντολαῖς
1035 4191 1377 4264 κρεμᾶσθαι,
1413 4196 1481 4266 τῇ
1499 4196 1580 4257 εἰς
1614 4195 1709 4248 τὸν
1739 4196 1870 4251 Θεὸν

1984 4206 2197 4256 rursus,
2225 4192 2370 4247 sicut
2391 4192 2526 4261 ‘ipse
2562 4190 2723 4255 dixit,
2767 4200 2937 4247 tutam
2969 4191 3144 4261 legem
3174 4191 3228 4246 in
3256 4192 3343 4247 his
3362 4192 3581 4248 duobus

281 4281 381 4333 aut
407 4282 477 4351 τῇ
510 4280 592 4343 είς
625 4281 717 4333 τὸν
754 4281 985 4352 πλησίον
1034 4284 1251 4356 ἀγάπῃ.
1307 4285 1449 4356 τάχα
1508 4288 1602 4342 καὶ
1636 4288 1801 4351 αὐτος
1851 4288 1870 4340 ἐ

1984 4284 2257 4344 mandatis
2280 4284 2519 4355 pendere
2548 4284 2837 4343 charitatis
2881 4284 2937 4339 in
2966 4284 3164 4349 Deum,
3200 4293 3256 4339 et
3298 4284 3353 4339 in
3402 4287 3581 4354 proxi-

282 4373 496 4444 Κύριος
530 4373 648 4444 μεθ’
677 4373 834 4444 ἡμῶν
866 4376 969 4445 τῆς
1016 4376 1343 4448 διαιρέσεως
1388 4379 1450 4435 τὸ
1479 4377 1736 4449 ἔγκλημα
1779 4381 1870 4433 οὐκ

1984 4391 2137 4433 mum
2174 4376 2255 4442 “;
2287 4374 2537 4434 fortassis
2570 4374 2685 4445 ipse
2731 4374 3002 4430 Dominus
3033 4374 3323 4433 nobiscum
3364 4376 3579 4430 crimen

285 4465 636 4534 ἐκφεύξεται,
656 4465 757 4536 τὴν
782 4467 998 4538 ἡμέραν
1020 4469 1104 4532 είς
1131 4467 1342 4523 δώδεκα
1367 4469 1553 4540 τεμὼν
1586 4469 1760 4542 ὥρας.
1784 4472 1870 4528 καὶ

1984 4467 2274 4527 divisionis
2302 4482 2415 4526 non
2454 4466 2680 4536 eﬂ‘ugiet
2701 4508 2715 4532 ,
2754 4466 2848 4536 qui
2884 4466 3033 4521 diem
3064 4466 3120 4519 in
3165 4466 3260 4524 Xll
3294 4468 3461 4522 horas
3492 4467 3575 4522 di-

281 4559 378 4612 τὸν
407 4559 577 4627 νόμον
604 4559 686 4621 είς
718 4558 812 4612 δύο
847 4562 1074 4627 γενικὰς
1120 4563 1366 4626 ἐντολάς.
1409 4565 1520 4622 Καὶ
1546 4563 1685 4625 ὅλως
1706 4564 1781 4634 τῷ
1812 4581 1870 4633 γε

1985 4559 2114 4614 visit
2152 4559 2218 4624 ¹¹,
2253 4565 2310 4618 et
2342 4566 2511 4612 totam
2548 4559 2724 4628 legem
2755 4559 2811 4612 in
2845 4557 2958 4611 duo
2978 4558 3256 4623 generalia
3294 4558 3574 4614 mandata.

284 4651 601 4719 φιλοπόνως
637 4652 1024 4720 ἐντυγχάνοντι
1054 4656 1124 4722 τῇ
1154 4671 1217 4707 τε
1248 4654 1437 4726 Γραφῇ
1467 4656 1563 4707 καὶ
1613 4657 1728 4717 τοῖς
1762 4655 1870 4707 Πα-

1985 4651 2232 4721 Denique
2259 4651 2356 4720 qui
2384 4649 2633 4706 studiose
2671 4650 3017 4718 Scripturam
3042 4658 3098 4703 et
3131 4649 3327 4703 l’atrcs
3354 4650 3576 4719 legerit,

281 4742 449 4811 τράσι
468 4740 728 4811 ποικίλην
748 4744 843 4796 καὶ
868 4743 1126 4813 πολυειδῆ
1165 4744 1263 4797 τοῦ
1296 4746 1537 4817 ἀριθμοῦ
1555 4746 1654 4817 τὴν
1676 4751 1870 4819 χρῆσιν

1983 4742 2200 4800 varium
2229 4749 2287 4801 et
2313 4739 2685 4810 multiplicem
2726 4755 2886 4795 usum
2926 4738 3144 4794 numeri
3188 4740 3435 4809 reperire
3480 4757 3581 4810 po-

280 4834 473 4905 εὺρεῖν
511 4820 725 4898 ἒξεστιν
771 4836 916 4890 κατά
961 4852 1021 4911 τε
1078 4837 1270 4893 ἁπλῶν
1306 4840 1423 4895 -καὶ
1471 4840 1747 4898 συνθέτων
1783 4843 1870 4893 καὶ

1986 4834 2116 4890 terit
2137 4834 2193 4892 in
2226 4832 2601 4903 simplicibus,
2627 4832 2682 4893 in
2708 4831 3055 4903 compositis,
3092 4830 3147 4885 in
3182 4831 3376 4895 unitis,
3410 4831 3465 4887 in
3497 4831 3582 4885 di-

281 4924 590 4996 ἠνωμένων
620 4926 715 4985 καὶ
737 4926 1085 4998 διῃρημένων
1109 4929 1207 4982 καὶ
1236 4929 1566 4998 ὑφεστώτων
1608 4933 1703 4989 καὶ
1754 4935 1870 4987 ἑπι-

1986 4928 2142 4993 visis',
2170 4927 2227 4981 in
2260 4927 2330 4982 iis
2362 4940 2484 4995 quae
2519 4934 2651 4980 sunt
2684 4940 2784 4995 per
2813 4940 2895 4989 se,
2921 4932 2979 4979 et
3010 4924 3077 4979 iis
3102 4939 3227 4993 quae
3243 4923 3584 4995 cogitatione

280 5017 412 5086 νοίᾳ
432 5016 757 5087 θεωρητῶν,
788 5018 886 5071 καὶ
926 5019 1092 5091 μέχρι
1131 5019 1241 5073 τῶν
1271 5022 1451 5093 πάντη
1480 5024 1880 5082 ἀνυποστάτων

280 5108 635 5179 χωροῦσθαι.
668 5110 781 5164 Καὶ
804 5109 963 5165 τοῦτο
989 5111 1048 5166 δὲ
1070 5114 1146 5183 μὴ
1172 5114 1460 5183 ἀγνοῶμεν
1490 5114 1567 5179 ὡς
1593 5115 1882 5173 λανθάνειν

280 5200 725 5272 προσποιοῦνται
752 5203 881 5266 τοὺς
910 5202 1346 5275 ἁπλουστέρους’
1374 5204 1449 5267 ὥς
1465 5224 1610 5270 τινος
1639 5202 1731 5261 οῦν
1758 5210 1879 5267 δια-

278 5294 471 5367 φορᾶς,
500 5292 710 5363 μεταξὺ
728 5291 827 5346 τοῦ
855 5292 950 5347 δύο
975 5294 1157 5347 εἰπεῖν
1184 5294 1277 5346 καὶ
1292 5294 1464 5363 ἄμφω
1488 5297 1581 5347 καὶ
1610 5296 1881 5367 ἑκατέρας

277 5390 382 5442 καὶ
415 5389 478 5440 ιν
502 5387 711 5456 ἀμφοῖν
756 5386 855 5439 καλ⁸
888 5385 957 5439 δι’
992 5387 1222 5458 ἀμφοῖν.
1273 5387 1461 5440 Ταῦτα
1489 5388 1546 5441 δὲ
1580 5388 1760 5441 πάντα
1790 5389 1883 5441 καὶ

1990 5018 2441 5083 considerantur;
2473 5016 2569 5087 qui
2597 5016 2785 5072 varius
2813 5032 2947 5072 usus
2980 5033 3156 5086 usque
3175 5015 3241 5070 ad
3266 5031 3330 5070 ca
3358 5030 3585 5084 progre-

1990 5094 2314 5179 ditur,'qu:e
2339 5118 2469 5163 sunt
2492 5110 2716 5178 penitus
2739 5109 2862 5164 sine
2910 5108 3210 5180 hypostasi.
3242 5107 3381 5162 Illud
3412 5108 3585 5162 etiam

1988 5221 2097 5260 non
2122 5214 2209 5259 est
2243 5202 2629 5273 ignorandum,
2666 5202 2815 5271 quod
2859 5202 3127 5257 simulant
3175 5202 3323 5273 apud
3364 5202 3584 5271 simpli-

1987 5297 2190 5359 ciores,
2222 5296 2379 5365 quasi
2412 5294 2618 5366 aliquid
2651 5294 2874 5349 dill'erat
2897 5295 3087 5349 dicere
3131 5295 3264 5359 duo,
3294 5303 3351 5350 et
3390 5295 3581 5357 ambo,

1991 5398 2048 5442 et
2078 5400 2332 5458 utraque,
2364 5388 2498 5442 etin
2524 5386 2815 5451 ambobus,
2840 5396 2897 5442 et
2932 5402 3029 5456 per
3060 5387 3244 5442 ambo.
3279 5387 3403 5441 Haec
3429 5387 3583 5441 enim

276 5478 355 5532 τά
378 5478 610 5533 τοιαῦτα
626 5478 798 5534 ταὺτὸ
829 5477 1084 5550 ἀλλήλοις
1100 5479 1275 5541 ἐστὶν,
1308 5479 1451 5549 ἢπερ
1468 5495 1519 5531 τι
1548 5481 1764 5549 ἕτερον’
1791 5481 1870 5531 m‘

1992 5484 2199 5545 omnia,
2230 5490 2287 5535 et
2313 5496 2435 5551 qua:
2470 5481 2788 5551 bujusmodi
2817 5488 2941 5535 sunt
2977 5479 3121 5533 idem
3158 5489 3289 5535 sunt
3325 5480 3469 5534 inter
3500 5495 3581 5541 se.

360 5622 374 5652 '
414 5620 430 5674 ι
471 5617 600 5675 Cor.
634 5636 711 5677 xu
764 5659 781 5686 ,
828 5618 913 5674 l8.

276 5692 302 5722 ⁷
332 5689 353 5747 l
388 5690 514 5746 Cor.
554 5710 625 5750 νι.
669 5689 767 5749 20.

284 5764 458 5829 3.1,,9.

1024 5620 1046 5651 ¹
1089 5618 1227 5680 ibid.
1276 5618 1361 5672 ιε.

1481 5618 1501 5647 ³
1559 5619 1697 5675 Psal.
1755 5637 1859 5683 ut,
1906 5621 1993 5676 18.

852 5688 1083 5747 'Galat.
1149 5706 1203 5756 ν,
1265 5690 1350 5745 17.
1423 5689 1662 5745 “Matth.
1716 5707 1858 5756 ntv,
1916 5694 2006 5747 41.

2111 5623 2130 5652 ⁵
2173 5621 2310 5676 ibid.
2363 5622 2447 5676 l7.
2528 5615 2582 5656 ’⁵
2622 5623 2743 5677 Act.
2780 5640 2819 5682 ι.
2873 5621 2958 5676 l8.
3078 5620 3099 5648 ⁶
3137 5613 3572 5671 hlattlt.xt't.55.

2122 5694 2164 5724 "
2197 5694 2388 5748 ilattli.
2416 5709 2470 5757 χ,
2499 5691 2588 5747 28.
2674 5696 2713 5725 “
2758 5692 2951 5749 Matth.
3013 5707 3147 5756 nu,
3180 5690 3267 5745 40.
3348 5689 3390 5719 ”
3415 5693 3577 5741 toan.
