  <div class='ocr_page' id='page_1' title='image "/cluster/home/n/w/nwhite01/storage/ocr_20150623/86 pars.2/pst.000005712885/443.png"; bbox 0 0 4076 6336; ppageno 0'>
   <div class='ocr_carea' id='block_1_1' title="bbox 480 385 636 454">
    <p class='ocr_par' dir='ltr' id='par_1_1' title="bbox 480 385 636 454">
     <span class='ocr_line' id='line_1_1' title="bbox 480 385 636 454; baseline 0.019 -4"><span class='ocrx_word' id='word_1_1' title='bbox 480 385 636 454; x_wconf 76' lang='grc'>2559</span> 
     </span>
    </p>
   </div>
   <div class='ocr_carea' id='block_1_2' title="bbox 1707 386 2551 451">
    <p class='ocr_par' dir='ltr' id='par_1_2' title="bbox 1707 386 2551 451">
     <span class='ocr_line' id='line_1_2' title="bbox 1707 386 2551 451; baseline -0.002 -1"><span class='ocrx_word' id='word_1_2' title='bbox 1707 388 2023 451; x_wconf 79' lang='lat' dir='ltr'><strong>EVAGRII</strong></span> <span class='ocrx_word' id='word_1_3' title='bbox 2064 386 2551 449; x_wconf 77' lang='lat' dir='ltr'><strong>SCHOLASTICI</strong></span> 
     </span>
    </p>
   </div>
   <div class='ocr_carea' id='block_1_3' title="bbox 3615 388 3762 454">
    <p class='ocr_par' dir='ltr' id='par_1_3' title="bbox 3615 388 3762 454">
     <span class='ocr_line' id='line_1_3' title="bbox 3615 388 3762 454; baseline 0.007 -2"><span class='ocrx_word' id='word_1_4' title='bbox 3615 388 3762 454; x_wconf 73' lang='lat'><strong>2:360</strong></span> 
     </span>
    </p>
   </div>
   <div class='ocr_carea' id='block_1_4' title="bbox 487 490 2076 578">
    <p class='ocr_par' dir='ltr' id='par_1_4' title="bbox 487 500 2076 575">
     <span class='ocr_line' id='line_1_4' title="bbox 487 500 2076 575; baseline -0.004 -16"><span class='ocrx_word' id='word_1_5' title='bbox 487 521 657 565; x_wconf 73' lang='lat' dir='ltr'><strong>voces</strong></span> <span class='ocrx_word' id='word_1_6' title='bbox 683 503 945 574; x_wconf 88' lang='lat' dir='ltr'><strong>quasdam</strong></span> <span class='ocrx_word' id='word_1_7' title='bbox 972 520 1095 575; x_wconf 64' lang='lat' dir='ltr'><strong>qum</strong></span> <span class='ocrx_word' id='word_1_8' title='bbox 1127 504 1181 558; x_wconf 89' lang='lat' dir='ltr'><strong>in</strong></span> <span class='ocrx_word' id='word_1_9' title='bbox 1209 502 1420 573; x_wconf 85' lang='lat' dir='ltr'><strong>synodo</strong></span> <span class='ocrx_word' id='word_1_10' title='bbox 1454 512 1586 558; x_wconf 84' lang='lat' dir='ltr'><strong>tunc</strong></span> <span class='ocrx_word' id='word_1_11' title='bbox 1614 511 1943 573; x_wconf 80' lang='lat' dir='ltr'><strong>congregata</strong></span> <span class='ocrx_word' id='word_1_12' title='bbox 1976 500 2076 554; x_wconf 86' lang='lat' dir='ltr'><strong>mi—</strong></span> 
     </span>
    </p>
   </div>
   <div class='ocr_carea' id='block_1_5' title="bbox 2181 490 3761 578">
    <p class='ocr_par' dir='ltr' id='par_1_5' title="bbox 2185 490 3761 578">
     <span class='ocr_line' id='line_1_5' title="bbox 2185 490 3761 578; baseline 0.005 -26"><span class='ocrx_word' id='word_1_13' title='bbox 2185 502 2279 567; x_wconf 79' lang='grc' dir='ltr'><strong>νάς</strong></span> <span class='ocrx_word' id='word_1_14' title='bbox 2312 502 2385 573; x_wconf 82' lang='grc' dir='ltr'>μὴ</span> <span class='ocrx_word' id='word_1_15' title='bbox 2414 500 2713 572; x_wconf 73' lang='grc' dir='ltr'><strong>εἰρημένας</strong></span> <span class='ocrx_word' id='word_1_16' title='bbox 2738 504 2802 572; x_wconf 71' lang='grc' dir='ltr'>τῇ</span> <span class='ocrx_word' id='word_1_17' title='bbox 2838 501 2898 555; x_wconf 80' lang='grc' dir='ltr'>τὸ</span> <span class='ocrx_word' id='word_1_18' title='bbox 2928 502 3229 572; x_wconf 78' lang='grc' dir='ltr'>τηνικαῦτα</span> <span class='ocrx_word' id='word_1_19' title='bbox 3244 490 3527 578; x_wconf 77' lang='grc' dir='ltr'>ἀλιοθείσῃ</span> <span class='ocrx_word' id='word_1_20' title='bbox 3556 508 3761 575; x_wconf 76' lang='grc' dir='ltr'>συνόδῳ</span> 
     </span>
    </p>
   </div>
   <div class='ocr_carea' id='block_1_6' title="bbox 491 593 2075 662">
    <p class='ocr_par' dir='ltr' id='par_1_6' title="bbox 491 593 2075 662">
     <span class='ocr_line' id='line_1_6' title="bbox 491 593 2075 662; baseline -0.004 -9"><span class='ocrx_word' id='word_1_21' title='bbox 491 601 643 653; x_wconf 88' lang='lat' dir='ltr'><strong>nime</strong></span> <span class='ocrx_word' id='word_1_22' title='bbox 673 597 835 651; x_wconf 71' lang='lat' dir='ltr'><strong>dictae</strong></span> <span class='ocrx_word' id='word_1_23' title='bbox 856 607 1065 662; x_wconf 89' lang='lat' dir='ltr'><strong>essent,</strong></span> <span class='ocrx_word' id='word_1_24' title='bbox 1086 612 1115 650; x_wconf 93' lang='lat' dir='ltr'><strong>a</strong></span> <span class='ocrx_word' id='word_1_25' title='bbox 1146 596 1411 649; x_wconf 88' lang='lat' dir='ltr'><strong>Dioscoro</strong></span> <span class='ocrx_word' id='word_1_26' title='bbox 1441 595 1581 649; x_wconf 91' lang='lat' dir='ltr'><strong>actis</strong></span> <span class='ocrx_word' id='word_1_27' title='bbox 1608 594 1843 648; x_wconf 89' lang='lat' dir='ltr'><strong>insertas</strong></span> <span class='ocrx_word' id='word_1_28' title='bbox 1872 593 2075 647; x_wconf 81' lang='lat' dir='ltr'><strong>fuisse:</strong></span> 
     </span>
    </p>
   </div>
   <div class='ocr_carea' id='block_1_7' title="bbox 491 684 2077 757">
    <p class='ocr_par' dir='ltr' id='par_1_7' title="bbox 491 684 2077 757">
     <span class='ocr_line' id='line_1_7' title="bbox 491 684 2077 757; baseline -0.003 -13"><span class='ocrx_word' id='word_1_29' title='bbox 491 702 719 744; x_wconf 84' lang='lat' dir='ltr'><strong>curasse</strong></span> <span class='ocrx_word' id='word_1_30' title='bbox 752 695 1018 757; x_wconf 72' lang='lat' dir='ltr'><strong>pmtcrea</strong></span> <span class='ocrx_word' id='word_1_31' title='bbox 1054 686 1309 741; x_wconf 83' lang='lat' dir='ltr'><strong>eumdem</strong></span> <span class='ocrx_word' id='word_1_32' title='bbox 1340 687 1661 740; x_wconf 90' lang='lat' dir='ltr'><strong>Dioscorum</strong></span> <span class='ocrx_word' id='word_1_33' title='bbox 1684 725 1699 749; x_wconf 94' lang='lat'><strong>,</strong></span> <span class='ocrx_word' id='word_1_34' title='bbox 1733 694 1790 738; x_wconf 92' lang='lat' dir='ltr'><strong>ut</strong></span> <span class='ocrx_word' id='word_1_35' title='bbox 1831 684 2077 755; x_wconf 83' lang='lat' dir='ltr'><strong>episcopi</strong></span> 
     </span>
    </p>
   </div>
   <div class='ocr_carea' id='block_1_8' title="bbox 493 777 2081 848">
    <p class='ocr_par' dir='ltr' id='par_1_8' title="bbox 493 777 2081 848">
     <span class='ocr_line' id='line_1_8' title="bbox 493 777 2081 848; baseline -0.004 -13"><span class='ocrx_word' id='word_1_36' title='bbox 493 782 548 835; x_wconf 91' lang='lat' dir='ltr'><strong>in</strong></span> <span class='ocrx_word' id='word_1_37' title='bbox 593 781 785 836; x_wconf 87' lang='lat' dir='ltr'><strong>charta</strong></span> <span class='ocrx_word' id='word_1_38' title='bbox 847 795 984 848; x_wconf 87' lang='lat' dir='ltr'><strong>pura</strong></span> <span class='ocrx_word' id='word_1_39' title='bbox 1038 778 1479 833; x_wconf 85' lang='lat' dir='ltr'><strong>subscriberent.</strong></span> <span class='ocrx_word' id='word_1_40' title='bbox 1542 777 1960 845; x_wconf 88' lang='lat' dir='ltr'><strong>Postulavitque</strong></span> <span class='ocrx_word' id='word_1_41' title='bbox 2021 786 2081 830; x_wconf 93' lang='lat' dir='ltr'><strong>ut</strong></span> 
     </span>
    </p>
   </div>
   <div class='ocr_carea' id='block_1_9' title="bbox 491 868 2078 941">
    <p class='ocr_par' dir='ltr' id='par_1_9' title="bbox 491 868 2078 941">
     <span class='ocr_line' id='line_1_9' title="bbox 491 868 2078 941; baseline -0.005 -13"><span class='ocrx_word' id='word_1_42' title='bbox 491 882 613 927; x_wconf 89' lang='lat' dir='ltr'><strong>acta</strong></span> <span class='ocrx_word' id='word_1_43' title='bbox 648 873 833 927; x_wconf 87' lang='lat' dir='ltr'><strong>omnia</strong></span> <span class='ocrx_word' id='word_1_44' title='bbox 856 870 1112 924; x_wconf 66' lang='lat' dir='ltr'><strong>secundae</strong></span> <span class='ocrx_word' id='word_1_45' title='bbox 1135 869 1331 941; x_wconf 80' lang='lat' dir='ltr'><strong>synodi</strong></span> <span class='ocrx_word' id='word_1_46' title='bbox 1361 869 1671 939; x_wconf 69' lang='lat' dir='ltr'><strong>Ephesinae,</strong></span> <span class='ocrx_word' id='word_1_47' title='bbox 1695 868 2078 937; x_wconf 86' lang='lat' dir='ltr'><strong>episcoporum</strong></span> 
     </span>
    </p>
   </div>
   <div class='ocr_carea' id='block_1_10' title="bbox 492 961 2079 1036">
    <p class='ocr_par' dir='ltr' id='par_1_10' title="bbox 492 961 2079 1036">
     <span class='ocr_line' id='line_1_10' title="bbox 492 961 2079 1036; baseline -0.003 -17"><span class='ocrx_word' id='word_1_48' title='bbox 492 966 585 1036; x_wconf 88' lang='lat' dir='ltr'><strong>qui</strong></span> <span class='ocrx_word' id='word_1_49' title='bbox 639 964 951 1035; x_wconf 81' lang='lat' dir='ltr'><strong>congregati</strong></span> <span class='ocrx_word' id='word_1_50' title='bbox 985 972 1146 1017; x_wconf 87' lang='lat' dir='ltr'><strong>erant</strong></span> <span class='ocrx_word' id='word_1_51' title='bbox 1175 963 1384 1033; x_wconf 83' lang='lat' dir='ltr'><strong>judicio</strong></span> <span class='ocrx_word' id='word_1_52' title='bbox 1427 961 1861 1025; x_wconf 80' lang='lat' dir='ltr'><strong>infirmarentur,</strong></span> <span class='ocrx_word' id='word_1_53' title='bbox 1908 971 2079 1031; x_wconf 89' lang='lat' dir='ltr'><strong>utque</strong></span> 
     </span>
    </p>
   </div>
   <div class='ocr_carea' id='block_1_11' title="bbox 495 1057 2082 1127">
    <p class='ocr_par' dir='ltr' id='par_1_11' title="bbox 495 1057 2082 1127">
     <span class='ocr_line' id='line_1_11' title="bbox 495 1057 2082 1127; baseline 0 -17"><span class='ocrx_word' id='word_1_54' title='bbox 495 1057 597 1127; x_wconf 83' lang='lat' dir='ltr'><strong>ipsi</strong></span> <span class='ocrx_word' id='word_1_55' title='bbox 629 1057 956 1127; x_wconf 80' lang='lat' dir='ltr'><strong>dignitatem</strong></span> <span class='ocrx_word' id='word_1_56' title='bbox 983 1058 1277 1111; x_wconf 79' lang='lat' dir='ltr'><strong>sacerdotii</strong></span> <span class='ocrx_word' id='word_1_57' title='bbox 1333 1064 1751 1127; x_wconf 76' lang='lat' dir='ltr'><strong>recuperarent,</strong></span> <span class='ocrx_word' id='word_1_58' title='bbox 1783 1064 1956 1125; x_wconf 90' lang='lat' dir='ltr'><strong>utque</strong></span> <span class='ocrx_word' id='word_1_59' title='bbox 1984 1071 2082 1110; x_wconf 87' lang='lat' dir='ltr'><strong>ne-</strong></span> 
     </span>
    </p>
   </div>
   <div class='ocr_carea' id='block_1_12' title="bbox 493 1147 2080 1221">
    <p class='ocr_par' dir='ltr' id='par_1_12' title="bbox 493 1147 2080 1221">
     <span class='ocr_line' id='line_1_12' title="bbox 493 1147 2080 1221; baseline 0 -19"><span class='ocrx_word' id='word_1_60' title='bbox 493 1150 687 1203; x_wconf 82' lang='lat' dir='ltr'><strong>farium</strong></span> <span class='ocrx_word' id='word_1_61' title='bbox 715 1149 848 1203; x_wconf 92' lang='lat' dir='ltr'><strong>illud</strong></span> <span class='ocrx_word' id='word_1_62' title='bbox 885 1150 1080 1221; x_wconf 79' lang='lat' dir='ltr'><strong>dogma</strong></span> <span class='ocrx_word' id='word_1_63' title='bbox 1112 1149 1460 1202; x_wconf 82' lang='lat' dir='ltr'><strong>anathemate</strong></span> <span class='ocrx_word' id='word_1_64' title='bbox 1502 1148 1879 1202; x_wconf 83' lang='lat' dir='ltr'><strong>damnaretur.</strong></span> <span class='ocrx_word' id='word_1_65' title='bbox 1914 1147 2080 1202; x_wconf 87' lang='lat' dir='ltr'><strong>Pctiit</strong></span> 
     </span>
    </p>
   </div>
   <div class='ocr_carea' id='block_1_13' title="bbox 491 1236 2081 1308">
    <p class='ocr_par' dir='ltr' id='par_1_13' title="bbox 491 1236 2081 1308">
     <span class='ocr_line' id='line_1_13' title="bbox 491 1236 2081 1308; baseline 0.001 -17"><span class='ocrx_word' id='word_1_66' title='bbox 491 1239 659 1292; x_wconf 88' lang='lat' dir='ltr'><strong>etiam</strong></span> <span class='ocrx_word' id='word_1_67' title='bbox 682 1250 805 1308; x_wconf 88' lang='lat' dir='ltr'><strong>post</strong></span> <span class='ocrx_word' id='word_1_68' title='bbox 841 1240 1217 1293; x_wconf 85' lang='lat' dir='ltr'><strong>recitationem</strong></span> <span class='ocrx_word' id='word_1_69' title='bbox 1246 1237 1416 1291; x_wconf 89' lang='lat' dir='ltr'><strong>libelli</strong></span> <span class='ocrx_word' id='word_1_70' title='bbox 1452 1236 1573 1301; x_wconf 91' lang='lat' dir='ltr'><strong>sui,</strong></span> <span class='ocrx_word' id='word_1_71' title='bbox 1623 1246 1683 1290; x_wconf 90' lang='lat' dir='ltr'><strong>ut</strong></span> <span class='ocrx_word' id='word_1_72' title='bbox 1727 1236 2081 1293; x_wconf 89' lang='lat' dir='ltr'><strong>adversarius</strong></span> 
     </span>
    </p>
   </div>
   <div class='ocr_carea' id='block_1_14' title="bbox 491 1326 2083 1396">
    <p class='ocr_par' dir='ltr' id='par_1_14' title="bbox 491 1326 2083 1396">
     <span class='ocr_line' id='line_1_14' title="bbox 491 1326 2083 1396; baseline 0.001 -15"><span class='ocrx_word' id='word_1_73' title='bbox 491 1326 729 1382; x_wconf 84' lang='lat' dir='ltr'><strong>adesset.</strong></span> <span class='ocrx_word' id='word_1_74' title='bbox 762 1327 1013 1396; x_wconf 84' lang='lat' dir='ltr'><strong>Cumque</strong></span> <span class='ocrx_word' id='word_1_75' title='bbox 1046 1327 1294 1395; x_wconf 86' lang='lat' dir='ltr'><strong>episcopi</strong></span> <span class='ocrx_word' id='word_1_76' title='bbox 1324 1327 1624 1395; x_wconf 77' lang='lat' dir='ltr'><strong>iussissent</strong></span> <span class='ocrx_word' id='word_1_77' title='bbox 1675 1334 1736 1381; x_wconf 89' lang='lat' dir='ltr'><strong>ut</strong></span> <span class='ocrx_word' id='word_1_78' title='bbox 1766 1326 1943 1391; x_wconf 84' lang='lat' dir='ltr'><strong>ﬂeret,</strong></span> <span class='ocrx_word' id='word_1_79' title='bbox 1978 1326 2083 1382; x_wconf 75' lang='grc' dir='ltr'><strong>Αθ-</strong></span> 
     </span>
    </p>
   </div>
   <div class='ocr_carea' id='block_1_15' title="bbox 494 1418 2081 1487">
    <p class='ocr_par' dir='ltr' id='par_1_15' title="bbox 494 1418 2081 1487">
     <span class='ocr_line' id='line_1_15' title="bbox 494 1418 2081 1487; baseline 0.001 -16"><span class='ocrx_word' id='word_1_80' title='bbox 494 1418 604 1473; x_wconf 92' lang='lat' dir='ltr'><strong>tius</strong></span> <span class='ocrx_word' id='word_1_81' title='bbox 629 1419 1052 1473; x_wconf 83' lang='lat' dir='ltr'><strong>archidiaconus</strong></span> <span class='ocrx_word' id='word_1_82' title='bbox 1076 1427 1131 1472; x_wconf 91' lang='lat' dir='ltr'><strong>et</strong></span> <span class='ocrx_word' id='word_1_83' title='bbox 1161 1418 1511 1487; x_wconf 78' lang='lat' dir='ltr'><strong>primicerius</strong></span> <span class='ocrx_word' id='word_1_84' title='bbox 1544 1418 1888 1473; x_wconf 89' lang='lat' dir='ltr'><strong>notariorum</strong></span> <span class='ocrx_word' id='word_1_85' title='bbox 1943 1418 2081 1473; x_wconf 83' lang='lat' dir='ltr'><strong>dixit</strong></span> 
     </span>
    </p>
   </div>
   <div class='ocr_carea' id='block_1_16' title="bbox 493 1508 2081 1577">
    <p class='ocr_par' dir='ltr' id='par_1_16' title="bbox 493 1508 2081 1577">
     <span class='ocr_line' id='line_1_16' title="bbox 493 1508 2081 1577; baseline 0.001 -15"><span class='ocrx_word' id='word_1_86' title='bbox 493 1508 800 1577; x_wconf 80' lang='lat' dir='ltr'><strong>profectum</strong></span> <span class='ocrx_word' id='word_1_87' title='bbox 824 1524 883 1564; x_wconf 88' lang='lat' dir='ltr'><strong>se</strong></span> <span class='ocrx_word' id='word_1_88' title='bbox 914 1524 1035 1564; x_wconf 87' lang='lat' dir='ltr'><strong>esse</strong></span> <span class='ocrx_word' id='word_1_89' title='bbox 1066 1508 1134 1563; x_wconf 89' lang='lat' dir='ltr'><strong>ad</strong></span> <span class='ocrx_word' id='word_1_90' title='bbox 1167 1508 1517 1572; x_wconf 84' lang='lat' dir='ltr'><strong>Dioscorum,</strong></span> <span class='ocrx_word' id='word_1_91' title='bbox 1561 1508 1863 1577; x_wconf 79' lang='lat' dir='ltr'><strong>itidemque</strong></span> <span class='ocrx_word' id='word_1_92' title='bbox 1891 1508 1961 1563; x_wconf 87' lang='lat' dir='ltr'><strong>ad</strong></span> <span class='ocrx_word' id='word_1_93' title='bbox 1994 1524 2081 1563; x_wconf 87' lang='lat' dir='ltr'><strong>re-</strong></span> 
     </span>
    </p>
   </div>
   <div class='ocr_carea' id='block_1_17' title="bbox 491 1599 2079 1671">
    <p class='ocr_par' dir='ltr' id='par_1_17' title="bbox 491 1599 2079 1671">
     <span class='ocr_line' id='line_1_17' title="bbox 491 1599 2079 1671; baseline 0.001 -17"><span class='ocrx_word' id='word_1_94' title='bbox 491 1602 710 1671; x_wconf 85' lang='lat' dir='ltr'><strong>liquos:</strong></span> <span class='ocrx_word' id='word_1_95' title='bbox 744 1602 1068 1656; x_wconf 88' lang='lat' dir='ltr'><strong>Dioscorum</strong></span> <span class='ocrx_word' id='word_1_96' title='bbox 1102 1616 1236 1655; x_wconf 89' lang='lat' dir='ltr'><strong>vero</strong></span> <span class='ocrx_word' id='word_1_97' title='bbox 1273 1600 1647 1670; x_wconf 81' lang='lat' dir='ltr'><strong>respondisse,</strong></span> <span class='ocrx_word' id='word_1_98' title='bbox 1703 1599 1991 1671; x_wconf 87' lang='lat' dir='ltr'><strong>prohiberi</strong></span> <span class='ocrx_word' id='word_1_99' title='bbox 2018 1615 2079 1656; x_wconf 84' lang='lat' dir='ltr'><strong>se</strong></span> 
     </span>
    </p>
   </div>
   <div class='ocr_carea' id='block_1_18' title="bbox 488 1692 1649 1749">
    <p class='ocr_par' dir='ltr' id='par_1_18' title="bbox 488 1692 1649 1749">
     <span class='ocr_line' id='line_1_18' title="bbox 488 1692 1649 1749; baseline -0.002 -2"><span class='ocrx_word' id='word_1_100' title='bbox 488 1709 520 1747; x_wconf 89' lang='lat' dir='ltr'><strong>a</strong></span> <span class='ocrx_word' id='word_1_101' title='bbox 549 1693 875 1748; x_wconf 86' lang='lat' dir='ltr'><strong>custodibus</strong></span> <span class='ocrx_word' id='word_1_102' title='bbox 905 1709 975 1749; x_wconf 89' lang='lat' dir='ltr'><strong>ne</strong></span> <span class='ocrx_word' id='word_1_103' title='bbox 1004 1692 1071 1747; x_wconf 87' lang='lat' dir='ltr'><strong>ad</strong></span> <span class='ocrx_word' id='word_1_104' title='bbox 1108 1693 1407 1747; x_wconf 88' lang='lat' dir='ltr'><strong>concilium</strong></span> <span class='ocrx_word' id='word_1_105' title='bbox 1440 1693 1649 1748; x_wconf 83' lang='lat' dir='ltr'><strong>veniat.</strong></span> 
     </span>
    </p>
   </div>
   <div class='ocr_carea' id='block_1_19' title="bbox 561 1780 2079 1851">
    <p class='ocr_par' dir='ltr' id='par_1_19' title="bbox 561 1780 2079 1851">
     <span class='ocr_line' id='line_1_19' title="bbox 561 1780 2079 1851; baseline 0 -15"><span class='ocrx_word' id='word_1_106' title='bbox 561 1782 723 1837; x_wconf 83' lang='lat' dir='ltr'><strong>Facta</strong></span> <span class='ocrx_word' id='word_1_107' title='bbox 754 1784 951 1836; x_wconf 83' lang='lat' dir='ltr'><strong>iterum</strong></span> <span class='ocrx_word' id='word_1_108' title='bbox 984 1780 1410 1836; x_wconf 73' lang='lat' dir='ltr'><strong>interlocutione</strong></span> <span class='ocrx_word' id='word_1_109' title='bbox 1425 1782 1638 1851; x_wconf 84' lang='lat' dir='ltr'><strong>jussum</strong></span> <span class='ocrx_word' id='word_1_110' title='bbox 1682 1788 1790 1846; x_wconf 89' lang='lat' dir='ltr'><strong>est,</strong></span> <span class='ocrx_word' id='word_1_111' title='bbox 1857 1792 1921 1836; x_wconf 89' lang='lat' dir='ltr'><strong>ut</strong></span> <span class='ocrx_word' id='word_1_112' title='bbox 1950 1781 2079 1836; x_wconf 86' lang='lat' dir='ltr'><strong>Dio-</strong></span> 
     </span>
    </p>
   </div>
   <div class='ocr_carea' id='block_1_20' title="bbox 488 1874 2077 1944">
    <p class='ocr_par' dir='ltr' id='par_1_20' title="bbox 488 1874 2077 1944">
     <span class='ocr_line' id='line_1_20' title="bbox 488 1874 2077 1944; baseline 0.001 -16"><span class='ocrx_word' id='word_1_113' title='bbox 488 1889 683 1929; x_wconf 84' lang='lat' dir='ltr'><strong>scorus</strong></span> <span class='ocrx_word' id='word_1_114' title='bbox 713 1890 814 1944; x_wconf 89' lang='lat' dir='ltr'><strong>pro</strong></span> <span class='ocrx_word' id='word_1_115' title='bbox 846 1874 1059 1928; x_wconf 78' lang='lat' dir='ltr'><strong>foribus</strong></span> <span class='ocrx_word' id='word_1_116' title='bbox 1085 1874 1305 1929; x_wconf 89' lang='lat' dir='ltr'><strong>concilii</strong></span> <span class='ocrx_word' id='word_1_117' title='bbox 1332 1882 1693 1944; x_wconf 62' lang='lat' dir='ltr'><strong>quaereretur.</strong></span> <span class='ocrx_word' id='word_1_118' title='bbox 1732 1874 1801 1929; x_wconf 88' lang='lat' dir='ltr'><strong>Et</strong></span> <span class='ocrx_word' id='word_1_119' title='bbox 1831 1890 1958 1929; x_wconf 90' lang='lat' dir='ltr'><strong>cum</strong></span> <span class='ocrx_word' id='word_1_120' title='bbox 1989 1890 2077 1930; x_wconf 85' lang='lat' dir='ltr'><strong>re-</strong></span> 
     </span>
    </p>
   </div>
   <div class='ocr_carea' id='block_1_21' title="bbox 488 1965 2075 2035">
    <p class='ocr_par' dir='ltr' id='par_1_21' title="bbox 488 1965 2075 2035">
     <span class='ocr_line' id='line_1_21' title="bbox 488 1965 2075 2035; baseline 0.002 -17"><span class='ocrx_word' id='word_1_121' title='bbox 488 1976 677 2034; x_wconf 85' lang='lat' dir='ltr'><strong>pertus</strong></span> <span class='ocrx_word' id='word_1_122' title='bbox 726 1980 835 2017; x_wconf 91' lang='lat' dir='ltr'><strong>non</strong></span> <span class='ocrx_word' id='word_1_123' title='bbox 862 1973 1030 2028; x_wconf 88' lang='lat' dir='ltr'><strong>esset,</strong></span> <span class='ocrx_word' id='word_1_124' title='bbox 1061 1965 1348 2020; x_wconf 85' lang='lat' dir='ltr'><strong>Anatolius</strong></span> <span class='ocrx_word' id='word_1_125' title='bbox 1382 1965 1897 2035; x_wconf 89' lang='lat' dir='ltr'><strong>Constantinopolis</strong></span> <span class='ocrx_word' id='word_1_126' title='bbox 1951 1967 2075 2035; x_wconf 83' lang='lat' dir='ltr'><strong>epi-</strong></span> 
     </span>
    </p>
   </div>
   <div class='ocr_carea' id='block_1_22' title="bbox 486 2054 2077 2125">
    <p class='ocr_par' dir='ltr' id='par_1_22' title="bbox 486 2054 2077 2125">
     <span class='ocr_line' id='line_1_22' title="bbox 486 2054 2077 2125; baseline 0 -15"><span class='ocrx_word' id='word_1_127' title='bbox 486 2070 688 2125; x_wconf 81' lang='lat' dir='ltr'><strong>scopus</strong></span> <span class='ocrx_word' id='word_1_128' title='bbox 729 2054 1106 2123; x_wconf 84' lang='lat' dir='ltr'><strong>intcrloquens</strong></span> <span class='ocrx_word' id='word_1_129' title='bbox 1144 2054 1301 2117; x_wconf 78' lang='lat' dir='ltr'><strong>dixit,</strong></span> <span class='ocrx_word' id='word_1_130' title='bbox 1348 2054 1553 2109; x_wconf 86' lang='lat' dir='ltr'><strong>debere</strong></span> <span class='ocrx_word' id='word_1_131' title='bbox 1599 2055 1753 2109; x_wconf 91' lang='lat' dir='ltr'><strong>illum</strong></span> <span class='ocrx_word' id='word_1_132' title='bbox 1778 2057 1995 2108; x_wconf 86' lang='lat' dir='ltr'><strong>evocari</strong></span> <span class='ocrx_word' id='word_1_133' title='bbox 2022 2064 2077 2110; x_wconf 89' lang='lat' dir='ltr'><strong>et</strong></span> 
     </span>
    </p>
   </div>
   <div class='ocr_carea' id='block_1_23' title="bbox 487 2145 2076 2211">
    <p class='ocr_par' dir='ltr' id='par_1_23' title="bbox 487 2145 2076 2211">
     <span class='ocr_line' id='line_1_23' title="bbox 487 2145 2076 2211; baseline -0.003 -9"><span class='ocrx_word' id='word_1_134' title='bbox 487 2147 723 2203; x_wconf 88' lang='lat' dir='ltr'><strong>concilio</strong></span> <span class='ocrx_word' id='word_1_135' title='bbox 756 2148 1046 2201; x_wconf 86' lang='lat' dir='ltr'><strong>interesse.</strong></span> <span class='ocrx_word' id='word_1_136' title='bbox 1073 2145 1230 2211; x_wconf 85' lang='lat' dir='ltr'><strong>Quod</strong></span> <span class='ocrx_word' id='word_1_137' title='bbox 1259 2161 1386 2200; x_wconf 92' lang='lat' dir='ltr'><strong>cum</strong></span> <span class='ocrx_word' id='word_1_138' title='bbox 1402 2146 2076 2200; x_wconf 75' lang='lat' dir='ltr'><strong>exsecutionimandatum</strong></span> 
     </span>
    </p>
   </div>
   <div class='ocr_carea' id='block_1_24' title="bbox 489 2232 2079 2307">
    <p class='ocr_par' dir='ltr' id='par_1_24' title="bbox 489 2232 2079 2307">
     <span class='ocr_line' id='line_1_24' title="bbox 489 2232 2079 2307; baseline -0.003 -14"><span class='ocrx_word' id='word_1_139' title='bbox 489 2241 707 2304; x_wconf 68' lang='lat' dir='ltr'><strong>l’uis&lt;et,</strong></span> <span class='ocrx_word' id='word_1_140' title='bbox 741 2240 1039 2293; x_wconf 88' lang='lat' dir='ltr'><strong>redeuntes</strong></span> <span class='ocrx_word' id='word_1_141' title='bbox 1073 2238 1110 2291; x_wconf 92' lang='lat' dir='ltr'><strong>ii</strong></span> <span class='ocrx_word' id='word_1_142' title='bbox 1138 2237 1231 2307; x_wconf 90' lang='lat' dir='ltr'><strong>qui</strong></span> <span class='ocrx_word' id='word_1_143' title='bbox 1285 2236 1435 2291; x_wconf 89' lang='lat' dir='ltr'><strong>missi</strong></span> <span class='ocrx_word' id='word_1_144' title='bbox 1463 2236 1684 2290; x_wconf 84' lang='lat' dir='ltr'><strong>fuerant</strong></span> <span class='ocrx_word' id='word_1_145' title='bbox 1736 2234 1804 2289; x_wconf 90' lang='lat' dir='ltr'><strong>ad</strong></span> <span class='ocrx_word' id='word_1_146' title='bbox 1855 2232 2079 2289; x_wconf 87' lang='lat' dir='ltr'><strong>Diosco-</strong></span> 
     </span>
    </p>
   </div>
   <div class='ocr_carea' id='block_1_25' title="bbox 487 2328 2074 2392">
    <p class='ocr_par' dir='ltr' id='par_1_25' title="bbox 487 2328 2074 2392">
     <span class='ocr_line' id='line_1_25' title="bbox 487 2328 2074 2392; baseline -0.003 -6"><span class='ocrx_word' id='word_1_147' title='bbox 487 2347 629 2392; x_wconf 84' lang='lat' dir='ltr'><strong>rum.</strong></span> <span class='ocrx_word' id='word_1_148' title='bbox 670 2330 1059 2385; x_wconf 89' lang='lat' dir='ltr'><strong>renuntiarunt</strong></span> <span class='ocrx_word' id='word_1_149' title='bbox 1083 2344 1211 2385; x_wconf 94' lang='lat' dir='ltr'><strong>eum</strong></span> <span class='ocrx_word' id='word_1_150' title='bbox 1234 2328 1439 2383; x_wconf 81' lang='lat' dir='ltr'><strong>dixisse</strong></span> <span class='ocrx_word' id='word_1_151' title='bbox 1465 2345 1478 2381; x_wconf 93' lang='lat'>:</span> <span class='ocrx_word' id='word_1_152' title='bbox 1512 2328 1626 2383; x_wconf 90' lang='lat' dir='ltr'><strong>Sub</strong></span> <span class='ocrx_word' id='word_1_153' title='bbox 1650 2328 1902 2383; x_wconf 91' lang='lat' dir='ltr'><strong>custodia</strong></span> <span class='ocrx_word' id='word_1_154' title='bbox 1932 2343 2074 2382; x_wconf 93' lang='lat' dir='ltr'><strong>sum.</strong></span> 
     </span>
    </p>
   </div>
   <div class='ocr_carea' id='block_1_26' title="bbox 487 2417 2073 2489">
    <p class='ocr_par' dir='ltr' id='par_1_26' title="bbox 487 2417 2073 2489">
     <span class='ocr_line' id='line_1_26' title="bbox 487 2417 2073 2489; baseline -0.003 -13"><span class='ocrx_word' id='word_1_155' title='bbox 487 2423 680 2477; x_wconf 89' lang='lat' dir='ltr'><strong>Dicant</strong></span> <span class='ocrx_word' id='word_1_156' title='bbox 718 2421 993 2485; x_wconf 86' lang='lat' dir='ltr'><strong>custodes,</strong></span> <span class='ocrx_word' id='word_1_157' title='bbox 1044 2420 1214 2474; x_wconf 86' lang='lat' dir='ltr'><strong>velint</strong></span> <span class='ocrx_word' id='word_1_158' title='bbox 1246 2435 1315 2475; x_wconf 89' lang='lat' dir='ltr'><strong>ne</strong></span> <span class='ocrx_word' id='word_1_159' title='bbox 1362 2420 1497 2473; x_wconf 86' lang='lat' dir='ltr'><strong>mihi</strong></span> <span class='ocrx_word' id='word_1_160' title='bbox 1526 2420 1855 2489; x_wconf 88' lang='lat' dir='ltr'><strong>permittere</strong></span> <span class='ocrx_word' id='word_1_161' title='bbox 1909 2426 1973 2472; x_wconf 87' lang='lat' dir='ltr'><strong>ut</strong></span> <span class='ocrx_word' id='word_1_162' title='bbox 2002 2417 2073 2471; x_wconf 88' lang='lat' dir='ltr'><strong>ad</strong></span> 
     </span>
    </p>
   </div>
   <div class='ocr_carea' id='block_1_27' title="bbox 484 2508 2077 2581">
    <p class='ocr_par' dir='ltr' id='par_1_27' title="bbox 484 2508 2077 2581">
     <span class='ocr_line' id='line_1_27' title="bbox 484 2508 2077 2581; baseline -0.003 -15"><span class='ocrx_word' id='word_1_163' title='bbox 484 2512 777 2567; x_wconf 89' lang='lat' dir='ltr'><strong>concilium</strong></span> <span class='ocrx_word' id='word_1_164' title='bbox 814 2526 1057 2579; x_wconf 69' lang='lat' dir='ltr'><strong>pergam.</strong></span> <span class='ocrx_word' id='word_1_165' title='bbox 1104 2510 1352 2579; x_wconf 84' lang='lat' dir='ltr'><strong>Cumque</strong></span> <span class='ocrx_word' id='word_1_166' title='bbox 1379 2510 1544 2581; x_wconf 80' lang='lat' dir='ltr'><strong>legati</strong></span> <span class='ocrx_word' id='word_1_167' title='bbox 1577 2508 1799 2563; x_wconf 89' lang='lat' dir='ltr'><strong>concilii</strong></span> <span class='ocrx_word' id='word_1_168' title='bbox 1842 2524 2077 2578; x_wconf 91' lang='lat' dir='ltr'><strong>respon-</strong></span> 
     </span>
    </p>
   </div>
   <div class='ocr_carea' id='block_1_28' title="bbox 485 2599 2077 2669">
    <p class='ocr_par' dir='ltr' id='par_1_28' title="bbox 485 2599 2077 2669">
     <span class='ocr_line' id='line_1_28' title="bbox 485 2599 2077 2669; baseline -0.003 -12"><span class='ocrx_word' id='word_1_169' title='bbox 485 2604 695 2657; x_wconf 87' lang='lat' dir='ltr'><strong>dissent</strong></span> <span class='ocrx_word' id='word_1_170' title='bbox 716 2620 773 2657; x_wconf 85' lang='lat' dir='ltr'><strong>se</strong></span> <span class='ocrx_word' id='word_1_171' title='bbox 788 2604 855 2657; x_wconf 86' lang='lat' dir='ltr'><strong>ad</strong></span> <span class='ocrx_word' id='word_1_172' title='bbox 888 2604 1041 2656; x_wconf 92' lang='lat' dir='ltr'><strong>illum</strong></span> <span class='ocrx_word' id='word_1_173' title='bbox 1071 2602 1271 2656; x_wconf 90' lang='lat' dir='ltr'><strong>missos</strong></span> <span class='ocrx_word' id='word_1_174' title='bbox 1289 2616 1431 2663; x_wconf 87' lang='lat' dir='ltr'><strong>esse,</strong></span> <span class='ocrx_word' id='word_1_175' title='bbox 1480 2615 1588 2654; x_wconf 90' lang='lat' dir='ltr'><strong>non</strong></span> <span class='ocrx_word' id='word_1_176' title='bbox 1620 2615 1752 2654; x_wconf 85' lang='lat' dir='ltr'><strong>vero</strong></span> <span class='ocrx_word' id='word_1_177' title='bbox 1782 2599 1847 2653; x_wconf 90' lang='lat' dir='ltr'><strong>ad</strong></span> <span class='ocrx_word' id='word_1_178' title='bbox 1905 2599 2077 2669; x_wconf 79' lang='lat' dir='ltr'><strong>magi-</strong></span> 
     </span>
    </p>
   </div>
   <div class='ocr_carea' id='block_1_29' title="bbox 485 2690 2079 2749">
    <p class='ocr_par' dir='ltr' id='par_1_29' title="bbox 485 2690 2079 2749">
     <span class='ocr_line' id='line_1_29' title="bbox 485 2690 2079 2749; baseline -0.004 0"><span class='ocrx_word' id='word_1_179' title='bbox 485 2694 743 2749; x_wconf 73' lang='lat' dir='ltr'><strong>str-ianos:</strong></span> <span class='ocrx_word' id='word_1_180' title='bbox 773 2693 1084 2747; x_wconf 82' lang='lat' dir='ltr'><strong>retulerunt</strong></span> <span class='ocrx_word' id='word_1_181' title='bbox 1107 2693 1426 2745; x_wconf 85' lang='lat' dir='ltr'><strong>Dioscorum</strong></span> <span class='ocrx_word' id='word_1_182' title='bbox 1452 2692 1569 2745; x_wconf 62' lang='lat' dir='ltr'><strong>hac</strong></span> <span class='ocrx_word' id='word_1_183' title='bbox 1585 2690 1790 2744; x_wconf 82' lang='lat' dir='ltr'><strong>dixisse</strong></span> <span class='ocrx_word' id='word_1_184' title='bbox 1813 2709 1825 2743; x_wconf 90' lang='lat'>:</span> <span class='ocrx_word' id='word_1_185' title='bbox 1851 2691 2079 2745; x_wconf 88' lang='lat' dir='ltr'><strong>Paratus</strong></span> 
     </span>
    </p>
   </div>
   <div class='ocr_carea' id='block_1_30' title="bbox 485 2778 2076 2838">
    <p class='ocr_par' dir='ltr' id='par_1_30' title="bbox 485 2778 2076 2838">
     <span class='ocr_line' id='line_1_30' title="bbox 485 2778 2076 2838; baseline -0.003 0"><span class='ocrx_word' id='word_1_186' title='bbox 485 2799 606 2838; x_wconf 88' lang='lat' dir='ltr'><strong>sum</strong></span> <span class='ocrx_word' id='word_1_187' title='bbox 642 2783 830 2836; x_wconf 84' lang='lat' dir='ltr'><strong>venire</strong></span> <span class='ocrx_word' id='word_1_188' title='bbox 853 2782 920 2834; x_wconf 89' lang='lat' dir='ltr'><strong>ad</strong></span> <span class='ocrx_word' id='word_1_189' title='bbox 953 2796 1166 2836; x_wconf 87' lang='lat' dir='ltr'><strong>sacrum</strong></span> <span class='ocrx_word' id='word_1_190' title='bbox 1198 2788 1253 2833; x_wconf 91' lang='lat' dir='ltr'><strong>et</strong></span> <span class='ocrx_word' id='word_1_191' title='bbox 1275 2780 1585 2834; x_wconf 88' lang='lat' dir='ltr'><strong>universale</strong></span> <span class='ocrx_word' id='word_1_192' title='bbox 1613 2781 1915 2834; x_wconf 90' lang='lat' dir='ltr'><strong>concilium</strong></span> <span class='ocrx_word' id='word_1_193' title='bbox 1946 2778 2076 2833; x_wconf 90' lang='lat' dir='ltr'><strong>:sed</strong></span> 
     </span>
    </p>
   </div>
   <div class='ocr_carea' id='block_1_31' title="bbox 484 2870 2065 2943">
    <p class='ocr_par' dir='ltr' id='par_1_31' title="bbox 484 2870 2065 2943">
     <span class='ocr_line' id='line_1_31' title="bbox 484 2870 2065 2943; baseline -0.002 -16"><span class='ocrx_word' id='word_1_194' title='bbox 484 2874 805 2943; x_wconf 85' lang='lat' dir='ltr'><strong>prohibeor.</strong></span> <span class='ocrx_word' id='word_1_195' title='bbox 848 2874 1060 2938; x_wconf 83' lang='lat' dir='ltr'><strong>Quibus</strong></span> <span class='ocrx_word' id='word_1_196' title='bbox 1098 2872 1297 2941; x_wconf 87' lang='lat' dir='ltr'><strong>adjecit</strong></span> <span class='ocrx_word' id='word_1_197' title='bbox 1347 2871 1647 2935; x_wconf 82' lang='lat' dir='ltr'><strong>Himerius,</strong></span> <span class='ocrx_word' id='word_1_198' title='bbox 1697 2870 2065 2925; x_wconf 86' lang='lat' dir='ltr'><strong>redeuntibus</strong></span> 
     </span>
    </p>
   </div>
   <div class='ocr_carea' id='block_1_32' title="bbox 486 2962 2079 3037">
    <p class='ocr_par' dir='ltr' id='par_1_32' title="bbox 486 2962 2079 3037">
     <span class='ocr_line' id='line_1_32' title="bbox 486 2962 2079 3037; baseline -0.004 -15"><span class='ocrx_word' id='word_1_199' title='bbox 486 2968 950 3037; x_wconf 87' lang='lat' dir='ltr'><strong>ipsisaDioscoro</strong></span> <span class='ocrx_word' id='word_1_200' title='bbox 1001 2965 1309 3019; x_wconf 84' lang='lat' dir='ltr'><strong>occurrisse</strong></span> <span class='ocrx_word' id='word_1_201' title='bbox 1339 2963 1649 3034; x_wconf 86' lang='lat' dir='ltr'><strong>adjutorem</strong></span> <span class='ocrx_word' id='word_1_202' title='bbox 1694 2962 1939 3031; x_wconf 84' lang='lat' dir='ltr'><strong>magistri</strong></span> <span class='ocrx_word' id='word_1_203' title='bbox 1993 2978 2079 3016; x_wconf 87' lang='lat' dir='ltr'><strong>sa-</strong></span> 
     </span>
    </p>
   </div>
   <div class='ocr_carea' id='block_1_33' title="bbox 484 3055 2077 3125">
    <p class='ocr_par' dir='ltr' id='par_1_33' title="bbox 484 3055 2077 3125">
     <span class='ocr_line' id='line_1_33' title="bbox 484 3055 2077 3125; baseline -0.004 -12"><span class='ocrx_word' id='word_1_204' title='bbox 484 3075 711 3114; x_wconf 77' lang='lat' dir='ltr'><strong>crorum</strong></span> <span class='ocrx_word' id='word_1_205' title='bbox 740 3059 1067 3121; x_wconf 85' lang='lat' dir='ltr'><strong>olliciorum,</strong></span> <span class='ocrx_word' id='word_1_206' title='bbox 1103 3066 1160 3111; x_wconf 87' lang='lat' dir='ltr'><strong>et</strong></span> <span class='ocrx_word' id='word_1_207' title='bbox 1186 3058 1480 3125; x_wconf 90' lang='lat' dir='ltr'><strong>episcopos</strong></span> <span class='ocrx_word' id='word_1_208' title='bbox 1515 3072 1622 3109; x_wconf 91' lang='lat' dir='ltr'><strong>una</strong></span> <span class='ocrx_word' id='word_1_209' title='bbox 1672 3071 1799 3110; x_wconf 86' lang='lat' dir='ltr'><strong>cum</strong></span> <span class='ocrx_word' id='word_1_210' title='bbox 1839 3055 1936 3108; x_wconf 84' lang='lat' dir='ltr'><strong>i-llo</strong></span> <span class='ocrx_word' id='word_1_211' title='bbox 1989 3069 2077 3107; x_wconf 84' lang='lat' dir='ltr'><strong>re-</strong></span> 
     </span>
    </p>
   </div>
   <div class='ocr_carea' id='block_1_34' title="bbox 2183 592 3762 667">
    <p class='ocr_par' dir='ltr' id='par_1_34' title="bbox 2183 592 3762 667">
     <span class='ocr_line' id='line_1_34' title="bbox 2183 592 3762 667; baseline 0.003 -21"><span class='ocrx_word' id='word_1_212' title='bbox 2183 592 2572 665; x_wconf 81' lang='grc' dir='ltr'><strong>προστέθεικεν</strong></span> <span class='ocrx_word' id='word_1_213' title='bbox 2601 594 2661 646; x_wconf 81' lang='grc' dir='ltr'><strong>ὲν</strong></span> <span class='ocrx_word' id='word_1_214' title='bbox 2688 597 2801 658; x_wconf 86' lang='grc' dir='ltr'>τοῖς</span> <span class='ocrx_word' id='word_1_215' title='bbox 2825 595 3209 666; x_wconf 82' lang='grc' dir='ltr'>ὑπομνήμασι,</span> <span class='ocrx_word' id='word_1_216' title='bbox 3247 598 3343 651; x_wconf 75' lang='grc' dir='ltr'>καὶ</span> <span class='ocrx_word' id='word_1_217' title='bbox 3374 593 3449 661; x_wconf 77' lang='grc' dir='ltr'>ὥς</span> <span class='ocrx_word' id='word_1_218' title='bbox 3476 599 3762 667; x_wconf 76' lang='grc' dir='ltr'><strong>ἀγράφους</strong></span> 
     </span>
    </p>
   </div>
   <div class='ocr_carea' id='block_1_35' title="bbox 2184 684 3774 759">
    <p class='ocr_par' dir='ltr' id='par_1_35' title="bbox 2184 684 3774 759">
     <span class='ocr_line' id='line_1_35' title="bbox 2184 684 3774 759; baseline 0.006 -24"><span class='ocrx_word' id='word_1_219' title='bbox 2184 685 2387 753; x_wconf 75' lang='grc' dir='ltr'>χάρτας</span> <span class='ocrx_word' id='word_1_220' title='bbox 2435 684 2848 754; x_wconf 69' lang='grc' dir='ltr'>παρεσκεύασεν</span> <span class='ocrx_word' id='word_1_221' title='bbox 2887 686 3085 749; x_wconf 82' lang='grc' dir='ltr'>αὐτοὺς</span> <span class='ocrx_word' id='word_1_222' title='bbox 3114 687 3604 759; x_wconf 80' lang='grc' dir='ltr'>ὑποσημήνασθαι.</span> <span class='ocrx_word' id='word_1_223' title='bbox 3647 691 3774 756; x_wconf 45' lang='grc' dir='ltr'>Καὶ,</span> 
     </span>
    </p>
   </div>
   <div class='ocr_carea' id='block_1_36' title="bbox 2182 770 3759 852">
    <p class='ocr_par' dir='ltr' id='par_1_36' title="bbox 2182 770 3759 852">
     <span class='ocr_line' id='line_1_36' title="bbox 2182 770 3759 852; baseline 0.003 -23"><span class='ocrx_word' id='word_1_224' title='bbox 2182 777 2375 846; x_wconf 81' lang='grc' dir='ltr'>ἐδεήθη</span> <span class='ocrx_word' id='word_1_225' title='bbox 2412 777 2551 829; x_wconf 81' lang='grc' dir='ltr'>ὥστε</span> <span class='ocrx_word' id='word_1_226' title='bbox 2580 778 2642 829; x_wconf 83' lang='grc' dir='ltr'><strong>ὲκ</strong></span> <span class='ocrx_word' id='word_1_227' title='bbox 2664 776 2844 848; x_wconf 73' lang='grc' dir='ltr'>ψήφου</span> <span class='ocrx_word' id='word_1_228' title='bbox 2866 779 2975 829; x_wconf 79' lang='grc' dir='ltr'>τῶν</span> <span class='ocrx_word' id='word_1_229' title='bbox 3008 780 3441 851; x_wconf 63' lang='grc' dir='ltr'><strong>συνειλεγμένων</strong></span> <span class='ocrx_word' id='word_1_230' title='bbox 3466 770 3759 852; x_wconf 82' lang='grc' dir='ltr'>ἀκυρωθῆ-</span> 
     </span>
    </p>
   </div>
   <div class='ocr_carea' id='block_1_37' title="bbox 2181 868 3759 944">
    <p class='ocr_par' dir='ltr' id='par_1_37' title="bbox 2181 868 3759 944">
     <span class='ocr_line' id='line_1_37' title="bbox 2181 868 3759 944; baseline 0.004 -24"><span class='ocrx_word' id='word_1_231' title='bbox 2181 886 2269 921; x_wconf 64' lang='lat' dir='ltr'><strong>vat</strong></span> <span class='ocrx_word' id='word_1_232' title='bbox 2304 868 2482 924; x_wconf 83' lang='grc' dir='ltr'>πάντα</span> <span class='ocrx_word' id='word_1_233' title='bbox 2526 868 2593 922; x_wconf 81' lang='grc' dir='ltr'><strong>τὰ</strong></span> <span class='ocrx_word' id='word_1_234' title='bbox 2640 871 2696 922; x_wconf 83' lang='grc' dir='ltr'><strong>ὲν</strong></span> <span class='ocrx_word' id='word_1_235' title='bbox 2745 873 2809 940; x_wconf 84' lang='grc' dir='ltr'><strong>τῇ</strong></span> <span class='ocrx_word' id='word_1_236' title='bbox 2851 870 3077 941; x_wconf 74' lang='grc' dir='ltr'>δευτέρᾳ</span> <span class='ocrx_word' id='word_1_237' title='bbox 3111 872 3311 939; x_wconf 82' lang='grc' dir='ltr'><strong>συνόδῳ</strong></span> <span class='ocrx_word' id='word_1_238' title='bbox 3339 876 3406 944; x_wconf 82' lang='grc' dir='ltr'><strong>τῇ</strong></span> <span class='ocrx_word' id='word_1_239' title='bbox 3447 876 3504 926; x_wconf 82' lang='grc' dir='ltr'><strong>ὲν</strong></span> <span class='ocrx_word' id='word_1_240' title='bbox 3546 873 3759 942; x_wconf 78' lang='grc' dir='ltr'>Ἐφέσῳ</span> 
     </span>
    </p>
   </div>
   <div class='ocr_carea' id='block_1_38' title="bbox 2182 961 3762 1037">
    <p class='ocr_par' dir='ltr' id='par_1_38' title="bbox 2182 961 3762 1037">
     <span class='ocr_line' id='line_1_38' title="bbox 2182 961 3762 1037; baseline 0.006 -26"><span class='ocrx_word' id='word_1_241' title='bbox 2182 961 2578 1031; x_wconf 87' lang='grc' dir='ltr'>πεπραγμένα,</span> <span class='ocrx_word' id='word_1_242' title='bbox 2610 963 2704 1015; x_wconf 57' lang='grc' dir='ltr'><strong>καὶ⁴</strong></span> <span class='ocrx_word' id='word_1_243' title='bbox 2753 962 2899 1031; x_wconf 78' lang='grc' dir='ltr'>ἔχειν</span> <span class='ocrx_word' id='word_1_244' title='bbox 2940 964 3140 1027; x_wconf 82' lang='grc' dir='ltr'>αὐτοὺς</span> <span class='ocrx_word' id='word_1_245' title='bbox 3171 966 3271 1035; x_wconf 84' lang='grc' dir='ltr'>τὴν</span> <span class='ocrx_word' id='word_1_246' title='bbox 3307 966 3626 1037; x_wconf 81' lang='grc' dir='ltr'><strong>ἱερωσύνην,</strong></span> <span class='ocrx_word' id='word_1_247' title='bbox 3662 967 3762 1021; x_wconf 74' lang='grc' dir='ltr'>καὶ</span> 
     </span>
    </p>
   </div>
   <div class='ocr_carea' id='block_1_39' title="bbox 2182 1053 3759 1127">
    <p class='ocr_par' dir='ltr' id='par_1_39' title="bbox 2182 1053 3759 1127">
     <span class='ocr_line' id='line_1_39' title="bbox 2182 1053 3759 1127; baseline 0.005 -24"><span class='ocrx_word' id='word_1_248' title='bbox 2182 1053 2683 1124; x_wconf 79' lang='grc' dir='ltr'>ἁναθεματισθῆναι</span> <span class='ocrx_word' id='word_1_249' title='bbox 2702 1056 2761 1107; x_wconf 85' lang='grc' dir='ltr'>τὸ</span> <span class='ocrx_word' id='word_1_250' title='bbox 2790 1056 2986 1125; x_wconf 69' lang='grc' dir='ltr'>μιαρὸν</span> <span class='ocrx_word' id='word_1_251' title='bbox 3016 1058 3190 1109; x_wconf 78' lang='grc' dir='ltr'>έκεῖνο</span> <span class='ocrx_word' id='word_1_252' title='bbox 3226 1057 3423 1126; x_wconf 87' lang='grc' dir='ltr'>δόγμα.</span> <span class='ocrx_word' id='word_1_253' title='bbox 3458 1060 3566 1111; x_wconf 76' lang='grc' dir='ltr'><strong>Καὶ</strong></span> <span class='ocrx_word' id='word_1_254' title='bbox 3591 1058 3759 1127; x_wconf 73' lang='grc' dir='ltr'>ἠξίω-</span> 
     </span>
    </p>
   </div>
   <div class='ocr_carea' id='block_1_40' title="bbox 2184 1143 3755 1219">
    <p class='ocr_par' dir='ltr' id='par_1_40' title="bbox 2184 1143 3755 1219">
     <span class='ocr_line' id='line_1_40' title="bbox 2184 1143 3755 1219; baseline 0.005 -24"><span class='ocrx_word' id='word_1_255' title='bbox 2184 1160 2242 1195; x_wconf 88' lang='grc' dir='ltr'><strong>σε</strong></span> <span class='ocrx_word' id='word_1_256' title='bbox 2282 1143 2422 1211; x_wconf 86' lang='grc' dir='ltr'><strong>μετά</strong></span> <span class='ocrx_word' id='word_1_257' title='bbox 2443 1143 2542 1214; x_wconf 82' lang='grc' dir='ltr'>τὴν</span> <span class='ocrx_word' id='word_1_258' title='bbox 2564 1145 2891 1213; x_wconf 79' lang='grc' dir='ltr'>ἀνάγνωσιν,</span> <span class='ocrx_word' id='word_1_259' title='bbox 2936 1147 3028 1198; x_wconf 75' lang='grc' dir='ltr'><strong>καὶ</strong></span> <span class='ocrx_word' id='word_1_260' title='bbox 3058 1146 3150 1198; x_wconf 77' lang='grc' dir='ltr'>τὸν</span> <span class='ocrx_word' id='word_1_261' title='bbox 3175 1148 3446 1201; x_wconf 70' lang='grc' dir='ltr'><strong>ἀντίδικον</strong></span> <span class='ocrx_word' id='word_1_262' title='bbox 3475 1152 3755 1219; x_wconf 81' lang='grc' dir='ltr'>παρεῖναι.</span> 
     </span>
    </p>
   </div>
   <div class='ocr_carea' id='block_1_41' title="bbox 2182 1230 3736 1312">
    <p class='ocr_par' dir='ltr' id='par_1_41' title="bbox 2182 1230 3736 1312">
     <span class='ocr_line' id='line_1_41' title="bbox 2182 1230 3736 1312; baseline 0.003 -23"><span class='ocrx_word' id='word_1_263' title='bbox 2182 1230 2256 1291; x_wconf 76' lang='grc' dir='ltr'><strong>Οὖ</strong></span> <span class='ocrx_word' id='word_1_264' title='bbox 2284 1237 2346 1305; x_wconf 83' lang='grc' dir='ltr'><strong>δὴ</strong></span> <span class='ocrx_word' id='word_1_265' title='bbox 2383 1236 2798 1310; x_wconf 78' lang='grc' dir='ltr'><strong>διαλαληθέντος</strong></span> <span class='ocrx_word' id='word_1_266' title='bbox 2831 1239 3109 1306; x_wconf 88' lang='grc' dir='ltr'>γενέσθαι,</span> <span class='ocrx_word' id='word_1_267' title='bbox 3157 1240 3379 1310; x_wconf 76' lang='grc' dir='ltr'>εἴρηκεν</span> <span class='ocrx_word' id='word_1_268' title='bbox 3430 1241 3632 1303; x_wconf 81' lang='grc' dir='ltr'>Ἀέτιος</span> <span class='ocrx_word' id='word_1_269' title='bbox 3663 1244 3736 1312; x_wconf 86' lang='grc' dir='ltr'><strong>ἀρ</strong></span> 
     </span>
    </p>
   </div>
   <div class='ocr_carea' id='block_1_42' title="bbox 2181 1330 3762 1407">
    <p class='ocr_par' dir='ltr' id='par_1_42' title="bbox 2181 1330 3762 1407">
     <span class='ocr_line' id='line_1_42' title="bbox 2181 1330 3762 1407; baseline 0.004 -25"><span class='ocrx_word' id='word_1_270' title='bbox 2181 1330 2484 1399; x_wconf 86' lang='grc' dir='ltr'>χιδιάκονος</span> <span class='ocrx_word' id='word_1_271' title='bbox 2508 1331 2602 1382; x_wconf 76' lang='grc' dir='ltr'>καὶ</span> <span class='ocrx_word' id='word_1_272' title='bbox 2624 1335 2989 1402; x_wconf 79' lang='grc' dir='ltr'>πριμικήριος</span> <span class='ocrx_word' id='word_1_273' title='bbox 3018 1332 3305 1403; x_wconf 81' lang='grc' dir='ltr'>νοταρίων,</span> <span class='ocrx_word' id='word_1_274' title='bbox 3336 1334 3412 1399; x_wconf 84' lang='grc' dir='ltr'><strong>ὡς</strong></span> <span class='ocrx_word' id='word_1_275' title='bbox 3441 1335 3592 1407; x_wconf 74' lang='grc' dir='ltr'>διέϐη</span> <span class='ocrx_word' id='word_1_276' title='bbox 3626 1338 3762 1407; x_wconf 79' lang='grc' dir='ltr'>πρὸς</span> 
     </span>
    </p>
   </div>
   <div class='ocr_carea' id='block_1_43' title="bbox 2180 1420 3763 1496">
    <p class='ocr_par' dir='ltr' id='par_1_43' title="bbox 2180 1420 3763 1496">
     <span class='ocr_line' id='line_1_43' title="bbox 2180 1420 3763 1496; baseline 0.004 -20"><span class='ocrx_word' id='word_1_277' title='bbox 2180 1425 2496 1491; x_wconf 77' lang='grc' dir='ltr'>Διόσκορον,</span> <span class='ocrx_word' id='word_1_278' title='bbox 2555 1423 2765 1493; x_wconf 87' lang='grc' dir='ltr'>ὥσπερ.</span> <span class='ocrx_word' id='word_1_279' title='bbox 2806 1420 2899 1478; x_wconf 80' lang='grc' dir='ltr'>οὖν</span> <span class='ocrx_word' id='word_1_280' title='bbox 2954 1425 3212 1496; x_wconf 75' lang='grc' dir='ltr'>καὶπρὸς</span> <span class='ocrx_word' id='word_1_281' title='bbox 3253 1427 3380 1489; x_wconf 83' lang='grc' dir='ltr'>τοὺς</span> <span class='ocrx_word' id='word_1_282' title='bbox 3418 1426 3635 1493; x_wconf 83' lang='grc' dir='ltr'>ἀλλους,</span> <span class='ocrx_word' id='word_1_283' title='bbox 3664 1430 3763 1482; x_wconf 76' lang='grc' dir='ltr'>καὶ</span> 
     </span>
    </p>
   </div>
   <div class='ocr_carea' id='block_1_44' title="bbox 2180 1511 3761 1587">
    <p class='ocr_par' dir='ltr' id='par_1_44' title="bbox 2180 1511 3761 1587">
     <span class='ocr_line' id='line_1_44' title="bbox 2180 1511 3761 1587; baseline 0.003 -19"><span class='ocrx_word' id='word_1_284' title='bbox 2180 1511 2300 1568; x_wconf 73' lang='grc' dir='ltr'>εἶπε</span> <span class='ocrx_word' id='word_1_285' title='bbox 2328 1517 2397 1576; x_wconf 84' lang='grc'><strong>⁸³,</strong></span> <span class='ocrx_word' id='word_1_286' title='bbox 2424 1514 2499 1585; x_wconf 85' lang='grc' dir='ltr'>μὴ</span> <span class='ocrx_word' id='word_1_287' title='bbox 2531 1515 2934 1587; x_wconf 79' lang='grc' dir='ltr'><strong>συγχωρεῖσθαι</strong></span> <span class='ocrx_word' id='word_1_288' title='bbox 2976 1516 3082 1570; x_wconf 84' lang='grc' dir='ltr'>ὑπὸ</span> <span class='ocrx_word' id='word_1_289' title='bbox 3117 1516 3225 1571; x_wconf 87' lang='grc' dir='ltr'><strong>τῶν</strong></span> <span class='ocrx_word' id='word_1_290' title='bbox 3258 1518 3637 1587; x_wconf 83' lang='grc' dir='ltr'>φυλαττόντων</span> <span class='ocrx_word' id='word_1_291' title='bbox 3661 1522 3761 1573; x_wconf 79' lang='grc' dir='ltr'><strong>αὐο</strong></span> 
     </span>
    </p>
   </div>
   <div class='ocr_carea' id='block_1_45' title="bbox 2178 1607 2730 1678">
    <p class='ocr_par' dir='ltr' id='par_1_45' title="bbox 2178 1607 2730 1678">
     <span class='ocr_line' id='line_1_45' title="bbox 2178 1607 2730 1678; baseline 0 -18"><span class='ocrx_word' id='word_1_292' title='bbox 2178 1607 2267 1660; x_wconf 77' lang='grc' dir='ltr'>τὸν</span> <span class='ocrx_word' id='word_1_293' title='bbox 2300 1607 2730 1678; x_wconf 82' lang='grc' dir='ltr'><strong>παραγενέσθαι.</strong></span> 
     </span>
    </p>
   </div>
   <div class='ocr_carea' id='block_1_46' title="bbox 2252 1783 3762 1855">
    <p class='ocr_par' dir='ltr' id='par_1_46' title="bbox 2252 1783 3762 1855">
     <span class='ocr_line' id='line_1_46' title="bbox 2252 1783 3762 1855; baseline 0.002 -17"><span class='ocrx_word' id='word_1_294' title='bbox 2252 1785 2362 1839; x_wconf 75' lang='grc' dir='ltr'><strong>Καὶ</strong></span> <span class='ocrx_word' id='word_1_295' title='bbox 2388 1784 2679 1853; x_wconf 78' lang='grc' dir='ltr'>διελαλήθη</span> <span class='ocrx_word' id='word_1_296' title='bbox 2711 1783 3019 1855; x_wconf 79' lang='grc' dir='ltr'>ζητηθῆναι</span> <span class='ocrx_word' id='word_1_297' title='bbox 3048 1784 3140 1838; x_wconf 75' lang='grc' dir='ltr'>τὸν</span> <span class='ocrx_word' id='word_1_298' title='bbox 3172 1785 3463 1855; x_wconf 88' lang='grc' dir='ltr'>Διόσκορον</span> <span class='ocrx_word' id='word_1_299' title='bbox 3514 1786 3620 1854; x_wconf 78' lang='grc' dir='ltr'>πρὸ</span> <span class='ocrx_word' id='word_1_300' title='bbox 3663 1787 3762 1842; x_wconf 80' lang='grc' dir='ltr'>τοῦ</span> 
     </span>
    </p>
   </div>
   <div class='ocr_carea' id='block_1_47' title="bbox 2181 1875 3761 1947">
    <p class='ocr_par' dir='ltr' id='par_1_47' title="bbox 2181 1875 3761 1947">
     <span class='ocr_line' id='line_1_47' title="bbox 2181 1875 3761 1947; baseline -0.001 -16"><span class='ocrx_word' id='word_1_301' title='bbox 2181 1876 2478 1947; x_wconf 87' lang='grc' dir='ltr'>συνεδρίου.</span> <span class='ocrx_word' id='word_1_302' title='bbox 2538 1875 2650 1929; x_wconf 75' lang='grc' dir='ltr'><strong>Καὶ</strong></span> <span class='ocrx_word' id='word_1_303' title='bbox 2709 1876 2783 1944; x_wconf 81' lang='grc' dir='ltr'>μὴ</span> <span class='ocrx_word' id='word_1_304' title='bbox 2826 1876 3147 1944; x_wconf 76' lang='grc' dir='ltr'>εὑρεθέντος</span> <span class='ocrx_word' id='word_1_305' title='bbox 3194 1877 3384 1941; x_wconf 81' lang='grc' dir='ltr'>αὐτοῦ,</span> <span class='ocrx_word' id='word_1_306' title='bbox 3452 1878 3761 1944; x_wconf 81' lang='grc' dir='ltr'>Ἀνατόλιος</span> 
     </span>
    </p>
   </div>
   <div class='ocr_carea' id='block_1_48' title="bbox 2178 1968 3763 2041">
    <p class='ocr_par' dir='ltr' id='par_1_48' title="bbox 2178 1968 3763 2041">
     <span class='ocr_line' id='line_1_48' title="bbox 2178 1968 3763 2041; baseline 0.003 -20"><span class='ocrx_word' id='word_1_307' title='bbox 2178 1968 2472 2031; x_wconf 76' lang='grc' dir='ltr'><strong>ἐπίσκοπος</strong></span> <span class='ocrx_word' id='word_1_308' title='bbox 2496 1968 3122 2032; x_wconf 84' lang='grc' dir='ltr'>Κωνσταντινουπόλεως</span> <span class='ocrx_word' id='word_1_309' title='bbox 3151 1968 3490 2036; x_wconf 85' lang='grc' dir='ltr'>διελάλησεν,</span> <span class='ocrx_word' id='word_1_310' title='bbox 3523 1971 3763 2041; x_wconf 79' lang='grc' dir='ltr'>ὀφείλειν</span> 
     </span>
    </p>
   </div>
   <div class='ocr_carea' id='block_1_49' title="bbox 2177 2056 3761 2131">
    <p class='ocr_par' dir='ltr' id='par_1_49' title="bbox 2177 2056 3761 2131">
     <span class='ocr_line' id='line_1_49' title="bbox 2177 2056 3761 2131; baseline 0.003 -21"><span class='ocrx_word' id='word_1_311' title='bbox 2177 2058 2339 2110; x_wconf 80' lang='grc' dir='ltr'>αὐτόν</span> <span class='ocrx_word' id='word_1_312' title='bbox 2381 2056 2811 2128; x_wconf 80' lang='grc' dir='ltr'>μετακληθῆναι,</span> <span class='ocrx_word' id='word_1_313' title='bbox 2858 2058 2955 2111; x_wconf 79' lang='grc' dir='ltr'><strong>καὶ</strong></span> <span class='ocrx_word' id='word_1_314' title='bbox 2988 2059 3046 2112; x_wconf 79' lang='grc' dir='ltr'><strong>ἐν</strong></span> <span class='ocrx_word' id='word_1_315' title='bbox 3095 2061 3160 2128; x_wconf 80' lang='grc' dir='ltr'>τῇ</span> <span class='ocrx_word' id='word_1_316' title='bbox 3198 2060 3401 2130; x_wconf 79' lang='grc' dir='ltr'>συνόδῳ</span> <span class='ocrx_word' id='word_1_317' title='bbox 3449 2063 3761 2131; x_wconf 83' lang='grc' dir='ltr'>παραγενέ-</span> 
     </span>
    </p>
   </div>
   <div class='ocr_carea' id='block_1_50' title="bbox 2180 2148 3763 2221">
    <p class='ocr_par' dir='ltr' id='par_1_50' title="bbox 2180 2148 3763 2221">
     <span class='ocr_line' id='line_1_50' title="bbox 2180 2148 3763 2221; baseline 0.006 -24"><span class='ocrx_word' id='word_1_318' title='bbox 2180 2149 2326 2202; x_wconf 75' lang='grc' dir='ltr'>σθαι.</span> <span class='ocrx_word' id='word_1_319' title='bbox 2364 2148 2473 2200; x_wconf 81' lang='grc' dir='ltr'><strong>Καὶ</strong></span> <span class='ocrx_word' id='word_1_320' title='bbox 2501 2148 2695 2200; x_wconf 89' lang='grc' dir='ltr'>τούτου</span> <span class='ocrx_word' id='word_1_321' title='bbox 2725 2149 3048 2217; x_wconf 79' lang='grc' dir='ltr'>γενομένου,</span> <span class='ocrx_word' id='word_1_322' title='bbox 3082 2152 3523 2221; x_wconf 82' lang='grc' dir='ltr'>παραγενόμενοι</span> <span class='ocrx_word' id='word_1_323' title='bbox 3549 2155 3597 2205; x_wconf 86' lang='lat' dir='ltr'><strong>oi</strong></span> <span class='ocrx_word' id='word_1_324' title='bbox 3630 2155 3763 2206; x_wconf 74' lang='grc' dir='ltr'>ἀπο·</span> 
     </span>
    </p>
   </div>
   <div class='ocr_carea' id='block_1_51' title="bbox 2180 2240 3759 2314">
    <p class='ocr_par' dir='ltr' id='par_1_51' title="bbox 2180 2240 3759 2314">
     <span class='ocr_line' id='line_1_51' title="bbox 2180 2240 3759 2314; baseline 0.005 -23"><span class='ocrx_word' id='word_1_325' title='bbox 2180 2240 2489 2303; x_wconf 81' lang='grc' dir='ltr'>σταλέντες,</span> <span class='ocrx_word' id='word_1_326' title='bbox 2528 2240 2785 2309; x_wconf 73' lang='grc' dir='ltr'>εἰρήκασι</span> <span class='ocrx_word' id='word_1_327' title='bbox 2825 2240 3001 2292; x_wconf 78' lang='grc' dir='ltr'>εἰπεῖν</span> <span class='ocrx_word' id='word_1_328' title='bbox 3038 2241 3224 2308; x_wconf 83' lang='grc' dir='ltr'>αὑτὸν,</span> <span class='ocrx_word' id='word_1_329' title='bbox 3250 2244 3596 2312; x_wconf 83' lang='grc' dir='ltr'>Φυλάττομαι</span> <span class='ocrx_word' id='word_1_330' title='bbox 3626 2247 3759 2314; x_wconf 78' lang='grc' dir='ltr'><strong>ἐγώ.</strong></span> 
     </span>
    </p>
   </div>
   <div class='ocr_carea' id='block_1_52' title="bbox 2181 2329 3762 2401">
    <p class='ocr_par' dir='ltr' id='par_1_52' title="bbox 2181 2329 3762 2401">
     <span class='ocr_line' id='line_1_52' title="bbox 2181 2329 3762 2401; baseline 0.004 -19"><span class='ocrx_word' id='word_1_331' title='bbox 2181 2330 2242 2382; x_wconf 82' lang='lat' dir='ltr'><strong>El</strong></span> <span class='ocrx_word' id='word_1_332' title='bbox 2282 2330 2338 2383; x_wconf 78' lang='grc' dir='ltr'>δὲ</span> <span class='ocrx_word' id='word_1_333' title='bbox 2384 2329 2729 2401; x_wconf 79' lang='grc' dir='ltr'>συγχωροῦσι</span> <span class='ocrx_word' id='word_1_334' title='bbox 2772 2346 2867 2400; x_wconf 87' lang='grc' dir='ltr'><strong>μοι</strong></span> <span class='ocrx_word' id='word_1_335' title='bbox 2917 2330 3222 2396; x_wconf 74' lang='grc' dir='ltr'>κατελθεῖν,</span> <span class='ocrx_word' id='word_1_336' title='bbox 3280 2335 3612 2388; x_wconf 77' lang='grc' dir='ltr'><strong>εἰπάτωσαν.</strong></span> <span class='ocrx_word' id='word_1_337' title='bbox 3649 2338 3762 2389; x_wconf 82' lang='grc' dir='ltr'>Και</span> 
     </span>
    </p>
   </div>
   <div class='ocr_carea' id='block_1_53' title="bbox 2180 2420 3760 2495">
    <p class='ocr_par' dir='ltr' id='par_1_53' title="bbox 2180 2420 3760 2495">
     <span class='ocr_line' id='line_1_53' title="bbox 2180 2420 3760 2495; baseline 0.003 -21"><span class='ocrx_word' id='word_1_338' title='bbox 2180 2421 2442 2474; x_wconf 75' lang='grc' dir='ltr'>εἰπόντων</span> <span class='ocrx_word' id='word_1_339' title='bbox 2474 2420 2625 2491; x_wconf 85' lang='grc' dir='ltr'><strong>αὐτῷ</strong></span> <span class='ocrx_word' id='word_1_340' title='bbox 2655 2420 2769 2473; x_wconf 83' lang='grc' dir='ltr'><strong>τῶν</strong></span> <span class='ocrx_word' id='word_1_341' title='bbox 2792 2420 3247 2491; x_wconf 83' lang='grc' dir='ltr'>ἀπεσταλμένων,</span> <span class='ocrx_word' id='word_1_342' title='bbox 3289 2425 3365 2487; x_wconf 84' lang='grc' dir='ltr'>ὡς</span> <span class='ocrx_word' id='word_1_343' title='bbox 3407 2426 3542 2495; x_wconf 78' lang='grc' dir='ltr'>πρὸς</span> <span class='ocrx_word' id='word_1_344' title='bbox 3573 2427 3760 2490; x_wconf 78' lang='grc' dir='ltr'>αὑτὸν,</span> 
     </span>
    </p>
   </div>
   <div class='ocr_carea' id='block_1_54' title="bbox 2179 2499 3766 2591">
    <p class='ocr_par' dir='ltr' id='par_1_54' title="bbox 2179 2499 3766 2591">
     <span class='ocr_line' id='line_1_54' title="bbox 2179 2499 3766 2591; baseline 0.001 -26"><span class='ocrx_word' id='word_1_345' title='bbox 2179 2513 2238 2566; x_wconf 78' lang='grc' dir='ltr'>οὺ</span> <span class='ocrx_word' id='word_1_346' title='bbox 2268 2513 2403 2583; x_wconf 82' lang='grc' dir='ltr'>πρὸς</span> <span class='ocrx_word' id='word_1_347' title='bbox 2430 2513 2557 2573; x_wconf 81' lang='grc' dir='ltr'>τοὺς</span> <span class='ocrx_word' id='word_1_348' title='bbox 2590 2515 3019 2583; x_wconf 83' lang='grc' dir='ltr'>μαγιστριανοὺς</span> <span class='ocrx_word' id='word_1_349' title='bbox 3048 2499 3458 2591; x_wconf 73' lang='grc' dir='ltr'>ἀπεστάλησαν,</span> <span class='ocrx_word' id='word_1_350' title='bbox 3482 2514 3766 2585; x_wconf 80' lang='grc' dir='ltr'>διεξῆλθον</span> 
     </span>
    </p>
   </div>
   <div class='ocr_carea' id='block_1_55' title="bbox 2180 2604 3762 2679">
    <p class='ocr_par' dir='ltr' id='par_1_55' title="bbox 2180 2604 3762 2679">
     <span class='ocr_line' id='line_1_55' title="bbox 2180 2604 3762 2679; baseline 0.003 -23"><span class='ocrx_word' id='word_1_351' title='bbox 2180 2605 2356 2657; x_wconf 80' lang='grc' dir='ltr'>εἰπεῖν</span> <span class='ocrx_word' id='word_1_352' title='bbox 2406 2604 2590 2666; x_wconf 76' lang='grc' dir='ltr'>αὐτὸν,</span> <span class='ocrx_word' id='word_1_353' title='bbox 2622 2605 2881 2675; x_wconf 81' lang='grc' dir='ltr'>’Έτοιμός</span> <span class='ocrx_word' id='word_1_354' title='bbox 2914 2608 3030 2675; x_wconf 78' lang='grc' dir='ltr'>εἰμι</span> <span class='ocrx_word' id='word_1_355' title='bbox 3072 2608 3485 2677; x_wconf 82' lang='grc' dir='ltr'>παραγενέσθαι</span> <span class='ocrx_word' id='word_1_356' title='bbox 3537 2610 3617 2671; x_wconf 78' lang='grc' dir='ltr'><strong>εἰς</strong></span> <span class='ocrx_word' id='word_1_357' title='bbox 3662 2610 3762 2679; x_wconf 81' lang='grc' dir='ltr'>τὴν</span> 
     </span>
    </p>
   </div>
   <div class='ocr_carea' id='block_1_56' title="bbox 2181 2697 3758 2769">
    <p class='ocr_par' dir='ltr' id='par_1_56' title="bbox 2181 2697 3758 2769">
     <span class='ocr_line' id='line_1_56' title="bbox 2181 2697 3758 2769; baseline 0.003 -19"><span class='ocrx_word' id='word_1_358' title='bbox 2181 2697 2341 2764; x_wconf 83' lang='grc' dir='ltr'>ἁγίαν</span> <span class='ocrx_word' id='word_1_359' title='bbox 2382 2698 2478 2750; x_wconf 70' lang='grc' dir='ltr'>καὶ</span> <span class='ocrx_word' id='word_1_360' title='bbox 2523 2698 2913 2766; x_wconf 84' lang='grc' dir='ltr'>οἰκουμενικὴν</span> <span class='ocrx_word' id='word_1_361' title='bbox 2963 2698 3215 2751; x_wconf 85' lang='grc' dir='ltr'>σύνοδον·</span> <span class='ocrx_word' id='word_1_362' title='bbox 3271 2700 3409 2752; x_wconf 84' lang='grc' dir='ltr'><strong>ἀλλά</strong></span> <span class='ocrx_word' id='word_1_363' title='bbox 3452 2700 3758 2769; x_wconf 84' lang='grc' dir='ltr'>κωλύομαι.</span> 
     </span>
    </p>
   </div>
   <div class='ocr_carea' id='block_1_57' title="bbox 2181 2783 3763 2858">
    <p class='ocr_par' dir='ltr' id='par_1_57' title="bbox 2181 2783 3763 2858">
     <span class='ocr_line' id='line_1_57' title="bbox 2181 2783 3763 2858; baseline 0.005 -20"><span class='ocrx_word' id='word_1_364' title='bbox 2181 2783 2277 2850; x_wconf 77' lang='grc' dir='ltr'><strong>Οἷς</strong></span> <span class='ocrx_word' id='word_1_365' title='bbox 2328 2786 2720 2857; x_wconf 79' lang='grc' dir='ltr'>προστέθεικεν</span> <span class='ocrx_word' id='word_1_366' title='bbox 2759 2787 3018 2858; x_wconf 83' lang='grc' dir='ltr'>Ἱμέριος,</span> <span class='ocrx_word' id='word_1_367' title='bbox 3063 2790 3137 2853; x_wconf 84' lang='grc' dir='ltr'>ὡς</span> <span class='ocrx_word' id='word_1_368' title='bbox 3176 2790 3550 2845; x_wconf 84' lang='grc' dir='ltr'>κατελθόντων</span> <span class='ocrx_word' id='word_1_369' title='bbox 3582 2792 3763 2846; x_wconf 82' lang='grc' dir='ltr'>αὐτῶν</span> 
     </span>
    </p>
   </div>
   <div class='ocr_carea' id='block_1_58' title="bbox 2181 2877 3767 2952">
    <p class='ocr_par' dir='ltr' id='par_1_58' title="bbox 2181 2877 3767 2952">
     <span class='ocr_line' id='line_1_58' title="bbox 2181 2877 3767 2952; baseline 0.004 -23"><span class='ocrx_word' id='word_1_370' title='bbox 2181 2877 2332 2946; x_wconf 87' lang='grc' dir='ltr'><strong>παρά</strong></span> <span class='ocrx_word' id='word_1_371' title='bbox 2384 2879 2697 2947; x_wconf 85' lang='grc' dir='ltr'>Διοσκόρου,</span> <span class='ocrx_word' id='word_1_372' title='bbox 2768 2878 3078 2947; x_wconf 81' lang='grc' dir='ltr'>ὑπήντησεν</span> <span class='ocrx_word' id='word_1_373' title='bbox 3129 2883 3157 2934; x_wconf 85' lang='grc' dir='ltr'>ὁ</span> <span class='ocrx_word' id='word_1_374' title='bbox 3215 2881 3409 2950; x_wconf 69' lang='grc' dir='ltr'>βοηθὸς</span> <span class='ocrx_word' id='word_1_375' title='bbox 3461 2880 3557 2936; x_wconf 81' lang='grc' dir='ltr'>τοῦ</span> <span class='ocrx_word' id='word_1_376' title='bbox 3602 2883 3767 2952; x_wconf 88' lang='grc' dir='ltr'>μαγί-</span> 
     </span>
    </p>
   </div>
   <div class='ocr_carea' id='block_1_59' title="bbox 2182 2968 3761 3040">
    <p class='ocr_par' dir='ltr' id='par_1_59' title="bbox 2182 2968 3761 3040">
     <span class='ocr_line' id='line_1_59' title="bbox 2182 2968 3761 3040; baseline 0.005 -20"><span class='ocrx_word' id='word_1_377' title='bbox 2182 2985 2345 3038; x_wconf 88' lang='grc' dir='ltr'>στρου</span> <span class='ocrx_word' id='word_1_378' title='bbox 2377 2968 2488 3038; x_wconf 71' lang='grc'><strong>(14)</strong></span> <span class='ocrx_word' id='word_1_379' title='bbox 2523 2970 2630 3021; x_wconf 82' lang='grc' dir='ltr'>τῶν</span> <span class='ocrx_word' id='word_1_380' title='bbox 2658 2968 2818 3022; x_wconf 89' lang='grc' dir='ltr'>θείων</span> <span class='ocrx_word' id='word_1_381' title='bbox 2866 2970 3157 3038; x_wconf 76' lang='grc' dir='ltr'>ὸςρφικίων,</span> <span class='ocrx_word' id='word_1_382' title='bbox 3186 2974 3281 3024; x_wconf 80' lang='grc' dir='ltr'>καὶ</span> <span class='ocrx_word' id='word_1_383' title='bbox 3314 2974 3434 3040; x_wconf 79' lang='grc' dir='ltr'>μετ’</span> <span class='ocrx_word' id='word_1_384' title='bbox 3464 2974 3628 3027; x_wconf 82' lang='grc' dir='ltr'>αὑτοῦ</span> <span class='ocrx_word' id='word_1_385' title='bbox 3653 2976 3761 3028; x_wconf 84' lang='grc' dir='ltr'>πά-</span> 
     </span>
    </p>
   </div>
   <div class='ocr_carea' id='block_1_60' title="bbox 2179 3059 3765 3138">
    <p class='ocr_par' dir='ltr' id='par_1_60' title="bbox 2179 3059 3765 3138">
     <span class='ocr_line' id='line_1_60' title="bbox 2179 3059 3765 3138; baseline 0.006 -28"><span class='ocrx_word' id='word_1_386' title='bbox 2179 3060 2261 3111; x_wconf 91' lang='grc' dir='ltr'><strong>λιν</strong></span> <span class='ocrx_word' id='word_1_387' title='bbox 2289 3059 2549 3127; x_wconf 87' lang='grc' dir='ltr'>γεγόνασι</span> <span class='ocrx_word' id='word_1_388' title='bbox 2585 3060 2719 3129; x_wconf 80' lang='grc' dir='ltr'>πρὸς</span> <span class='ocrx_word' id='word_1_389' title='bbox 2754 3060 3048 3135; x_wconf 88' lang='grc' dir='ltr'>Διόσκορον</span> <span class='ocrx_word' id='word_1_390' title='bbox 3072 3064 3121 3115; x_wconf 82' lang='grc' dir='ltr'>οἱ</span> <span class='ocrx_word' id='word_1_391' title='bbox 3157 3063 3472 3129; x_wconf 76' lang='grc' dir='ltr'>ἐπίσκοποι,</span> <span class='ocrx_word' id='word_1_392' title='bbox 3510 3066 3604 3120; x_wconf 79' lang='grc' dir='ltr'><strong>καὶ</strong></span> <span class='ocrx_word' id='word_1_393' title='bbox 3632 3069 3765 3138; x_wconf 73' lang='grc' dir='ltr'>περὶ</span> 
     </span>
    </p>
   </div>
   <div class='ocr_carea' id='block_1_61' title="bbox 487 3147 2076 3229">
    <p class='ocr_par' dir='ltr' id='par_1_61' title="bbox 487 3147 2076 3217">
     <span class='ocr_line' id='line_1_61' title="bbox 487 3147 2076 3217; baseline -0.002 -13"><span class='ocrx_word' id='word_1_394' title='bbox 487 3166 676 3205; x_wconf 75' lang='lat' dir='ltr'><strong>versos</strong></span> <span class='ocrx_word' id='word_1_395' title='bbox 701 3165 822 3204; x_wconf 91' lang='lat' dir='ltr'><strong>esse</strong></span> <span class='ocrx_word' id='word_1_396' title='bbox 873 3148 939 3203; x_wconf 91' lang='lat' dir='ltr'><strong>ad</strong></span> <span class='ocrx_word' id='word_1_397' title='bbox 970 3148 1317 3212; x_wconf 86' lang='lat' dir='ltr'><strong>Dioscorum,</strong></span> <span class='ocrx_word' id='word_1_398' title='bbox 1353 3148 1533 3217; x_wconf 90' lang='lat' dir='ltr'><strong>deque</strong></span> <span class='ocrx_word' id='word_1_399' title='bbox 1566 3148 1686 3213; x_wconf 87' lang='lat' dir='ltr'><strong>illis</strong></span> <span class='ocrx_word' id='word_1_400' title='bbox 1737 3147 1987 3216; x_wconf 51' lang='lat' dir='ltr'><strong>quaedam</strong></span> <span class='ocrx_word' id='word_1_401' title='bbox 2020 3161 2076 3201; x_wconf 86' lang='lat' dir='ltr'><strong>sc</strong></span> 
     </span>
    </p>
   </div>
   <div class='ocr_carea' id='block_1_62' title="bbox 2181 3147 3759 3229">
    <p class='ocr_par' dir='ltr' id='par_1_62' title="bbox 2182 3149 3759 3225">
     <span class='ocr_line' id='line_1_62' title="bbox 2182 3149 3759 3225; baseline 0.006 -24"><span class='ocrx_word' id='word_1_402' title='bbox 2182 3149 2384 3202; x_wconf 88' lang='grc' dir='ltr'>τούτων</span> <span class='ocrx_word' id='word_1_403' title='bbox 2415 3151 2471 3202; x_wconf 81' lang='grc' dir='ltr'>ἐν</span> <span class='ocrx_word' id='word_1_404' title='bbox 2499 3152 2743 3221; x_wconf 77' lang='grc' dir='ltr'>σημείοις</span> <span class='ocrx_word' id='word_1_405' title='bbox 2768 3153 2889 3205; x_wconf 76' lang='grc' dir='ltr'>τινὰ</span> <span class='ocrx_word' id='word_1_406' title='bbox 2920 3151 3081 3222; x_wconf 75' lang='grc' dir='ltr'>ἔχειν.</span> <span class='ocrx_word' id='word_1_407' title='bbox 3113 3155 3297 3224; x_wconf 80' lang='grc' dir='ltr'>Ἀπερ</span> <span class='ocrx_word' id='word_1_408' title='bbox 3319 3156 3759 3225; x_wconf 82' lang='grc' dir='ltr'>ἀναγνωσθέντα,</span> 
     </span>
    </p>
   </div>
   <div class='ocr_carea' id='block_1_63' title="bbox 488 3236 2077 3310">
    <p class='ocr_par' dir='ltr' id='par_1_63' title="bbox 488 3236 2077 3310">
     <span class='ocr_line' id='line_1_63' title="bbox 488 3236 2077 3310; baseline -0.003 -16"><span class='ocrx_word' id='word_1_409' title='bbox 488 3240 693 3295; x_wconf 87' lang='lat' dir='ltr'><strong>habere</strong></span> <span class='ocrx_word' id='word_1_410' title='bbox 715 3256 839 3310; x_wconf 73' lang='lat' dir='ltr'><strong>quae</strong></span> <span class='ocrx_word' id='word_1_411' title='bbox 885 3240 1033 3294; x_wconf 89' lang='lat' dir='ltr'><strong>notis</strong></span> <span class='ocrx_word' id='word_1_412' title='bbox 1054 3239 1377 3308; x_wconf 78' lang='lat' dir='ltr'><strong>excepisset.</strong></span> <span class='ocrx_word' id='word_1_413' title='bbox 1402 3238 1477 3291; x_wconf 87' lang='lat' dir='ltr'><strong>Ea</strong></span> <span class='ocrx_word' id='word_1_414' title='bbox 1496 3237 1735 3308; x_wconf 84' lang='lat' dir='ltr'><strong>perlecta</strong></span> <span class='ocrx_word' id='word_1_415' title='bbox 1763 3236 2077 3291; x_wconf 79' lang='lat' dir='ltr'><strong>indicabant</strong></span> 
     </span>
    </p>
   </div>
   <div class='ocr_carea' id='block_1_64' title="bbox 487 3330 2129 3397">
    <p class='ocr_par' dir='ltr' id='par_1_64' title="bbox 487 3330 2129 3397">
     <span class='ocr_line' id='line_1_64' title="bbox 487 3330 2129 3397; baseline -0.003 -11"><span class='ocrx_word' id='word_1_416' title='bbox 487 3333 805 3386; x_wconf 84' lang='lat' dir='ltr'><strong>Dioscorum</strong></span> <span class='ocrx_word' id='word_1_417' title='bbox 856 3332 972 3385; x_wconf 67' lang='lat' dir='ltr'><strong>haec</strong></span> <span class='ocrx_word' id='word_1_418' title='bbox 1001 3331 1068 3385; x_wconf 87' lang='lat' dir='ltr'><strong>ad</strong></span> <span class='ocrx_word' id='word_1_419' title='bbox 1109 3331 1338 3385; x_wconf 80' lang='lat' dir='ltr'><strong>verbum</strong></span> <span class='ocrx_word' id='word_1_420' title='bbox 1373 3330 1579 3384; x_wconf 81' lang='lat' dir='ltr'><strong>dixisse</strong></span> <span class='ocrx_word' id='word_1_421' title='bbox 1610 3346 1623 3383; x_wconf 93' lang='lat'>:</span> <span class='ocrx_word' id='word_1_422' title='bbox 1657 3330 1954 3397; x_wconf 87' lang='lat' dir='ltr'><strong>Postquam</strong></span> <span class='ocrx_word' id='word_1_423' title='bbox 1986 3342 2075 3382; x_wconf 90' lang='lat' dir='ltr'><strong>me</strong></span> <span class='ocrx_word' id='word_1_424' title='bbox 2117 3383 2129 3397; x_wconf 80' lang='lat'>_</span> 
     </span>
    </p>
   </div>
   <div class='ocr_carea' id='block_1_65' title="bbox 486 3423 2071 3495">
    <p class='ocr_par' dir='ltr' id='par_1_65' title="bbox 486 3423 2071 3495">
     <span class='ocr_line' id='line_1_65' title="bbox 486 3423 2071 3495; baseline -0.003 -14"><span class='ocrx_word' id='word_1_425' title='bbox 486 3425 603 3493; x_wconf 87' lang='lat' dir='ltr'><strong>ipse</strong></span> <span class='ocrx_word' id='word_1_426' title='bbox 634 3425 909 3495; x_wconf 76' lang='lat' dir='ltr'><strong>recollegi,</strong></span> <span class='ocrx_word' id='word_1_427' title='bbox 948 3433 1003 3480; x_wconf 88' lang='lat' dir='ltr'><strong>et</strong></span> <span class='ocrx_word' id='word_1_428' title='bbox 1052 3425 1185 3495; x_wconf 90' lang='lat' dir='ltr'><strong>quid</strong></span> <span class='ocrx_word' id='word_1_429' title='bbox 1214 3424 1348 3478; x_wconf 87' lang='lat' dir='ltr'><strong>mihi</strong></span> <span class='ocrx_word' id='word_1_430' title='bbox 1390 3424 1679 3494; x_wconf 86' lang='lat' dir='ltr'><strong>expediret</strong></span> <span class='ocrx_word' id='word_1_431' title='bbox 1702 3423 2071 3489; x_wconf 88' lang='lat' dir='ltr'><strong>consideravi,</strong></span> 
     </span>
    </p>
   </div>
   <div class='ocr_carea' id='block_1_66' title="bbox 487 3516 2070 3587">
    <p class='ocr_par' dir='ltr' id='par_1_66' title="bbox 487 3516 2070 3587">
     <span class='ocr_line' id='line_1_66' title="bbox 487 3516 2070 3587; baseline -0.001 -16"><span class='ocrx_word' id='word_1_432' title='bbox 487 3517 563 3572; x_wconf 78' lang='lat' dir='ltr'><strong>ita</strong></span> <span class='ocrx_word' id='word_1_433' title='bbox 580 3518 905 3587; x_wconf 78' lang='lat' dir='ltr'><strong>respondeo.</strong></span> <span class='ocrx_word' id='word_1_434' title='bbox 929 3516 1385 3586; x_wconf 88' lang='lat' dir='ltr'><strong>Quandoquidem</strong></span> <span class='ocrx_word' id='word_1_435' title='bbox 1409 3518 1463 3570; x_wconf 92' lang='lat' dir='ltr'><strong>in</strong></span> <span class='ocrx_word' id='word_1_436' title='bbox 1481 3517 1764 3586; x_wconf 90' lang='lat' dir='ltr'><strong>superiore</strong></span> <span class='ocrx_word' id='word_1_437' title='bbox 1782 3531 2070 3582; x_wconf 90' lang='lat' dir='ltr'><strong>concessu,</strong></span> 
     </span>
    </p>
   </div>
   <div class='ocr_carea' id='block_1_67' title="bbox 489 3607 2075 3691">
    <p class='ocr_par' dir='ltr' id='par_1_67' title="bbox 489 3607 2075 3691">
     <span class='ocr_line' id='line_1_67' title="bbox 489 3607 2075 3691; baseline -0.001 -30"><span class='ocrx_word' id='word_1_438' title='bbox 489 3608 1019 3678; x_wconf 78' lang='lat' dir='ltr'><strong>magniﬁcentissimi</strong></span> <span class='ocrx_word' id='word_1_439' title='bbox 1056 3608 1274 3678; x_wconf 89' lang='lat' dir='ltr'><strong>judices</strong></span> <span class='ocrx_word' id='word_1_440' title='bbox 1291 3616 1422 3691; x_wconf 76' lang='lat' dir='ltr'><strong>post</strong></span> <span class='ocrx_word' id='word_1_441' title='bbox 1449 3608 1649 3662; x_wconf 84' lang='lat' dir='ltr'><strong>multas</strong></span> <span class='ocrx_word' id='word_1_442' title='bbox 1692 3607 1959 3677; x_wconf 82' lang='lat' dir='ltr'><strong>cujusque</strong></span> <span class='ocrx_word' id='word_1_443' title='bbox 1988 3608 2075 3660; x_wconf 92' lang='lat' dir='ltr'><strong>in-</strong></span> 
     </span>
    </p>
   </div>
   <div class='ocr_carea' id='block_1_68' title="bbox 458 3699 2072 3763">
    <p class='ocr_par' dir='ltr' id='par_1_68' title="bbox 458 3699 2072 3763">
     <span class='ocr_line' id='line_1_68' title="bbox 458 3699 2072 3763; baseline 0.001 -9"><span class='ocrx_word' id='word_1_444' title='bbox 458 3720 461 3721; x_wconf 58' lang='lat'><strong><em>&#39;</em></strong></span> <span class='ocrx_word' id='word_1_445' title='bbox 487 3701 883 3755; x_wconf 84' lang='lat' dir='ltr'><strong>terlocutiones</strong></span> <span class='ocrx_word' id='word_1_446' title='bbox 917 3700 1086 3753; x_wconf 88' lang='lat' dir='ltr'><strong>multa</strong></span> <span class='ocrx_word' id='word_1_447' title='bbox 1124 3701 1523 3763; x_wconf 84' lang='lat' dir='ltr'><strong>decreverunt;</strong></span> <span class='ocrx_word' id='word_1_448' title='bbox 1552 3715 1704 3754; x_wconf 91' lang='lat' dir='ltr'><strong>nunc</strong></span> <span class='ocrx_word' id='word_1_449' title='bbox 1725 3715 1858 3754; x_wconf 89' lang='lat' dir='ltr'><strong>vero</strong></span> <span class='ocrx_word' id='word_1_450' title='bbox 1884 3699 1953 3753; x_wconf 87' lang='lat' dir='ltr'><strong>ad</strong></span> <span class='ocrx_word' id='word_1_451' title='bbox 1983 3715 2072 3755; x_wconf 38' lang='lat' dir='ltr'><strong>sev-</strong></span> 
     </span>
    </p>
   </div>
   <div class='ocr_carea' id='block_1_69' title="bbox 484 3794 2069 3866">
    <p class='ocr_par' dir='ltr' id='par_1_69' title="bbox 484 3794 2069 3866">
     <span class='ocr_line' id='line_1_69' title="bbox 484 3794 2069 3866; baseline 0.002 -20"><span class='ocrx_word' id='word_1_452' title='bbox 484 3794 727 3848; x_wconf 86' lang='lat' dir='ltr'><strong>cundum</strong></span> <span class='ocrx_word' id='word_1_453' title='bbox 750 3810 1068 3849; x_wconf 88' lang='lat' dir='ltr'><strong>consessum</strong></span> <span class='ocrx_word' id='word_1_454' title='bbox 1090 3811 1277 3865; x_wconf 82' lang='lat' dir='ltr'><strong>vocor,</strong></span> <span class='ocrx_word' id='word_1_455' title='bbox 1309 3806 1369 3851; x_wconf 90' lang='lat' dir='ltr'><strong>ut</strong></span> <span class='ocrx_word' id='word_1_456' title='bbox 1405 3795 1662 3866; x_wconf 63' lang='lat' dir='ltr'><strong>praedicta</strong></span> <span class='ocrx_word' id='word_1_457' title='bbox 1698 3796 2069 3859; x_wconf 83' lang='lat' dir='ltr'><strong>inlirmentur,</strong></span> 
     </span>
    </p>
   </div>
   <div class='ocr_carea' id='block_1_70' title="bbox 485 3887 2072 3958">
    <p class='ocr_par' dir='ltr' id='par_1_70' title="bbox 485 3887 2072 3958">
     <span class='ocr_line' id='line_1_70' title="bbox 485 3887 2072 3958; baseline 0.004 -22"><span class='ocrx_word' id='word_1_458' title='bbox 485 3898 619 3954; x_wconf 76' lang='lat' dir='ltr'><strong>rogo</strong></span> <span class='ocrx_word' id='word_1_459' title='bbox 645 3893 705 3938; x_wconf 89' lang='lat' dir='ltr'><strong>ut</strong></span> <span class='ocrx_word' id='word_1_460' title='bbox 732 3887 1257 3956; x_wconf 77' lang='lat' dir='ltr'><strong>magniﬁcentissimi</strong></span> <span class='ocrx_word' id='word_1_461' title='bbox 1292 3888 1511 3958; x_wconf 73' lang='lat' dir='ltr'><strong>iudices</strong></span> <span class='ocrx_word' id='word_1_462' title='bbox 1549 3896 1605 3941; x_wconf 88' lang='lat' dir='ltr'><strong>et</strong></span> <span class='ocrx_word' id='word_1_463' title='bbox 1632 3888 1956 3956; x_wconf 89' lang='lat' dir='ltr'><strong>amplissimi</strong></span> <span class='ocrx_word' id='word_1_464' title='bbox 1983 3904 2072 3943; x_wconf 88' lang='lat' dir='ltr'><strong>se-</strong></span> 
     </span>
    </p>
   </div>
   <div class='ocr_carea' id='block_1_71' title="bbox 488 3978 2073 4046">
    <p class='ocr_par' dir='ltr' id='par_1_71' title="bbox 488 3978 2073 4046">
     <span class='ocr_line' id='line_1_71' title="bbox 488 3978 2073 4046; baseline 0.003 -17"><span class='ocrx_word' id='word_1_465' title='bbox 488 3982 736 4039; x_wconf 75' lang='lat' dir='ltr'><strong>natOres,</strong></span> <span class='ocrx_word' id='word_1_466' title='bbox 790 3978 882 4045; x_wconf 91' lang='lat' dir='ltr'><strong>qui</strong></span> <span class='ocrx_word' id='word_1_467' title='bbox 924 3978 1096 4046; x_wconf 89' lang='lat' dir='ltr'><strong>priori</strong></span> <span class='ocrx_word' id='word_1_468' title='bbox 1133 3980 1426 4033; x_wconf 84' lang='lat' dir='ltr'><strong>conventui</strong></span> <span class='ocrx_word' id='word_1_469' title='bbox 1474 3978 1876 4040; x_wconf 82' lang='lat' dir='ltr'><strong>interfuerunt,</strong></span> <span class='ocrx_word' id='word_1_470' title='bbox 1922 3996 2073 4034; x_wconf 87' lang='lat' dir='ltr'><strong>nunc</strong></span> 
     </span>
    </p>
   </div>
   <div class='ocr_carea' id='block_1_72' title="bbox 483 4066 2061 4136">
    <p class='ocr_par' dir='ltr' id='par_1_72' title="bbox 483 4066 2061 4136">
     <span class='ocr_line' id='line_1_72' title="bbox 483 4066 2061 4136; baseline 0.001 -17"><span class='ocrx_word' id='word_1_471' title='bbox 483 4080 707 4133; x_wconf 79' lang='lat' dir='ltr'><strong>quoque</strong></span> <span class='ocrx_word' id='word_1_472' title='bbox 749 4066 1005 4120; x_wconf 87' lang='lat' dir='ltr'><strong>intersint</strong></span> <span class='ocrx_word' id='word_1_473' title='bbox 1032 4083 1143 4136; x_wconf 87' lang='lat' dir='ltr'><strong>quo</strong></span> <span class='ocrx_word' id='word_1_474' title='bbox 1178 4068 1369 4121; x_wconf 88' lang='lat' dir='ltr'><strong>eadem</strong></span> <span class='ocrx_word' id='word_1_475' title='bbox 1406 4068 1607 4121; x_wconf 89' lang='lat' dir='ltr'><strong>iterum</strong></span> <span class='ocrx_word' id='word_1_476' title='bbox 1638 4068 2020 4121; x_wconf 83' lang='lat' dir='ltr'><strong>examinentur</strong></span> <span class='ocrx_word' id='word_1_477' title='bbox 2048 4086 2061 4121; x_wconf 92' lang='lat'><strong>:</strong></span> 
     </span>
    </p>
   </div>
   <div class='ocr_carea' id='block_1_73' title="bbox 484 4156 2073 4229">
    <p class='ocr_par' dir='ltr' id='par_1_73' title="bbox 484 4156 2073 4229">
     <span class='ocr_line' id='line_1_73' title="bbox 484 4156 2073 4229; baseline 0.003 -20"><span class='ocrx_word' id='word_1_478' title='bbox 484 4156 586 4210; x_wconf 89' lang='lat' dir='ltr'><strong>Cui</strong></span> <span class='ocrx_word' id='word_1_479' title='bbox 614 4158 866 4218; x_wconf 85' lang='lat' dir='ltr'><strong>Aeacius,</strong></span> <span class='ocrx_word' id='word_1_480' title='bbox 924 4158 1055 4211; x_wconf 84' lang='lat' dir='ltr'><strong>utin</strong></span> <span class='ocrx_word' id='word_1_481' title='bbox 1090 4158 1283 4214; x_wconf 87' lang='lat' dir='ltr'><strong>iisdem</strong></span> <span class='ocrx_word' id='word_1_482' title='bbox 1322 4160 1461 4213; x_wconf 89' lang='lat' dir='ltr'><strong>actis</strong></span> <span class='ocrx_word' id='word_1_483' title='bbox 1494 4159 1751 4222; x_wconf 79' lang='lat' dir='ltr'><strong>refertur,</strong></span> <span class='ocrx_word' id='word_1_484' title='bbox 1784 4160 2073 4229; x_wconf 84' lang='lat' dir='ltr'><strong>respondit</strong></span> 
     </span>
    </p>
   </div>
   <div class='ocr_carea' id='block_1_74' title="bbox 486 4248 2071 4321">
    <p class='ocr_par' dir='ltr' id='par_1_74' title="bbox 486 4248 2071 4321">
     <span class='ocr_line' id='line_1_74' title="bbox 486 4248 2071 4321; baseline 0.003 -20"><span class='ocrx_word' id='word_1_485' title='bbox 486 4248 574 4309; x_wconf 87' lang='lat' dir='ltr'><strong>his</strong></span> <span class='ocrx_word' id='word_1_486' title='bbox 594 4248 776 4303; x_wconf 87' lang='lat' dir='ltr'><strong>verbis</strong></span> <span class='ocrx_word' id='word_1_487' title='bbox 805 4268 819 4303; x_wconf 85' lang='lat'><strong>:</strong></span> <span class='ocrx_word' id='word_1_488' title='bbox 848 4250 1048 4305; x_wconf 88' lang='lat' dir='ltr'><strong>Sancta</strong></span> <span class='ocrx_word' id='word_1_489' title='bbox 1070 4260 1126 4305; x_wconf 90' lang='lat' dir='ltr'><strong>et</strong></span> <span class='ocrx_word' id='word_1_490' title='bbox 1151 4267 1341 4320; x_wconf 83' lang='lat' dir='ltr'><strong>magna</strong></span> <span class='ocrx_word' id='word_1_491' title='bbox 1367 4250 1610 4321; x_wconf 85' lang='lat' dir='ltr'><strong>synodus</strong></span> <span class='ocrx_word' id='word_1_492' title='bbox 1628 4261 1737 4305; x_wconf 84' lang='lat' dir='ltr'><strong>non</strong></span> <span class='ocrx_word' id='word_1_493' title='bbox 1799 4251 1925 4306; x_wconf 88' lang='lat' dir='ltr'><strong>ideo</strong></span> <span class='ocrx_word' id='word_1_494' title='bbox 1947 4268 2071 4307; x_wconf 89' lang='lat' dir='ltr'><strong>san-</strong></span> 
     </span>
    </p>
   </div>
   <div class='ocr_carea' id='block_1_75' title="bbox 484 4340 2071 4413">
    <p class='ocr_par' dir='ltr' id='par_1_75' title="bbox 484 4340 2071 4413">
     <span class='ocr_line' id='line_1_75' title="bbox 484 4340 2071 4413; baseline 0.003 -18"><span class='ocrx_word' id='word_1_495' title='bbox 484 4340 731 4395; x_wconf 81' lang='lat' dir='ltr'><strong>ctitatem</strong></span> <span class='ocrx_word' id='word_1_496' title='bbox 764 4352 909 4397; x_wconf 91' lang='lat' dir='ltr'><strong>tuam</strong></span> <span class='ocrx_word' id='word_1_497' title='bbox 946 4343 1137 4397; x_wconf 82' lang='lat' dir='ltr'><strong>adesse</strong></span> <span class='ocrx_word' id='word_1_498' title='bbox 1163 4344 1345 4413; x_wconf 79' lang='lat' dir='ltr'><strong>jussit.</strong></span> <span class='ocrx_word' id='word_1_499' title='bbox 1379 4352 1439 4397; x_wconf 92' lang='lat' dir='ltr'><strong>ut</strong></span> <span class='ocrx_word' id='word_1_500' title='bbox 1460 4358 1523 4397; x_wconf 90' lang='lat' dir='ltr'><strong>ea</strong></span> <span class='ocrx_word' id='word_1_501' title='bbox 1548 4358 1668 4413; x_wconf 77' lang='lat' dir='ltr'><strong>qua:</strong></span> <span class='ocrx_word' id='word_1_502' title='bbox 1712 4358 1897 4398; x_wconf 89' lang='lat' dir='ltr'><strong>coram</strong></span> <span class='ocrx_word' id='word_1_503' title='bbox 1954 4361 2071 4400; x_wconf 86' lang='lat' dir='ltr'><strong>ma-</strong></span> 
     </span>
    </p>
   </div>
   <div class='ocr_carea' id='block_1_76' title="bbox 483 4431 2067 4507">
    <p class='ocr_par' dir='ltr' id='par_1_76' title="bbox 483 4431 2067 4507">
     <span class='ocr_line' id='line_1_76' title="bbox 483 4431 2067 4507; baseline 0.003 -21"><span class='ocrx_word' id='word_1_504' title='bbox 483 4431 952 4503; x_wconf 80' lang='lat' dir='ltr'><strong>gniﬁcentissimis</strong></span> <span class='ocrx_word' id='word_1_505' title='bbox 978 4434 1253 4503; x_wconf 85' lang='lat' dir='ltr'><strong>iudicibus</strong></span> <span class='ocrx_word' id='word_1_506' title='bbox 1274 4444 1329 4491; x_wconf 90' lang='lat' dir='ltr'><strong>et</strong></span> <span class='ocrx_word' id='word_1_507' title='bbox 1354 4451 1510 4490; x_wconf 89' lang='lat' dir='ltr'><strong>sacro</strong></span> <span class='ocrx_word' id='word_1_508' title='bbox 1537 4444 1726 4490; x_wconf 86' lang='lat' dir='ltr'><strong>senatu</strong></span> <span class='ocrx_word' id='word_1_509' title='bbox 1747 4446 1895 4507; x_wconf 82' lang='lat' dir='ltr'><strong>gesta</strong></span> <span class='ocrx_word' id='word_1_510' title='bbox 1921 4447 2067 4501; x_wconf 89' lang='lat' dir='ltr'><strong>sunt,</strong></span> 
     </span>
    </p>
   </div>
   <div class='ocr_carea' id='block_1_77' title="bbox 2183 3240 3758 3316">
    <p class='ocr_par' dir='ltr' id='par_1_77' title="bbox 2183 3240 3758 3316">
     <span class='ocr_line' id='line_1_77' title="bbox 2183 3240 3758 3316; baseline 0.006 -24"><span class='ocrx_word' id='word_1_511' title='bbox 2183 3240 2453 3311; x_wconf 76' lang='grc' dir='ltr'>ἐδήλωσεν</span> <span class='ocrx_word' id='word_1_512' title='bbox 2483 3242 2578 3294; x_wconf 75' lang='grc' dir='ltr'><strong>ἐπὶ</strong></span> <span class='ocrx_word' id='word_1_513' title='bbox 2608 3242 2807 3308; x_wconf 75' lang='grc' dir='ltr'>λέξεως</span> <span class='ocrx_word' id='word_1_514' title='bbox 2854 3244 2947 3297; x_wconf 74' lang='grc' dir='ltr'>τὸν</span> <span class='ocrx_word' id='word_1_515' title='bbox 2989 3245 3285 3316; x_wconf 83' lang='grc' dir='ltr'>Διόσκορον</span> <span class='ocrx_word' id='word_1_516' title='bbox 3334 3248 3508 3300; x_wconf 72' lang='grc' dir='ltr'>εἰπεῖν</span> <span class='ocrx_word' id='word_1_517' title='bbox 3555 3248 3758 3301; x_wconf 77' lang='grc' dir='ltr'>ταῦτα’</span> 
     </span>
    </p>
   </div>
   <div class='ocr_carea' id='block_1_78' title="bbox 2185 3331 3763 3408">
    <p class='ocr_par' dir='ltr' id='par_1_78' title="bbox 2185 3331 3763 3408">
     <span class='ocr_line' id='line_1_78' title="bbox 2185 3331 3763 3408; baseline 0.005 -23"><span class='ocrx_word' id='word_1_518' title='bbox 2185 3331 2518 3399; x_wconf 80' lang='grc' dir='ltr'>Συναγαγὼν</span> <span class='ocrx_word' id='word_1_519' title='bbox 2568 3334 2825 3403; x_wconf 75' lang='grc' dir='ltr'>ἐμαυτὸν,</span> <span class='ocrx_word' id='word_1_520' title='bbox 2860 3336 2954 3387; x_wconf 62' lang='grc' dir='ltr'><strong>καὶ⁵</strong></span> <span class='ocrx_word' id='word_1_521' title='bbox 3000 3337 3161 3403; x_wconf 78' lang='grc' dir='ltr'>γνοὺς</span> <span class='ocrx_word' id='word_1_522' title='bbox 3211 3337 3272 3389; x_wconf 78' lang='grc' dir='ltr'>τὸ</span> <span class='ocrx_word' id='word_1_523' title='bbox 3304 3340 3604 3408; x_wconf 82' lang='grc' dir='ltr'>συμφέρον,</span> <span class='ocrx_word' id='word_1_524' title='bbox 3635 3340 3763 3393; x_wconf 83' lang='grc' dir='ltr'>τάδε</span> 
     </span>
    </p>
   </div>
   <div class='ocr_carea' id='block_1_79' title="bbox 2180 3423 3765 3499">
    <p class='ocr_par' dir='ltr' id='par_1_79' title="bbox 2180 3423 3765 3499">
     <span class='ocr_line' id='line_1_79' title="bbox 2180 3423 3765 3499; baseline 0.003 -22"><span class='ocrx_word' id='word_1_525' title='bbox 2180 3423 2584 3493; x_wconf 79' lang='grc' dir='ltr'>ἀποκρίνομαι’</span> <span class='ocrx_word' id='word_1_526' title='bbox 2631 3424 2850 3495; x_wconf 82' lang='grc' dir='ltr'>Ἐπειδὴ</span> <span class='ocrx_word' id='word_1_527' title='bbox 2891 3425 2949 3477; x_wconf 83' lang='grc' dir='ltr'><strong>ἐν</strong></span> <span class='ocrx_word' id='word_1_528' title='bbox 3009 3429 3073 3497; x_wconf 81' lang='grc' dir='ltr'><strong>τῇ</strong></span> <span class='ocrx_word' id='word_1_529' title='bbox 3131 3428 3237 3496; x_wconf 73' lang='grc' dir='ltr'>πρὸ</span> <span class='ocrx_word' id='word_1_530' title='bbox 3288 3428 3496 3499; x_wconf 81' lang='grc' dir='ltr'>ταύτης</span> <span class='ocrx_word' id='word_1_531' title='bbox 3557 3431 3765 3499; x_wconf 82' lang='grc' dir='ltr'>συνόδῳ</span> 
     </span>
    </p>
   </div>
   <div class='ocr_carea' id='block_1_80' title="bbox 2180 3514 3767 3591">
    <p class='ocr_par' dir='ltr' id='par_1_80' title="bbox 2180 3514 3767 3591">
     <span class='ocr_line' id='line_1_80' title="bbox 2180 3514 3767 3591; baseline 0.004 -24"><span class='ocrx_word' id='word_1_532' title='bbox 2180 3514 2539 3583; x_wconf 76' lang='grc' dir='ltr'>καθεζόμενοι</span> <span class='ocrx_word' id='word_1_533' title='bbox 2573 3516 2621 3569; x_wconf 77' lang='lat' dir='ltr'><strong>oi</strong></span> <span class='ocrx_word' id='word_1_534' title='bbox 2677 3517 3261 3588; x_wconf 65' lang='grc' dir='ltr'>μεγαλοπρεπέστατα</span> <span class='ocrx_word' id='word_1_535' title='bbox 3312 3519 3594 3590; x_wconf 80' lang='grc' dir='ltr'>ἄρχοντες,</span> <span class='ocrx_word' id='word_1_536' title='bbox 3632 3522 3767 3591; x_wconf 80' lang='grc' dir='ltr'>ὡρι-</span> 
     </span>
    </p>
   </div>
   <div class='ocr_carea' id='block_1_81' title="bbox 2183 3608 3763 3678">
    <p class='ocr_par' dir='ltr' id='par_1_81' title="bbox 2183 3608 3763 3678">
     <span class='ocr_line' id='line_1_81' title="bbox 2183 3608 3763 3678; baseline 0.004 -19"><span class='ocrx_word' id='word_1_537' title='bbox 2183 3623 2282 3659; x_wconf 90' lang='grc' dir='ltr'><strong>σαν</strong></span> <span class='ocrx_word' id='word_1_538' title='bbox 2334 3608 2505 3659; x_wconf 82' lang='grc' dir='ltr'>πολλά</span> <span class='ocrx_word' id='word_1_539' title='bbox 2563 3608 2699 3677; x_wconf 82' lang='grc' dir='ltr'><strong>μετά</strong></span> <span class='ocrx_word' id='word_1_540' title='bbox 2752 3608 2953 3678; x_wconf 83' lang='grc' dir='ltr'>πολλὴν</span> <span class='ocrx_word' id='word_1_541' title='bbox 2982 3609 3215 3662; x_wconf 75' lang='grc' dir='ltr'>ἑκάστου</span> <span class='ocrx_word' id='word_1_542' title='bbox 3244 3610 3541 3676; x_wconf 86' lang='grc' dir='ltr'>διαλαλιάν,</span> <span class='ocrx_word' id='word_1_543' title='bbox 3580 3610 3673 3665; x_wconf 83' lang='grc' dir='ltr'>νῦν</span> <span class='ocrx_word' id='word_1_544' title='bbox 3705 3614 3763 3666; x_wconf 78' lang='grc' dir='ltr'>δὲ</span> 
     </span>
    </p>
   </div>
   <div class='ocr_carea' id='block_1_82' title="bbox 2180 3697 3765 3774">
    <p class='ocr_par' dir='ltr' id='par_1_82' title="bbox 2180 3697 3765 3774">
     <span class='ocr_line' id='line_1_82' title="bbox 2180 3697 3765 3774; baseline 0.004 -25"><span class='ocrx_word' id='word_1_545' title='bbox 2180 3699 2260 3758; x_wconf 79' lang='grc' dir='ltr'><strong>εἰς</strong></span> <span class='ocrx_word' id='word_1_546' title='bbox 2289 3697 2549 3768; x_wconf 87' lang='grc' dir='ltr'>δευτέραν</span> <span class='ocrx_word' id='word_1_547' title='bbox 2589 3700 2859 3767; x_wconf 78' lang='grc' dir='ltr'>καλοῦμαι</span> <span class='ocrx_word' id='word_1_548' title='bbox 2895 3700 3133 3759; x_wconf 88' lang='grc' dir='ltr'>σύνοδον,</span> <span class='ocrx_word' id='word_1_549' title='bbox 3167 3702 3247 3762; x_wconf 79' lang='grc' dir='ltr'>εἰς</span> <span class='ocrx_word' id='word_1_550' title='bbox 3288 3702 3378 3755; x_wconf 86' lang='grc' dir='ltr'>τὸν</span> <span class='ocrx_word' id='word_1_551' title='bbox 3431 3703 3541 3754; x_wconf 85' lang='grc' dir='ltr'>τῶν</span> <span class='ocrx_word' id='word_1_552' title='bbox 3576 3720 3765 3774; x_wconf 73' lang='grc' dir='ltr'>προειο</span> 
     </span>
    </p>
   </div>
   <div class='ocr_carea' id='block_1_83' title="bbox 2182 3791 3761 3867">
    <p class='ocr_par' dir='ltr' id='par_1_83' title="bbox 2182 3791 3761 3867">
     <span class='ocr_line' id='line_1_83' title="bbox 2182 3791 3761 3867; baseline 0.004 -25"><span class='ocrx_word' id='word_1_553' title='bbox 2182 3791 2437 3861; x_wconf 83' lang='grc' dir='ltr'>ρημένων</span> <span class='ocrx_word' id='word_1_554' title='bbox 2472 3793 2800 3861; x_wconf 73' lang='grc' dir='ltr'>ἀνασκευὴν,</span> <span class='ocrx_word' id='word_1_555' title='bbox 2850 3791 3155 3862; x_wconf 84' lang='grc' dir='ltr'>παρακαλῶ</span> <span class='ocrx_word' id='word_1_556' title='bbox 3204 3794 3331 3856; x_wconf 76' lang='grc' dir='ltr'>τοὺς</span> <span class='ocrx_word' id='word_1_557' title='bbox 3361 3792 3553 3865; x_wconf 83' lang='grc' dir='ltr'>πρώην</span> <span class='ocrx_word' id='word_1_558' title='bbox 3604 3797 3661 3848; x_wconf 82' lang='grc' dir='ltr'><strong>ὲν</strong></span> <span class='ocrx_word' id='word_1_559' title='bbox 3697 3800 3761 3867; x_wconf 79' lang='grc' dir='ltr'>τῇ</span> 
     </span>
    </p>
   </div>
   <div class='ocr_carea' id='block_1_84' title="bbox 2183 3882 3764 3959">
    <p class='ocr_par' dir='ltr' id='par_1_84' title="bbox 2183 3882 3764 3959">
     <span class='ocr_line' id='line_1_84' title="bbox 2183 3882 3764 3959; baseline 0.004 -26"><span class='ocrx_word' id='word_1_560' title='bbox 2183 3882 2385 3951; x_wconf 77' lang='grc' dir='ltr'>συνόδῳ</span> <span class='ocrx_word' id='word_1_561' title='bbox 2436 3884 2921 3953; x_wconf 82' lang='grc' dir='ltr'>παραγενομένους</span> <span class='ocrx_word' id='word_1_562' title='bbox 2985 3884 3607 3956; x_wconf 83' lang='grc' dir='ltr'>μεγαλοπρεπεστάτους</span> <span class='ocrx_word' id='word_1_563' title='bbox 3660 3890 3764 3959; x_wconf 78' lang='grc' dir='ltr'><strong>ἆρ-</strong></span> 
     </span>
    </p>
   </div>
   <div class='ocr_carea' id='block_1_85' title="bbox 2179 3975 3767 4048">
    <p class='ocr_par' dir='ltr' id='par_1_85' title="bbox 2179 3975 3767 4048">
     <span class='ocr_line' id='line_1_85' title="bbox 2179 3975 3767 4048; baseline 0.004 -24"><span class='ocrx_word' id='word_1_564' title='bbox 2179 3991 2399 4043; x_wconf 84' lang='grc' dir='ltr'>χοντας,</span> <span class='ocrx_word' id='word_1_565' title='bbox 2426 3975 2519 4026; x_wconf 66' lang='grc' dir='ltr'>καὶ</span> <span class='ocrx_word' id='word_1_566' title='bbox 2567 3975 2666 4045; x_wconf 83' lang='grc' dir='ltr'>τὴν</span> <span class='ocrx_word' id='word_1_567' title='bbox 2718 3976 2869 4045; x_wconf 73' lang='grc' dir='ltr'>ἱερὰν</span> <span class='ocrx_word' id='word_1_568' title='bbox 2915 3976 3238 4045; x_wconf 85' lang='grc' dir='ltr'>σύγκλητον,</span> <span class='ocrx_word' id='word_1_569' title='bbox 3268 3979 3362 4029; x_wconf 78' lang='grc' dir='ltr'>καὶ</span> <span class='ocrx_word' id='word_1_570' title='bbox 3386 3978 3478 4030; x_wconf 81' lang='grc' dir='ltr'><strong>νῦν</strong></span> <span class='ocrx_word' id='word_1_571' title='bbox 3510 3982 3767 4048; x_wconf 83' lang='grc' dir='ltr'>παρεῖναι</span> 
     </span>
    </p>
   </div>
   <div class='ocr_carea' id='block_1_86' title="bbox 2180 4064 3766 4139">
    <p class='ocr_par' dir='ltr' id='par_1_86' title="bbox 2180 4064 3766 4139">
     <span class='ocr_line' id='line_1_86' title="bbox 2180 4064 3766 4139; baseline 0.004 -23"><span class='ocrx_word' id='word_1_572' title='bbox 2180 4065 2271 4116; x_wconf 87' lang='grc' dir='ltr'>ἵνα</span> <span class='ocrx_word' id='word_1_573' title='bbox 2332 4064 2496 4118; x_wconf 78' lang='grc' dir='ltr'>πάλιν</span> <span class='ocrx_word' id='word_1_574' title='bbox 2549 4069 2614 4119; x_wconf 74' lang='grc' dir='ltr'><strong>τὰ</strong></span> <span class='ocrx_word' id='word_1_575' title='bbox 2663 4068 2801 4120; x_wconf 84' lang='grc' dir='ltr'><strong>αὐτὰ</strong></span> <span class='ocrx_word' id='word_1_576' title='bbox 2858 4068 3169 4138; x_wconf 81' lang='grc' dir='ltr'>γυμνασθῇ.</span> <span class='ocrx_word' id='word_1_577' title='bbox 3224 4069 3363 4139; x_wconf 83' lang='grc' dir='ltr'>Πρὸς</span> <span class='ocrx_word' id='word_1_578' title='bbox 3407 4069 3466 4122; x_wconf 84' lang='grc' dir='ltr'>ὃν</span> <span class='ocrx_word' id='word_1_579' title='bbox 3506 4067 3766 4123; x_wconf 72' lang='grc' dir='ltr'>Ἀκάκιον</span> 
     </span>
    </p>
   </div>
   <div class='ocr_carea' id='block_1_87' title="bbox 2178 4158 3768 4230">
    <p class='ocr_par' dir='ltr' id='par_1_87' title="bbox 2178 4158 3768 4230">
     <span class='ocr_line' id='line_1_87' title="bbox 2178 4158 3768 4230; baseline 0.003 -20"><span class='ocrx_word' id='word_1_580' title='bbox 2178 4158 2329 4227; x_wconf 71' lang='grc' dir='ltr'>δηλοῖ</span> <span class='ocrx_word' id='word_1_581' title='bbox 2370 4158 2439 4211; x_wconf 79' lang='grc' dir='ltr'>τὰ</span> <span class='ocrx_word' id='word_1_582' title='bbox 2479 4162 2847 4230; x_wconf 82' lang='grc' dir='ltr'>πεπραγμένα</span> <span class='ocrx_word' id='word_1_583' title='bbox 2895 4160 3186 4225; x_wconf 79' lang='grc' dir='ltr'>διεξελθεῖν</span> <span class='ocrx_word' id='word_1_584' title='bbox 3231 4162 3326 4214; x_wconf 78' lang='grc' dir='ltr'><strong>ἐπὶ</strong></span> <span class='ocrx_word' id='word_1_585' title='bbox 3367 4162 3568 4228; x_wconf 83' lang='grc' dir='ltr'>λέξεως</span> <span class='ocrx_word' id='word_1_586' title='bbox 3631 4163 3768 4215; x_wconf 85' lang='grc' dir='ltr'><strong>ταῦ-</strong></span> 
     </span>
    </p>
   </div>
   <div class='ocr_carea' id='block_1_88' title="bbox 2179 4251 3770 4325">
    <p class='ocr_par' dir='ltr' id='par_1_88' title="bbox 2179 4251 3770 4325">
     <span class='ocr_line' id='line_1_88' title="bbox 2179 4251 3770 4325; baseline 0.002 -20"><span class='ocrx_word' id='word_1_587' title='bbox 2179 4269 2266 4305; x_wconf 82' lang='grc' dir='ltr'>τα’</span> <span class='ocrx_word' id='word_1_588' title='bbox 2293 4253 2405 4322; x_wconf 83' lang='grc' dir='ltr'>Οὐχ</span> <span class='ocrx_word' id='word_1_589' title='bbox 2438 4251 2610 4315; x_wconf 81' lang='grc' dir='ltr'>οὕτως</span> <span class='ocrx_word' id='word_1_590' title='bbox 2642 4253 2927 4306; x_wconf 80' lang='grc' dir='ltr'>ἐκέλευσεν</span> <span class='ocrx_word' id='word_1_591' title='bbox 2985 4256 3017 4323; x_wconf 84' lang='grc' dir='ltr'>ή</span> <span class='ocrx_word' id='word_1_592' title='bbox 3071 4255 3204 4324; x_wconf 86' lang='grc' dir='ltr'>ἁγία</span> <span class='ocrx_word' id='word_1_593' title='bbox 3234 4254 3325 4307; x_wconf 75' lang='grc' dir='ltr'>καὶ</span> <span class='ocrx_word' id='word_1_594' title='bbox 3372 4254 3589 4325; x_wconf 78' lang='grc' dir='ltr'>μεγάλη</span> <span class='ocrx_word' id='word_1_595' title='bbox 3641 4256 3770 4308; x_wconf 71' lang='grc' dir='ltr'>σύνε</span> 
     </span>
    </p>
   </div>
   <div class='ocr_carea' id='block_1_89' title="bbox 2179 4344 3766 4417">
    <p class='ocr_par' dir='ltr' id='par_1_89' title="bbox 2179 4344 3766 4417">
     <span class='ocr_line' id='line_1_89' title="bbox 2179 4344 3766 4417; baseline 0.003 -21"><span class='ocrx_word' id='word_1_596' title='bbox 2179 4344 2294 4407; x_wconf 86' lang='grc' dir='ltr'>οδος</span> <span class='ocrx_word' id='word_1_597' title='bbox 2315 4344 2410 4415; x_wconf 79' lang='grc' dir='ltr'>τὴν</span> <span class='ocrx_word' id='word_1_598' title='bbox 2431 4344 2701 4414; x_wconf 83' lang='grc' dir='ltr'>ὑμετέραν</span> <span class='ocrx_word' id='word_1_599' title='bbox 2716 4346 2977 4415; x_wconf 86' lang='grc' dir='ltr'>ἀγιότητα</span> <span class='ocrx_word' id='word_1_600' title='bbox 2994 4349 3269 4417; x_wconf 82' lang='grc' dir='ltr'>παρεῖναι,</span> <span class='ocrx_word' id='word_1_601' title='bbox 3290 4346 3432 4401; x_wconf 83' lang='grc' dir='ltr'>ὥστε</span> <span class='ocrx_word' id='word_1_602' title='bbox 3458 4349 3766 4401; x_wconf 83' lang='grc' dir='ltr'>ἀνασκευα-</span> 
     </span>
    </p>
   </div>
   <div class='ocr_carea' id='block_1_90' title="bbox 2182 4434 3767 4509">
    <p class='ocr_par' dir='ltr' id='par_1_90' title="bbox 2182 4434 3767 4509">
     <span class='ocr_line' id='line_1_90' title="bbox 2182 4434 3767 4509; baseline 0.003 -20"><span class='ocrx_word' id='word_1_603' title='bbox 2182 4436 2377 4505; x_wconf 85' lang='grc' dir='ltr'>σθῆναι</span> <span class='ocrx_word' id='word_1_604' title='bbox 2417 4437 2485 4489; x_wconf 71' lang='grc' dir='ltr'>τὰ</span> <span class='ocrx_word' id='word_1_605' title='bbox 2528 4436 2622 4488; x_wconf 77' lang='grc' dir='ltr'><strong>ἐπὶ</strong></span> <span class='ocrx_word' id='word_1_606' title='bbox 2658 4434 2765 4488; x_wconf 85' lang='grc' dir='ltr'><strong>τῶν</strong></span> <span class='ocrx_word' id='word_1_607' title='bbox 2819 4437 3429 4507; x_wconf 80' lang='grc' dir='ltr'>μεγαλοπρεπεστάτων</span> <span class='ocrx_word' id='word_1_608' title='bbox 3486 4441 3767 4509; x_wconf 78' lang='grc' dir='ltr'>ἀρχόντων</span> 
     </span>
    </p>
   </div>
   <div class='ocr_carea' id='block_1_91' title="bbox 486 4518 2076 4604">
    <p class='ocr_par' dir='ltr' id='par_1_91' title="bbox 486 4523 2075 4591">
     <span class='ocr_line' id='line_1_91' title="bbox 486 4523 2075 4591; baseline 0.003 -12"><span class='ocrx_word' id='word_1_609' title='bbox 486 4523 835 4581; x_wconf 79' lang='lat' dir='ltr'><strong>inﬂrmentur</strong></span> <span class='ocrx_word' id='word_1_610' title='bbox 880 4527 1016 4580; x_wconf 87' lang='lat' dir='ltr'><strong>:sed</strong></span> <span class='ocrx_word' id='word_1_611' title='bbox 1061 4543 1161 4582; x_wconf 89' lang='lat' dir='ltr'><strong>nos</strong></span> <span class='ocrx_word' id='word_1_612' title='bbox 1210 4528 1359 4582; x_wconf 90' lang='lat' dir='ltr'><strong>misit</strong></span> <span class='ocrx_word' id='word_1_613' title='bbox 1388 4528 1455 4582; x_wconf 88' lang='lat' dir='ltr'><strong>ad</strong></span> <span class='ocrx_word' id='word_1_614' title='bbox 1486 4538 1557 4591; x_wconf 89' lang='lat' dir='ltr'><strong>te,</strong></span> <span class='ocrx_word' id='word_1_615' title='bbox 1608 4528 1875 4583; x_wconf 88' lang='lat' dir='ltr'><strong>mandans</strong></span> <span class='ocrx_word' id='word_1_616' title='bbox 1909 4538 1969 4584; x_wconf 91' lang='lat' dir='ltr'><strong>ut</strong></span> <span class='ocrx_word' id='word_1_617' title='bbox 2007 4530 2075 4583; x_wconf 88' lang='lat' dir='ltr'><strong>ad</strong></span> 
     </span>
    </p>
   </div>
   <div class='ocr_carea' id='block_1_92' title="bbox 2181 4518 3768 4604">
    <p class='ocr_par' dir='ltr' id='par_1_92' title="bbox 2184 4527 3768 4604">
     <span class='ocr_line' id='line_1_92' title="bbox 2184 4527 3768 4604; baseline 0.004 -24"><span class='ocrx_word' id='word_1_618' title='bbox 2184 4528 2277 4581; x_wconf 73' lang='grc' dir='ltr'><strong>καὶ</strong></span> <span class='ocrx_word' id='word_1_619' title='bbox 2302 4530 2396 4581; x_wconf 68' lang='grc' dir='ltr'><strong>ἐπὶ</strong></span> <span class='ocrx_word' id='word_1_620' title='bbox 2424 4529 2523 4599; x_wconf 82' lang='grc' dir='ltr'>τῆς</span> <span class='ocrx_word' id='word_1_621' title='bbox 2560 4529 2712 4597; x_wconf 80' lang='grc' dir='ltr'>ἱερᾶς</span> <span class='ocrx_word' id='word_1_622' title='bbox 2743 4527 3047 4598; x_wconf 81' lang='grc' dir='ltr'>συγκλήτου</span> <span class='ocrx_word' id='word_1_623' title='bbox 3095 4530 3410 4601; x_wconf 76' lang='grc' dir='ltr'>πραχθέντα</span> <span class='ocrx_word' id='word_1_624' title='bbox 3433 4548 3448 4564; x_wconf 76' lang='grc'><strong><em>⁸</em></strong></span> <span class='ocrx_word' id='word_1_625' title='bbox 3475 4532 3590 4585; x_wconf 79' lang='grc' dir='ltr'>ἀλλ’</span> <span class='ocrx_word' id='word_1_626' title='bbox 3615 4533 3768 4604; x_wconf 72' lang='grc' dir='ltr'>ἡμᾶς</span> 
     </span>
    </p>
   </div>
   <div class='ocr_carea' id='block_1_93' title="bbox 484 4618 2072 4681">
    <p class='ocr_par' dir='ltr' id='par_1_93' title="bbox 484 4618 2072 4681">
     <span class='ocr_line' id='line_1_93' title="bbox 484 4618 2072 4681; baseline 0.004 -15"><span class='ocrx_word' id='word_1_627' title='bbox 484 4632 807 4671; x_wconf 71' lang='lat' dir='ltr'><strong>consessum</strong></span> <span class='ocrx_word' id='word_1_628' title='bbox 847 4618 1059 4681; x_wconf 89' lang='lat' dir='ltr'><strong>venias,</strong></span> <span class='ocrx_word' id='word_1_629' title='bbox 1092 4633 1194 4673; x_wconf 89' lang='lat' dir='ltr'><strong>nec</strong></span> <span class='ocrx_word' id='word_1_630' title='bbox 1238 4618 1382 4673; x_wconf 88' lang='lat' dir='ltr'><strong>absit</strong></span> <span class='ocrx_word' id='word_1_631' title='bbox 1458 4619 1526 4673; x_wconf 89' lang='lat' dir='ltr'><strong>ab</strong></span> <span class='ocrx_word' id='word_1_632' title='bbox 1558 4634 1625 4673; x_wconf 93' lang='lat' dir='ltr'><strong>eo</strong></span> <span class='ocrx_word' id='word_1_633' title='bbox 1654 4621 1917 4675; x_wconf 86' lang='lat' dir='ltr'><strong>sanctitas</strong></span> <span class='ocrx_word' id='word_1_634' title='bbox 1960 4629 2072 4673; x_wconf 91' lang='lat' dir='ltr'><strong>tua.</strong></span> 
     </span>
    </p>
   </div>
   <div class='ocr_carea' id='block_1_94' title="bbox 483 4706 2077 4779">
    <p class='ocr_par' dir='ltr' id='par_1_94' title="bbox 483 4706 2077 4779">
     <span class='ocr_line' id='line_1_94' title="bbox 483 4706 2077 4779; baseline 0.001 -16"><span class='ocrx_word' id='word_1_635' title='bbox 483 4706 585 4763; x_wconf 88' lang='lat' dir='ltr'><strong>Cui</strong></span> <span class='ocrx_word' id='word_1_636' title='bbox 612 4709 907 4764; x_wconf 80' lang='lat' dir='ltr'><strong>Dioscorus</strong></span> <span class='ocrx_word' id='word_1_637' title='bbox 951 4710 1024 4763; x_wconf 81' lang='lat' dir='ltr'><strong>ita</strong></span> <span class='ocrx_word' id='word_1_638' title='bbox 1062 4712 1367 4779; x_wconf 89' lang='lat' dir='ltr'><strong>respondit,</strong></span> <span class='ocrx_word' id='word_1_639' title='bbox 1400 4722 1461 4763; x_wconf 91' lang='lat' dir='ltr'><strong>ut</strong></span> <span class='ocrx_word' id='word_1_640' title='bbox 1494 4709 1548 4763; x_wconf 92' lang='lat' dir='ltr'><strong>in</strong></span> <span class='ocrx_word' id='word_1_641' title='bbox 1574 4709 1771 4765; x_wconf 92' lang='lat' dir='ltr'><strong>iisdem</strong></span> <span class='ocrx_word' id='word_1_642' title='bbox 1813 4710 1951 4765; x_wconf 85' lang='lat' dir='ltr'><strong>actis</strong></span> <span class='ocrx_word' id='word_1_643' title='bbox 1981 4711 2077 4765; x_wconf 83' lang='lat' dir='ltr'><strong>ha—</strong></span> 
     </span>
    </p>
   </div>
   <div class='ocr_carea' id='block_1_95' title="bbox 497 4799 2074 4873">
    <p class='ocr_par' dir='ltr' id='par_1_95' title="bbox 497 4799 2074 4873">
     <span class='ocr_line' id='line_1_95' title="bbox 497 4799 2074 4873; baseline 0.001 -20"><span class='ocrx_word' id='word_1_644' title='bbox 497 4799 696 4853; x_wconf 88' lang='lat' dir='ltr'><strong>betur:</strong></span> <span class='ocrx_word' id='word_1_645' title='bbox 728 4800 888 4854; x_wconf 78' lang='lat' dir='ltr'><strong>Modo</strong></span> <span class='ocrx_word' id='word_1_646' title='bbox 911 4801 1128 4855; x_wconf 84' lang='lat' dir='ltr'><strong>dixistis</strong></span> <span class='ocrx_word' id='word_1_647' title='bbox 1168 4802 1304 4855; x_wconf 88' lang='lat' dir='ltr'><strong>mihi</strong></span> <span class='ocrx_word' id='word_1_648' title='bbox 1351 4802 1648 4857; x_wconf 85' lang='lat' dir='ltr'><strong>Eusebium</strong></span> <span class='ocrx_word' id='word_1_649' title='bbox 1691 4803 1909 4858; x_wconf 87' lang='lat' dir='ltr'><strong>libellos</strong></span> <span class='ocrx_word' id='word_1_650' title='bbox 1947 4819 2074 4873; x_wconf 91' lang='lat' dir='ltr'><strong>por-</strong></span> 
     </span>
    </p>
   </div>
   <div class='ocr_carea' id='block_1_96' title="bbox 490 4894 2072 4967">
    <p class='ocr_par' dir='ltr' id='par_1_96' title="bbox 490 4894 2072 4967">
     <span class='ocr_line' id='line_1_96' title="bbox 490 4894 2072 4967; baseline 0.004 -23"><span class='ocrx_word' id='word_1_651' title='bbox 490 4894 719 4949; x_wconf 83' lang='lat' dir='ltr'><strong>rexisse.</strong></span> <span class='ocrx_word' id='word_1_652' title='bbox 745 4894 763 4948; x_wconf 91' lang='lat' dir='ltr'><strong>l</strong></span> <span class='ocrx_word' id='word_1_653' title='bbox 772 4903 949 4948; x_wconf 89' lang='lat' dir='ltr'><strong>terum</strong></span> <span class='ocrx_word' id='word_1_654' title='bbox 966 4894 1193 4964; x_wconf 89' lang='lat' dir='ltr'><strong>postulo</strong></span> <span class='ocrx_word' id='word_1_655' title='bbox 1213 4902 1273 4948; x_wconf 92' lang='lat' dir='ltr'><strong>ut</strong></span> <span class='ocrx_word' id='word_1_656' title='bbox 1294 4909 1480 4949; x_wconf 87' lang='lat' dir='ltr'><strong>coram</strong></span> <span class='ocrx_word' id='word_1_657' title='bbox 1490 4895 1769 4967; x_wconf 83' lang='lat' dir='ltr'><strong>judicibus</strong></span> <span class='ocrx_word' id='word_1_658' title='bbox 1787 4912 1848 4951; x_wconf 89' lang='lat' dir='ltr'><strong>ac</strong></span> <span class='ocrx_word' id='word_1_659' title='bbox 1876 4905 2072 4951; x_wconf 89' lang='lat' dir='ltr'><strong>senatu</strong></span> 
     </span>
    </p>
   </div>
   <div class='ocr_carea' id='block_1_97' title="bbox 487 4988 2068 5062">
    <p class='ocr_par' dir='ltr' id='par_1_97' title="bbox 487 4988 2068 5062">
     <span class='ocr_line' id='line_1_97' title="bbox 487 4988 2068 5062; baseline 0.001 -20"><span class='ocrx_word' id='word_1_660' title='bbox 487 5002 607 5042; x_wconf 78' lang='lat' dir='ltr'><strong>mea</strong></span> <span class='ocrx_word' id='word_1_661' title='bbox 640 5002 801 5044; x_wconf 84' lang='lat' dir='ltr'><strong>causa</strong></span> <span class='ocrx_word' id='word_1_662' title='bbox 836 4988 1201 5044; x_wconf 78' lang='lat' dir='ltr'><strong>examinetur.</strong></span> <span class='ocrx_word' id='word_1_663' title='bbox 1239 4988 1307 5043; x_wconf 85' lang='lat' dir='ltr'><strong>Et</strong></span> <span class='ocrx_word' id='word_1_664' title='bbox 1336 4997 1461 5059; x_wconf 89' lang='lat' dir='ltr'><strong>post</strong></span> <span class='ocrx_word' id='word_1_665' title='bbox 1486 4989 1592 5045; x_wconf 90' lang='lat' dir='ltr'><strong>alia</strong></span> <span class='ocrx_word' id='word_1_666' title='bbox 1628 4990 1875 5062; x_wconf 84' lang='lat' dir='ltr'><strong>ejusdem</strong></span> <span class='ocrx_word' id='word_1_667' title='bbox 1919 4989 2068 5045; x_wconf 88' lang='lat' dir='ltr'><strong>modi</strong></span> 
     </span>
    </p>
   </div>
   <div class='ocr_carea' id='block_1_98' title="bbox 2184 4618 3767 4694">
    <p class='ocr_par' dir='ltr' id='par_1_98' title="bbox 2184 4618 3767 4694">
     <span class='ocr_line' id='line_1_98' title="bbox 2184 4618 3767 4694; baseline 0.003 -22"><span class='ocrx_word' id='word_1_668' title='bbox 2184 4618 2526 4681; x_wconf 83' lang='grc' dir='ltr'>ἀπέστειλεν,</span> <span class='ocrx_word' id='word_1_669' title='bbox 2564 4618 2707 4672; x_wconf 83' lang='grc' dir='ltr'>ὥστε</span> <span class='ocrx_word' id='word_1_670' title='bbox 2760 4620 3091 4674; x_wconf 77' lang='grc' dir='ltr'>καταλαὸεἶν</span> <span class='ocrx_word' id='word_1_671' title='bbox 3126 4639 3185 4674; x_wconf 91' lang='grc' dir='ltr'><strong>σε</strong></span> <span class='ocrx_word' id='word_1_672' title='bbox 3227 4623 3289 4675; x_wconf 81' lang='grc' dir='ltr'>τὸ</span> <span class='ocrx_word' id='word_1_673' title='bbox 3336 4624 3637 4694; x_wconf 77' lang='grc' dir='ltr'>συνέδριον,</span> <span class='ocrx_word' id='word_1_674' title='bbox 3668 4625 3767 4677; x_wconf 77' lang='grc' dir='ltr'><strong>καὶ</strong></span> 
     </span>
    </p>
   </div>
   <div class='ocr_carea' id='block_1_99' title="bbox 2184 4711 3767 4788">
    <p class='ocr_par' dir='ltr' id='par_1_99' title="bbox 2184 4711 3767 4788">
     <span class='ocr_line' id='line_1_99' title="bbox 2184 4711 3767 4788; baseline 0.004 -25"><span class='ocrx_word' id='word_1_675' title='bbox 2184 4712 2260 4782; x_wconf 82' lang='grc' dir='ltr'><strong>μὴ</strong></span> <span class='ocrx_word' id='word_1_676' title='bbox 2290 4711 2687 4783; x_wconf 73' lang='grc' dir='ltr'>ἀπολειφθῆναι</span> <span class='ocrx_word' id='word_1_677' title='bbox 2734 4713 2901 4766; x_wconf 83' lang='grc' dir='ltr'>αὑτοῦ</span> <span class='ocrx_word' id='word_1_678' title='bbox 2950 4713 3050 4785; x_wconf 78' lang='grc' dir='ltr'>τὴν</span> <span class='ocrx_word' id='word_1_679' title='bbox 3086 4717 3185 4785; x_wconf 87' lang='grc' dir='ltr'><strong>σὴν</strong></span> <span class='ocrx_word' id='word_1_680' title='bbox 3214 4715 3493 4786; x_wconf 83' lang='grc' dir='ltr'>ὁσιότητα.</span> <span class='ocrx_word' id='word_1_681' title='bbox 3537 4717 3676 4788; x_wconf 80' lang='grc' dir='ltr'>Πρὸς</span> <span class='ocrx_word' id='word_1_682' title='bbox 3705 4716 3767 4769; x_wconf 81' lang='grc' dir='ltr'>ὃν</span> 
     </span>
    </p>
   </div>
   <div class='ocr_carea' id='block_1_100' title="bbox 2190 4803 3763 4879">
    <p class='ocr_par' dir='ltr' id='par_1_100' title="bbox 2190 4803 3763 4879">
     <span class='ocr_line' id='line_1_100' title="bbox 2190 4803 3763 4879; baseline 0.004 -24"><span class='ocrx_word' id='word_1_683' title='bbox 2190 4803 2480 4874; x_wconf 84' lang='grc' dir='ltr'>Διόσκορος</span> <span class='ocrx_word' id='word_1_684' title='bbox 2506 4806 2746 4873; x_wconf 75' lang='grc' dir='ltr'>εἴρηκεν,</span> <span class='ocrx_word' id='word_1_685' title='bbox 2769 4806 2845 4869; x_wconf 84' lang='grc' dir='ltr'>ὼς</span> <span class='ocrx_word' id='word_1_686' title='bbox 2870 4806 2937 4858; x_wconf 76' lang='grc' dir='ltr'><strong>τὰ</strong></span> <span class='ocrx_word' id='word_1_687' title='bbox 2964 4808 3335 4877; x_wconf 85' lang='grc' dir='ltr'>ὑπομνήματα</span> <span class='ocrx_word' id='word_1_688' title='bbox 3372 4808 3643 4879; x_wconf 75' lang='grc' dir='ltr'>λέγουσιν’</span> <span class='ocrx_word' id='word_1_689' title='bbox 3670 4810 3763 4862; x_wconf 76' lang='grc' dir='ltr'><strong>Εε-</strong></span> 
     </span>
    </p>
   </div>
   <div class='ocr_carea' id='block_1_101' title="bbox 2183 4894 3762 4965">
    <p class='ocr_par' dir='ltr' id='par_1_101' title="bbox 2183 4894 3762 4965">
     <span class='ocr_line' id='line_1_101' title="bbox 2183 4894 3762 4965; baseline 0.006 -19"><span class='ocrx_word' id='word_1_690' title='bbox 2183 4895 2389 4965; x_wconf 85' lang='grc' dir='ltr'>ρήκατέ</span> <span class='ocrx_word' id='word_1_691' title='bbox 2418 4913 2511 4964; x_wconf 87' lang='grc' dir='ltr'><strong>μοι</strong></span> <span class='ocrx_word' id='word_1_692' title='bbox 2548 4894 2645 4949; x_wconf 81' lang='grc' dir='ltr'>νῦν</span> <span class='ocrx_word' id='word_1_693' title='bbox 2676 4897 2759 4949; x_wconf 84' lang='grc' dir='ltr'>ὅτι</span> <span class='ocrx_word' id='word_1_694' title='bbox 2791 4896 3067 4960; x_wconf 79' lang='grc' dir='ltr'>λιϐέλλους</span> <span class='ocrx_word' id='word_1_695' title='bbox 3111 4899 3440 4954; x_wconf 76' lang='grc' dir='ltr'>ἐπιδέδωκεν</span> <span class='ocrx_word' id='word_1_696' title='bbox 3477 4900 3762 4962; x_wconf 78' lang='grc' dir='ltr'>Εὐσέϐιος.</span> 
     </span>
    </p>
   </div>
   <div class='ocr_carea' id='block_1_102' title="bbox 2172 4987 3767 5064">
    <p class='ocr_par' dir='ltr' id='par_1_102' title="bbox 2172 4987 3767 5064">
     <span class='ocr_line' id='line_1_102' title="bbox 2172 4987 3767 5064; baseline 0.003 -22"><span class='ocrx_word' id='word_1_697' title='bbox 2172 4987 2485 5057; x_wconf 81' lang='grc' dir='ltr'>Παρακαλῶ</span> <span class='ocrx_word' id='word_1_698' title='bbox 2514 4989 2674 5043; x_wconf 75' lang='grc' dir='ltr'>πάλιν</span> <span class='ocrx_word' id='word_1_699' title='bbox 2708 4990 2991 5061; x_wconf 84' lang='grc' dir='ltr'>παρόντων</span> <span class='ocrx_word' id='word_1_700' title='bbox 3024 4991 3301 5063; x_wconf 84' lang='grc' dir='ltr'>ἀρχόντων</span> <span class='ocrx_word' id='word_1_701' title='bbox 3313 4993 3360 5025; x_wconf 70' lang='grc'><strong>⁸⁵</strong></span> <span class='ocrx_word' id='word_1_702' title='bbox 3390 4994 3483 5047; x_wconf 57' lang='grc' dir='ltr'><strong>καὶ⁵</strong></span> <span class='ocrx_word' id='word_1_703' title='bbox 3511 4992 3611 5064; x_wconf 83' lang='grc' dir='ltr'>τῆς</span> <span class='ocrx_word' id='word_1_704' title='bbox 3631 5010 3767 5062; x_wconf 89' lang='grc' dir='ltr'>συγ-</span> 
     </span>
    </p>
   </div>
   <div class='ocr_carea' id='block_1_103' title="bbox 1784 5148 2464 5207">
    <p class='ocr_par' dir='ltr' id='par_1_103' title="bbox 1784 5148 2464 5207">
     <span class='ocr_line' id='line_1_103' title="bbox 1784 5148 2464 5207; baseline 0.009 -7"><span class='ocrx_word' id='word_1_705' title='bbox 1784 5150 2028 5206; x_wconf 62' lang='grc' dir='ltr'><strong>,ἾΑΒΙᾹΞ</strong></span> <span class='ocrx_word' id='word_1_706' title='bbox 2062 5148 2352 5207; x_wconf 76' lang='lat' dir='ltr'><strong>LECTION</strong></span> <span class='ocrx_word' id='word_1_707' title='bbox 2362 5150 2464 5206; x_wconf 86' lang='lat' dir='ltr'><strong>ES.</strong></span> 
     </span>
    </p>
   </div>
   <div class='ocr_carea' id='block_1_104' title="bbox 558 5262 1895 5338">
    <p class='ocr_par' dir='ltr' id='par_1_104' title="bbox 558 5262 1895 5338">
     <span class='ocr_line' id='line_1_104' title="bbox 558 5262 1895 5338; baseline 0.004 -20"><span class='ocrx_word' id='word_1_708' title='bbox 558 5266 603 5295; x_wconf 78' lang='lat'><strong>&quot;’</strong></span> <span class='ocrx_word' id='word_1_709' title='bbox 631 5265 693 5319; x_wconf 87' lang='lat' dir='ltr'><strong>C.</strong></span> <span class='ocrx_word' id='word_1_710' title='bbox 729 5264 790 5318; x_wconf 89' lang='lat' dir='ltr'><strong>C.</strong></span> <span class='ocrx_word' id='word_1_711' title='bbox 832 5262 1005 5317; x_wconf 80' lang='grc' dir='ltr'>εἷπον.</span> <span class='ocrx_word' id='word_1_712' title='bbox 1085 5266 1131 5297; x_wconf 64' lang='grc'><strong>⁵⁸</strong></span> <span class='ocrx_word' id='word_1_713' title='bbox 1157 5266 1309 5337; x_wconf 87' lang='grc' dir='ltr'><strong>παρά</strong></span> <span class='ocrx_word' id='word_1_714' title='bbox 1333 5265 1428 5320; x_wconf 81' lang='grc' dir='ltr'><strong>τοῦ</strong></span> <span class='ocrx_word' id='word_1_715' title='bbox 1458 5266 1568 5321; x_wconf 83' lang='grc' dir='ltr'>τῶν</span> <span class='ocrx_word' id='word_1_716' title='bbox 1600 5267 1895 5338; x_wconf 67' lang='grc' dir='ltr'>ἀρχῦντων.</span> 
     </span>
    </p>
   </div>
   <div class='ocr_carea' id='block_1_105' title="bbox 1692 5406 2552 5469">
    <p class='ocr_par' dir='ltr' id='par_1_105' title="bbox 1692 5406 2552 5469">
     <span class='ocr_line' id='line_1_105' title="bbox 1692 5406 2552 5469; baseline 0.01 -9"><span class='ocrx_word' id='word_1_717' title='bbox 1692 5406 1961 5464; x_wconf 81' lang='lat' dir='ltr'><strong>VALESlI</strong></span> <span class='ocrx_word' id='word_1_718' title='bbox 1996 5408 2552 5469; x_wconf 73' lang='lat' dir='ltr'><strong>ANNOTATIONES.</strong></span> 
     </span>
    </p>
   </div>
   <div class='ocr_carea' id='block_1_106' title="bbox 561 5516 2064 5590">
    <p class='ocr_par' dir='ltr' id='par_1_106' title="bbox 561 5516 2064 5590">
     <span class='ocr_line' id='line_1_106' title="bbox 561 5516 2064 5590; baseline 0.002 -20"><span class='ocrx_word' id='word_1_719' title='bbox 561 5517 674 5587; x_wconf 65' lang='lat' dir='ltr'><strong>(Hi</strong></span> <span class='ocrx_word' id='word_1_720' title='bbox 708 5517 930 5590; x_wconf 58' lang='grc' dir='ltr'>Βοηρὸς</span> <span class='ocrx_word' id='word_1_721' title='bbox 973 5516 1052 5590; x_wconf 75' lang='grc' dir='ltr'>τῷ</span> <span class='ocrx_word' id='word_1_722' title='bbox 1093 5518 1416 5590; x_wconf 74' lang='grc' dir='ltr'>μαγιστρῳ.</span> <span class='ocrx_word' id='word_1_723' title='bbox 1470 5520 1690 5590; x_wconf 84' lang='lat' dir='ltr'><strong>Langus</strong></span> <span class='ocrx_word' id='word_1_724' title='bbox 1733 5529 1789 5574; x_wconf 90' lang='lat' dir='ltr'><strong>et</strong></span> <span class='ocrx_word' id='word_1_725' title='bbox 1820 5519 2064 5575; x_wconf 84' lang='lat' dir='ltr'><strong>Christo-</strong></span> 
     </span>
    </p>
   </div>
   <div class='ocr_carea' id='block_1_107' title="bbox 490 5587 2069 5659">
    <p class='ocr_par' dir='ltr' id='par_1_107' title="bbox 490 5587 2069 5659">
     <span class='ocr_line' id='line_1_107' title="bbox 490 5587 2069 5659; baseline 0.003 -19"><span class='ocrx_word' id='word_1_726' title='bbox 490 5588 809 5655; x_wconf 77' lang='lat' dir='ltr'><strong>p‘norsouUs</strong></span> <span class='ocrx_word' id='word_1_727' title='bbox 834 5587 1090 5641; x_wconf 72' lang='lat' dir='ltr'><strong>Bocthum</strong></span> <span class='ocrx_word' id='word_1_728' title='bbox 1121 5589 1468 5657; x_wconf 82' lang='lat' dir='ltr'><strong>interpretati</strong></span> <span class='ocrx_word' id='word_1_729' title='bbox 1498 5587 1650 5654; x_wconf 67' lang='lat' dir='ltr'><strong>sunt,</strong></span> <span class='ocrx_word' id='word_1_730' title='bbox 1682 5590 1839 5659; x_wconf 88' lang='lat' dir='ltr'><strong>quasi</strong></span> <span class='ocrx_word' id='word_1_731' title='bbox 1881 5591 1933 5643; x_wconf 91' lang='lat' dir='ltr'><strong>id</strong></span> <span class='ocrx_word' id='word_1_732' title='bbox 1968 5607 2069 5645; x_wconf 89' lang='lat' dir='ltr'><strong>no-</strong></span> 
     </span>
    </p>
   </div>
   <div class='ocr_carea' id='block_1_108' title="bbox 492 5660 2063 5740">
    <p class='ocr_par' dir='ltr' id='par_1_108' title="bbox 492 5660 2063 5740">
     <span class='ocr_line' id='line_1_108' title="bbox 492 5660 2063 5740; baseline 0.003 -30"><span class='ocrx_word' id='word_1_733' title='bbox 492 5674 617 5740; x_wconf 62' lang='lat' dir='ltr'><strong>men</strong></span> <span class='ocrx_word' id='word_1_734' title='bbox 653 5663 937 5740; x_wconf 66' lang='lat' dir='ltr'><strong>proprium</strong></span> <span class='ocrx_word' id='word_1_735' title='bbox 974 5668 1141 5740; x_wconf 72' lang='lat' dir='ltr'><strong>esset.</strong></span> <span class='ocrx_word' id='word_1_736' title='bbox 1174 5660 1338 5740; x_wconf 71' lang='lat' dir='ltr'><strong>Atqui</strong></span> <span class='ocrx_word' id='word_1_737' title='bbox 1372 5660 1564 5740; x_wconf 71' lang='grc' dir='ltr'>βοηθὸς</span> <span class='ocrx_word' id='word_1_738' title='bbox 1602 5674 1803 5740; x_wconf 61' lang='lat' dir='ltr'><strong>nomen</strong></span> <span class='ocrx_word' id='word_1_739' title='bbox 1850 5670 1960 5740; x_wconf 85' lang='lat' dir='ltr'><strong>est_</strong></span> <span class='ocrx_word' id='word_1_740' title='bbox 1982 5662 2042 5715; x_wconf 83' lang='lat' dir='ltr'><strong>of</strong></span> <span class='ocrx_word' id='word_1_741' title='bbox 2050 5695 2063 5740; x_wconf 54' lang='grc' dir='ltr'>ς</span> 
     </span>
    </p>
   </div>
   <div class='ocr_carea' id='block_1_109' title="bbox 492 5674 2064 5804">
    <p class='ocr_par' dir='ltr' id='par_1_109' title="bbox 492 5674 2064 5804">
     <span class='ocr_line' id='line_1_109' title="bbox 492 5674 2063 5782; baseline 0.003 -72"><span class='ocrx_word' id='word_1_742' title='bbox 492 5674 617 5711; x_wconf 85' lang='lat' dir='ltr'><strong>men</strong></span> <span class='ocrx_word' id='word_1_743' title='bbox 653 5674 937 5782; x_wconf 65' lang='lat' dir='ltr'><strong>groprium</strong></span> <span class='ocrx_word' id='word_1_744' title='bbox 974 5674 1141 5738; x_wconf 78' lang='lat' dir='ltr'><strong>esset.</strong></span> <span class='ocrx_word' id='word_1_745' title='bbox 1174 5674 1338 5728; x_wconf 77' lang='lat' dir='ltr'><strong>Atqui</strong></span> <span class='ocrx_word' id='word_1_746' title='bbox 1372 5674 1564 5740; x_wconf 68' lang='grc' dir='ltr'>ροηυος</span> <span class='ocrx_word' id='word_1_747' title='bbox 1602 5674 1803 5714; x_wconf 89' lang='lat' dir='ltr'><strong>nomen</strong></span> <span class='ocrx_word' id='word_1_748' title='bbox 1850 5674 1936 5715; x_wconf 88' lang='lat' dir='ltr'><strong>est</strong></span> <span class='ocrx_word' id='word_1_749' title='bbox 1982 5674 2063 5715; x_wconf 88' lang='lat' dir='ltr'><strong>ot-</strong></span> 
     </span>
     <span class='ocr_line' id='line_1_110' title="bbox 492 5728 2064 5804; baseline 0.004 -25"><span class='ocrx_word' id='word_1_750' title='bbox 492 5728 629 5804; x_wconf 55' lang='grc' dir='ltr'><strong>ίίςξξἶ</strong></span> <span class='ocrx_word' id='word_1_751' title='bbox 696 5728 746 5782; x_wconf 84' lang='lat' dir='ltr'><strong>ic</strong></span> <span class='ocrx_word' id='word_1_752' title='bbox 780 5728 1262 5804; x_wconf 72' lang='lat' dir='ltr'><strong>cnim_dtrchatur</strong></span> <span class='ocrx_word' id='word_1_753' title='bbox 1305 5745 1564 5804; x_wconf 66' lang='lat' dir='ltr'><strong>princeps</strong></span> <span class='ocrx_word' id='word_1_754' title='bbox 1607 5730 1797 5804; x_wconf 25' lang='lat' dir='ltr'><strong>oﬂiciiA</strong></span> <span class='ocrx_word' id='word_1_755' title='bbox 1823 5731 2064 5804; x_wconf 76' lang='lat' dir='ltr'><strong>magistri</strong></span> 
     </span>
    </p>
   </div>
   <div class='ocr_carea' id='block_1_110' title="bbox 487 5796 2063 5871">
    <p class='ocr_par' dir='ltr' id='par_1_110' title="bbox 487 5796 2063 5871">
     <span class='ocr_line' id='line_1_111' title="bbox 487 5796 2063 5871; baseline 0.003 -18"><span class='ocrx_word' id='word_1_756' title='bbox 487 5796 820 5860; x_wconf 72' lang='lat' dir='ltr'><strong>ciliciorum,</strong></span> <span class='ocrx_word' id='word_1_757' title='bbox 861 5800 954 5871; x_wconf 85' lang='lat' dir='ltr'><strong>qui</strong></span> <span class='ocrx_word' id='word_1_758' title='bbox 998 5808 1117 5854; x_wconf 73' lang='lat' dir='ltr'><strong>eat</strong></span> <span class='ocrx_word' id='word_1_759' title='bbox 1146 5816 1209 5854; x_wconf 76' lang='lat' dir='ltr'><strong>cx</strong></span> <span class='ocrx_word' id='word_1_760' title='bbox 1244 5796 1431 5855; x_wconf 85' lang='lat' dir='ltr'><strong>schola</strong></span> <span class='ocrx_word' id='word_1_761' title='bbox 1462 5796 1742 5870; x_wconf 65' lang='lat' dir='ltr'><strong>agentium</strong></span> <span class='ocrx_word' id='word_1_762' title='bbox 1785 5801 1841 5855; x_wconf 87' lang='lat' dir='ltr'><strong>in</strong></span> <span class='ocrx_word' id='word_1_763' title='bbox 1878 5796 2063 5865; x_wconf 64' lang='lat' dir='ltr'><strong>robus,</strong></span> 
     </span>
    </p>
   </div>
   <div class='ocr_carea' id='block_1_111' title="bbox 2178 5524 3767 5599">
    <p class='ocr_par' dir='ltr' id='par_1_111' title="bbox 2178 5524 3767 5599">
     <span class='ocr_line' id='line_1_112' title="bbox 2178 5524 3767 5599; baseline 0.005 -22"><span class='ocrx_word' id='word_1_764' title='bbox 2178 5533 2238 5578; x_wconf 89' lang='lat' dir='ltr'><strong>ut</strong></span> <span class='ocrx_word' id='word_1_765' title='bbox 2266 5524 2428 5599; x_wconf 82' lang='lat' dir='ltr'><strong>docet</strong></span> <span class='ocrx_word' id='word_1_766' title='bbox 2450 5526 2652 5599; x_wconf 63' lang='lat' dir='ltr'><strong>Notin&#39;a</strong></span> <span class='ocrx_word' id='word_1_767' title='bbox 2676 5527 2885 5599; x_wconf 72' lang='lat' dir='ltr'><strong>imperii</strong></span> <span class='ocrx_word' id='word_1_768' title='bbox 2912 5526 3162 5581; x_wconf 76' lang='lat' dir='ltr'><strong>Romani.</strong></span> <span class='ocrx_word' id='word_1_769' title='bbox 3196 5529 3370 5583; x_wconf 86' lang='lat' dir='ltr'><strong>Porro</strong></span> <span class='ocrx_word' id='word_1_770' title='bbox 3405 5528 3626 5599; x_wconf 89' lang='lat' dir='ltr'><strong>adjutor</strong></span> <span class='ocrx_word' id='word_1_771' title='bbox 3657 5532 3767 5585; x_wconf 79' lang='lat' dir='ltr'><strong>isto</strong></span> 
     </span>
    </p>
   </div>
   <div class='ocr_carea' id='block_1_112' title="bbox 2177 5595 3762 5669">
    <p class='ocr_par' dir='ltr' id='par_1_112' title="bbox 2177 5595 3762 5669">
     <span class='ocr_line' id='line_1_113' title="bbox 2177 5595 3762 5669; baseline 0.004 -21"><span class='ocrx_word' id='word_1_772' title='bbox 2177 5595 2424 5669; x_wconf 72' lang='lat' dir='ltr'><strong>magistri</strong></span> <span class='ocrx_word' id='word_1_773' title='bbox 2460 5595 2788 5669; x_wconf 75' lang='lat' dir='ltr'><strong>oliiciorum,</strong></span> <span class='ocrx_word' id='word_1_774' title='bbox 2808 5598 3140 5669; x_wconf 68' lang='lat' dir='ltr'><strong>Eleusinius</strong></span> <span class='ocrx_word' id='word_1_775' title='bbox 3170 5600 3393 5669; x_wconf 90' lang='lat' dir='ltr'><strong>proprio</strong></span> <span class='ocrx_word' id='word_1_776' title='bbox 3421 5595 3642 5655; x_wconf 79' lang='lat' dir='ltr'><strong>nomine</strong></span> <span class='ocrx_word' id='word_1_777' title='bbox 3675 5602 3762 5654; x_wconf 81' lang='grc'><strong>(1--</strong></span> 
     </span>
    </p>
   </div>
   <div class='ocr_carea' id='block_1_113' title="bbox 2175 5666 3762 5793">
    <p class='ocr_par' dir='ltr' id='par_1_113' title="bbox 2175 5666 3762 5793">
     <span class='ocr_line' id='line_1_114' title="bbox 2175 5666 3762 5793; baseline 0.005 -75"><span class='ocrx_word' id='word_1_778' title='bbox 2175 5666 2425 5793; x_wconf 56' lang='grc' dir='ltr'>ἓιῖιιεμυὲ,</span> <span class='ocrx_word' id='word_1_779' title='bbox 2481 5678 2542 5725; x_wconf 91' lang='lat' dir='ltr'><strong>ut</strong></span> <span class='ocrx_word' id='word_1_780' title='bbox 2593 5667 2856 5724; x_wconf 87' lang='lat' dir='ltr'><strong>scribitur</strong></span> <span class='ocrx_word' id='word_1_781' title='bbox 2906 5668 2960 5723; x_wconf 91' lang='lat' dir='ltr'><strong>in</strong></span> <span class='ocrx_word' id='word_1_782' title='bbox 3031 5666 3475 5725; x_wconf 42' lang='lat' dir='ltr'><strong>acuente—tertia</strong></span> <span class='ocrx_word' id='word_1_783' title='bbox 3538 5672 3762 5729; x_wconf 82' lang='lat' dir='ltr'><strong>concilii</strong></span> 
     </span>
     <span class='ocr_line' id='line_1_115' title="bbox 2239 5753 2435 5792; baseline 0.01 -2"><span class='ocrx_word' id='word_1_784' title='bbox 2239 5753 2286 5790; x_wconf 80' lang='lat' dir='ltr'><strong>ia</strong></span> <span class='ocrx_word' id='word_1_785' title='bbox 2315 5753 2374 5792; x_wconf 90' lang='lat' dir='ltr'><strong>ce</strong></span> <span class='ocrx_word' id='word_1_786' title='bbox 2422 5778 2435 5792; x_wconf 95' lang='lat'><strong>.</strong></span> 
     </span>
    </p>
   </div>
   <div class='ocr_carea' id='block_1_114' title="bbox 2239 5753 2435 5792">
    <p class='ocr_par' dir='ltr' id='par_1_114' title="bbox 2239 5753 2435 5792">
     <span class='ocr_line' id='line_1_116' title="bbox 2239 5753 2435 5792; baseline 0.01 -2"><span class='ocrx_word' id='word_1_787' title='bbox 2239 5753 2435 5792; x_wconf 74' lang='lat' dir='ltr'><strong>lalCCU.</strong></span> 
     </span>
    </p>
   </div>
  </div>
