4076 6336
357 362 502 427 2561

1274 360 1660 422 HISTORIA!
1701 360 2298 421 ECCLESIAS’I‘IC/E
2336 362 2567 422 LIBER
2608 363 2693 423 II.

3486 370 3632 433 2562

366 474 567 542 κλήτου
593 471 992 542 δοκιμασθῆναι
1022 466 1090 520 τὰ
1117 465 1239 520 κατ’
1275 470 1395 539 ἐμέ.
1432 462 1562 519 Εἶτα
1599 472 1801 543 ἐτέρων
1834 490 1945 525 τοι⁸

2051 486 2171 540 quaa
2191 466 2329 523 actis
2370 468 2573 525 inserta
2598 472 2876 541 leguntur,
2904 486 3093 525 rursus
3108 472 3283 544 .316
3317 476 3468 532 missi
3502 493 3632 537 sunt

360 565 540 619 ούτων
569 565 923 635 ἐγκειμένων,
952 558 1109 623 αὖθις
1138 561 1525 633 ἀπεστάλησαν
1546 567 1593 618 oi
1639 566 1943 635 ὀφείλοντες

360 658 459 710 τὸν
500 658 660 709 αὑτὸν
697 651 1107 727 προτρέψασθαι
1142 652 1434 721 Διόσκορον
1479 659 1593 719 τοῖς
1630 660 1941 726 πραττομέ.

362 767 481 812 νοις
514 751 792 819 παρεῖναι.
821 748 931 801 Καὶ
950 747 1153 801 ’τούτου
1199 748 1511 817 γενομένου,
1539 748 1946 814 ἐπαναζεύξαν-

360 855 458 900 τες
498 839 545 890 οί
589 836 934 905 πεμφθέντες
974 836 1263 906 εἰρήκασιν
1294 837 1440 906 ἔχειν
1468 838 1526 889 ὲν
1550 837 1799 907 σημείοις
1831 838 1943 908 (i5)

358 928 466 997 τὴν
488 926 653 980 αὐτοῦ
684 928 890 1005 φωνὴν,
922 925 959 979 ἃ.
986 924 1237 995 δηλοῦσιν
1268 926 1428 979 αὐτὸν
1454 928 1627 980 εἰπεῖν
1648 943 1662 959 ο

442 1018 581 1089 Ἤδη
628 1019 843 1086 φθάσας
872 1016 1149 1087 δεδήλωκα
1188 1022 1252 1090 τῇ
1282 1022 1523 1092 ὑμετέρᾳ
1566 1020 1846 1090 θεοσεϐείᾳ
1870 1020 1946 1083 ὡς

362 1108 449 1161 ὅτι
494 1110 585 1161 καὶ
629 1109 914 1179 ἀρρωστίᾳ
968 1109 1289 1180 συνέχομαι,
1321 1115 1414 1165 καὶ
1451 1112 1646 1180 ἐξαιτῶ
1684 1113 1823 1166 ὥστε
1850 1111 1946 1164 καὶ

362 1202 495 1263 τοὺς
550 1200 1170 1270 μεγαλοπρεπεστάτους
1198 1208 1486 1273 ἄρχοντας,
1519 1206 1613 1257 καὶ
1651 1205 1751 1273 τὴν
1796 1203 1945 1273 ἱερὰν

367 1288 679 1358 σύγκλητον
727 1293 821 1343 καὶ⁵
858 1294 954 1346 νῦν
989 1299 1239 1365 παρεῖναι
1269 1296 1335 1363 τῇ
1370 1294 1477 1346 τῶν
1514 1293 1947 1364 ἐξετασθησομέι

364 1398 475 1433 νων
499 1381 699 1449 κρίσει.
750 1382 970 1454 Ἐπειδὴ
1018 1384 1075 1435 δέ
1130 1400 1220 1453 μοι
1253 1385 1318 1435 τὰ
1350 1384 1447 1452 τῆς
1476 1384 1786 1454 ἀρρωστίας
1849 1384 1946 1433 ὲπ-

366 1470 558 1541 ετάθη,
583 1472 973 1542 τούτου·χάριν
1006 1474 1105 1543 τὴν
1136 1473 1427 1543 ὑπέρθεσιν
1470 1472 1796 1541 πεποίημαι.
1839 1472 1947 1523 Καὶ⁵

364 1563 679 1632 Κεκρόπιον
721 1565 898 1616 εἰπεῖν
948 1563 1037 1615 τὰ
1064 1564 1433 1633 ὑπομνήματα
1482 1562 1634 1632 δηλοῖ
1682 1563 1820 1632 πρὸς
1858 1562 1946 1614 τὸν

364 1654 687 1722 Διόσκορον,
750 1652 943 1723 πρώην
990 1654 1156 1723 μηδὲν
1199 1654 1331 1723 περὶ
1379 1653 1693 1724 ἀρρωστίας
1734 1656 1942 1705 εἰπεῖν·

365 1744 603 1812 ὀφείλειν
640 1740 734 1798 οὖν
784 1736 946 1797 αὐτον
978 1747 1091 1806 τοῖς
1128 1745 1316 1797 κανόσι
1360 1745 1421 1796 τὸ
1469 1745 1653 1796 ἱκανὸν
1702 1745 1943 1813 ποιῆσαι.

365 1807 512 1904 ΙΙ-ρὸς
546 1834 605 1887 ὃν
651 1836 679 1888 ὁ
707 1836 995 1906 Διόσκορος
1027 1834 1365 1905 ἀπεφήνατο,
1398 1834 1579 1900 ’Λπαξ
1619 1830 1771 1887 εἶπον
1802 1807 1950 1903 δφεί·
1978 1807 2019 1860 Β

363 1928 481 1980 λειν
532 1930 787 1999 παρεῖναι
830 1930 956 1990 τοὺς
1005 1930 1291 2000 ἄρχοντας.
1330 1925 1464 1981 Εἶτα
1513 1928 1603 1979 τὸν
1668 1928 1946 1995 Ῥουφῖνον

365 2021 543 2071 εἰπεῖν
583 2020 721 2089 πρὸς
764 2020 928 2072 αὐτὸν
960 2022 1257 2073 ἐπίσκοπον
1303 2021 1652 2091 Σαμοσάτων,
1686 2020 1948 2071 κανονικὰ

363 2112 434 2160 τὰ
462 2109 755 2178 κινούμενα
790 2110 1143 2174 καθεστάναι,
1174 2111 1267 2162 καὶ
1293 2110 1555 2162 δύνασθαι
1578 2110 1742 2161 αὐτὸν
1770 2125 1947 2177 παρα-

363 2201 659 2267 γενόμενον
704 2199 739 2252 ἃ
779 2199 1039 2267 βούλεται·
1078 2199 1391 2262 διεξελθεῖν.
1433 2197 1747 2266 Πυθομένου
1772 2198 1827 2248 δὲ
1852 2197 1945 2249 τοῦ

366 2294 662 2355 Διοσκόρου
695 2289 1109 2351 είίουὸενάλιος
1139 2290 1230 2342 καὶ
1257 2289 1557 2350 Θαλάσσιος
1584 2291 1948 2357 παρεγένοντο

365 2380 465 2432 καὶ
506 2380 821 2443 Εὑστάθιος,
867 2381 1222 2450 ἀπεκρίνατο,
1266 2380 1340 2441 ὼς
1388 2380 1539 2432 οὐδὲν
1604 2382 1741 2449 πρὸς
1784 2380 1938 2442 ἔπος.

366 2470 578 2541 Πρδςᾶ
618 2471 908 2542 Διόσκορον
960 2475 1136 2525 εἰπεῖν
1185 2472 1253 2524 τὰ
1303 2466 1669 2542 πεπραγμένα
1723 2471 1947 2541 δηλοῦσι

365 2561 816 2630 παρακαλέσαι⁸⁸
860 2562 952 2615 τὸν
989 2563 1333 2633 φιλόχριστον
1381 2562 1628 2631 βασιλέα,
1659 2563 1801 2614 ὥστε
1852 2564 1948 2614 καὶ

364 2652 494 2712 τοὺς
522 2650 791 2721 ἄρχοντας
836 2654 1114 2721 παρεῖναι,
1146 2653 1238 2703 καὶ
1268 2651 1396 2713 τοὺς
1438 2652 1535 2703 σὺν
1560 2649 1708 2721 αὐτῷ
1736 2651 1949 2703 δεδικα-

365 2745 554 2808 κότας.
589 2746 697 2797 Καὶ
725 2745 861 2816 πρὸς
886 2748 1062 2799 ταῦτα
1089 2747 1212 2808 τοὺς
1251 2744 1605 2816 πεμφθέντας
1625 2746 1823 2803 εἰπεῖν,
1860 2745 1928 2812 μό

365 2855 464 2890 νου
508 2840 831 2907 κατηγορεῖν
864 2838 1031 2891 αὑτοῦ
1059 2832 1150 2891 τὸν
1188 2838 1469 2913 Εὑσέὸιον,
1507 2836 1602 2888 καὶ
1646 2836 1707 2887 οὐ
1742 2837 1949 2898 πάντας

363 2929 606 3000 ὀφείλειν
635 2922 1068 3004 παραγενέσθαι.
1102 2933 1208 2983 Καὶ
1239 2915 1374 3001 πρὸς
1405 2930 1581 2984 ταῦτα
1613 2933 1706 2982 τὸν
1736 2929 1949 2980 Διόσκο-

369 3038 468 3094 ρον
514 3024 710 3089 είπεῖν,
754 3023 992 3091 ὀφείλειν
1015 3022 1110 3076 καὶ
1139 3023 1267 3084 τοὺς
1296 3022 1493 3084 ἄλλους
1522 3023 1779 3091 παρεῖναι
1826 3020 1952 3082 τοὺς

2046 569 2141 640 qui
2198 569 2520 623 Dioscorum
2581 566 2935 618 hortarentur
2988 574 3048 617 ut
3096 569 3264 635 gestis
3313 571 3628 629 interesset.

2046 657 2205 721 Quod
2240 656 2334 710 ubi
2386 655 2587 709 {aetum
2628 663 2734 717 est,
2765 647 2824 706 hi
2880 652 3143 720 quimissi
3206 667 3385 719 erant.
3424 665 3632 719 reversi

2047 752 2308 807 dixerunt
2330 767 2388 808 se
2418 752 2833 818 responsionem
2889 742 3134 797 Dioscori
3165 746 3313 802 notis
3343 766 3629 823 exceptam

2047 842 2275 908 habere,
2301 857 2424 913 quae
2450 849 2534 895 est
2555 837 2870 908 hujusmodi
2906 854 2918 889 :

2116 1020 2235 1075 Jam
2271 1026 2428 1073 antea
2456 1017 2644 1089 pietati
2673 1028 2868 1072 vestrae
2914 1014 3240 1085 signiﬁcavi,
3298 1031 3385 1071 me
3436 1018 3653 1074 morbo‘

2046 1110 2320 1173 laborare,
2350 1117 2406 1162 et
2426 1109 2707 1178 postulare
2741 1117 2802 1161 ut
2850 1106 3381 1176 magnillcentissimi
3414 1109 3632 1179 judices

2047 1209 2100 1255 et
2121 1214 2277 1254 sacer
2299 1206 2523 1253 senatus
2553 1214 2701 1252 nunc
2728 1212 2949 1267 quoque
2973 1194 3233 1250 intersint
3299 1198 3512 1264 judicio
3536 1216 3633 1253 eo-

2046 1306 2169 1345 rum
2225 1306 2348 1359 quze
2394 1288 2756 1343 examinanda
2818 1298 2970 1343 sunt.
3026 1288 3135 1344 Sed
3170 1293 3431 1361 quoniam
3478 1310 3628 1347 mor-

2046 1385 2152 1440 bus
2184 1400 2339 1439 meus
2382 1383 2636 1445 increvit,
2671 1382 2877 1436 idcirco
2923 1382 3115 1439 adesse
3144 1401 3253 1439 non
3280 1387 3455 1455 potui.
3491 1388 3631 1441 Tum

2046 1490 2181 1528 vero
2201 1473 2521 1543 Cecropius,
2549 1483 2609 1527 ut
2640 1474 2693 1527 in
2721 1472 2915 1527 iisdem
2947 1475 3086 1528 aclis
3113 1476 3333 1545 legitur,
3369 1475 3633 1533 Dioscoro

2049 1565 2205 1631 dixit,
2253 1564 2416 1635 paulo
2458 1573 2584 1618 ante
2611 1551 2818 1618 null‘am
2857 1566 3193 1621 mentionem
3215 1568 3395 1623 morbi
3420 1569 3489 1622 ab
3538 1570 3633 1623 illo

2050 1656 2247 1709 factam
2274 1654 2471 1719 fuisse;
2499 1655 2731 1724 proinde
2754 1656 2930 1709 sacris
2950 1656 3153 1724 regulis
3176 1656 3491 1711 satisfacere
3503 1673 3631 1711 eum

2049 1744 2273 1799 debere.
2303 1743 2403 1799 Cui
2436 1744 2731 1797 Dioscorus
2764 1744 3047 1812 respondit
3072 1744 3171 1797 .his
3192 1745 3377 1800 verbis
3404 1762 3416 1799 :
3451 1745 3631 1801 Semel

2049 1836 2158 1889 dixi
2216 1836 2430 1905 judices
2470 1834 2659 1889 adesse
2696 1846 2971 1903 oportere.
3021 1834 3101 1888 Ad
3126 1835 3240 1889 haec
3275 1836 3511 1891 Rulinus
3538 1835 3637 1891 Sa-

2048 1924 2378 1980 mosatensis
2425 1925 2719 1993 episcopus
2769 1924 3031 1977 Dioscoro
3087 1924 3246 1989 dixit,
3304 1927 3632 1981 canonicum

2047 2018 2405 2071 constitutum
2435 2031 2555 2071 esse
2592 2015 2884 2085 judicium,
2912 2025 2967 2071 et
2996 2032 3155 2085 posse
3192 2018 3535 2082 Dioscorum,
3588 2019 3634 2072 si

2048 2108 2285 2170 adesset,
2319 2115 2514 2161 cuncta
2546 2120 2667 2173 qua:
2715 2106 2885 2158 vellet
2915 2106 3088 2160 libere
3129 2108 3336 2162 dicere.
3384 2110 3635 2178 Cumque

2050 2196 2346 2251 Dioscorus
2375 2196 2771 2264 interrogasset
2791 2203 2975 2249 utrum
3008 2197 3293 2253 Juvenalis
3314 2209 3369 2253 et
3402 2200 3633 2253 Thalas-

2048 2290 2165 2345 sius
2194 2298 2356 2357 atque
2379 2286 2699 2341 Eustathius
2757 2289 2823 2343 ad
2851 2294 3146 2347 concilium
3174 2294 3477 2352 venissent.
3548 2307 3635 2345 re—

2047 2377 2271 2448 spondit
2320 2375 2637 2445 Pergamius
2690 2376 2831 2431 nihil
2878 2380 3019 2435 istud
3064 2383 3132 2436 ad
3182 2398 3297 2437 rem
3327 2383 3629 2452 pertinere.

2048 2470 2261 2537 Quibus
2281 2467 2465 2522 verbis
2485 2466 2802 2523 Dioscorum
2825 2471 2942 2525 haec
2961 2474 3282 2543 subiecisse,
3297 2473 3491 2528 eadem
3510 2482 3632 2528 acta
3670 2540 3673 2543 ν

2049 2571 2324 2617 testantur
2352 2581 2364 2617 ε
2390 2562 2695 2633 postulasse
2720 2576 2778 2615 se
2806 2578 2834 2615 a
2863 2562 3073 2617 Christi
3116 2565 3497 2619 amantissimo
3528 2565 3633 2618 im-

2051 2664 2323 2723 peratore,
2360 2662 2420 2708 ut
2447 2655 2670 2725 juberet
2707 2654 3282 2722 magniﬁcentissimos
3303 2655 3520 2726 judices
3552 2656 3635 2709 in-

2052 2757 2255 2801 teresse
2283 2746 2539 2811 concilio,
2572 2753 2628 2799 et
2658 2764 2755 2803 eos
2776 2747 2869 2817 qui
2902 2764 3009 2801 una
3038 2763 3163 2801 cum
3199 2748 3320 2817 ipso
3342 2747 3632 2818 judicave-

2051 2848 2194 2893 rant.
2233 2838 2447 2905 Quibus
2482 2838 2644 2901 legati
2690 2856 2718 2893 a
2750 2840 2988 2894 concilio
3020 2839 3171 2893 missi
3204 2838 3637 2908 responderunt,

2050 2945 2175 2985 eum
2208 2931 2385 2984 solum
2426 2929 2495 2983 ab
2519 2930 2758 2986 Eusebio
2810 2941 3130 2985 accusatum
3184 2945 3327 2992 esse,
3379 2943 3482 2982 nec
3508 2928 3637 2981 reli-

2051 3037 2193 3093 quos
2218 3023 2409 3078 adesse
2435 3021 2661 3083 debere.
2693 3028 2831 3081 Tum
2860 3040 2992 3079 vero
3013 3024 3335 3077 Dioscorum
3362 3020 3635 3082 intulisse,

369 3114 473 3166 σὺν
500 3113 649 3184 αὐτῷ
672 3113 1045 3175 δεδικακότας.
1086 3112 1239 3182 Μηδὲ
1268 3112 1375 3181 γὰρ
1409 3112 1573 3165 ἰδικὺν
1598 3111 1742 3180 ἔχειν
1774 3112 1946 3178 πρᾶγ⁴

2054 3116 2191 3170 alios
2215 3132 2436 3186 quoque
2468 3119 2660 3174 adesse
2691 3130 2951 3189 oportere
2984 3116 3232 3187 qui'una
3257 3130 3381 3169 cum
3407 3114 3523 3182 ipso
3549 3115 3639 3181 ju—

372 3222 456 3274 μα
486 3208 618 3276 πρὸς
652 3205 816 3259 αὑτὸν
845 3206 936 3258 τὸν
978 3205 1239 3257 Εὑσέὸιον
1263 3220 1277 3233 ’
1310 3204 1424 3257 ἀλλ’
1468 3206 1515 3256 εί
1557 3204 1664 3272 ἄρα
1689 3204 1786 3275 (m)
1820 3202 1949 3272 περὶ

365 3289 447 3350 ὧν
477 3299 674 3359 πάντες
706 3296 1044 3349 δεδικάκασι.
1078 3297 1184 3348 Καὶ
1212 3295 1313 3347 πά)
1329 3312 1376 3345 ιν
1403 3294 1810 3363 ἐπιμεινάντων
1838 3292 1948 3343 τῶν

367 3388 735 3458 πεμφθέντων
777 3388 906 3456 περὶ
934 3388 1147 3449 τούτου.
1178 3387 1461 3455 ἀπέφησεν
1493 3384 1520 3433 ὁ
1549 3384 1839 3455 Διόσκορος
1868 3385 1949 3436 εί-

379 3479 519 3532 πών’
570 3478 750 3542 Ἀπαξ
792 3473 945 3531 εἶπον
982 3479 1018 3532 ὃ.
1056 3473 1235 3530 εἶπον
1278 3480 1369 3530 καὶ
1400 3477 1709 3547 περαιτέρω
1745 3476 1952 3529 τούτων

369 3571 546 3622 εἰπεῖν
581 3571 681 3622 οὐκ
722 3571 847 3639 ἔχω.
892 3570 1034 3638 Πρὸς
1064 3569 1098 3622 ἃ.
1138 3568 1394 3627 Εὐσέϐιος
1442 3567 1470 3617 ὀ
1510 3567 1604 3620 τοῦ
1654 3568 1949 3637 Δορνλαίου

367 3660 639 3730 διεξῆλθε,
669 3661 804 3732 πρὸς
836 3662 996 3729 μόνον
1028 3660 1316 3728 Διόσκοροι)
1355 3662 1522 3731 ἔχειν,
1554 3655 1648 3711 καὶ
1681 3660 1817 3728 πρὸς
1849 3676 1944 3727 μηο

367 3753 501 3805 δένα
531 3752 746 3821 ἕτερον·
788 3752 883 3803 καὶ
924 3755 1121 3822 ἠξίωσε
1152 3758 1313 3829 τρίτῃ
1354 3754 1541 3823 κλήσει
1564 3750 1829 3819 κ).ηοἓ,ναι
1862 3751 1952 3802 τὸν

369 3844 681 3914 Διόσκορον.
717 3844 828 3902 Καὶ
863 3848 1150 3901 ὑπολαϐὼν
1190 3847 1416 3908 Ἀέτιος,
1461 3842 1723 3905 ἐδίδασκε,
1762 3842 1950 3912 πρώην

370 3934 526 3996 τινὰς
569 3934 827 4000 λέγοντας
862 3939 1090 4000 ἑαυτοὺς
1132 3937 1426 4007 κληρικοὺς
1463 3934 1600 4004 μετὰ
1630 3934 1721 3983 καὶ
1750 3931 1952 4000 ἐτέρων

369 4026 579 4079 λαῖκῶν
627 4029 726 4098 τῆς
780 4032 1177 4101 Ἀλεξανδρέων
1230 4030 1620 4102 ὁρμωμένους,
1678 4026 1953 4077 ἐπιδοῦναι

368 4119 650 4182 λιὸέλλους
680 4125 822 4177 κατὰ
848 4124 1163 4194 Διοσκόρου,
1194 4126 1286 4177 καὶ
1322 4127 1543 4185 τούτους
1568 4126 1673 4192 np?)
1701 4121 1795 4175 τοῦ
1828 4138 1952 4174 συν-

377 4212 561 4282 εδρίου
612 4214 850 4277 ἑστῶτας
887 4215 1169 4285 ὲκϐοήσεσι
1225 4217 1546 4287 κεχρῆσθαι.
1599 4215 1710 4268 Καὶ
1754 4215 1953 4283 ’πρῶτα

373 4306 479 4373 μὲν
522 4305 908 4368 ὲπιδεδωκότος
958 4304 1233 4380 Θεοδώρου
1261 4308 1339 4378 (η)
1370 4308 1618 4366 διακόνου
1650 4310 1948 4381 γενομένου

2053 3207 2407 3261 dicavissent.
2440 3206 2627 3276 Neque
2673 3209 2821 3262 enim
2866 3208 3165 3262 Eusebium
3218 3207 3488 3275 privatam
3540 3202 3639 3256 ad—

2054 3318 2245 3358 versus
2276 3304 2454 3373 ipsum
2497 3316 2721 3357 causam
2778 3300 3003 3361 habere,
3034 3297 3129 3352 sed
3164 3309 3513 3350 communem
3564 3293 3640 3347 ob

2050 3412 2115 3451 ea
2154 3412 2275 3467 quae
2326 3412 2519 3451 omnes
2547 3395 2711 3451 simul
2743 3391 3160 3463 iudicavissent.
3207 3387 3426 3441 Etcum
3471 3385 3635 3454 legati

2054 3491 2109 3543 in
2154 3490 2349 3545 iisdem
2400 3494 2743 3561 perstarent,
2792 3483 3089 3537 Dioscorus
3141 3478 3465 3548 respondit:
3505 3476 3642 3542 Qua:

2053 3580 2188 3647 dixi,
2237 3582 2407 3635 semel
2442 3581 2577 3645 dixi,
2614 3592 2718 3633 nec
2759 3572 2993 3641 amplius
3032 3570 3207 3623 habeo
3238 3568 3385 3638 quod
3434 3566 3638 3621 dicam.

2052 3670 2266 3736 Quibus
2317 3671 2668 3734 renuntiatis,
2732 3661 3006 3721 Eusebius
3058 3660 3355 3730 episcOpus
3405 3656 3641 3727 Dorylzei

2053 3762 2194 3816 dixit
2239 3777 2296 3817 se
2321 3762 2585 3815 adversus
2606 3776 2775 3815 unum
2808 3758 3129 3812 Dioscorum
3161 3768 3380 3808 causam
3411 3752 3637 3813 habere,

2053 3852 2319 3907 adversus
2348 3852 2516 3905 alium
2566 3860 2832 3921 praeterea
2874 3849 3171 3905 nemiuem.
3221 3842 3642 3908 Postulavitque

2055 3943 2299 3997 uttertia
2323 3943 2613 3997 vocatione
2669 3942 2963 3995 Dioscorus
3017 3940 3304 3993 citaretur.
3363 3935 3492 3989 Post
3521 3932 3645 3985 haec

2053 4033 2246 4087 Aetius
2267 4033 2475 4095 retulit,
2498 4033 2765 4103 quosdam
2780 4033 2873 4101 qui
2893 4047 2950 4085 se
2972 4030 3206 4084 clericos
3222 4042 3341 4082 esse
3365 4026 3642 4085 dicerent,

2056 4139 2165 4178 una
2196 4140 2320 4177 cum
2351 4124 2473 4178 aliis
2506 4124 2663 4177 laieis
2687 4125 2755 4177 ab
2798 4122 2935 4175 urbe
2960 4118 3286 4174 Alexandria
3330 4115 3642 4178 venientes,

2054 4230 2234 4284 nuper
2271 4215 2487 4270 libellos
2539 4215 2848 4285 porrexisse
2887 4213 3151 4267 adversus
3194 4210 3538 4269 Dioscorum,
3583 4212 3642 4256 et

2058 4322 2206 4362 nunc
2235 4322 2334 4376 pro
2370 4307 2583 4362 foribus
2610 4304 2849 4361 concilii
2876 4313 3083 4359 stantes
3136 4298 3447 4355 vociferari.
3497 4296 3639 4351 Cum

1685 4439 1913 4495 VARIAS
1952 4439 2349 4497 LECTIONES.

442 4535 490 4567 ”
514 4534 928 4606 παρακαλέσας.

1574 4646 1849 4700 νΑιΕδιι
1880 4644 2431 4702 ΛΝΝΟΤΛΉΟΝΕΞ.

447 4765 559 4836 (15)
607 4764 703 4816 Ἐν
744 4778 1044 4836 σημειοις.
1094 4762 1153 4816 In
1194 4758 1345 4836 Actis
1386 4762 1607 4836 concilii
1644 4760 1952 4836 Chaleedo-
1987 4765 2028 4819 Ι)
2059 4760 2362 4836 deducere,
2415 4759 2531 4836 qui
2568 4769 2718 4828 gesta
2778 4757 3060 4836 synodalia
3116 4758 3265 4811 notis
3307 4758 3637 4836 exciperct_;

370 4831 564 4892 nensis
594 4848 697 4903 pro
744 4833 832 4903 his
877 4833 1067 4887 verbis
1118 4834 1385 4901 scriptum
1440 4842 1525 4886 est
1579 4834 1636 4882 ὲν
1695 4831 1946 4903 ἐκλῂψει,

370 4906 523 4978 quod
569 4900 726 4978 vetus
777 4902 1178 4978 interpresita
1227 4900 1440 4978 vertit:
1601 4910 1743 4978 certa
1793 4900 1953 4953 loculi

368 4971 497 5031 sunt
530 4991 645 5046 qua:
682 4976 750 5046 in,
787 4975 1040 5046 εέιεειεριίιςΔ
1066 4974 1251 5027 habeo.
1304 4972 1469 5046 Certe
1516 4971 1792 5026 Himerius
1831 4979 1953 5046 erat

370 5042 625 5103 notarius
657 5055 711 5099 et
741 5042 934 5103 lector,
973 5043 1172 5097 missus
1202 5059 1228 5096 a
1256 5044 1487 5095 concilio
1520 5059 1625 5095 una
1656 5057 1781 5095 cum
1834 5042 1955 5111 epi-

374 5117 556 5185 scOpis
582 5114 647 5168 ad
667 5114 1011 5185 Dioscorum,
1050 5123 1108 5166 ut
1142 5114 1297 5185 notis,
1321 5112 1601 5182 exciperet
1630 5129 1693 5165 ea
1730 5129 1850 5185 qua;
1883 5112 1951 5165 ab

374 5183 609 5254 utraque
662 5192 816 5254 parte
858 5184 1199 5246 dicerentur,
1250 5184 1302 5235 id
1353 5184 1498 5237 enim
1549 5192 1669 5236 erat
1708 5183 1951 5254 olliciuin

374 5251 737 5310 notariorum.
782 5252 1044 5307 Solebant
1106 5264 1287 5307 autem
1330 5254 1573 5322 episcopi
1619 5254 1838 5320 quoties
1886 5251 1952 5304 ad

373 5327 644 5398 synodum
678 5324 1189 5394 proﬁciscerentur,
1248 5325 1521 5377 notarium
1556 5328 1733 5376 suum
1764 5336 1955 5376 sccmn

2059 4845 2169 4899 quo
2197 4830 2411 4883 scilicet
2443 4830 2592 4882 libita
2630 4830 2836 4899 synodo
2868 4829 3113 4881 codicem
3150 4839 3398 4882 actorum
3432 4830 3638 4899 singuli

2060 4897 2337 4954 referrent
2373 4900 2426 4952 in
2461 4897 2714 4967 patriam.
2751 4897 3020 4952 Cancrum
3053 4899 3198 4966 quod
3238 4908 3395 4951 vetus
3429 4898 3519 4953 ille
3557 4900 3644 4951 in-

2058 4978 2277 5038 terpres
2308 4972 2511 5038 σημεῖα
2546 4970 2713 5023 vertit
2742 4975 2991 5036 excepta,
3028 4967 3286 5036 equidem
3320 4968 3477 5021 valde
3508 4984 3639 5037 pro-

2056 5037 2162 5117 bo._
2191 5038 2344 5117 [inde
2368 5037 2443 5092 et
2497 5039 2827 5117 σημειώσξις
2859 5038 3133 5117 Origenis,
3164 5037 3379 5117 lfatine
3410 5047 3641 5105 excepta

2057 5110 2166 5165 dici
2197 5108 2398 5162 debere
2426 5107 2701 5163 existimo.
2736 5108 2861 5162 Scio
2896 5107 3121 5176 quidem
3160 5108 3412 5178 Urigenis
3442 5124 3641 5175 σημει-

2056 5181 2220 5240 ώσεις
2248 5194 2276 5231 a
2298 5179 2515 5232 Ruﬂino
2534 5189 2587 5232 et
2616 5178 2947 5249 Hieronymo
2969 5189 3226 5249 excerpta
3260 5178 3420 5246 vulgo
3447 5178 3639 5245 appel-

2059 5250 2199 5311 lari,
2231 5252 2327 5303 sed
2366 5251 2561 5304 vitiose
2598 5250 2672 5303 ita
2716 5248 2886 5302 scribi
2925 5248 3201 5315 existimo,
3242 5263 3367 5303 cum
3408 5256 3641 5316 excepta

2060 5321 2247 5390 potius
2274 5321 2513 5376 debeant
2544 5319 2838 5373 nominari.

1819 5458 2199 5516 V'ARIOKUM.

448 5550 540 5615 Im)
590 5551 752 5603 Ἀλλ’
781 5554 833 5603 εί
863 5551 999 5619 ἄρα.
1028 5551 1260 5605 Videtur
1293 5550 1583 5621 legendum
1622 5550 1737 5601 ἀλλ’
1770 5550 1953 5620 ἧᾶρα.

376 5619 462 5674 ιν.
501 5621 716 5673 Lowru.

452 5664 462 5674 .
501 5635 716 5673 Lowru.

447 5694 526 5759 (ιι)
564 5690 884 5760 Θεοδώρου.
917 5690 1247 5744 Theodorus
1277 5702 1331 5743 et
1367 5689 1666 5759 ischvrion,
1694 5689 1953 5744 Ecclesia:

377 5761 758 5817 Alexandrinae
780 5761 1019 5827 diaconi,
1051 5761 1386 5815 Athanasius
1416 5764 1616 5814 ibidem
1642 5762 1949 5830 presbyter,

2054 5564 2109 5608 et
2136 5554 2482 5622 Sophronius
2510 5551 2729 5610 Laicus,
2762 5549 2902 5602 mala
2952 5563 3074 5622 qum
3107 5563 3135 5599 a
3188 5546 3457 5622 Dioscoro
3493 5548 3637 5615 passi

2056 5616 2619 5692 suun-exposuerunt
2655 5622 2854 5692 libellis
2878 5616 3219 5692 quiesstant
3239 5616 3466 5692 Concil.
3502 5630 3637 5670 tum.

2060 5696 2144 5759 iV,
2179 5688 2460 5765 pag-596,
2500 5691 2623 5755 400,
2662 5690 2787 5755 η-ίυὸ,
2827 5689 2950 5753 -ΗΙ,
2984 5688 3120 5743 edit.
3158 5688 3364 5741 Labbe.
