4076 6336
478 329 622 396 2563

1688 311 2009 374 EVAGRII
2050 306 2543 369 SCHOLASTICI

3612 295 3760 366 2564

484 460 619 513 ergo
646 441 866 495 libellos
891 437 1186 492 obtulisset
1215 433 1456 503 primum
1481 428 1706 500 quidem
1745 423 2073 480 Theodorus

2180 421 2277 489 τῆς
2315 421 2373 474 ἐν
2419 417 2797 488 Ἀλεξανδρεία
2837 417 2998 484 ἁγίας
3037 414 3386 486 Ἐκκλησίας,
3428 413 3546 469 εἶτα
3573 416 3631 469 δὲ
3664 418 3761 470 καὶ

477 535 572 604 qui
608 546 808 586 saneta:
838 527 1336 582 Alexandrinorum
1365 522 1623 577 Ecclesia:
1650 519 1916 572 diaconus
1944 514 2063 567 fue-

473 633 600 690 rat,
645 623 844 677 deinde
896 619 1142 690 lschyrio
1193 616 1470 678 similiter,
1502 621 1559 666 et
1587 612 1701 680 ipse
1751 609 2059 662 diaconus:

479 723 596 768 tum
623 711 954 766 Athanasius
994 709 1281 779 presther
1308 716 1365 759 et
1398 703 1589 774 Cyrilli
1622 701 1832 756 sororis
1868 699 2015 752 ﬁlius
2047 714 2060 750 :

475 820 539 858 ac
574 812 854 872 postremo
883 799 1261 868 Sophronius;
1293 795 1496 864 quibus
1512 793 1832 847 Dioscorum
1861 791 2061 858 partim

471 894 544 947 ob
606 891 1011 960 blasphemias.
1063 889 1263 958 partim
1305 888 1376 940 ob
1444 884 1755 952 corporalia
1813 880 2060 950 qumdam

474 986 676 1037 damna
707 993 763 1036 et
788 983 1058 1035 violentas
1083 979 1335 1048 pecuniae
1358 977 1674 1030 exactiones
1696 972 2026 1027 accusabant
2049 989 2060 1024 :

473 1072 634 1140 317
659 1071 822 1124 tertia
861 1071 1150 1122 vocatione
1174 1068 1374 1121 citalus
1399 1075 1481 1119 est
1529 1065 1846 1123 Dioscorus,
1884 1060 2065 1114 moni-

475 1169 678 1230 tusque
701 1169 785 1213 est
803 1168 860 1212 ut
881 1159 947 1212 ad
972 1158 1272 1212 concilium
1289 1155 1594 1209 accederet.
1619 1153 1871 1222 Regressi
1899 1151 2065 1220 igitur

473 1253 568 1322 qui
592 1253 657 1306 ad
687 1253 790 1305 hoc
813 1250 965 1304 missi
985 1249 1221 1310 fuerant,
1266 1247 1595 1300 nuntiarunt
1625 1246 1944 1298 Dioscorum
1963 1242 2064 1296 ista

474 1343 680 1396 dixiss:
712 1340 892 1395 eSatis
913 1353 1190 1407 superque
1216 1336 1377 1389 docui
1398 1335 1652 1404 pietatem
1674 1345 1911 1386 vestram
1934 1347 2067 1386 :nec

475 1436 545 1488 iis
573 1431 721 1485 aliud
750 1430 1051 1500 quidquam
1079 1429 1316 1499 adjicere
1348 1442 1594 1497 possum.
1620 1427 1832 1479 Rursus
1856 1425 2068 1478 instan-

476 1525 626 1578 tibus
660 1522 877 1591 legatis,
911 1535 1150 1588 eumque
1178 1527 1239 1571 ut
1273 1518 1488 1572 veniret
1533 1516 1905 1577 hortantibus,
1939 1530 2066 1568 cum

473 1609 618 1662 idem
670 1623 888 1676 semper
945 1605 1321 1675 respondisset
1351 1607 1668 1669 Dioscorus,
1700 1604 2068 1658 Paschasinus

471 1699 768 1768 episcopus
791 1717 803 1752 :
828 1698 965 1751 dixit
988 1697 1104 1752 Jam
1126 1705 1209 1749 tcr
1228 1706 1452 1750 vocatus
1466 1696 1763 1750 Dioscorus
1785 1694 2069 1762 haudquas

2184 512 2525 582 Ἰσχυρίωνος
2559 511 2806 562 διακόνου
2829 511 2897 574 ⁵⁸,
2937 511 3028 562 καὶ
3075 508 3396 560 Ἀθανασίού
3452 510 3762 576 πρεσϐυτέ-

2173 620 2267 672 ρου
2301 600 2395 654 καὶ
2419 601 2702 670 ἀδελφιδοῦ
2731 600 3026 670 Κυρίλλου,
3057 599 3150 652 καὶ⁸
3179 600 3316 668 πρός
3340 615 3396 651 τε
3424 600 3756 669 Σωφρονίου,

2168 694 2234 748 δι’
2266 688 2340 746 ὧν
2383 693 2510 762 περί
2565 711 2629 761 γε
2679 692 3033 762 βλασφημιῶν
3080 689 3407 744 ἐνεκάλεσαν
3456 692 3758 762 Διοσκόρῳ,

2170 786 2302 854 περί
2333 802 2388 837 τε
2426 785 2756 853 σωματικῶν
2779 786 2874 836 καὶ
2903 784 3084 853 βιαίας
3111 785 3457 854 ἀφαιρέσεως
3487 784 3596 854 (l6)
3620 802 3756 852 χρη-

2175 878 2380 945 μάτων,
2413 879 2570 947 τρίτη
2617 877 2808 946 κλῆσις
2836 877 3026 944 γέγονε
3065 877 3450 945 προτρέπουσα
3480 876 3569 927 τὸν
3597 877 3758 928 Διόσ-

2175 984 2338 1037 κορον
2382 969 2810 1039 παραγενέσθαι.
2860 967 3160 1038 Τοιγαροῦν
3212 965 3678 1031 ὲπαναζεύξαντες
3706 970 3760 1018 οἱ

2187 1059 2280 1110 ἐπὶ
2305 1059 2478 1126 τούτῳ
2530 1061 2920 1130 ἀφωρισμέναι,
2955 1060 3241 1129 εἰρήκασιν
3279 1060 3456 1112 εἰπεῖν
3479 1059 3568 1111 τὸν
3599 1058 3762 1110 Διόσ-

2173 1166 2352 1219 κόρον·
2410 1153 2706 1220 Αύτάρκως
2745 1151 2956 1214 ἐδίδαξα
2987 1152 3086 1220 τὴν
3129 1150 3398 1220 ὑμετέραν
3423 1149 3757 1215 Θεοσέὸειαν,

2182 1235 2266 1302 οἷς
2297 1241 2614 1310 προσθεῖναί
2640 1259 2692 1292 τι
2725 1241 2785 1292 ού
2814 1241 3072 1309 δύναμαι.
3107 1240 3218 1294 Καὶ
3258 1238 3411 1302 αὖθις
3430 1240 3487 1293 δὲ
3517 1240 3583 1292 τὰ
3615 1241 3762 1293 αὐτὰ

2173 1335 2458 1403 εἰρηκότος
2509 1333 2602 1386 τοῦ
2659 1332 2823 1387 αὑτοῦ
2875 1333 3194 1403 Διοσκόρου,
3259 1334 3666 1402 ἐπιμεινάντων
3685 1335 3755 1403 τῇ

2175 1428 2459 1496 προτροπῇ
2514 1424 2624 1476 τῶν
2673 1425 2767 1476 ἐπὶ
2813 1423 2973 1476 τοῦτο
3038 1423 3362 1488 σταλέντων,
3417 1425 3762 1488 Πασκασῖνος

2175 1517 2474 1578 ὲπξσκοπος
2507 1510 2661 1568 εἶπεν
2681 1532 2696 1546 ο
2728 1515 2835 1568 Καὶ
2858 1515 2957 1585 ἤδη
2982 1515 3174 1586 τρίτον
3195 1516 3416 1586 κληθεὶς
3443 1518 3760 1586 Διόσκορος,

2176 1610 2235 1662 οὐ
2270 1609 2624 1678 παρεγένετο,
2653 1606 2759 1660 ὑπὸ
2804 1607 3163 1677 συνειδήσεως
3195 1607 3546 1679 βαλλόμενος,
3589 1610 3760 1661 ἐπονε-

2177 1699 2370 1752 Θάνετο
2406 1699 2518 1767 (17)
2545 1698 2691 1762 τίνος
2719 1699 2872 1764 ἄξιος
2911 1699 2999 1768 εἴη
3025 1717 3036 1730 ·
3064 1700 3201 1770 πρὸς
3231 1701 3259 1753 δ
3288 1701 3396 1754 τῶν
3438 1701 3762 1755 ἐπισκόπων

472 1807 639 1859 quam
667 1791 999 1859 comparuit,
1035 1796 1326 1858 torquente
1376 1788 1556 1857 ipsum
1611 1785 1967 1840 conscientia.
2002 1785 2068 1838 Et

2180 1790 2651 1860 ἀποκριναμένων,
2679 1790 3139 1845 ὑποπεπτωκέναι
3189 1793 3350 1846 αὑτὸν
3377 1797 3489 1856 τοῖς
3541 1795 3759 1859 κανόσι,

475 1881 840 1950 interrogavit
873 1881 1162 1949 episcopos
1213 1880 1307 1948 qui
1348 1879 1613 1942 aderant,
1641 1892 1804 1945 quam
1849 1892 2068 1945 pcenam

473 1972 914 2026 commeruisset.
948 1969 1199 2038 Cumque
1239 1970 1485 2038 episcopi
1518 1968 1586 2020 ad
1615 1968 1730 2022 haec
1755 1966 2071 2034 respondis—

473 2067 595 2113 sent
626 2059 778 2112 illum
815 2057 870 2110 in
899 2072 1140 2111 canones
1162 2057 1528 2120 commisisse,
1547 2064 1602 2109 et
1625 2056 1908 2108 Protei-ius
1953 2057 2072 2124 epi-

476 2164 678 2218 scopus
711 2147 956 2217 Smyrna:
973 2146 1201 2199 dixisset
1231 2162 1244 2199 :
1276 2144 1505 2210 Quando
1535 2153 1758 2197 sanctus
1785 2143 2073 2198 Flavianus

477 2239 698 2292 occisus
717 2246 823 2300 est,
845 2235 983 2290 nihil
1014 2245 1166 2302 recte
1190 2249 1372 2302 neque
1399 2233 1596 2286 ordine
1640 2232 1840 2286 factum
1874 2243 1959 2285 est
1980 2247 2074 2285 su-

474 2345 574 2397 per
597 2329 691 2381 illo
716 2345 729 2380 :
759 2325 955 2379 vicarii
991 2325 1193 2378 Leonis
1225 2322 1472 2392 episcopi
1507 2321 1747 2376 senioris
1775 2321 1961 2376 Roma:
1999 2321 2073 2375 ita

475 2420 846 2472 decreverunt
877 2417 942 2469 ad
975 2416 1246 2469 verbum:

545 2511 678 2577 Quae
706 2509 1025 2573 Dioscorus,
1088 2507 1325 2560 antehac
1357 2506 1653 2575 episcopus
1699 2520 1907 2575 magna:
1937 2504 2075 2558 civi-

477 2605 604 2656 tatis
658 2600 1040 2662 Alexandria,
1097 2606 1288 2652 contra
1343 2597 1600 2650 ordinem
1670 2611 1945 2649 canonum
2021 2607 2076 2649 et

475 2702 666 2747 contra
705 2691 1056 2759 disciplinam
1081 2688 1517 2742 ecclesiasticam
1560 2687 1872 2748 attentavit,
1899 2687 2076 2740 mani-

474 2787 615 2839 festa
644 2791 794 2846 sunt,
827 2792 937 2836 tam
973 2797 1041 2835 ex
1072 2781 1158 2834 his
1183 2796 1306 2848 quae
1334 2781 1444 2850 jam
1508 2788 1637 2832 sunt
1675 2779 1986 2832 examinata
2020 2777 2077 2830 in

475 2876 656 2945 primo
685 2887 973 2935 concessu,
1033 2886 1196 2939 quam
1250 2885 1318 2922 ex
1375 2869 1460 2921 his
1500 2883 1622 2936 qua:
1682 2866 1952 2919 hodierno
1988 2865 2077 2918 die

476 2977 607 3021 sunt
633 2974 805 3036 gesta.
839 2964 937 3018 Hic
967 2963 1139 3027 enim,
1178 2971 1236 3015 ut
1270 2963 1505 3032 plurima
1541 2962 1648 3015 alia
1695 2958 2081 3028 praetermitta-

476 3074 620 3119 mus,
660 3057 966 3127 Eutychem
998 3053 1193 3108 eadem
1220 3070 1346 3107 cum
1384 3054 1502 3123 ipso
1532 3051 1887 3113 sentientem,
1915 3064 2080 3119 regu-

2172 1883 2468 1950 Προτερίου
2512 1882 2568 1935 δὲ
2605 1882 2906 1935 ἐπισκόπου
2941 1881 3190 1953 Σμύρνης
3223 1886 3294 1955 (o)
3328 1885 3589 1947 εἰπόντος.
3625 1886 3762 1938 Ὅτε

2172 1973 2465 2040 ἐφονεύετο
2497 1973 2656 2040 ἅγιος
2698 1973 3023 2038 Φλαὸιανδς,
3058 1977 3214 2029 οὐδὲν
3248 1977 3542 2032 ἀκόλουθον
3587 1978 3767 2049 ἐπρά-

2173 2064 2276 2133 χθη
2307 2065 2394 2116 ἐπ’
2426 2065 2574 2134 αύτῷ
2596 2081 2610 2096 ⁸
2641 2067 2692 2118 οἱ
2716 2067 2810 2118 τὸν
2839 2070 3003 2119 τόπον
3027 2068 3315 2136 ἐπέχοντες
3362 2070 3593 2132 Λέοντος
3637 2072 3767 2124 ἑπι-

2176 2154 2380 2205 σκόπου
2407 2157 2506 2224 τῆς
2548 2156 2928 2226 πρεσϐυτέρας
2969 2157 3210 2228 Ῥώμης,
3269 2161 3620 2233 ἀπεφήναντο
3665 2163 3767 2216 επὶ

2175 2241 2371 2308 λέξεως
2397 2242 2590 2296 ταῦτα’

2248 2503 2394 2572 Δῆλα
2417 2505 2710 2573 γεγένηται
2745 2505 2810 2557 τά
2837 2505 3222 2577 τετολμημένα
3255 2505 3532 2576 Διοσκόρω
3562 2511 3640 2580 τῷ
3667 2529 3764 2578 γε-

2176 2596 2389 2664 νομένῳ
2420 2596 2521 2663 τῆς
2563 2597 2957 2668 Ἀλεξανδρέων
3008 2601 3424 2671 μεγαλοπόλεως
3474 2607 3764 2673 ὲπισκὸπῳ

2179 2687 2320 2740 κατὰ
2370 2688 2469 2753 τῆς
2514 2688 2622 2740 τῶν
2675 2691 2916 2744 κανόνων
2943 2693 3170 2758 τάξεως,
3202 2698 3296 2766 κα).
3329 2698 3428 2761 τῆς
3472 2698 3768 2766 ἐκκλησια-

2182 2781 2373 2847 στικῆς
2399 2780 2793 2842 καταστάσεως
2824 2783 2886 2836 ὲκ
2908 2783 3016 2835 τῶν
3042 2785 3142 2854 Ιἤδη
3172 2785 3568 2849 ὲξετασθέντων
3597 2789 3655 2840 ἐν
3685 2788 3767 2857 τῷ

2180 2869 2380 2939 πρώτῳ
2426 2872 2709 2943 συνεδρίῳ,
2743 2873 2836 2926 καὶ
2881 2875 2989 2926 ἀπὸ
3021 2875 3129 2928 τῶν
3171 2880 3409 2948 σήμερον
3438 2880 3768 2950 πεπραγμέ·

2181 2977 2308 3014 νων.
2345 2956 2512 3024 Οὗτος
2542 2967 2674 3030 γὰρ,
2703 2964 2790 3016 ἵνα
2842 2965 2911 3018 τὰ
2960 2967 3130 3019 πολλά
3179 2968 3620 3037 παραλίπωμεν,
3661 2970 3770 3021 Εὐ*

2181 3051 2320 3119 τυχῆ
2368 3051 2460 3104 τὸν
2514 3053 2770 3120 ὁμόδοξον
2813 3054 3410 3132 αὐτῷ,ἡκαθαιρεθέντα
3449 3057 3760 3116 κανονικιῖκ

478 3149 721 3201 laritera
754 3147 982 3216 proprio
1027 3145 1343 3214 depositum
1395 3145 1679 3214 episcopo,
1729 3142 2073 3196 sanctissimo

2358 3143 2452 3195 τοῦ
2509 3117 2640 3197 ἰδίου
2672 3117 3115 3211 ἐπισκόπου,τοῦ
3145 3117 3203 3200 ὲν
3235 3148 3412 3216 ἁγίοις
3438 3150 3617 3218 φαμὲν
3649 3150 3764 3203 Πα-

479 3240 694 3294 scillcet
714 3240 875 3293 Patre
907 3247 1098 3292 nostro
1121 3246 1177 3291 et
1198 3237 1616 3305 archiepiscopo
1643 3235 1919 3295 Flaviano,
1950 3248 2079 3302 pro-

478 3331 599 3400 pria
631 3329 959 3383 auctoritate
988 3336 1183 3381 contra
1218 3341 1404 3380 sacros
1448 3339 1692 3378 canones
1725 3325 1780 3377 in
1827 3337 2080 3375 commu-

479 3425 702 3477 nionem
732 3421 997 3489 suscepit,
1023 3421 1347 3489 priusquam
1373 3419 1574 3486 Ephesi
1601 3417 1943 3472 consedisset
1973 3429 2079 3467 una

481 3527 606 3567 cum
668 3511 899 3580 reliquis
953 3512 1067 3564 Deo
1114 3509 1459 3564 charissimis
1514 3509 1814 3577 episcopis.
1875 3507 2078 3558 Verum

480 3601 756 3671 episcopis
770 3601 994 3670 quidem
1025 3601 1325 3668 apostolica
1359 3598 1516 3653 sedes
1547 3598 1763 3652 veniam
1803 3595 2080 3651 concessit

481 3693 552 3742 ob
582 3706 646 3744 ea
669 3705 791 3758 quae
821 3691 935 3744 illic
957 3690 1026 3743 ab
1057 3690 1253 3743 iisdem
1288 3705 1399 3743 non
1431 3696 1625 3757 sponte
1655 3694 1809 3757 gesta
1840 3685 2077 3740 fuerant.

483 3781 586 3847 Qui
631 3781 854 3849 quidem
912 3781 1184 3835 hactenus
1224 3789 1682 3848 permanserunt,
1729 3777 2082 3830 sanctissimo

483 3873 906 3942 archiepiscopo
953 3873 1125 3925 Leoni
1177 3880 1235 3924 et
1291 3879 1492 3924 sanctae
1537 3869 1834 3922 universali
1875 3866 2082 3936 synodo

481 3964 870 4031 obsequentes.
929 3962 1047 4028 Qua
1093 3962 1161 4016 de
1193 3977 1360 4015 causa
1409 3975 1526 4025 eos,
1599 3969 1786 4028 utpote
1834 3957 2082 4028 ejusdem

481 4066 606 4103 cum
642 4050 762 4118 ipso
815 4050 943 4103 fidei
1001 4051 1269 4114 cultores,
1322 4049 1376 4102 in
1425 4049 1872 4102 communionem
1927 4063 2082 4100 suam

481 4140 712 4209 recepit.
748 4141 849 4193 Hic
872 4156 1030 4204 vero,
1070 4140 1126 4193 in
1153 4140 1484 4194 hodiernum
1527 4153 1703 4206 usque
1731 4139 1878 4191 diem
1915 4138 1988 4191 ob
2017 4153 2084 4192 ea

482 4232 706 4301 gloriari
733 4247 845 4285 non
893 4231 1123 4296 desinit,
1177 4247 1414 4301 quorum
1453 4245 1618 4285 causa
1658 4246 1876 4300 gemere
1905 4239 1961 4284 et
2014 4229 2083 4282 ad

483 4333 686 4376 terram
750 4338 925 4392 usque
990 4337 1112 4377 sese
1155 4323 1424 4377 inclinare
1476 4322 1766 4377 debuerat.
1812 4322 2083 4376 Praeterea

2180 3235 2307 3302 τρὸς
2345 3235 2504 3304 ἡμῶν
2535 3238 2630 3287 καὶ
2651 3238 3086 3305 ἁρχιεπισκόπου
3117 3239 3420 3292 Φλαϐιανοῦ
3440 3282 3452 3302 ,
3489 3240 3761 3310 αὐθεντής

2183 3337 2280 3383 σας
2333 3323 2698 3386 ἀκανονίστως
2735 3325 2812 3386 είς
2866 3327 3154 3380 κοινωνίαν
3207 3327 3525 3393 ἀνεδέξατο,
3568 3330 3698 3399 πρὶν
3725 3328 3762 3400 ἢ

2184 3413 2532 3478 συνεδρεύσαι
2603 3415 2661 3467 ἐν
2703 3418 2769 3484 τῇ
2812 3417 3077 3482 Ἐφεσίων
3125 3417 3264 3487 μετά
3338 3419 3448 3471 τῶν
3500 3420 3765 3484 Θεοφιλῶν

2182 3504 2520 3557 ἐπισκόπων.
2563 3507 2698 3558 Ἀλλ’
2727 3506 2957 3569 ἐκείνοις
2991 3509 3088 3577 μὲν
3111 3511 3139 3561 ὁ
3171 3509 3533 3572 ἀποστολικδς
3572 3509 3766 3580 Θρόνος

2199 3595 2531 3665 συγγνώμην
2559 3597 2853 3668 ἀπένειμεν
2875 3598 2967 3650 ἐπὶ
2999 3600 3112 3661 τοῖς
3133 3600 3309 3651 ἐκεῖσε
3337 3600 3412 3668 μὴ
3437 3600 3580 3652 κατὰ.
3619 3600 3764 3666 γνὼο

2186 3703 2294 3757 μην
2324 3687 2414 3738 ὑπ’
2469 3688 2648 3740 αὐτῶν
2699 3691 3106 3759 πεπραγμένοις
3136 3707 3150 3719 ·
3211 3689 3259 3743 οἳ
3306 3691 3400 3742 καὶ
3458 3689 3766 3742 διετέλεσαν

2187 3774 2347 3844 μέχρι
2380 3775 2474 3828 τοῦ
2508 3779 2772 3846 παρόντος
2811 3779 3062 3846 ἑπόμενοι
3090 3779 3166 3849 τῷ
3191 3781 3482 3850 ἁγιωτάτῳ
3507 3783 3765 3848 ἀρχιεπι-

2186 3867 2372 3935 σκόπῳ
2387 3869 2597 3929 Λέοντι,
2621 3869 2717 3920 καὶ
2741 3870 2888 3941 πάσῃ
2911 3873 2972 3938 τῇ
2999 3871 3130 3940 ἁγίᾳ
3147 3873 3238 3924 καὶ
3258 3873 3608 3940 οίκουμενικῇ
3640 3888 3765 3922 συν-

2182 3955 2308 4024 ὁδῳ.
2340 3951 2414 4008 Οὗ
2444 3956 2507 4025 δὴ
2541 3957 2697 4026 χάριν
2756 3959 2847 4009 καὶ
2878 3961 2935 4010 ὲν
2983 3962 3049 4030 τῇ
3077 3961 3237 4013 αὑτοῦ
3288 3960 3540 4032 κοινωνίᾳ
3567 3958 3768 4023 αὐτοὺς

2182 4045 2513 4114 δμοπίστους
2536 4045 2775 4111 ἐδέξατο.
2810 4045 2977 4109 Οὗτος
3019 4050 3075 4100 δὲ
3111 4051 3204 4102 καὶ
3234 4050 3392 4120 μέχρι
3421 4051 3515 4103 τοῦ
3558 4053 3766 4117 παρόν-

2184 4153 2273 4198 τος
2326 4136 2560 4205 διέμεινε
2609 4141 3005 4209 σεμνυνόμενος
3043 4143 3100 4193 ὲν
3147 4144 3397 4206 ἐκείνοις,
3422 4143 3508 4212 ἐφ’
3538 4139 3617 4205 οἷς
3659 4143 3766 4196 ἔδει

2188 4227 2413 4290 στένειν,
2439 4231 2532 4281 καὶ
2562 4232 2620 4293 ἐς
2655 4233 2758 4301 γῆν
2788 4234 3086 4300 κεκυφέναι
3125 4234 3355 4302 ὀφείλει.
3379 4235 3522 4305 Πρὸς
3554 4235 3768 4298 τούτοις

2186 4317 2263 4380 δὲ,
2299 4319 2420 4370 οὐδὲ
2479 4320 2576 4390 τὴν
2631 4321 2920 4392 ἀπιστολὴν
2979 4325 3392 4394 ἀναγνωσθῆναι
3421 4325 3767 4395 συνεχώρησε

483 4413 777 4482 epistolam
827 4413 1132 4467 beatissimi
1196 4429 1349 4483 papas
1397 4413 1624 4475 Leonis,
1678 4427 1842 4481 quam
1896 4411 1988 4464 ille
2016 4411 2073 4466 ad

2188 4407 2281 4461 τοῦ
2319 4410 2739 4478 μακαριωτάτου
2795 4413 2951 4466 πάπα
3009 4414 3266 4493 ῥέοντος,
3297 4415 3399 4486 τὴν
3463 4418 3768 4485 γραφεῖσαν

492 4512 696 4555 sanctae
761 4503 1038 4557 memoria:
1102 4503 1422 4556 Flavianum
1473 4501 1909 4569 conscripserat,
1975 4500 2081 4571 legi

495 4591 720 4645 minime
749 4592 1034 4660 permisit:
1070 4591 1236 4661 idque
1259 4592 1511 4661 quamvis
1543 4591 1842 4659 saepissime
1861 4598 2085 4658 rogatus

2191 4499 2322 4569 παρ’
2359 4499 2526 4551 αὑτοῦ
2559 4500 2696 4570 πρὸς
2726 4501 2816 4556 τὸν
2861 4505 2918 4555 ἐν
2945 4481 3121 4572 ἁγίοις
3157 4503 3255 4574 τὴν
3287 4481 3767 4575 μνήμην-Φλαόια-

2191 4591 2302 4652 νὺν,
2345 4591 2440 4642 καὶ
2495 4591 2671 4646 ταῦτα
2717 4593 2978 4657 πολλάκις
3026 4596 3399 4666 παρακληθεὶς
3457 4597 3769 4664 ἀναγνῶναι

489 4693 642 4739 esset
673 4684 742 4738 ab
795 4685 862 4739 iis
896 4683 990 4754 qui
1024 4685 1313 4754 epistolam
1361 4683 1697 4746 attulerant,
1733 4689 1789 4735 ct
1833 4680 2073 4750 quamvis

2192 4680 2394 4750 ταύτην
2425 4680 2532 4733 ὑπὸ
2554 4681 2662 4736 τῶν
2687 4684 3085 4753 κεγαομικότων,
3127 4685 3223 4738 καὶ
3247 4684 3370 4756 μεθ’
3402 4686 3580 4756 ὅρκων
3607 4686 3768 4754 ποιη-

1793 4811 2029 4870 νΑιιιΑέ)
2067 4815 2364 4871 LECTION
2371 4817 2476 4872 ES.

557 4931 606 4963 ⁸⁸
631 4931 884 4987 Valesius
935 4939 990 4986 et
1036 4930 1100 4986 C.
1136 4930 1200 4986 C.
1247 4931 1590 5002 ἰσχυρίωνος
1618 4930 1714 4983 καὶ
1744 4928 1914 4982 αὑτοῦ
1946 4929 2221 4984 διακόνου.

1693 5063 1963 5119 VALESII
1993 5062 2443 5121 ANNOTATION
2453 5064 2562 5123 ES.

557 5160 670 5232 (16)
697 5161 803 5232 Καὶ
825 5160 971 5226 βίας
993 5158 1390 5232 ἀφαιρέσεως.
1433 5157 1720 5232 Assentior
1742 5158 1879 5211 viris
1901 5157 2082 5232 doctis

485 5215 582 5299 qui
620 5215 1222 5299 ﬂiaiac'emendarunt
1257 5245 1324 5282 ex
1346 5215 1710 5299 'conjectura,
1746 5238 1808 5281 ut
1853 5228 2077 5299 opinor.

487 5296 630 5354 Nam
654 5301 781 5354 libri
821 5301 995 5354 nostri
1032 5301 1171 5353 nihil
1221 5296 1482 5352 mutant.’
1511 5296 1697 5351 Codex
1739 5307 1921 5350 tamen
1955 5296 2084 5350 Tel-

487 5372 753 5434 lcrianus,
785 5386 948 5439 quem
980 5370 1112 5424 dum
1145 5369 1318 5424 editio
1347 5378 1537 5439 nostra
1567 5367 1671 5421 sub
1721 5367 1878 5439 prelo
1911 5375 2082 5439 esset,

487 5437 1028 5511 opportune—nactus
1045 5455 1188 5504 sum,
1209 5439 1419 5494 diserte
1434 5438 1700 5507 scriptum
1719 5437 1886 5492 habet
1904 5437 2088 5506 βιαίας

2185 5159 2550 5228 ἀφαιρέσεως.

2261 5230 2392 5300 (17),
2439 5227 2866 5285 Ἑπυνθάνετο.
2924 5227 3153 5300 Niceph.
3196 5228 3295 5300 hic
3341 5230 3552 5300 aliquot
3603 5232 3768 5287 verba

2189 5294 2434 5422 inseruitl
2459 5300 2567 5355 hoc
2607 5300 2774 5354 modo
2803 5317 2818 5353 :
2851 5299 2948 5354 καὶ
2972 5294 3080 5352 τῶν
3107 5294 3448 5354 interemi!"
3467 5302 3770 5356 ἀνεπυνθά-

2198 5385 2345 5422 νετο.
2380 5383 2409 5422 e
2438 5385 2488 5422 c.

2198 5385 2345 5431 νετο,
2380 5383 2488 5424 εις.

1931 5553 2192 5611 VARIOR
2203 5556 2242 5612 U
2253 5555 2322 5609 Μ.

566 5647 637 5715 (ο)
680 5647 1001 5714 Προτερὶου
1046 5648 1387 5702 ἐπισκόπου
1423 5645 1721 5713 Σμύρνης.
1754 5643 1902 5699 Loco
1935 5646 2077 5712 Προο

490 5719 672 5789 τερίου
705 5718 999 5790 legendum
1033 5719 1348 5790 Λίοερικοῦ,
1382 5730 1442 5773 ut
1472 5727 1622 5772 recte
1663 5725 1852 5772 monet
1884 5715 2079 5786 Pagius

2188 5645 2255 5701 ad
2283 5664 2488 5722 annum
2515 5649 2640 5722 M6,
2672 5667 2728 5722 [ι.
2763 5651 2817 5715 6,
2850 5667 2960 5722 quo
3000 5657 3225 5711 nomine
3263 5657 3317 5711 in
3358 5657 3511 5712 Actis
3543 5659 3761 5714 concilii

2191 5719 2520 5789 appellatur.
2556 5721 2642 5776 W.
2671 5719 2889 5776 Levi-ru}
