  <div class='ocr_page' id='page_1' title='image "/cluster/home/n/w/nwhite01/storage/ocr_20150623/86 pars.2/pst.000005712885/446.png"; bbox 0 0 4076 6336; ppageno 0'>
   <div class='ocr_carea' id='block_1_1' title="bbox 261 296 3568 382">
    <p class='ocr_par' dir='ltr' id='par_1_1' title="bbox 261 296 3568 382">
     <span class='ocr_line' id='line_1_1' title="bbox 261 296 3568 382; baseline 0 -1"><span class='ocrx_word' id='word_1_1' title='bbox 261 316 410 381; x_wconf 72' lang='lat'><strong>2-565</strong></span> <span class='ocrx_word' id='word_1_2' title='bbox 1184 314 1572 374; x_wconf 74' lang='lat' dir='ltr'><strong>iusronus</strong></span> <span class='ocrx_word' id='word_1_3' title='bbox 1610 296 2216 377; x_wconf 67' lang='lat' dir='ltr'><strong>ECCLESIASTICJZ</strong></span> <span class='ocrx_word' id='word_1_4' title='bbox 2258 319 2488 379; x_wconf 84' lang='lat' dir='ltr'><strong>LIBER</strong></span> <span class='ocrx_word' id='word_1_5' title='bbox 2534 320 2619 380; x_wconf 88' lang='lat' dir='ltr'><strong>II.</strong></span> <span class='ocrx_word' id='word_1_6' title='bbox 3423 318 3568 382; x_wconf 73' lang='lat'><strong>2.566</strong></span> 
     </span>
    </p>
   </div>
   <div class='ocr_carea' id='block_1_2' title="bbox 264 419 1874 498">
    <p class='ocr_par' dir='ltr' id='par_1_2' title="bbox 264 419 1851 496">
     <span class='ocr_line' id='line_1_2' title="bbox 264 419 1851 496; baseline -0.001 -18"><span class='ocrx_word' id='word_1_7' title='bbox 264 428 466 479; x_wconf 82' lang='grc' dir='ltr'>σασθαι</span> <span class='ocrx_word' id='word_1_8' title='bbox 497 425 595 496; x_wconf 75' lang='grc' dir='ltr'><strong>τήν</strong></span> <span class='ocrx_word' id='word_1_9' title='bbox 634 423 941 492; x_wconf 79' lang='grc' dir='ltr'><strong>ἀνάγνωσιν</strong></span> <span class='ocrx_word' id='word_1_10' title='bbox 962 422 1352 493; x_wconf 60' lang='grc' dir='ltr'>ὑποσχόμενος</span> <span class='ocrx_word' id='word_1_11' title='bbox 1388 419 1458 493; x_wconf 82' lang='grc' dir='ltr'>ἧς</span> <span class='ocrx_word' id='word_1_12' title='bbox 1492 423 1566 494; x_wconf 81' lang='grc' dir='ltr'>μὴ</span> <span class='ocrx_word' id='word_1_13' title='bbox 1598 422 1851 491; x_wconf 80' lang='grc' dir='ltr'>ἀναγνω-</span> 
     </span>
    </p>
   </div>
   <div class='ocr_carea' id='block_1_3' title="bbox 1956 419 3566 498">
    <p class='ocr_par' dir='ltr' id='par_1_3' title="bbox 1958 426 3566 498">
     <span class='ocr_line' id='line_1_3' title="bbox 1958 426 3566 498; baseline 0.002 -19"><span class='ocrx_word' id='word_1_14' title='bbox 1958 426 2197 496; x_wconf 81' lang='lat' dir='ltr'><strong>ipsemet</strong></span> <span class='ocrx_word' id='word_1_15' title='bbox 2229 427 2446 498; x_wconf 87' lang='lat' dir='ltr'><strong>adjecto</strong></span> <span class='ocrx_word' id='word_1_16' title='bbox 2478 426 2844 498; x_wconf 76' lang='lat' dir='ltr'><strong>jurejurando</strong></span> <span class='ocrx_word' id='word_1_17' title='bbox 2872 427 3155 498; x_wconf 72' lang='lat' dir='ltr'><strong>pollicitus</strong></span> <span class='ocrx_word' id='word_1_18' title='bbox 3176 436 3323 483; x_wconf 87' lang='lat' dir='ltr'><strong>esset</strong></span> <span class='ocrx_word' id='word_1_19' title='bbox 3362 442 3421 483; x_wconf 89' lang='lat' dir='ltr'><strong>se</strong></span> <span class='ocrx_word' id='word_1_20' title='bbox 3444 443 3566 483; x_wconf 87' lang='lat' dir='ltr'><strong>eam</strong></span> 
     </span>
    </p>
   </div>
   <div class='ocr_carea' id='block_1_4' title="bbox 264 512 1874 587">
    <p class='ocr_par' dir='ltr' id='par_1_4' title="bbox 264 512 1858 587">
     <span class='ocr_line' id='line_1_4' title="bbox 264 512 1858 587; baseline -0.002 -19"><span class='ocrx_word' id='word_1_21' title='bbox 264 516 508 587; x_wconf 81' lang='grc' dir='ltr'>σθείσης,</span> <span class='ocrx_word' id='word_1_22' title='bbox 535 514 847 569; x_wconf 80' lang='grc' dir='ltr'>σκανδάλων</span> <span class='ocrx_word' id='word_1_23' title='bbox 868 514 965 567; x_wconf 68' lang='grc' dir='ltr'>καὶ</span> <span class='ocrx_word' id='word_1_24' title='bbox 992 512 1195 584; x_wconf 76' lang='grc' dir='ltr'>βλάϐης</span> <span class='ocrx_word' id='word_1_25' title='bbox 1220 512 1323 585; x_wconf 75' lang='grc' dir='ltr'><strong>[αἱ]</strong></span> <span class='ocrx_word' id='word_1_26' title='bbox 1347 514 1452 567; x_wconf 85' lang='grc' dir='ltr'><strong>ἀνά</strong></span> <span class='ocrx_word' id='word_1_27' title='bbox 1478 513 1579 585; x_wconf 80' lang='grc' dir='ltr'>τὴν</span> <span class='ocrx_word' id='word_1_28' title='bbox 1603 512 1858 584; x_wconf 76' lang='grc' dir='ltr'>οἰκουμέ-</span> 
     </span>
    </p>
   </div>
   <div class='ocr_carea' id='block_1_5' title="bbox 1956 512 3566 587">
    <p class='ocr_par' dir='ltr' id='par_1_5' title="bbox 1962 515 3566 586">
     <span class='ocr_line' id='line_1_5' title="bbox 1962 515 3566 586; baseline 0.001 -17"><span class='ocrx_word' id='word_1_29' title='bbox 1962 516 2187 571; x_wconf 78' lang='lat' dir='ltr'><strong>recitari</strong></span> <span class='ocrx_word' id='word_1_30' title='bbox 2238 519 2549 586; x_wconf 88' lang='lat' dir='ltr'><strong>jussurum.</strong></span> <span class='ocrx_word' id='word_1_31' title='bbox 2595 515 2715 583; x_wconf 82' lang='lat' dir='ltr'><strong>Qua</strong></span> <span class='ocrx_word' id='word_1_32' title='bbox 2760 515 2987 571; x_wconf 88' lang='lat' dir='ltr'><strong>minime</strong></span> <span class='ocrx_word' id='word_1_33' title='bbox 3032 518 3297 586; x_wconf 84' lang='lat' dir='ltr'><strong>perlecta,</strong></span> <span class='ocrx_word' id='word_1_34' title='bbox 3329 517 3566 572; x_wconf 88' lang='lat' dir='ltr'><strong>sanctis-</strong></span> 
     </span>
    </p>
   </div>
   <div class='ocr_carea' id='block_1_6' title="bbox 260 604 1870 677">
    <p class='ocr_par' dir='ltr' id='par_1_6' title="bbox 260 604 1858 677">
     <span class='ocr_line' id='line_1_6' title="bbox 260 604 1858 677; baseline -0.001 -17"><span class='ocrx_word' id='word_1_35' title='bbox 260 625 366 677; x_wconf 79' lang='grc' dir='ltr'><strong>νην</strong></span> <span class='ocrx_word' id='word_1_36' title='bbox 399 607 699 676; x_wconf 82' lang='grc' dir='ltr'>ἀγιὼταται</span> <span class='ocrx_word' id='word_1_37' title='bbox 719 604 1119 677; x_wconf 76' lang='grc' dir='ltr'><strong>ἐπληρώθησαν</strong></span> <span class='ocrx_word' id='word_1_38' title='bbox 1142 604 1491 674; x_wconf 84' lang='grc' dir='ltr'>Ἐκκλησίαι.</span> <span class='ocrx_word' id='word_1_39' title='bbox 1534 604 1678 657; x_wconf 83' lang='grc' dir='ltr'>Ἀλλ’</span> <span class='ocrx_word' id='word_1_40' title='bbox 1704 605 1858 674; x_wconf 83' lang='grc' dir='ltr'>ὅμως</span> 
     </span>
    </p>
   </div>
   <div class='ocr_carea' id='block_1_7' title="bbox 1958 604 3568 677">
    <p class='ocr_par' dir='ltr' id='par_1_7' title="bbox 1960 605 3568 677">
     <span class='ocr_line' id='line_1_7' title="bbox 1960 605 3568 677; baseline -0.001 -16"><span class='ocrx_word' id='word_1_41' title='bbox 1960 607 2130 663; x_wconf 85' lang='lat' dir='ltr'><strong>simas</strong></span> <span class='ocrx_word' id='word_1_42' title='bbox 2173 623 2286 677; x_wconf 72' lang='lat' dir='ltr'><strong>per</strong></span> <span class='ocrx_word' id='word_1_43' title='bbox 2332 607 2657 661; x_wconf 84' lang='lat' dir='ltr'><strong>universum</strong></span> <span class='ocrx_word' id='word_1_44' title='bbox 2728 606 2921 661; x_wconf 89' lang='lat' dir='ltr'><strong>orbem</strong></span> <span class='ocrx_word' id='word_1_45' title='bbox 2976 616 3251 661; x_wconf 89' lang='lat' dir='ltr'><strong>terrarum</strong></span> <span class='ocrx_word' id='word_1_46' title='bbox 3294 605 3568 661; x_wconf 76' lang='lat' dir='ltr'><strong>Ecclesias</strong></span> 
     </span>
    </p>
   </div>
   <div class='ocr_carea' id='block_1_8' title="bbox 258 694 1868 768">
    <p class='ocr_par' dir='ltr' id='par_1_8' title="bbox 258 694 1857 768">
     <span class='ocr_line' id='line_1_8' title="bbox 258 694 1857 768; baseline -0.002 -18"><span class='ocrx_word' id='word_1_47' title='bbox 258 696 530 751; x_wconf 75' lang='grc' dir='ltr'><strong>τοιούτων</strong></span> <span class='ocrx_word' id='word_1_48' title='bbox 582 700 715 768; x_wconf 85' lang='grc' dir='ltr'>παρ’</span> <span class='ocrx_word' id='word_1_49' title='bbox 764 696 930 751; x_wconf 81' lang='grc' dir='ltr'><strong>αὐτοῦ</strong></span> <span class='ocrx_word' id='word_1_50' title='bbox 993 694 1395 766; x_wconf 81' lang='grc' dir='ltr'>τολμηθέντων,</span> <span class='ocrx_word' id='word_1_51' title='bbox 1446 694 1857 765; x_wconf 73' lang='grc' dir='ltr'>ὲπισκοποῦμεν</span> 
     </span>
    </p>
   </div>
   <div class='ocr_carea' id='block_1_9' title="bbox 1956 694 3566 768">
    <p class='ocr_par' dir='ltr' id='par_1_9' title="bbox 1960 696 3566 768">
     <span class='ocr_line' id='line_1_9' title="bbox 1960 696 3566 768; baseline -0.001 -15"><span class='ocrx_word' id='word_1_52' title='bbox 1960 698 2241 754; x_wconf 85' lang='lat' dir='ltr'><strong>scandalis</strong></span> <span class='ocrx_word' id='word_1_53' title='bbox 2288 714 2355 753; x_wconf 90' lang='lat' dir='ltr'><strong>ac</strong></span> <span class='ocrx_word' id='word_1_54' title='bbox 2408 698 2763 754; x_wconf 87' lang='lat' dir='ltr'><strong>detrimentis</strong></span> <span class='ocrx_word' id='word_1_55' title='bbox 2817 696 3137 768; x_wconf 83' lang='lat' dir='ltr'><strong>complevit.</strong></span> <span class='ocrx_word' id='word_1_56' title='bbox 3197 697 3305 753; x_wconf 90' lang='lat' dir='ltr'><strong>Sed</strong></span> <span class='ocrx_word' id='word_1_57' title='bbox 3360 707 3566 766; x_wconf 86' lang='lat' dir='ltr'><strong>tamen,</strong></span> 
     </span>
    </p>
   </div>
   <div class='ocr_carea' id='block_1_10' title="bbox 259 786 1869 861">
    <p class='ocr_par' dir='ltr' id='par_1_10' title="bbox 259 786 1854 861">
     <span class='ocr_line' id='line_1_10' title="bbox 259 786 1854 861; baseline -0.002 -18"><span class='ocrx_word' id='word_1_58' title='bbox 259 790 396 860; x_wconf 75' lang='grc' dir='ltr'>περὶ</span> <span class='ocrx_word' id='word_1_59' title='bbox 445 790 548 860; x_wconf 79' lang='grc' dir='ltr'>τῆς</span> <span class='ocrx_word' id='word_1_60' title='bbox 578 788 691 861; x_wconf 78' lang='grc'>(18)</span> <span class='ocrx_word' id='word_1_61' title='bbox 736 788 1011 860; x_wconf 82' lang='grc' dir='ltr'><strong>προτέρας</strong></span> <span class='ocrx_word' id='word_1_62' title='bbox 1070 786 1293 850; x_wconf 85' lang='grc' dir='ltr'>ἀνοσίας</span> <span class='ocrx_word' id='word_1_63' title='bbox 1347 787 1515 841; x_wconf 77' lang='grc' dir='ltr'>αὑτοῦ</span> <span class='ocrx_word' id='word_1_64' title='bbox 1576 788 1854 859; x_wconf 80' lang='grc' dir='ltr'>πράξεως,</span> 
     </span>
    </p>
   </div>
   <div class='ocr_carea' id='block_1_11' title="bbox 1956 786 3566 861">
    <p class='ocr_par' dir='ltr' id='par_1_11' title="bbox 1960 790 3566 861">
     <span class='ocr_line' id='line_1_11' title="bbox 1960 790 3566 861; baseline 0.001 -18"><span class='ocrx_word' id='word_1_65' title='bbox 1960 790 2213 860; x_wconf 81' lang='lat' dir='ltr'><strong>quamvis</strong></span> <span class='ocrx_word' id='word_1_66' title='bbox 2245 799 2417 846; x_wconf 90' lang='lat' dir='ltr'><strong>totae</strong></span> <span class='ocrx_word' id='word_1_67' title='bbox 2442 798 2593 845; x_wconf 87' lang='lat' dir='ltr'><strong>tanta</strong></span> <span class='ocrx_word' id='word_1_68' title='bbox 2626 791 2697 845; x_wconf 89' lang='lat' dir='ltr'><strong>ab</strong></span> <span class='ocrx_word' id='word_1_69' title='bbox 2718 807 2786 846; x_wconf 93' lang='lat' dir='ltr'><strong>eo</strong></span> <span class='ocrx_word' id='word_1_70' title='bbox 2810 800 3149 861; x_wconf 66' lang='lat' dir='ltr'><strong>prmsumpta</strong></span> <span class='ocrx_word' id='word_1_71' title='bbox 3192 792 3326 855; x_wconf 87' lang='lat' dir='ltr'><strong>sint,</strong></span> <span class='ocrx_word' id='word_1_72' title='bbox 3354 806 3566 861; x_wconf 87' lang='lat' dir='ltr'><strong>propo-</strong></span> 
     </span>
    </p>
   </div>
   <div class='ocr_carea' id='block_1_12' title="bbox 261 878 1871 953">
    <p class='ocr_par' dir='ltr' id='par_1_12' title="bbox 261 878 1859 953">
     <span class='ocr_line' id='line_1_12' title="bbox 261 878 1859 953; baseline 0.001 -20"><span class='ocrx_word' id='word_1_73' title='bbox 261 882 682 953; x_wconf 78' lang='grc' dir='ltr'><strong>φιλανθρωπίας</strong></span> <span class='ocrx_word' id='word_1_74' title='bbox 735 882 884 944; x_wconf 72' lang='grc' dir='ltr'>τινὸς</span> <span class='ocrx_word' id='word_1_75' title='bbox 936 878 1099 934; x_wconf 71' lang='grc' dir='ltr'>αὐτὸν</span> <span class='ocrx_word' id='word_1_76' title='bbox 1165 878 1417 945; x_wconf 81' lang='grc' dir='ltr'>ἀξιῶσαι,</span> <span class='ocrx_word' id='word_1_77' title='bbox 1446 880 1525 944; x_wconf 83' lang='grc' dir='ltr'><strong>ὡς</strong></span> <span class='ocrx_word' id='word_1_78' title='bbox 1594 881 1689 934; x_wconf 77' lang='grc' dir='ltr'>καὶ</span> <span class='ocrx_word' id='word_1_79' title='bbox 1730 881 1859 942; x_wconf 82' lang='grc' dir='ltr'>τοὺς</span> 
     </span>
    </p>
   </div>
   <div class='ocr_carea' id='block_1_13' title="bbox 1956 878 3566 953">
    <p class='ocr_par' dir='ltr' id='par_1_13' title="bbox 1960 882 3566 953">
     <span class='ocr_line' id='line_1_13' title="bbox 1960 882 3566 953; baseline 0.002 -18"><span class='ocrx_word' id='word_1_80' title='bbox 1960 883 2127 936; x_wconf 90' lang='lat' dir='ltr'><strong>situm</strong></span> <span class='ocrx_word' id='word_1_81' title='bbox 2175 882 2342 936; x_wconf 86' lang='lat' dir='ltr'><strong>nobis</strong></span> <span class='ocrx_word' id='word_1_82' title='bbox 2408 890 2549 947; x_wconf 89' lang='lat' dir='ltr'><strong>erat,</strong></span> <span class='ocrx_word' id='word_1_83' title='bbox 2613 882 2763 953; x_wconf 86' lang='lat' dir='ltr'><strong>quod</strong></span> <span class='ocrx_word' id='word_1_84' title='bbox 2822 883 3049 951; x_wconf 89' lang='lat' dir='ltr'><strong>quidem</strong></span> <span class='ocrx_word' id='word_1_85' title='bbox 3100 882 3168 936; x_wconf 89' lang='lat' dir='ltr'><strong>ad</strong></span> <span class='ocrx_word' id='word_1_86' title='bbox 3223 884 3383 952; x_wconf 91' lang='lat' dir='ltr'><strong>prius</strong></span> <span class='ocrx_word' id='word_1_87' title='bbox 3444 886 3566 953; x_wconf 84' lang='lat' dir='ltr'><strong>ejus</strong></span> 
     </span>
    </p>
   </div>
   <div class='ocr_carea' id='block_1_14' title="bbox 258 968 1868 1045">
    <p class='ocr_par' dir='ltr' id='par_1_14' title="bbox 258 968 1859 1042">
     <span class='ocr_line' id='line_1_14' title="bbox 258 968 1859 1042; baseline -0.003 -16"><span class='ocrx_word' id='word_1_88' title='bbox 258 972 486 1035; x_wconf 83' lang='grc' dir='ltr'>λοιποὺς</span> <span class='ocrx_word' id='word_1_89' title='bbox 518 970 977 1040; x_wconf 68' lang='grc' dir='ltr'><strong>θεοφιλεστάτους</strong></span> <span class='ocrx_word' id='word_1_90' title='bbox 1002 969 1356 1036; x_wconf 77' lang='grc' dir='ltr'><strong>ἐπισκόπους,</strong></span> <span class='ocrx_word' id='word_1_91' title='bbox 1393 970 1568 1024; x_wconf 85' lang='grc' dir='ltr'>καίτοι</span> <span class='ocrx_word' id='word_1_92' title='bbox 1596 970 1733 1042; x_wconf 72' lang='grc' dir='ltr'>μηδὲ</span> <span class='ocrx_word' id='word_1_93' title='bbox 1759 968 1859 1041; x_wconf 78' lang='grc' dir='ltr'>τὴν</span> 
     </span>
    </p>
   </div>
   <div class='ocr_carea' id='block_1_15' title="bbox 1956 968 3566 1045">
    <p class='ocr_par' dir='ltr' id='par_1_15' title="bbox 1962 971 3566 1045">
     <span class='ocr_line' id='line_1_15' title="bbox 1962 971 3566 1045; baseline 0.001 -18"><span class='ocrx_word' id='word_1_94' title='bbox 1962 974 2191 1042; x_wconf 89' lang='lat' dir='ltr'><strong>impium</strong></span> <span class='ocrx_word' id='word_1_95' title='bbox 2210 971 2428 1028; x_wconf 79' lang='lat' dir='ltr'><strong>facinus</strong></span> <span class='ocrx_word' id='word_1_96' title='bbox 2448 973 2716 1043; x_wconf 86' lang='lat' dir='ltr'><strong>pertinet,</strong></span> <span class='ocrx_word' id='word_1_97' title='bbox 2736 973 3043 1029; x_wconf 88' lang='lat' dir='ltr'><strong>clementer</strong></span> <span class='ocrx_word' id='word_1_98' title='bbox 3067 973 3222 1027; x_wconf 86' lang='lat' dir='ltr'><strong>illum</strong></span> <span class='ocrx_word' id='word_1_99' title='bbox 3241 988 3305 1029; x_wconf 91' lang='lat' dir='ltr'><strong>ac</strong></span> <span class='ocrx_word' id='word_1_100' title='bbox 3327 974 3566 1045; x_wconf 80' lang='lat' dir='ltr'><strong>benigne</strong></span> 
     </span>
    </p>
   </div>
   <div class='ocr_carea' id='block_1_16' title="bbox 257 1061 1867 1135">
    <p class='ocr_par' dir='ltr' id='par_1_16' title="bbox 257 1061 1858 1133">
     <span class='ocr_line' id='line_1_16' title="bbox 257 1061 1858 1133; baseline -0.004 -15"><span class='ocrx_word' id='word_1_101' title='bbox 257 1063 555 1118; x_wconf 76' lang='grc' dir='ltr'>αὑθεντίαν</span> <span class='ocrx_word' id='word_1_102' title='bbox 586 1062 989 1133; x_wconf 78' lang='grc' dir='ltr'><strong>παραπλησίως</strong></span> <span class='ocrx_word' id='word_1_103' title='bbox 1020 1061 1171 1133; x_wconf 84' lang='grc' dir='ltr'>αὐτῷ</span> <span class='ocrx_word' id='word_1_104' title='bbox 1203 1062 1309 1133; x_wconf 83' lang='grc' dir='ltr'>τῆς</span> <span class='ocrx_word' id='word_1_105' title='bbox 1346 1062 1581 1131; x_wconf 87' lang='grc' dir='ltr'>κρίσεως</span> <span class='ocrx_word' id='word_1_106' title='bbox 1618 1061 1858 1132; x_wconf 65' lang='grc' dir='ltr'>ἐσχηκός</span> 
     </span>
    </p>
   </div>
   <div class='ocr_carea' id='block_1_17' title="bbox 1951 1061 3561 1135">
    <p class='ocr_par' dir='ltr' id='par_1_17' title="bbox 1960 1065 3561 1135">
     <span class='ocr_line' id='line_1_17' title="bbox 1960 1065 3561 1135; baseline 0.002 -17"><span class='ocrx_word' id='word_1_107' title='bbox 1960 1073 2221 1131; x_wconf 85' lang='lat' dir='ltr'><strong>tractare,</strong></span> <span class='ocrx_word' id='word_1_108' title='bbox 2248 1065 2397 1120; x_wconf 85' lang='lat' dir='ltr'><strong>sicut</strong></span> <span class='ocrx_word' id='word_1_109' title='bbox 2427 1074 2486 1119; x_wconf 91' lang='lat' dir='ltr'><strong>et</strong></span> <span class='ocrx_word' id='word_1_110' title='bbox 2512 1065 2759 1135; x_wconf 89' lang='lat' dir='ltr'><strong>reliquos</strong></span> <span class='ocrx_word' id='word_1_111' title='bbox 2801 1066 2917 1120; x_wconf 91' lang='lat' dir='ltr'><strong>Deo</strong></span> <span class='ocrx_word' id='word_1_112' title='bbox 2962 1066 3198 1121; x_wconf 90' lang='lat' dir='ltr'><strong>dilectos</strong></span> <span class='ocrx_word' id='word_1_113' title='bbox 3249 1067 3561 1135; x_wconf 83' lang='lat' dir='ltr'><strong>episcopos,</strong></span> 
     </span>
    </p>
   </div>
   <div class='ocr_carea' id='block_1_18' title="bbox 257 1154 1867 1229">
    <p class='ocr_par' dir='ltr' id='par_1_18' title="bbox 257 1154 1859 1226">
     <span class='ocr_line' id='line_1_18' title="bbox 257 1154 1859 1226; baseline -0.001 -17"><span class='ocrx_word' id='word_1_114' title='bbox 257 1173 384 1220; x_wconf 73' lang='grc' dir='ltr'>τις.</span> <span class='ocrx_word' id='word_1_115' title='bbox 429 1155 651 1225; x_wconf 79' lang='grc' dir='ltr'>Ἐπειδὴ</span> <span class='ocrx_word' id='word_1_116' title='bbox 680 1154 736 1207; x_wconf 74' lang='grc' dir='ltr'>δὲ</span> <span class='ocrx_word' id='word_1_117' title='bbox 766 1156 879 1217; x_wconf 79' lang='grc' dir='ltr'>τοῖς</span> <span class='ocrx_word' id='word_1_118' title='bbox 914 1154 1191 1226; x_wconf 79' lang='grc' dir='ltr'><strong>δευτέροις</strong></span> <span class='ocrx_word' id='word_1_119' title='bbox 1234 1154 1334 1223; x_wconf 75' lang='grc' dir='ltr'>τὴν</span> <span class='ocrx_word' id='word_1_120' title='bbox 1368 1154 1641 1226; x_wconf 76' lang='grc' dir='ltr'>προτέραν</span> <span class='ocrx_word' id='word_1_121' title='bbox 1679 1168 1859 1224; x_wconf 87' lang='grc' dir='ltr'>παρα-</span> 
     </span>
    </p>
   </div>
   <div class='ocr_carea' id='block_1_19' title="bbox 1953 1154 3563 1229">
    <p class='ocr_par' dir='ltr' id='par_1_19' title="bbox 1959 1156 3563 1229">
     <span class='ocr_line' id='line_1_19' title="bbox 1959 1156 3563 1229; baseline 0.001 -18"><span class='ocrx_word' id='word_1_122' title='bbox 1959 1157 2090 1211; x_wconf 89' lang='lat' dir='ltr'><strong>licet</strong></span> <span class='ocrx_word' id='word_1_123' title='bbox 2119 1157 2213 1211; x_wconf 89' lang='lat' dir='ltr'><strong>isti</strong></span> <span class='ocrx_word' id='word_1_124' title='bbox 2241 1171 2354 1211; x_wconf 92' lang='lat' dir='ltr'><strong>non</strong></span> <span class='ocrx_word' id='word_1_125' title='bbox 2382 1156 2637 1212; x_wconf 86' lang='lat' dir='ltr'><strong>eamdem</strong></span> <span class='ocrx_word' id='word_1_126' title='bbox 2664 1173 2729 1211; x_wconf 89' lang='lat' dir='ltr'><strong>ac</strong></span> <span class='ocrx_word' id='word_1_127' title='bbox 2756 1157 2850 1212; x_wconf 88' lang='lat' dir='ltr'><strong>ille</strong></span> <span class='ocrx_word' id='word_1_128' title='bbox 2893 1157 3181 1229; x_wconf 90' lang='lat' dir='ltr'><strong>judicandi</strong></span> <span class='ocrx_word' id='word_1_129' title='bbox 3232 1168 3563 1228; x_wconf 87' lang='lat' dir='ltr'><strong>potestatem</strong></span> 
     </span>
    </p>
   </div>
   <div class='ocr_carea' id='block_1_20' title="bbox 260 1245 1870 1318">
    <p class='ocr_par' dir='ltr' id='par_1_20' title="bbox 260 1245 1854 1318">
     <span class='ocr_line' id='line_1_20' title="bbox 260 1245 1854 1318; baseline -0.001 -18"><span class='ocrx_word' id='word_1_130' title='bbox 260 1246 459 1317; x_wconf 82' lang='grc' dir='ltr'>νομίαν</span> <span class='ocrx_word' id='word_1_131' title='bbox 476 1246 924 1318; x_wconf 76' lang='grc' dir='ltr'>ὑπερηκόντισεν,</span> <span class='ocrx_word' id='word_1_132' title='bbox 944 1246 1211 1315; x_wconf 72' lang='grc' dir='ltr'>ἐτόλμησε</span> <span class='ocrx_word' id='word_1_133' title='bbox 1229 1245 1286 1298; x_wconf 82' lang='grc' dir='ltr'>δὲ</span> <span class='ocrx_word' id='word_1_134' title='bbox 1303 1246 1397 1299; x_wconf 73' lang='grc' dir='ltr'>καὶ</span> <span class='ocrx_word' id='word_1_135' title='bbox 1414 1246 1795 1299; x_wconf 84' lang='grc' dir='ltr'>ἀκοινωνισίαν</span> <span class='ocrx_word' id='word_1_136' title='bbox 1813 1247 1854 1279; x_wconf 80' lang='grc'><strong>⁵¹</strong></span> 
     </span>
    </p>
   </div>
   <div class='ocr_carea' id='block_1_21' title="bbox 1953 1245 3563 1318">
    <p class='ocr_par' dir='ltr' id='par_1_21' title="bbox 1960 1246 3563 1318">
     <span class='ocr_line' id='line_1_21' title="bbox 1960 1246 3563 1318; baseline 0.001 -17"><span class='ocrx_word' id='word_1_137' title='bbox 1960 1247 2308 1303; x_wconf 82' lang='lat' dir='ltr'><strong>habuissent.</strong></span> <span class='ocrx_word' id='word_1_138' title='bbox 2382 1246 2491 1302; x_wconf 88' lang='lat' dir='ltr'><strong>Sed</strong></span> <span class='ocrx_word' id='word_1_139' title='bbox 2560 1246 2827 1317; x_wconf 88' lang='lat' dir='ltr'><strong>quoniam</strong></span> <span class='ocrx_word' id='word_1_140' title='bbox 2903 1248 3152 1317; x_wconf 87' lang='lat' dir='ltr'><strong>priorem</strong></span> <span class='ocrx_word' id='word_1_141' title='bbox 3230 1248 3563 1318; x_wconf 77' lang='lat' dir='ltr'><strong>injustitiam</strong></span> 
     </span>
    </p>
   </div>
   <div class='ocr_carea' id='block_1_22' title="bbox 262 1333 1872 1409">
    <p class='ocr_par' dir='ltr' id='par_1_22' title="bbox 262 1333 1856 1405">
     <span class='ocr_line' id='line_1_22' title="bbox 262 1333 1856 1405; baseline 0.001 -17"><span class='ocrx_word' id='word_1_142' title='bbox 262 1333 644 1405; x_wconf 76' lang='grc' dir='ltr'>ὑπαγορεῦσαι</span> <span class='ocrx_word' id='word_1_143' title='bbox 694 1336 836 1387; x_wconf 70' lang='grc' dir='ltr'>κατὰ</span> <span class='ocrx_word' id='word_1_144' title='bbox 880 1333 976 1388; x_wconf 84' lang='grc' dir='ltr'>τοῦ</span> <span class='ocrx_word' id='word_1_145' title='bbox 1040 1336 1348 1403; x_wconf 81' lang='grc' dir='ltr'>ἀγιωτάτου</span> <span class='ocrx_word' id='word_1_146' title='bbox 1405 1335 1501 1389; x_wconf 79' lang='grc' dir='ltr'>καὶ</span> <span class='ocrx_word' id='word_1_147' title='bbox 1557 1336 1856 1390; x_wconf 84' lang='grc' dir='ltr'>όσιωτάτου</span> 
     </span>
    </p>
   </div>
   <div class='ocr_carea' id='block_1_23' title="bbox 1957 1333 3567 1409">
    <p class='ocr_par' dir='ltr' id='par_1_23' title="bbox 1959 1338 3567 1409">
     <span class='ocr_line' id='line_1_23' title="bbox 1959 1338 3567 1409; baseline 0.001 -16"><span class='ocrx_word' id='word_1_148' title='bbox 1959 1339 2366 1409; x_wconf 87' lang='lat' dir='ltr'><strong>posterioribus</strong></span> <span class='ocrx_word' id='word_1_149' title='bbox 2398 1338 2559 1394; x_wconf 77' lang='lat' dir='ltr'><strong>factis</strong></span> <span class='ocrx_word' id='word_1_150' title='bbox 2611 1338 2780 1409; x_wconf 74' lang='lat'><strong>313</strong></span> <span class='ocrx_word' id='word_1_151' title='bbox 2810 1338 2974 1409; x_wconf 81' lang='lat' dir='ltr'><strong>longe</strong></span> <span class='ocrx_word' id='word_1_152' title='bbox 3025 1339 3354 1408; x_wconf 85' lang='lat' dir='ltr'><strong>superavit:</strong></span> <span class='ocrx_word' id='word_1_153' title='bbox 3400 1355 3567 1395; x_wconf 90' lang='lat' dir='ltr'><strong>ausus</strong></span> 
     </span>
    </p>
   </div>
   <div class='ocr_carea' id='block_1_24' title="bbox 263 1424 1873 1501">
    <p class='ocr_par' dir='ltr' id='par_1_24' title="bbox 263 1424 1857 1498">
     <span class='ocr_line' id='line_1_24' title="bbox 263 1424 1857 1498; baseline 0 -17"><span class='ocrx_word' id='word_1_154' title='bbox 263 1425 704 1497; x_wconf 82' lang='grc' dir='ltr'>ἀρχιεπισκόπου</span> <span class='ocrx_word' id='word_1_155' title='bbox 734 1426 835 1493; x_wconf 83' lang='grc' dir='ltr'>τῆς</span> <span class='ocrx_word' id='word_1_156' title='bbox 872 1424 1115 1495; x_wconf 77' lang='grc' dir='ltr'><strong>μεγάλης</strong></span> <span class='ocrx_word' id='word_1_157' title='bbox 1165 1424 1384 1497; x_wconf 83' lang='grc' dir='ltr'>Ῥώμης</span> <span class='ocrx_word' id='word_1_158' title='bbox 1413 1426 1641 1489; x_wconf 78' lang='grc' dir='ltr'>Λέοντος</span> <span class='ocrx_word' id='word_1_159' title='bbox 1674 1442 1689 1458; x_wconf 88' lang='grc'><strong>·</strong></span> <span class='ocrx_word' id='word_1_160' title='bbox 1720 1429 1857 1498; x_wconf 71' lang='grc' dir='ltr'>πρὸς</span> 
     </span>
    </p>
   </div>
   <div class='ocr_carea' id='block_1_25' title="bbox 1957 1424 3567 1501">
    <p class='ocr_par' dir='ltr' id='par_1_25' title="bbox 1959 1431 3567 1501">
     <span class='ocr_line' id='line_1_25' title="bbox 1959 1431 3567 1501; baseline 0.001 -16"><span class='ocrx_word' id='word_1_161' title='bbox 1959 1432 2167 1501; x_wconf 86' lang='lat' dir='ltr'><strong>quippe</strong></span> <span class='ocrx_word' id='word_1_162' title='bbox 2208 1439 2297 1486; x_wconf 90' lang='lat' dir='ltr'><strong>est</strong></span> <span class='ocrx_word' id='word_1_163' title='bbox 2348 1431 2985 1486; x_wconf 79' lang='lat' dir='ltr'><strong>excommunicationem</strong></span> <span class='ocrx_word' id='word_1_164' title='bbox 3030 1431 3245 1485; x_wconf 85' lang='lat' dir='ltr'><strong>dictare</strong></span> <span class='ocrx_word' id='word_1_165' title='bbox 3295 1432 3567 1486; x_wconf 85' lang='lat' dir='ltr'><strong>adversus</strong></span> 
     </span>
    </p>
   </div>
   <div class='ocr_carea' id='block_1_26' title="bbox 262 1516 1872 1593">
    <p class='ocr_par' dir='ltr' id='par_1_26' title="bbox 262 1516 1856 1588">
     <span class='ocr_line' id='line_1_26' title="bbox 262 1516 1856 1588; baseline 0.001 -17"><span class='ocrx_word' id='word_1_166' title='bbox 262 1518 322 1571; x_wconf 84' lang='grc' dir='ltr'>δὲ</span> <span class='ocrx_word' id='word_1_167' title='bbox 372 1517 608 1579; x_wconf 85' lang='grc' dir='ltr'>τούτοις,</span> <span class='ocrx_word' id='word_1_168' title='bbox 644 1518 741 1571; x_wconf 76' lang='grc' dir='ltr'>καὶ</span> <span class='ocrx_word' id='word_1_169' title='bbox 788 1516 1052 1569; x_wconf 77' lang='grc' dir='ltr'>λιϐέλλων</span> <span class='ocrx_word' id='word_1_170' title='bbox 1087 1516 1449 1588; x_wconf 81' lang='grc' dir='ltr'>παρανομιῶν</span> <span class='ocrx_word' id='word_1_171' title='bbox 1487 1518 1705 1588; x_wconf 69' lang='grc' dir='ltr'>μεστυὶυ</span> <span class='ocrx_word' id='word_1_172' title='bbox 1736 1521 1856 1572; x_wconf 82' lang='grc' dir='ltr'>κατ’</span> 
     </span>
    </p>
   </div>
   <div class='ocr_carea' id='block_1_27' title="bbox 1958 1516 3568 1593">
    <p class='ocr_par' dir='ltr' id='par_1_27' title="bbox 1960 1521 3568 1593">
     <span class='ocr_line' id='line_1_27' title="bbox 1960 1521 3568 1593; baseline -0.001 -15"><span class='ocrx_word' id='word_1_173' title='bbox 1960 1522 2372 1578; x_wconf 79' lang='lat' dir='ltr'><strong>sanctissimum</strong></span> <span class='ocrx_word' id='word_1_174' title='bbox 2436 1536 2503 1577; x_wconf 88' lang='lat' dir='ltr'><strong>ac</strong></span> <span class='ocrx_word' id='word_1_175' title='bbox 2555 1521 3032 1592; x_wconf 77' lang='lat' dir='ltr'><strong>religiosissimum</strong></span> <span class='ocrx_word' id='word_1_176' title='bbox 3091 1537 3304 1593; x_wconf 60' lang='lat' dir='ltr'><strong>magna:</strong></span> <span class='ocrx_word' id='word_1_177' title='bbox 3380 1522 3568 1577; x_wconf 70' lang='lat' dir='ltr'><strong>Romae</strong></span> 
     </span>
    </p>
   </div>
   <div class='ocr_carea' id='block_1_28' title="bbox 263 1607 1873 1685">
    <p class='ocr_par' dir='ltr' id='par_1_28' title="bbox 263 1607 1853 1682">
     <span class='ocr_line' id='line_1_28' title="bbox 263 1607 1853 1682; baseline -0.001 -19"><span class='ocrx_word' id='word_1_178' title='bbox 263 1607 433 1663; x_wconf 76' lang='grc' dir='ltr'>αὐτοῦ</span> <span class='ocrx_word' id='word_1_179' title='bbox 466 1607 940 1678; x_wconf 76' lang='grc' dir='ltr'>προσενεχθέντων</span> <span class='ocrx_word' id='word_1_180' title='bbox 977 1610 1044 1679; x_wconf 79' lang='grc' dir='ltr'>τῇ</span> <span class='ocrx_word' id='word_1_181' title='bbox 1069 1608 1201 1679; x_wconf 81' lang='grc' dir='ltr'>ἁγίᾳ</span> <span class='ocrx_word' id='word_1_182' title='bbox 1234 1611 1327 1662; x_wconf 58' lang='grc' dir='ltr'><strong>καὶ⁵</strong></span> <span class='ocrx_word' id='word_1_183' title='bbox 1377 1609 1594 1681; x_wconf 78' lang='grc' dir='ltr'><strong>μεγάλῃ</strong></span> <span class='ocrx_word' id='word_1_184' title='bbox 1628 1611 1853 1682; x_wconf 82' lang='grc' dir='ltr'>συνόδῳ,</span> 
     </span>
    </p>
   </div>
   <div class='ocr_carea' id='block_1_29' title="bbox 1956 1607 3566 1685">
    <p class='ocr_par' dir='ltr' id='par_1_29' title="bbox 1959 1614 3566 1685">
     <span class='ocr_line' id='line_1_29' title="bbox 1959 1614 3566 1685; baseline 0.001 -17"><span class='ocrx_word' id='word_1_185' title='bbox 1959 1615 2445 1685; x_wconf 85' lang='lat' dir='ltr'><strong>archiepiscopum</strong></span> <span class='ocrx_word' id='word_1_186' title='bbox 2516 1614 2801 1669; x_wconf 87' lang='lat' dir='ltr'><strong>Leonem:</strong></span> <span class='ocrx_word' id='word_1_187' title='bbox 2866 1622 3137 1684; x_wconf 63' lang='lat' dir='ltr'><strong>prseterea</strong></span> <span class='ocrx_word' id='word_1_188' title='bbox 3199 1630 3329 1669; x_wconf 92' lang='lat' dir='ltr'><strong>cum</strong></span> <span class='ocrx_word' id='word_1_189' title='bbox 3393 1615 3566 1670; x_wconf 83' lang='lat' dir='ltr'><strong>libelli</strong></span> 
     </span>
    </p>
   </div>
   <div class='ocr_carea' id='block_1_30' title="bbox 263 1697 1873 1775">
    <p class='ocr_par' dir='ltr' id='par_1_30' title="bbox 263 1697 1857 1771">
     <span class='ocr_line' id='line_1_30' title="bbox 263 1697 1857 1771; baseline 0.002 -18"><span class='ocrx_word' id='word_1_190' title='bbox 263 1699 361 1753; x_wconf 59' lang='grc' dir='ltr'><strong>καὶ⁵</strong></span> <span class='ocrx_word' id='word_1_191' title='bbox 388 1697 564 1763; x_wconf 74' lang='grc' dir='ltr'>ἅπαξ,</span> <span class='ocrx_word' id='word_1_192' title='bbox 598 1699 694 1753; x_wconf 77' lang='grc' dir='ltr'>καὶ</span> <span class='ocrx_word' id='word_1_193' title='bbox 718 1698 822 1764; x_wconf 78' lang='grc' dir='ltr'>δὶς,</span> <span class='ocrx_word' id='word_1_194' title='bbox 849 1698 945 1753; x_wconf 81' lang='grc' dir='ltr'>καὶ</span> <span class='ocrx_word' id='word_1_195' title='bbox 970 1700 1091 1771; x_wconf 72' lang='grc' dir='ltr'>τρὶς</span> <span class='ocrx_word' id='word_1_196' title='bbox 1120 1699 1208 1753; x_wconf 81' lang='grc' dir='ltr'><strong>διά</strong></span> <span class='ocrx_word' id='word_1_197' title='bbox 1240 1699 1503 1768; x_wconf 81' lang='grc' dir='ltr'>θεοφιλῶν</span> <span class='ocrx_word' id='word_1_198' title='bbox 1535 1702 1857 1755; x_wconf 76' lang='grc' dir='ltr'>ἐπισκόπων</span> 
     </span>
    </p>
   </div>
   <div class='ocr_carea' id='block_1_31' title="bbox 1956 1697 3566 1775">
    <p class='ocr_par' dir='ltr' id='par_1_31' title="bbox 1960 1703 3566 1775">
     <span class='ocr_line' id='line_1_31' title="bbox 1960 1703 3566 1775; baseline 0.001 -16"><span class='ocrx_word' id='word_1_199' title='bbox 1960 1705 2109 1774; x_wconf 84' lang='lat' dir='ltr'><strong>pleni</strong></span> <span class='ocrx_word' id='word_1_200' title='bbox 2153 1705 2450 1759; x_wconf 89' lang='lat' dir='ltr'><strong>criminum</strong></span> <span class='ocrx_word' id='word_1_201' title='bbox 2499 1719 2565 1759; x_wconf 89' lang='lat' dir='ltr'><strong>ac</strong></span> <span class='ocrx_word' id='word_1_202' title='bbox 2612 1703 2953 1775; x_wconf 83' lang='lat' dir='ltr'><strong>ﬂagitiorum</strong></span> <span class='ocrx_word' id='word_1_203' title='bbox 3003 1715 3197 1760; x_wconf 89' lang='lat' dir='ltr'><strong>sancto</strong></span> <span class='ocrx_word' id='word_1_204' title='bbox 3252 1714 3309 1759; x_wconf 90' lang='lat' dir='ltr'><strong>et</strong></span> <span class='ocrx_word' id='word_1_205' title='bbox 3366 1722 3566 1775; x_wconf 76' lang='lat' dir='ltr'><strong>magno</strong></span> 
     </span>
    </p>
   </div>
   <div class='ocr_carea' id='block_1_32' title="bbox 262 1772 1872 1864">
    <p class='ocr_par' dir='ltr' id='par_1_32' title="bbox 262 1789 1855 1861">
     <span class='ocr_line' id='line_1_32' title="bbox 262 1789 1855 1861; baseline 0.001 -18"><span class='ocrx_word' id='word_1_206' title='bbox 262 1790 568 1854; x_wconf 88' lang='grc' dir='ltr'>κανονικῶς</span> <span class='ocrx_word' id='word_1_207' title='bbox 632 1789 855 1860; x_wconf 70' lang='grc' dir='ltr'>κληθεὶς</span> <span class='ocrx_word' id='word_1_208' title='bbox 895 1790 995 1861; x_wconf 79' lang='grc' dir='ltr'>οὐχ</span> <span class='ocrx_word' id='word_1_209' title='bbox 1053 1791 1386 1860; x_wconf 80' lang='grc' dir='ltr'>ὑπήκουσεν,</span> <span class='ocrx_word' id='word_1_210' title='bbox 1420 1791 1527 1845; x_wconf 82' lang='grc' dir='ltr'><strong>ὑπὸ</strong></span> <span class='ocrx_word' id='word_1_211' title='bbox 1582 1792 1678 1845; x_wconf 81' lang='grc' dir='ltr'><strong>τοῦ</strong></span> <span class='ocrx_word' id='word_1_212' title='bbox 1722 1792 1855 1847; x_wconf 91' lang='grc' dir='ltr'>ίδίου</span> 
     </span>
    </p>
   </div>
   <div class='ocr_carea' id='block_1_33' title="bbox 1954 1772 3564 1864">
    <p class='ocr_par' dir='ltr' id='par_1_33' title="bbox 1959 1795 3564 1864">
     <span class='ocr_line' id='line_1_33' title="bbox 1959 1795 3564 1864; baseline 0.001 -14"><span class='ocrx_word' id='word_1_213' title='bbox 1959 1796 2198 1850; x_wconf 89' lang='lat' dir='ltr'><strong>concilio</strong></span> <span class='ocrx_word' id='word_1_214' title='bbox 2219 1806 2415 1851; x_wconf 87' lang='lat' dir='ltr'><strong>contra</strong></span> <span class='ocrx_word' id='word_1_215' title='bbox 2439 1796 2596 1851; x_wconf 89' lang='lat' dir='ltr'><strong>illum</strong></span> <span class='ocrx_word' id='word_1_216' title='bbox 2638 1795 2813 1850; x_wconf 90' lang='lat' dir='ltr'><strong>oblati</strong></span> <span class='ocrx_word' id='word_1_217' title='bbox 2866 1806 3077 1864; x_wconf 85' lang='lat' dir='ltr'><strong>essent,</strong></span> <span class='ocrx_word' id='word_1_218' title='bbox 3105 1797 3299 1862; x_wconf 88' lang='lat' dir='ltr'><strong>semel,</strong></span> <span class='ocrx_word' id='word_1_219' title='bbox 3337 1798 3564 1862; x_wconf 88' lang='lat' dir='ltr'><strong>iterum,</strong></span> 
     </span>
    </p>
   </div>
   <div class='ocr_carea' id='block_1_34' title="bbox 262 1881 1872 1956">
    <p class='ocr_par' dir='ltr' id='par_1_34' title="bbox 262 1881 1857 1955">
     <span class='ocr_line' id='line_1_34' title="bbox 262 1881 1857 1955; baseline 0.003 -21"><span class='ocrx_word' id='word_1_220' title='bbox 262 1882 572 1946; x_wconf 80' lang='grc' dir='ltr'>συνειδότος</span> <span class='ocrx_word' id='word_1_221' title='bbox 622 1881 868 1952; x_wconf 85' lang='grc' dir='ltr'>δηλονότι</span> <span class='ocrx_word' id='word_1_222' title='bbox 921 1882 1305 1953; x_wconf 81' lang='grc' dir='ltr'><strong>κεντούμενος,</strong></span> <span class='ocrx_word' id='word_1_223' title='bbox 1363 1884 1460 1937; x_wconf 79' lang='grc' dir='ltr'>καὶ</span> <span class='ocrx_word' id='word_1_224' title='bbox 1517 1888 1644 1947; x_wconf 81' lang='grc' dir='ltr'>τοὺς</span> <span class='ocrx_word' id='word_1_225' title='bbox 1705 1885 1857 1955; x_wconf 84' lang='grc' dir='ltr'><strong>παρά</strong></span> 
     </span>
    </p>
   </div>
   <div class='ocr_carea' id='block_1_35' title="bbox 1954 1881 3564 1956">
    <p class='ocr_par' dir='ltr' id='par_1_35' title="bbox 1960 1884 3564 1956">
     <span class='ocr_line' id='line_1_35' title="bbox 1960 1884 3564 1956; baseline 0.001 -18"><span class='ocrx_word' id='word_1_226' title='bbox 1960 1900 2024 1938; x_wconf 87' lang='lat' dir='ltr'><strong>ac</strong></span> <span class='ocrx_word' id='word_1_227' title='bbox 2048 1894 2215 1941; x_wconf 81' lang='lat' dir='ltr'><strong>tertio</strong></span> <span class='ocrx_word' id='word_1_228' title='bbox 2241 1895 2473 1941; x_wconf 87' lang='lat' dir='ltr'><strong>vocatus</strong></span> <span class='ocrx_word' id='word_1_229' title='bbox 2496 1887 2652 1956; x_wconf 82' lang='lat' dir='ltr'><strong>juxta</strong></span> <span class='ocrx_word' id='word_1_230' title='bbox 2672 1899 2951 1949; x_wconf 79' lang='lat' dir='ltr'><strong>canonum</strong></span> <span class='ocrx_word' id='word_1_231' title='bbox 2978 1885 3303 1955; x_wconf 64' lang='lat' dir='ltr'><strong>praescripta</strong></span> <span class='ocrx_word' id='word_1_232' title='bbox 3344 1900 3443 1953; x_wconf 90' lang='lat' dir='ltr'><strong>per</strong></span> <span class='ocrx_word' id='word_1_233' title='bbox 3469 1884 3564 1939; x_wconf 88' lang='lat' dir='ltr'><strong>Dei</strong></span> 
     </span>
    </p>
   </div>
   <div class='ocr_carea' id='block_1_36' title="bbox 260 1972 1870 2047">
    <p class='ocr_par' dir='ltr' id='par_1_36' title="bbox 260 1972 1859 2047">
     <span class='ocr_line' id='line_1_36' title="bbox 260 1972 1859 2047; baseline 0.003 -21"><span class='ocrx_word' id='word_1_234' title='bbox 260 1974 503 2027; x_wconf 81' lang='grc' dir='ltr'>συνόδων</span> <span class='ocrx_word' id='word_1_235' title='bbox 527 1972 803 2043; x_wconf 75' lang='grc' dir='ltr'>διαφόρων</span> <span class='ocrx_word' id='word_1_236' title='bbox 858 1972 1141 2044; x_wconf 77' lang='grc' dir='ltr'>ὲνθέσμως</span> <span class='ocrx_word' id='word_1_237' title='bbox 1198 1975 1648 2047; x_wconf 85' lang='grc' dir='ltr'>καθαιρεθέντας,</span> <span class='ocrx_word' id='word_1_238' title='bbox 1679 1994 1859 2046; x_wconf 85' lang='grc' dir='ltr'>παρα-</span> 
     </span>
    </p>
   </div>
   <div class='ocr_carea' id='block_1_37' title="bbox 1958 1972 3568 2047">
    <p class='ocr_par' dir='ltr' id='par_1_37' title="bbox 1960 1972 3568 2045">
     <span class='ocr_line' id='line_1_37' title="bbox 1960 1972 3568 2045; baseline -0.001 -16"><span class='ocrx_word' id='word_1_239' title='bbox 1960 1974 2370 2030; x_wconf 87' lang='lat' dir='ltr'><strong>amantissimos</strong></span> <span class='ocrx_word' id='word_1_240' title='bbox 2392 1974 2710 2045; x_wconf 87' lang='lat' dir='ltr'><strong>episcopos,</strong></span> <span class='ocrx_word' id='word_1_241' title='bbox 2737 1972 2968 2027; x_wconf 90' lang='lat' dir='ltr'><strong>minime</strong></span> <span class='ocrx_word' id='word_1_242' title='bbox 2988 1973 3415 2043; x_wconf 87' lang='lat' dir='ltr'><strong>obtemperavit,</strong></span> <span class='ocrx_word' id='word_1_243' title='bbox 3438 1989 3568 2045; x_wconf 89' lang='lat' dir='ltr'><strong>pro—</strong></span> 
     </span>
    </p>
   </div>
   <div class='ocr_carea' id='block_1_38' title="bbox 256 2058 1866 2137">
    <p class='ocr_par' dir='ltr' id='par_1_38' title="bbox 256 2062 1859 2137">
     <span class='ocr_line' id='line_1_38' title="bbox 256 2062 1859 2137; baseline 0.002 -21"><span class='ocrx_word' id='word_1_244' title='bbox 256 2064 451 2132; x_wconf 85' lang='grc' dir='ltr'>νόμως</span> <span class='ocrx_word' id='word_1_245' title='bbox 478 2062 697 2126; x_wconf 71' lang='grc' dir='ltr'>ἐδέξατο</span> <span class='ocrx_word' id='word_1_246' title='bbox 721 2105 736 2129; x_wconf 89' lang='grc'><strong>,</strong></span> <span class='ocrx_word' id='word_1_247' title='bbox 768 2063 933 2127; x_wconf 78' lang='grc' dir='ltr'>αὐτὸς</span> <span class='ocrx_word' id='word_1_248' title='bbox 995 2064 1118 2117; x_wconf 84' lang='grc' dir='ltr'>καθ’</span> <span class='ocrx_word' id='word_1_249' title='bbox 1156 2066 1352 2120; x_wconf 83' lang='grc' dir='ltr'>ἑαυτοῦ</span> <span class='ocrx_word' id='word_1_250' title='bbox 1410 2067 1510 2137; x_wconf 80' lang='grc' dir='ltr'>τὴν</span> <span class='ocrx_word' id='word_1_251' title='bbox 1550 2067 1730 2137; x_wconf 65' lang='grc' dir='ltr'>ψῆφον</span> <span class='ocrx_word' id='word_1_252' title='bbox 1771 2066 1859 2131; x_wconf 80' lang='grc' dir='ltr'><strong>ἑξ-</strong></span> 
     </span>
    </p>
   </div>
   <div class='ocr_carea' id='block_1_39' title="bbox 1957 2058 3567 2137">
    <p class='ocr_par' dir='ltr' id='par_1_39' title="bbox 1959 2058 3567 2132">
     <span class='ocr_line' id='line_1_39' title="bbox 1959 2058 3567 2132; baseline 0.001 -16"><span class='ocrx_word' id='word_1_253' title='bbox 1959 2063 2082 2132; x_wconf 90' lang='lat' dir='ltr'><strong>pria</strong></span> <span class='ocrx_word' id='word_1_254' title='bbox 2130 2061 2393 2116; x_wconf 87' lang='lat' dir='ltr'><strong>videlicet</strong></span> <span class='ocrx_word' id='word_1_255' title='bbox 2437 2060 2785 2115; x_wconf 87' lang='lat' dir='ltr'><strong>conscientia</strong></span> <span class='ocrx_word' id='word_1_256' title='bbox 2835 2060 3020 2129; x_wconf 90' lang='lat' dir='ltr'><strong>ipsum</strong></span> <span class='ocrx_word' id='word_1_257' title='bbox 3070 2060 3413 2118; x_wconf 87' lang='lat' dir='ltr'><strong>lancinante.</strong></span> <span class='ocrx_word' id='word_1_258' title='bbox 3457 2058 3567 2118; x_wconf 86' lang='lat' dir='ltr'><strong>Eos</strong></span> 
     </span>
    </p>
   </div>
   <div class='ocr_carea' id='block_1_40' title="bbox 258 2150 1868 2226">
    <p class='ocr_par' dir='ltr' id='par_1_40' title="bbox 258 2152 1856 2226">
     <span class='ocr_line' id='line_1_40' title="bbox 258 2152 1856 2226; baseline 0.004 -23"><span class='ocrx_word' id='word_1_259' title='bbox 258 2155 486 2223; x_wconf 80' lang='grc' dir='ltr'>ήνεγκε,</span> <span class='ocrx_word' id='word_1_260' title='bbox 510 2152 784 2224; x_wconf 55' lang='grc' dir='ltr'>διαᾳὸρως</span> <span class='ocrx_word' id='word_1_261' title='bbox 812 2156 937 2217; x_wconf 77' lang='grc' dir='ltr'>τοὺς</span> <span class='ocrx_word' id='word_1_262' title='bbox 966 2156 1459 2224; x_wconf 72' lang='grc' dir='ltr'>ἐκκλησιαστικοὺς</span> <span class='ocrx_word' id='word_1_263' title='bbox 1488 2158 1741 2226; x_wconf 82' lang='grc' dir='ltr'>πατήσας</span> <span class='ocrx_word' id='word_1_264' title='bbox 1766 2156 1856 2209; x_wconf 87' lang='grc' dir='ltr'>θε-</span> 
     </span>
    </p>
   </div>
   <div class='ocr_carea' id='block_1_41' title="bbox 1957 2150 3567 2226">
    <p class='ocr_par' dir='ltr' id='par_1_41' title="bbox 1959 2150 3567 2222">
     <span class='ocr_line' id='line_1_41' title="bbox 1959 2150 3567 2222; baseline 0.002 -16"><span class='ocrx_word' id='word_1_265' title='bbox 1959 2153 2200 2221; x_wconf 85' lang='lat' dir='ltr'><strong>denique</strong></span> <span class='ocrx_word' id='word_1_266' title='bbox 2220 2152 2317 2222; x_wconf 86' lang='lat' dir='ltr'><strong>qui</strong></span> <span class='ocrx_word' id='word_1_267' title='bbox 2367 2168 2399 2206; x_wconf 87' lang='lat' dir='ltr'><strong>a</strong></span> <span class='ocrx_word' id='word_1_268' title='bbox 2425 2151 2664 2206; x_wconf 85' lang='lat' dir='ltr'><strong>diversis</strong></span> <span class='ocrx_word' id='word_1_269' title='bbox 2708 2150 2937 2222; x_wconf 89' lang='lat' dir='ltr'><strong>synodis</strong></span> <span class='ocrx_word' id='word_1_270' title='bbox 2960 2150 3110 2222; x_wconf 86' lang='lat' dir='ltr'><strong>juste</strong></span> <span class='ocrx_word' id='word_1_271' title='bbox 3154 2151 3394 2222; x_wconf 89' lang='lat' dir='ltr'><strong>depositi</strong></span> <span class='ocrx_word' id='word_1_272' title='bbox 3444 2153 3567 2209; x_wconf 78' lang='lat' dir='ltr'><strong>fue-</strong></span> 
     </span>
    </p>
   </div>
   <div class='ocr_carea' id='block_1_42' title="bbox 260 2238 1870 2319">
    <p class='ocr_par' dir='ltr' id='par_1_42' title="bbox 260 2242 1858 2319">
     <span class='ocr_line' id='line_1_42' title="bbox 260 2242 1858 2319; baseline 0.004 -24"><span class='ocrx_word' id='word_1_273' title='bbox 260 2242 467 2311; x_wconf 87' lang='grc' dir='ltr'>σμούς.</span> <span class='ocrx_word' id='word_1_274' title='bbox 506 2243 671 2295; x_wconf 85' lang='grc' dir='ltr'>Ὀθεν</span> <span class='ocrx_word' id='word_1_275' title='bbox 697 2245 1054 2311; x_wconf 83' lang='grc' dir='ltr'>ὁάγιωτατος</span> <span class='ocrx_word' id='word_1_276' title='bbox 1096 2246 1187 2297; x_wconf 77' lang='grc' dir='ltr'>καὶ</span> <span class='ocrx_word' id='word_1_277' title='bbox 1224 2246 1648 2316; x_wconf 83' lang='grc' dir='ltr'>μακαριώτατος</span> <span class='ocrx_word' id='word_1_278' title='bbox 1700 2250 1858 2319; x_wconf 84' lang='grc' dir='ltr'>ἀρχι-</span> 
     </span>
    </p>
   </div>
   <div class='ocr_carea' id='block_1_43' title="bbox 1955 2238 3565 2319">
    <p class='ocr_par' dir='ltr' id='par_1_43' title="bbox 1960 2238 3565 2314">
     <span class='ocr_line' id='line_1_43' title="bbox 1960 2238 3565 2314; baseline 0.002 -17"><span class='ocrx_word' id='word_1_279' title='bbox 1960 2252 2107 2308; x_wconf 89' lang='lat' dir='ltr'><strong>rant,</strong></span> <span class='ocrx_word' id='word_1_280' title='bbox 2152 2243 2439 2314; x_wconf 77' lang='lat' dir='ltr'><strong>illegitime</strong></span> <span class='ocrx_word' id='word_1_281' title='bbox 2462 2243 2517 2297; x_wconf 93' lang='lat' dir='ltr'><strong>in</strong></span> <span class='ocrx_word' id='word_1_282' title='bbox 2551 2243 3005 2298; x_wconf 89' lang='lat' dir='ltr'><strong>communionem</strong></span> <span class='ocrx_word' id='word_1_283' title='bbox 3052 2244 3328 2313; x_wconf 84' lang='lat' dir='ltr'><strong>suscepit:</strong></span> <span class='ocrx_word' id='word_1_284' title='bbox 3372 2238 3565 2300; x_wconf 59' lang='lat' dir='ltr'><strong>contra</strong></span> 
     </span>
    </p>
   </div>
   <div class='ocr_carea' id='block_1_44' title="bbox 259 2331 1869 2409">
    <p class='ocr_par' dir='ltr' id='par_1_44' title="bbox 259 2331 1857 2409">
     <span class='ocr_line' id='line_1_44' title="bbox 259 2331 1857 2409; baseline -0.008 -11"><span class='ocrx_word' id='word_1_285' title='bbox 259 2331 565 2395; x_wconf 74' lang='grc' dir='ltr'>ιπίσκοπος</span> <span class='ocrx_word' id='word_1_286' title='bbox 605 2331 706 2400; x_wconf 80' lang='grc' dir='ltr'>τῆς</span> <span class='ocrx_word' id='word_1_287' title='bbox 758 2332 1000 2402; x_wconf 81' lang='grc' dir='ltr'>μεγάλης</span> <span class='ocrx_word' id='word_1_288' title='bbox 1055 2335 1153 2387; x_wconf 59' lang='grc' dir='ltr'><strong>κζὶ</strong></span> <span class='ocrx_word' id='word_1_289' title='bbox 1213 2336 1593 2407; x_wconf 78' lang='grc' dir='ltr'>πρεσδυτέρας</span> <span class='ocrx_word' id='word_1_290' title='bbox 1636 2336 1857 2409; x_wconf 73' lang='grc' dir='ltr'>Ῥώμης</span> 
     </span>
    </p>
   </div>
   <div class='ocr_carea' id='block_1_45' title="bbox 1956 2331 3566 2409">
    <p class='ocr_par' dir='ltr' id='par_1_45' title="bbox 1959 2334 3566 2407">
     <span class='ocr_line' id='line_1_45' title="bbox 1959 2334 3566 2407; baseline 0.001 -19"><span class='ocrx_word' id='word_1_291' title='bbox 1959 2334 2319 2404; x_wconf 86' lang='lat' dir='ltr'><strong>semetipsum</strong></span> <span class='ocrx_word' id='word_1_292' title='bbox 2341 2335 2677 2389; x_wconf 88' lang='lat' dir='ltr'><strong>sententiam</strong></span> <span class='ocrx_word' id='word_1_293' title='bbox 2710 2334 2965 2404; x_wconf 89' lang='lat' dir='ltr'><strong>protulit,</strong></span> <span class='ocrx_word' id='word_1_294' title='bbox 3004 2334 3404 2390; x_wconf 86' lang='lat' dir='ltr'><strong>ecclesiasticis</strong></span> <span class='ocrx_word' id='word_1_295' title='bbox 3436 2335 3566 2407; x_wconf 78' lang='lat' dir='ltr'><strong>legi-</strong></span> 
     </span>
    </p>
   </div>
   <div class='ocr_carea' id='block_1_46' title="bbox 259 2421 1869 2499">
    <p class='ocr_par' dir='ltr' id='par_1_46' title="bbox 259 2421 1854 2499">
     <span class='ocr_line' id='line_1_46' title="bbox 259 2421 1854 2499; baseline 0.005 -23"><span class='ocrx_word' id='word_1_296' title='bbox 259 2423 422 2476; x_wconf 77' lang='grc' dir='ltr'>Λέων</span> <span class='ocrx_word' id='word_1_297' title='bbox 448 2421 518 2475; x_wconf 80' lang='grc' dir='ltr'><strong>δι’</strong></span> <span class='ocrx_word' id='word_1_298' title='bbox 559 2423 719 2492; x_wconf 81' lang='grc' dir='ltr'>ήμῶν</span> <span class='ocrx_word' id='word_1_299' title='bbox 739 2424 836 2476; x_wconf 83' lang='grc' dir='ltr'>καὶ</span> <span class='ocrx_word' id='word_1_300' title='bbox 864 2425 961 2494; x_wconf 83' lang='grc' dir='ltr'>τῆς</span> <span class='ocrx_word' id='word_1_301' title='bbox 996 2425 1282 2496; x_wconf 84' lang='grc' dir='ltr'>παρούσης</span> <span class='ocrx_word' id='word_1_302' title='bbox 1312 2428 1551 2495; x_wconf 84' lang='grc' dir='ltr'>συνόδου,</span> <span class='ocrx_word' id='word_1_303' title='bbox 1584 2430 1723 2499; x_wconf 85' lang='grc' dir='ltr'><strong>μετά</strong></span> <span class='ocrx_word' id='word_1_304' title='bbox 1758 2430 1854 2484; x_wconf 78' lang='grc' dir='ltr'>τοῦ</span> 
     </span>
    </p>
   </div>
   <div class='ocr_carea' id='block_1_47' title="bbox 1956 2421 3566 2499">
    <p class='ocr_par' dir='ltr' id='par_1_47' title="bbox 1958 2424 3566 2497">
     <span class='ocr_line' id='line_1_47' title="bbox 1958 2424 3566 2497; baseline 0.001 -16"><span class='ocrx_word' id='word_1_305' title='bbox 1958 2426 2065 2481; x_wconf 89' lang='lat' dir='ltr'><strong>bus</strong></span> <span class='ocrx_word' id='word_1_306' title='bbox 2118 2426 2321 2497; x_wconf 86' lang='lat' dir='ltr'><strong>saepius</strong></span> <span class='ocrx_word' id='word_1_307' title='bbox 2375 2426 2739 2497; x_wconf 88' lang='lat' dir='ltr'><strong>proculcatis.</strong></span> <span class='ocrx_word' id='word_1_308' title='bbox 2793 2424 3006 2480; x_wconf 82' lang='lat' dir='ltr'><strong>Idcirco</strong></span> <span class='ocrx_word' id='word_1_309' title='bbox 3064 2426 3453 2482; x_wconf 88' lang='lat' dir='ltr'><strong>sanctissimus</strong></span> <span class='ocrx_word' id='word_1_310' title='bbox 3500 2442 3566 2482; x_wconf 91' lang='lat' dir='ltr'><strong>ac</strong></span> 
     </span>
    </p>
   </div>
   <div class='ocr_carea' id='block_1_48' title="bbox 156 2515 1766 2590">
    <p class='ocr_par' dir='ltr' id='par_1_48' title="bbox 156 2517 1766 2590">
     <span class='ocr_line' id='line_1_48' title="bbox 156 2517 1766 2590; baseline 0.006 -23"><span class='ocrx_word' id='word_1_311' title='bbox 156 2574 163 2580; x_wconf 92' lang='lat'>_</span> <span class='ocrx_word' id='word_1_312' title='bbox 259 2517 674 2586; x_wconf 83' lang='grc' dir='ltr'>τρισμακαρίου</span> <span class='ocrx_word' id='word_1_313' title='bbox 698 2518 792 2569; x_wconf 76' lang='grc' dir='ltr'>καὶ</span> <span class='ocrx_word' id='word_1_314' title='bbox 820 2520 1184 2588; x_wconf 73' lang='grc' dir='ltr'>πανευφήμου</span> <span class='ocrx_word' id='word_1_315' title='bbox 1214 2520 1422 2590; x_wconf 79' lang='grc' dir='ltr'>Πέτρου</span> <span class='ocrx_word' id='word_1_316' title='bbox 1464 2520 1559 2575; x_wconf 75' lang='grc' dir='ltr'>τοῦ</span> <span class='ocrx_word' id='word_1_317' title='bbox 1613 2522 1766 2576; x_wconf 74' lang='grc' dir='ltr'>ἀποσ</span> 
     </span>
    </p>
   </div>
   <div class='ocr_carea' id='block_1_49' title="bbox 1957 2515 3567 2590">
    <p class='ocr_par' dir='ltr' id='par_1_49' title="bbox 1958 2515 3567 2589">
     <span class='ocr_line' id='line_1_49' title="bbox 1958 2515 3567 2589; baseline 0.001 -17"><span class='ocrx_word' id='word_1_318' title='bbox 1958 2516 2317 2572; x_wconf 81' lang='lat' dir='ltr'><strong>beatissimus</strong></span> <span class='ocrx_word' id='word_1_319' title='bbox 2334 2533 2544 2589; x_wconf 73' lang='lat' dir='ltr'><strong>magna:</strong></span> <span class='ocrx_word' id='word_1_320' title='bbox 2556 2526 2613 2573; x_wconf 89' lang='lat' dir='ltr'><strong>et</strong></span> <span class='ocrx_word' id='word_1_321' title='bbox 2636 2516 2872 2572; x_wconf 89' lang='lat' dir='ltr'><strong>senioris</strong></span> <span class='ocrx_word' id='word_1_322' title='bbox 2899 2515 3088 2570; x_wconf 65' lang='lat' dir='ltr'><strong>Romae</strong></span> <span class='ocrx_word' id='word_1_323' title='bbox 3110 2516 3567 2588; x_wconf 88' lang='lat' dir='ltr'><strong>archiepise0pus</strong></span> 
     </span>
    </p>
   </div>
   <div class='ocr_carea' id='block_1_50' title="bbox 259 2604 1869 2679">
    <p class='ocr_par' dir='ltr' id='par_1_50' title="bbox 259 2604 1853 2679">
     <span class='ocr_line' id='line_1_50' title="bbox 259 2604 1853 2679; baseline 0.004 -23"><span class='ocrx_word' id='word_1_324' title='bbox 259 2604 384 2667; x_wconf 86' lang='grc' dir='ltr'>λου,</span> <span class='ocrx_word' id='word_1_325' title='bbox 409 2606 468 2668; x_wconf 85' lang='grc' dir='ltr'>ὄς</span> <span class='ocrx_word' id='word_1_326' title='bbox 494 2605 646 2657; x_wconf 73' lang='grc' dir='ltr'>ἐστιν</span> <span class='ocrx_word' id='word_1_327' title='bbox 674 2606 851 2677; x_wconf 84' lang='grc' dir='ltr'>πέτρα</span> <span class='ocrx_word' id='word_1_328' title='bbox 881 2607 975 2658; x_wconf 76' lang='grc' dir='ltr'>καὶ</span> <span class='ocrx_word' id='word_1_329' title='bbox 1024 2608 1230 2676; x_wconf 80' lang='grc' dir='ltr'>κρηπὶς</span> <span class='ocrx_word' id='word_1_330' title='bbox 1251 2608 1349 2677; x_wconf 82' lang='grc' dir='ltr'>τῆς</span> <span class='ocrx_word' id='word_1_331' title='bbox 1376 2608 1673 2679; x_wconf 81' lang='grc' dir='ltr'>καθολικῆς</span> <span class='ocrx_word' id='word_1_332' title='bbox 1727 2610 1853 2663; x_wconf 85' lang='grc' dir='ltr'>Ἐκ-</span> 
     </span>
    </p>
   </div>
   <div class='ocr_carea' id='block_1_51' title="bbox 1956 2604 3566 2679">
    <p class='ocr_par' dir='ltr' id='par_1_51' title="bbox 1959 2604 3566 2679">
     <span class='ocr_line' id='line_1_51' title="bbox 1959 2604 3566 2679; baseline -0.002 -16"><span class='ocrx_word' id='word_1_333' title='bbox 1959 2610 2092 2673; x_wconf 87' lang='lat' dir='ltr'><strong>Leo,</strong></span> <span class='ocrx_word' id='word_1_334' title='bbox 2127 2624 2227 2679; x_wconf 89' lang='lat' dir='ltr'><strong>per</strong></span> <span class='ocrx_word' id='word_1_335' title='bbox 2253 2624 2376 2671; x_wconf 84' lang='lat' dir='ltr'><strong>nos.</strong></span> <span class='ocrx_word' id='word_1_336' title='bbox 2409 2617 2466 2663; x_wconf 91' lang='lat' dir='ltr'><strong>et</strong></span> <span class='ocrx_word' id='word_1_337' title='bbox 2501 2624 2601 2679; x_wconf 91' lang='lat' dir='ltr'><strong>per</strong></span> <span class='ocrx_word' id='word_1_338' title='bbox 2622 2614 2953 2677; x_wconf 65' lang='lat' dir='ltr'><strong>praesentem</strong></span> <span class='ocrx_word' id='word_1_339' title='bbox 2979 2604 3278 2676; x_wconf 85' lang='lat' dir='ltr'><strong>synodum,</strong></span> <span class='ocrx_word' id='word_1_340' title='bbox 3306 2621 3415 2660; x_wconf 88' lang='lat' dir='ltr'><strong>una</strong></span> <span class='ocrx_word' id='word_1_341' title='bbox 3437 2620 3566 2661; x_wconf 90' lang='lat' dir='ltr'><strong>cum</strong></span> 
     </span>
    </p>
   </div>
   <div class='ocr_carea' id='block_1_52' title="bbox 260 2695 1870 2772">
    <p class='ocr_par' dir='ltr' id='par_1_52' title="bbox 260 2695 1857 2772">
     <span class='ocr_line' id='line_1_52' title="bbox 260 2695 1857 2772; baseline 0.005 -25"><span class='ocrx_word' id='word_1_342' title='bbox 260 2695 521 2766; x_wconf 80' lang='grc' dir='ltr'>κλησίας,</span> <span class='ocrx_word' id='word_1_343' title='bbox 545 2697 641 2750; x_wconf 80' lang='grc' dir='ltr'>καὶ</span> <span class='ocrx_word' id='word_1_344' title='bbox 669 2697 767 2765; x_wconf 82' lang='grc' dir='ltr'>τῆς</span> <span class='ocrx_word' id='word_1_345' title='bbox 788 2696 1083 2766; x_wconf 81' lang='grc' dir='ltr'>ὀρθοδόξου</span> <span class='ocrx_word' id='word_1_346' title='bbox 1112 2698 1350 2761; x_wconf 86' lang='grc' dir='ltr'>πίστεως</span> <span class='ocrx_word' id='word_1_347' title='bbox 1381 2698 1630 2768; x_wconf 78' lang='grc' dir='ltr'>θεμέλιος</span> <span class='ocrx_word' id='word_1_348' title='bbox 1654 2702 1857 2772; x_wconf 84' lang='grc' dir='ltr'>τυγχά-</span> 
     </span>
    </p>
   </div>
   <div class='ocr_carea' id='block_1_53' title="bbox 1953 2695 3563 2772">
    <p class='ocr_par' dir='ltr' id='par_1_53' title="bbox 1959 2696 3563 2769">
     <span class='ocr_line' id='line_1_53' title="bbox 1959 2696 3563 2769; baseline -0.001 -16"><span class='ocrx_word' id='word_1_349' title='bbox 1959 2699 2287 2754; x_wconf 85' lang='lat' dir='ltr'><strong>beatissimo</strong></span> <span class='ocrx_word' id='word_1_350' title='bbox 2317 2706 2374 2753; x_wconf 88' lang='lat' dir='ltr'><strong>et</strong></span> <span class='ocrx_word' id='word_1_351' title='bbox 2395 2699 2545 2753; x_wconf 88' lang='lat' dir='ltr'><strong>omni</strong></span> <span class='ocrx_word' id='word_1_352' title='bbox 2568 2697 2731 2752; x_wconf 87' lang='lat' dir='ltr'><strong>laude</strong></span> <span class='ocrx_word' id='word_1_353' title='bbox 2754 2697 3081 2769; x_wconf 76' lang='lat' dir='ltr'><strong>dignissimo</strong></span> <span class='ocrx_word' id='word_1_354' title='bbox 3104 2696 3354 2766; x_wconf 88' lang='lat' dir='ltr'><strong>apostolo</strong></span> <span class='ocrx_word' id='word_1_355' title='bbox 3376 2696 3563 2763; x_wconf 81' lang='lat' dir='ltr'><strong>Petro,</strong></span> 
     </span>
    </p>
   </div>
   <div class='ocr_carea' id='block_1_54' title="bbox 260 2786 1870 2862">
    <p class='ocr_par' dir='ltr' id='par_1_54' title="bbox 260 2786 1855 2862">
     <span class='ocr_line' id='line_1_54' title="bbox 260 2786 1855 2862; baseline 0.006 -24"><span class='ocrx_word' id='word_1_356' title='bbox 260 2802 375 2849; x_wconf 73' lang='grc' dir='ltr'>νει,</span> <span class='ocrx_word' id='word_1_357' title='bbox 409 2786 729 2857; x_wconf 65' lang='grc' dir='ltr'>ἐγύμνωσεν</span> <span class='ocrx_word' id='word_1_358' title='bbox 758 2786 923 2840; x_wconf 76' lang='grc' dir='ltr'>αὑτὸν</span> <span class='ocrx_word' id='word_1_359' title='bbox 952 2788 1049 2841; x_wconf 79' lang='grc' dir='ltr'>τοῦ</span> <span class='ocrx_word' id='word_1_360' title='bbox 1088 2805 1148 2840; x_wconf 89' lang='grc' dir='ltr'><strong>τε</strong></span> <span class='ocrx_word' id='word_1_361' title='bbox 1202 2790 1568 2845; x_wconf 62' lang='grc' dir='ltr'>ἐπισκοπικοῦ</span> <span class='ocrx_word' id='word_1_362' title='bbox 1604 2791 1855 2862; x_wconf 80' lang='grc' dir='ltr'>ἀξιώμα-</span> 
     </span>
    </p>
   </div>
   <div class='ocr_carea' id='block_1_55' title="bbox 1956 2786 3566 2862">
    <p class='ocr_par' dir='ltr' id='par_1_55' title="bbox 1958 2788 3566 2860">
     <span class='ocr_line' id='line_1_55' title="bbox 1958 2788 3566 2860; baseline 0 -17"><span class='ocrx_word' id='word_1_363' title='bbox 1958 2790 2052 2859; x_wconf 87' lang='lat' dir='ltr'><strong>qui</strong></span> <span class='ocrx_word' id='word_1_364' title='bbox 2078 2798 2233 2860; x_wconf 89' lang='lat' dir='ltr'><strong>petra</strong></span> <span class='ocrx_word' id='word_1_365' title='bbox 2260 2797 2317 2843; x_wconf 89' lang='lat' dir='ltr'><strong>et</strong></span> <span class='ocrx_word' id='word_1_366' title='bbox 2344 2789 2493 2845; x_wconf 80' lang='lat' dir='ltr'><strong>basis</strong></span> <span class='ocrx_word' id='word_1_367' title='bbox 2522 2798 2608 2844; x_wconf 91' lang='lat' dir='ltr'><strong>est</strong></span> <span class='ocrx_word' id='word_1_368' title='bbox 2639 2789 2899 2844; x_wconf 72' lang='lat' dir='ltr'><strong>Ecclesia:</strong></span> <span class='ocrx_word' id='word_1_369' title='bbox 2929 2788 3239 2853; x_wconf 65' lang='lat' dir='ltr'><strong>catholiem,</strong></span> <span class='ocrx_word' id='word_1_370' title='bbox 3290 2797 3566 2858; x_wconf 65' lang='lat' dir='ltr'><strong>rectaeque</strong></span> 
     </span>
    </p>
   </div>
   <div class='ocr_carea' id='block_1_56' title="bbox 261 2876 1871 2953">
    <p class='ocr_par' dir='ltr' id='par_1_56' title="bbox 261 2878 1745 2953">
     <span class='ocr_line' id='line_1_56' title="bbox 261 2878 1745 2953; baseline 0.003 -20"><span class='ocrx_word' id='word_1_371' title='bbox 261 2894 384 2944; x_wconf 79' lang='grc' dir='ltr'>τος,</span> <span class='ocrx_word' id='word_1_372' title='bbox 405 2878 502 2932; x_wconf 72' lang='grc' dir='ltr'>καὶ</span> <span class='ocrx_word' id='word_1_373' title='bbox 525 2880 705 2942; x_wconf 81' lang='grc' dir='ltr'>πάσης</span> <span class='ocrx_word' id='word_1_374' title='bbox 733 2879 1019 2950; x_wconf 75' lang='grc' dir='ltr'>ἱερατικῆς</span> <span class='ocrx_word' id='word_1_375' title='bbox 1046 2879 1412 2952; x_wconf 76' lang='grc' dir='ltr'>ήλλοτρίωσεν</span> <span class='ocrx_word' id='word_1_376' title='bbox 1441 2884 1745 2953; x_wconf 70' lang='grc' dir='ltr'>ἐνεργείας.</span> 
     </span>
    </p>
   </div>
   <div class='ocr_carea' id='block_1_57' title="bbox 1952 2876 3562 2953">
    <p class='ocr_par' dir='ltr' id='par_1_57' title="bbox 1961 2876 3562 2948">
     <span class='ocr_line' id='line_1_57' title="bbox 1961 2876 3562 2948; baseline -0.003 -14"><span class='ocrx_word' id='word_1_377' title='bbox 1961 2878 2089 2934; x_wconf 81' lang='lat' dir='ltr'><strong>ﬁdei</strong></span> <span class='ocrx_word' id='word_1_378' title='bbox 2108 2878 2532 2933; x_wconf 76' lang='lat' dir='ltr'><strong>fundamentum</strong></span> <span class='ocrx_word' id='word_1_379' title='bbox 2555 2922 2570 2943; x_wconf 87' lang='lat'><strong>,</strong></span> <span class='ocrx_word' id='word_1_380' title='bbox 2598 2877 2901 2948; x_wconf 87' lang='lat' dir='ltr'><strong>episcopali</strong></span> <span class='ocrx_word' id='word_1_381' title='bbox 2931 2892 3061 2932; x_wconf 91' lang='lat' dir='ltr'><strong>eum</strong></span> <span class='ocrx_word' id='word_1_382' title='bbox 3087 2876 3357 2947; x_wconf 77' lang='lat' dir='ltr'><strong>dignitate</strong></span> <span class='ocrx_word' id='word_1_383' title='bbox 3386 2877 3562 2941; x_wconf 79' lang='lat' dir='ltr'><strong>exuit,</strong></span> 
     </span>
    </p>
   </div>
   <div class='ocr_carea' id='block_1_58' title="bbox 1959 2966 3560 3037">
    <p class='ocr_par' dir='ltr' id='par_1_58' title="bbox 1959 2966 3560 3037">
     <span class='ocr_line' id='line_1_58' title="bbox 1959 2966 3560 3037; baseline -0.002 -12"><span class='ocrx_word' id='word_1_384' title='bbox 1959 2980 2016 3025; x_wconf 87' lang='lat' dir='ltr'><strong>et</strong></span> <span class='ocrx_word' id='word_1_385' title='bbox 2046 2970 2114 3024; x_wconf 89' lang='lat' dir='ltr'><strong>ab</strong></span> <span class='ocrx_word' id='word_1_386' title='bbox 2137 2968 2287 3025; x_wconf 92' lang='lat' dir='ltr'><strong>omni</strong></span> <span class='ocrx_word' id='word_1_387' title='bbox 2317 2968 2650 3024; x_wconf 84' lang='lat' dir='ltr'><strong>sacerdotali</strong></span> <span class='ocrx_word' id='word_1_388' title='bbox 2676 2966 2859 3023; x_wconf 81' lang='lat' dir='ltr'><strong>olﬁcio</strong></span> <span class='ocrx_word' id='word_1_389' title='bbox 2887 2968 3129 3023; x_wconf 89' lang='lat' dir='ltr'><strong>alienum</strong></span> <span class='ocrx_word' id='word_1_390' title='bbox 3152 2967 3560 3037; x_wconf 86' lang='lat' dir='ltr'><strong>pronuntiavit.</strong></span> 
     </span>
    </p>
   </div>
   <div class='ocr_carea' id='block_1_59' title="bbox 342 3053 1952 3129">
    <p class='ocr_par' dir='ltr' id='par_1_59' title="bbox 342 3053 1928 3129">
     <span class='ocr_line' id='line_1_59' title="bbox 342 3053 1928 3129; baseline 0.002 -22"><span class='ocrx_word' id='word_1_391' title='bbox 342 3053 706 3125; x_wconf 81' lang='grc' dir='ltr'>Τοιγαροῡνή</span> <span class='ocrx_word' id='word_1_392' title='bbox 763 3054 895 3121; x_wconf 80' lang='grc' dir='ltr'>ἁγία</span> <span class='ocrx_word' id='word_1_393' title='bbox 951 3054 1090 3124; x_wconf 82' lang='grc' dir='ltr'>αὑτὴ</span> <span class='ocrx_word' id='word_1_394' title='bbox 1143 3054 1239 3107; x_wconf 74' lang='grc' dir='ltr'><strong>καὶ</strong></span> <span class='ocrx_word' id='word_1_395' title='bbox 1271 3055 1481 3126; x_wconf 79' lang='grc' dir='ltr'>μεγάλη</span> <span class='ocrx_word' id='word_1_396' title='bbox 1519 3056 1759 3120; x_wconf 85' lang='grc' dir='ltr'>σύνοδος,</span> <span class='ocrx_word' id='word_1_397' title='bbox 1787 3055 1857 3110; x_wconf 83' lang='grc' dir='ltr'>τὰ</span> <span class='ocrx_word' id='word_1_398' title='bbox 1887 3106 1928 3129; x_wconf 58' lang='grc' dir='ltr'>η</span> 
     </span>
    </p>
   </div>
   <div class='ocr_carea' id='block_1_60' title="bbox 1954 3053 3564 3129">
    <p class='ocr_par' dir='ltr' id='par_1_60' title="bbox 2037 3055 3564 3129">
     <span class='ocr_line' id='line_1_60' title="bbox 2037 3055 3564 3129; baseline -0.003 -17"><span class='ocrx_word' id='word_1_399' title='bbox 2037 3058 2237 3113; x_wconf 88' lang='lat' dir='ltr'><strong>Sancta</strong></span> <span class='ocrx_word' id='word_1_400' title='bbox 2292 3058 2463 3129; x_wconf 78' lang='lat' dir='ltr'><strong>igitur</strong></span> <span class='ocrx_word' id='word_1_401' title='bbox 2520 3065 2578 3112; x_wconf 90' lang='lat' dir='ltr'><strong>et</strong></span> <span class='ocrx_word' id='word_1_402' title='bbox 2629 3071 2829 3127; x_wconf 77' lang='lat' dir='ltr'><strong>magna</strong></span> <span class='ocrx_word' id='word_1_403' title='bbox 2891 3055 3011 3111; x_wconf 66' lang='lat' dir='ltr'><strong>[nec</strong></span> <span class='ocrx_word' id='word_1_404' title='bbox 3075 3055 3342 3127; x_wconf 80' lang='lat' dir='ltr'><strong>synodus,</strong></span> <span class='ocrx_word' id='word_1_405' title='bbox 3397 3070 3564 3123; x_wconf 90' lang='lat' dir='ltr'><strong>super</strong></span> 
     </span>
    </p>
   </div>
   <div class='ocr_carea' id='block_1_61' title="bbox 260 3106 1870 3219">
    <p class='ocr_par' dir='ltr' id='par_1_61' title="bbox 260 3106 1859 3217">
     <span class='ocr_line' id='line_1_61' title="bbox 260 3106 1859 3217; baseline 0.001 -17"><span class='ocrx_word' id='word_1_406' title='bbox 260 3106 643 3212; x_wconf 40' lang='grc' dir='ltr'>δόξανταιτοῖς</span> <span class='ocrx_word' id='word_1_407' title='bbox 680 3106 903 3200; x_wconf 62' lang='grc' dir='ltr'>κανόσιν</span> <span class='ocrx_word' id='word_1_408' title='bbox 934 3148 1029 3198; x_wconf 68' lang='grc' dir='ltr'><strong>ἐπὶ</strong></span> <span class='ocrx_word' id='word_1_409' title='bbox 1054 3106 1134 3215; x_wconf 56' lang='grc' dir='ltr'><strong>τῷ</strong></span> <span class='ocrx_word' id='word_1_410' title='bbox 1170 3106 1606 3217; x_wconf 39' lang='grc' dir='ltr'>μνηῖμόνευθὲντι</span> <span class='ocrx_word' id='word_1_411' title='bbox 1638 3106 1859 3201; x_wconf 71' lang='grc' dir='ltr'>Διόσκόο</span> 
     </span>
    </p>
   </div>
   <div class='ocr_carea' id='block_1_62' title="bbox 1958 3106 3568 3219">
    <p class='ocr_par' dir='ltr' id='par_1_62' title="bbox 1965 3106 3568 3219">
     <span class='ocr_line' id='line_1_62' title="bbox 2038 3106 3554 3129; baseline -0.003 -7"><span class='ocrx_word' id='word_1_412' title='bbox 2038 3106 2237 3113; x_wconf 57' lang='lat' dir='ltr'><strong>&quot;-m—</strong></span> <span class='ocrx_word' id='word_1_413' title='bbox 2294 3106 2453 3129; x_wconf 62' lang='grc' dir='ltr'><strong>-ο-ν--</strong></span> <span class='ocrx_word' id='word_1_414' title='bbox 2526 3106 2575 3112; x_wconf 79' lang='grc'><strong>--</strong></span> <span class='ocrx_word' id='word_1_415' title='bbox 2630 3106 2829 3127; x_wconf 73' lang='grc' dir='ltr'><strong><em>----υ---</em></strong></span> <span class='ocrx_word' id='word_1_416' title='bbox 2891 3106 3008 3111; x_wconf 58' lang='grc' dir='ltr'><strong>-ην</strong></span> <span class='ocrx_word' id='word_1_417' title='bbox 3075 3106 3342 3127; x_wconf 57' lang='grc' dir='ltr'><strong>-..η-η-.</strong></span> 
     </span>
     <span class='ocr_line' id='line_1_63' title="bbox 1965 3146 3568 3219; baseline 0 -16"><span class='ocrx_word' id='word_1_418' title='bbox 1965 3158 2273 3205; x_wconf 86' lang='lat' dir='ltr'><strong>memorato</strong></span> <span class='ocrx_word' id='word_1_419' title='bbox 2301 3149 2651 3219; x_wconf 84' lang='lat' dir='ltr'><strong>Dioscoroea</strong></span> <span class='ocrx_word' id='word_1_420' title='bbox 2676 3164 2801 3218; x_wconf 71' lang='lat' dir='ltr'><strong>quae</strong></span> <span class='ocrx_word' id='word_1_421' title='bbox 2829 3148 3140 3203; x_wconf 88' lang='lat' dir='ltr'><strong>canonibus</strong></span> <span class='ocrx_word' id='word_1_422' title='bbox 3187 3146 3389 3217; x_wconf 89' lang='lat' dir='ltr'><strong>placita</strong></span> <span class='ocrx_word' id='word_1_423' title='bbox 3435 3155 3568 3203; x_wconf 90' lang='lat' dir='ltr'><strong>sunt</strong></span> 
     </span>
    </p>
   </div>
   <div class='ocr_carea' id='block_1_63' title="bbox 266 3232 1876 3313">
    <p class='ocr_par' dir='ltr' id='par_1_63' title="bbox 266 3232 1859 3313">
     <span class='ocr_line' id='line_1_64' title="bbox 266 3232 1859 3313; baseline 0.002 -24"><span class='ocrx_word' id='word_1_424' title='bbox 266 3255 357 3313; x_wconf 80' lang='grc' dir='ltr'><strong>ρῳ</strong></span> <span class='ocrx_word' id='word_1_425' title='bbox 379 3237 709 3308; x_wconf 76' lang='grc' dir='ltr'>ψηφίσηται.</span> <span class='ocrx_word' id='word_1_426' title='bbox 737 3232 836 3291; x_wconf 81' lang='grc' dir='ltr'>Ὧν</span> <span class='ocrx_word' id='word_1_427' title='bbox 860 3237 926 3309; x_wconf 78' lang='grc' dir='ltr'>δὴ</span> <span class='ocrx_word' id='word_1_428' title='bbox 954 3238 1316 3306; x_wconf 79' lang='grc' dir='ltr'>κυρωθέντων</span> <span class='ocrx_word' id='word_1_429' title='bbox 1350 3239 1502 3311; x_wconf 86' lang='grc' dir='ltr'><strong>παρά</strong></span> <span class='ocrx_word' id='word_1_430' title='bbox 1526 3239 1859 3306; x_wconf 71' lang='grc' dir='ltr'>Ἀνατοὶίου,</span> 
     </span>
    </p>
   </div>
   <div class='ocr_carea' id='block_1_64' title="bbox 1957 3232 3567 3313">
    <p class='ocr_par' dir='ltr' id='par_1_64' title="bbox 1963 3237 3567 3306">
     <span class='ocr_line' id='line_1_65' title="bbox 1963 3237 3567 3306; baseline -0.004 -9"><span class='ocrx_word' id='word_1_431' title='bbox 1963 3243 2245 3297; x_wconf 89' lang='lat' dir='ltr'><strong>decernat.</strong></span> <span class='ocrx_word' id='word_1_432' title='bbox 2278 3238 2412 3306; x_wconf 66' lang='lat' dir='ltr'><strong>Quae</strong></span> <span class='ocrx_word' id='word_1_433' title='bbox 2458 3254 2587 3293; x_wconf 90' lang='lat' dir='ltr'><strong>cum</strong></span> <span class='ocrx_word' id='word_1_434' title='bbox 2632 3239 2702 3294; x_wconf 90' lang='lat' dir='ltr'><strong>ab</strong></span> <span class='ocrx_word' id='word_1_435' title='bbox 2730 3238 2989 3293; x_wconf 88' lang='lat' dir='ltr'><strong>Anatolio</strong></span> <span class='ocrx_word' id='word_1_436' title='bbox 3044 3247 3103 3294; x_wconf 92' lang='lat' dir='ltr'><strong>et</strong></span> <span class='ocrx_word' id='word_1_437' title='bbox 3138 3237 3398 3302; x_wconf 71' lang='lat' dir='ltr'><strong>Maximo,</strong></span> <span class='ocrx_word' id='word_1_438' title='bbox 3430 3246 3487 3292; x_wconf 86' lang='lat' dir='ltr'><strong>et</strong></span> <span class='ocrx_word' id='word_1_439' title='bbox 3534 3251 3567 3291; x_wconf 90' lang='lat' dir='ltr'><strong>a</strong></span> 
     </span>
    </p>
   </div>
   <div class='ocr_carea' id='block_1_65' title="bbox 263 3327 1873 3403">
    <p class='ocr_par' dir='ltr' id='par_1_65' title="bbox 263 3327 1861 3398">
     <span class='ocr_line' id='line_1_66' title="bbox 263 3327 1861 3398; baseline -0.001 -14"><span class='ocrx_word' id='word_1_440' title='bbox 263 3327 529 3398; x_wconf 77' lang='grc' dir='ltr'>Μαξίμου</span> <span class='ocrx_word' id='word_1_441' title='bbox 543 3346 602 3381; x_wconf 88' lang='grc' dir='ltr'><strong>τε</strong></span> <span class='ocrx_word' id='word_1_442' title='bbox 620 3328 693 3382; x_wconf 73' lang='grc' dir='ltr'>αὖ</span> <span class='ocrx_word' id='word_1_443' title='bbox 711 3328 925 3383; x_wconf 73' lang='grc' dir='ltr'>καὶτῶν</span> <span class='ocrx_word' id='word_1_444' title='bbox 942 3327 1146 3381; x_wconf 85' lang='grc' dir='ltr'>λοιπῶν</span> <span class='ocrx_word' id='word_1_445' title='bbox 1161 3328 1477 3382; x_wconf 73' lang='grc' dir='ltr'>ἐπισκόπων</span> <span class='ocrx_word' id='word_1_446' title='bbox 1490 3327 1619 3381; x_wconf 82' lang='grc' dir='ltr'>ἄνευ</span> <span class='ocrx_word' id='word_1_447' title='bbox 1634 3330 1861 3382; x_wconf 75' lang='grc' dir='ltr'>ἐκείνων</span> 
     </span>
    </p>
   </div>
   <div class='ocr_carea' id='block_1_66' title="bbox 1958 3327 3568 3403">
    <p class='ocr_par' dir='ltr' id='par_1_66' title="bbox 1963 3328 3568 3403">
     <span class='ocr_line' id='line_1_67' title="bbox 1963 3328 3568 3403; baseline -0.003 -16"><span class='ocrx_word' id='word_1_448' title='bbox 1963 3333 2193 3403; x_wconf 84' lang='lat' dir='ltr'><strong>reliquis</strong></span> <span class='ocrx_word' id='word_1_449' title='bbox 2240 3331 2521 3402; x_wconf 85' lang='lat' dir='ltr'><strong>episcopis</strong></span> <span class='ocrx_word' id='word_1_450' title='bbox 2571 3330 2897 3386; x_wconf 81' lang='lat' dir='ltr'><strong>conﬁrmata</strong></span> <span class='ocrx_word' id='word_1_451' title='bbox 2947 3338 3157 3395; x_wconf 89' lang='lat' dir='ltr'><strong>essent,</strong></span> <span class='ocrx_word' id='word_1_452' title='bbox 3194 3330 3443 3398; x_wconf 83' lang='lat' dir='ltr'><strong>exceptis</strong></span> <span class='ocrx_word' id='word_1_453' title='bbox 3499 3328 3568 3382; x_wconf 88' lang='lat' dir='ltr'><strong>iis</strong></span> 
     </span>
    </p>
   </div>
   <div class='ocr_carea' id='block_1_67' title="bbox 260 3419 1870 3497">
    <p class='ocr_par' dir='ltr' id='par_1_67' title="bbox 260 3420 1862 3493">
     <span class='ocr_line' id='line_1_68' title="bbox 260 3420 1862 3493; baseline 0.001 -19"><span class='ocrx_word' id='word_1_454' title='bbox 260 3421 380 3474; x_wconf 82' lang='grc' dir='ltr'><strong>τῶν</strong></span> <span class='ocrx_word' id='word_1_455' title='bbox 401 3420 515 3491; x_wconf 74' lang='grc' dir='ltr'>ἅμα</span> <span class='ocrx_word' id='word_1_456' title='bbox 547 3420 825 3492; x_wconf 76' lang='grc' dir='ltr'>Διοσκόρῳ</span> <span class='ocrx_word' id='word_1_457' title='bbox 854 3420 1008 3491; x_wconf 74' lang='grc' dir='ltr'>παρὰ</span> <span class='ocrx_word' id='word_1_458' title='bbox 1030 3421 1129 3492; x_wconf 78' lang='grc' dir='ltr'>τῆς</span> <span class='ocrx_word' id='word_1_459' title='bbox 1165 3420 1471 3492; x_wconf 74' lang='grc' dir='ltr'>συγκλήτου</span> <span class='ocrx_word' id='word_1_460' title='bbox 1508 3420 1862 3493; x_wconf 84' lang='grc' dir='ltr'>καθαιρεθέν-</span> 
     </span>
    </p>
   </div>
   <div class='ocr_carea' id='block_1_68' title="bbox 1954 3419 3564 3497">
    <p class='ocr_par' dir='ltr' id='par_1_68' title="bbox 1963 3419 3564 3497">
     <span class='ocr_line' id='line_1_69' title="bbox 1963 3419 3564 3497; baseline -0.005 -18"><span class='ocrx_word' id='word_1_461' title='bbox 1963 3425 2057 3497; x_wconf 90' lang='lat' dir='ltr'><strong>qui</strong></span> <span class='ocrx_word' id='word_1_462' title='bbox 2101 3440 2212 3479; x_wconf 90' lang='lat' dir='ltr'><strong>una</strong></span> <span class='ocrx_word' id='word_1_463' title='bbox 2241 3438 2368 3479; x_wconf 91' lang='lat' dir='ltr'><strong>cum</strong></span> <span class='ocrx_word' id='word_1_464' title='bbox 2418 3424 2687 3479; x_wconf 87' lang='lat' dir='ltr'><strong>Dioscoro</strong></span> <span class='ocrx_word' id='word_1_465' title='bbox 2712 3438 2743 3477; x_wconf 90' lang='lat' dir='ltr'><strong>a</strong></span> <span class='ocrx_word' id='word_1_466' title='bbox 2801 3433 3000 3478; x_wconf 87' lang='lat' dir='ltr'><strong>senatu</strong></span> <span class='ocrx_word' id='word_1_467' title='bbox 3036 3421 3259 3477; x_wconf 80' lang='lat' dir='ltr'><strong>fuerant</strong></span> <span class='ocrx_word' id='word_1_468' title='bbox 3302 3419 3564 3489; x_wconf 88' lang='lat' dir='ltr'><strong>depositi,</strong></span> 
     </span>
    </p>
   </div>
   <div class='ocr_carea' id='block_1_69' title="bbox 258 3510 1868 3587">
    <p class='ocr_par' dir='ltr' id='par_1_69' title="bbox 258 3513 1863 3587">
     <span class='ocr_line' id='line_1_70' title="bbox 258 3513 1863 3587; baseline 0 -20"><span class='ocrx_word' id='word_1_469' title='bbox 258 3531 403 3577; x_wconf 75' lang='grc' dir='ltr'>των,</span> <span class='ocrx_word' id='word_1_470' title='bbox 430 3515 677 3587; x_wconf 69' lang='grc' dir='ltr'>ἀναφορὰ</span> <span class='ocrx_word' id='word_1_471' title='bbox 702 3515 827 3584; x_wconf 71' lang='grc' dir='ltr'>περὶ</span> <span class='ocrx_word' id='word_1_472' title='bbox 856 3514 1064 3567; x_wconf 86' lang='grc' dir='ltr'>τούτων</span> <span class='ocrx_word' id='word_1_473' title='bbox 1086 3513 1225 3584; x_wconf 72' lang='grc' dir='ltr'>πρὸς</span> <span class='ocrx_word' id='word_1_474' title='bbox 1241 3515 1559 3586; x_wconf 76' lang='grc' dir='ltr'>Μαρκιανδν</span> <span class='ocrx_word' id='word_1_475' title='bbox 1587 3516 1863 3585; x_wconf 72' lang='grc' dir='ltr'>ἐγράφετο</span> 
     </span>
    </p>
   </div>
   <div class='ocr_carea' id='block_1_70' title="bbox 1955 3510 3565 3587">
    <p class='ocr_par' dir='ltr' id='par_1_70' title="bbox 1962 3510 3565 3582">
     <span class='ocr_line' id='line_1_71' title="bbox 1962 3510 3565 3582; baseline -0.005 -11"><span class='ocrx_word' id='word_1_476' title='bbox 1962 3518 2160 3572; x_wconf 81' lang='lat' dir='ltr'><strong>relatio</strong></span> <span class='ocrx_word' id='word_1_477' title='bbox 2202 3516 2273 3571; x_wconf 90' lang='lat' dir='ltr'><strong>de</strong></span> <span class='ocrx_word' id='word_1_478' title='bbox 2334 3514 2422 3570; x_wconf 86' lang='lat' dir='ltr'><strong>his</strong></span> <span class='ocrx_word' id='word_1_479' title='bbox 2472 3514 2645 3568; x_wconf 91' lang='lat' dir='ltr'><strong>rebus</strong></span> <span class='ocrx_word' id='word_1_480' title='bbox 2697 3512 2767 3568; x_wconf 92' lang='lat' dir='ltr'><strong>ad</strong></span> <span class='ocrx_word' id='word_1_481' title='bbox 2843 3511 3186 3567; x_wconf 80' lang='lat' dir='ltr'><strong>Marcianum</strong></span> <span class='ocrx_word' id='word_1_482' title='bbox 3252 3510 3565 3582; x_wconf 86' lang='lat' dir='ltr'><strong>principem</strong></span> 
     </span>
    </p>
   </div>
   <div class='ocr_carea' id='block_1_71' title="bbox 262 3598 1872 3679">
    <p class='ocr_par' dir='ltr' id='par_1_71' title="bbox 262 3605 1862 3679">
     <span class='ocr_line' id='line_1_72' title="bbox 262 3605 1862 3679; baseline 0.003 -22"><span class='ocrx_word' id='word_1_483' title='bbox 262 3607 427 3677; x_wconf 82' lang='grc' dir='ltr'>παρὰ</span> <span class='ocrx_word' id='word_1_484' title='bbox 439 3607 536 3677; x_wconf 85' lang='grc' dir='ltr'>τῆς</span> <span class='ocrx_word' id='word_1_485' title='bbox 551 3605 791 3671; x_wconf 81' lang='grc' dir='ltr'>συνόδου,</span> <span class='ocrx_word' id='word_1_486' title='bbox 807 3606 943 3676; x_wconf 83' lang='grc' dir='ltr'>καὶή</span> <span class='ocrx_word' id='word_1_487' title='bbox 965 3605 1284 3676; x_wconf 84' lang='grc' dir='ltr'>καθαίρεσις</span> <span class='ocrx_word' id='word_1_488' title='bbox 1296 3606 1862 3679; x_wconf 77' lang='grc' dir='ltr'>ἐπέμπετοΔιοσκόρῳ</span> 
     </span>
    </p>
   </div>
   <div class='ocr_carea' id='block_1_72' title="bbox 1957 3598 3567 3679">
    <p class='ocr_par' dir='ltr' id='par_1_72' title="bbox 1962 3598 3567 3677">
     <span class='ocr_line' id='line_1_73' title="bbox 1962 3598 3567 3677; baseline -0.006 -15"><span class='ocrx_word' id='word_1_489' title='bbox 1962 3607 2168 3677; x_wconf 84' lang='lat' dir='ltr'><strong>scripta</strong></span> <span class='ocrx_word' id='word_1_490' title='bbox 2198 3614 2286 3662; x_wconf 89' lang='lat' dir='ltr'><strong>est</strong></span> <span class='ocrx_word' id='word_1_491' title='bbox 2317 3622 2350 3661; x_wconf 88' lang='lat' dir='ltr'><strong>a</strong></span> <span class='ocrx_word' id='word_1_492' title='bbox 2389 3604 2650 3668; x_wconf 88' lang='lat' dir='ltr'><strong>concilio,</strong></span> <span class='ocrx_word' id='word_1_493' title='bbox 2684 3611 2742 3657; x_wconf 90' lang='lat' dir='ltr'><strong>et</strong></span> <span class='ocrx_word' id='word_1_494' title='bbox 2799 3602 3026 3657; x_wconf 86' lang='lat' dir='ltr'><strong>libellus</strong></span> <span class='ocrx_word' id='word_1_495' title='bbox 3088 3599 3457 3670; x_wconf 85' lang='lat' dir='ltr'><strong>depositionis</strong></span> <span class='ocrx_word' id='word_1_496' title='bbox 3496 3598 3567 3652; x_wconf 90' lang='lat' dir='ltr'><strong>ab</strong></span> 
     </span>
    </p>
   </div>
   <div class='ocr_carea' id='block_1_73' title="bbox 262 3690 1872 3770">
    <p class='ocr_par' dir='ltr' id='par_1_73' title="bbox 262 3692 1859 3770">
     <span class='ocr_line' id='line_1_74' title="bbox 262 3692 1859 3770; baseline 0.001 -18"><span class='ocrx_word' id='word_1_497' title='bbox 262 3701 425 3768; x_wconf 80' lang='grc' dir='ltr'><strong>παρά</strong></span> <span class='ocrx_word' id='word_1_498' title='bbox 456 3698 555 3770; x_wconf 84' lang='grc' dir='ltr'>τῆς</span> <span class='ocrx_word' id='word_1_499' title='bbox 584 3699 755 3768; x_wconf 79' lang='grc' dir='ltr'>αὐτῆς</span> <span class='ocrx_word' id='word_1_500' title='bbox 792 3698 1033 3762; x_wconf 76' lang='grc' dir='ltr'>συνόδου,</span> <span class='ocrx_word' id='word_1_501' title='bbox 1067 3696 1267 3766; x_wconf 72' lang='grc' dir='ltr'>ἔχουσα</span> <span class='ocrx_word' id='word_1_502' title='bbox 1302 3692 1434 3751; x_wconf 83' lang='grc' dir='ltr'>ὧδε·</span> <span class='ocrx_word' id='word_1_503' title='bbox 1462 3698 1703 3753; x_wconf 84' lang='grc' dir='ltr'>Γίνωσκε</span> <span class='ocrx_word' id='word_1_504' title='bbox 1730 3716 1859 3754; x_wconf 90' lang='grc' dir='ltr'>σαυ-</span> 
     </span>
    </p>
   </div>
   <div class='ocr_carea' id='block_1_74' title="bbox 1959 3690 3569 3770">
    <p class='ocr_par' dir='ltr' id='par_1_74' title="bbox 1961 3690 3569 3753">
     <span class='ocr_line' id='line_1_75' title="bbox 1961 3690 3569 3753; baseline -0.006 0"><span class='ocrx_word' id='word_1_505' title='bbox 1961 3697 2157 3753; x_wconf 89' lang='lat' dir='ltr'><strong>eodem</strong></span> <span class='ocrx_word' id='word_1_506' title='bbox 2209 3695 2447 3753; x_wconf 80' lang='lat' dir='ltr'><strong>consilio</strong></span> <span class='ocrx_word' id='word_1_507' title='bbox 2479 3695 2683 3750; x_wconf 87' lang='lat' dir='ltr'><strong>missus</strong></span> <span class='ocrx_word' id='word_1_508' title='bbox 2733 3703 2821 3748; x_wconf 88' lang='lat' dir='ltr'><strong>est</strong></span> <span class='ocrx_word' id='word_1_509' title='bbox 2866 3693 2937 3747; x_wconf 89' lang='lat' dir='ltr'><strong>ad</strong></span> <span class='ocrx_word' id='word_1_510' title='bbox 2979 3692 3308 3747; x_wconf 82' lang='lat' dir='ltr'><strong>Dioscorum</strong></span> <span class='ocrx_word' id='word_1_511' title='bbox 3356 3692 3413 3744; x_wconf 90' lang='lat' dir='ltr'><strong>in</strong></span> <span class='ocrx_word' id='word_1_512' title='bbox 3451 3690 3569 3745; x_wconf 85' lang='lat' dir='ltr'><strong>haec</strong></span> 
     </span>
    </p>
   </div>
   <div class='ocr_carea' id='block_1_75' title="bbox 261 3784 1871 3863">
    <p class='ocr_par' dir='ltr' id='par_1_75' title="bbox 261 3790 1859 3863">
     <span class='ocr_line' id='line_1_76' title="bbox 261 3790 1859 3863; baseline 0.004 -21"><span class='ocrx_word' id='word_1_513' title='bbox 261 3791 361 3842; x_wconf 74' lang='grc' dir='ltr'>’τὸν</span> <span class='ocrx_word' id='word_1_514' title='bbox 374 3790 459 3843; x_wconf 73' lang='grc' dir='ltr'><strong>διὰ</strong></span> <span class='ocrx_word' id='word_1_515' title='bbox 472 3791 571 3861; x_wconf 76' lang='grc' dir='ltr'>τὴν</span> <span class='ocrx_word' id='word_1_516' title='bbox 592 3790 733 3843; x_wconf 83' lang='grc' dir='ltr'><strong>κατά</strong></span> <span class='ocrx_word' id='word_1_517' title='bbox 756 3790 867 3844; x_wconf 88' lang='grc' dir='ltr'><strong>τῶν</strong></span> <span class='ocrx_word' id='word_1_518' title='bbox 895 3790 1055 3843; x_wconf 89' lang='grc' dir='ltr'>θείων</span> <span class='ocrx_word' id='word_1_519' title='bbox 1072 3793 1313 3846; x_wconf 89' lang='grc' dir='ltr'>κανόνων</span> <span class='ocrx_word' id='word_1_520' title='bbox 1326 3792 1628 3862; x_wconf 65' lang='grc' dir='ltr'>ὑπεροψίαν</span> <span class='ocrx_word' id='word_1_521' title='bbox 1642 3794 1743 3863; x_wconf 85' lang='lat' dir='ltr'><strong>(p),</strong></span> <span class='ocrx_word' id='word_1_522' title='bbox 1762 3794 1859 3848; x_wconf 81' lang='grc' dir='ltr'>καὶ</span> 
     </span>
    </p>
   </div>
   <div class='ocr_carea' id='block_1_76' title="bbox 1954 3784 3564 3863">
    <p class='ocr_par' dir='ltr' id='par_1_76' title="bbox 1960 3784 3564 3855">
     <span class='ocr_line' id='line_1_77' title="bbox 1960 3784 3564 3855; baseline -0.006 -14"><span class='ocrx_word' id='word_1_523' title='bbox 1960 3787 2135 3843; x_wconf 89' lang='lat' dir='ltr'><strong>verba</strong></span> <span class='ocrx_word' id='word_1_524' title='bbox 2165 3804 2179 3841; x_wconf 90' lang='lat'><strong>:</strong></span> <span class='ocrx_word' id='word_1_525' title='bbox 2215 3786 2371 3842; x_wconf 89' lang='lat' dir='ltr'><strong>Scias</strong></span> <span class='ocrx_word' id='word_1_526' title='bbox 2396 3792 2452 3841; x_wconf 90' lang='lat' dir='ltr'><strong>te</strong></span> <span class='ocrx_word' id='word_1_527' title='bbox 2486 3784 2559 3840; x_wconf 92' lang='lat' dir='ltr'><strong>ob</strong></span> <span class='ocrx_word' id='word_1_528' title='bbox 2590 3784 2913 3855; x_wconf 82' lang='lat' dir='ltr'><strong>despectum</strong></span> <span class='ocrx_word' id='word_1_529' title='bbox 2939 3797 3225 3837; x_wconf 90' lang='lat' dir='ltr'><strong>sacrorum</strong></span> <span class='ocrx_word' id='word_1_530' title='bbox 3266 3795 3564 3843; x_wconf 86' lang='lat' dir='ltr'><strong>canonum,</strong></span> 
     </span>
    </p>
   </div>
   <div class='ocr_carea' id='block_1_77' title="bbox 259 3876 1869 3953">
    <p class='ocr_par' dir='ltr' id='par_1_77' title="bbox 259 3878 1861 3953">
     <span class='ocr_line' id='line_1_78' title="bbox 259 3878 1861 3953; baseline 0 -18"><span class='ocrx_word' id='word_1_531' title='bbox 259 3882 355 3935; x_wconf 79' lang='grc' dir='ltr'><strong>διά</strong></span> <span class='ocrx_word' id='word_1_532' title='bbox 377 3879 479 3950; x_wconf 82' lang='grc' dir='ltr'>τὴν</span> <span class='ocrx_word' id='word_1_533' title='bbox 498 3879 783 3935; x_wconf 74' lang='grc' dir='ltr'>ἀπείθειαν</span> <span class='ocrx_word' id='word_1_534' title='bbox 814 3896 907 3932; x_wconf 91' lang='grc' dir='ltr'><strong>σου</strong></span> <span class='ocrx_word' id='word_1_535' title='bbox 934 3878 1035 3951; x_wconf 82' lang='grc' dir='ltr'><strong>τήν</strong></span> <span class='ocrx_word' id='word_1_536' title='bbox 1066 3882 1192 3953; x_wconf 72' lang='grc' dir='ltr'>περὶ</span> <span class='ocrx_word' id='word_1_537' title='bbox 1218 3880 1316 3951; x_wconf 80' lang='grc' dir='ltr'>τὴν</span> <span class='ocrx_word' id='word_1_538' title='bbox 1342 3881 1502 3949; x_wconf 83' lang='grc' dir='ltr'>ἁγίαν</span> <span class='ocrx_word' id='word_1_539' title='bbox 1532 3882 1735 3952; x_wconf 84' lang='grc' dir='ltr'>ταύτην</span> <span class='ocrx_word' id='word_1_540' title='bbox 1768 3884 1861 3936; x_wconf 78' lang='grc' dir='ltr'>καὶ</span> 
     </span>
    </p>
   </div>
   <div class='ocr_carea' id='block_1_78' title="bbox 1956 3876 3566 3953">
    <p class='ocr_par' dir='ltr' id='par_1_78' title="bbox 1960 3876 3566 3947">
     <span class='ocr_line' id='line_1_79' title="bbox 1960 3876 3566 3947; baseline -0.005 -13"><span class='ocrx_word' id='word_1_541' title='bbox 1960 3888 2020 3934; x_wconf 92' lang='lat' dir='ltr'><strong>et</strong></span> <span class='ocrx_word' id='word_1_542' title='bbox 2044 3880 2118 3934; x_wconf 87' lang='lat' dir='ltr'><strong>ob</strong></span> <span class='ocrx_word' id='word_1_543' title='bbox 2142 3878 2547 3935; x_wconf 85' lang='lat' dir='ltr'><strong>contumaciam</strong></span> <span class='ocrx_word' id='word_1_544' title='bbox 2569 3891 2677 3947; x_wconf 87' lang='lat' dir='ltr'><strong>qua</strong></span> <span class='ocrx_word' id='word_1_545' title='bbox 2703 3891 2837 3931; x_wconf 87' lang='lat' dir='ltr'><strong>usus</strong></span> <span class='ocrx_word' id='word_1_546' title='bbox 2860 3890 2922 3930; x_wconf 87' lang='lat' dir='ltr'><strong>es</strong></span> <span class='ocrx_word' id='word_1_547' title='bbox 2966 3890 3097 3945; x_wconf 76' lang='lat' dir='ltr'><strong>erga</strong></span> <span class='ocrx_word' id='word_1_548' title='bbox 3125 3876 3268 3928; x_wconf 87' lang='lat' dir='ltr'><strong>hanc</strong></span> <span class='ocrx_word' id='word_1_549' title='bbox 3317 3883 3566 3928; x_wconf 87' lang='lat' dir='ltr'><strong>sanctam</strong></span> 
     </span>
    </p>
   </div>
   <div class='ocr_carea' id='block_1_79' title="bbox 260 3961 1870 4045">
    <p class='ocr_par' dir='ltr' id='par_1_79' title="bbox 260 3966 1858 4045">
     <span class='ocr_line' id='line_1_80' title="bbox 260 3966 1858 4045; baseline 0 -18"><span class='ocrx_word' id='word_1_550' title='bbox 260 3974 653 4045; x_wconf 73' lang='grc' dir='ltr'>οίκουμενικήν</span> <span class='ocrx_word' id='word_1_551' title='bbox 708 3972 951 4039; x_wconf 84' lang='grc' dir='ltr'>σύνοδον,</span> <span class='ocrx_word' id='word_1_552' title='bbox 984 3973 1127 4045; x_wconf 82' lang='grc' dir='ltr'>ὑπὲρ</span> <span class='ocrx_word' id='word_1_553' title='bbox 1174 3966 1250 4026; x_wconf 83' lang='grc' dir='ltr'>ὧν</span> <span class='ocrx_word' id='word_1_554' title='bbox 1310 3973 1447 4045; x_wconf 72' lang='grc' dir='ltr'>πρὸς</span> <span class='ocrx_word' id='word_1_555' title='bbox 1516 3975 1627 4037; x_wconf 75' lang='grc' dir='ltr'>τοῖς</span> <span class='ocrx_word' id='word_1_556' title='bbox 1676 3973 1858 4038; x_wconf 85' lang='grc' dir='ltr'>ἀλλοις</span> 
     </span>
    </p>
   </div>
   <div class='ocr_carea' id='block_1_80' title="bbox 1955 3961 3565 4045">
    <p class='ocr_par' dir='ltr' id='par_1_80' title="bbox 1960 3961 3565 4040">
     <span class='ocr_line' id='line_1_81' title="bbox 1960 3961 3565 4040; baseline -0.007 -14"><span class='ocrx_word' id='word_1_557' title='bbox 1960 3979 2018 4027; x_wconf 89' lang='lat' dir='ltr'><strong>et</strong></span> <span class='ocrx_word' id='word_1_558' title='bbox 2068 3970 2436 4025; x_wconf 88' lang='lat' dir='ltr'><strong>universalem</strong></span> <span class='ocrx_word' id='word_1_559' title='bbox 2482 3966 2809 4040; x_wconf 84' lang='lat' dir='ltr'><strong>synodum:</strong></span> <span class='ocrx_word' id='word_1_560' title='bbox 2868 3981 2937 4021; x_wconf 92' lang='lat' dir='ltr'><strong>eo</strong></span> <span class='ocrx_word' id='word_1_561' title='bbox 2997 3964 3149 4036; x_wconf 87' lang='lat' dir='ltr'><strong>quod</strong></span> <span class='ocrx_word' id='word_1_562' title='bbox 3201 3972 3403 4035; x_wconf 67' lang='lat' dir='ltr'><strong>prmter</strong></span> <span class='ocrx_word' id='word_1_563' title='bbox 3458 3961 3565 4037; x_wconf 76' lang='lat' dir='ltr'><strong>alia</strong></span> 
     </span>
    </p>
   </div>
   <div class='ocr_carea' id='block_1_81' title="bbox 262 4053 1872 4138">
    <p class='ocr_par' dir='ltr' id='par_1_81' title="bbox 262 4059 1859 4138">
     <span class='ocr_line' id='line_1_82' title="bbox 262 4059 1859 4138; baseline 0.001 -19"><span class='ocrx_word' id='word_1_564' title='bbox 262 4066 377 4135; x_wconf 81' lang='grc' dir='ltr'><strong>πλη</strong></span> <span class='ocrx_word' id='word_1_565' title='bbox 386 4065 740 4137; x_wconf 86' lang='grc' dir='ltr'>μμελήμασιν</span> <span class='ocrx_word' id='word_1_566' title='bbox 765 4059 847 4129; x_wconf 81' lang='grc' dir='ltr'>οἷς</span> <span class='ocrx_word' id='word_1_567' title='bbox 886 4064 1065 4127; x_wconf 69' lang='grc' dir='ltr'>ἑάλως</span> <span class='ocrx_word' id='word_1_568' title='bbox 1085 4106 1102 4131; x_wconf 95' lang='grc'><strong>,</strong></span> <span class='ocrx_word' id='word_1_569' title='bbox 1132 4066 1228 4118; x_wconf 71' lang='grc' dir='ltr'>καὶ</span> <span class='ocrx_word' id='word_1_570' title='bbox 1251 4066 1435 4133; x_wconf 87' lang='grc' dir='ltr'>τρίτον</span> <span class='ocrx_word' id='word_1_571' title='bbox 1458 4064 1681 4135; x_wconf 81' lang='grc' dir='ltr'>κληθεὶς</span> <span class='ocrx_word' id='word_1_572' title='bbox 1704 4067 1859 4138; x_wconf 85' lang='grc' dir='ltr'><strong>παρά</strong></span> 
     </span>
    </p>
   </div>
   <div class='ocr_carea' id='block_1_82' title="bbox 1957 4053 3567 4138">
    <p class='ocr_par' dir='ltr' id='par_1_82' title="bbox 1961 4053 3567 4131">
     <span class='ocr_line' id='line_1_83' title="bbox 1961 4053 3567 4131; baseline -0.005 -14"><span class='ocrx_word' id='word_1_573' title='bbox 1961 4062 2196 4118; x_wconf 90' lang='lat' dir='ltr'><strong>erimina</strong></span> <span class='ocrx_word' id='word_1_574' title='bbox 2218 4060 2288 4116; x_wconf 88' lang='lat' dir='ltr'><strong>de</strong></span> <span class='ocrx_word' id='word_1_575' title='bbox 2311 4060 2519 4131; x_wconf 90' lang='lat' dir='ltr'><strong>quibus</strong></span> <span class='ocrx_word' id='word_1_576' title='bbox 2539 4058 2833 4114; x_wconf 87' lang='lat' dir='ltr'><strong>convictus</strong></span> <span class='ocrx_word' id='word_1_577' title='bbox 2867 4072 2950 4123; x_wconf 82' lang='lat' dir='ltr'><strong>es,</strong></span> <span class='ocrx_word' id='word_1_578' title='bbox 2980 4056 3149 4111; x_wconf 89' lang='lat' dir='ltr'><strong>tertio</strong></span> <span class='ocrx_word' id='word_1_579' title='bbox 3208 4063 3441 4109; x_wconf 89' lang='lat' dir='ltr'><strong>vocatus</strong></span> <span class='ocrx_word' id='word_1_580' title='bbox 3496 4053 3567 4109; x_wconf 91' lang='lat' dir='ltr'><strong>ab</strong></span> 
     </span>
    </p>
   </div>
   <div class='ocr_carea' id='block_1_83' title="bbox 258 4147 1868 4228">
    <p class='ocr_par' dir='ltr' id='par_1_83' title="bbox 258 4156 1860 4228">
     <span class='ocr_line' id='line_1_84' title="bbox 258 4156 1860 4228; baseline 0.001 -18"><span class='ocrx_word' id='word_1_581' title='bbox 258 4158 369 4225; x_wconf 79' lang='grc' dir='ltr'>τῆς</span> <span class='ocrx_word' id='word_1_582' title='bbox 414 4158 577 4224; x_wconf 83' lang='grc' dir='ltr'>ἁγίας</span> <span class='ocrx_word' id='word_1_583' title='bbox 615 4156 824 4228; x_wconf 82' lang='grc' dir='ltr'>ταύτης</span> <span class='ocrx_word' id='word_1_584' title='bbox 855 4158 950 4210; x_wconf 78' lang='grc' dir='ltr'>καὶ</span> <span class='ocrx_word' id='word_1_585' title='bbox 992 4156 1242 4228; x_wconf 82' lang='grc' dir='ltr'>μεγάλης</span> <span class='ocrx_word' id='word_1_586' title='bbox 1277 4157 1523 4221; x_wconf 83' lang='grc' dir='ltr'>συνόδου,</span> <span class='ocrx_word' id='word_1_587' title='bbox 1553 4158 1697 4211; x_wconf 82' lang='grc' dir='ltr'>κατὰ</span> <span class='ocrx_word' id='word_1_588' title='bbox 1730 4159 1860 4223; x_wconf 82' lang='grc' dir='ltr'>τοὺς</span> 
     </span>
    </p>
   </div>
   <div class='ocr_carea' id='block_1_84' title="bbox 1958 4147 3568 4228">
    <p class='ocr_par' dir='ltr' id='par_1_84' title="bbox 1961 4147 3568 4217">
     <span class='ocr_line' id='line_1_85' title="bbox 1961 4147 3568 4217; baseline -0.005 -10"><span class='ocrx_word' id='word_1_589' title='bbox 1961 4153 2069 4207; x_wconf 88' lang='lat' dir='ltr'><strong>hoc</strong></span> <span class='ocrx_word' id='word_1_590' title='bbox 2096 4158 2289 4206; x_wconf 90' lang='lat' dir='ltr'><strong>saneto</strong></span> <span class='ocrx_word' id='word_1_591' title='bbox 2327 4160 2385 4206; x_wconf 91' lang='lat' dir='ltr'><strong>et</strong></span> <span class='ocrx_word' id='word_1_592' title='bbox 2409 4148 2715 4205; x_wconf 82' lang='lat' dir='ltr'><strong>universali</strong></span> <span class='ocrx_word' id='word_1_593' title='bbox 2741 4147 2982 4203; x_wconf 90' lang='lat' dir='ltr'><strong>concilio</strong></span> <span class='ocrx_word' id='word_1_594' title='bbox 3001 4148 3157 4217; x_wconf 76' lang='lat' dir='ltr'><strong>juxta</strong></span> <span class='ocrx_word' id='word_1_595' title='bbox 3182 4160 3373 4201; x_wconf 87' lang='lat' dir='ltr'><strong>sacros</strong></span> <span class='ocrx_word' id='word_1_596' title='bbox 3396 4159 3568 4199; x_wconf 85' lang='lat' dir='ltr'><strong>cano-</strong></span> 
     </span>
    </p>
   </div>
   <div class='ocr_carea' id='block_1_85' title="bbox 261 4237 1871 4321">
    <p class='ocr_par' dir='ltr' id='par_1_85' title="bbox 261 4248 1858 4321">
     <span class='ocr_line' id='line_1_86' title="bbox 261 4248 1858 4321; baseline 0 -18"><span class='ocrx_word' id='word_1_597' title='bbox 261 4251 447 4313; x_wconf 80' lang='grc' dir='ltr'>θείους</span> <span class='ocrx_word' id='word_1_598' title='bbox 489 4249 723 4312; x_wconf 87' lang='grc' dir='ltr'>κανόνας</span> <span class='ocrx_word' id='word_1_599' title='bbox 759 4248 852 4302; x_wconf 70' lang='grc' dir='ltr'><strong>ἐπὶ</strong></span> <span class='ocrx_word' id='word_1_600' title='bbox 880 4250 941 4303; x_wconf 83' lang='grc' dir='ltr'>τὸ</span> <span class='ocrx_word' id='word_1_601' title='bbox 978 4248 1383 4320; x_wconf 87' lang='grc' dir='ltr'>ἀποκρίνασθαι</span> <span class='ocrx_word' id='word_1_602' title='bbox 1411 4251 1526 4313; x_wconf 79' lang='grc' dir='ltr'>τοῖς</span> <span class='ocrx_word' id='word_1_603' title='bbox 1575 4250 1858 4321; x_wconf 68' lang='grc' dir='ltr'>ἐπαγομέ-</span> 
     </span>
    </p>
   </div>
   <div class='ocr_carea' id='block_1_86' title="bbox 1957 4237 3567 4321">
    <p class='ocr_par' dir='ltr' id='par_1_86' title="bbox 1960 4237 3567 4311">
     <span class='ocr_line' id='line_1_87' title="bbox 1960 4237 3567 4311; baseline -0.006 -12"><span class='ocrx_word' id='word_1_604' title='bbox 1960 4260 2082 4311; x_wconf 88' lang='lat' dir='ltr'><strong>nes,</strong></span> <span class='ocrx_word' id='word_1_605' title='bbox 2107 4241 2632 4298; x_wconf 88' lang='lat' dir='ltr'><strong>utaccusationibus</strong></span> <span class='ocrx_word' id='word_1_606' title='bbox 2651 4238 3042 4311; x_wconf 90' lang='lat' dir='ltr'><strong>responderes,</strong></span> <span class='ocrx_word' id='word_1_607' title='bbox 3063 4237 3293 4292; x_wconf 90' lang='lat' dir='ltr'><strong>minime</strong></span> <span class='ocrx_word' id='word_1_608' title='bbox 3311 4237 3567 4291; x_wconf 88' lang='lat' dir='ltr'><strong>occurri-</strong></span> 
     </span>
    </p>
   </div>
   <div class='ocr_carea' id='block_1_87' title="bbox 260 4329 1870 4414">
    <p class='ocr_par' dir='ltr' id='par_1_87' title="bbox 260 4340 1859 4414">
     <span class='ocr_line' id='line_1_88' title="bbox 260 4340 1859 4414; baseline 0.001 -19"><span class='ocrx_word' id='word_1_609' title='bbox 260 4358 401 4405; x_wconf 87' lang='grc' dir='ltr'>νοις,</span> <span class='ocrx_word' id='word_1_610' title='bbox 436 4344 538 4395; x_wconf 85' lang='grc' dir='ltr'>οὐκ</span> <span class='ocrx_word' id='word_1_611' title='bbox 588 4342 910 4414; x_wconf 80' lang='grc' dir='ltr'>ἀπήντησας</span> <span class='ocrx_word' id='word_1_612' title='bbox 960 4341 1095 4412; x_wconf 80' lang='grc' dir='ltr'>μηνὶ</span> <span class='ocrx_word' id='word_1_613' title='bbox 1149 4340 1436 4411; x_wconf 76' lang='grc' dir='ltr'>όκτωδρίῳ</span> <span class='ocrx_word' id='word_1_614' title='bbox 1472 4341 1553 4411; x_wconf 85' lang='grc' dir='ltr'>τῷ</span> <span class='ocrx_word' id='word_1_615' title='bbox 1601 4343 1859 4396; x_wconf 71' lang='grc' dir='ltr'>ἐνεστῶτι</span> 
     </span>
    </p>
   </div>
   <div class='ocr_carea' id='block_1_88' title="bbox 1956 4329 3566 4414">
    <p class='ocr_par' dir='ltr' id='par_1_88' title="bbox 1961 4329 3566 4405">
     <span class='ocr_line' id='line_1_89' title="bbox 1961 4329 3566 4405; baseline -0.004 -14"><span class='ocrx_word' id='word_1_616' title='bbox 1961 4337 2056 4401; x_wconf 91' lang='lat' dir='ltr'><strong>sti,</strong></span> <span class='ocrx_word' id='word_1_617' title='bbox 2088 4334 2335 4391; x_wconf 90' lang='lat' dir='ltr'><strong>octobris</strong></span> <span class='ocrx_word' id='word_1_618' title='bbox 2374 4334 2583 4390; x_wconf 87' lang='lat' dir='ltr'><strong>mensis</strong></span> <span class='ocrx_word' id='word_1_619' title='bbox 2630 4333 2922 4405; x_wconf 65' lang='lat' dir='ltr'><strong>praesentis</strong></span> <span class='ocrx_word' id='word_1_620' title='bbox 2944 4332 3039 4386; x_wconf 89' lang='lat' dir='ltr'><strong>die</strong></span> <span class='ocrx_word' id='word_1_621' title='bbox 3088 4330 3253 4386; x_wconf 89' lang='lat' dir='ltr'><strong>tertio</strong></span> <span class='ocrx_word' id='word_1_622' title='bbox 3280 4329 3499 4384; x_wconf 88' lang='lat' dir='ltr'><strong>decimo</strong></span> <span class='ocrx_word' id='word_1_623' title='bbox 3532 4344 3566 4384; x_wconf 85' lang='lat' dir='ltr'><strong>a</strong></span> 
     </span>
    </p>
   </div>
   <div class='ocr_carea' id='block_1_89' title="bbox 259 4414 1869 4508">
    <p class='ocr_par' dir='ltr' id='par_1_89' title="bbox 259 4433 1856 4508">
     <span class='ocr_line' id='line_1_90' title="bbox 259 4433 1856 4508; baseline 0.008 -22"><span class='ocrx_word' id='word_1_624' title='bbox 259 4434 725 4508; x_wconf 67' lang='grc' dir='ltr'>τρισκαιδεκάτῃ,</span> <span class='ocrx_word' id='word_1_625' title='bbox 762 4434 918 4505; x_wconf 78' lang='grc' dir='ltr'><strong>παρά</strong></span> <span class='ocrx_word' id='word_1_626' title='bbox 970 4434 1071 4503; x_wconf 83' lang='grc' dir='ltr'>τῆς</span> <span class='ocrx_word' id='word_1_627' title='bbox 1130 4433 1294 4502; x_wconf 81' lang='grc' dir='ltr'>ἁγίας</span> <span class='ocrx_word' id='word_1_628' title='bbox 1330 4433 1427 4486; x_wconf 68' lang='grc' dir='ltr'>καὶ</span> <span class='ocrx_word' id='word_1_629' title='bbox 1465 4435 1856 4505; x_wconf 77' lang='grc' dir='ltr'>οἰκουμενικῆς</span> 
     </span>
    </p>
   </div>
   <div class='ocr_carea' id='block_1_90' title="bbox 1956 4414 3566 4508">
    <p class='ocr_par' dir='ltr' id='par_1_90' title="bbox 1961 4414 3566 4501">
     <span class='ocr_line' id='line_1_91' title="bbox 1961 4414 3566 4501; baseline -0.006 -14"><span class='ocrx_word' id='word_1_630' title='bbox 1961 4439 2153 4487; x_wconf 86' lang='lat' dir='ltr'><strong>sancta</strong></span> <span class='ocrx_word' id='word_1_631' title='bbox 2180 4440 2239 4485; x_wconf 85' lang='lat' dir='ltr'><strong>et</strong></span> <span class='ocrx_word' id='word_1_632' title='bbox 2260 4430 2560 4485; x_wconf 84' lang='lat' dir='ltr'><strong>universali</strong></span> <span class='ocrx_word' id='word_1_633' title='bbox 2598 4428 2812 4501; x_wconf 85' lang='lat' dir='ltr'><strong>synodo</strong></span> <span class='ocrx_word' id='word_1_634' title='bbox 2870 4414 3186 4497; x_wconf 87' lang='lat' dir='ltr'><strong>depositum</strong></span> <span class='ocrx_word' id='word_1_635' title='bbox 3217 4440 3363 4490; x_wconf 89' lang='lat' dir='ltr'><strong>esse,</strong></span> <span class='ocrx_word' id='word_1_636' title='bbox 3406 4432 3463 4480; x_wconf 86' lang='lat' dir='ltr'><strong>et</strong></span> <span class='ocrx_word' id='word_1_637' title='bbox 3496 4424 3566 4478; x_wconf 86' lang='lat' dir='ltr'><strong>ab</strong></span> 
     </span>
    </p>
   </div>
   <div class='ocr_carea' id='block_1_91' title="bbox 260 4517 1870 4595">
    <p class='ocr_par' dir='ltr' id='par_1_91' title="bbox 260 4522 1854 4594">
     <span class='ocr_line' id='line_1_92' title="bbox 260 4522 1854 4594; baseline 0.003 -19"><span class='ocrx_word' id='word_1_638' title='bbox 260 4523 489 4576; x_wconf 83' lang='grc' dir='ltr'>συνόδου</span> <span class='ocrx_word' id='word_1_639' title='bbox 530 4522 879 4594; x_wconf 77' lang='grc' dir='ltr'>καθῃρῆσθαι</span> <span class='ocrx_word' id='word_1_640' title='bbox 928 4523 1031 4594; x_wconf 82' lang='grc' dir='ltr'>τῆς</span> <span class='ocrx_word' id='word_1_641' title='bbox 1094 4523 1428 4593; x_wconf 64' lang='grc' dir='ltr'>ἐπισκοπῆς,</span> <span class='ocrx_word' id='word_1_642' title='bbox 1482 4524 1581 4580; x_wconf 72' lang='grc' dir='ltr'>καὶ</span> <span class='ocrx_word' id='word_1_643' title='bbox 1650 4526 1854 4591; x_wconf 75' lang='grc' dir='ltr'>παντὸς</span> 
     </span>
    </p>
   </div>
   <div class='ocr_carea' id='block_1_92' title="bbox 1953 4517 3563 4595">
    <p class='ocr_par' dir='ltr' id='par_1_92' title="bbox 1961 4517 3563 4595">
     <span class='ocr_line' id='line_1_93' title="bbox 1961 4517 3563 4595; baseline -0.007 -15"><span class='ocrx_word' id='word_1_644' title='bbox 1961 4524 2286 4595; x_wconf 88' lang='lat' dir='ltr'><strong>episcopatu</strong></span> <span class='ocrx_word' id='word_1_645' title='bbox 2303 4523 2570 4592; x_wconf 88' lang='lat' dir='ltr'><strong>omnique</strong></span> <span class='ocrx_word' id='word_1_646' title='bbox 2584 4520 2963 4578; x_wconf 84' lang='lat' dir='ltr'><strong>ecclesiastico</strong></span> <span class='ocrx_word' id='word_1_647' title='bbox 2974 4534 3206 4574; x_wconf 87' lang='lat' dir='ltr'><strong>munere</strong></span> <span class='ocrx_word' id='word_1_648' title='bbox 3221 4517 3563 4573; x_wconf 89' lang='lat' dir='ltr'><strong>submotum.</strong></span> 
     </span>
    </p>
   </div>
   <div class='ocr_carea' id='block_1_93' title="bbox 263 4611 1873 4686">
    <p class='ocr_par' dir='ltr' id='par_1_93' title="bbox 263 4612 1850 4686">
     <span class='ocr_line' id='line_1_94' title="bbox 263 4612 1850 4686; baseline 0.003 -20"><span class='ocrx_word' id='word_1_649' title='bbox 263 4614 735 4684; x_wconf 76' lang='grc' dir='ltr'>ὲκκλησ;αστικοῦ</span> <span class='ocrx_word' id='word_1_650' title='bbox 801 4612 1007 4685; x_wconf 83' lang='grc' dir='ltr'>θεσμοῦ</span> <span class='ocrx_word' id='word_1_651' title='bbox 1048 4612 1163 4686; x_wconf 78' lang='grc'><strong>(19)</strong></span> <span class='ocrx_word' id='word_1_652' title='bbox 1219 4613 1491 4685; x_wconf 80' lang='grc' dir='ltr'>ὑπάρχειν</span> <span class='ocrx_word' id='word_1_653' title='bbox 1547 4614 1850 4685; x_wconf 83' lang='grc' dir='ltr'>ἀλλότριον.</span> 
     </span>
    </p>
   </div>
   <div class='ocr_carea' id='block_1_94' title="bbox 1955 4611 3565 4686">
    <p class='ocr_par' dir='ltr' id='par_1_94' title="bbox 1962 4611 3565 4684">
     <span class='ocr_line' id='line_1_95' title="bbox 1962 4611 3565 4684; baseline -0.005 -12"><span class='ocrx_word' id='word_1_654' title='bbox 1962 4616 2095 4672; x_wconf 90' lang='lat' dir='ltr'><strong>Post</strong></span> <span class='ocrx_word' id='word_1_655' title='bbox 2113 4615 2231 4670; x_wconf 60' lang='lat' dir='ltr'><strong>hac</strong></span> <span class='ocrx_word' id='word_1_656' title='bbox 2262 4629 2391 4671; x_wconf 89' lang='lat' dir='ltr'><strong>cum</strong></span> <span class='ocrx_word' id='word_1_657' title='bbox 2415 4613 2484 4669; x_wconf 90' lang='lat' dir='ltr'><strong>de</strong></span> <span class='ocrx_word' id='word_1_658' title='bbox 2513 4612 2603 4669; x_wconf 85' lang='lat' dir='ltr'><strong>his</strong></span> <span class='ocrx_word' id='word_1_659' title='bbox 2632 4612 2803 4669; x_wconf 89' lang='lat' dir='ltr'><strong>rebus</strong></span> <span class='ocrx_word' id='word_1_660' title='bbox 2819 4612 2890 4669; x_wconf 89' lang='lat' dir='ltr'><strong>ad</strong></span> <span class='ocrx_word' id='word_1_661' title='bbox 2918 4611 3369 4684; x_wconf 81' lang='lat' dir='ltr'><strong>religiosissimos</strong></span> <span class='ocrx_word' id='word_1_662' title='bbox 3396 4611 3565 4667; x_wconf 89' lang='lat' dir='ltr'><strong>etiam</strong></span> 
     </span>
    </p>
   </div>
   <div class='ocr_carea' id='block_1_95' title="bbox 1575 4752 2251 4809">
    <p class='ocr_par' dir='ltr' id='par_1_95' title="bbox 1575 4752 2251 4809">
     <span class='ocr_line' id='line_1_96' title="bbox 1575 4752 2251 4809; baseline 0.007 -6"><span class='ocrx_word' id='word_1_663' title='bbox 1575 4755 1654 4806; x_wconf 70' lang='lat' dir='ltr'><strong>VA</strong></span> <span class='ocrx_word' id='word_1_664' title='bbox 1668 4761 1705 4805; x_wconf 79' lang='grc' dir='ltr'><strong>ιι</strong></span> <span class='ocrx_word' id='word_1_665' title='bbox 1718 4755 1803 4807; x_wconf 72' lang='grc' dir='ltr'><strong>1.·ιὲ</strong></span> <span class='ocrx_word' id='word_1_666' title='bbox 1837 4752 2251 4809; x_wconf 74' lang='lat' dir='ltr'><strong>LECTIONES.</strong></span> 
     </span>
    </p>
   </div>
   <div class='ocr_carea' id='block_1_96' title="bbox 340 4844 833 4898">
    <p class='ocr_par' dir='ltr' id='par_1_96' title="bbox 340 4844 833 4898">
     <span class='ocr_line' id='line_1_97' title="bbox 340 4844 833 4898; baseline -0.002 0"><span class='ocrx_word' id='word_1_667' title='bbox 340 4844 389 4875; x_wconf 86' lang='grc'><strong>⁸⁷</strong></span> <span class='ocrx_word' id='word_1_668' title='bbox 413 4845 833 4898; x_wconf 73' lang='grc' dir='ltr'>ἀκοινωνησίαν.</span> 
     </span>
    </p>
   </div>
   <div class='ocr_carea' id='block_1_97' title="bbox 413 4846 2363 4990">
    <p class='ocr_par' dir='ltr' id='par_1_97' title="bbox 413 4846 2363 4990">
     <span class='ocr_line' id='line_1_98' title="bbox 413 4846 833 4917; baseline -0.005 -18"><span class='ocrx_word' id='word_1_669' title='bbox 413 4846 833 4917; x_wconf 73' lang='grc' dir='ltr'>ἀκοινωνησίαν.</span> 
     </span>
     <span class='ocr_line' id='line_1_99' title="bbox 1499 4930 2363 4990; baseline -0.001 0"><span class='ocrx_word' id='word_1_670' title='bbox 1499 4934 1765 4990; x_wconf 68' lang='grc' dir='ltr'>νΑωςδη</span> <span class='ocrx_word' id='word_1_671' title='bbox 1802 4930 2363 4989; x_wconf 66' lang='grc' dir='ltr'><strong>.’.ΝΝΟΤΑΤΙ()ΝΕ5.</strong></span> 
     </span>
    </p>
   </div>
   <div class='ocr_carea' id='block_1_98' title="bbox 337 5024 3565 5103">
    <p class='ocr_par' dir='ltr' id='par_1_98' title="bbox 337 5024 3565 5103">
     <span class='ocr_line' id='line_1_100' title="bbox 337 5024 3565 5103; baseline -0.002 -17"><span class='ocrx_word' id='word_1_672' title='bbox 337 5027 965 5103; x_wconf 50' lang='grc' dir='ltr'>(ιδλἘπιᾳκοποῦιιεν</span> <span class='ocrx_word' id='word_1_673' title='bbox 991 5027 1291 5103; x_wconf 32' lang='grc' dir='ltr'>περί-τῆς.</span> <span class='ocrx_word' id='word_1_674' title='bbox 1323 5028 1401 5103; x_wconf 83' lang='lat' dir='ltr'><strong>lla</strong></span> <span class='ocrx_word' id='word_1_675' title='bbox 1425 5028 1654 5103; x_wconf 37' lang='lat' dir='ltr'><strong>“legitur</strong></span> <span class='ocrx_word' id='word_1_676' title='bbox 1685 5029 1851 5083; x_wconf 84' lang='lat' dir='ltr'><strong>etiam</strong></span> <span class='ocrx_word' id='word_1_677' title='bbox 1963 5026 2216 5103; x_wconf 83' lang='lat' dir='ltr'><strong>scribere</strong></span> <span class='ocrx_word' id='word_1_678' title='bbox 2246 5024 2735 5103; x_wconf 73' lang='grc' dir='ltr'>περιεσκοποῦμεν</span> <span class='ocrx_word' id='word_1_679' title='bbox 2771 5024 2865 5078; x_wconf 67' lang='grc' dir='ltr'><strong>ἰπὶ</strong></span> <span class='ocrx_word' id='word_1_680' title='bbox 2913 5025 3039 5095; x_wconf 79' lang='grc' dir='ltr'>τῆς,</span> <span class='ocrx_word' id='word_1_681' title='bbox 3085 5036 3194 5080; x_wconf 90' lang='lat' dir='ltr'><strong>etc.</strong></span> <span class='ocrx_word' id='word_1_682' title='bbox 3235 5025 3369 5092; x_wconf 60' lang='lat' dir='ltr'><strong>Quae</strong></span> <span class='ocrx_word' id='word_1_683' title='bbox 3423 5027 3565 5081; x_wconf 88' lang='lat' dir='ltr'><strong>scri-</strong></span> 
     </span>
    </p>
   </div>
   <div class='ocr_carea' id='block_1_99' title="bbox 261 5095 2799 5172">
    <p class='ocr_par' dir='ltr' id='par_1_99' title="bbox 261 5095 2799 5172">
     <span class='ocr_line' id='line_1_101' title="bbox 261 5095 2799 5172; baseline -0.003 -15"><span class='ocrx_word' id='word_1_684' title='bbox 261 5095 1099 5172; x_wconf 47' lang='lat' dir='ltr'><strong>api&#39;id&#39;Nieephoruin.&#39;Verum_</strong></span> <span class='ocrx_word' id='word_1_685' title='bbox 1129 5100 1183 5172; x_wconf 83' lang='lat' dir='ltr'><strong>in</strong></span> <span class='ocrx_word' id='word_1_686' title='bbox 1229 5100 1367 5154; x_wconf 89' lang='lat' dir='ltr'><strong>actis</strong></span> <span class='ocrx_word' id='word_1_687' title='bbox 1414 5095 1679 5172; x_wconf 77' lang='lat' dir='ltr'><strong>Clialced.</strong></span> <span class='ocrx_word' id='word_1_688' title='bbox 1715 5114 1851 5153; x_wconf 87' lang='lat' dir='ltr'><strong>con-</strong></span> <span class='ocrx_word' id='word_1_689' title='bbox 1963 5108 2137 5172; x_wconf 75' lang='lat' dir='ltr'><strong>plura</strong></span> <span class='ocrx_word' id='word_1_690' title='bbox 2165 5095 2333 5172; x_wconf 81' lang='lat' dir='ltr'><strong>longe</strong></span> <span class='ocrx_word' id='word_1_691' title='bbox 2358 5095 2799 5172; x_wconf 74' lang='lat' dir='ltr'><strong>estelegantior.</strong></span> 
     </span>
    </p>
   </div>
   <div class='ocr_carea' id='block_1_100' title="bbox 262 5164 3565 5293">
    <p class='ocr_par' dir='ltr' id='par_1_100' title="bbox 262 5164 3565 5293">
     <span class='ocr_line' id='line_1_102' title="bbox 262 5164 3565 5293; baseline -0.002 -67"><span class='ocrx_word' id='word_1_692' title='bbox 262 5164 378 5227; x_wconf 70' lang='lat' dir='ltr'><strong>cilii</strong></span> <span class='ocrx_word' id='word_1_693' title='bbox 408 5180 466 5225; x_wconf 91' lang='lat' dir='ltr'><strong>et</strong></span> <span class='ocrx_word' id='word_1_694' title='bbox 504 5164 647 5225; x_wconf 59' lang='lat' dir='ltr'><strong>iu&#39;c.</strong></span> <span class='ocrx_word' id='word_1_695' title='bbox 678 5171 713 5224; x_wconf 78' lang='grc'><strong>4</strong></span> <span class='ocrx_word' id='word_1_696' title='bbox 766 5168 866 5222; x_wconf 78' lang='lat' dir='ltr'><strong>lib.</strong></span> <span class='ocrx_word' id='word_1_697' title='bbox 898 5185 957 5233; x_wconf 84' lang='grc' dir='ltr'><strong>ιι,</strong></span> <span class='ocrx_word' id='word_1_698' title='bbox 1010 5169 1103 5223; x_wconf 88' lang='lat' dir='ltr'><strong>ubi</strong></span> <span class='ocrx_word' id='word_1_699' title='bbox 1143 5170 1261 5224; x_wconf 70' lang='lat' dir='ltr'><strong>haec</strong></span> <span class='ocrx_word' id='word_1_700' title='bbox 1299 5169 1674 5223; x_wconf 81' lang='lat' dir='ltr'><strong>danmatiouis</strong></span> <span class='ocrx_word' id='word_1_701' title='bbox 1719 5184 1847 5224; x_wconf 85' lang='lat' dir='ltr'><strong>sen-</strong></span> <span class='ocrx_word' id='word_1_702' title='bbox 1964 5164 1978 5166; x_wconf 66' lang='grc'><strong><em>“</em></strong></span> <span class='ocrx_word' id='word_1_703' title='bbox 2034 5167 2147 5293; x_wconf 45' lang='grc' dir='ltr'>ἳίθ)</span> <span class='ocrx_word' id='word_1_704' title='bbox 2180 5164 2414 5233; x_wconf 48' lang='grc' dir='ltr'>Παντὸς</span> <span class='ocrx_word' id='word_1_705' title='bbox 2442 5164 2962 5232; x_wconf 69' lang='grc' dir='ltr'>ἐκκλησιαστικοῦ</span> <span class='ocrx_word' id='word_1_706' title='bbox 2978 5164 3228 5235; x_wconf 78' lang='grc' dir='ltr'>θεσμοῦ.</span> <span class='ocrx_word' id='word_1_707' title='bbox 3253 5165 3368 5220; x_wconf 83' lang='lat' dir='ltr'><strong>Hoc</strong></span> <span class='ocrx_word' id='word_1_708' title='bbox 3396 5181 3565 5220; x_wconf 77' lang='lat' dir='ltr'><strong>voea-</strong></span> 
     </span>
     <span class='ocr_line' id='line_1_103' title="bbox 264 5235 3564 5293; baseline -0.002 0"><span class='ocrx_word' id='word_1_709' title='bbox 264 5244 435 5293; x_wconf 75' lang='lat' dir='ltr'><strong>tentia</strong></span> <span class='ocrx_word' id='word_1_710' title='bbox 482 5240 745 5293; x_wconf 76' lang='lat' dir='ltr'><strong>refertur.</strong></span> <span class='ocrx_word' id='word_1_711' title='bbox 773 5241 984 5293; x_wconf 85' lang='lat' dir='ltr'><strong>rectius</strong></span> <span class='ocrx_word' id='word_1_712' title='bbox 1035 5241 1305 5293; x_wconf 73' lang='lat' dir='ltr'><strong>scriptum</strong></span> <span class='ocrx_word' id='word_1_713' title='bbox 1342 5248 1428 5293; x_wconf 85' lang='lat' dir='ltr'><strong>est</strong></span> <span class='ocrx_word' id='word_1_714' title='bbox 1476 5238 1845 5293; x_wconf 76' lang='grc' dir='ltr'>ἐσκοποῦμεν.</span> <span class='ocrx_word' id='word_1_715' title='bbox 1961 5238 2034 5292; x_wconf 75' lang='grc' dir='ltr'>ιιιι</span> <span class='ocrx_word' id='word_1_716' title='bbox 2062 5253 2153 5292; x_wconf 92' lang='lat' dir='ltr'><strong>um</strong></span> <span class='ocrx_word' id='word_1_717' title='bbox 2206 5236 2358 5291; x_wconf 84' lang='lat' dir='ltr'><strong>varie</strong></span> <span class='ocrx_word' id='word_1_718' title='bbox 2408 5246 2698 5293; x_wconf 78' lang='lat' dir='ltr'><strong>exnonunt</strong></span> <span class='ocrx_word' id='word_1_719' title='bbox 2746 5236 3101 5293; x_wconf 81' lang='lat' dir='ltr'><strong>internretes.</strong></span> <span class='ocrx_word' id='word_1_720' title='bbox 3154 5235 3291 5291; x_wconf 82' lang='lat' dir='ltr'><strong>Nam</strong></span> <span class='ocrx_word' id='word_1_721' title='bbox 3345 5235 3564 5293; x_wconf 69' lang='lat' dir='ltr'><strong>Latmus</strong></span> 
     </span>
    </p>
   </div>
   <div class='ocr_carea' id='block_1_101' title="bbox 264 5235 3564 5310">
    <p class='ocr_par' dir='ltr' id='par_1_101' title="bbox 264 5235 3564 5310">
     <span class='ocr_line' id='line_1_104' title="bbox 264 5235 3564 5310; baseline -0.002 -13"><span class='ocrx_word' id='word_1_722' title='bbox 264 5244 435 5298; x_wconf 79' lang='lat' dir='ltr'><strong>tentia</strong></span> <span class='ocrx_word' id='word_1_723' title='bbox 482 5240 745 5302; x_wconf 76' lang='lat' dir='ltr'><strong>refertur,</strong></span> <span class='ocrx_word' id='word_1_724' title='bbox 773 5241 984 5296; x_wconf 88' lang='lat' dir='ltr'><strong>rectius</strong></span> <span class='ocrx_word' id='word_1_725' title='bbox 1035 5241 1305 5310; x_wconf 84' lang='lat' dir='ltr'><strong>scriptum</strong></span> <span class='ocrx_word' id='word_1_726' title='bbox 1342 5248 1428 5293; x_wconf 84' lang='lat' dir='ltr'><strong>est</strong></span> <span class='ocrx_word' id='word_1_727' title='bbox 1476 5238 1845 5304; x_wconf 78' lang='grc' dir='ltr'>ἐσκοποῦμεν,</span> <span class='ocrx_word' id='word_1_728' title='bbox 1961 5235 2153 5293; x_wconf 80' lang='lat' dir='ltr'><strong>bulum</strong></span> <span class='ocrx_word' id='word_1_729' title='bbox 2206 5236 2358 5310; x_wconf 84' lang='lat' dir='ltr'><strong>varie</strong></span> <span class='ocrx_word' id='word_1_730' title='bbox 2408 5236 3101 5310; x_wconf 23' lang='lat' dir='ltr'><strong>exponunt‘iuterpretes.</strong></span> <span class='ocrx_word' id='word_1_731' title='bbox 3154 5235 3291 5291; x_wconf 83' lang='lat' dir='ltr'><strong>Nam</strong></span> <span class='ocrx_word' id='word_1_732' title='bbox 3312 5235 3564 5310; x_wconf 65' lang='grc' dir='ltr'><strong>⁸ίιειιιίςιιιι</strong></span> 
     </span>
    </p>
   </div>
   <div class='ocr_carea' id='block_1_102' title="bbox 262 5304 3561 5383">
    <p class='ocr_par' dir='ltr' id='par_1_102' title="bbox 262 5304 3561 5383">
     <span class='ocr_line' id='line_1_105' title="bbox 262 5304 3561 5383; baseline -0.003 -16"><span class='ocrx_word' id='word_1_733' title='bbox 262 5324 364 5367; x_wconf 72' lang='lat' dir='ltr'><strong>etc.</strong></span> <span class='ocrx_word' id='word_1_734' title='bbox 402 5313 516 5383; x_wconf 73' lang='lat' dir='ltr'><strong>Ego</strong></span> <span class='ocrx_word' id='word_1_735' title='bbox 547 5327 681 5367; x_wconf 84' lang='lat' dir='ltr'><strong>vero</strong></span> <span class='ocrx_word' id='word_1_736' title='bbox 713 5311 1063 5381; x_wconf 87' lang='lat' dir='ltr'><strong>transpositis</strong></span> <span class='ocrx_word' id='word_1_737' title='bbox 1101 5304 1592 5381; x_wconf 64' lang='lat' dir='ltr'><strong>praepositionibus</strong></span> <span class='ocrx_word' id='word_1_738' title='bbox 1630 5310 1851 5364; x_wconf 86' lang='lat' dir='ltr'><strong>mallem</strong></span> <span class='ocrx_word' id='word_1_739' title='bbox 1961 5307 2433 5365; x_wconf 86' lang='lat' dir='ltr'><strong>consuetudinem</strong></span> <span class='ocrx_word' id='word_1_740' title='bbox 2470 5304 2657 5363; x_wconf 78' lang='lat' dir='ltr'><strong>vertit.</strong></span> <span class='ocrx_word' id='word_1_741' title='bbox 2711 5304 2998 5361; x_wconf 78' lang='lat' dir='ltr'><strong>Musculus</strong></span> <span class='ocrx_word' id='word_1_742' title='bbox 3041 5321 3177 5362; x_wconf 83' lang='lat' dir='ltr'><strong>vero</strong></span> <span class='ocrx_word' id='word_1_743' title='bbox 3209 5314 3267 5361; x_wconf 92' lang='lat' dir='ltr'><strong>et</strong></span> <span class='ocrx_word' id='word_1_744' title='bbox 3302 5304 3561 5360; x_wconf 80' lang='lat' dir='ltr'><strong>Christo-</strong></span> 
     </span>
    </p>
   </div>
   <div class='ocr_carea' id='block_1_103' title="bbox 1799 5420 2184 5480">
    <p class='ocr_par' dir='ltr' id='par_1_103' title="bbox 1799 5420 2184 5480">
     <span class='ocr_line' id='line_1_106' title="bbox 1799 5420 2184 5480; baseline 0.003 -5"><span class='ocrx_word' id='word_1_745' title='bbox 1799 5420 2184 5480; x_wconf 70' lang='lat' dir='ltr'><strong>VARIORUM.</strong></span> 
     </span>
    </p>
   </div>
   <div class='ocr_carea' id='block_1_104' title="bbox 342 5508 3564 5588">
    <p class='ocr_par' dir='ltr' id='par_1_104' title="bbox 342 5508 3564 5588">
     <span class='ocr_line' id='line_1_107' title="bbox 342 5508 3564 5588; baseline -0.003 -18"><span class='ocrx_word' id='word_1_746' title='bbox 342 5520 414 5588; x_wconf 83' lang='lat' dir='ltr'><strong>(p)</strong></span> <span class='ocrx_word' id='word_1_747' title='bbox 449 5519 553 5573; x_wconf 82' lang='grc' dir='ltr'><strong>Διὰ</strong></span> <span class='ocrx_word' id='word_1_748' title='bbox 579 5517 696 5586; x_wconf 82' lang='grc' dir='ltr'><strong>τὴν</strong></span> <span class='ocrx_word' id='word_1_749' title='bbox 740 5518 894 5573; x_wconf 80' lang='grc' dir='ltr'>κατὰ</span> <span class='ocrx_word' id='word_1_750' title='bbox 931 5518 1053 5573; x_wconf 85' lang='grc' dir='ltr'>τῶν</span> <span class='ocrx_word' id='word_1_751' title='bbox 1088 5519 1266 5574; x_wconf 72' lang='grc' dir='ltr'>θείων</span> <span class='ocrx_word' id='word_1_752' title='bbox 1334 5518 1610 5571; x_wconf 79' lang='grc' dir='ltr'>κανόνων</span> <span class='ocrx_word' id='word_1_753' title='bbox 1670 5520 1856 5586; x_wconf 80' lang='grc' dir='ltr'>ὑπερ·</span> <span class='ocrx_word' id='word_1_754' title='bbox 1971 5513 2389 5588; x_wconf 81' lang='lat' dir='ltr'><strong>Eutycbianista</strong></span> <span class='ocrx_word' id='word_1_755' title='bbox 2452 5513 2561 5588; x_wconf 80' lang='lat' dir='ltr'><strong>fuit</strong></span> <span class='ocrx_word' id='word_1_756' title='bbox 2609 5523 2667 5570; x_wconf 88' lang='lat' dir='ltr'><strong>et</strong></span> <span class='ocrx_word' id='word_1_757' title='bbox 2707 5513 3002 5588; x_wconf 68' lang='lat' dir='ltr'><strong>haereticus</strong></span> <span class='ocrx_word' id='word_1_758' title='bbox 3033 5508 3564 5581; x_wconf 83' lang='lat' dir='ltr'><strong>pertinacissimus).</strong></span> 
     </span>
    </p>
   </div>
   <div class='ocr_carea' id='block_1_105' title="bbox 259 5584 3567 5659">
    <p class='ocr_par' dir='ltr' id='par_1_105' title="bbox 259 5584 3567 5659">
     <span class='ocr_line' id='line_1_108' title="bbox 259 5584 3567 5659; baseline -0.003 -16"><span class='ocrx_word' id='word_1_759' title='bbox 259 5584 471 5658; x_wconf 59' lang='grc' dir='ltr'><strong>σει-ἴαν.</strong></span> <span class='ocrx_word' id='word_1_760' title='bbox 506 5584 705 5659; x_wconf 75' lang='lat' dir='ltr'><strong>Pagius</strong></span> <span class='ocrx_word' id='word_1_761' title='bbox 728 5590 935 5659; x_wconf 80' lang='lat' dir='ltr'><strong>aliique</strong></span> <span class='ocrx_word' id='word_1_762' title='bbox 959 5591 1327 5644; x_wconf 82' lang='lat' dir='ltr'><strong>observarunt</strong></span> <span class='ocrx_word' id='word_1_763' title='bbox 1356 5604 1421 5643; x_wconf 80' lang='lat' dir='ltr'><strong>ex</strong></span> <span class='ocrx_word' id='word_1_764' title='bbox 1454 5588 1698 5642; x_wconf 82' lang='lat' dir='ltr'><strong>Anatolii</strong></span> <span class='ocrx_word' id='word_1_765' title='bbox 1728 5584 1854 5644; x_wconf 78' lang='lat' dir='ltr'><strong>ver-</strong></span> <span class='ocrx_word' id='word_1_766' title='bbox 1967 5584 2093 5641; x_wconf 31' lang='lat' dir='ltr'><strong>scd‘</strong></span> <span class='ocrx_word' id='word_1_767' title='bbox 2120 5586 2192 5640; x_wconf 91' lang='lat' dir='ltr'><strong>ob</strong></span> <span class='ocrx_word' id='word_1_768' title='bbox 2243 5586 2707 5659; x_wconf 82' lang='lat' dir='ltr'><strong>contumaciani,_</strong></span> <span class='ocrx_word' id='word_1_769' title='bbox 2746 5584 3103 5659; x_wconf 76' lang='lat' dir='ltr'><strong>violationein</strong></span> <span class='ocrx_word' id='word_1_770' title='bbox 3161 5593 3460 5637; x_wconf 73' lang='grc' dir='ltr'>υιιιιῡιιιιιιι.</span> <span class='ocrx_word' id='word_1_771' title='bbox 3509 5588 3567 5633; x_wconf 63' lang='lat' dir='ltr'><strong>et</strong></span> 
     </span>
    </p>
   </div>
   <div class='ocr_carea' id='block_1_106' title="bbox 261 5654 3121 5730">
    <p class='ocr_par' dir='ltr' id='par_1_106' title="bbox 261 5654 3121 5730">
     <span class='ocr_line' id='line_1_109' title="bbox 261 5654 3121 5730; baseline -0.003 -16"><span class='ocrx_word' id='word_1_772' title='bbox 261 5654 350 5714; x_wconf 73' lang='lat' dir='ltr'><strong>bis</strong></span> <span class='ocrx_word' id='word_1_773' title='bbox 391 5661 553 5729; x_wconf 81' lang='lat' dir='ltr'><strong>pauio</strong></span> <span class='ocrx_word' id='word_1_774' title='bbox 583 5654 750 5726; x_wconf 72' lang='lat' dir='ltr'><strong>intra,</strong></span> <span class='ocrx_word' id='word_1_775' title='bbox 783 5654 1115 5714; x_wconf 61' lang='lat' dir='ltr'><strong>Dios-eorum</strong></span> <span class='ocrx_word' id='word_1_776' title='bbox 1166 5659 1481 5730; x_wconf 86' lang='lat' dir='ltr'><strong>depositum</strong></span> <span class='ocrx_word' id='word_1_777' title='bbox 1534 5673 1647 5712; x_wconf 90' lang='lat' dir='ltr'><strong>non</strong></span> <span class='ocrx_word' id='word_1_778' title='bbox 1684 5659 1857 5713; x_wconf 79' lang='lat' dir='ltr'><strong>fuisse</strong></span> <span class='ocrx_word' id='word_1_779' title='bbox 1967 5666 2352 5726; x_wconf 79' lang='lat' dir='ltr'><strong>contemptum</strong></span> <span class='ocrx_word' id='word_1_780' title='bbox 2382 5655 2566 5727; x_wconf 78' lang='lat' dir='ltr'><strong>legum</strong></span> <span class='ocrx_word' id='word_1_781' title='bbox 2594 5654 3121 5712; x_wconf 85' lang='lat' dir='ltr'><strong>ecclesiasticarum.</strong></span> 
     </span>
    </p>
   </div>
   <div class='ocr_carea' id='block_1_107' title="bbox 258 5731 1859 5801">
    <p class='ocr_par' dir='ltr' id='par_1_107' title="bbox 258 5731 1859 5801">
     <span class='ocr_line' id='line_1_110' title="bbox 258 5731 1859 5801; baseline 0.001 -19"><span class='ocrx_word' id='word_1_782' title='bbox 258 5733 412 5801; x_wconf 83' lang='lat' dir='ltr'><strong>quod</strong></span> <span class='ocrx_word' id='word_1_783' title='bbox 475 5731 712 5787; x_wconf 59' lang='grc' dir='ltr'>ἥξει-θείη</span> <span class='ocrx_word' id='word_1_784' title='bbox 777 5740 1181 5801; x_wconf 74' lang='lat' dir='ltr'><strong>propugnasset</strong></span> <span class='ocrx_word' id='word_1_785' title='bbox 1274 5733 1612 5801; x_wconf 83' lang='lat' dir='ltr'><strong>(quanquam</strong></span> <span class='ocrx_word' id='word_1_786' title='bbox 1668 5746 1859 5785; x_wconf 85' lang='lat' dir='ltr'><strong>revera</strong></span> 
     </span>
    </p>
   </div>
  </div>
