4076 6336
268 440 411 505 2569

1191 422 1574 485 HISTORIA!
1612 417 2208 481 ECCLESIASTICIE
2240 415 2478 505 LIBER
2518 412 2599 474 Π.

3385 404 3524 465 2570

273 552 309 618 ὴ
339 548 521 607 πίστις
546 542 654 596 τῶν
682 536 1008 610 ὀρθοδόξωνο
1044 533 1232 595 Οὕτως
1268 532 1466 593 πάντες
1497 528 1845 587 πιστεύομεν.

1972 528 2204 583 )mnium
2236 526 2403 591 ﬁdes;
2431 524 2551 579 haec
2583 522 2717 576 ﬁdes
2738 518 3204 575 ortltodoxorum'
3233 517 3311 574 sic
3335 534 3529 575 oumes

272 636 409 694 Μεθ’
446 634 537 697 οὒς
579 634 779 693 ’Λέτιος
812 629 924 699 (9.4)
961 630 988 681 ὁ
1018 625 1406 697 ἀρχιδιάκονος,
1430 624 1535 691 ἔφη
1573 622 1716 689 ἔχειν
1752 635 1849 689 με·

271 729 341 784 τὰ
371 731 558 799 χεῖρας
589 725 687 797 τὴν
715 723 851 793 πρὸς
915 720 1208 789 Νεστόρεον
1238 716 1527 770 ἐπιστολὴν
1577 713 1849 782 Κυρίλλου

274 819 369 875 τοῦ
406 817 715 879 θεσπεσίου,
749 814 815 882 ἦν
850 812 1050 873 πάντες
1083 812 1131 861 ot
1156 814 1211 861 ὲν
1252 808 1461 877 Ἐφέσῳ
1504 804 1854 871 συλλεγέντες

274 908 563 978 ἐκύρωσαν
585 904 810 965 οἰκείαις
834 899 1307 969 ὑποσημειώσεσιν
1332 914 1344 927 ·
1382 896 1524 966 ἔχειν
1546 910 1605 947 τε
1633 894 1727 947 καὶ
1755 892 1853 962 τὴν

276 977 490 1072 tri-iga...
534 995 825 1067 επιστολὴν
881 992 1044 1051 αὑτοῦ
1103 977 1397 1061 Κυρίλλου,
1452 986 1853 1058 γεγραμμένην

275 1095 416 1166 πρὸς
462 1091 712 1158 Ἰωάννην
749 1090 840 1141 τὸν
887 1085 1237 1155 Ἀντιοχείας,
1269 1083 1365 1135 καὶ
1399 1079 1569 1149 αὑτὴν
1621 1077 1857 1147 βεῧαιω-

275 1187 486 1249 θεῖσαν,
513 1182 579 1247 ἃς
613 1181 793 1253 ἐξῄτει
839 1176 1196 1245 ἀναγνώσεως
1241 1171 1762 1244 τυχεῖν.·Διαλαλιᾶς
1795 1185 1855 1221 τε

243 1322 249 1327 .
276 1278 417 1350 πρὸς
446 1279 619 1330 ταῦτα
650 1271 1047 1349 γεγενημένης,
1076 1270 1242 1340 ἄμφω
1273 1264 1719 1335 ἀνεγνώσθησαν.

352 1453 465 1509 Καὶ
496 1451 599 1522 τῆς
630 1452 727 1521 μὲν
756 1449 1031 1521 προτέρας
1060 1445 1233 1517 αὑτῆς
1262 1446 1308 1477 ⁸⁸
1342 1445 1458 1498 ἔνια
1504 1446 1616 1507 τοῖς
1658 1441 1857 1511 ὀνόμα-

282 1547 373 1601 σίν
408 1548 559 1600 ἐστιν
579 1543 771 1598 ταῦτα·
802 1543 891 1612 Τῷ
919 1540 1298 1610 εὐλαῦεστάτῳ
1324 1540 1367 1571 ⁸⁸
1394 1534 1791 1606 συλλειτουργῷ
1813 1535 1857 1566 ⁶⁰

273 1635 562 1706 Νεστορίῳ
600 1633 889 1705 Κύριλλος.
922 1630 1433 1701 Καταφλυαροῦσιν,
1464 1631 1539 1693 ὡς
1576 1628 1856 1700 μανθάνω,

273 1725 426 1788 τινὲς
457 1724 559 1792 τῆς
592 1722 733 1793 ὲμῆς
770 1712 1087 1791 ὑπολήψεως
1118 1722 1209 1774 ἐπὶ
1234 1722 1332 1790 τῆς
1367 1721 1465 1790 σῆς
1500 1719 1812 1783 θεοσεϐείας
1840 1757 1856 1784 ,

274 1810 391 1873 καῖ
411 1815 571 1869 τοῦτο
603 1813 832 1884 συχνῶς,
858 1813 957 1875 τὰς
995 1812 1101 1864 τῶν
1126 1813 1183 1865 ἐν
1219 1812 1365 1866 τέλει
1394 1811 1648 1875 συνόδους
1676 1826 1862 1881 καιρο-

280 1905 691 1978 φυλακτοῦντες
744 1904 1000 1976 μάλιστα.
1024 1904 1122 1958 καὶ
1178 1903 1319 1974 τάχα
1377 1920 1479 1956 που
1508 1904 1605 1957 καὶ
1642 1903 1862 1973 τέρπειν

277 2003 523 2076 οἰόμενοι
551 2001 650 2073 τὴν
679 2000 777 2072 σὴν
806 2001 998 2070 ἀκοήν.
1034 1998 1144 2056 Καὶ
1176 2001 1304 2069 μεθ’
1323 1998 1533 2067 ἕτερα·
1566 1997 1715 2069 Ἔφη
1749 1998 1863 2053 τοί-⁸

279 2112 383 2151 νυν
431 2097 466 2167 ἡ
530 2094 665 2163 ἁγία
712 2095 809 2147 καὶ
868 2092 1081 2163 μεγάλη
1147 2091 1370 2154 σύνοδος
1424 2090 1589 2145 αὑτὸν
1647 2090 1740 2145 τὸν
1798 2092 1864 2145 ὲκ

279 2188 423 2243 Θεοῦ
454 2188 548 2242 καὶ
572 2186 785 2258 Πατρδς
819 2186 960 2239 κατὰ
991 2186 1154 2256 φύσιν
1186 2183 1520 2258 γεννηθέντα
1577 2180 1704 2237 Υίὸν
1764 2200 1866 2255 μο-

281 2282 504 2351 νογενῆ,
537 2279 628 2334 τὸν
657 2280 722 2333 ἐκ
747 2279 842 2333 τοῦ
874 2276 1013 2332 Θεοῦ
1061 2275 1319 2350 ἀληθινοῦ
1353 2276 1488 2330 θεὸν
1511 2275 1786 2346 ἀληθινὸν,
1804 2275 1866 2329 τὸ

282 2372 407 2444 φῶς
436 2371 501 2426 τὸ
525 2373 589 2427 ἐκ
610 2370 706 2425 τοῦ
736 2371 935 2441 φωτὸς,
957 2369 1050 2424 τὸν
1067 2369 1133 2423 δι’
1149 2362 1210 2424 οὑ
1230 2370 1297 2422 τὰ
1310 2367 1487 2422 πάντα
1518 2368 1821 2437 πεποίηκεν
1840 2368 1868 2419 ό

285 2465 501 2537 Πατὴρ,
531 2463 841 2530 κατελθεῖν,
873 2461 1243 2534 σαρκωθῆναι,
1279 2459 1723 2531 ἔνανθρωπῆσαι,
1764 2476 1870 2511 πα-

289 2556 431 2625 θεῖν,
464 2557 765 2628 ἀναστῆναι
797 2556 863 2625 τῇ
895 2554 1055 2627 τρίτῃ
1083 2554 1287 2624 ἡμέρᾳ,
1313 2549 1559 2605 ἀνελθεῖν
1590 2552 1670 2614 είς
1703 2551 1870 2621 οὑρα-

283 2647 436 2718 νούς.
469 2647 689 2713 Τούτοις
719 2648 811 2702 καὶ
861 2648 1007 2718 ἡμᾶς
1041 2645 1270 2700 ἕπεσθαι
1300 2644 1399 2710 δεῖ,
1431 2646 1660 2707 καὶτοῖς
1690 2642 1870 2711 λόγοις

287 2741 390 2795 καὶ
412 2739 994 2815 τοῖςιπαραδείγμασιν
1020 2782 1036 2806 ,
1070 2738 1383 2801 ἐννοοῦντας
1412 2738 1463 2791 τί
1493 2738 1555 2791 τὸ
1583 2737 1872 2809 σαρκωθῆ-

286 2849 383 2887 ναι
415 2834 509 2888 καὶ
539 2830 957 2903 ὲνανθρωπῆσαι
983 2831 1133 2903 δηλοῖ
1157 2832 1249 2885 τὸν
1280 2830 1411 2884 Θεὸν
1441 2831 1631 2899 Λόγον.
1660 2830 1733 2883 Οὑ
1762 2828 1870 2901 γάρ

289 2944 475 3000 φαμεν
503 2927 586 2981 ὅτι
615 2928 651 2999 ἡ
684 2922 779 2980 τοῦ
804 2925 979 2993 Λόγου
1008 2923 1170 2993 φύσις
1202 2922 1652 2993 μεταποιηθεῖσα,
1678 2921 1871 2989 γέγονε

294 3018 477 3092 σάρξ·
509 3016 627 3072 ἀλλ’
674 3016 795 3070 οὐδὲ
850 3015 899 3068 εί
945 3014 1065 3068 ὅλον
1115 3013 1402 3083 ἄνθρωπον
1468 3009 1873 3081 μεταϐληθῆναι

287 3100 388 3165 τὸν
414 3111 482 3164 ἐκ
530 3106 711 3180 ψυχῆς
747 3107 843 3159 καὶ
893 3103 1145 3174 σώματος
1177 3119 1191 3133 ο
1223 3104 1400 3156 ὲιιεῖνο
1438 3101 1495 3155 δὲ
1530 3100 1752 3172 μᾶλλον,
1792 3100 1873 3153 ὅτι

293 3199 478 3273 σάρκα
534 3197 937 3270 ὲμψνχωμένην
974 3195 1118 3267 ψυχῇ
1165 3194 1358 3264 λογικῇ
1405 3191 1613 3255 ὲνώσας
1643 3192 1670 3243 ὁ
1699 3189 1875 3259 Λόγος

292 3292 477 3363 ἑαυτῷ
528 3291 653 3346 καθ’
683 3290 977 3345 ὑπόστασιν
1000 3328 1013 3354 ,
1045 3287 1337 3363 ἀφράστως
1389 3285 1485 3339 καὶ.
1506 3284 1879 3356 ἀπερινοήτως

296 3385 523 3455 γέγονεν
548 3382 852 3454 ἄνθρωπος,
884 3379 979 3432 καὶ
1022 3377 1430 3455 κεχρημάτικεν
1487 3375 1611 3436 Υἱὸς
1664 3371 1877 3443 ἀνθρὼ-

297 3488 430 3536 ⁴που,
453 3474 513 3522 ού
540 3469 683 3524 κατὰ
704 3471 923 3542 θέλησιν
959 3471 1149 3543 μόνην,
1171 3470 1204 3540 ἢ
1230 3469 1474 3523 εὐδοκίαν
1493 3485 1506 3499 ·
1532 3468 1647 3524 ἀλλ’
1664 3467 1784 3521 οὑδὲ
1805 3466 1881 3531 ὡς

300 3566 361 3619 ἓν
414 3563 717 3637 προσλήψει
774 3564 1071 3636 προσώπου
1128 3564 1333 3634 μόνον’
1366 3563 1460 3617 καὶ
1490 3564 1574 3616 ὅτι
1630 3561 1881 3629 διάφοροι

302 3658 406 3729 μὲν
436 3657 495 3709 αἱ
552 3657 687 3728 πρὸς
738 3656 964 3727 ἑνότητα
1021 3654 1121 3726 τὴν
1173 3654 1434 3726 ἀληθινὴν
1476 3653 1880 3725 συνενεχθεῖσαι

301 3746 495 3815 φύσεις
527 3745 661 3818 (25).
705 3740 785 3808 εἷς
816 3745 873 3797 δὲ
921 3745 980 3812 ἐξ
1030 3745 1233 3815 ἀμφοῖν
1266 3746 1522 3818 Χριστὸς,
1590 3746 1683 3798 καὶ
1728 3742 1878 3809 Υίδς,

305 3839 407 3909 οὑχ
438 3838 513 3900 ὡς
544 3837 642 3907 τῆς
688 3836 798 3889 τῶν
837 3835 1050 3905 φύσεων
1082 3837 1344 3907 διαφορᾶς
1395 3835 1747 3909 ἀνῃρημένης
1793 3834 1881 3887 διὰ

303 3930 406 4001 τὴν
435 3931 628 3985 ἕνωσιν
651 3941 665 3956 ·
698 3928 1120 3982 ἁποτελεσασῶν
1167 3929 1224 3982 δὲ
1264 3929 1462 3999 μᾶλλον
1499 3932 1632 4000 ἡμῖν
1669 3927 1759 3981 τὸν
1787 3926 1882 3980 ’ένα

308 4019 517 4091 Κύριον
569 4020 664 4072 καὶ
698 4019 937 4092 Χριστὸν
966 4020 1059 4071 καὶ
1096 4018 1221 4071 Υίὸν
1253 4019 1318 4072 ὲκ
1376 4018 1629 4088 θεότητός
1676 4034 1737 4069 τε
1790 4018 1884 4069 καὶ

309 4110 758 4183 ἁνθρωπότητος,
794 4109 882 4163 διὰ
931 4111 1031 4180 τῆς
1087 4110 1365 4181 ἀφράστου
1422 4110 1517 4163 καὶ
1568 4110 1881 4187 ἀπορρήτου

306 4201 451 4275 πρὸς
476 4202 705 4272 ἑνότητα
733 4201 1059 4273 συνδρομῆς.
1081 4204 1189 4255 Kal
1204 4202 1330 4272 μετ’
1348 4203 1522 4272 ὀλίγα
1541 4218 1554 4231 ·
1586 4203 1803 4273 Ἐπειδὴ
1828 4202 1884 4255 δὲ

303 4294 376 4349 δι’
396 4296 544 4366 ἡμᾶς
565 4296 661 4348 καὶ
686 4294 774 4346 διὰ
797 4296 895 4363 τὴν
924 4296 1198 4365 ἡμετέραν
1226 4296 1496 4365 σωτηρίαν
1529 4293 1734 4356 ἑνώσας
1761 4296 1887 4347 ἑαυ-

304 4384 388 4456 τῷ
417 4384 541 4439 καθ’
583 4386 882 4437 ὑπόστασιν
906 4386 998 4438 τὸν
1021 4382 1362 4456 ἀνθρώπινον
1390 4386 1660 4456 προῆλθεν
1691 4388 1754 4438 ἐκ
1787 4404 1885 4453 γυ·

303 4478 517 4542 ναικὸς,
539 4479 696 4532 ταυτὶ
724 4478 939 4546 λέγεται
970 4478 1065 4530 καὶ
1104 4478 1431 4549 γεννηθῆναι
1479 4479 1778 4547 σαρκικῶς.
1808 4479 1882 4531 Οὑ

1895 1882 1937 1938 Β

1905 3236 1949 3293 C

1955 620 2252 675 Credimus.
2311 619 2439 672 Post
2494 617 2612 671 lucc
2662 614 2853 669 Actius
2896 612 3318 668 archidiaconus
3369 610 3530 672 dixit,

1956 712 2164 766 habere
2196 726 2255 764 se
2277 725 2387 779 pra:
2416 707 2670 763 manibus
2703 706 2994 776 epistolam
3031 702 3202 759 divini
3232 703 3423 781 Cyrilli
3463 704 3534 757 ad

1954 804 2291 868 Nestorium,
2355 818 2520 873 quam
2570 800 2813 855 universi
2865 799 3108 869 episcopi
3147 798 3205 852 in
3256 797 3531 867 Eplicsina

1957 892 2167 964 synodo
2203 890 2523 962 congregati
2578 889 3081 959 subscriptionibns
3130 887 3247 943 suis
3279 902 3536 957 compro-

1956 985 2203 1040 bassent.
2232 984 2472 1038 Alteram
2497 984 2628 1037 item
2655 981 2942 1051 epistolam
2974 979 3221 1051 ejusdem
3262 979 3449 1049 Cyrilli
3477 995 3538 1034 se

1958 1077 2183 1143 habere,
2204 1076 2465 1147 scriptam
2489 1075 2557 1129 ad
2579 1074 2843 1129 Joannem
2868 1074 3189 1142 episcopum
3207 1072 3535 1137 Antiochia,

1959 1185 2084 1240 qua:
2105 1169 2363 1223 similiter
2382 1167 2579 1222 fuisset
2598 1165 2946 1220 conﬁrmata.
2972 1164 3248 1234 Petiitque
3274 1173 3333 1219 ut
3364 1165 3541 1219 amba:

1959 1262 2347 1331 recitarentur.
2383 1260 2549 1316 Facta
2583 1260 2750 1330 igitur
2777 1259 2879 1313 hac
2904 1258 2972 1313 dc
2996 1273 3055 1313 re
3092 1258 3537 1324 interlocutione,

1961 1360 2196 1423 utraque
2228 1353 2460 1422 epistola
2501 1352 2728 1407 recitata
2762 1360 2866 1405 est.

2030 1443 2241 1498 Priuris
2264 1451 2446 1499 autem
2474 1443 2721 1512 epistolae
2745 1458 2870 1511 pars
2890 1441 2956 1496 ad
2980 1442 3207 1497 verbum
3236 1442 3541 1515 sicfltabe't:

1962 1536 2448 1592 Reverendissimo
2482 1544 2539 1591 et
2583 1536 2830 1605 piissimo
2861 1535 3245 1613 comministro
3286 1536 3547 1592 Nestorio

1962 1629 2217 1700 Cyrillus.
2243 1629 2528 1692 Nonnulli,
2560 1636 2619 1683 ut
2644 1628 2828 1691 audio,
2853 1628 2999 1698 apud
3024 1630 3374 1685 sanctitatem
3396 1640 3545 1687 tuam

1963 1717 2279 1772 obtrectant
2304 1716 2461 1771 fama:
2490 1725 2714 1779 nostraz,
2753 1715 2919 1785 idque
2954 1716 3290 1786 smpissime:
3326 1728 3550 1790 tempus

1964 1809 2102 1865 illud
2138 1809 2413 1879 praecipue
2440 1817 2745 1878 captantes,
2774 1823 2898 1863 cum
2924 1808 3227 1865 honoratos
3259 1827 3323 1867 ac
3344 1813 3555 1883 primo-

1967 1919 2059 1959 res
2079 1904 2234 1958 viros
2261 1903 2318 1956 in
2346 1917 2519 1956 unum
2554 1901 2817 1957 collectos
2868 1901 3112 1957 viderint
3152 1920 3166 1956 :
3214 1917 3279 1959 ac
3314 1903 3551 1963 fortasse

1965 1993 2369 2054 existimantes,
2422 2005 2587 2045 aures
2644 1998 2768 2044 tuas
2812 1986 3135 2060 bujusmodi
3192 1986 3551 2049 sermonibus

1967 2085 2259 2142 oblectari.
2295 2082 2366 2138 Et
2396 2082 2677 2153 aliquanto
2707 2089 2863 2152 post:
2893 2080 3096 2137 Sancta
3130 2081 3301 2153 igitur
3350 2091 3408 2140 et
3434 2100 3555 2142 ma:-

1967 2195 2071 2253 gna
2105 2178 2347 2251 synodus
2399 2177 2502 2241 ait,
2552 2176 2710 2231 illum
2742 2192 2809 2231 ex
2861 2176 2978 2232 Deo
3035 2176 3200 2233 Patre
3242 2177 3551 2235 secundum

1966 2279 2226 2328 naturam
2268 2270 2516 2342 genitum
2546 2269 2749 2325 Filium
2785 2270 3035 2337 unicum,
3057 2269 3238 2325 Deum
3267 2286 3461 2327 verum
3486 2287 3555 2329 ex

1967 2364 2083 2419 Deo
2104 2377 2259 2427 vero,
2287 2362 2475 2417 lumen
2501 2360 2838 2416 ex—lumine:
2866 2377 2966 2432 per
2998 2377 3163 2433 quem
3194 2363 3380 2418 omnia
3422 2364 3556 2421 fecit

1970 2456 2166 2522 Pater;
2194 2454 2569 2519 descendisse,
2602 2454 2946 2508 incarnatum
2977 2469 3123 2519 esse,
3147 2453 3438 2511 hominem
3474 2455 3558 2510 fa-

1972 2554 2147 2611 ctum,
2191 2555 2246 2600 et
2274 2560 2494 2615 passum
2529 2559 2675 2609 esse,
2725 2545 2888 2600 tertio
2929 2543 3021 2599 die
3066 2546 3462 2613 resurrexisse,
3500 2548 3557 2601 in

1971 2639 2171 2695 caalum
2224 2638 2562 2693 ascendisse.
2617 2637 2715 2692 His
2770 2652 2875 2693 nos
2929 2638 3096 2709 320
3152 2639 3341 2695 verbis
3391 2649 3561 2711 atque

1972 2732 2213 2788 decretis
2242 2732 2512 2788 inhaerere
2550 2739 2791 2802 oportet,
2842 2732 3260 2788 considerantes
3308 2732 3441 2804 quid
3487 2732 3561 2789 sit

1974 2826 2327 2880 iucarnatum
2349 2840 2493 2891 esse,
2527 2834 2584 2879 et
2619 2824 2898 2879 hominem
2932 2824 3139 2879 factum
3195 2825 3369 2880 Deum
3418 2825 3563 2882 Ver-

1974 2916 2127 2971 bum.
2150 2916 2269 2971 Non
2288 2916 2435 2969 enim
2460 2915 2703 2970 dicimus
2724 2923 2975 2969 naturam
2998 2915 3167 2971 Verbi
3182 2916 3558 2980 immutatam,

1975 3022 2199 3063 carnem
2224 3022 2349 3061 esse
2374 3006 2603 3061 factam:
2642 3005 2738 3061 sed
2758 3020 2938 3076 neque
2965 3005 3020 3060 in
3063 3016 3242 3062 totum
3270 3006 3561 3064 hominem

1977 3114 2299 3155 conversam
2324 3113 2468 3165 esse,
2498 3099 2593 3168 qui
2626 3105 2844 3153 constat
2876 3114 2940 3152 ex
2984 3098 3170 3153 anima
3203 3107 3260 3154 et
3303 3114 3560 3171 corpore.

1978 3192 2185 3248 Verum
2217 3191 2351 3245 illud
2377 3191 2567 3261 potius
2588 3190 2849 3255 dicimus,
2884 3190 3151 3255 Verbum,
3186 3205 3312 3246 cum
3339 3207 3561 3248 carnem

1982 3284 2161 3339 anima
2190 3282 2443 3338 rationali
2471 3282 2770 3337 animatam
2810 3282 2915 3338 sibi
2940 3283 3315 3354 personaliter
3349 3286 3564 3341 univis—

1982 3385 2087 3443 set,
2125 3375 2390 3431 ineﬂ‘abili
2417 3375 2657 3445 quadam
2681 3375 3310 3447 etincomprebensibili
3349 3379 3566 3434 ratione

1982 3469 2266 3525 hominem
2298 3468 2503 3523 factum
2531 3483 2674 3533 esse,
2709 3477 2765 3522 et
2797 3468 2970 3523 tilium
2993 3468 3237 3525 hominis
3285 3478 3566 3541 vocatum,

1981 3578 2099 3618 non
2125 3565 2279 3635 juxta
2308 3562 2651 3617 voluntatem
2697 3561 2966 3615 duntaxat
3016 3577 3080 3616 ac
3129 3561 3564 3635 beneplacitum,

1984 3654 2079 3710 sed
2110 3670 2215 3708 nec
2248 3655 2420 3710 solius
2464 3668 2715 3723 personae
2773 3654 3172 3723 assumptione.
3204 3656 3269 3708 Et
3320 3654 3569 3712 diversas

1984 3748 2209 3818 quidem
2245 3762 2368 3802 esse
2400 3755 2628 3801 naturas
2663 3762 2783 3816 quae
2811 3746 2867 3800 in
2898 3761 3088 3800 veram
3120 3748 3388 3802 unitatem
3433 3763 3571 3804 con-

1984 3841 2272 3895 venerint:
2306 3840 2478 3894 unum
2502 3848 2687 3893 autem
2713 3853 2834 3893 esse
2878 3837 3161 3893 Christum
3221 3848 3279 3894 et
3332 3838 3569 3896 Filium:

1984 3948 2094 3987 non
2122 3930 2269 4001 quod
2300 3939 2622 3985 naturarum
2651 3929 2944 3985 diversitas
2975 3929 3189 3985 sublata
3213 3931 3282 3985 sit
3314 3946 3419 4002 per
3448 3932 3572 3985 uni-

1988 4024 2222 4079 tionem:
2259 4022 2356 4077 sed
2387 4021 2573 4092 potius
2595 4020 2887 4075 divinitate
2914 4021 3075 4076 simul
3125 4031 3181 4077 et
3227 4023 3574 4079 humanitate

1992 4131 2162 4170 unum
2190 4115 2356 4171 nobis
2384 4114 2683 4168 Dominum
2724 4122 2779 4167 et
2805 4112 3091 4168 Christum
3112 4129 3184 4169 ac
3218 4114 3418 4169 Filium
3441 4117 3574 4185 per-

1998 4207 2208 4261 .iciente
2232 4222 2332 4276 per
2357 4205 2695 4261 ineffabilem
2723 4215 2779 4260 et
2811 4221 3073 4262 arcanum
3117 4208 3273 4262 illum
3338 4223 3579 4264 concur-

1989 4313 2110 4353 sum
2141 4296 2209 4351 ad
2261 4297 2551 4352 unitatem.
2586 4295 2654 4350 Et
2700 4297 2859 4368 paulo
2904 4308 3017 4371 post
3045 4316 3063 4353 :
3126 4299 3398 4367 Quoniam
3442 4318 3577 4359 vero

1989 4398 2219 4459 propter
2248 4403 2350 4443 nos
2399 4396 2457 4443 et
2489 4397 2720 4459 propter
2771 4400 3016 4445 nostram
3057 4392 3288 4448 salutem
3338 4393 3578 4449 humana

1991 4492 2190 4537 natura
2214 4481 2319 4537 sibi
2342 4482 2712 4551 personaliter
2738 4483 2913 4547 unita,
2940 4485 3213 4554 processit
3237 4500 3302 4540 ex
3318 4485 3575 4547 muliere.

303 4568 421 4638 γὰρ
454 4568 671 4640 πρῶτον
697 4568 981 4639 ἄνθρωπος
1012 4566 1272 4641 ἐγεννήθη
1305 4570 1482 4632 κοινὸς
1505 4572 1569 4623 ἐκ
1600 4572 1699 4641 τῆς
1728 4570 1869 4638 ἁγίας

1996 4572 2205 4628 idcirco
2259 4581 2425 4626 natus
2476 4571 2686 4626 dicitur
2736 4574 3043 4630 secundum
3095 4590 3343 4631 carnem.
3388 4578 3581 4648 Neque

301 4659 613 4732 Παρθένου,
653 4655 753 4713 εἶθ’
788 4659 958 4724 οὕτως
1000 4664 1476 4733 καταπεφοίτηκεν
1533 4665 1619 4717 ἐπ’
1663 4664 1869 4717 αὑτὸνέ

1995 4665 2143 4720 enim
2180 4663 2421 4734 primum
2446 4672 2611 4717 natus
2638 4674 2722 4718 est
2756 4664 2923 4720 homo
2980 4668 3225 4737 vulgaris
3276 4684 3343 4723 ex
3389 4679 3583 4726 sancta

304 4754 489 4824 Λόγος
515 4770 529 4785 ⁸
565 4754 683 4808 ἀλλ’
703 4754 763 4818 ἐξ
789 4754 957 4822 αὑτῆς
985 4756 1195 4826 μήτρας
1223 4756 1464 4820 ένωοεὶς,
1489 4757 1777 4827 ὑπομεῖναι
1802 4757 1869 4809 λέ-

1994 4757 2240 4827 Virgiuc,
2266 4771 2331 4810 ac
2357 4754 2556 4810 deinde
2585 4755 2825 4810 Verbum
2857 4758 2913 4811 in
2969 4754 3445 4816 eum'descendit:
3483 4763 3579 4817 sed

306 4863 475 4921 γςται
500 4846 756 4919 γέννησιν
808 4846 1099 4917 σαρκικὴν,
1129 4846 1204 4911 ὡς
1246 4847 1351 4917 τῆς
1385 4848 1523 4911 ἰδίας
1557 4850 1757 4920 σαρκὸς
1786 4849 1869 4922 τὴε

1995 4848 2066 4904 ab
2101 4849 2222 4919 ipso
2265 4856 2424 4903 utero
2448 4847 2642 4902 unitus
2667 4849 2943 4917 carnalem
2965 4852 3312 4909 nativitatem
3343 4853 3581 4911 subiisse

1591 4992 1825 5048 VARle
1872 4992 2278 5050 LECTIONES.

384 5103 433 5183 ’ξ
468 5104 529 5161 C.
552 5104 613 5161 C.
648 5104 855 5183 αὑτοῖς.
930 5108 977 5140 ι’
1015 5107 1129 5163 εὑλ.
1168 5110 1262 5164 καὶ
1292 5109 1697 5180 Θεοσεΰεστάτῳ
1761 5111 2157 5183 interpretatus
2181 5117 2267 5163 est
2284 5107 2558 5171 Valesius,
2595 5105 2780 5162 omisit
2812 5108 2931 5181 ejus
2962 5108 3353 5181 typograpbus.
3432 5110 3479 5141 "
3516 5108 3579 5165 ϐ.

305 5175 378 5236 C.
414 5175 735 5249 λειτουργῷ.

1524 5269 1798 5325 VALESH
1840 5271 2401 5329 ANNOTATIONES.

389 5360 501 5439 (24)
535 5360 674 5415 Μεθ’
700 5360 809 5439 οὑς
838 5358 1080 5439 ξ-ᾼέιζιοςς
1114 5362 1500 5439 Exstat__etiam‘
1527 5362 1798 5439 bicAlocus
1834 5363 1892 5419 in
2000 5380 2111 5439 non
2144 5363 2290 5439 quod
2321 5380 2388 5439 εξ
2414 5365 2644 5439 ὀιιοὺηέ
2680 5369 2896 5425 naturis
2934 5384 3048 5424 una
3078 5368 3221 5425 facta
3265 5370 3357 5433 sit,
3387 5385 3588 5439 quem.

305 5429 534 5503 actione
562 5432 806 5486 secunda
832 5429 1093 5503 Chalced.
1125 5433 1362 5503 concilii,
1394 5449 1514 5503 pag.
1543 5434 1665 5489 160.

385 5502 497 5568 (ἳὸ)
530 5505 601 5558 Al
632 5504 782 5571 πρὸς
845 5501 1096 5568 ἑνότητα
1169 5502 1278 5567 τὴν
1332 5501 1633 5572 ἀληθινὴν
1676 5517 1896 5559 συνεν-

305 5572 579 5641 εχθὲῖσαι
605 5576 841 5642 φύσεις.
864 5572 1055 5627 Divina
1096 5578 1238 5631 enim
1295 5583 1351 5628 et
1406 5575 1644 5629 humana
1698 5583 1897 5631 natura

305 5644 479 5701 simul
510 5647 737 5715 junctae,
769 5658 937 5715 unum
980 5643 1261 5715 Christum
1292 5660 1357 5699 ac
1393 5646 1689 5701 Dominum
1733 5647 1899 5702 nobis

306 5712 740 5788 constituerunt.
774 5712 952 5788 Atque
983 5714 1056 5768 ita
1082 5712 1272 5788 verum
1299 5726 1385 5773 est
1423 5716 1569 5788 quod
1610 5717 1688 5771 ait
1716 5715 1898 5788 Cyril-

309 5785 423 5852 lus,
454 5786 594 5841 duas
616 5793 845 5839 naturas
878 5786 1107 5839 interse
1145 5785 1413 5852 diversas,
1440 5785 1519 5842 Vin
1549 5802 1734 5842 veram
1762 5785 1897 5842 uni-

312 5865 477 5912 tatem
497 5855 733 5912 coivissc
752 5870 764 5906 :
782 5856 925 5923 quod
940 5864 1121 5911 tamen
1135 5872 1245 5911 non
1267 5857 1893 5931 intellexitChristoph.:

636 5954 914 6049 ΡΑτιιοι.
962 5950 1082 6014 Gn.
1120 5952 1469 6019 LXXXVI.

2004 5435 2300 5510 admodum
2344 5436 2621 5510 Eutyches
2653 5441 2891 5510 asseruit
2918 5457 2934 5503 ;
2963 5440 3058 5496 sed
3093 5440 3242 5510 quod
3274 5456 3340 5495 ex
3371 5435 3589 5494 duabus

2004 5506 2396 5585 naturis_unus
2419 5506 2997 5585 eistiteritﬂhristus.
3033 5506 3215 5585 Atque
3246 5511 3320 5566 ita
3347 5510 3590 5585 Cyrillus

2004 5580 2336 5652 sententiam
2388 5593 2543 5652 suam
2597 5580 2761 5652 paulo
2825 5590 2951 5650 post
2999 5580 3249 5652 expenit,
3306 5580 3434 5638 cum
3488 5580 3589 5643 ait,

2005 5645 2096 5724 διὰ
2128 5647 2227 5724 τῇς
2261 5649 2543 5724 ἔφρᾲστου
2574 5645 2671 5703 διαὶ
2697 5645 3013 5724 ἀπορρήτου
3034 5645 3170 5721 πρὸς
3197 5654 3427 5724 ἑνότητα
3457 5667 3591 5704 συν-

2004 5716 2235 5791 δρομῆς.
2264 5716 2356 5791 Ex:
2383 5719 2470 5774 his
2498 5728 2730 5791 apparet
2749 5716 3147 5778 ltallueinatum
3174 5738 3295 5778 esse
3318 5716 3592 5781 Joannem

2006 5786 2278 5866 Langum,
2312 5786 2551 5866 doctum
2573 5786 2812 5866 "alioqui
2849 5792 3149 5865 Nicephori
3204 5794 3587 5866 interpretem.

2007 5857 2102 5932 qui
2136 5857 2360 5933 ἑνότητα
2396 5862 2645 5919 unionem
2675 5857 2861 5923 vertit.

3195 5958 3271 6021 81
