4076 6336
579 389 719 457 2571

1801 391 2116 455 EVAGRII
2150 390 2637 459 SCHOLASTICI

3702 394 3854 463 2572

577 502 786 558 dicitur
864 509 1054 572 utpote
1104 501 1200 573 qui
1259 503 1445 559 carnis
1500 519 1612 560 sua
1662 504 2008 575 nativitatem
2055 501 2158 558 sibi

2266 502 2518 573 γέννησιν
2567 503 2772 557 οίκειού
2784 519 2962 574 μενος.
2998 502 3157 558 Οὕτω
3212 502 3394 575 φαμὲν
3434 504 3599 563 αὐτὸν
3625 506 3849 571 παθεῖν,

577 592 860 665 propriam
898 592 1149 655 seciscat.
1191 594 1399 651 Eodem
1425 595 1589 650 modo
1613 596 1767 652 illum
1791 610 2011 667 passum
2036 608 2185 679 esse

580 680 819 740 dicimus
840 690 897 739 et
926 685 1314 753 resurrexisse,
1361 701 1471 742 non
1508 687 1664 757 quasi
1717 688 1865 744 Deus
1915 686 2158 742 Verbum

578 776 640 832 in
680 790 777 831 sua
820 770 1018 833 natura
1078 778 1264 851 plagas
1318 793 1517 849 passus
1567 781 1659 847 sit,
1711 794 1807 836 aut
1874 780 2157 837 clavorum

580 865 997 934 transﬁxiones,
1048 876 1145 925 aut
1190 868 1295 924 alia
1355 870 1615 941 quaelibet
1674 870 1960 927 vulnera:
2011 872 2160 928 Deus

580 960 732 1018 enim
772 961 1147 1032 perpessionis
1176 978 1377 1034 expers
1428 973 1531 1029 est.
1584 971 1776 1033 utpote
1818 964 1915 1035 qui
1974 972 2161 1020 careat

580 1066 834 1122 corpore.
877 1050 983 1108 Sed
1008 1052 1269 1123 quoniam
1291 1068 1491 1125 corpus
1518 1052 1655 1108 illud
1679 1051 1827 1125 quod
1871 1054 2158 1125 proprium

581 1142 703 1214 ejus
727 1149 866 1207 erat,
899 1156 1121 1213 passum
1150 1152 1256 1209 est,
1282 1143 1490 1200 idcirco
1530 1157 1726 1214 passus
1763 1144 1910 1200 idem
1951 1143 2160 1201 dicitur

579 1247 705 1289 esse
727 1248 831 1305 pro
860 1233 1042 1289 nobis.
1068 1234 1201 1289 Nam
1249 1236 1308 1297 in
1354 1248 1588 1305 corpore
1626 1235 1775 1307 quod
1822 1236 2157 1309 patiebatur,

569 1324 763 1382 inerat
798 1326 943 1383 Deus
965 1327 1309 1399 impatibilis.

650 1415 839 1473 Altera
869 1427 1053 1470 autem
1078 1414 1267 1487 Cyrilli
1290 1416 1544 1487 epistola,
1580 1420 1789 1490 majore
1840 1416 2064 1489 quidem
2090 1432 2159 1474 ex

581 1512 736 1575 parte
754 1504 865 1575 jam
897 1504 1071 1561 relata
1104 1514 1190 1560 est
1217 1504 1275 1569 in
1304 1504 1484 1576 primo
1508 1507 1674 1578 hujus
1695 1508 1943 1565 historia:
1988 1507 2157 1563 libro.

581 1596 773 1652 Exstat
801 1604 982 1653 autem
1012 1596 1066 1651 in
1090 1612 1156 1652 ea
1186 1595 1401 1652 dictum
1427 1597 1727 1669 quoddam,
1753 1597 1901 1669 quod
1919 1597 2161 1655 Joannes

580 1687 806 1760 quidem
831 1687 1220 1753 Antiochensis
1242 1691 1537 1762 cpiscopus
1558 1690 1612 1745 in
1631 1691 1831 1747 litteris
1850 1691 1965 1747 suis
1987 1705 2158 1762 expo-

576 1790 772 1838 suerat
792 1798 809 1848 ;
832 1779 1069 1854 Cyrillus
1088 1796 1227 1838 vero
1242 1782 1503 1839 omnibus
1517 1783 1793 1853 suﬁragiis
1809 1782 2155 1853 approbavit.

2261 592 2356 647 καὶ
2388 592 2708 663 ἀναστῆναι,
2738 594 2838 663 οὐχ
2863 594 2942 659 ὡς
2970 592 3063 647 τοῦ
3095 592 3233 648 Θεοῦ
3263 594 3438 664 Λόγου
3473 594 3738 661 παθόντος
3761 595 3851 659 εις

2266 686 2404 740 ίδίαν
2460 676 2643 754 φύσιν,
2684 684 2717 755 ἢ
2754 685 2992 756 πληγὰς,
3021 686 3055 757 ἢ
3081 687 3395 759 διατρήσεις
3424 686 3594 759 ἥλων,
3622 689 3655 759 ή
3707 687 3851 756 γοῦν

2259 776 2331 830 τὰ
2416 777 2583 848 ῑτερα
2671 776 2783 830 τῶν
2875 778 3225 848 τραυμάτων.
3294 778 3530 844 ’Δπαθὶς
3608 779 3718 850 γὰρ
3780 782 3855 834 τὸ

2259 867 2435 933 Θεϊον,
2470 867 2554 921 ὅτι
2585 866 2681 921 καὶ
2706 866 3020 938 ἀσώματον.
3070 866 3294 938 Ἐπειδὴ
3322 867 3379 920 δὲ
3404 867 3469 923 τὸ
3496 868 3721 939 γεγονὸς
3743 867 3857 922 αὑ-

2261 956 2359 1012 τοῦ
2391 957 2522 1013 ἴδιον
2550 958 2711 1029 σῶμα
2740 958 2999 1023 πέπονθε,
3024 956 3197 1013 ταῦτα
3226 960 3393 1014 πάλιν
3433 960 3597 1025 αὐτὸς
3623 960 3855 1029 λέγεται

2260 1048 2455 1104 παθεῖν
2482 1048 2626 1121 ὑπιρ
2659 1048 2838 1121 ήμῶν.
2866 1043 2977 1104 Ἦν
3008 1050 3118 1120 γὰρ
3154 1050 3185 1104 ό
3232 1050 3468 1124 ἀπαθής,
3500 1050 3560 1107 ἐν
3614 1049 3695 1122 τῷ
3737 1047 3855 1108 πάι-

2263 1156 2443 1211 οχοντι
2470 1138 2705 1213 σώματι.

2332 1407 2445 1479 Τῆς
2467 1406 2525 1461 δέ
2548 1422 2609 1475 γε
2629 1405 2827 1476 ἑτέρας
2851 1405 2921 1459 τὰ
2949 1405 3124 1459 πολλά
3155 1404 3257 1476 μὲν
3278 1403 3421 1459 κατὰ
3449 1402 3548 1473 τὴν
3569 1400 3854 1473 προτέραν

2262 1499 2509 1569 ἱστορίαν
2536 1497 2844 1569 ένήνεκται.
2887 1498 3043 1551 Ἐστι
3075 1496 3132 1551 δὲ
3165 1498 3224 1551 ὲν
3262 1495 3401 1567 αὐτῇ
3448 1493 3606 1565 ῥῆσις
3638 1493 3853 1557 τοιάδε,

2260 1590 2327 1661 ήν
2374 1590 2621 1660 γέγραφε
2679 1588 2779 1659 μὲν
2818 1588 3072 1659 Ἰωάννης
3095 1589 3125 1641 ό
3151 1587 3251 1657 τῆς
3298 1586 3635 1656 Ἀντιοχέων,
3670 1600 3856 1656 προσ-

2260 1682 2435 1752 ήκατο
2461 1680 2520 1734 δι
2550 1682 2749 1745 πάσαις
2776 1679 2981 1752 ψήφοις
3010 1679 3301 1751 Κύριλλος.
3324 1678 3723 1749 ὐμολογοῦμεν
3744 1677 3859 1750 τὴν

2261 1774 2423 1843 ἁγίαν
2484 1773 2762 1845 Παρθένον
2813 1772 3097 1836 Θεοτόκον,
3125 1771 3211 1825 διὰ
3269 1772 3327 1824 τὸ
3356 1771 3448 1824 τὸν
3492 1770 3628 1825 Θεὸν
3673 1771 3860 1841 Λόγον

577 1872 643 1928 Id
673 1872 753 1928 sic
784 1846 988 1928 habet:
1020 1872 1367 1931 Conﬁtunur
1414 1885 1661 1930 sanctam
1692 1846 2001 1947 'Virgi-u-em,
2031 1875 2161 1930 Dei-

2266 1852 2621 1937 σαρκωθῆναι
2643 1865 2701 1931 ιε
2723 1863 2895 1935 αὐτῆς
2926 1863 3019 1916 καὶ
3047 1860 3469 1933 ένανθρωπῆσαι
3489 1900 3503 1925 ,
3539 1862 3634 1914 καὶ
3659 1860 3721 1925 ἐξ
3748 1862 3861 1915 αὖ-

579 1978 793 2035 param.
825 1970 1121 2034 propterea
1148 1963 1297 2035 quod
1324 1964 1471 2019 Deus
1494 1964 1735 2019 Verbum
1758 1979 1824 2020 ex
1853 1979 1918 2020 ea
1936 1980 2159 2021 carnem

576 2055 883 2126 sumpserit
913 2062 970 2110 et
997 2054 1167 2109 homo
1195 2053 1374 2110 laetus
1404 2054 1497 2123 sit,
1521 2063 1576 2110 et
1602 2054 1673 2109 ab
1699 2054 1818 2126 ipso
1843 2056 2163 2127 conceptio-

578 2146 669 2203 nis
698 2145 930 2203 exordio
952 2146 1216 2217 templum
1245 2160 1315 2201 ex
1342 2161 1407 2201 ea
1435 2154 1777 2216 assumptum
1798 2146 1906 2204 sibi
1964 2148 2160 2204 unive-

575 2240 673 2294 rit.
702 2232 1066 2307 Evangelicas
1089 2246 1272 2293 autem
1303 2245 1360 2293 et
1388 2238 1722 2308 apostolicas
1743 2252 1908 2294 voces
1942 2255 2064 2309 quae
2092 2238 2161 2296 de

576 2331 816 2388 Domino
847 2331 1133 2397 dicuntur,
1159 2330 1369 2385 scimus
1397 2329 1618 2385 divinos
1653 2330 1777 2385 illos
1821 2331 1972 2386 viros
2027 2331 2162 2387 alias

582 2421 807 2494 quidem
838 2421 1209 2478 communiter
1229 2420 1501 2490 accipere,
1544 2428 1606 2474 ut
1656 2420 1725 2476 de
1762 2436 1881 2479 ,una
1924 2436 2161 2491 persona

580 2514 787 2575 dictas:
847 2512 983 2569 alias
1034 2527 1168 2567 vero
1212 2511 1485 2576 dividere,
1541 2522 1601 2569 ut
1647 2527 1769 2581 qua:
1808 2512 1895 2567 de
1942 2512 2159 2567 duabus

578 2606 801 2663 naturis
841 2604 1220 2675 proferantur.
1282 2605 1353 2661 Et
1382 2605 1481 2659 has
1521 2604 1743 2675 quidem
1788 2605 1901 2661 Deo
1943 2605 2157 2676 dignas,

573 2699 731 2768 juxta
753 2696 1017 2753 deitatem
1047 2695 1255 2753 Christi
1296 2712 1309 2750 :
1344 2696 1479 2761 alias
1528 2712 1661 2752 vero
1706 2697 1943 2753 humiles
1994 2705 2160 2767 atque

579 2785 845 2857 abjectas,
884 2787 1041 2857 juxta
1092 2785 1338 2856 ejusdem
1398 2786 1793 2843 humanitatem
1847 2787 2156 2843 tradidisse.

578 2878 794 2945 Quibus
822 2879 939 2933 haec
967 2877 1255 2949 subjungit
1275 2878 1543 2949 Cyrillus:
1580 2879 1677 2936 His
1723 2881 1897 2935 sacris
1929 2881 2162 2935 vocibus

579 2974 783 3024 vestris
808 2969 1091 3040 perlectis,
1122 2984 1247 3029 cum
1270 2986 1375 3026 nos
1415 2972 1566 3041 ipsos
1597 2972 1741 3027 idem
1764 2973 1971 3029 sentire
1992 2973 2161 3029 intel-

577 3060 915 3131 ligeremus:
950 3078 968 3111 ι
1000 3057 1155 3116 Unus
1182 3060 1331 3115 enim
1358 3061 1643 3128 Dominus,
1664 3078 1772 3116 una
1793 3062 1949 3128 ﬁdes,
1984 3079 2156 3118 unum

580 3149 885 3219 baptisma:
915 3167 932 3200 ι
976 3147 1326 3205 Servatorem
1353 3151 1598 3205 omnium
1636 3152 1805 3206 Deum
1824 3151 2157 3223 gloriﬁcavi-
2186 3174 2229 3233 ο

579 3255 724 3305 mus,
752 3239 989 3296 invicem
1013 3241 1371 3311 gratulantes.
1402 3242 1549 3311 quod
1582 3250 1691 3296 tam
1744 3253 1965 3307 nostra,
1998 3244 2155 3314 321

579 3347 746 3403 quam
786 3339 983 3386 vestra:
1035 3332 1278 3402 regionis
1316 3333 1595 3397 Ecclesiae,
1642 3334 1805 3389 ﬁdem
1852 3350 1977 3392 cum
2019 3334 2164 3391 Scri-

579 3422 761 3494 pturis
786 3420 1053 3477 divinitus
1074 3422 1356 3494 inSpiratis
1386 3434 1442 3477 et
1471 3439 1594 3480 cum
1622 3426 1917 3483 traditione
1938 3438 2161 3483 sancto-

583 3528 703 3568 rum
746 3512 972 3569 Patrum
1026 3514 1465 3571 consentientem
1516 3516 1899 3586 proﬁteantur.
1948 3517 2163 3585 Quibus

579 3601 877 3673 perlectis,
912 3601 1155 3673 episcopi
1212 3604 1307 3673 qui
1364 3604 1594 3669 aderant
1646 3606 2023 3662 exclamarunt
2074 3607 2164 3662 his

582 3693 797 3749 verbis:
832 3692 1087 3748 Universi
1122 3694 1195 3747 ita
1219 3694 1525 3749 credimus:
1552 3696 1663 3751 Leo
1694 3711 1833 3766 papa
1871 3696 1945 3749 ita
1966 3696 2161 3752 credit.

583 3782 893 3839 Anathema
918 3784 969 3837 ei
988 3782 1083 3854 qui
1111 3781 1327 3850 dividit,
1357 3793 1413 3839 et
1460 3785 1511 3839 ei
1542 3786 1635 3855 qui
1680 3785 1988 3841 confundit.
2038 3785 2167 3841 Haec

586 3887 670 3932 est
700 3876 835 3932 ﬁdes
858 3874 1060 3931 Leonis
1088 3874 1519 3949 archiepisc0pi;
1551 3876 1661 3932 Leo
1718 3878 1799 3932 sic
1824 3877 2026 3944 credit;
2056 3878 2166 3933 Leo

586 3979 642 4026 et
664 3970 956 4025 Anatolius
985 3969 1061 4023 ita
1102 3967 1374 4033 credunt;
1427 3967 1674 4025 universi
1728 3969 1801 4024 ita
1853 3968 2164 4035 credimus;

587 4069 649 4115 ut
681 4060 941 4132 Cyrinus,
976 4058 1057 4114 sic
1076 4071 1179 4112 nos
1211 4056 1525 4123 credimus;
1562 4057 1751 4129 Cyrilli
1798 4070 2004 4113 aeterna
2048 4074 2166 4113 me-

582 4153 795 4218 moria;
832 4162 892 4205 ut
921 4151 1168 4220 epistola:
1222 4149 1412 4221 Cyrilli
1444 4150 1671 4216 habent,
1729 4150 1809 4205 sic
1860 4150 2165 4218 sentimus;

588 4246 663 4299 ita
690 4242 1049 4306 credidimus,
1090 4242 1168 4296 ita
1202 4240 1506 4296 credimus.
1559 4242 1670 4297 Leo
1720 4241 2169 4313 archiepiscopus

587 4335 663 4387 ita
685 4332 873 4395 sentit,
906 4332 981 4385 ita
1013 4330 1213 4395 credit,
1242 4330 1315 4385 ita
1344 4331 1592 4402 scripsit.

655 4423 851 4478 Postea
882 4437 1008 4477 cum
1034 4422 1386 4479 interlocutio
1406 4425 1619 4497 prolata
1641 4431 1807 4489 esset,
1838 4433 1897 4479 ut
1939 4424 2169 4495 epistola

2260 1956 2365 2026 τῆς
2397 1955 2498 2026 τῆς
2528 1954 2841 2025 συλλήψεως
2869 1953 3066 2007 ένῶσαι
3097 1952 3276 2023 ἑαυτῷ
3302 1952 3395 2005 τὸν
3434 1952 3494 2016 ἐξ
3541 1951 3710 2022 αὐτῆς
3746 1951 3857 2022 λη-

2263 2046 2466 2117 φθέντα
2488 2046 2752 2108 ναόν.Τάς
2781 2047 2837 2100 δὲ
2856 2045 3215 2114 εὑαΠελικάς
3247 2045 3343 2099 καὶ
3367 2045 3733 2107 ἀποστολικὰς
3753 2045 3860 2097 ἐπὶ

2261 2138 2355 2195 τοῦ
2387 2139 2593 2209 Κυρίου
2622 2139 2826 2208 φωνὰς,
2857 2138 3015 2208 ῐσμεν
3043 2137 3171 2200 τοὺς
3198 2135 3493 2207 θεοφόρους
3519 2135 3720 2206 ἄνδρας
3747 2137 3860 2197 τὰς

2265 2228 2366 2299 μὲν
2394 2224 2853 2291 κοινοποιοῦντας,
2884 2229 2962 2291 ὡς
2987 2228 3071 2297 ἐφ’
3102 2225 3220 2291 ένδς
3269 2224 3567 2297 προσώπου
3594 2241 3608 2253 ·
3640 2226 3741 2288 τὰς
3794 2225 3858 2278 δὲ

2262 2319 2627 2389 διαιροῦντας,
2651 2319 2724 2383 ὡς
2761 2320 2855 2372 ἐπὶ
2887 2318 2981 2372 δύο
3014 2318 3229 2387 φύσεων
3259 2334 3273 2348 '
3304 2318 3399 2371 καὶ
3430 2317 3531 2379 τὰς
3568 2318 3667 2387 μὲν
3723 2317 3855 2371 θεο-

2263 2410 2518 2479 πρεπείς,
2552 2408 2695 2462 κατὰ
2750 2408 2853 2477 τὴν
2902 2407 3131 2476 θεότητα
3184 2406 3277 2459 τοῦ
3325 2404 3564 2477 Χριστοῦ
3593 2422 3607 2437 ο
3656 2406 3753 2467 τὰς
3795 2406 3860 2458 δὲ

2262 2498 2551 2560 ταπεινὰς,
2589 2497 2729 2551 κατὰ
2772 2497 3170 2566 ἀνθρωπότητα
3224 2495 3393 2554 αὐτοῦ
3437 2496 3854 2565 παραδιόοντος.

2263 2582 2357 2652 Οἷς
2414 2590 2692 2660 ἐπήγαγεν
2714 2605 2727 2618 ·
2758 2588 2999 2651 Ταύταις
3052 2586 3205 2657 ὑμῶν
3235 2589 3355 2649 ταῖς
3386 2589 3557 2657 ίεραῖς
3599 2586 3861 2655 ἐντυχόνθ-

2264 2696 2356 2743 τες
2420 2682 2661 2749 φωναῖς,
2692 2679 2867 2741 οὕτως
2919 2679 3017 2749 μὲν
3068 2680 3162 2731 καὶ
3216 2679 3413 2742 αὐτοὺς
3437 2680 3478 2710 ⁶¹
3514 2678 3857 2748 φρονοῦντας

2265 2773 2612 2843 εὑρίσκομεν.
2648 2791 2663 2823 ι
2692 2765 2784 2835 Εἷς
2810 2772 2919 2842 γὰρ
2950 2769 3177 2839 Κύριος,
3204 2770 3305 2840 μία
3334 2771 3533 2835 πίστις,
3563 2769 3622 2823 ἓν
3653 2770 3855 2839 βάπτι-

2264 2881 2398 2935 σμα.
2432 2884 2450 2915 ι
2473 2864 2837 2933 Ἐδοξάσαμεν
2864 2861 2957 2917 οὖν
2989 2864 3078 2916 τὸν
3106 2862 3213 2915 τῶν
3239 2863 3375 2915 ὅλων
3420 2862 3649 2933 Σωτῆρα
3675 2862 3815 2915 Θεὸν
3837 2901 3855 2929 ,

2263 2956 2514 3027 ἀλλήλοις
2552 2956 2960 3025 συγχαίροντες,
2990 2955 3072 3010 ὅτι
3121 2954 3243 3015 ταῖς
3292 2950 3671 3016 θεοπνεύστοις
3707 2954 3858 3027 Γρα-

2264 3050 2391 3117 φαῖς
2449 3047 2543 3100 καὶ
2591 3049 2660 3117 τῇ
2712 3046 3010 3116 παραδόσει
3039 3044 3148 3098 τῶν
3190 3045 3361 3112 ἁγίων
3396 3044 3553 3114 ἡμῶν
3588 3046 3858 3114 Πατέρων

2266 3133 2669 3205 συμϐαίνουσαν
2699 3134 2880 3204 έχουσι
2913 3135 3093 3186 πίστιν
3128 3132 3189 3185 ατ
3216 3149 3275 3185 τε
3313 3132 3442 3202 παρ’
3470 3133 3601 3202 ἡμῖν
3649 3135 3745 3186 καὶ
3796 3137 3858 3187 αι

2266 3226 2395 3298 παρ⁹
2416 3226 2543 3296 ὑμῖν
2560 3217 3003 3295 ἘκκλησίαιῙΩν
3024 3224 3472 3293 ἀνεγνωσμένων,
3488 3225 3537 3276 oi
3557 3224 3655 3293 τῆς
3677 3222 3858 3293 αὐτῆς

2264 3319 2570 3389 ἐπεϐόησαν
2611 3319 2831 3372 συνόδου
2864 3318 3073 3387 ῥήμασι
3100 3315 3363 3380 τοιούτοις
3385 3330 3399 3345 ·
3430 3314 3639 3376 Πάντες
3676 3313 3859 3378 οὕτως

2265 3408 2596 3481 πιστεύομεν
2623 3426 2636 3441 ·
2668 3410 2695 3462 ό
2726 3409 2915 3471 πάπας
2950 3409 3101 3461 Λέων
3123 3407 3298 3471 οὕτως
3329 3408 3596 3463 πιστεύει.
3633 3407 3858 3461 Ἀνάθο-

2269 3520 2346 3573 μα
2377 3500 2455 3571 τῷ
2492 3499 2793 3572 μερίζοντι,
2826 3500 2919 3553 καὶ
2952 3499 3031 3569 τῷ
3064 3500 3387 3568 συγχέοντι·
3424 3497 3561 3570 αὕτη
3583 3501 3620 3569 ή
3665 3499 3857 3563 πίστις

2266 3591 2495 3655 Λέοντος
2519 3590 2613 3645 τοῦ
2650 3590 3114 3663 ἀρχιεπισκόπου’
3152 3591 3304 3644 Λέων
3354 3589 3528 3651 οὓτως
3578 3587 3854 3655 πιστεύει,

2270 3688 2423 3743 Λέων
2454 3688 2551 3740 καὶ
2584 3684 2892 3748 Ἀνατόλιος
2918 3683 3090 3746 οὕτως
3120 3681 3434 3735 πιστεύουσι
3460 3697 3472 3710 ·
3524 3680 3724 3742 πάντες
3763 3681 3859 3733 οὖς

2267 3795 2376 3841 τως
2422 3778 2753 3847 πιστεύομεν
2775 3792 2787 3804 ·
2822 3776 2897 3839 ὡς
2928 3773 3216 3845 Κύριλλος,
3264 3772 3440 3835 οὕτως
3467 3771 3800 3840 πιστεύομεν
3839 3787 3854 3800 ·

2271 3869 2533 3937 αίωνίαηή
2565 3868 2755 3938 μνήμη
2789 3865 3063 3937 Κυρίλλου
3092 3879 3104 3893 ⁶
3137 3865 3213 3927 ὼς
3247 3865 3305 3917 αι
3328 3863 3609 3915 ἐπιστολαὶ
3642 3862 3852 3933 Rupil-

2270 3958 2363 4011 λου
2399 3958 2535 4011 εἰσιν
2567 3956 2702 4028 (26),
2731 3955 2907 4018 οὕτως
2936 3952 3277 4026 φρονοῦμενο
3317 3950 3491 4014 οὕτως
3525 3951 3857 4006 ἐπιστεύσα-

2275 4067 2398 4122 μεν,
2432 4048 2605 4112 οὕτως
2629 4046 2983 4117 πιστεύομεν.
3018 4045 3173 4098 Λέων
3218 4046 3245 4097 ὁ
3280 4044 3711 4114 ἀρχιεπίσκοπος
3755 4042 3857 4097 οὔ·

2269 4156 2377 4205 τως
2410 4139 2618 4210 φρονεῖ,
2642 4135 2814 4201 οὕτως
2840 4133 3107 4199 πιστεύει,
3140 4131 3313 4196 οὕτως
3336 4132 3566 4202 ἔγραψε.

2344 4422 2638 4486 Διαλαλιᾶς
2677 4421 2734 4475 δὲ
2770 4419 3086 4492 ἐνεχθείσης
3120 4419 3215 4474 καὶ
3247 4421 3347 4492 τὴν
3378 4422 3607 4486 Λέοντος
3639 4425 3860 4478 ἐπιστο-

584 4529 805 4587 quoque
840 4512 1043 4569 Leonis
1074 4516 1420 4581 recitaretur,
1474 4515 1529 4570 in
1570 4514 1819 4572 Graecum
1864 4532 2164 4572 sermonem

2277 4516 2375 4587 λὴν
2399 4515 2836 4586 ἀναγνωσθῆναι,
2877 4513 3323 4584 μεταφρασθεϊσα
3351 4514 3450 4584 τῆς
3492 4514 3859 4584 ἀναγνώσεως

587 4612 853 4663 conversa
869 4605 1087 4675 publice
1104 4607 1325 4662 recitata
1344 4616 1448 4673 est,
1464 4616 1519 4663 et
1531 4607 1902 4664 monumentis
1917 4624 1979 4663 ac
1988 4616 2168 4663 torum

588 4698 793 4754 inserta
820 4695 1078 4753 habetur.
1100 4696 1211 4755 Hac
1240 4699 1469 4769 cpistola
1489 4686 1751 4770 perleCta,
1778 4714 1901 4755 cum
1922 4700 2169 4771 episcopi

587 4791 981 4846 acclamassent
1008 4789 1167 4847 :llaec
1192 4791 1327 4846 ﬁdes
1363 4792 1582 4846 Patrum
1605 4807 1624 4846 :
1643 4792 1759 4848 haec
1787 4792 1925 4850 ﬁdes
1946 4803 2168 4864 aposto—

588 4882 803 4950 lorum;
828 4896 1017 4939 omnes
1048 4882 1121 4937 ita
1146 4881 1446 4951 credimus;
1479 4884 1769 4939 orthodoxi
1804 4884 1877 4941 ita
1900 4884 2167 4952 credunt;

588 4975 879 5030 anathema
903 4974 953 5030 ei
972 4975 1065 5046 qui
1098 4975 1178 5030 sic
1205 4990 1315 5031 non
1339 4974 1546 5042 credit;
1582 4977 1778 5033 Petrus
1794 4993 1892 5049 per
1926 4977 2166 5032 Leonem

591 5068 693 5127 ista
751 5066 1098 5127 locutusest
1132 5066 1422 5139 :Apostoli
1473 5070 1547 5123 ita
1590 5067 1934 5136 docuerunt;
1979 5070 2069 5140 pie
2104 5084 2169 5125 ac

588 5170 717 5211 vere
751 5155 941 5212 docuit
965 5150 1112 5225 Leo;
1140 5157 1380 5230 Cyrillus
1408 5159 1485 5214 ita
1516 5160 1723 5215 docuit.
1756 5160 1867 5217 Leo
1894 5171 1949 5217 et
1993 5160 2169 5233 Cyril-

588 5249 673 5305 ius
732 5250 987 5305 similiter
1043 5253 1448 5323 prmdicarunt;
1485 5255 1778 5309 anathema
1839 5256 1891 5309 ei
1940 5256 2035 5325 qui
2090 5255 2171 5308 sic

589 5357 699 5397 non
764 5344 969 5415 credit;
1028 5347 1145 5403 haec
1188 5363 1317 5404 vera
1365 5348 1534 5416 ﬁdes;
1567 5347 1858 5404 orthodoxi
1913 5348 1988 5403 ita
2041 5363 2169 5402 sen-

2274 4611 2463 4680 έτυχεν
2496 4625 2510 4639 ο
2544 4608 2805 4678 ἦτιςτοῖς
2840 4604 3161 4677 πραχθεῖσιν
3184 4604 3510 4675 ἐμφέρεται.
3537 4606 3694 4659 Μετὰ
3724 4606 3857 4672 γοῦν

2270 4702 2373 4773 τὴν
2403 4700 2710 4769 ἀνάγνωσιν
2734 4699 2844 4751 τῶν
2868 4698 3185 4751 ἐπισκόπων
3212 4695 3623 4767 ἐπιϐοησάντων
3650 4712 3666 4727 ⁸
3700 4698 3857 4767 Αὕτη

2270 4795 2305 4863 ὴ
2334 4793 2518 4854 πίστις
2554 4788 2664 4842 τῶν
2693 4786 2953 4857 Πατέρων
2980 4826 2994 4851 ,
3026 4784 3167 4856 αὕτη
3199 4787 3233 4857 ή
3265 4787 3447 4849 πίστις
3480 4789 3588 4842 τῶν
3632 4791 3854 4843 ἀποστό-

2272 4891 2381 4941 λων
2405 4900 2419 4915 ⁹
2457 4885 2655 4946 πάντες
2702 4880 2875 4942 οὕτως
2900 4881 3233 4950 πιστεύομεν
3256 4897 3270 4911 ⁸
3302 4883 3353 4934 oi
3377 4880 3647 4952 όρθόδοξοι
3680 4881 3857 4946 οὕτως

2275 4979 2609 5047 πιστεύομεν
2636 4990 2649 5005 ο
2680 4972 2929 5043 ἀνάθεμα
2958 4972 3035 5041 τῷ
3066 4974 3140 5045 μὴ
3162 4971 3337 5036 οὕτως
3370 4974 3679 5027 πιστεύοντι
3703 4991 3717 5005 ο
3749 4974 3860 5027 Πέ-

2273 5088 2404 5142 τρος
2454 5069 2544 5123 διὰ
2579 5068 2806 5130 Λέοντος
2857 5064 3032 5119 ταῦτα
3070 5064 3413 5135 ἐξεφώνησεν
3436 5083 3450 5097 ο
3480 5065 3529 5117 οί
3562 5064 3858 5118 ἀπόστολοι

2274 5164 2446 5225 οὓτως
2475 5160 2721 5224 ἐδίδαξαν
2748 5176 2762 5189 ο
2795 5158 3034 5219 εὐσεϐῶς
3068 5158 3164 5209 καὶ
3195 5156 3409 5226 ἀληθῶς
3444 5157 3595 5209 Λέων
3620 5155 3854 5219 meass-

2276 5253 2544 5325 Κύριλλος
2573 5249 2751 5311 οὕτως
2778 5246 2981 5311 ἐδίδαξε
3006 5264 3017 5277 ·
3046 5246 3198 5301 Λέων
3223 5247 3315 5299 καὶ
3345 5244 3614 5314 Κύριλλος
3652 5243 3859 5312 ὁμοίως

2277 5342 2839 5410 ὲδίδαξαν.’Λνάθεμα
2860 5337 2937 5409 τῷ
2969 5337 3044 5410 μὴ
3076 5337 3249 5399 οὕτως
3280 5334 3591 5390 πιστεύοντι
3612 5351 3626 5365 ·
3654 5333 3798 5403 αὓτη
3822 5333 3859 5404 ή

1877 5490 2118 5547 ΥΛΙὶΙιΕ
2174 5485 2584 5545 LECTiONES.

657 5559 698 5591 "
740 5559 985 5625 ἑαυτούς.

1786 5653 2055 5712 YALESII
2089 5649 2649 5708 ANNOTATIONES.

658 5749 772 5820 (26)
809 5750 901 5815 Ὠς
931 5754 991 5807 al
1021 5750 1332 5808 ἐπιστολαί
1357 5752 1664 5822 Κυρίλλου
1697 5752 1873 5807 είσίν.
1899 5751 1957 5805 in
1981 5748 2197 5804 actione
2233 5744 2474 5804 secunda
2514 5739 2982 5804 Chalcedonensis
3016 5737 3259 5809 concilii,
3318 5749 3441 5809 pug.
3485 5734 3607 5803 i6i,
3654 5746 3755 5805 pro
3786 5727 3861 5790 ti~

595 5821 673 5879 σίν
698 5822 960 5889 lcribitur
987 5822 1221 5897 ἔχουσιν.
