4076 6336
309 342 454 410 2577

1269 347 1650 411 ΗΙΒΤΟΙΠᾸΞ
1690 349 2280 435 ECCLESIASTICE
2323 350 2551 410 LIBER
2590 348 2668 410 II.

3445 347 3589 414 2.378

311 455 456 508 σιλεί
479 473 493 488 ο
533 454 631 519 τὰς
661 454 872 518 ἱκεσίας
902 455 979 526 τῷ
1004 456 1290 528 ὁρθοδὸξῳ,
1324 459 1422 522 τὰς
1451 461 1659 524 ἱκεσίας
1684 464 1749 530 τῇ
1794 463 1896 514 Αύ-

2013 461 2186 516 -οιοτὶ
2243 460 2350 516 llas
2380 474 2574 530 preces
2620 456 2950 512 orthodovo.
2998 457 3106 512 llas
3154 472 3349 528 preces
3406 461 3592 532 Augu—

311 545 524 619 γούστῃ
554 563 568 577 ·
618 548 821 611 πάντες
882 548 1242 619 ἡμάρτομεν,
1300 551 1434 603 πᾶσι
1489 551 1892 623 συγχωρηθείη.

325 637 668 710 Ἔπεϐόησαν
697 638 755 692 δὲ
783 639 835 690 οἱ
863 639 960 709 τῆς
995 640 1623 706 Κωνσταντινουπ¹όλεως
1671 641 1896 714 Ἐκκλη-

319 732 445 797 σίας
475 749 492 764 ·
537 731 740 801 Ὅλίγοι
769 731 1064 802 κράξουσιν
1082 751 1104 780 .·
1144 733 1203 786 οὐ
1239 733 1390 802 λέγει
1422 736 1455 804 ἠ
1489 734 1723 797 σύνοδος.
1761 735 1894 789 Μεθ’

309 822 411 887 οὓς
471 825 520 876 οί
558 823 890 877 Ἀνατολικοὶ
944 825 1269 894 ἐξεϐόησαν·
1310 825 1414 878 Τδν
1467 825 1770 893 Αἰγύπτιον
1827 827 1896 895 τῇ

310 915 526 986 ὲξορία.
561 916 625 968 Oi.
658 915 714 968 δὲ
756 916 999 986 Ἰλλυριοὶ
1025 917 1376 988 ἐκραύγασαν
1406 933 1419 946 ·
1449 917 1692 988 Δεὸμεθα
1713 957 1727 978 ,
1760 919 1899 971 πάν-

309 1019 418 1068 τας
467 1004 707 1075 ἐλέησον.
758 1006 893 1060 Μεθ’
913 1006 1008 1070 οὒς
1053 1009 1102 1061 οί
1161 1009 1493 1061 Ἀνατολικοί
1525 1023 1537 1038 ·
1581 1008 1682 1060 Τὸν
1735 1008 1899 1077 Αἰγύ-

311 1115 477 1152 πτιον
505 1100 572 1169 τῇ
610 1098 816 1170 εξορίᾳ.
850 1100 960 1154 Καὶ
995 1099 1102 1154 τῶν
1147 1099 1418 1172 Ἰλλυριῶν
1442 1101 1510 1154 τά
1540 1100 1898 1173 παραπλήσια

311 1190 636 1256 αἰτούντων,
670 1190 718 1242 οί
747 1190 839 1244 τοῦ
874 1191 1076 1262 κλήρου
1146 1192 1769 1256 Κωνσταντινουπόλεως
1812 1193 1900 1257 ἐξ-

308 1278 575 1350 εϐόησαν·
642 1279 930 1352 Διόσκορον
959 1284 1024 1353 τῇ
1083 1283 1289 1355 ἐξορίᾳ,
1329 1284 1422 1338 τὸν
1475 1284 1771 1352 Αἰγύπτιον
1835 1287 1897 1356 τῇ

309 1369 525 1442 ἑξορίᾳ,
570 1371 661 1424 τὸν
715 1373 991 1443 αἱρετικὸν
1043 1378 1108 1446 τῇ
1137 1375 1346 1448 ἐξορίαο
1378 1377 1673 1448 Διόσκορον
1703 1380 1742 1433 ά
1763 1379 1899 1449 Χρι-

313 1462 444 1527 πὸς
488 1463 723 1520 καθεῖλε.
783 1465 919 1518 Μεθ’
953 1464 1044 1530 οὓς
1106 1468 1267 1521 πάλιν
1317 1470 1366 1522 οί
1411 1451 1659 1538 Ἱλλυριοῖ
1703 1470 1796 1522 καὶ
1852 1470 1900 1524 oi

311 1551 458 1623 ἀμφ’
486 1555 684 1619 αὐτοὺς
743 1556 1034 1610 ἐπίσκοποι
1057 1574 1071 1589 ο
1105 1558 1315 1622 Πάντες
1367 1561 1694 1631 ἡμάρτομεν
1720 1577 1734 1592 ο
1767 1563 1901 1616 πᾶσι

315 1642 678 1715 συγχώρησον
702 1664 715 1676 ·
747 1648 1038 1719 Διόσκορον
1082 1652 1148 1719 τῇ
1182 1651 1410 1722 συνόδῳ,
1441 1652 1733 1723 Διόσκορον
1779 1656 1900 1718 ταῖς

327 1732 704 1806 Ἐκκλησίαις.
735 1739 846 1794 Καὶ
871 1740 981 1795 τῶν
1011 1741 1406 1813 παραπλησίων
1434 1745 1805 1815 προελθόντων
1834 1746 1903 1800 τὰ

310 1825 420 1894 τῆς
447 1826 706 1899 τοιαύτης
737 1828 1105 1895 συνελεύσεως
1136 1832 1494 1903 ἐπερατοῦτο.

392 1917 546 1971 Κατὰ
579 1918 634 1971 δὲ
665 1918 764 1990 τὴν
799 1921 916 1990 μετ’
945 1921 1117 1994 αὐτὴν
1155 1923 1489 1990 συνέλευσιν,
1520 1927 1617 1997 τῆς
1657 1927 1900 1998 συγκλή-

308 2023 414 2060 του
441 2007 840 2083 διαλαλησάσης
870 2012 1286 2085 ἀναγνωσθῆναι
1315 2017 1442 2080 τοὺς
1474 2017 1576 2088 ήδη
1604 2017 1898 2088 δεομένους

309 2099 528 2164 τύπους
564 2100 698 2173 (54),
730 2102 942 2171 ἀνέγνω
969 2106 1381 2172 Κωνσταντῖνος
1412 2110 1764 2180 σεκρετάριος
1795 2109 1904 2164 ἀπὸ

313 2191 548 2263 σχέδους
597 2193 690 2247 ἐπὶ
720 2194 920 2262 λέξεως
948 2195 1121 2252 ταῦτα
1149 2215 1165 2232 ο
1198 2199 1333 2270 Περὶ
1367 2201 1467 2270 μὲν
1492 2200 1590 2271 τῆς
1619 2201 1902 2273 δρθοδόξου

311 2287 420 2340 καὶ
458 2285 751 2358 καθολικῆς
825 2290 1084 2358 πίστεως,
1115 2292 1450 2364 τελειότερον
1494 2294 1714 2348 συνόδου
1754 2312 1902 2364 γινο-

318 2377 496 2449 μένης
544 2380 684 2450 μετὰ
714 2381 843 2452 μίαν
873 2382 1274 2456 ἀκριϐεστέραν
1304 2385 1549 2452 ἐξέτασιν
1581 2387 1691 2441 δεῖν
1744 2389 1903 2455 γενέ-

319 2470 452 2524 σθαι
480 2473 817 2544 συνορῶμεν.
863 2475 1083 2548 Ἐπειδὴ
1118 2475 1175 2531 δὲ
1207 2476 1503 2541 Φλαϐιανὸς
1541 2481 1569 2532 ὁ
1597 2479 1692 2549 τῆς
1752 2480 1904 2532 εὐσε-

318 2557 456 2624 ϐοῦς
479 2561 721 2633 μνήμης,
764 2563 856 2618 καὶ
883 2565 1144 2631 Εὐσέϐιος
1180 2568 1208 2620 ὀ
1247 2567 1640 2633 εὐλαϐέστατος
1675 2571 1900 2624 ἐπίσκο-

317 2670 452 2718 ττος,
481 2655 544 2708 ὲκ
593 2656 693 2726 τῆς
737 2657 847 2711 τῶν
881 2659 1291 2730 πεπραγμένων
1342 2663 1438 2715 καὶ
1485 2662 1902 2733 διεγνωσμένων

317 2745 580 2816 ἐρεύνης,
609 2748 704 2802 καὶ
731 2749 905 2818 αὐτῆς
937 2751 1037 2821 τῆς
1071 2755 1253 2823 φωνῆς
1280 2753 1444 2808 τινῶν
1496 2755 1607 2809 τῶν
1660 2756 1905 2828 ἐξάρχων

315 2839 636 2908 γενομένων
663 2839 764 2910 τῆς
791 2841 919 2894 τότε
951 2843 1192 2912 συνόδου,
1218 2844 1673 2917 ὁμολογησάντων
1705 2849 1907 2919 ἐσφάλ-

323 2928 422 2981 θαι
454 2928 547 2981 καὶ
574 2931 752 3000 μάτην
777 2932 976 2997 αὐτοὺς
1016 2934 1414 3008 καθῃρηκέναι,
1450 2939 1601 2992 οὐδὲν
1631 2943 1759 3012 περὶ
1797 2941 1897 3012 τὴν

318 3019 514 3073 πίστιν
549 3023 865 3092 σφαλέντες,
895 3025 1202 3082 δείκνυνται
1224 3029 1429 3094 ἀδίκως
1459 3032 1902 3104 καθαιρεθέντεςο

320 3111 580 3180 φαίνεται
608 3115 739 3186 ἡμῖν
793 3115 934 3172 κατά
979 3117 1041 3170 τὸ
1095 3118 1212 3190 Θεῷ
1243 3119 1476 3191 ἀρέσκον
1497 3123 1702 3179 δίκαιον
1741 3122 1902 3193 εἶναι,

319 3203 380 3256 αἱ
411 3206 721 3286 παρασταίη
777 3207 854 3279 τῷ
889 3208 1149 3282 θειοτάτῳ
1204 3213 1300 3265 καὶ
1333 3213 1712 3288 εὑσεόεστάτῳ
1749 3218 1905 3288 ἡμῶν

318 3292 598 3367 δεσπότῃ,
631 3295 710 3368 τῷ
749 3298 898 3370 αὐτῷ
947 3300 1209 3373 ἐπιτιμίῳ
1240 3298 1530 3376 Διόσκορον
1563 3307 1652 3360 τὸν
1683 3308 1911 3362 εὐλαϐέ-

324 3401 521 3440 στατον
545 3389 843 3444 ἐπίσκοπον
877 3391 1302 3464 Ἀλεξανδρείας,
1331 3397 1426 3451 καὶ
1442 3398 1794 3454 ἰουὸενάλιον
1820 3402 1910 3456 τὸν

321 3479 725 3538 αὐλαδέστατον
776 3485 1074 3542 ἐπίσκοπον
1115 3487 1532 3562 Ἰεροσολύμων,
1569 3491 1666 3546 καὶ
1697 3492 1910 3549 Θαλάσ-

325 3589 448 3627 σιον
473 3575 565 3629 τὸν
607 3576 999 3634 εὐλαϐέστατον
1034 3581 1341 3638 ἐπίσκοπον
1374 3585 1714 3659 Καισαρείας
1757 3589 1913 3643 Καπ-

323 3666 614 3735 παδοκίας,
640 3671 735 3723 καὶ
762 3672 1022 3727 Εὑσέὸιον
1056 3673 1146 3728 τὸν
1179 3675 1583 3732 εύλαὸέστατον
1615 3679 1914 3734 ἐπίσκοπον

341 3759 638 3832 Ἀγκύρας,
669 3764 761 3817 καὶ
793 3763 1092 3821 Εύστάθιον
1137 3767 1228 3822 τὸν
1260 3769 1653 3826 εὐλαϐέστατον
1688 3774 1912 3827 ἐπίσκο-

326 3871 436 3909 πον
485 3856 751 3928 Βηρυτοῦ,
792 3860 884 3913 καὶ
919 3859 1199 3915 Βασίλειον
1231 3863 1324 3917 τὸν
1355 3863 1752 3920 εὖλαὸέστατον
1799 3868 1918 3922 ὲπί-

331 3964 538 4003 σκοπον
569 3951 894 4016 Σελευκείας
925 3956 1024 4025 τῆς
1059 3955 1352 4026 Ίσαυρίας,
1389 3956 1514 4019 τοὺς
1540 3957 1791 4022 ἐξουσίαν
1830 3963 1918 4013 ἐσ-

328 4041 575 4113 χηκότας
603 4043 696 4096 καὶ
723 4045 1053 4116 ἐξάρχοντας
1079 4047 1178 4117 τῆς
1204 4047 1328 4100 τότε
1359 4048 1603 4112 συνόδου,
1625 4052 1766 4103 κατὰ
1791 4054 1917 4108 τοὺς

329 4133 567 4198 κανόνας
597 4134 692 4188 τοῦ
723 4137 1087 4190 ὲπισκοπικοῦ
1115 4138 1428 4212 ἀλλοτρίους
1457 4140 1712 4209 γενέσθαι
1751 4142 1917 4209 ἀξιώ-

334 4240 547 4296 ματοςο
580 4225 802 4279 πάντων
850 4225 960 4279 τῶν
1023 4227 1622 4299 παρακολουθησάντων
1679 4232 1744 4300 τῇ
1799 4230 1918 4300 θεία

332 4319 550 4389 κορυφῇ
573 4317 1009 4390 γνωριζομένων.
1043 4317 1175 4374 Εἶτα
1208 4323 1329 4392 μεθ’
1363 4322 1554 4392 ἑτέρας
1582 4323 1919 4392 ἀναγνώσεις

330 4409 657 4479 γενομένας,
694 4411 1065 4482 ἐρωτηθέντες
1122 4416 1169 4466 οί
1242 4415 1648 4484 συνειλεγμένοι
1699 4415 1922 4470 ἐπίσκο-

1998 563 2114 606 stre.
2180 549 2384 606 Omnes
2444 547 2795 620 peccavimus
2843 545 3148 601 :omnibus
3210 545 3584 618 indulgeatur.

1997 642 2196 698 Clerici
2236 652 2420 698 autem
2453 641 2713 696 Ecclesize
2759 638 3382 713 Constantinopolitanre
3405 640 3589 695 excla-

1998 744 2218 788 marunt
2265 734 2352 788 his
2401 733 2627 787 verbis:
2659 731 2822 787 Pauci
2868 731 3107 788 clamant
3141 747 3154 784 :
3201 732 3442 802 synodus
3473 733 3592 790 hac

2000 843 2110 882 non
2142 826 2299 881 dicit.
2349 827 2478 880 Post
2519 825 2634 879 haec
2673 823 3032 878 acclamatum
3062 830 3147 878 est
3196 823 3264 880 ab
3292 822 3588 880 Orientali—

2003 918 2472 990 buszAigyptium
2531 917 2744 972 exsilio.
2797 914 3092 986 Illyriciani
3144 929 3275 969 vero
3318 916 3592 971 exclama-

1999 1021 2163 1066 runt:
2197 1013 2490 1082 Rogamus,
2519 1009 2765 1085 omnium
2815 1007 3098 1062 miserere.
3151 1007 3364 1063 Rursus
3409 1009 3587 1064 accla-

2000 1085 2205 1158 matum
2243 1110 2327 1157 est
2383 1103 2452 1156 ab
2511 1099 2927 1162 Orientalibus,
2991 1097 3305 1168 A'Sgyptium
3372 1100 3585 1154 exsilio.

1999 1193 2247 1263 Cumque
2299 1193 2593 1266 Illyriciani
2624 1191 2816 1270 eadejn
2847 1205 2967 1260 qua:
3013 1191 3168 1260 prius
3221 1191 3586 1258 postularent.

2002 1286 2189 1341 clerici
2219 1285 2372 1339 urbis
2398 1283 2996 1352 Contantinopolitanx
3045 1280 3357 1334 clamarunt
3390 1297 3402 1334 :
3464 1280 3593 1334 Dio-

2003 1393 2220 1434 scorum
2262 1375 2488 1441 exsilio,
2515 1375 2826 1447 [Egyptium
2849 1373 3064 1438 exsilio,
3101 1371 3420 1426 baeretieum
3448 1373 3594 1426 exsi-

2001 1471 2096 1537 lio,
2120 1472 2440 1526 Dioscorum
2472 1467 2724 1524 Christus
2765 1466 3042 1537 deposuit.
3069 1465 3196 1519 Post
3223 1463 3342 1519 ha:c
3379 1464 3587 1517 iterum

2003 1562 2362 1616 acclamatum
2382 1568 2468 1616 est
2499 1560 2564 1614 ab
2590 1558 2951 1629 lllyrieianis:
2984 1555 3188 1612 Omnes
3215 1555 3588 1624 peccavimus,

2001 1654 2258 1709 omnibus
2293 1653 2506 1708 veniam
2540 1652 2764 1722 indulge
2792 1669 2802 1702 :
2829 1649 3149 1704 Dioscorum
3180 1648 3412 1718 synodo,
3465 1647 3592 1702 Dio-

2001 1760 2221 1801 scorum
2257 1745 2541 1800 Ecelesiis.
2591 1743 2660 1798 Et
2694 1758 2818 1797 cum
2856 1741 2959 1796 alia
3009 1739 3256 1812 ejusdem
3289 1738 3436 1794 modi
3463 1754 3593 1809 pro-

1931 1820 1978 1876 δ
2007 1839 2319 1902 cessissent,
2358 1836 2644 1893 confessus
2675 1835 2777 1890 iste
2804 1833 2968 1888 finem
3003 1831 3171 1903 cepit.

2073 1929 2335 2000 Sequenti
2361 1944 2494 1984 vero
2539 1940 2825 1990 consessu,
2859 1939 2982 1978 cum
3030 1931 3254 1978 senatus
3293 1919 3594 1975 interlocu-

2005 2029 2093 2077 tus
2119 2030 2266 2076 esset
2290 2028 2350 2075 ut
2383 2019 2747 2074 recitarentur
2776 2032 2841 2071 ea
2883 2030 3006 2085 qua:
3039 2015 3153 2085 jam
3191 2011 3416 2068 fuerant
3459 2026 3593 2066 con-

2004 2113 2197 2168 stituta
2241 2109 2681 2166 :Constantinus
2711 2123 2741 2161 a
2786 2105 3014 2162 secretis
3059 2103 3176 2158 haec
3215 2100 3472 2164 recitavit
3519 2117 3587 2156 cx

2005 2199 2204 2255 scheda
2225 2217 2237 2252 :
2260 2200 2336 2255 De
2357 2209 2508 2254 recta
2536 2196 2763 2268 quidem
2879 2191 3166 2258 catholica~
3184 2190 3314 2257 fide,
3345 2191 3592 2246 crastino

2005 2293 2115 2359 die,
2164 2292 2464 2363 perfectius
2503 2290 2868 2346 conveniente
2914 2287 3150 2343 concilio
3183 2284 3592 2356 diligentiorem

2007 2382 2422 2453 inquisitionem
2455 2380 2576 2437 fieri
2609 2387 2867 2450 oportere
2898 2376 3286 2448 perspicimus.
3318 2373 3592 2442 Quoniam

2005 2490 2138 2530 vero
2163 2474 2268 2544 pia:
2289 2473 2569 2528 memoriae
2591 2470 2886 2526 Flavianus
2917 2477 2973 2524 et
3000 2467 3277 2524 Eusebius
3330 2482 3592 2522 rever-en.

2006 2567 2268 2623 dissimus
2317 2567 2608 2637 episcopus
2660 2563 2915 2636 Dorylrei,
2947 2578 3015 2618 ex
3057 2559 3397 2617 scrutatione
3439 2568 3593 2615 aeto-

2007 2673 2131 2712 rum
2160 2672 2224 2712 ac
2249 2655 2622 2721 decretorum,
2649 2664 2706 2710 et
2734 2668 2802 2708 ex
2837 2653 2971 2724 ipsis
3003 2651 3236 2708 vocibus
3268 2665 3463 2705 eorum
3497 2648 3593 2720 qui

2009 2747 2066 2802 in
2117 2746 2330 2819 synodo
2376 2761 2499 2817 qua:
2545 2755 2679 2800 tunc
2729 2743 2873 2800 facta
2903 2751 2988 2799 est
3022 2741 3406 2814 praesederunt
3451 2740 3595 2810 :qui

2008 2840 2234 2913 quidem
2260 2840 2496 2896 confessi
2530 2848 2662 2896 sunt
2687 2853 2906 2894 errasse
2927 2853 3008 2902 se,
3035 2846 3090 2892 et
3111 2836 3312 2892 frustra
3347 2835 3470 2891 illos
3495 2836 3594 2893 de-

2009 2934 2280 3005 posuisse,
2313 2949 2439 2989 cum
2469 2933 2790 2987 nullatenus
2815 2937 3103 2986 errassent
3141 2929 3197 2983 in
3230 2928 3358 2993 fide,
3391 2929 3598 2999 injuste

2011 3027 2252 3097 depositi
2301 3041 2423 3082 esse
2473 3031 2782 3081 noscuntur
2818 3039 2833 3076 :
2863 3021 3084 3077 videtur
3135 3021 3298 3078 nobis
3339 3023 3492 3092 juxta
3542 3021 3597 3076 id

2013 3117 2160 3187 quod
2192 3117 2306 3172 Deo
2347 3115 2548 3186 placet,
2597 3115 2807 3185 justum
2840 3127 2984 3177 esse,
3035 3111 3201 3167 modo
3249 3111 3302 3167 id
3329 3111 3600 3187 placuerit

2011 3208 2388 3264 sacratissimo
2411 3223 2475 3263 ac
2502 3206 2753 3278 piissimo
2783 3204 3018 3260 Ι)ῡωίηο
3046 3213 3260 3269 nostro,
3278 3211 3339 3258 ut
3373 3203 3600 3259 Dioscoo

2015 3317 2110 3357 rus
2133 3299 2632 3356 reverendissimus
2653 3298 2948 3369 episcopus
2982 3297 3328 3354 Alexandria:
3349 3339 3364 3364 ,
3407 3308 3474 3354 et
3495 3298 3593 3354 Ju-

2016 3391 2230 3448 venalis
2259 3390 2632 3446 reverendiss.
2667 3390 2962 3460 episcopus
2987 3388 3518 3461 Hierosolymorum,
3546 3399 3604 3445 et

2014 3484 2334 3541 Thalassius
2361 3483 2732 3540 reverendisr.
2762 3483 3055 3554 episcopus
3091 3481 3352 3538 Caesarea:
3385 3481 3598 3553 Cappa-

2015 3579 2208 3645 dociae,
2239 3587 2297 3633 et
2318 3577 2593 3633 Eusebius
2623 3575 2994 3634 reverendiss.
3025 3576 3320 3646 cpiscopus
3347 3575 3598 3648 Ancyrae,

2015 3681 2072 3726 et
2124 3670 2450 3725 Eustathius
2500 3667 2870 3724 reverendiss.
2918 3668 3216 3737 episcopus
3271 3667 3489 3738 Beryti,
3545 3677 3604 3722 et

2016 3763 2250 3820 Basilius
2278 3761 2646 3817 reverendiss.
2689 3759 2984 3830 episcopus
3033 3759 3300 3816 Seleuciae
3347 3760 3595 3825 lsaurim,

2017 3868 2111 3939 qui
2148 3877 2280 3923 tunc
2320 3865 2650 3920 auctoritate
2694 3862 2914 3933 praediti
2961 3862 3200 3918 concilio
3242 3861 3604 3932 praefuerunt,

2017 3968 2198 4024 eidem
2234 3981 2412 4038 preme
2437 3965 2778 4035 snbjaceant,
2811 3963 3147 4018 sacrosancti
3200 3964 3424 4019 concilii
3469 3980 3600 4019 sen-

2021 4057 2190 4113 tentia
2216 4058 2371 4127 juxta
2417 4070 2604 4109 saeros
2633 4067 2874 4108 canones
2899 4051 2968 4106 ab
3011 4051 3308 4121 episcopali
3340 4052 3607 4121 dignitate

2021 4148 2264 4204 submoti
2301 4165 2313 4200 :
2362 4146 2577 4200 cunctis
2601 4161 2724 4214 qua:
2748 4151 3155 4213 consequenter
3197 4157 3348 4214 gesra
3378 4145 3604 4211 fuerint,

2021 4239 2090 4294 ad
2148 4234 2506 4292 sacratissimi
2577 4232 2847 4304 principis
2916 4233 3171 4287 notitiam
3238 4233 3607 4302 perferendis.

2021 4329 2230 4385 Deinde
2264 4325 2593 4398 quibusdam
2623 4325 2746 4380 aliis
2777 4325 3050 4388 recitatis,
3092 4325 3414 4396 interrogati
3448 4326 3614 4399 32E,

2022 4419 2266 4491 episcopi
2321 4418 2412 4488 qui
2457 4417 2708 4482 aderant,
2761 4426 2944 4470 utrum
2984 4417 3188 4472 Leonis
3208 4419 3440 4488 cpistola
3473 4434 3610 4476 eon-

333 4519 452 4568 οτοε,
485 4504 533 4556 εἰ
588 4504 872 4574 συνᾴδουσι
916 4505 983 4558 τὰ
1016 4505 1244 4569 Λέοντος
1280 4507 1586 4576 γράμματα
1633 4511 1699 4578 τῇ
1738 4509 1908 4561 πίστει

2027 4510 2257 4566 sentiret
2281 4524 2406 4564 cum
2439 4506 2542 4562 ﬁde
2574 4516 2948 4562 trecentorum
2977 4518 3032 4562 et
3058 4508 3366 4564 octodecim
3395 4521 3613 4568 sancte»

329 4593 449 4648 ⁴τῶν
473 4602 580 4666 τιη¹
639 4595 810 4664 ἁγίων
846 4596 1104 4666 Πατέρων
1145 4596 1254 4650 τῶν
1297 4598 1355 4649 ἐν
1385 4598 1588 4669 Νικαία
1637 4598 1924 4669 συναχθέν-

335 4705 470 4754 των,
502 4687 598 4742 καὶ
623 4691 686 4758 τῇ
719 4687 826 4740 τῶν
855 4695 953 4759 ρν’,
985 4687 1095 4741 τῶν
1123 4690 1180 4742 ὲν
1201 4691 1266 4759 τῇ
1295 4687 1551 4757 βασιλίδι,
1587 4691 1922 4761 ἁπεκρίνατο

350 4780 656 4844 Ἀνατόλιος
698 4782 726 4833 ὁ
789 4782 887 4852 τῆς
939 4783 1561 4846 Κωνσταντινουπόλεως
1633 4784 1918 4855 πρόεδρος,

337 4875 440 4929 καὶ
465 4873 665 4936 πάντες
689 4875 739 4927 οί
774 4873 1211 4949 συνειλεγμένοι,
1245 4875 1492 4946 συνᾴδειν
1548 4875 1648 4946 τὴν
1699 4877 1919 4928 ἐπιστο-

339 4967 443 5040 λὴν
471 4967 700 5031 Λέοντος
726 4969 837 5030 τοῖς
865 4968 1172 5036 εἰρημένοις
1199 4968 1376 5036 ἁγίοις
1411 4968 1659 5039 Πατράσι
1685 4984 1697 4998 °
1733 4970 1826 5021 καὶ
1857 4972 1921 5039 τῇ

340 5060 486 5131 αὐτῇ
527 5059 752 5122 Λέοντος
776 5060 1032 5130 ἐπιστολῇ
1077 5059 1580 5130 καθυπεσημήνατο
1614 5060 1750 5129 (55).
1784 5062 1921 5114 Τού-

342 5169 456 5205 των
478 5145 583 5205 ὦδε
636 5151 1032 5222 προελθόντων,
1062 5151 1369 5223 ἐπεϐόησαν
1419 5153 1466 5204 oi
1497 5151 1596 5220 τῆς
1649 5152 1867 5204 συνόδου
1907 5169 1922 5185 ο

343 5243 556 5308 Πάντες
616 5244 1002 5313 συντιθέμεθα,
1047 5245 1248 5308 πάντες
1299 5244 1680 5313 συναινοῦμεν,
1723 5248 1922 5308 πάντες

342 5336 547 5408 ὁμοίως
613 5337 966 5408 πιστεύομεν,
997 5339 1196 5401 πάντες
1257 5337 1326 5390 τὰ
1379 5337 1517 5391 αὐτὰ
1566 5338 1873 5409 φρονοῦμεν
1907 5381 1922 5404 ,

2031 4617 2152 4655 rurn
2195 4601 2419 4654 Patrum
2445 4599 2538 4669 qui
2583 4599 2776 4652 Nicaea:
2810 4599 2864 4652 in
2901 4615 3070 4653 unum
3120 4610 3515 4665 convenerant,
3552 4615 3609 4656 et

2031 4709 2153 4748 cum
2188 4691 2293 4745 fide
2347 4701 2566 4746 centum
2611 4707 2674 4744 ac
2725 4690 3122 4761 quinquaginta
3169 4693 3392 4746 Patrum
3430 4692 3608 4762 quiin

2031 4787 2168 4841 urbe
2198 4787 2347 4856 regia
2375 4784 2590 4838 fuerant
2620 4783 2957 4854 congregati,
2987 4784 3275 4840 Anatolius
3299 4785 3585 4840 Constanti
3605 4813 3617 4820 -

2029 4877 2386 4947 nepolitanus
2441 4876 2755 4946 cpiscopus.
2814 4883 2870 4928 et
2927 4875 3171 4929 universi
3223 4874 3317 4945 qni
3384 4877 3615 4932 aderant

2032 4969 2274 5040 episcopi
2296 4967 2718 5038 responderunt,
2737 4967 3025 5036 epistolam
3047 4967 3248 5021 Leonis
3270 4984 3392 5022 cum
3420 4983 3614 5038 supra~

2032 5061 2194 5116 dictis
2224 5061 2426 5114 sanctis
2459 5060 2712 5113 Pati-ibus
2744 5059 3078 5112 consentire.
3116 5059 3375 5130 Idemque
3404 5061 3609 5115 Anato-

2031 5155 2138 5209 lius
2174 5170 2342 5223 supra
2394 5161 2709 5207 memorata:
2744 5152 2946 5206 Leonis
2974 5152 3224 5222 epistol.e
3264 5154 3615 5224 subscripsi"

2031 5247 2161 5313 Qtue
2188 5262 2311 5301 cum
2346 5247 2417 5300 ita
2451 5246 2874 5316 processissent,
2901 5245 3262 5299 acclamatum
3288 5255 3371 5300 est
3400 5247 3469 5301 ab
3498 5249 3621 5301 nni-

2031 5355 2188 5392 versa
2245 5340 2452 5410 synodo
2491 5339 2737 5394 :Omncs
2776 5338 3187 5403 consentimus;
3215 5354 3409 5393 ornnes
3464 5354 3622 5393 com-

1554 5474 1820 5528 VALESII
1863 5473 2419 5530 ANNOTATIONES.

421 5568 534 5639 (51)
550 5568 696 5634 Τοὺς
707 5568 1029 5637 δεομένους
1046 5569 1294 5633 τύπους.
1315 5567 1679 5623 Scribendum
1699 5577 1781 5622 est
1804 5583 1928 5636 pm-

348 5641 436 5694 cul
470 5640 642 5694 dubio
668 5641 798 5701 τοὺς
827 5639 1166 5706 δεδομένους,
1223 5646 1283 5691 ut
1331 5639 1497 5693 habet
1550 5640 1691 5692 actio
1735 5648 1926 5708 quarta

347 5709 819 5782 Chalcedonensis
851 5709 1101 5782 concilii,
1123 5725 1242 5782 pag.
1278 5709 1403 5762 ⁸216.
1443 5711 1599 5782 Apud
1632 5708 1925 5778 Nieephor.

351 5780 548 5854 legitur
577 5781 928 5853 γενομένους,
959 5779 1103 5851 quod
1141 5779 1284 5836 idum
1316 5789 1419 5838 est.

2109 5569 2218 5631 (53)
2252 5564 3390 5636 Kavasmyuiraro.Christophorsonns
3425 5565 3476 5619 in
3510 5567 3625 5633 plu.

2037 5639 2135 5690 rali
2159 5654 2391 5691 numero
2411 5639 2542 5708 legit
2573 5635 3124 5708 ise-atzsnpﬁvavzo,
3153 5635 3428 5708 quomodo
3455 5638 3619 5689 etiam

2039 5710 2303 5777 scriptum
2338 5705 2500 5762 habet
2533 5708 2898 5777 Nicephorus.
2929 5706 3096 5777 quue
3142 5705 3472 5777 cOnﬁrmant
3500 5716 3618 5760 aeta

2039 5723 2303 5777 Sf‘t‘tpltlm
2339 5723 2500 5762 ιιίιυρι
2533 5723 2898 5777 mcepnorus.
2929 5723 2983 5762 lt'l
3031 5723 3096 5761 ue
3142 5723 3472 5761 conurmant
3500 5723 3525 5760 Il

2039 5779 2230 5850 synodi
2265 5779 2729 5837 Chalcedonensis
2765 5793 2885 5850 pag.
2918 5723 3024 5836 2ιὲ
3057 5787 3111 5835 et
3143 5774 3525 5849 sequentibus.
