4076 6336
552 380 694 447 2579

1790 371 2105 434 EVAGRII
2132 370 2618 434 SCHOLASTICI

3681 373 3827 450 2580

554 494 880 565 probamus;
904 503 1094 545 omnes
1114 485 1368 542 similiter
1388 484 1705 551 credimus;
1727 499 1919 539 omnes
1941 483 2134 539 eadem

2248 486 2445 549 πάντες
2473 485 2647 551 οὕτως
2677 489 3027 560 πιστεύομεν·
3057 491 3184 556 τοὺς
3209 489 3464 558 Πατέρας
3489 491 3553 559 τῇ
3591 491 3823 561 συνόδῳ,

557 586 864 648 sentimus;
901 581 1189 638 omnesita
1217 579 1515 636 credimus.
1551 578 1743 634 Patres
1779 577 1988 649 synodo
2009 576 2140 631 red-

557 676 907 746 dantur;qui
969 674 1462 744 subscripserunt,
1523 670 1738 744 synodo
1792 671 2132 736 reddantur;

558 772 762 826 multos
812 783 986 824 annos
1028 767 1380 836 imperatori;
1414 765 1618 818 multos
1648 778 1823 819 annos
1844 763 2132 832 Augustae;

557 847 750 916 Patres
781 860 990 931 synodo
1028 857 1364 921 reddantur;
1392 857 1485 926 qui
1535 855 1782 926 ejusdem
1820 854 1948 909 ﬁdei
1982 861 2132 918 sunt,

558 955 767 1025 synodo
814 952 1142 1017 reddantur;
1175 951 1377 1004 multos
1431 964 1607 1005 annos
1653 948 1994 1019 imperatori.
2031 945 2136 1014 Qui

560 1047 710 1104 idem
733 1047 1002 1111 sentiunt,
1023 1044 1234 1116 synodo
1258 1042 1590 1109 reddantur;
1615 1043 1818 1111 multos
1840 1057 2016 1098 annos
2037 1042 2140 1097 im-

558 1139 829 1209 peratori;
880 1152 1073 1193 omnes
1117 1135 1243 1190 ﬁdei
1287 1132 1747 1204 subscripsimus;
1791 1144 1853 1189 ut
1899 1133 2031 1202 Leo,
2064 1133 2138 1188 ita

562 1234 856 1289 sentimus.

638 1325 834 1379 Postea
861 1339 984 1379 eum
1012 1322 1367 1378 interlocutio
1401 1323 1612 1394 prolata
1636 1329 1781 1378 esset
1810 1337 1841 1377 a
1859 1319 2140 1393 judicibus

563 1419 620 1474 in
642 1419 757 1474 haec
784 1417 948 1473 verba
981 1435 994 1471 :
1021 1417 1098 1474 De
1126 1417 1212 1470 his
1233 1417 1554 1472 relationem
1585 1416 1834 1481 misimus
1862 1414 1931 1469 ad
1955 1429 2141 1470 sacra-

565 1509 837 1565 tissimum
864 1519 919 1563 et
952 1508 1263 1579 piissimum
1306 1507 1590 1563 dominum
1629 1517 1878 1562 nostrum
1902 1546 1916 1571 ,
1957 1513 2014 1561 et
2052 1521 2141 1562 re-

565 1599 917 1667 sponsionem
948 1597 1017 1652 ab
1049 1599 1168 1668 ejus
1197 1597 1492 1652 clementia
1522 1595 2143 1666 eXSpectamusNestra

566 1697 749 1743 autem
777 1689 1106 1753 reverentia,
1136 1696 1245 1742 tam
1271 1687 1338 1742 de
1369 1687 1632 1742 Dioscoro
1667 1685 1760 1756 qui
1791 1701 1822 1741 a
1849 1683 2008 1741 vobis
2041 1684 2141 1740 de-

567 1779 780 1850 positus
810 1790 912 1845 est,
965 1779 1338 1835 sacratissimo
1373 1778 1624 1849 principe
1675 1787 1732 1834 et
1775 1777 1933 1832 nobis
1983 1777 2140 1847 igno-

565 1874 840 1938 rantibus,
874 1887 1036 1943 quam
1071 1871 1138 1928 de
1169 1871 1414 1942 quinque
1439 1871 1550 1925 illis
1571 1885 1671 1940 pro
1699 1869 1900 1940 quibus
1931 1868 2141 1939 precati

566 1966 720 2029 estis,
759 1974 817 2019 et
861 1964 927 2018 de
962 1964 1217 2018 omnibus
1247 1979 1369 2033 quae
1423 1964 1479 2018 in
1524 1961 1757 2017 concilio
1796 1968 1945 2030 gesta
1995 1968 2142 2024 sunt,

568 2057 838 2111 rationem
872 2055 984 2110 Deo
1038 2054 1325 2110 redditura
1372 2061 1477 2109 est.
1526 2053 1902 2109 Acclamatum
1956 2059 2042 2107 est
2076 2053 2144 2108 ab

567 2147 874 2203 omnibus:
923 2147 1253 2201 Dioscorum
1305 2146 1451 2201 Deus
1501 2144 1799 2215 deposuit;
1849 2143 2146 2199 Dioscorus

561 2240 709 2308 juste
740 2236 1027 2306 depositus
1066 2245 1168 2301 est,
1217 2236 1542 2292 Dioscorum
1584 2236 1839 2291 Christus
1867 2235 2142 2306 deposuit.

567 2328 698 2383 Post
747 2327 863 2383 haec
905 2342 1029 2381 eum
1067 2326 1228 2380 allata
1279 2335 1426 2381 esset
1467 2326 1754 2396 responsio
1794 2326 2148 2396 imperatoris

566 2418 850 2486 Marciani,
883 2433 989 2489 qua
1018 2417 1440 2489 permittebatur
1471 2419 1747 2489 episcopis
1779 2427 1839 2474 ut
1871 2419 1940 2474 de
1981 2418 2145 2490 quin-

568 2528 676 2582 que
712 2512 818 2567 illis
842 2513 936 2582 qui
958 2511 1194 2581 depositi
1227 2510 1464 2576 fuerant,
1499 2526 1600 2581 pro
1639 2511 1872 2566 arbitrio
1907 2527 2007 2567 suo
2036 2519 2148 2567 sta-

568 2610 829 2664 tuerent,
905 2600 1369 2670 quemadmodum
1438 2600 1654 2672 judices
1722 2600 2146 2658 interlocutione

571 2683 708 2747 facta
743 2691 1145 2764 signiﬁcarunt,
1181 2692 1425 2763 episcopi
1461 2695 1670 2764 precati
1714 2700 1845 2748 sunt
1891 2693 1980 2748 his
2027 2707 2148 2746 ver-

568 2783 656 2837 bis
687 2800 700 2836 :
735 2781 805 2837 Ut
849 2781 927 2835 illi
964 2782 1347 2851 ingrediantur
1377 2797 1652 2852 rogamus.
1682 2781 1786 2846 Qui
1833 2780 1979 2835 idem
2023 2797 2150 2836 sen-

566 2874 733 2939 tiunt,
765 2874 972 2947 synodo
1004 2874 1327 2929 reddantur.
1364 2875 1469 2940 Qui
1500 2875 1646 2929 idem
1675 2875 1914 2945 sapiunt,
1938 2874 2148 2946 synodo

568 2966 892 3022 reddantur.
919 2966 1022 3033 Qui
1052 2967 1299 3036 cpistola:
1336 2966 1538 3022 Leonis
1583 2967 2032 3038 subscripserunt
2061 2984 2147 3040 sy-

566 3060 715 3115 nodo
759 3060 1082 3114 reddantur.
1114 3058 1215 3124 Qui
1261 3075 1386 3114 mox
1435 3059 1646 3129 prolata
1694 3061 2144 3128 interlocutione,

2238 581 2366 643 τοὺς
2395 579 2822 650 ὑπογράψαντας
2846 583 2913 652 τῇ
2942 581 3146 654 συνόδῳ
3171 581 3274 654 (αἱ.
3310 582 3488 636 πολλὰ
3510 582 3579 635 τά
3603 582 3697 653 ἐτη
3723 581 3828 636 τοῦ

2243 669 2528 740 βασιλέως,
2560 670 2734 724 πολλὰ
2764 671 2831 725 τὰ
2857 671 2951 743 ἔτη
2974 673 3072 744 τῆς
3098 674 3420 745 Αὐγούστης
3443 688 3458 704 ο
3486 673 3613 737 τοὺς
3645 675 3830 728 Πατέ-

2242 780 2341 834 ρας
2373 765 2438 834 τῇ
2470 763 2695 834 συνόδῳ,
2726 765 2853 829 τοὺς
2883 765 3213 836 ὁμοπίστους
3255 769 3322 837 τῇ
3373 765 3598 836 συνόδῳ·
3652 765 3830 819 πολλὰ

2238 857 2307 910 τὰ
2335 856 2429 928 ἐτη
2455 855 2551 910 τοῦ
2586 855 2849 926 βασιλέως
2874 874 2887 888 ⁸
2916 858 3043 923 τοὺς
3088 859 3400 932 ὁμόφρονας
3438 862 3504 930 τῇ
3569 858 3778 930 συνόδῳ
3812 877 3827 892 ο

2241 948 2413 1003 πολλά
2471 951 2542 1004 τὰ
2597 951 2695 1022 ἐτη
2746 950 2842 1006 τοῦ
2873 951 3140 1022 βασιλέως
3166 968 3180 984 ·
3219 954 3269 1006 oi
3305 952 3508 1017 πάντες
3544 948 3610 1024 τῇ
3638 951 3829 1006 πίστει

2244 1041 2646 1114 ὑπεγράψαμεν
2671 1059 2684 1074 ·
2719 1042 2796 1108 ὡς
2822 1045 2851 1098 ό
2880 1045 3054 1111 Λέων,
3085 1043 3259 1109 οὕτως
3287 1044 3620 1117 φρονοῦμεν.

2308 1308 2424 1366 Καὶ
2475 1306 2753 1371 διαλαλιᾶς
2798 1307 3116 1380 ἐνεχθείσης
3147 1306 3241 1362 ἐπὶ
3269 1306 3469 1375 λέξεως
3519 1301 3653 1364 ὧδε·
3699 1308 3832 1362 Ἀν-

2244 1401 2554 1472 ηνέγκαμεν
2587 1400 2665 1469 τῷ
2701 1399 2963 1469 θειοτάτῳ
2998 1401 3093 1454 καὶ
3121 1399 3504 1471 εὐσεϐεστάτῳ
3536 1399 3692 1471 ήμῶν
3733 1399 3829 1452 δε-

2245 1493 2422 1565 σπότῃ
2472 1493 2602 1564 περὶ
2650 1493 2855 1558 αὐτῶν,
2887 1494 2984 1547 καὶ
3019 1493 3371 1563 ἀναμένομεν
3401 1493 3501 1566 τὴν
3533 1493 3834 1564 ἀπόκρισιν

2241 1586 2344 1657 τῆς
2381 1586 2547 1640 αὐτοῦ
2604 1586 2904 1651 εὐσεϐείας.
2947 1587 3011 1641 Ἦ
3066 1586 3122 1640 δέ
3163 1574 3439 1640 ἐὐλάϐεια
3491 1587 3525 1658 ή
3585 1586 3837 1655 ὑμετέρα

2242 1681 2339 1735 καὶ
2370 1679 2502 1751 περὶ
2544 1681 2840 1752 Διοσκόρου
2890 1678 2985 1734 τοῦ
3021 1680 3156 1753 παρ’
3196 1678 3351 1752 ὑμῶν
3405 1678 3837 1747 καθαιρεθέντος

2245 1771 2546 1842 ἀγνοούσης
2574 1772 2672 1826 καὶ
2699 1771 2799 1842 τῆς
2838 1771 3122 1843 θειοτάτης
3143 1771 3394 1842 κορυφῆς
3422 1770 3514 1825 καὶ
3548 1769 3706 1841 ήμῶν
3732 1767 3834 1839 (r),

2248 1865 2343 1918 καὶ
2375 1865 2504 1934 περὶ
2529 1862 2710 1918 αὐτῶν
2739 1863 2850 1918 τῶν
2883 1864 3046 1917 πέντε
3076 1863 3219 1934 ὑπὲρ
3251 1856 3330 1918 ὧν
3378 1861 3478 1932 τὴν
3536 1860 3834 1932 παράκλη-

2250 1973 2334 2010 σιν
2366 1955 2676 2022 ποιεῖσθαι,
2710 1956 2804 2009 καὶ
2862 1955 3082 2010 πάντων
3116 1953 3230 2028 (56)
3260 1954 3368 2008 τῶν
3417 1950 3836 2024 πεπραγμένων

2246 2051 2306 2103 ἐν
2362 2051 2430 2119 τῇ
2488 2047 2692 2119 συνόδῳ
2727 2046 2890 2104 δώσει
2926 2045 3087 2115 λόγον
3114 2045 3192 2118 τῷ
3221 2045 3345 2117 Θεῷ
3369 2060 3386 2077 ο
3418 2044 3834 2116 ἐπευφήμησαν

2245 2141 2498 2210 λέγοντες
2527 2156 2541 2169 ·
2573 2139 2874 2212 Διόσκορον
2906 2138 2934 2192 ό
2971 2137 3103 2204 Θεὸς
3135 2137 3408 2201 καθεῖλεν,
3430 2135 3722 2206 Διόσκορος
3752 2133 3836 2187 δι-

2247 2231 2432 2296 καίως
2482 2231 2785 2303 καθῃρέθη,
2812 2231 3106 2300 Διόσκορον
3167 2230 3196 2282 ὀ
3255 2227 3493 2299 Χριστὸς
3548 2225 3831 2281 καθεῖλεν.

2249 2320 2383 2380 Εἶτα
2437 2321 2575 2395 μετὰ
2615 2321 2789 2377 ταῦτα
2843 2322 2944 2391 τῆς
2992 2319 3101 2373 ἀπὸ
3149 2317 3470 2390 Μαρκιανοῦ
3506 2315 3835 2388 ἐνεχθείσης

2247 2419 2614 2491 ἀποκρίσεως,
2651 2419 2717 2488 τῇ
2768 2416 3039 2489 διακρίσει
3071 2414 3184 2468 τῶν
3239 2414 3556 2470 ἐπισκόπων
3583 2412 3654 2466 τά
3696 2412 3836 2484 περὶ

2247 2509 2357 2565 τῶν
2414 2507 2852 2580 καθαιρεθέντων
2913 2506 3187 2578 διδούσης,
3214 2503 3354 2575 ὼςή
3406 2501 3659 2556 διαλαλιά
3719 2502 3836 2557 τῶν

2249 2601 2529 2672 ἀρχόντων
2555 2598 2825 2670 ἐδήλωσεν
2851 2614 2864 2626 ·
2899 2595 3203 2667 ἐδεήθησαν
3233 2595 3328 2648 ἐπὶ
3353 2592 3549 2658 λέξεως
3578 2591 3840 2654 είπόντες

2248 2693 2424 2748 ταῦτα
2450 2709 2464 2724 ⁸
2503 2690 2944 2763 Παρακαλοῦμεν
2971 2688 3168 2751 αὐτοὺς
3191 2685 3454 2740 εἰσελθεῖν
3479 2701 3493 2716 ο
3522 2684 3651 2747 τοὺς
3695 2685 3837 2754 ὁμο-

2247 2786 2432 2851 δόξους
2459 2787 2524 2856 τῇ
2562 2783 2787 2854 συνόδῳ,
2817 2782 2943 2845 τοὺς
2995 2779 3306 2850 ὁμόφρονας
3334 2780 3401 2848 τῇ
3435 2775 3637 2846 συνόδῳ
3659 2815 3673 2841 ,
3701 2776 3838 2837 τοὺς

2252 2874 2677 2946 ὑπογράψαντας
2710 2875 2780 2944 τῇ
2827 2869 3083 2940 ἐπιστολῇ
3123 2869 3354 2931 Λέοντος
3387 2868 3451 2936 τῇ
3486 2864 3709 2936 συνόδῳ.
3739 2864 3837 2917 Οἴ-

2250 2985 2356 3039 περ
2387 2968 2492 3021 ἀπὸ
2531 2965 2811 3027 διαλαλιᾶς
2839 2967 2906 3035 τῇ
2944 2961 3146 3032 συνόδῳ
3180 2958 3689 3031 συνηριθμήθησαν.
3717 2957 3839 3010 Καὶ

2253 3059 2391 3131 μετά
2424 3058 2582 3112 τοῦτο
2609 3058 2821 3127 δεήσεις
2851 3053 3230 3124 ἐπιδεδομέναι
3259 3050 3415 3124 παρά
3451 3050 3562 3104 τῶν
3605 3049 3840 3103 ἐπισκόα

567 3148 788 3202 admissi
823 3155 951 3201 sunt
995 3147 1050 3200 in
1097 3149 1388 3219 synodum.
1434 3150 1627 3205 Postea
1663 3151 1877 3205 recitati
1920 3161 2049 3207 sunt
2075 3153 2144 3208 li-

2252 3170 2368 3206 πων
2402 3152 2501 3222 τῆς
2528 3151 2586 3204 ἐν
2617 3148 2880 3219 Αἰγύπτῳ
2911 3147 3240 3216 διοικήσεως
3267 3140 3578 3214 Μαρκιανῷ
3606 3140 3685 3210 τῷ
3730 3141 3838 3194 αὺ-

478 3265 481 3270 ·
567 3240 694 3300 belli
721 3253 966 3309 precum,
999 3241 1093 3308 qui
1123 3240 1191 3293 ab
1224 3240 1502 3310 episcopis
1528 3241 1858 3313 [Egyptiacze
1888 3243 2145 3300 dimcesis

566 3331 735 3385 oblati
767 3330 985 3385 fuerant
1012 3331 1329 3400 imperatori
1360 3331 1655 3386 Marciano.
1685 3334 1744 3387 In
1769 3333 1971 3404 quibus
1999 3335 2144 3388 inter

567 3425 673 3480 alia
705 3467 717 3489 ,
768 3425 884 3478 liceo
929 3423 1256 3493 legebantur
1298 3443 1309 3477 :
1357 3423 1637 3480 Sentimus
1683 3424 2143 3496 quemadmodum

567 3516 800 3572 trecenti
849 3523 906 3570 et
952 3514 1258 3570 octodecim
1291 3515 1480 3570 Patres
1523 3516 1719 3572 Nicaeae
1745 3527 2142 3588 exposuerunt,

569 3623 626 3668 et
651 3614 846 3667 beatus
875 3611 1231 3675 Athanasius,
1257 3620 1312 3666 et
1340 3620 1540 3666 sanctae
1564 3612 1845 3667 memorias
1869 3612 2141 3684 Cyrillus;

569 3704 919 3759 anathemate
953 3702 1276 3757 damnantcs
1298 3717 1516 3756 omnem
1555 3701 1830 3767 haeresim,
1857 3704 1970 3760 Arii
1995 3706 2145 3760 scili-

569 3805 657 3851 cet
701 3804 868 3865 atque
911 3792 1190 3857 Eunomii,
1246 3793 1476 3848 Manetis
1522 3795 1652 3848 item
1686 3811 1750 3850 ac
1783 3794 2044 3862 Nestorii,
2090 3808 2146 3854 et

574 3902 761 3943 eorum
811 3886 905 3956 qui
957 3886 1153 3940 dicunt
1204 3900 1424 3942 carnem
1461 3886 1678 3941 Domini
1727 3888 1900 3942 nostri
1935 3904 1965 3944 e
2005 3890 2146 3945 coelo

566 3993 711 4043 esse,
739 3995 850 4033 non
879 3989 1061 4033 autem
1091 3994 1157 4033 ex
1208 3984 1396 4032 sancta
1421 3977 1656 4048 Deipara
1683 3987 1740 4034 et
1771 3981 2146 4050 semper-Vir-

566 4070 691 4139 gine
728 4069 912 4133 Maria,
943 4069 1180 4123 similem
1211 4068 1455 4122 omnium
1487 4076 1734 4124 nostrum
1755 4069 1916 4140 325
1939 4071 2147 4142 absque

565 4170 813 4230 peccato.
842 4160 983 4215 Tum
1015 4174 1209 4214 omnes
1253 4156 1501 4229 episcopi
1542 4161 1636 4229 qui
1688 4161 1743 4216 in
1782 4162 1992 4233 synodo
2050 4161 2148 4218 ad-

566 4259 746 4315 erant,
777 4249 1262 4306 exclamarunthis
1281 4249 1466 4305 verbis
1497 4267 1509 4304 :
1547 4250 1660 4306 Cur
1682 4252 1947 4326 Eutychis
1980 4255 2146 4310 etiam

565 4339 762 4410 dogma
819 4340 908 4394 isti
969 4339 1194 4396 minimc
1234 4341 1620 4397 damnarunt?
1664 4345 1909 4415 epistolae
1943 4346 2146 4404 Leonis

566 4432 938 4500 subscribant,
974 4433 1322 4490 anathemate
1368 4436 1692 4492 damnantes
1732 4437 2036 4509 Eutychetn
2081 4457 2147 4498 ac

2251 3245 2545 3315 τοκράτορι
2576 3239 3003 3310 ἀνεγνώσθησαν
3027 3278 3041 3303 ,
3083 3237 3139 3291 αἳ
3174 3236 3495 3307 περιέχουσι
3531 3234 3667 3306 πρὸς
3707 3232 3834 3286 ἐτέ-

2249 3353 2363 3406 ροις
2391 3353 2404 3366 ·
2468 3334 2779 3405 Φρονοῦμεν
2809 3331 2991 3394 καθὼς
3029 3331 3124 3385 κα)¹
3175 3330 3224 3383 ot
3273 3331 3331 3383 ἐν
3363 3328 3572 3399 Νικαίᾳ
3599 3333 3707 3395 τιη¹
3743 3326 3836 3393 ἐξ-

2248 3426 2453 3488 έθεντο,
2485 3425 2580 3477 καὶ
2608 3425 2636 3476 ὁ
2673 3423 2942 3493 μακάριος
2980 3419 3300 3481 Ἀθανάσιος
3323 3459 3337 3484 ,
3375 3417 3472 3472 καὶ
3494 3418 3522 3470 ὁ
3557 3417 3617 3469 ἐν
3644 3415 3830 3484 ἁγίοις

2246 3517 2548 3588 Κύριλλοςε
2571 3513 3070 3583 ἀναθεματίζοντες
3135 3511 3317 3565 πᾶσαν
3375 3508 3610 3578 αἵρεσιν,
3642 3506 3743 3576 τήν
3774 3521 3838 3558 τε

2260 3613 2496 3684 Ἀρείου,
2533 3609 2626 3664 καὶ
2656 3607 2944 3678 Εὑνομίου,
2975 3605 3068 3660 καὶ
3125 3603 3337 3669 Μάνου,
3366 3603 3461 3656 καὶ
3489 3599 3795 3671 Νεστορίου
3817 3640 3833 3666 ,

2249 3707 2342 3761 καὶ
2375 3705 2482 3759 τῶν
2511 3705 2776 3772 λεγόντων
2810 3701 2869 3768 ἐξ
2895 3697 3127 3771 οὐρανοῦ
3162 3698 3260 3769 τὴν
3289 3697 3469 3767 σάρκα
3501 3694 3595 3748 τοῦ
3624 3692 3836 3763 Κυρίου

2251 3800 2424 3874 ήμῶν,
2459 3798 2551 3852 καὶ
2572 3796 2645 3866 μὴ
2662 3799 2725 3849 ἐκ
2749 3794 2850 3862 τῆς
2872 3791 3032 3860 ἁγίας
3049 3788 3311 3842 Θεοτόκου
3334 3787 3427 3840 καὶ
3443 3781 3832 3851 ’Δειπαρθένου

2248 3873 2491 3963 Μαρίας,
2522 3887 2644 3942 καθ’
2672 3885 2967 3956 ὁμοιότητα
3000 3881 3218 3935 πάντων
3241 3878 3420 3949 ήμῶν,
3449 3874 3621 3946 χωρὶς
3646 3873 3834 3944 ἀμαρ-

2248 3986 2390 4048 τίας.
2413 3982 2624 4044 Πάντες
2648 3981 2696 4032 οἱ
2728 3979 2822 4048 τῆς
2859 3975 3080 4028 συνόδου
3110 3971 3422 4041 ἀνέκραξαν
3452 3968 3728 4037 λέγοντες·
3758 3965 3834 4018 Τό

2248 4079 2426 4146 δόγμα
2453 4071 2728 4143 Εὑτυχοῦς
2755 4069 2897 4123 διατι
2930 4068 3005 4138 μὴ
3035 4065 3438 4134 ἀνεθεμάτισαν
3468 4079 3482 4128 ;
3519 4063 3585 4132 τῇ
3615 4060 3836 4113 ἐπιστοο

2248 4173 2313 4242 λῇ
2346 4168 2574 4229 Λέοντος
2607 4161 3033 4234 ὑπογράψωσιν,
3067 4152 3565 4226 ἀναθεματίζοντες
3596 4150 3837 4220 Εὐτυχεῐ

2250 4265 2345 4320 καὶ
2399 4264 2511 4324 τοῖς
2565 4259 2831 4327 δόγμασιν
2893 4249 3059 4306 αὐτοῦ
3085 4266 3099 4280 ·
3139 4246 3442 4303 συνθῶνται
3472 4247 3537 4315 τῇ
3571 4242 3834 4313 ἐπιστολῇ

2247 4355 2495 4415 Λέοντος·
2529 4346 2791 4420 χλευάσαι
2812 4344 2958 4414 ἡμᾶς
2990 4340 3238 4395 θέλουσιν
3263 4338 3357 4391 καὶ
3383 4334 3660 4390 ἀπελθεῖν.
3685 4333 3834 4403 Πρὸς

2251 4447 2288 4502 ἃ
2311 4443 2529 4514 διῆλθον
2556 4441 2606 4495 οἱ
2634 4438 2696 4503 ἐξ
2723 4435 3008 4505 Αίγύπτου
3037 4431 3354 4496 ἐπίσκοποι,
3387 4428 3462 4492 ὡς
3493 4424 3681 4480 πολλοὶ
3707 4437 3833 4491 τυγ-

567 4526 874 4580 doctrinam
901 4526 1022 4595 ejus
1048 4545 1060 4581 :
1088 4526 1434 4582 consentiant
1457 4526 1703 4598 epistola;
1741 4529 1976 4599 Leonis;
2018 4534 2144 4592 illu-

2254 4539 2506 4612 χάνουσιν
2540 4535 2590 4586 ot
2612 4532 2669 4584 ἐν
2699 4526 2963 4598 Αίγύπτῳ
2993 4522 3309 4612 ἐπίσκοποι,
3343 4519 3440 4612 καὶ
3471 4517 3547 4590 μὴ
3574 4515 3834 4571 δύνασθαι

565 4618 697 4674 dere
743 4619 906 4674 nobis
939 4620 1131 4675 volunt
1172 4629 1230 4676 et
1269 4620 1585 4678 abscedere.
1633 4623 1714 4679 Ad
1751 4624 1868 4681 hate
1899 4627 2147 4699 episcopi

563 4707 782 4783 Egypti
839 4711 1266 4781 responderunt,
1320 4713 1523 4768 multos
1574 4728 1696 4770 esse
1746 4715 2038 4789 episcopos
2088 4720 2145 4779 in

2253 4610 2314 4686 τὸ
2355 4631 2463 4682 τῶν
2524 4616 3056 4693 ἀπολιμπανομένων
3100 4610 3461 4676 ἀναδέξασθαι
3488 4611 3780 4680 πρόσωπον

2255 4723 2352 4779 καὶ
2403 4717 2751 4791 παρεκάλουν
2811 4711 3102 4783 ἀναμεῖναι
3149 4707 3250 4778 τὴν
3288 4703 3506 4759 σύνοδον
3535 4702 3626 4757 τὸν
3651 4699 3832 4756 αὐτῶν

1767 4875 2042 4935 VALESII
2083 4878 2532 4940 ΑΝΝΟΤΛἸΙΟΝ
2541 4876 2646 4934 ES.

631 4965 743 5036 (56)
781 4966 921 5036 Περὶ
955 4966 1155 5022 αὐτῶν
1197 4960 1318 5021 τῶν
1349 4968 1607 5024 πάντων.
1655 4970 1882 5028 Rectius
1924 4975 1978 5029 in
2018 4993 2138 5035 ma-

568 5037 866 5120 nuscriptis
893 5038 1179 5120 codicibus
1207 5039 1524 5120 Florentino
1567 5049 1624 5098 et
1657 5042 1967 5120 Telleriano
1999 5048 2138 5120 legi-

568 5111 660 5159 tur
688 5107 797 5161 τῶν
844 5108 1026 5162 πέντε.
1077 5107 1363 5176 Quomodo
1415 5111 1581 5166 etiam
1626 5113 1894 5184 scriptum
1946 5128 2032 5173 est
2054 5107 2139 5174 vin

2247 4979 2462 5036 actione
2515 4982 2714 5048 quarta
2754 4967 2950 5044 synodi
2994 4962 3256 5024 Chalced.
3300 4975 3427 5035 pag.
3458 4957 3587 5022 252,
3614 4967 3828 5011 necnon

2249 5050 2395 5122 apud
2422 5047 2814 5117 Nicephorum.

1984 5253 2378 5315 VARIORUM.

635 5341 712 5426 (ᾳ)
748 5341 902 5426 ,Τοὺνς
929 5342 1398 5426 ὐπργράψᾳχτιις
1450 5343 1526 5415 τῇ
1557 5345 1817 5426 συνόδῳ.
1837 5348 1907 5426 Id
1927 5357 2135 5426 est,_qu

2270 5351 2556 5426 Concilior.
2585 5348 2929 5426 edit._La_bb.
2955 5361 3080 5418 pag.
3113 5344 3271 5426 m5.
3305 5341 3416 5424 Leo
3449 5353 3592 5426 saepe
3617 5337 3825 5426 horta,-

565 5413 815 5487 epistolae
858 5414 1061 5469 Leonis
1105 5414 1174 5468 ad
1222 5413 1539 5471 Flavianum
1606 5418 1777 5487 episc.
1828 5418 1933 5474 ΕΡ.
1981 5413 2162 5476 missa:
2271 5432 2360 5479 tur
2389 5424 2581 5479 Patres
2607 5413 3110 5478 Chalcedonehsés,
3135 5425 3202 5487 ut
3229 5413 3389 5487 venia
3411 5413 3688 5487 episcopi}
3712 5423 3826 5487 p93-

570 5484 1046 5569 s'ubscripse‘runt,
1062 5553 1072 5563 .
1089 5494 1147 5569 ut
1173 5487 1557 5566 antecedentia
1580 5484 2163 5569 etsequenu‘apsten-

2268 5478 2579 5548 nitentibus
2626 5490 3045 5547 concederetur.
3107 5486 3228 5542 Vid.
3288 5478 3461 5553 epist:
3483 5481 3573 5546 59,
3609 5478 3700 5540 40,
3739 5478 3825 5533 46.

569 5553 731 5640 dunt.
765 5554 1024 5640 Intellige
1061 5553 1197 5609 istos
1244 5556 1561 5640 μερίδα-(ἔρρε,
1589 5559 1702 5640 .ᾳυὶ
1739 5553 2004 5640 "quamvis
2048 5577 2155 5628 prae
2254 5563 2342 5640 Ἦ.
2375 5563 2593 5640 Lowrn.
2670 5597 2705 5640 ρ

568 5632 718 5678 metu
781 5624 1056 5699 Dioscori_
1101 5624 1335 5699 concilio
1400 5624 1680 5699 Ephesino
1731 5624 2154 5699 assentirentur,

568 5702 758 5762 postea
809 5695 990 5750 tamen
1044 5695 1099 5749 in
1143 5695 1360 5767 synodo
1403 5695 1714 5767 CPolitana,
1769 5701 1838 5755 ab
1897 5695 2152 5756 Anatolio

567 5772 898 5841 congregata
929 5780 1075 5819 anno
1098 5766 1226 5841 ἐξὶθ,
1278 5766 1523 5836 epistola:
1563 5766 1765 5841 Leonis
1809 5771 2152 5841 subscripse-

564 5834 711 5890 rant’.
748 5834 923 5907 Hujus
968 5836 1160 5908 synodi
1201 5834 1508 5909 frag—menta
1550 5840 1740 5908 videre
1787 5850 1871 5899 est
1916 5834 2046 5898 tom".
2080 5842 2149 5898 ιιι

2326 5633 2395 5711 (r)
2429 5617 2807 5711 λΑ-γνοούτξης
2826 5630 2929 5711 καὶ
2957 5629 3068 5697 τῆς
3097 5617 3705 5711 θειοτάτηςκιῖρεεξῇς
3731 5618 3825 5711 Ξίῖξέ

2254 5689 2442 5771 tida-ir.
2480 5689 3058 5777 Episcopi‘nimirum'
3096 5698 3150 5753 in
3189 5689 3428 5777 secunda
3478 5689 3697 5777 actione
3728 5689 3826 5777 soli

2250 5758 2650 5899 ῗὸηνεηὲτὶιιιι,
2685 5758 2826 5832 ἐυω
2875 5771 3173 5829 Dioscorus
3217 5765 3503 5838 depositus
3542 5769 3707 5818 esset.
3739 5758 3827 5816 W.

2297 5862 2469 5900 owrn.
