4076 6336
333 343 481 411 2581

1306 345 1692 410 ΗΙΒΤΟΒῙᾹΞ
1728 349 2321 415 ECCLESIASTICIE
2360 356 2593 417 LIBER
2628 356 2712 416 II.

3472 354 3617 422 2582

340 455 803 529 ἀρχιεπίσκοπον,
840 454 928 509 ἵνα
954 455 1017 528 τῇ
1046 454 1245 531 γνώμῃ
1284 458 1498 514 ἐκείνου
1542 461 1925 535 ἀκολουθήσω-

2046 462 2282 536 Egypto,
2301 480 2406 521 nec
2434 480 2597 537 posse
2622 480 2680 521 se
2710 465 2958 521 omnium
2996 479 3290 537 personam
3318 467 3619 529 sustinere.

343 565 453 614 σιν,
478 547 554 612 ὡς
586 547 647 601 τὸ
677 546 797 611 ἔθος
829 546 1100 617 βούλεται.
1139 549 1267 606 Ἐὰν
1290 549 1399 623 γὰρ
1420 553 1527 624 πρὸ
1552 553 1649 624 τῆς
1670 552 1765 607 τοῦ
1800 556 1928 625 ἠγε-

348 638 673 710 μυνεύοντος
723 638 998 710 προϐολῆς
1029 640 1305 711 ποιήσωσί
1342 659 1417 706 τι,
1454 643 1790 715 ἐπέρχεσθαι
1830 644 1928 698 αὕ-

340 728 459 790 τοτς
490 728 613 789 τοὺς
644 727 753 781 ἀπὸ
797 727 979 799 πάσης
1027 729 1127 799 τῆς
1165 730 1550 803 Αἰγυπτιακῆς
1580 733 1927 803 διοικήσεως.

342 818 462 873 Καὶ
499 818 672 872 πολλὰ
699 819 829 891 περὶ
861 820 1066 874 τούτων
1086 821 1413 891 δεηθέντων,
1442 825 1536 878 καὶ
1564 825 1673 879 τῶν
1694 826 1802 881 ἀπὸ
1830 827 1931 897 τῆς

343 909 571 963 συνόδου
646 910 792 980 μάλα
859 912 1098 983 ἰσχυρῶς
1140 915 1572 981 ἀντιτεινόντων,
1631 917 1926 989 διελαλήθη

342 1001 634 1075 ἑνδοθῆναι
685 1006 801 1068 τοῖς
833 1004 893 1069 ἐξ
941 1005 1224 1074 Αἰγύπτου
1276 1008 1602 1073 ἐπισκόποις
1637 1009 1835 1083 μέχρις
1864 1003 1928 1065 οὗ

343 1094 784 1166 ἁρχιεπίσκοπος
862 1096 1049 1162 αὐτοῖς
1119 1099 1552 1170 προχειρισθείη.
1614 1101 1727 1156 Καὶ
1791 1102 1930 1173 μετὰ

2028 551 2406 623 rogabantque
2437 561 2499 607 ut
2548 552 2793 625 synodus
2833 553 3321 624 archiepiscopum
3370 554 3619 625 ipsorum

2027 653 2393 715 exspectaret,
2416 643 2650 714 quoipsi
2684 643 3015 699 sententiam
3044 642 3195 700 illius
3224 652 3620 723 sequerentur,

2027 735 2192 792 sicuti
2228 751 2349 791 mos
2388 736 2654 807 postulat.
2709 735 2845 791 Nam
2898 736 2942 791 si
2993 743 3121 790 ante
3170 735 3502 792 electionem
3534 751 3624 791 ar-

2028 826 2369 897 chiepisc0pi
2413 827 2499 882 sui
2540 825 2825 897 quidpiam
2860 826 3125 898 egissent,
3179 835 3411 883 cunctos
3455 826 3623 899 Egy-

2034 919 2231 989 ptiaca:
2256 918 2513 975 dimcesis
2549 920 2815 991 impetum
2846 918 2903 974 in
2933 920 3081 990 ipsos
3109 935 3229 976 esse
3264 920 3525 976 facturos.
3554 921 3645 976 Et»

2037 1025 2167 1066 cum
2198 1009 2293 1065 diu
2319 1012 2663 1082 multumque
2696 1011 2864 1082 hujus
2885 1012 2967 1067 rei
2985 1027 3150 1067 causa
3178 1012 3387 1083 precati
3412 1020 3619 1076 essent,

2038 1108 2097 1157 et
2148 1101 2393 1173 episcopi
2441 1103 2538 1173 qui
2588 1103 2644 1158 in
2674 1101 2913 1159 concilio
2961 1111 3156 1169 erant,
3206 1100 3511 1157 fortissime
3540 1099 3649 1155 eis-

344 1185 530 1254 τοῦτο,
554 1187 768 1259 δεήσεις
799 1189 1107 1245 ὲπεδίδοντό
1133 1207 1294 1245 τινων
1327 1194 1600 1265 μοναχῶν,
1633 1188 1709 1249 ὧν
1736 1197 1797 1250 τὸ
1836 1214 1933 1252 κε-

2046 1194 2387 1261 restitissent,
2416 1211 2515 1265 per
2542 1194 3022 1257 interlocutionem
3060 1202 3397 1267 praeceptum
3421 1201 3527 1258 est,
3562 1202 3638 1246 ut'

347 1277 582 1345 φάλαιον
641 1275 711 1350 ἦν
740 1320 756 1346 ,
822 1280 1092 1351 μηδαμῶς
1153 1282 1355 1347 αὐτοὺς
1406 1283 1816 1353 ἀναγκάζεσθαι
1876 1286 1934 1342 ἐν

2046 1289 2313 1360 episcopis
2350 1287 2568 1361 [Egypti
2614 1288 2806 1344 dilatio
2835 1288 3222 1360 consideretur
3262 1285 3624 1357 quoadusque

346 1386 462 1422 τισι
508 1370 735 1443 χάρταις
785 1372 1147 1443 ὑπογράφειν,
1175 1374 1375 1446 μέχρις
1416 1375 1483 1430 ἂν
1514 1377 1934 1454 συναθροισθείη

2046 1380 2330 1436 ordinatus
2379 1380 2514 1451 ipsis
2555 1379 2751 1441 fuisset
2793 1379 3264 1450 archiepiscopus.
3325 1377 3454 1433 Post
3504 1374 3624 1430 hare

343 1463 386 1531 ἡ
426 1462 643 1528 σύνοδος
676 1463 793 1536 (37)
828 1466 895 1535 ἢν
928 1465 1253 1521 τεθέσπικεν
1280 1467 1309 1520 ό
1341 1465 1596 1537 βασιλεὺς
1618 1471 1933 1543 ἁλισθῆναι,

2046 1473 2238 1530 oblatae
2269 1480 2399 1529 sunt
2421 1489 2615 1545 preces
2642 1473 3005 1545 quorumdam
3040 1470 3461 1529 monachorum.
3488 1480 3626 1539 qua--

345 1552 447 1607 καὶ
474 1553 541 1608 τὰ
571 1555 931 1624 τετυπωμένα
959 1555 1167 1629 γνώσῃ.

2046 1581 2164 1620 rum
2189 1566 2309 1622 hate
2333 1574 2452 1622 erat
2477 1581 2709 1633 summa,
2732 1564 3124 1621 utnullatenus
3153 1561 3366 1619 chartis
3393 1559 3624 1631 quibus-

343 1648 475 1705 dam
520 1650 872 1707 subscribere
901 1662 1254 1724 cogerentur,
1282 1654 1464 1725 quoad
1499 1671 1674 1727 usque
1723 1671 2055 1732 congregata
2090 1671 2239 1719 esset
2270 1662 2513 1737 synodus
2537 1677 2702 1733 quam
2764 1660 3040 1717 indixerat
3100 1661 3400 1732 imperator
3450 1663 3504 1710 et
3535 1668 3600 1712 ea

343 1756 473 1811 quae
497 1741 977 1808 sancita-i‘uerant,
1003 1754 1379 1814 cognosceret.

420 1829 520 1888 Ὧν
549 1833 1023 1905 ἀναγνωσθεισῶν,
1055 1836 1316 1908 Διογένης
1343 1838 1644 1903 ἐπίσκοπος
1682 1839 1926 1905 Κυζίκου

2057 1838 2201 1895 "His
2246 1838 2527 1903 recitatis,
2575 1835 2846 1909 Diogenes
2891 1835 3185 1907 episcopus
3254 1835 3438 1908 Cyzici
3486 1837 3627 1910 dixit

341 1927 614 1997 διεξῆλθε,
644 1927 973 1998 Βαρσουμᾶν
998 1927 1100 1980 ἕνα
1124 1926 1233 1982 τῶν
1252 1929 1612 1985 συνελθόντων
1637 1930 1936 1987 Φλαδιανδν

346 2020 575 2091 σφάξαι.
612 2019 788 2074 Αὐτὸν
815 2020 924 2091 γὰρ
946 2020 1166 2092 κράξαι,
1197 2021 1409 2091 Σφὰξον
1430 2038 1444 2053 ·
1490 2023 1585 2078 καὶ
1620 2023 1697 2095 μὴ
1752 2024 1939 2093 ἐγκεία

347 2128 516 2182 μενον
531 2112 651 2175 ταῖς
672 2109 915 2181 δεήσεσι,
940 2110 1098 2182 παρὰ
1132 2110 1193 2165 τὸ
1222 2111 1345 2167 δέον
1361 2100 1467 2185 τῆς
1495 2114 1702 2168 εἰσόδου
1726 2118 1934 2186 τυχεῖν.

346 2196 447 2267 Οἷς
480 2202 789 2272 ἐπεϐόησαν
838 2201 1044 2265 πάντες
1069 2203 1118 2256 οί
1153 2200 1478 2269 ἐπίσκοποι·
1507 2206 1696 2260 Πᾶσαν
1738 2207 1940 2277 Συρίαν

347 2294 678 2366 Βαρσουμᾶς
703 2292 1003 2364 ἠφάνισενο
1043 2295 1329 2365 ἐπήγαγεν
1357 2297 1492 2367 ἡμῖν
1520 2296 1726 2367 χιλίους
1775 2297 1942 2368 μονά-

346 2386 564 2452 ζοντας.
613 2387 725 2440 Καὶ
773 2386 1060 2451 διαλαλιᾶς
1109 2387 1429 2459 ἐνεχθείσης
1481 2390 1773 2460 ἀναμεῖναι
1818 2392 1942 2457 τοὺς

349 2478 786 2549 συνεληλυθότας
828 2479 927 2551 τὴν
985 2479 1095 2534 ἀπὸ
1148 2480 1249 2547 τῆς
1307 2481 1528 2535 συνόδου
1580 2483 1940 2550 διατύπωσιν,

346 2571 595 2641 ἠξίωσαν
624 2573 673 2625 oi
701 2572 930 2643 μοναχοὶ
956 2573 1083 2637 τοὺς
1128 2573 1600 2643 συντεταγμένους
1626 2575 1813 2641 αὐτοῖς
1849 2577 1935 2630 λι·-

348 2662 572 2727 6έλλους
597 2656 1142 2732 ἀναγνωσθῆναι.Ὦν
1165 2662 1330 2736 μέρος
1357 2666 1465 2736 ύπῆ
1476 2668 1695 2737 ρχε,τὸν
1717 2668 1943 2723 Διόσκοο

352 2768 449 2824 ρον
465 2752 559 2807 καλ
570 2754 695 2817 τοὺς
708 2756 804 2808 σὺν
815 2754 965 2826 αὐτῷ
977 2755 1313 2820 ἐπισκόπους
1325 2760 1577 2827 παρεῖναι
1595 2759 1738 2813 κατὰ
1749 2760 1811 2813 τὸ
1829 2777 1946 2814 συν-

348 2843 549 2915 έδριον.
568 2844 713 2917 Πρὸς
732 2837 1088 2917 δ’ὲπεσόησαν
1117 2847 1320 2910 πάντες
1352 2847 1399 2899 οἱ
1434 2847 1721 2903 ἐπίσκοποι
1741 2866 1756 2883 ο
1790 2850 1946 2903 Ἀνά-

351 2937 499 3007 θεμα
523 2938 820 3008 Διοσκόρῳ,
840 2938 1128 3009 Διόσκορον
1144 2941 1172 2992 ὁ
1205 2940 1435 3009 Χριστὸς
1453 2939 1694 3007 καθεῖλε,
1726 2942 1947 3005 τούτους

351 3028 461 3093 ἔξω
490 3028 669 3100 βάλλε,
687 3026 818 3100 ἆρον
840 3029 999 3101 ὓϐριν
1015 3032 1109 3100 τῆς
1130 3031 1372 3094 συνόδου,
1388 3026 1521 3099 ἆρον
1552 3031 1674 3103 βίαν
1694 3034 1794 3105 τῆς
1822 3051 1950 3088 συν-

352 3121 500 3174 όδου.
525 3121 637 3185 Τὰς
665 3122 847 3191 φωνὰς
876 3122 953 3192 τῷ
976 3121 1204 3192 βασιλεῖ,
1224 3117 1357 3193 ἆρον
1385 3122 1541 3194 ὓϐριν
1566 3124 1669 3195 τῆς
1701 3106 1945 3193 συνόδου,

2037 1931 2381 1997 Barsumam,
2421 1947 2591 1986 unum
2636 1946 2704 1987 ex
2750 1930 2819 1985 iis
2866 1929 2961 2000 qui
3013 1929 3248 2000 ingressi
3297 1928 3519 1985 fuerant
3570 1940 3629 1987 tn

2038 2023 2359 2088 concilium,
2407 2014 2677 2077 occidisse
2723 2019 3069 2075 Flavianum.
3113 2018 3272 2073 Illum
3317 2017 3467 2075 enim
3511 2020 3627 2076 cla-

2040 2129 2258 2171 masse:
2292 2112 2525 2179 Occide;
2557 2122 2614 2169 et
2644 2110 2898 2183 quamvis
2932 2110 2989 2165 in
3016 2092 3206 2169 libello
3250 2125 3481 2180 precum
3528 2126 3630 2166 no-

2039 2208 2283 2263 minatus
2332 2222 2445 2262 non
2490 2206 2594 2272 sit,
2642 2220 2771 2261 eum
2822 2207 3007 2260 tam'en
3056 2214 3252 2259 contra
3299 2204 3391 2275 jus
3433 2203 3630 2274 fasque

2042 2301 2445 2371 introgressum
2472 2314 2616 2354 esse.
2647 2299 2778 2353 Post
2799 2298 2917 2353 haec
2946 2297 3015 2353 ab
3048 2297 3329 2354 universis
3348 2296 3643 2368 episcopis

2043 2392 2405 2447 acclamatum
2456 2401 2581 2446 est:
2634 2389 2850 2461 Syriam
2885 2404 3105 2445 omnem
3140 2389 3434 2445 Barsumas
3464 2388 3657 2444 dem--

2044 2483 2422 2551 stavit;mille
2457 2484 2757 2538 monachos
2808 2490 3001 2539 contra
3039 2496 3142 2536 nos
3173 2481 3426 2537 immisit.
3463 2479 3633 2537 Cum-

2044 2591 2152 2646 que
2202 2577 2415 2645 prolata
2467 2584 2615 2631 esset
2670 2573 3051 2638 interlocutio,
3109 2581 3168 2627 ut
3220 2572 3475 2628 monachi
3534 2572 3630 2643 qui

2046 2675 2449 2729 convenerant,
2497 2665 2877 2721 deﬁnitionem
2939 2663 3163 2721 concilii
3208 2674 3629 2735 exSpectarent,

2047 2758 2401 2828 posmlarunt
2449 2756 2706 2812 monachi
2737 2765 2797 2811 ut
2824 2756 2994 2811 libelli
3043 2755 3113 2810 ab
3160 2754 3296 2827 ipsis
3338 2756 3633 2826 compositi

2048 2850 2440 2913 recitarentur,
2479 2848 2534 2903 in
2565 2848 2767 2918 quibus
2815 2848 2919 2902 hoc
2955 2846 3102 2903 inter
3139 2856 3337 2903 caetera
3383 2848 3636 2902 contine-

2048 2942 2241 3009 batur;
2273 2950 2334 2997 ut
2366 2941 2662 2997 Dioscorus
2693 2950 2749 2996 et
2783 2941 2877 3010 qui
2907 2956 3030 2995 cum
3059 2940 3154 2996 illo
3179 2947 3337 2995 erant
3363 2939 3631 3011 episcopi,

2049 3032 2287 3087 concilio
2322 3030 2677 3086 interessent.
2724 3030 2939 3098 Quibus
2974 3030 3201 3096 auditis,
3255 3030 3638 3085 exclamamnt

2050 3138 2244 3179 omnes
2294 3122 2585 3193 episcopif
2615 3122 2919 3178 Anathema
2968 3121 3255 3188 Dioscoro,
3308 3122 3636 3182 Dioscorum

356 3209 492 3284 ἆρον
522 3209 708 3284 αἶσχος
732 3214 831 3283 τῆς
861 3215 1098 3269 συνόδου.
1133 3212 1228 3279 Οἷς
1267 3217 1657 3282 ἀντιτείνοντες
1688 3220 1739 3271 οἱ
1789 3239 1944 3291 μονα-

2052 3216 2309 3273 Christus
2363 3215 2643 3285 deposuit,
2681 3214 2815 3268 istos
2852 3212 3009 3273 .l‘oras
3050 3214 3281 3284 projice,
3325 3212 3454 3268 tolle
3487 3210 3636 3284 inju-

355 3305 466 3374 χοὶ,
505 3305 736 3375 ἔκραζον
756 3302 946 3375 ·*Αρον
964 3306 1123 3377 ὓϐριν
1152 3308 1260 3361 τῶν
1290 3309 1690 3381 μοναστηρῖων.
1711 3311 1941 3367 Καὶτῶν

355 3395 541 3451 αὐτῶν
569 3393 727 3463 αὖθις
754 3398 1212 3471 κραυγασθέντων
1244 3402 1309 3453 ὲκ
1362 3400 1466 3469 τῆς
1491 3403 1740 3468 συνόδου,
1764 3382 1946 3460 διελα-

355 3491 500 3563 λήθη
531 3493 658 3555 τοὺς
685 3491 905 3556 λοιποὺς
937 3490 1048 3548 τῶν
1088 3492 1352 3547 λιὸἐλλων
1391 3495 1831 3566 ἀναγνωσθῆναι.
1852 3498 1946 3555 Οἴ-

358 3600 472 3653 περ
490 3583 707 3651 λέγουσι
724 3585 801 3655 μὴ
829 3584 971 3637 κατὰ
998 3584 1059 3637 τὸ
1075 3586 1203 3653 δέον,
1222 3585 1319 3656 τὴν
1354 3584 1681 3656 καθαίρεσιν
1715 3591 1946 3644 Διοσκό-

362 3695 463 3749 ρου
487 3677 760 3745 γενέσθαι,
785 3679 878 3731 καὶ
923 3677 1099 3749 χρεὼν
1134 3679 1368 3743 πίστεως
1408 3681 1799 3751 προκειμένης,
1856 3700 1952 3753 με-

359 3771 591 3840 τασχεῖν
611 3770 775 3822 αὐτὸν
805 3770 899 3823 τοῦ
932 3770 1236 3841 συνεδρίου.
1266 3772 1326 3824 Ei
1343 3771 1399 3824 δὲ
1425 3771 1501 3843 μὴ
1522 3771 1681 3826 τοῦτο
1700 3773 1949 3846 γένηται,

360 3858 749 3915 ἁποτινάσσειν
788 3860 857 3913 τὰ
888 3861 1081 3931 ἱμάτια
1133 3861 1315 3916 αὐτῶν
1351 3864 1452 3933 τῆς
1510 3862 1794 3926 κοινωνίας
1842 3863 1951 3919 τῶν

362 3950 807 4021 συνεληλυθότων
854 3952 1193 4009 ἐπισκόπων.
1228 3944 1331 4006 τὨν
1371 3937 1702 4027 είρημένων,
1739 3943 1951 4019 ’Ᾰέτιος

359 4043 740 4115 ἀρχιδιάκονος
752 4044 1087 4113 ἀνεγίνωσκε
1105 4044 1305 4098 κανόνα
1322 4062 1389 4098 πε
1396 4044 1569 4117 ρὶςτῶν
1582 4045 1952 4116 ἀψοριζόντων

359 4133 614 4197 ἑαυτούς.
647 4135 756 4188 Καὶ
773 4135 936 4189 πάλιν
968 4135 1108 4207 πρὸς
1140 4135 1241 4200 τὰς
1263 4135 1485 4201 πεύσεις
1515 4137 1624 4191 τῶν
1638 4138 1953 4193 ὁσιωτάτων

359 4226 683 4281 ἐπισκόπων
719 4227 830 4280 τῶν
862 4228 1111 4299 μοναχῶν
1135 4227 1540 4299 διενεχθέντων,
1569 4225 1687 4283 εἶτα
1703 4230 1797 4283 καὶ
1815 4230 1954 4302 πρὸς

360 4318 634 4390 ἐρώτησιν
662 4319 869 4373 Ἀετίου
898 4320 1300 4390 ἀρχιδιακόνου,
1328 4321 1404 4384 ὡς
1441 4321 1549 4374 ἀπὸ
1572 4321 1669 4391 τῆς
1690 4320 1910 4376 συνόδου
1935 4338 1949 4352 ·

324 4468 325 4471 η
360 4409 476 4464 τῶν
507 4411 604 4480 μὲν
638 4410 1150 4481 ὰναθεματιζόντων
1211 4412 1510 4482 Νεστόριον
1549 4415 1644 4464 καὶ
1692 4411 1909 4482 Εὐτυχῆ
1938 4426 1950 4440 ·

360 4500 570 4567 τῶνδὲ,
601 4504 694 4556 καὶ
720 4502 1288 4574 παρακρουσαμένων,
1312 4503 1606 4574 διελαλήθη
1638 4504 1789 4573 παρὰ
1843 4502 1955 4556 τῶν

2048 3309 2185 3364 riam
2221 3305 2464 3371 concilii,
2505 3306 2633 3361 tolle
2667 3305 2987 3359 violentiam
3024 3303 3269 3359 concilii.
3316 3303 3425 3359 llas
3471 3317 3636 3359 voces

2047 3399 2392 3471 imperatori,
2443 3398 2571 3453 tolle
2617 3396 2873 3468 injuriam
2919 3396 3160 3464 concilii,
3208 3395 3341 3451 tolle
3395 3395 3638 3451 dedecus

2048 3491 2291 3549 concilii.
2322 3489 2527 3545 Contra
2556 3504 2690 3545 vero
2727 3488 2984 3543 monachi
3034 3487 3406 3544 inclamarnnt
3434 3506 3448 3542 :
3483 3486 3641 3543 Tolle

2050 3586 2308 3658 injuriam
2360 3582 2847 3640 monasteriorum.
2895 3580 3147 3651 Cumque
3199 3581 3394 3635 eadem
3445 3593 3643 3634 rursus

2050 3679 2348 3734 acclamata
2372 3685 2561 3733 essent
2597 3675 2666 3729 ab
2698 3673 2979 3745 episcOpis
3006 3674 3101 3744 qui
3135 3673 3196 3727 in
3226 3672 3436 3743 synodo
3461 3678 3637 3733 erant,

2047 3771 2260 3841 jussum
2287 3776 2373 3825 est
2407 3778 2467 3823 ut
2507 3767 2706 3837 reliqui
2736 3765 2909 3821 libelli
2950 3766 3345 3820 recitarentur.
3376 3761 3482 3830 Qui
3514 3762 3643 3833 qui-

2053 3861 2180 3917 dem
2251 3860 2651 3933 suggerebant,
2717 3857 2967 3914 Dioscori
3041 3855 3458 3926 depositionem
3528 3868 3641 3909 non

2056 3960 2231 4020 recte,
2280 3966 2465 4022 neque
2514 3949 2710 4004 ordine
2766 3948 2967 4003 factam
3026 3962 3188 4012 esse,
3244 3957 3302 4003 et
3358 3945 3643 4017 proposita

2058 4040 2186 4107 ﬁde,
2216 4056 2345 4097 eum
2389 4039 2457 4095 ad
2498 4055 2820 4096 consessum
2867 4037 3062 4111 synodi
3090 4036 3306 4093 admitti
3345 4043 3635 4107 oportere.

2057 4130 2215 4201 Quod
2242 4130 2347 4187 nisi
2381 4131 2458 4186 ita
2490 4131 2669 4199 ﬂeret,
2704 4145 3041 4188 exeussuros
3069 4144 3128 4186 se
3154 4128 3486 4184 vestimenta
3516 4140 3641 4189 sua,

2055 4232 2112 4280 et
2158 4239 2191 4279 a
2246 4221 2638 4279 communione
2684 4222 3091 4292 episcoporum
3160 4218 3255 4290 qui
3324 4214 3642 4286 congregati

2056 4326 2237 4383 erant,
2269 4330 2607 4372 recessuros.
2640 4313 2738 4369 His
2775 4312 3041 4377 recitatis,
3076 4311 3271 4367 Aetius
3300 4306 3647 4363 archidiaco-

2057 4423 2162 4463 nus
2190 4405 2323 4478 legit
2351 4420 2616 4461 canonem
2644 4404 2714 4460 de
2746 4404 2814 4460 iis
2842 4404 2937 4474 qui
2969 4403 3296 4472 semetipsos
3337 4415 3369 4455 a
3399 4406 3647 4455 commu-

2055 4499 2221 4555 nione
2274 4510 2553 4569 separant.
2602 4498 2818 4554 Rursus
2856 4510 2989 4553 cum
3033 4494 3102 4550 ad
3149 4492 3644 4563 interrogationem

363 4594 671 4665 ἀρχόντων,
694 4596 795 4661 τὰς
816 4596 1031 4668 δεήσεις
1056 4596 1305 4650 Φαύστου
1341 4596 1436 4649 καὶ
1468 4597 1577 4665 τῶν
1607 4594 1814 4665 λοιπῶν
1857 4611 1944 4665 μο-

2060 4594 2535 4652 sanctissimorum
2580 4591 3004 4661 episcoporum,
3041 4595 3097 4643 et
3130 4593 3321 4657 postea
3364 4583 3431 4639 ad
3474 4582 3646 4636 inter-

366 4686 552 4756 ναχῶν
589 4688 1032 4760 ἀναγνωσθῆναι,
1061 4688 1118 4743 αἳ
1187 4688 1534 4759 παρεκάλουν
1570 4687 1663 4742 τὸν
1723 4687 1953 4758 βασιλέα

368 4779 452 4851 μὴ
485 4779 882 4853 προσδεχθῆναι
934 4783 1063 4845 τοὺς
1112 4782 1428 4853 περαιτέρω
1461 4781 1653 4854 πρώην
1684 4781 1752 4853 (ε)
1789 4798 1956 4853 μονα-

2060 4686 2405 4755 rogationem
2473 4682 2619 4737 Aetli
2686 4679 3096 4745 archidiaconi,
3162 4688 3421 4747 tanquam
3483 4671 3649 4743 326

2060 4778 2285 4835 nomine
2324 4775 2518 4849 synodi
2553 4774 2775 4839 factam,
2823 4771 3079 4827 monachi
3125 4769 3287 4825 divisi
3320 4776 3545 4825 essent.
3589 4772 3647 4820 ct

1578 4917 1848 4977 VALESII
1879 4915 2439 4977 ANNOTATIONES.

439 5043 552 5111 (57)
576 5041 795 5112 Μέγρις
831 5042 908 5097 ἂν
939 5041 1401 5112 συναθροισθείη
1449 5038 1487 5109 ἡ
1522 5040 1803 5112 σύνοδος.
1837 5038 1945 5112 Ειιτ

366 5109 483 5171 stat
523 5109 989 5183 libellus‘precum
1018 5111 1233 5167 oblatus
1260 5127 1290 5166 a
1312 5112 1597 5183 monachis
1611 5109 1948 5183 imperatori

365 5185 648 5241 Marciano
716 5179 781 5239 in
850 5183 1068 5237 actione
1143 5192 1338 5252 quarta
1404 5180 1623 5236 concilii
1656 5179 1947 5252 iChalced.

365 5269 498 5326 pag.
534 5254 659 5307 237.
689 5254 751 5309 In
789 5254 896 5307 hoc
924 5252 1112 5326 libello
1140 5249 1424 5326 postulant
1443 5250 1712 5326 monachi
1740 5250 1809 5326 ab
1843 5249 1948 5303 im-

365 5320 650 5395 peratore,
688 5333 751 5378 ut
781 5322 1022 5395 synodus
1052 5320 1394 5377 (ncumenica
1436 5321 1548 5386 iiat,
1577 5337 1741 5395 quam
1775 5320 1953 5390 impe-

367 5393 525 5465 rator
550 5395 661 5465 jam
712 5393 873 5449 antea
901 5400 1242 5463 praeceperat
1275 5393 1638 5465 congregari:
1674 5405 1799 5465 quae
1835 5405 1954 5465 om-

366 5463 527 5520 nium
551 5460 731 5521 saluti
748 5460 1019 5530 consulat,
1045 5460 1147 5517 nec
1180 5460 1607 5532 monachos’pcr
1634 5460 1955 5519 viclcntiam

2055 5037 2409 5094 subscribere
2436 5035 2748 5105 compellat.
2776 5030 2999 5087 Scilicet
3021 5023 3277 5105 monachi
3301 5021 3507 5105 illinon
3528 5036 3647 5077 cre-

2052 5092 2261 5167 debant
2296 5092 2733 5179 ’synodumiesse
2788 5092 3645 5179 (neumenicam,ouillioss‘orus
3742 5150 3745 5155 η

2054 5160 2352 5262 εἷῖἶεξῇξιιῖἴ
2368 5160 2592 5262 ῙΕεχριί
2621 5172 2864 5251 episcopi
2897 5160 3647 5262 nonAint-eﬂujs‘sﬁnltLE‘et‘e-

2054 5230 2887 5320 banti-gitunufdﬁioscorus'in
2932 5240 3211 5320 integrum
3233 5230 3644 5320 destitueretur,

2056 5301 2520 5391 qiieniait—imodum
2550 5315 2736 5372 videre
2764 5318 2849 5366 est
2868 5311 2924 5364 in
2958 5301 3132 5363 altero
3154 5303 3343 5360 libello
3369 5301 3463 5372 qui
3494 5309 3641 5371 post-

2058 5408 2123 5447 ea
2154 5391 2419 5448 recitatus
2445 5397 2556 5443 est.

1790 5598 2104 5657 VARIORU
2118 5597 2183 5652 Μ.

446 5699 516 5772 (εὶ
567 5699 663 5766 Μὴ
729 5698 1175 5772 προσενεχθῆναι
1225 5697 1365 5765 τοὺς
1418 5694 1738 5766 περαιτέρω
1788 5692 2014 5764 πρώην.
2093 5688 2409 5763 chendum
2470 5686 2545 5759 μὴ
2609 5684 2801 5757 προσδ.
2873 5677 3181 5753 περαιτέρω
3239 5676 3368 5741 τοὺς
3436 5674 3641 5749 πρὼηι.

372 5769 463 5827 ιν,
496 5770 694 5829 Lowrn
