4076 6336
576 322 718 386 2583

1821 319 2131 378 EV'AGRII
2170 320 2655 380 SCHOLASTICI

3700 320 3840 385 2.281

573 436 669 493 alii
710 435 934 506 quidem
980 436 1294 491 Nestorium
1348 443 1510 504 atque
1571 434 1873 505 Eut)cltem
1934 435 2150 488 anathe-

2265 434 2396 504 χοῦς
2419 433 2866 502 ἐναντιουμένους
2902 435 3013 496 τοῖς
3048 433 3231 504 ὀρθοῖς
3270 433 3555 504 δόγμασιν.
3600 432 3722 503 Ἐφ’
3763 425 3847 496 οἷς

572 539 721 585 male
749 518 1108 593 damnarent;
1145 528 1236 582 alii
1268 543 1398 583 vero
1435 529 1933 599 tergiversarentur
1960 546 1971 581 ε
2000 526 2153 596 judi-

573 638 669 681 ces
717 638 818 693 per
861 604 1345 677 interlocutioncm
1397 620 1849 690 pronuntiarunt,
1882 629 1940 674 ut
1969 619 2152 674 Fausti

568 726 628 770 et
677 715 1018 785 reliquorum
1079 714 1476 769 monachorum
1545 729 1737 783 preces
1796 713 2149 789 legerentur:

570 808 778 879 quibus
816 809 1079 878 petebant
1106 807 1175 861 ab
1205 807 1560 875 imperatore,
1597 822 1666 861 ne
1709 807 1945 875 amplius
1974 795 2152 860 susci-

568 908 839 970 perentur
892 898 1167 961 monachi,
1224 898 1319 968 qui
1374 898 1543 952 rectis
1589 896 1936 968 dogmatibus
1988 897 2153 966 paulo

568 999 698 1045 ante
746 990 964 1046 fuerant
1011 991 1305 1045 adversati.
1342 991 1492 1045 Inter
1532 1006 1673 1061 quos
1700 989 1945 1059 quidam,
1976 990 2149 1044 Doro-

568 1084 733 1138 tlieus
772 1085 1017 1149 nomine,
1068 1084 1371 1154 Eutychem
1420 1082 1788 1136 ortliodoxum
1839 1082 2150 1151 appellave-

566 1185 673 1230 rat.
727 1174 1005 1230 Adversus
1053 1191 1218 1245 quem
1266 1176 1494 1230 diversa:
1526 1175 1859 1242 qumstiones
1887 1172 1953 1227 de
1980 1174 2150 1245 Euty-

567 1264 690 1319 chis
744 1265 993 1320 doctrina
1045 1281 1075 1318 a
1128 1265 1408 1335 iudicibus
1463 1265 1760 1335 propositze
1817 1274 1967 1319 sunt.
2022 1264 2153 1319 Post

570 1366 687 1413 haec
746 1373 869 1413 cum
925 1359 1157 1427 quintus
1211 1374 1502 1412 consessus
1570 1358 1861 1412 inchoatus
1922 1356 2148 1419 fuisset,

561 1450 779 1521 judiees
846 1450 1274 1505 interlocutione
1331 1451 1517 1505 habita
1580 1452 2043 1519 pronuntiarunt,
2093 1458 2153 1503 ut

565 1542 815 1597 deﬁnitio
872 1542 999 1598 ﬁdei
1058 1545 1524 1615 promulgaretnr.
1578 1544 1735 1598 Tune
1794 1542 2152 1611 Asclepiades

567 1633 836 1689 diaconus
864 1634 1128 1692 Ecclesia:
1165 1634 1803 1703 Constantinopolitanze,
1850 1634 1977 1703 legit
2013 1634 2150 1687 deﬁ-

563 1725 857 1792 nitionem,
892 1743 1054 1797 quam
1103 1727 1476 1782 monumentis
1511 1736 1760 1781 actorum
1803 1726 2149 1781 inserendam

562 1834 677 1873 non
737 1837 861 1876 esse
912 1822 1257 1893 judicarunt.
1309 1822 1409 1877 Cui
1480 1822 1788 1878 deﬁnitioni
1838 1824 2092 1879 nonnulli
2142 1821 2365 1893 quidem
2426 1826 2803 1887 repugnarunt

2260 526 2540 597 Δωρόθεος
2574 526 2829 596 μοναχδς,
2848 526 3129 596 όρθόδοξον
3157 527 3371 596 Εὐτυχῆ
3404 523 3667 595 κέκληκε.
3692 524 3845 595 Πρὸς

2257 616 2316 669 ὃν
2355 617 2589 685 διάφορα
2616 617 2921 687 δογματικά
2969 620 3099 689 περὶ
3154 617 3428 689 Εὑτυχοῦς
3458 617 3611 689 παρά
3652 617 3767 671 τῶν
3797 616 3846 649 ⁸⁸

2258 710 2535 780 ἀρχόντων
2576 710 2822 781 ἐκινήθη.
2878 712 2988 763 Καὶ
3030 709 3167 781 μετὰ
3200 710 3358 763 τοῦτο
3406 708 3663 779 πέμπτης
3714 724 3845 762 συν·

2258 801 2521 864 ελεύσεως
2548 802 2870 872 γενομένης,
2905 802 3229 871 διελάλησαν
3256 804 3303 854 oi
3328 803 3608 871 ἄρχοντες,
3639 798 3712 854 τά
3750 816 3846 851 τυ-

2258 893 2511 946 πωθέντα
2536 892 2777 961 περὶτῆς
2800 893 3034 954 πίστεως
3057 892 3190 963 δῆλα
3210 893 3481 961 γενέσθαι.
3506 892 3611 945 Καὶ
3627 891 3846 959 ἀνέγνω

2271 985 2673 1056 Ἀσκληπιάδης
2700 985 2942 1047 διάκονος
2970 986 3381 1039 Κωνσταντινου
3392 984 3590 1047 πόλεως
3613 986 3768 1055 ὅρον,
3787 982 3847 1034 ὃν

2258 1080 2403 1145 ἔδοξε
2436 1082 2511 1149 μὴ
2542 1083 2874 1151 συνταγῆναι
2895 1082 3010 1142 τοῖς
3046 1080 3425 1150 ὑπομνήμασι.
3446 1080 3589 1150 Πρὸς
3617 1079 3675 1130 ὃν
3697 1077 3851 1140 τινὲς

2262 1175 2358 1244 μὲν
2388 1173 2775 1243 διηνέχθησανο
2814 1176 2861 1225 οἱ
2901 1171 3118 1233 πλείους
3140 1170 3196 1222 δὲ
3245 1170 3561 1239 συνῄνεσαν.
3604 1169 3718 1222 Καὶ
3756 1168 3851 1219 ἐκ·

2256 1265 2498 1333 ϐοήσεων
2525 1262 2785 1314 ἐναντίων
2810 1261 3139 1331 γενομένων,
3179 1255 3333 1312 εἷπον
3359 1262 3406 1310 οἱ
3433 1259 3713 1327 ἄρχοντες,
3761 1257 3847 1309 ὅτι

2257 1353 2549 1421 Διόσκορος
2577 1352 2729 1418 ἔλεγε
2744 1352 2831 1404 διὰ
2852 1350 3009 1402 τοῦτο
3027 1349 3277 1402 καθελεῖν
3300 1348 3619 1410 Φλαϐιανὸν,
3648 1347 3847 1414 ἐπειδὴ

2254 1446 2348 1499 δύο
2380 1446 2567 1515 φύσεις
2598 1440 2750 1497 εἶπεν
2775 1439 2945 1495 εἶναι·
2984 1443 3073 1497 τὸν
3112 1444 3168 1496 δὲ
3225 1445 3350 1513 ὅρον
3386 1444 3448 1493 ἐκ
3483 1442 3576 1495 δύο
3625 1441 3849 1507 φύσεων

2256 1538 2397 1607 ἔχειν
2428 1538 2511 1606 (ι).
2541 1536 2680 1606 Πρὸς
2710 1535 2743 1588 δι
2775 1535 3079 1597 Ἀνατόλιος
3102 1530 3243 1600 εἷπε,
3276 1535 3564 1604 Διόσκορον
3598 1534 3671 1604 μὴ
3705 1532 3852 1585 καθ-

2256 1631 2546 1700 αιρεθῆνιι
2595 1630 2684 1681 διὰ
2736 1628 2953 1691 πίστιν,
3014 1627 3127 1680 ἀλλ’
3186 1628 3374 1698 ἐπειδὴ
3444 1626 3851 1696 ἀκοινωνησίαν

2256 1724 2505 1792 ἐπήγαγε
2530 1720 2739 1785 Λέοντι,
2772 1722 2862 1772 καὶ
2884 1720 3005 1790 τρὶς
3034 1718 3278 1786 κληθεὶς,
3308 1720 3410 1771 οὐκ
3436 1714 3588 1788 ἦλθε.

2860 1836 2871 1870 ;
2925 1818 3116 1886 plures
3174 1826 3356 1871 tamen
3419 1822 3846 1871 censi::zserunt.

562 1912 816 1986 Cumque
848 1915 981 1969 hinc
1028 1925 1083 1970 et
1112 1915 1241 1970 inde
1268 1916 1693 1971 acclamationes
1756 1918 2047 1973 contraria
2107 1916 2261 1969 facta:
2299 1920 2508 1976 essent,
2564 1910 2779 1981 judiees
2809 1910 3087 1977 dixerunt,
3136 1911 3457 1965 Dioscorum
3502 1907 3705 1961 dixisse
3760 1905 3849 1958 id-

562 2005 713 2059 circo
768 2006 1088 2061 Flavianum
1144 2006 1213 2061 ab
1268 2008 1387 2076 ipso
1437 2008 1751 2077 depositum
1806 2024 1950 2071 esse,
1997 2008 2144 2077 quod
2184 2007 2322 2060 duas
2367 2014 2597 2059 naturas
2639 2019 2759 2057 esse
2831 2002 3112 2057 dixisset:
3153 2002 3209 2056 in
3280 2002 3603 2056 deﬁnitione
3653 2010 3848 2053 autem

562 2096 835 2165 scriptum
887 2097 1101 2162 haberi,
1134 2112 1201 2153 ex
1231 2097 1450 2153 duabus
1491 2100 1724 2154 naturis.
1756 2100 1838 2154 Ad
1906 2101 2022 2153 [nec
2053 2099 2343 2153 Anatolius
2380 2095 2685 2167 respondit,
2723 2094 3047 2149 Dioscorum
3113 2110 3223 2148 non
3279 2093 3351 2147 ob
3418 2092 3582 2147 ﬁdem
3620 2092 3850 2163 deposi-

564 2198 684 2244 tum
726 2188 925 2253 fuisse,
966 2189 1065 2244 sed
1109 2191 1239 2259 quia
1284 2190 1525 2246 Leonem
1558 2194 2157 2256 exconmiunicarerat,
2196 2202 2251 2245 et
2284 2200 2365 2245 ter
2402 2197 2629 2244 vocatus
2663 2188 2729 2242 ad
2762 2188 3061 2242 concilium
3090 2202 3198 2241 non
3226 2193 3472 2241 venerat.

635 2282 1023 2353 Tumjudices
1057 2284 1406 2352 postularunt
1439 2292 1499 2338 ut
1524 2286 1693 2339 verba
1731 2287 1975 2355 epistolae
2000 2286 2141 2340 Leo-

2320 2284 2428 2338 Ka‘t
2451 2283 2558 2337 ἀπὸ
2580 2281 2674 2335 τοῦ
2706 2281 2801 2335 νῦν
2821 2282 2868 2334 οἱ
2896 2281 3155 2351 ἄρχοντες
3190 2280 3393 2348 (58)-τά
3406 2281 3462 2332 ἐν
3482 2283 3548 2351 τῇ
3582 2280 3845 2352 ἐπιστολῇ

560 2375 649 2430 nis
708 2374 1093 2430 insererentur
1152 2376 1462 2431 deﬁnitioni
1538 2376 1686 2431 ﬁdei.
1759 2377 1971 2443 Quibus
2024 2393 2149 2433 cum

560 2465 807 2535 episcopi
842 2466 1337 2532 eontradixissent,
1372 2468 1841 2537 aliirmassentque
1866 2469 2027 2522 aliam
2055 2468 2151 2523 de-

562 2556 873 2612 ﬁnitionem
930 2558 1046 2613 ﬁeri
1095 2574 1206 2613 non
1262 2568 1471 2629 posse:
1521 2548 1644 2614 eam
1694 2560 1839 2614 enim
1890 2559 2151 2615 omnibus

560 2650 812 2703 numeris
847 2665 968 2704 esse
1001 2651 1308 2705 absolutam
1338 2670 1349 2704 ε
1383 2668 1469 2705 res
1518 2651 1585 2706 ad
1635 2638 2025 2722 imperatorem
2058 2667 2149 2706 re-

560 2740 673 2797 lata
714 2748 817 2795 est.
861 2740 1167 2811 imperator
1198 2757 1265 2795 ex
1295 2740 1671 2796 Orientalibus
1710 2742 1982 2812 episcopis
2030 2758 2147 2807 sex,

560 2849 631 2887 ex
676 2834 905 2888 Pontica
938 2833 1165 2890 dimcesi
1204 2844 1336 2900 tres,
1371 2843 1481 2889 tres
1516 2836 1645 2889 item
1677 2850 1744 2890 ex
1774 2835 1921 2901 Asia,
1951 2844 2007 2890 et
2039 2846 2151 2891 tres

560 2940 631 2979 ex
673 2925 931 2989 Thracia,
989 2926 1327 2995 totidemque
1373 2943 1440 2981 ex
1481 2926 1724 2998 Illyrico,
1778 2926 1833 2980 in
1886 2927 2149 2997 templum

561 3019 824 3090 martyris
858 3019 1179 3089 Euphemia:
1208 3021 1505 3077 convenire
1547 3022 1733 3092 jussit,
1774 3022 2153 3091 'prmsenlibus

560 3111 815 3166 Anatolio
842 3120 899 3165 et
932 3111 1155 3167 vieariis
1200 3112 1456 3167 Romanae
1505 3113 1673 3178 sedis,
1715 3122 1879 3183 atque
1920 3115 2035 3169 illic
2065 3130 2153 3169 re-

562 3202 746 3273 gulam
790 3201 916 3256 ﬁdei
969 3211 1118 3257 recte
1170 3201 1526 3267 constituere,
1573 3212 1669 3257 aut
1711 3212 1861 3259 certe
1906 3205 2152 3275 singulos

562 3308 815 3349 seorsum
850 3293 1014 3348 ﬁdem
1050 3310 1205 3349 suam
1236 3310 1536 3364 exponere.
1572 3294 1667 3349 Sin
1702 3296 1907 3361 minus,
1941 3297 2150 3351 scirent

562 3386 834 3457 synodum
872 3388 937 3442 in
960 3387 1279 3443 Occidentis
1308 3388 1560 3457 partibus
1587 3404 1709 3444 esse
1739 3389 2145 3444 celebrandam.

562 3478 813 3549 Cumque
847 3495 918 3534 ex
948 3480 1059 3535 illis
1091 3480 1380 3550 quzesitum
1406 3490 1574 3545 esset,
1612 3488 1797 3535 utrum
1824 3481 2148 3537 Dioscorum

564 3580 930 3641 sequerentur
964 3572 1059 3642 qui
1090 3571 1370 3627 Christum
1399 3588 1466 3627 ex
1506 3572 1723 3629 duabus
1766 3583 2022 3629 constare
2054 3590 2150 3639 na-

2250 2375 2480 2436 Λέοντος
2501 2372 2785 2443 ἐντεθῆναι
2810 2372 2886 2442 τῷ
2914 2374 3047 2443 ὅρῳ.
3076 2370 3217 2442 Πρὸς
3245 2372 3275 2424 ὃ
3296 2372 3702 2441 ἀποφησάντων
3732 2374 3847 2426 τῶν

2252 2466 2569 2521 ἐπισκόπων
2581 2468 2674 2519 καὶ
2694 2465 2998 2536 εἰρηκότων
3017 2464 3175 2519 ἄλλον
3199 2465 3324 2534 ὅρον
3350 2462 3425 2534 μὴ
3445 2462 3722 2533 γενέσθαι,
3757 2467 3847 2517 ὲν-

2251 2558 2419 2621 τελῶς
2457 2558 2563 2629 γὰρ
2604 2557 2770 2629 ἔχειν,
2834 2557 3109 2628 ἀνηνέχθη
3141 2557 3315 2611 ταῦτα
3342 2556 3420 2627 τῷ
3471 2558 3700 2620 βασιλεῖ.
3731 2558 3847 2612 Καὶ

2252 2651 2542 2706 ἐκέλευσεν
2607 2650 2665 2717 ἒξ
2697 2651 2806 2705 ἀπὸ
2840 2650 2949 2704 τῶν
2982 2651 3317 2705 ἀνατολικῶν
3366 2651 3705 2714 ἐπισκόπων.
3748 2652 3845 2707 καὶ

2252 2746 2402 2816 τρεῖς
2430 2745 2542 2798 ἀπὸ
2570 2745 2669 2814 τῆς
2726 2745 3017 2812 Ποντικῆς,
3050 2745 3147 2798 καὶ
3177 2747 3324 2815 τρεῖς
3362 2744 3468 2798 ἀπὸ
3508 2745 3718 2812 Ἀσίας,
3748 2744 3845 2798 καὶ

2251 2842 2402 2909 τρεῖς
2442 2838 2549 2892 ἀπὺ
2587 2838 2831 2909 Θρᾴκης.
2874 2839 2968 2891 καὶ
3015 2840 3163 2908 τρεῖς
3213 2838 3320 2892 ἀπὸ
3368 2839 3662 2911 Ἰλλυριῶν,
3698 2856 3842 2910 συμ-

2254 2926 2525 2997 παρόντος
2565 2925 2871 2979 ⁹Ανατολίου
2896 2926 2992 2978 καὶ
3039 2928 3148 2979 τῶν
3194 2928 3584 2999 τοποτηρητῶν
3616 2927 3844 2999 Ῥώμης

2256 3019 2531 3072 συνελθεῖν
2558 3020 2616 3071 ἐν
2645 3018 2722 3088 τῷ
2760 3018 3067 3090 μαρτυρίῳ,
3096 3020 3191 3073 καὶ
3214 3019 3282 3074 τὰ
3312 3021 3439 3091 περὶ
3466 3021 3564 3091 τῆς
3604 3022 3841 3085 πίστεως

2259 3110 2437 3181 ὀρθῶς
2464 3110 2737 3172 τυπῶσαι,
2787 3111 3078 3182 ἢὲκαστον
3123 3113 3224 3181 τὴν
3265 3112 3459 3167 ἐαυτοῦ
3484 3113 3720 3184 δηλῶσαι
3753 3114 3840 3167 πῖ-

2256 3220 2393 3268 στιν,
2425 3202 2457 3273 ῆ
2490 3203 2710 3268 ειδέναι,
2740 3203 2816 3267 ὡς
2862 3205 2921 3257 ἐν
2972 3206 3040 3275 τῇ
3082 3204 3243 3258 Δύσει
3276 3206 3308 3275 ἡ
3344 3204 3557 3270 σύνοδος
3603 3206 3839 3273 γίνεται.

2252 3296 2361 3350 Καὶ
2390 3294 2789 3366 ἀπαιτηθέντες
2817 3296 3080 3359 εῖπεῖν,εἰ
3102 3296 3379 3367 Διοσκόρω
3405 3296 3840 3352 ἀκολουθοῦσιέκ

2252 3389 2345 3442 δύο
2368 3389 2601 3456 λέγοντι,
2630 3389 2661 3459 ἢ
2695 3389 2906 3455 Λέοντι,
2926 3389 3020 3443 δύο
3048 3391 3106 3444 ἐν
3130 3390 3376 3461 Χριστῷ,
3401 3392 3633 3463 ἐϐόησαν
3650 3392 3841 3446 Λέοντι

2252 3480 2529 3534 πιστεύειν
2560 3479 2672 3549 ('59)
2695 3494 2707 3507 '
2752 3481 2880 3543 τοὺς
2905 3480 2961 3533 δὲ
2988 3479 3390 3549 ἀντιλέγοντας,
3415 3482 3841 3552 Εὐτυχιανιστάς

2254 3568 2414 3626 εἶναι.
2432 3572 2541 3625 Καὶ
2559 3571 2667 3624 τῶν
2693 3572 2969 3646 ἀρχόντων
2991 3573 3291 3645 εἰρηκότων
3310 3574 3668 3645 προστεθῆναι
3698 3573 3841 3629 κατά

567 3664 711 3719 turis
744 3663 990 3731 dicebat,
1042 3679 1113 3719 an
1144 3664 1385 3718 Leonem
1419 3666 1515 3734 qui
1544 3665 1682 3719 duas
1705 3667 1760 3720 in
1788 3665 2009 3721 Christo
2051 3683 2150 3721 na-

2257 3665 2487 3728 Δέοντος
2523 3664 2635 3735 (40)
2666 3664 2761 3718 δύο
2790 3665 2982 3735 φύσεις
3031 3665 3343 3736 ήνωμένας,
3378 3666 3678 3738 ἀτρέπτους
3706 3666 3840 3739 (41),

566 3766 723 3811 turas
773 3757 1081 3824 asserebat,
1129 3757 1504 3812 acclamarunt
1551 3773 1610 3813 se
1648 3758 1816 3813 Leoni
1852 3758 2149 3814 assentiri:

566 3865 663 3905 eos
692 3865 825 3905 vero
862 3850 956 3921 qui
1000 3850 1475 3916 contradicerent,
1522 3850 1965 3922 Eutychianistas
2005 3864 2146 3905 esse.

2261 3760 2355 3812 καὶ
2379 3758 2732 3829 ἀμερίστους,
2766 3758 2861 3811 καὶ
2897 3757 3239 3828 ἀσυγχύτους
3270 3761 3328 3814 ἐν
3358 3759 3435 3831 τῷ
3472 3759 3712 3831 Χριστῷ,
3750 3758 3838 3813 καὶ

2261 3850 2597 3905 ἐπελθόντων
2621 3851 2732 3905 τῶν
2761 3851 3041 3922 ἀρχόντων
3066 3850 3178 3923 (42)
3219 3852 3277 3905 ἐν
3320 3850 3398 3923 τῷ
3429 3852 3715 3924 μαρτυριῳ
3744 3852 3839 3921 τῆς

1879 3963 2117 4019 νΑΒΙιΕ
2150 3963 2556 4023 LECTIONES.

1775 4101 2049 4181 VALESII
2086 4101 2645 4159 ANNOTATIONES.

642 4037 689 4070 ⁸⁸
729 4038 1013 4103 παρόντων
1041 4036 1171 4091 τῶν.

641 4203 752 4275 (58)
786 4203 892 4258 Kal
918 4205 1037 4257 ἀπὸ
1074 4204 1179 4258 τοῦ
1213 4200 1755 4275 νῦνᾼοὶ-ἇρχο-ντες.
1783 4198 1941 4275 Hune
1970 4199 2153 4253 locum

568 4268 806 4333 feliciter
830 4275 966 4328 mihi
998 4275 1188 4330 videor
1225 4271 1554 4327 restituisse.
1588 4268 1723 4323 Nam
1748 4284 1815 4323 ex
1844 4269 2024 4323 tribus
2055 4285 2153 4323 vo—

570 4346 786 4403 cabulis
832 4346 1053 4399 unicum
1092 4345 1196 4400 feci
1246 4344 1353 4397 hoc
1399 4341 1563 4395 modo
1602 4339 1845 4409 ἀπῄτουν
1885 4340 1933 4391 οἱ
1960 4340 2158 4409 ἄρχον-

569 4435 681 4480 τες.
720 4424 828 4469 etc.
876 4415 943 4469 At
981 4416 1347 4480 Nieephorus,
1378 4428 1504 4467 eum
1561 4410 1710 4480 hunc
1749 4410 1929 4462 locum
1970 4425 2162 4480 corru-

570 4479 727 4569 ptum
758 4500 879 4539 esse
920 4479 1405 4569 anirtiadt'erteret,
1437 4481 1609 4560 verbo
1645 4479 1855 4569 adjecto
1886 4479 2165 4569 supplevit

572 4550 631 4611 ἶιι
680 4559 826 4609 hunc
881 4558 1105 4609 modum
1157 4575 1167 4609 :
1212 4555 1345 4605 Ἀπὸ
1395 4550 1490 4604 τοῦ
1524 4550 1618 4604 νῦν
1660 4552 1707 4601 οἱ
1741 4552 1998 4619 ἄρχοντες
2042 4551 2164 4601 ἐκέ-

570 4627 810 4687 λευσαν,
876 4638 1007 4687 etc.,
1053 4634 1246 4680 contra
1302 4624 1463 4677 Iidem
1525 4630 1805 4691 gestorum
1852 4630 1908 4673 et
1959 4629 2159 4689 praeter

573 4708 815 4751 mentem
846 4696 1088 4766 Evagrii.
1121 4696 1309 4763 Neque
1338 4694 1484 4747 enim
1510 4691 1724 4766 judiees
1756 4691 2048 4766 smcnlares
2064 4691 2159 4759 qui

570 4768 727 4838 jussu
782 4761 1154 4846 irnperateris
1183 4761 1772 4846 ιιι-ισειτιιριιιι.εγιινοςιοτ
1811 4761 2160 4846 "mandarunt

2256 4198 2428 4253 Leoni
2454 4199 2705 4271 credere,
2729 4218 2893 4271 quem
2919 4203 3217 4258 aemodum
3259 4202 3429 4257 vertit
3453 4200 3838 4271 Christopbor—

2258 4284 2427 4329 sonus
2460 4287 2472 4322 :
2508 4270 2602 4323 sed
2629 4270 2761 4326 cum
2795 4274 2975 4329 Leone
3013 4288 3071 4327 se
3105 4274 3356 4339 credere,
3391 4284 3452 4328 ut
3482 4282 3630 4333 recte
3673 4270 3842 4327 inter-

2258 4340 2459 4408 pretati
2503 4350 2633 4414 sunt
2675 4342 2896 4414 Langus
2929 4355 2986 4398 et
3026 4344 3326 4399 Musculus.
3364 4344 3454 4399 Sic
3482 4346 3629 4397 enim
3662 4344 3841 4414 accla-

2260 4418 2522 4491 ruerunt,
2556 4411 2632 4473 ὡς
2665 4411 2837 4491 item,
2870 4414 3011 4468 οὓτω
3042 4414 3137 4467 καὶ
3166 4414 3523 4484 πιστεύομεν,
3561 4422 3621 4467 ιιι
3642 4413 3843 4483 legitur

2262 4484 2319 4534 in
2355 4484 2574 4536 actione
2601 4484 2814 4551 quinta.
3598 4538 3603 4541 .

2335 4551 2443 4623 (£0)
2501 4552 2911 4619 Προστὲθῆναι
2959 4555 3109 4609 κατὰ
3164 4556 3439 4619 Λέοντος.
3500 4553 3845 4623 Nicephorus

2268 4622 2493 4691 quidem
2546 4624 2862 4679 emendavit
2916 4629 3055 4678 κατὰ
3083 4628 3307 4679 Λέοντα.
3344 4625 3453 4680 Sed
3492 4640 3599 4678 non
3642 4622 3845 4677 dubito

2268 4693 2399 4765 quin
2427 4692 2694 4765 Evagrius
2722 4696 3008 4765 seripserit
3036 4697 3178 4748 κα.τά
3204 4705 3270 4748 τὰ
3296 4696 3547 4752 Λέοντος.
3583 4694 3674 4748 Sic
3696 4694 3844 4765 enim

2268 4762 2569 4835 loquuntur
2598 4764 2815 4832 judices
2838 4762 2904 4819 in
2931 4765 3145 4820 actione
3180 4767 3372 4835 quinta
3422 4766 3586 4835 hujus
3602 4762 3842 4835 concilii,

576 4828 821 4906 unquam
855 4828 916 4888 ut
958 4836 1193 4906 epistola
1232 4835 1431 4887 Leonis
1470 4828 1775 4907 definitioni
1807 4831 1935 4907 ﬁdei
1960 4832 2164 4907 insere-
2192 4828 2244 4887 D
2272 4828 2392 4902 pag.
2421 4833 2545 4907 Ξῦθ.
2581 4828 2752 4907 Porro
2772 4844 3101 4905 postvoeem
3131 4828 3514 4907 προστεθῆναι,
3532 4833 3844 4889 addendum

574 4902 767 4972 retur;
813 4907 908 4959 sed
955 4902 1008 4960 id
1047 4915 1259 4959 tantum
1320 4904 1669 4972 postularunt
1712 4902 1780 4955 ab
1833 4902 2111 4970 episcopis
2148 4921 2161 4955 :

576 4979 725 5043 quod
780 4985 962 5030 tamen
1017 4978 1263 5046 episc0pi
1301 4976 1384 5029 eis
1424 4974 1787 5043 denegarunt,
1822 4982 1881 5026 ut
1921 4982 2072 5042 patet
2098 4989 2165 5027 ex

576 5050 793 5103 actione
817 5048 1035 5117 quinta,
1059 5056 1180 5117 pag.
1206 5046 1331 5099 250.

650 5119 761 5187 (59)
808 5113 1017 5171 Λέοντι
1059 5113 1390 5170 πιστεύειν.
1429 5113 2001 5187 Subaudiendumest
2031 5114 2163 5187 ἀκο-

571 5184 928 5251 λουθοῦντας,
977 5188 1097 5241 Non
1146 5187 1291 5241 enim
1349 5184 1758 5255 responderunt
1813 5186 2059 5255 episcopi
2101 5201 2164 5240 se

2270 4918 2390 4957 esse
2414 4904 2635 4958 videtur
2663 4904 2794 4959 δεῖν.

2271 4965 2282 4978 “
2342 4974 2455 5043 (Ill)
2518 4975 2858 5045 ξΗνωμένας
2896 4978 3248 5045 ἀτρέπτους.
3303 4977 3364 5031 1η
3414 4975 3628 5031 actione
3656 4974 3841 5043 quinta

2270 5044 2461 5118 synodi
2502 5044 2974 5118 Chalcedonensis
3007 5051 3275 5118 scriptum
3325 5056 3410 5101 est
3459 5045 3847 5101 adverbialiter

2269 5116 2553 5187 ἀτρέπτως
2578 5117 2672 5187 καὶ
2696 5118 3007 5187 ἀμερίστως
3037 5116 3505 5187 καῖἁσυγχύτως.”

2341 5186 2451 5257 (42)
2482 5186 2591 5241 Kal
2631 5185 3009 5242 ἐπελθόντων
3041 5188 3161 5242 τῶν
3184 5185 3514 5260 ἀρχόντων.
3569 5188 3709 5242 Ante
3752 5185 3847 5239 has

2037 5306 2423 5369 ιἈιιιΟιιυιι.

652 5403 724 5475 (ι)
760 5402 876 5457 Τὸν
907 5403 976 5455 δὲ
1007 5404 1147 5475 ὅρον
1170 5405 1236 5457 ἐκ
1260 5404 1368 5458 δύο
1397 5404 1644 5473 φύσεων
1672 5405 1854 5473 ἔχειν.
1886 5406 2153 5475 intelligi—

576 5473 671 5528 tur
704 5473 943 5527 formula
995 5474 1122 5527 ﬁdei
1160 5475 1228 5528 ab
1282 5476 1539 5530 Anatolio
1568 5476 1677 5543 jam
1707 5478 1946 5530 concilio
1996 5473 2156 5531 exhi-

578 5544 713 5607 bita,
742 5544 799 5598 in
830 5560 938 5614 qua
969 5544 1107 5599 illud
1140 5545 1318 5599 visum
1345 5555 1430 5599 est
1466 5545 1722 5599 Patribns
1772 5547 2161 5614 reprehensio-

579 5630 705 5667 nem
768 5614 992 5678 mereri,
1046 5614 1191 5683 quod
1245 5616 1527 5670 Christum
1581 5631 1649 5669 ex
1693 5616 1911 5671 duabus
1947 5619 2163 5672 naturis

584 5694 841 5755 constare
870 5687 1309 5755 pronuntiasset.
1341 5685 1641 5739 Dicendum
1670 5687 1817 5740 enim
1872 5687 2077 5749 fuerat,
2103 5698 2167 5742 ut

583 5754 795 5823 plenius
824 5754 1146 5812 obviaretur
1191 5756 1385 5811 hairesi
1443 5756 1821 5828 Eutychiana',
1876 5758 2161 5813 Christum

2265 5426 2331 5463 ex
2384 5409 2603 5465 duabus
2654 5411 2868 5464 naturis
2932 5418 3183 5465 constare
3256 5418 3380 5479 post
3427 5407 3844 5479 adunationem.

2266 5480 2546 5551 Eutyches
2577 5482 2781 5551 quippe
2801 5481 3037 5534 asseruit
3082 5478 3365 5534 Christum
3397 5490 3523 5533 ante
3544 5478 3845 5551 unitionern

2272 5548 2411 5605 duas
2441 5548 2666 5611 naluras
2693 5548 2981 5615 habuisse;
3020 5566 3184 5604 unam
3218 5566 3351 5605 vero
3378 5560 3503 5619 post
3520 5548 3843 5619 unitionem.

2270 5619 2543 5675 Catholici
2574 5630 2760 5675 autem
2809 5620 3141 5691 profitentur
3188 5636 3310 5675 esse
3345 5617 3419 5691 in:
3450 5620 3672 5691 Christo
3709 5617 3845 5691 duas

2270 5699 2498 5745 naturas
2521 5692 2705 5744 unitas
2757 5687 3070 5755 in'confuse,
3093 5690 3611 5752 ineonvertibiliter,
3644 5687 3845 5741 indivi-

2272 5760 2669 5817 sibiliter.‘fid.
2704 5776 2893 5832 supra,
2926 5778 2974 5816 c.
2999 5763 3052 5829 4,
3086 5777 3278 5818 versus
3304 5759 3595 5817 ﬁnem.W.
3627 5758 3845 5815 Lowru.
