4076 6336
252 382 401 449 2:393

1174 372 1557 432 HISTORI/E
1598 368 2185 429 ECCLESIASTICE
2225 368 2453 428 LIBER
2487 370 2599 429 IlI.

3378 367 3519 432 £594

331 502 462 556 KE'.
507 497 755 569 Περὶτῆς
790 494 1213 555 ἐπαναστάσεως
1239 492 1554 561 Θεοδερίχου
1576 491 1668 544 τοῦ
1702 490 1841 543 Σκύ-

2017 486 2181 567 xxv‘.
2218 513 2292 567 De
2338 509 2665 565 Theodorici
2715 508 2926 579 Scytha:
2976 506 3295 572 rebellione,
3340 506 3520 576 deque

255 600 380 659 Θου,
404 599 497 650 καὶ
528 596 625 664 τῆς
650 595 840 646 τεύτου
869 590 1150 658 τελευτῆς.

333 690 477 753 KG’.
510 686 644 755 Περὶ
666 687 766 754 τῆς
799 680 1118 751 Μαρκιανοῦ
1160 676 1600 741 ἐπαναστάσεως,
1639 676 1731 730 καὶ
1756 674 1840 731 οἷα

254 779 393 849 περὶ
414 777 599 829 τοῦτον
639 772 857 841 συνέϐη.

337 871 464 925 ΚΖ¹.
503 870 637 937 Περὶ
667 869 769 935 τῆς
799 863 1113 935 τυραννίδος
1138 864 1311 915 Ἱλλου
1339 864 1431 915 καὶ
1458 862 1731 916 Λεοντίου.

334 962 471 1018 KH'.
510 962 646 1033 Περὶ
681 940 1037 1029 Μαμμίανού,
1075 957 1169 1010 καὶ
1202 956 1310 1011 τῶν
1340 956 1515 1028 ἔργων
1547 955 1734 1009 αὑτοῦ.

333 1140 466 1194 KS'.
504 1137 637 1205 Περὶ
658 1136 756 1205 τῆς
786 1133 1042 1203 τελευτῆς
1070 1135 1337 1203 Ζήνωνος,
1362 1130 1574 1199 καὶτῆς
1598 1122 1845 1201 ἀναρρή-

258 1250 405 1296 σεως
440 1229 813 1283 Ἀναστασίου.

338 1326 417 1377 Λ’.
456 1323 591 1392 Περὶ
626 1320 979 1373 ’Λναστασίου
1007 1317 1099 1372 τοῦ
1137 1317 1424 1387 βασιλέως,
1461 1315 1553 1369 καὶ
1580 1315 1655 1378 ὡς
1683 1312 1770 1367 διὰ
1786 1313 1845 1366 τὸ

268 1416 345 1483 μὴ
381 1411 666 1483 βούλεσθαι
700 1410 897 1465 τοῦτον.
918 1412 1264 1479 καινοτομεῖν
1293 1426 1343 1460 τι
1378 1409 1506 1479 περὶ
1528 1406 1627 1477 τὴν
1654 1405 1848 1475 ἐκκλη-

266 1505 553 1575 σιαστικὴν
586 1504 939 1567 κατάστασιν,
975 1502 1182 1573 μυρίων
1211 1501 1468 1570 ταραχῶν
1500 1501 1556 1553 αί
1596 1499 1699 1552 ἀνὰ
1748 1497 1848 1568 τὴν

261 1598 591 1667 οἰκουμένην
621 1595 939 1664 Ἐκκλησίαι
972 1592 1415 1665 ὲνεπλήσθησαν’
1448 1591 1632 1647 πολλοί
1659 1608 1715 1644 τε
1739 1591 1848 1644 τῶν

265 1690 581 1745 ἐπισκόπων
612 1687 702 1740 διὰ
724 1686 881 1740 τοῦτο
913 1686 1303 1756 ἐξεϐλήθησαν.

337 1782 464 1834 ΛΑ⁸.
505 1778 793 1849 Ἐπιστολὴ
844 1778 951 1830 τῶν
986 1777 1235 1847 μοναχῶν
1286 1774 1666 1829 Παλαιστινῶν
1710 1774 1847 1845 πρὸς

266 1875 573 1928 ’Λλκίσωνα
600 1872 727 1943 περὶ
754 1870 988 1942 μοναχοῦ
1017 1869 1241 1923 Ξεναίου
1272 1870 1364 1922 καὶ
1387 1870 1589 1937 ἐτέρων
1616 1867 1798 1919 τινῶν.

336 1967 460 2020 AB’.
490 1965 623 2036 Περὶ
648 1964 746 2033 τῆς
769 1962 995 2032 ἐκϐολῆς
1025 1961 1361 2015 Μακεδονίου
1396 1958 1491 2012 τοῦ
1542 1958 1850 2011 Κωνσταν-

264 2057 644 2120 τινουπόλεως,
677 2057 772 2109 καὶ
792 2052 1095 2108 Φλαϐιανοῦ
1139 2053 1498 2122 Ἀντιοχείας.

341 2146 465 2203 Al".
503 2150 638 2218 Περὶ
664 2130 907 2219 Σεϐήρου
939 2144 1249 2199 ἐπισκόπου
1285 2142 1636 2212 Ἀντιοχείας.

344 2238 465 2295 ΔΔ⁹.
506 2240 641 2312 Περὶ
678 2240 778 2310 τῆς
804 2237 1146 2309 πεμφθείσης
1169 2234 1319 2305 αύτῷ
1354 2228 1728 2304 καθαιρέσεως
1749 2234 1853 2286 ὑπὸ

269 2335 470 2403 Κοσμᾶ
492 2333 585 2387 καὶ
607 2331 965 2403 Σεϐηριανοῦ.

344 2426 468 2481 ΔΕ’.
489 2426 624 2496 Περὶ
638 2425 736 2493 τῆς
753 2423 861 2476 τῶν
884 2421 1159 2494 τυράννων
1177 2420 1436 2491 Ἰσαύρων
1461 2420 1852 2491 καθαιρέσεως.

345 2519 487 2585 AG”.
512 2518 648 2588 Περὶ
669 2516 776 2569 τῶν
796 2515 1087 2586 Σκηνητῶν
1106 2512 1419 2584 βαρϐάρων,
1443 2511 1518 2575 ὡς
1535 2512 1855 2566 ἐσπείσαντο

274 2610 413 2681 πρὸς
450 2608 776 2679 Ῥωμαίους.

347 2703 467 2755 AZ‘.
508 2699 644 2771 Περὶ
676 2698 778 2769 τῆς
812 2698 868 2752 ὲν
898 2695 1082 2769 Ἀμίδῃ
1112 2695 1454 2768 πολιορκίας,
1486 2695 1581 2749 καὶ
1625 2693 1856 2758 κτίσεως

272 2791 369 2845 τοῦ
399 2789 600 2861 Δάρας.

346 2884 475 2936 ΛΗ’.
510 2880 647 2951 Περὶ
670 2878 766 2932 τοῦ
799 2878 1015 2949 μακροῦ
1042 2880 1276 2948 τείχους.

346 2973 469 3028 ΔΘ⁶.
498 2972 636 3043 Περὶ
662 2969 758 3025 τοῦ
787 2970 1079 3042 λεγομένου
1118 2964 1553 3040 Χρυσαργύρου,
1602 2966 1677 3028 ὡς
1710 2966 1855 3018 ἀνεῖ-

274 3068 371 3120 λεν
395 3065 557 3119 αὐτὺν
593 3065 970 3127 ’Δναστάσιος.

1944 602 2190 673 ejusdem
2224 602 2472 656 interitu.

1989 686 2201 748 ’XXVI.
2248 695 2323 749 De
2374 694 2677 748 rebellione
2728 690 3023 751 Marciani,
3070 699 3126 745 et
3159 689 3292 759 quid
3341 688 3521 743 eidem

1944 784 2226 839 acciderit.

2016 875 2228 929 XXVII.
2262 876 2338 929 De
2372 872 2686 946 Tyrannide
2718 874 2800 928 Illi
2834 889 2897 929 ac
2928 872 3167 927 Leontii.

2016 960 2255 1015 XXVIII.
2314 963 2386 1015 De
2434 962 2793 1027 Mammiano,
2826 972 2883 1015 et
2928 960 2997 1015 de
3046 960 3309 1031 operibus
3342 959 3410 1013 ab
3458 973 3527 1013 eo

1946 1056 2295 1111 constructis.

2018 1145 2211 1200 XXIX.
2247 1147 2322 1200 De
2358 1145 2597 1200 Zenonis
2641 1144 2819 1209 obitu,
2851 1152 2906 1198 et
2936 1142 3003 1197 de
3038 1142 3309 1197 Anastasii
3355 1142 3531 1212 impe-

1948 1239 2145 1293 ratoris
2186 1238 2616 1307 nuncupatione.

2030 1329 2203 1385 XXX.
2240 1330 2316 1385 De
2351 1328 2639 1384 Anastasio
2684 1326 3018 1397 imperatore
3067 1343 3079 1379 :
3120 1333 3176 1379 et
3223 1323 3527 1393 quomodo,

1950 1424 2076 1475 eum
2123 1420 2215 1474 ille
2257 1419 2395 1487 nihil
2439 1420 2493 1472 in
2543 1416 2918 1473 ecclesiastico
2950 1423 3093 1470 statu
3127 1415 3332 1468 sineret
3375 1414 3532 1468 innec

1950 1510 2089 1573 vari,
2125 1510 2295 1565 totius
2336 1508 2489 1563 orbis
2513 1507 2777 1565 Ecclesia).
2816 1508 3123 1561 innumeris
3159 1506 3536 1577 perturbatio~

1950 1601 2117 1656 nibus
2148 1601 2372 1671 repleta:
2411 1609 2557 1664 sunt,
2590 1598 2855 1669 multique
2882 1598 3125 1667 episcopi
3155 1612 3274 1651 eam
3303 1596 3377 1650 ob
3408 1610 3531 1649 eau-

1951 1708 2065 1748 sam
2093 1692 2336 1762 expulsi.

2022 1781 2216 1838 XXXI.
2250 1781 2497 1851 Epistola
2528 1780 2921 1834 monachorum
2963 1778 3266 1834 Palmstinae
3293 1777 3360 1831 ad
3390 1777 3537 1831 Alci-

1955 1890 2146 1930 sonem
2179 1874 2249 1929 de
2278 1872 2486 1929 Xenaia
2520 1873 2814 1935 monacho,
2849 1881 2905 1925 et
2931 1871 2999 1925 de
3030 1871 3154 1924 aliis
3182 1868 3534 1939 quibusdam.

2024 1966 2241 2020 XXXII.
2278 1966 2353 2020 De
2385 1964 2705 2033 expulsione
2740 1962 3042 2017 Macedonii
3073 1960 3537 2029 Constantinopo—

1953 2059 2111 2114 litani
2144 2058 2411 2127 episcopi,
2439 2065 2495 2111 et
2528 2054 2770 2110 Flaviani
2800 2054 3152 2109 Antiocheni.

2027 2148 2269 2203 XXXIII.
2308 2149 2385 2203 De
2421 2148 2627 2202 Severo
2649 2148 2910 2216 episcopo
2938 2140 3262 2200 Antiochiam

2026 2243 2269 2299 XXXIV.
2302 2244 2379 2299 De
2407 2243 2599 2297 libello
2628 2241 2995 2312 depositionis
3036 2242 3103 2296 ad
3150 2241 3406 2296 eumdem
3444 2238 3543 2296 Se-

1956 2350 2147 2391 verum
2180 2335 2349 2389 misso
2376 2349 2406 2389 a
2435 2334 2631 2389 Cosma
2664 2343 2720 2387 et
2747 2332 3067 2388 Severiano.

2028 2424 2243 2481 XXXV.
2276 2426 2352 2479 De
2381 2425 2648 2481 exstincta
2680 2425 2993 2492 Isaurorum
3025 2424 3334 2495 tyrannide.

2025 2517 2267 2574 XXXVI.
2306 2516 2594 2584 Quomodo
2622 2516 2881 2572 Saraceni
2906 2531 3098 2586 pacem
3128 2532 3253 2583 cum
3283 2515 3545 2572 Romanis

1958 2610 2231 2665 fecerunt.

2030 2701 2295 2757 XXXVII.
2330 2702 2408 2757 De
2439 2701 2845 2772 expugnatione
2874 2699 3104 2766 Amidae,
3133 2709 3189 2755 et
3222 2700 3291 2755 de
3318 2698 3546 2755 conditu

1963 2794 2121 2849 urbis
2150 2794 2341 2849 Daras.

2031 2884 2322 2940 XXXVIII.
2354 2886 2432 2939 De
2458 2885 2623 2955 longo
2658 2900 2838 2939 muro.

2033 2976 2278 3031 XXXIX.
2311 2977 2387 3031 De
2413 2978 2665 3046 vectigali
2695 2977 2843 3046 quod
2868 2976 3301 3048 Chrysargyrum
3328 2978 3549 3038 vocant,

1924 3144 1925 3147 η
1962 3077 2018 3122 οι
2041 3067 2322 3136 quomodo
2350 3067 2626 3122 sublatum
2654 3068 2726 3121 sit
2752 3068 2822 3121 ab
2848 3066 3158 3121 Anastasio.

348 3157 438 3211 Μ’.
476 3154 614 3227 Περὶ
631 3148 705 3207 ὧν
742 3154 993 3225 ἱστόρησε
1027 3152 1276 3223 Ζώσιμος
1303 3152 1462 3222 χάριν
1483 3148 1578 3203 τοῦ
1606 3126 1860 3220 Χρυσαρ-

2036 3126 2149 3212 XL.
2184 3159 2260 3213 De
2291 3158 2376 3213 his
2404 3174 2526 3229 qua:
2554 3159 2809 3213 Zosimus
2840 3160 3061 3228 scripsit
3090 3155 3552 3228 deChrysargyro

277 3243 470 3316 γύρου,
501 3245 594 3298 καὶ
624 3244 1037 3296 Κωνσταντίνου
1078 3241 1172 3294 τοῦ
1200 3240 1481 3311 βασιλέως.

352 3336 490 3389 MA'.
545 3335 873 3397 ’Δπόστασις
924 3332 1060 3404 πρὸς
1087 3331 1342 3401 Ζὼσιμον
1373 3332 1458 3399 ἐφ’
1484 3326 1564 3395 οἷς
1593 3330 1869 3403 ἐϐλασφή-

284 3442 426 3498 μησε
460 3426 873 3478 Κωνσταντῖνον
908 3425 999 3477 καὶ
1033 3422 1426 3494 Χριστιανούς.

356 3518 488 3572 HB’.
524 3518 660 3588 Περὶ
678 3518 776 3587 τῆς
798 3516 1200 3589 χρυσοτελείας.

356 3611 491 3666 Ml".
527 3611 663 3681 Περὶ
693 3611 793 3680 τῆς
824 3609 1146 3680 τυραννίδος
1170 3607 1516 3664 Βιταλιανοῦ.

357 3701 489 3758 MA'.
531 3703 617 3767 Ὠς
650 3703 1008 3757 Ἀναστασίου
1056 3704 1113 3755 ὲν
1138 3702 1218 3771 τῷ
1242 3701 1514 3772 τρισαγίῳ
1552 3701 1749 3773 ’Υμνῳ
1782 3701 1862 3768 τὸ,

294 3796 355 3849 '0
377 3793 712 3865 σταυρωθεὶς
734 3794 802 3846 δι’
820 3794 989 3863 ἡμᾶς,
1011 3791 1364 3864 βουληθέντος
1387 3792 1726 3862 προσθεῖναι,
1746 3794 1875 3845 στά-

286 3904 375 3950 σις
402 3890 457 3941 ὲν
476 3886 555 3957 τῷ
577 3886 735 3957 δήμῳ
765 3886 859 3940 καὶ
888 3886 1102 3958 ταραχὴ
1133 3886 1357 3957 γέγονεν
1376 3899 1390 3915 ·
1431 3886 1567 3957 ὅπερ
1590 3884 1872 3957 φοϐηθεὶς,

290 3981 729 4049 ὑποκρινάμενος
776 3978 1131 4045 ταπείνωσιν,
1196 3978 1333 4048 ταχὺ
1390 3977 1488 4042 τὰς
1530 3976 1754 4047 γνώμας
1781 3976 1873 4031 τοῦ

284 4073 466 4142 δήμου
500 4068 787 4139 μετέϐαλε.

366 4343 499 4400 ME'.
532 4342 667 4413 Περὶ
689 4343 784 4398 τοῦ
823 4342 1058 4398 θανάτου
1106 4344 1481 4399 Ἀναστασίου.

885 4416 1141 4470 ΚΕΦΑΛ.
1196 4415 1275 4471 Α’.

290 4533 433 4603 Περὶ
452 4533 561 4603 τῆς
584 4532 909 4599 βασιλείας
932 4531 1212 4600 Ζήνωνος
1256 4530 1355 4584 καὶ
1380 4528 1486 4584 τοῦ
1499 4530 1643 4596 βίου
1665 4529 1874 4586 αὑτοῦ.

370 4670 556 4740 Ζήνων
594 4668 674 4735 δὲ,
702 4668 826 4722 ἐπεὶ
881 4668 980 4738 τὴν
1010 4666 1306 4737 βασιλείαν,
1350 4666 1443 4720 τοῦ
1488 4666 1675 4730 παιδός
1713 4666 1762 4720 οἱ
1791 4683 1878 4719 τει-

291 4761 679 4824 λευτήσαντος,
722 4760 883 4829 μόνος
927 4758 1283 4829 περιεϐάλετο
1302 4799 1316 4823 ,
1346 4758 1536 4828 ὥσπερ
1568 4759 1667 4813 ούκ
1699 4758 1881 4829 οἰόμε-

293 4868 390 4912 νος
424 4850 470 4881 ⁷⁸
496 4850 605 4903 τῶν
636 4850 779 4903 ὅλων
810 4850 1084 4920 ἐγκρατὴς
1126 4849 1403 4918 γενέσθαι,
1432 4851 1480 4902 εί
1525 4848 1600 4919 μὴ
1636 4849 1729 4902 καὶ
1768 4850 1879 4903 πά-

303 4959 432 5002 σαις
466 4944 585 5005 ταῖς
623 4941 911 5004 ἐπιούσαις
961 4941 1178 5011 ἡδοναῖς
1213 4942 1330 5011 μετ’
1372 4941 1618 5007 ἐξουσίας
1659 4939 1885 5005 ἐπεξέλ-

297 5034 417 5098 θοι,
463 5033 715 5096 τοσοῦτον
748 5035 813 5085 ὲκ
854 5032 1158 5103 προοιμίων
1204 5032 1398 5085 ἑαυτὸν
1436 5035 1554 5095 ταῖς
1603 5032 1885 5087 ὲπιθέσεσι

296 5128 413 5181 τῶν
448 5125 751 5195 ἐπιθυμιῶν
782 5124 1099 5187 ἐκδέδωκεν,
1131 5123 1205 5186 ὡς
1256 5124 1422 5193 μηδὲν
1452 5123 1612 5177 αὑτὸν
1641 5126 1888 5194 ἐπισχεῖν

298 5219 414 5273 τῶν
443 5218 711 5288 ἀπρεπῶν
768 5235 828 5270 τε
875 5217 972 5270 καὶ
1022 5216 1297 5287 ἀθέσμων·
1326 5216 1441 5269 ἀλλ’
1469 5216 1641 5279 οὕτως
1680 5217 1891 5280 τούτοις

304 5309 787 5380 ἐμπολιτεύεσθαι,
825 5311 901 5373 ὡς
930 5310 991 5362 τὸ
1033 5310 1263 5374 σκοτίως
1288 5309 1460 5364 ταῦτα
1502 5311 1596 5362 καὶ
1627 5310 1686 5362 ἐν
1710 5327 1890 5380 παρα-

308 5404 498 5472 ϐύστῳ
530 5400 839 5471 γίγνεσθαι,
863 5400 1152 5472 χαμερπὲς
1183 5397 1323 5454 εἶναι
1355 5400 1622 5471 νομίζειν·
1652 5400 1713 5452 τὸ
1747 5400 1803 5454 δέ
1830 5418 1894 5469 γε

1970 3257 2024 3305 et
2049 3251 2118 3307 de
2142 3250 2507 3306 Constantino
2534 3248 2888 3320 imperatore.

2038 3340 2174 3395 XLI.
2210 3341 2487 3396 Invectiva
2521 3341 2576 3395 in
2611 3342 2890 3396 Zosimum
2936 3340 3009 3395 ob
3038 3342 3159 3412 ejus
3191 3339 3248 3394 in
3280 3337 3557 3394 Constan-

1972 3435 2147 3488 tinum
2184 3441 2241 3487 et
2264 3431 2611 3488 Christianos
2641 3433 2953 3487 maledicta.

2040 3523 2204 3579 XLII.
2236 3525 2312 3578 De
2341 3524 2561 3578 auraria
2595 3525 2883 3600 pensione.

2041 3615 2226 3671 XLIII.
2260 3616 2336 3671 De
2366 3616 2623 3671 Vitaliani
2657 3617 2992 3689 Tyrannide.

2044 3705 2226 3761 XLIV.
2265 3704 2553 3772 Quomodo
2597 3707 2790 3777 ingens
2823 3707 3025 3763 seditio
3065 3706 3121 3762 in
3163 3707 3369 3777 popqu
3408 3706 3560 3762 exci—

1974 3804 2085 3849 tata
2131 3796 2234 3860 sit,
2271 3812 2398 3850 cum
2447 3797 2772 3852 Anastasius
2816 3798 2874 3852 in
2920 3798 3134 3870 Hymno
3170 3797 3418 3869 Trisagio
3459 3796 3562 3852 has

1974 3900 2143 3940 voces
2186 3884 2389 3940 addere
2440 3886 2707 3941 voluisset
2751 3905 2765 3941 :
2811 3890 2906 3959 qui
2972 3889 3268 3944 cruciﬁxus
3324 3897 3409 3944 est
3459 3904 3561 3959 pro

1982 3976 2162 4032 nobis.
2191 3976 2348 4044 Quod
2380 3987 2633 4033 metuens
2658 3979 3000 4045 Anastasius,
3029 3981 3380 4036 simulatione
3405 3995 3560 4046 usus,

1996 4068 2179 4123 statim
2228 4068 2406 4138 plebis
2445 4070 2660 4125 animos
2713 4072 3093 4126 commutavit.

1907 4322 1954 4382 Ῐ)
2049 4343 2209 4401 XLV.
2243 4372 2313 4382 -
2345 4342 2483 4401 Item
2504 4346 2572 4402 de
2596 4346 2747 4401 olzitu
2772 4342 3022 4413 ejusdem
3042 4343 3340 4400 Anastasii.

2552 4417 2712 4487 333
2759 4414 2911 4470 CAP.
2952 4415 2996 4471 1.

2163 4529 2238 4584 De
2266 4533 2486 4603 imperio
2512 4530 2738 4585 Zenonis
2794 4529 2959 4599 deque
2989 4529 3222 4597 ejusdem
3263 4530 3390 4583 vita.

2048 4666 2130 4721 At
2161 4666 2333 4732 Zeno,
2372 4666 2535 4722 simul
2573 4672 2758 4735 atque,
2791 4670 3012 4717 mortuo
3041 4660 3216 4723 ipsius
3253 4661 3389 4725 ﬁlio,
3423 4662 3574 4718 solus

1990 4765 2283 4835 imperium
2338 4763 2616 4829 obtinuit,
2668 4760 2824 4831 quasi
2881 4772 3207 4829 persuasum
3257 4757 3468 4812 habens
3514 4773 3574 4813 se

1992 4870 2337 4926 nequaquam
2374 4869 2590 4911 summo
2622 4850 2855 4922 imperio
2888 4849 3179 4920 praeditum
3210 4864 3352 4908 esse,
3382 4847 3486 4903 nisi
3519 4848 3576 4901 in

1993 4964 2156 5003 omne
2203 4965 2376 5021 genus
2424 4943 3102 5014 libidinismquodeunque
3142 4939 3366 4994 obvium
3401 4947 3575 5005 esset,

1994 5055 2209 5094 summa
2254 5055 2379 5094 cum
2416 5038 2639 5092 licentia
2674 5033 3097 5089 ell'underetur:
3130 5029 3311 5086 statim
3344 5029 3413 5083 ab
3458 5028 3578 5099 ipso

1994 5131 2221 5185 exordio
2255 5130 2534 5185 illecebris
2556 5127 2920 5197 cupiditatum
2952 5123 3028 5177 ita
3057 5137 3115 5176 se
3142 5128 3317 5187 totum
3344 5117 3578 5183 dedidit,

2002 5230 2061 5275 ut
2098 5221 2239 5276 nihil
2282 5230 2427 5277 esset
2474 5229 2581 5274 tam
2616 5226 2777 5288 turpe
2826 5226 3044 5285 tamque
3090 5212 3380 5276 illicitum,
3430 5210 3581 5278 quod

1995 5314 2259 5386 impetum
2286 5317 2406 5387 ejus
2438 5314 2761 5379 cohiberet;
2795 5310 2889 5368 sed
2920 5309 3000 5364 sic
3036 5309 3090 5363 in
3121 5304 3339 5375 ﬂagitiis
3368 5302 3583 5357 voluta-

1992 5407 2174 5472 batur,
2211 5416 2271 5462 ut
2299 5407 2437 5462 clam
2471 5405 2697 5476 quidem
2741 5418 2804 5458 ac
2833 5399 3059 5456 remotis
3087 5395 3310 5452 arbitris
3336 5407 3399 5446 ea
3426 5406 3588 5446 com-

305 5496 616 5564 ἀναφανδὸν
643 5494 739 5548 καὶ
783 5493 973 5563 ὥσπερ
1033 5493 1092 5557 ἐξ
1130 5493 1400 5557 ἀπόπτου,
1448 5492 1727 5561 βασιλικὸν
1751 5533 1766 5556 ,
1797 5510 1869 5546 κα

1994 5496 2233 5562 mittere,
2265 5497 2375 5551 vile
2421 5511 2485 5551 ac
2514 5494 2797 5565 plebeium
2831 5492 3171 5547 existimaret
3199 5503 3212 5541 :
3239 5486 3418 5555 palam
3447 5498 3583 5539 vero

306 5585 680 5655 αὐτοκράτορι
709 5585 855 5655 μόνῳ
894 5584 1126 5652 πρέπον*
1162 5584 1349 5648 κακῶς
1387 5585 1483 5647 καὶ,
1506 5582 1891 5654 δουλοπρεπῶς

1993 5596 2049 5642 et
2075 5587 2178 5644 sub
2206 5588 2386 5644 oculis
2413 5586 2659 5644 omnium
2704 5602 2768 5641 ea
2810 5593 3049 5656 patrare,
3078 5578 3288 5650 regium
3317 5571 3580 5646 quiddam

1632 5694 1861 5754 νΑιιιΑε
1901 5691 2309 5755 LECTIONES.

383 5793 428 5825 "
459 5791 558 5846 ούκ
594 5790 980 5863 οἰκειούμενος.
