4076 6336
597 382 736 445 2599

1792 374 2106 435 EVAGRII
2146 372 2544 433 SCHOLASTI
2557 374 2628 432 CI

3708 373 3859 437 91500

592 493 862 553 mitteret,
889 496 944 543 et
973 502 1036 541 ea
1062 501 1181 555 quae
1226 482 1571 539 Chalcedone
1630 492 1781 553 gesta
1830 483 2070 545 fuerant,
2117 497 2146 535 e

2275 498 2333 534 τε
2395 482 2705 550 περιϐαλεῖν
2738 482 2806 536 τὰ
2848 483 2903 535 ἐν
2955 483 3258 553 Καλχηδόνι
3299 482 3706 552 πεπραγμένα,
3756 484 3858 540 καὶ

592 580 796 638 Leonis
819 578 1023 632 librum
1050 575 1384 630 anathemati
1405 575 1719 646 subjicerct.
1749 572 1968 629 Litterae
1987 583 2168 627 autem

586 675 672 728 sic
696 669 903 726 habent
927 685 943 721 :

971 779 1251 851 Eurydica
1274 778 1494 848 epistola
1522 777 1784 833 Basiliam.

654 893 955 964 Imperator
981 883 1171 946 Caesar
1188 892 1509 953 Basiliscus,
1543 892 1691 955 Pius,
1708 892 1914 954 Victor,
1940 890 2165 944 Trium-

588 984 806 1053 phator,
840 984 1128 1049 Maximus,
1156 1000 1373 1053 semper
1393 984 1670 1054 Augustus
1698 1000 1710 1035 :
1736 991 1789 1036 et
1820 982 2036 1036 Marcus
2050 983 2163 1037 No-

590 1075 896 1130 bilissimus
967 1075 1168 1146 Caesar,
1240 1076 1529 1130 Timotheo
1586 1075 2048 1130 reverendi’ssimo
2111 1084 2167 1129 et

588 1168 684 1222 Dei
706 1167 1080 1241 amantissimo
1109 1168 1521 1235 archiepisc0po
1537 1182 1742 1236 magna:
1763 1166 1917 1221 urbis
1932 1167 2167 1221 Alexan-

589 1256 893 1311 drinorum.
966 1258 1246 1325 Quotquot
1282 1258 1428 1327 leges
1480 1274 1581 1327 pro
1640 1267 1789 1312 recta
1826 1266 1989 1326 atque
2034 1272 2165 1326 apo-

586 1348 778 1402 stolica
829 1347 935 1400 ﬁde
971 1358 1268 1401 sanxerunt
1322 1348 1719 1418 religiosissimi
1757 1349 1851 1418 qui
1892 1356 2017 1401 ante
2045 1363 2165 1401 'nos

588 1438 809 1493 fuerunt
842 1439 1220 1508 imperatores,
1245 1440 1560 1510 quicunque
1597 1447 1836 1494 sanctam
1861 1448 1917 1492 et
1948 1438 2163 1492 beatam

588 1538 644 1584 et
676 1530 1040 1585 immortalem
1092 1546 1155 1584 ac
1206 1532 1478 1585 viviﬁcain
1510 1531 1840 1584 Trinitatem
1892 1539 2162 1600 perpetuo

587 1620 810 1674 coluere
867 1638 881 1673 :
943 1636 1074 1687 eas,
1122 1631 1311 1691 utpote
1366 1636 1487 1691 quze
1537 1620 1794 1674 universo
1845 1620 1968 1674 orbi
2017 1619 2163 1675 salu-

588 1721 732 1764 tares
790 1726 1009 1780 semper
1039 1712 1378 1774 exstiterint,
1442 1710 1597 1764 nullo
1631 1726 1869 1780 unquam
1914 1720 2161 1780 tempore

2271 573 2361 625 τὸν
2390 575 2553 643 τόμον
2579 573 2826 637 Λέοντος’
2860 569 2932 626 ὧν
2969 576 3000 643 ὴ
3033 574 3275 645 συνθήκη
3308 575 3455 642 λέγει
3481 570 3631 629 τάδε·

2668 773 3027 842 Ἐγκύκλιον
3054 774 3453 827 Βασιλίσκου.

2339 886 2708 958 Αὐτοκράτωρ
2751 889 2966 957 Καῖσαρ
3015 887 3375 951 Βασιλίσκος,
3421 884 3687 958 Εὐσεϐὴς,
3744 891 3848 945 Νι.

2270 982 2465 1052 κητὴςν
2498 980 2890 1052 Τροπαιοῦχος,
2938 982 3231 1048 Μέγιστος,
3285 982 3678 1048 Ἀεισέϐαστος,
3730 983 3849 1037 Αῦ-

2267 1090 2513 1141 γουστος·
2547 1073 2642 1125 καὶ
2670 1071 2898 1141 Μάρκος
2920 1076 2947 1125 ὁ
2991 1073 3451 1139 Ἐπιφανέστατος
3482 1075 3720 1145 Καῖσαρ,
3752 1076 3853 1127 Τι-

2272 1162 2451 1231 μοθέῳ
2487 1161 2563 1231 τῷ
2601 1161 2988 1230 εύλαϐεστάτῳ
3024 1161 3116 1214 καὶ
3148 1160 3547 1233 θεοφιλεστὰτῳ
3592 1165 3852 1233 ἀρχιεπι-

2268 1252 2457 1322 σκόπῳ
2485 1252 2583 1322 τῆς
2642 1251 3035 1321 Ἀλεξανδρέων
3097 1251 3533 1321 μεγαλοπόλεως.
3583 1253 3851 1320 Ὀπόσους

2269 1343 2368 1412 μὲν
2400 1343 2539 1412 ὑπὲρ
2581 1341 2681 1408 τῆς
2716 1342 2883 1412 ὀρθῆς
2939 1344 3032 1395 καὶ
3068 1342 3437 1414 ἀποστολικῆς
3466 1344 3703 1409 πίστεως
3727 1348 3855 1401 ἑθέ-

2267 1451 2465 1487 σπισαν
2494 1434 2688 1505 νόμους
2731 1437 2779 1487 oi
2820 1435 2929 1504 πρὸ
2959 1435 3113 1504 ἡμῶν
3151 1436 3537 1489 εύσεϐἐστατοι
3575 1437 3846 1507 βασιλεῖς,

2264 1526 2378 1578 ὅσοι
2404 1524 2503 1596 τὴν
2540 1527 2814 1595 μακαρίαν
2850 1527 2945 1579 καὶ
2973 1527 3165 1598 ἀγήρω
3210 1527 3304 1580 καὶ
3338 1527 3602 1591 ζωοποιὸν
3631 1530 3675 1582 Τ
3680 1531 3849 1601 ριάδα.

2266 1614 2659 1684 θεραπεύοντες
2683 1615 2857 1687 ὀρθῶς
2879 1615 3209 1682 διετέλεσαν,
3241 1617 3463 1679 τούτους
3491 1617 3566 1681 ὠς
3593 1618 3671 1689 τῷ
3700 1638 3845 1673 παν·

2264 1709 2318 1760 τὶ
2373 1709 2564 1778 κόσμῳ
2610 1708 2913 1778 σωτηρίους
2953 1708 3039 1760 ἀεί
3100 1726 3231 1761 ποτε
3290 1710 3602 1777 γεγονότας,
3649 1712 3847 1764 οὐδένα

585 1800 774 1856 irritas
794 1817 914 1856 esse
941 1804 1193 1857 volumus
1220 1821 1234 1856 :
1264 1804 1358 1858 sed
1384 1805 1566 1873 potius
1592 1812 1846 1872 tanquam
1872 1804 2018 1873 leges
2038 1818 2151 1872 pro-

2265 1801 2455 1870 χρόνον
2484 1803 2675 1869 ἀργεῖν
2716 1801 2993 1871 ὲθέλομεψ
3028 1801 3230 1871 μᾶλλον
3263 1802 3320 1855 δὲ
3354 1802 3428 1867 ὠς
3468 1803 3702 1868 οἰκείους
3739 1806 3845 1858 αύ-

584 1892 731 1963 prias
759 1896 1186 1964 promulgamus.
1212 1896 1325 1949 Nos
1344 1912 1476 1949 vero
1506 1896 1599 1975 qui
1623 1896 1879 1965 pietatem
1897 1911 1959 1948 ac
1982 1895 2158 1949 zelum

581 1996 685 2054 pro
715 1984 825 2039 Deo
848 2000 915 2041 ac
942 1986 1231 2041 Servatore
1284 1996 1475 2041 nostro
1514 1986 1641 2040 Jesu
1690 1985 1930 2049 Christo,
1972 1991 2003 2039 a
2049 1999 2160 2053 quo

582 2076 789 2132 conditi
816 2079 965 2134 et‘ad
994 2079 1135 2133 hanc
1151 2080 1378 2150 gloriam
1401 2078 1576 2134 evecti
1603 2093 1811 2143 sumus,
1837 2076 1987 2130 omni
2014 2091 2161 2131 cum

582 2180 651 2221 ac
676 2168 1033 2223 sollicitudini
1057 2185 1240 2224 rerum
1273 2169 1639 2223 humanarum
1665 2169 1824 2238 longe
1865 2166 2157 2236 anteponi-

580 2272 705 2311 mus
740 2274 756 2311 :
786 2266 843 2312 et
863 2258 955 2328 qui
989 2266 1255 2329 praeterea
1282 2259 1559 2313 credimus
1605 2256 1952 2313 concordiam
1983 2256 2162 2327 gregis

580 2348 812 2416 Christi,
846 2360 961 2406 tum
986 2352 1160 2423 ipsius
1181 2351 1381 2422 gregis,
1410 2360 1522 2405 tum
1546 2351 1789 2406 omnium
1813 2350 2158 2405 subditorum

580 2442 817 2503 salutem
840 2446 1127 2510 exsistere,
1151 2445 1479 2515 ﬁrmumque
1512 2445 1684 2501 nostri
1714 2445 1929 2513 imperii
1958 2442 2156 2496 funda-

580 2548 828 2595 mentum
852 2546 909 2592 et
956 2537 1434 2607 inexpugnabilem
1488 2551 1704 2590 murum
1756 2550 1875 2589 esse
1908 2552 1920 2586 :
1950 2534 2158 2588 idcirco

579 2630 768 2685 divino
793 2630 1025 2683 interius
1056 2630 1172 2682 zelo
1192 2628 1472 2689 commoti,
1504 2636 1559 2682 et
1580 2627 1727 2681 velut
1760 2626 2020 2696 quasdam
2050 2626 2157 2678 im-

576 2706 717 2791 perii
746 2719 923 2775 nostri
953 2719 1244 2788 primitias,
1299 2728 1503 2773 sanctae
1535 2718 1793 2773 Ecclesiae
1850 2718 2157 2771 unitionem

577 2810 691 2865 Deo
736 2824 797 2864 ac
829 2808 1110 2864 Servatori
1151 2822 1342 2863 neStro
1388 2808 1518 2863 Jesu
1567 2807 1784 2863 Christo
1837 2807 2155 2871 offerentes,

577 2901 859 2957 sancimus
895 2909 952 2955 ut
983 2902 1130 2958 basis
1185 2918 1248 2956 ac
1291 2900 1691 2955 ﬁrmamentum
1746 2900 2023 2957 felicitatis
2057 2899 2161 2955 hu-

577 3006 770 3058 manas,
793 2994 1099 3061 symbolum
1120 2993 1284 3063 336
1313 2994 1564 3050 videlicet
1587 3006 1953 3051 trecentorum
1984 3002 2039 3050 et
2065 3011 2160 3050 oc-

580 3085 813 3140 todecim
856 3091 1169 3140 sanctorum
1202 3089 1421 3140 Patrum
1452 3086 1546 3155 qui
1566 3087 1694 3140 olim
1721 3087 1894 3141 sancti
1919 3086 2158 3155 Spiritus

2260 1893 2374 1945 τῶν
2399 1891 2753 1961 ὲκφωνοῦμεν
2781 1892 3007 1962 νόμουςι
3047 1893 3239 1961 Ἡμεῖς
3280 1894 3337 1947 δὲ
3368 1897 3549 1964 πάσης
3574 1897 3675 1964 τῆς
3710 1897 3845 1968 περὶ

2259 1984 2329 2037 τὰ
2350 1983 2663 2054 ἀνθρώπινα
2692 1985 2992 2055 πράγματα
3015 1984 3250 2054 σπουδῆς
3284 1986 3719 2056 προτιμήσαντες
3741 1987 3844 2057 τὴν

2260 2078 2560 2143 εὐσέϐειαν,
2584 2078 2679 2130 καὶ⁵
2707 2077 2797 2129 τὸν
2827 2076 2965 2147 ὑπὲρ
2990 2077 3086 2129 τοῦ
3112 2066 3246 2130 Θεοῦ
3278 2077 3371 2129 καὶ
3397 2077 3649 2148 Σωτῆρος
3678 2077 3837 2148 ῆμῶι

2274 2170 2447 2241 Ἰησοῦ
2490 2167 2726 2241 Χριστοῦ
2760 2169 2943 2238 ζῆλον,
2986 2169 3078 2222 τοῦ
3112 2186 3171 2222 τε
3212 2169 3593 2240 πεποιηκότος,
3626 2170 3725 2223 καὶ
3751 2169 3844 2222 δε-

2258 2262 2545 2327 δοξακότος
2571 2262 2737 2332 ἡμᾶς·
2783 2254 2866 2314 ιτι
2915 2260 2974 2315 δὲ
3025 2260 3375 2322 πιστεύοντες
3417 2261 3509 2314 τὸν
3543 2260 3843 2330 σύνδεσμον

2259 2354 2366 2407 τῶν
2416 2354 2509 2407 τοῦ
2558 2352 2794 2422 Χριστοῦ
2843 2350 3110 2421 ποιμνίων
3146 2350 3420 2421 σωτηρίαν
3455 2342 3664 2405 ἑαυτῶν
3694 2348 3843 2405 εἶναι

2266 2441 2479 2497 καὶτοῦ
2521 2443 2762 2512 ὑπηκόου
2795 2441 3018 2504 παντὸς,
3067 2440 3315 2511 θεμέλιον
3372 2459 3432 2495 τε
3472 2442 3692 2515 ἀρραγῆ
3741 2443 3841 2496 καὶ

2260 2524 2559 2592 ἀσάλευτον
2598 2540 2775 2607 τεῖχος
2819 2536 2919 2605 τῆς
2948 2536 3226 2608 ἡμετέρας
3261 2536 3560 2607 βασιλείας,
3588 2535 3842 2589 ἐντεῦθεν

2260 2631 2487 2692 εἰκότως
2531 2627 2659 2699 θείῳ
2690 2626 2929 2690 διανοίας
2972 2625 3280 2697 κινούμενοι
3323 2625 3471 2697 ζήλῳ
3492 2665 3508 2687 .
3538 2626 3631 2680 καὶ
3658 2626 3843 2696 ἁπαρο

2259 2720 2361 2790 χὴν
2399 2720 2498 2790 τῆς
2524 2718 2800 2789 ἡμετέρας
2852 2717 3130 2787 βασιλείας
3189 2715 3269 2786 τῷ
3319 2716 3436 2786 Θεῷ
3479 2717 3573 2769 καὶ
3621 2715 3842 2787 Σωτῆρι

2260 2810 2417 2882 ήμῶν
2453 2808 2627 2879 Ἰησοῦ
2654 2807 2877 2879 Χριστῷ
2904 2807 3002 2877 τὴν
3030 2807 3129 2877 τῆς
3155 2807 3315 2876 ἁγίας
3345 2806 3666 2875 Ἐκκλησίας
3697 2806 3839 2860 ἕνω-

2261 2919 2346 2955 σιν
2403 2901 2901 2972 προσκομίζοντες,
2941 2898 3270 2970 θεσπίζομεν
3309 2897 3407 2970 τὴν
3458 2900 3700 2969 κρηπῖδα
3742 2899 3839 2951 καὶ

2262 2994 2555 3066 βεϐαίωσιν
2614 2994 2713 3063 τῆς
2764 2992 3111 3062 ἀνθρωπίνης
3164 2990 3432 3057 εὐζωῖας,
3484 2991 3728 3044 τουτέστι
3773 2991 3839 3044 τὸ

2259 3086 2534 3157 Σύμϐολον
2570 3084 2679 3137 τῶν
2725 3081 2830 3155 τιη⁹
2855 3081 3025 3153 ἁγίων
3076 3081 3334 3152 Πατέρων
3363 3081 3474 3135 τῶν
3523 3083 3581 3136 ἐν
3631 3082 3841 3154 Νικαίᾳ

595 3176 841 3231 nstinctu
862 3177 1058 3231 Nicaea:
1082 3179 1394 3249 congregati
1427 3187 1575 3243 sunt,
1608 3178 1663 3231 in
1687 3176 1832 3247 quod
1866 3193 2005 3232 cum
2025 3191 2148 3243 nos,

2257 3178 2422 3232 πάλαι
2458 3178 2594 3247 μετά
2630 3174 2727 3229 τοῦ
2756 3175 2912 3243 ἁγίου
2949 3172 3265 3244 Πνεύματος
3307 3172 3833 3244 ὲκκλησιασθέντων,

578 3279 692 3323 tum
720 3270 955 3339 majores
1016 3269 1189 3322 nostri
1245 3271 1554 3335 credentes,
1620 3268 1879 3339 baptizati
1935 3284 2145 3333 sumus,

575 3359 752 3413 solum
780 3359 835 3412 in
859 3359 1074 3413 cunctis
1100 3360 1467 3414 sanctissimis
1490 3361 1586 3415 Dei
1619 3359 2150 3415 Ecclesiisetortho—

572 3451 841 3505 duorum
872 3451 1201 3528 populorum
1229 3453 1593 3508 conventibus
1642 3462 1939 3522 usurpetur
1984 3463 2148 3522 atque

573 3540 859 3606 obtineat;
891 3541 1094 3612 quippe
1124 3542 1269 3611 quod
1320 3559 1492 3597 unum
1550 3544 1736 3613 regula
1789 3544 1850 3597 ﬁt
1882 3552 2045 3597 rectae
2080 3536 2150 3597 ac

574 3634 805 3688 sincera:
824 3632 970 3697 ﬁdei,
1004 3632 1281 3687 suﬁiciens
1323 3642 1436 3687 tum
1484 3634 1551 3687 ad
1580 3635 1918 3688 eversionem
1966 3634 2149 3703 cujus-

571 3723 709 3778 libet
746 3723 1037 3787 hzereseos,
1074 3732 1187 3777 tum
1218 3724 1285 3778 ad
1342 3724 1639 3794 perfectam
1694 3734 2007 3779 sanctarum
2053 3725 2147 3779 Dei

571 3816 949 3870 Ecclesiarum
972 3815 1276 3870 unitionem
1318 3833 1331 3867 :
1377 3817 1450 3871 ita
1475 3825 1654 3871 tamen
1695 3826 1753 3871 ut
1782 3832 1941 3872 suum
1976 3818 2147 3871 robur

572 3922 637 3961 ac
653 3907 898 3977 vigorem
924 3906 1212 3961 obtineant
1260 3908 1426 3962 etiam
1451 3924 1536 3973 ea,
1592 3926 1714 3979 quae
1746 3910 1801 3963 in
1836 3910 1936 3964 hac
1998 3911 2145 3980 regia

572 3998 708 4052 urbe
739 4014 769 4052 a
806 4006 1027 4053 centum
1077 4006 1134 4052 et
1186 3999 1584 4070 quinquaginta
1634 3981 1838 4054 sanctis
1894 4000 2148 4055 Patribus

568 4101 721 4160 gesta
748 4100 876 4145 sunt
905 4090 975 4144 ad
1030 4089 1503 4145 conﬁrmationem
1531 4091 1776 4160 ejusdem
1814 4090 2146 4145 sanctissimi

569 4178 836 4249 Symboli,
878 4178 1141 4232 adversus
1168 4193 1265 4233 eos
1314 4179 1411 4248 qui
1462 4180 1519 4233 in
1576 4178 1840 4248 Spiritum
1897 4191 2146 4235 sanctum

567 4270 1067 4340 blasphemabant:
1120 4286 1184 4324 ea
1238 4270 1465 4341 insuper
1516 4288 1637 4341 qua:
1671 4272 1723 4325 in
1782 4272 2144 4342 Ephesiorum

565 4363 859 4431 metropoli
942 4373 1130 4416 contra
1177 4363 1408 4433 impium
1453 4364 1769 4417 Nestorium
1817 4374 1936 4419 acta
1992 4373 2141 4428 sunt,

564 4464 621 4509 ct
646 4464 841 4509 contra
864 4470 960 4510 eos
981 4456 1076 4524 qui
1135 4457 1255 4525 ejus
1283 4472 1524 4510 errorem
1572 4467 1759 4525 postea
1798 4467 1927 4511 sunt
1948 4458 2142 4512 secuti.

562 4545 642 4601 Ea
666 4561 797 4600 vero
814 4561 936 4615 quae
958 4554 1269 4600 sanctarum
1302 4546 1398 4599 Dei
1424 4547 1790 4601 Ecclesiarum
1815 4563 2142 4602 consensum

563 4653 628 4692 ac
658 4637 1132 4707 tranquillitatem,
1161 4646 1218 4693 et
1260 4639 1431 4693 totius
1462 4640 1613 4693 orbis
1662 4654 1851 4708 pacem
1894 4639 2145 4709 disrupe—

560 4742 569 4762 ι
596 4736 734 4793 unt;
760 4737 968 4781 tomum
999 4729 1210 4783 scilicet
1238 4729 1460 4795 Leonis,
1505 4739 1559 4785 ct
1611 4739 1806 4785 cuncta
1834 4746 1955 4800 quae
1979 4729 2143 4786 Chal-

554 4819 773 4875 cedone
800 4820 856 4873 in
876 4818 1196 4874 deﬁnitione
1226 4822 1349 4875 ﬁdei
1369 4831 1464 4876 aut
1489 4823 1837 4891 expositione,
1853 4824 2139 4895 Symboio-

553 4928 709 4975 rum,
744 4910 981 4965 docendi
1040 4911 1126 4965 vel
1200 4912 1602 4982 interpretandi
1655 4916 1741 4968 vel
1817 4916 2134 4985 disputandi

550 5016 748 5065 causa,
770 4999 837 5054 ad
866 5000 1275 5055 innovationem
1298 5018 1466 5071 supra
1494 5004 1781 5059 memorati
1815 5006 1953 5059 sacri
1984 5005 2140 5077 Sym-

560 5095 673 5150 boli
702 5101 1080 5149 trecentorum
1110 5103 1164 5149 et
1192 5095 1499 5150 octodecim
1548 5109 1859 5151 sanctorum
1912 5098 2138 5152 Patrum

553 5188 706 5242 dicta
728 5196 950 5256 etgesta
973 5195 1120 5251 sunt,
1146 5187 1237 5242 hic
1258 5195 1314 5242 et
1345 5188 1546 5257 ubique
1565 5204 1661 5259 per
1684 5190 1926 5258 singulas
1947 5191 2137 5246 Eccle-

560 5276 671 5332 sias
697 5276 767 5331 ab
804 5277 1080 5332 universis
1111 5278 1476 5334 sanctissimis
1494 5280 1781 5351 episcopis
1822 5282 2137 5336 anathema.

557 5368 718 5423 tizari
742 5368 1117 5435 decernimus,
1164 5380 1222 5426 et
1270 5348 1585 5443 ubicunque
1638 5383 1856 5443 reperta
1907 5375 2134 5442 fuerint,

549 5458 792 5513 ﬂammis
815 5459 1055 5514 absumi.
1098 5461 1356 5516 Sicenim
1388 5464 1491 5534 piae
1536 5479 1600 5519 ac
1634 5463 1807 5521 beatae
1857 5467 2138 5522 memorias

550 5545 921 5617 imperatores
947 5549 1045 5620 qui
1074 5559 1199 5606 ante
1232 5566 1334 5608 nos
1383 5553 1590 5623 vixere,
1614 5553 2007 5611 Constantinus
2027 5557 2135 5612 sci-

2256 3273 2337 3333 είς
2365 3271 2393 3323 ὃ
2422 3272 2584 3340 ἡμεῖς
2621 3286 2683 3321 τε
2711 3270 2804 3322 καὶ
2838 3268 3039 3329 πάντες
3071 3268 3119 3320 oi
3164 3267 3271 3335 πρὸ
3301 3265 3462 3336 ἡμῶν
3498 3265 3834 3320 πιστεύσαν-

2254 3379 2366 3426 τες,
2391 3360 2822 3430 ἐϐαπτίσθημεν,
2870 3360 3028 3430 μόνον
3061 3357 3463 3421 πολιτεύεσθαι,
3493 3359 3588 3411 καὶ
3611 3358 3836 3429 κρατεῖν

2257 3455 2313 3506 ὲν
2338 3453 2540 3515 πάσαις
2565 3454 2685 3514 ταῖς
2714 3452 3040 3519 ἁγιωτάταις
3069 3449 3163 3502 τοῦ
3197 3449 3331 3502 Θεοῦ
3362 3449 3710 3517 Ἐκκλησίαις
3740 3449 3836 3505 τὸν

2256 3544 2534 3614 ὀρθόδοξον
2556 3543 2706 3607 λαὸν,
2737 3543 2814 3605 ὡς
2846 3541 3006 3612 μόνον
3035 3540 3136 3610 τῆς
3172 3539 3452 3603 ἀπλανοῦς
3479 3538 3712 3604 πίστεως
3734 3556 3833 3593 κυ-

2259 3638 2390 3710 ρίως
2438 3639 2584 3709 ὅρον,
2618 3637 2714 3690 καὶ
2745 3634 2948 3706 ἀρκοῦν
3000 3636 3082 3698 είς
3133 3633 3415 3704 ἀναίρεσιν
3462 3633 3561 3702 μὲν
3600 3634 3832 3688 καθόλου

2257 3730 2436 3799 πάσης
2460 3730 2741 3800 αἱρέσεως,
2762 3728 2954 3781 ἕνωσιν
2980 3726 3035 3778 δὲ
3057 3725 3232 3796 ἄκραν
3248 3725 3356 3778 τῶν
3383 3725 3555 3792 ἁγίων
3576 3724 3667 3778 τοῦ
3693 3722 3829 3777 Θεοῦ

2268 3820 2623 3890 Ἐκκλησιῶν·
2656 3818 2889 3888 ἐχόντων
2914 3815 3112 3887 δηλαδὴ
3134 3817 3232 3887 τὴν
3271 3816 3479 3869 οἰκείαν
3513 3818 3685 3884 ίσχὺν,
3735 3815 3831 3867 καὶ

2253 3914 2361 3967 τῶν
2394 3915 2471 3975 εἰς
2494 3911 2785 3982 βεϐαίωσιν
2808 3909 2973 3963 αὐτοῦ
3000 3908 3094 3962 τοῦ
3126 3907 3273 3961 θείου
3303 3906 3581 3977 Συμϐόλου
3615 3924 3829 3978 πεπρα-

2253 4006 2492 4076 γμένων,
2515 4004 2571 4056 ἓν
2600 4021 2661 4056 τε
2686 4007 2752 4075 τῇ
2787 4002 3145 4073 βασιλευούσῃ
3170 4002 3323 4055 πόλει
3348 4000 3517 4071 ταύτῃ
3547 4001 3684 4054 κατά
3719 4000 3829 4053 τῶν

2256 4093 2823 4165 βλασφημούντωνείς
2849 4093 2909 4145 τὸ
2936 4093 3159 4161 Πνεῦμα
3180 4092 3242 4144 τὺ
3267 4092 3419 4160 ἅγιον
3447 4090 3598 4163 παρά
3617 4092 3726 4144 τῶν
3751 4096 3828 4162 ριν

2255 4187 2425 4255 ἁγίων
2456 4186 2732 4255 Πατέρων·
2762 4188 2844 4236 ἔτι
2881 4184 2938 4239 δὲ
2974 4184 3068 4236 καὶ
3100 4184 3318 4236 πάντων
3352 4182 3462 4236 τῶν
3498 4183 3827 4254 πεπραγμὲ-

2253 4296 2360 4331 νων
2393 4280 2448 4329 ὲν
2482 4280 2548 4348 τῇ
2586 4275 2852 4345 Ἐφεσίων
2889 4275 3218 4347 μητροπόλει
3242 4275 3385 4329 κατά
3412 4274 3504 4328 τοῦ
3534 4274 3825 4337 δυσσεϐοῦς

2252 4371 2573 4441 Νεστορίου,
2614 4370 2707 4422 καὶ
2742 4368 2851 4422 τῶν
2883 4369 3020 4438 μετά
3046 4366 3217 4421 ταῦτα
3266 4370 3333 4420 τὰ
3378 4369 3588 4421 ἐκείνου
3624 4385 3829 4439 φρονη-

2256 4463 2486 4516 σάντων.
2530 4460 2611 4513 Τά
2662 4460 2717 4513 δὲ
2769 4460 3010 4513 διελόντα
3057 4460 3157 4529 τὴν
3200 4460 3398 4512 ἕνωσιν
3444 4460 3537 4511 καὶ
3574 4459 3830 4524 εὐταξῖαν

2250 4554 2358 4607 τῶν
2407 4552 2576 4621 ἁγίων
2620 4551 2717 4605 τοῦ
2764 4552 2897 4605 Θεοῦ
2950 4551 3287 4619 Ἐκκλησιῶν
3334 4550 3428 4603 καὶ
3462 4551 3682 4621 εἰρήνην
3733 4549 3827 4602 τοῦ

2253 4640 2461 4711 κόσμου
2499 4640 2718 4703 παντὸς,
2764 4639 2965 4710 δηλαδὴ
3002 4639 3093 4692 τὸν
3134 4639 3427 4709 λεγόμενον
3462 4640 3624 4709 τόμον
3664 4640 3830 4693 Λέον-

2247 4751 2360 4797 τος,
2395 4734 2490 4786 καὶ
2524 4734 2701 4787 πάντα
2746 4732 2815 4785 τὰ
2850 4732 2909 4786 ὲν
2957 4732 3263 4804 Καλχηδόνι
3309 4736 3367 4786 ὲν
3409 4733 3521 4803 ὅρῳ
3569 4732 3825 4796 πίστεως,

2246 4824 2459 4877 ἐκθέσει
2490 4824 2781 4895 Συμϐόλων
2808 4825 2887 4888 τί,
2936 4824 2968 4895 ἢ
3015 4825 3333 4895 ἑρμηνείας,
3377 4825 3409 4896 ἢ
3456 4823 3825 4891 διδασκαλίας,

2246 4918 2279 4988 ῆ
2310 4915 2595 4981 διαλέξεως
2643 4916 2911 4988 εἰρημένα
2949 4917 3042 4969 καὶ
3076 4916 3445 4987 πεπραγμένα
3471 4918 3551 4997 είς
3578 4932 3827 4969 καινοτοο

2246 5008 2376 5077 μίαν
2400 5007 2499 5078 τὴν
2540 5007 2682 5061 κατὰ
2723 5005 2819 5059 τοῦ
2862 5006 3329 5077 μνημοπυθέπος
3357 5006 3513 5074 ἁγίου
3546 5005 3825 5075 Συμϐόλου

2241 5098 2352 5151 τῶν
2399 5097 2504 5168 τιη¹
2539 5098 2712 5167 ἁγίων
2755 5098 3037 5170 Πατέρων,
3091 5099 3423 5170 θεσπίςομεν
3476 5097 3714 5153 ἐνταῦθά
3764 5114 3825 5149 τε

2241 5190 2336 5243 καὶ
2366 5190 2641 5260 πανταχοῦ
2691 5190 2815 5245 καθ’
2846 5191 3085 5263 ἑκάστην
3132 5192 3484 5261 Ἐκκλησίαν,
3524 5190 3677 5264 παρὰ
3714 5189 3824 5244 τῶν

2240 5283 2548 5353 ἁπανταχοῦ
2588 5284 2906 5351 ἁγιωτάτων
2944 5283 3259 5338 ἐπισκόπων
3305 5282 3821 5353 ἀναθεματίζεσθαι,

2242 5376 2333 5428 καὶ
2366 5377 2501 5445 πυρὶ
2541 5375 2934 5446 παραδίδοσθαι
2968 5377 3099 5447 παρ’
3143 5371 3225 5439 οἷς
3258 5376 3325 5429 ἂν
3358 5376 3705 5448 εὑρίσκηται,
3734 5375 3823 5429 διὰ

2240 5465 2303 5519 τὸ
2362 5466 2503 5520 οὕτω
2569 5467 2946 5539 διατεταχέναι
3004 5469 3133 5539 περὶ
3186 5467 3410 5522 πάντων
3452 5468 3562 5523 τῶν
3612 5468 3824 5540 αἱρετι-

2242 5558 2353 5611 κῶν
2382 5559 2691 5631 δογμάτων,
2729 5561 2824 5618 καὶ
2872 5561 2999 5627 τοὺς
3043 5560 3147 5632 πρὸ
3175 5559 3334 5633 ἡμῶν
3375 5562 3434 5616 ltv
3481 5560 3700 5616 εὐσεϐεῖ
3729 5565 3823 5619 καὶ

1863 5706 2096 5768 VARUE
2137 5710 2542 5770 LECTIONES.

624 5791 679 5825 “
710 5792 775 5850 C.
807 5792 869 5853 C.
915 5796 1208 5867 συμϐόλου.
