4076 6336
350 484 493 554 2621

1281 466 1665 552 HISTORI/E
1704 490 2291 552 ECCLESIASTICAE
2332 487 2563 551 LIBER
2600 488 2713 551 III.

3489 479 3633 551 2621

352 597 514 670 θινὴν
547 595 759 661 πίστιν,
811 597 1006 667 ἥντινα
1054 595 1145 651 διὰ
1184 597 1283 669 τῆς
1331 598 1485 663 θείας
1537 602 1945 670 ἑπιφοιτήσεως

2059 617 2114 657 ac
2146 617 2336 657 veram.
2379 590 2571 665 tidem,
2620 616 2785 673 quam
2845 600 3076 656 trecenti
3117 594 3438 671 quidemet
3474 610 3630 657 octoo

353 691 613 758 ιξὲθεντο
642 690 740 760 μὲν
768 691 817 743 οί
843 690 902 742 ὲν
927 689 1134 761 Νικαίᾳ
1163 690 1643 762 συναθροισθέντες
1671 692 1780 763 τιη¹
1802 692 1949 759 ἆγιοι

352 784 627 855 Πατέρες,
650 779 994 835 ἐϐεϐαίωσαν
1014 781 1071 834 δὲ
1099 781 1194 834 καὶ
1218 783 1266 834 oi
1292 783 1350 835 ἐν
1373 784 1948 837 Κωνσταντινουπόλει

359 880 438 946 ρν¹
470 873 671 944 ὁμοίως
717 871 863 940 ἅγιοι
906 872 1163 944 [ῐατέρεςΔ
1188 871 1564 938 συνελθόντες,
1623 874 1842 944 νύκτωρ
1887 892 1947 927 τε

354 964 455 1018 καὶ
502 962 624 1016 καθ’
667 961 924 1031 ἡμέραν,
978 962 1126 1031 πάσῃ
1170 963 1447 1036 προσευχῇ
1483 966 1575 1016 καὶ
1603 964 1805 1034 σπουδῇ
1837 963 1947 1036 (89)

354 1055 454 1109 καὶ
498 1053 686 1124 νόμοις
732 1052 1055 1124 κεχρήμεθα
1072 1056 1091 1113 ,’
1139 1052 1511 1124 πληθύνεσθαι
1546 1054 1613 1107 δι’
1645 1055 1817 1124 αὐτῆς
1849 1056 1947 1127 τὴν

353 1143 709 1212 ἁπανταχόσε
758 1142 921 1210 ἁγίαν
964 1142 1061 1195 τοῦ
1089 1141 1223 1195 Θεοῦ
1258 1143 1553 1214 καθολικὴν
1594 1146 1686 1198 καὶ
1713 1147 1951 1198 ἀποστο-

355 1235 521 1306 λικὴν
545 1234 908 1310 Ἐκκλησίαν,
963 1233 1063 1306 τὴν
1113 1234 1393 1304 ἄφθαρτον
1447 1236 1541 1289 καὶ
1588 1236 1952 1306 ἀτελεύτητον

357 1330 581 1398 μητέρα
610 1327 720 1380 τῶν
745 1328 1036 1398 ἡμετέρων
1068 1332 1368 1397 σκήπτρων
1390 1369 1405 1393 ,
1450 1329 1641 1400 εἰρήνῃ
1671 1347 1729 1382 τε
1760 1331 1855 1383 κα)⁵
1883 1332 1948 1401 τῇ
2000 1364 2002 1367 τ

355 1420 492 1489 περὶ
520 1417 658 1471 Θεοῦ
688 1417 914 1487 ὁμονοίᾳ
945 1416 1075 1479 τοὺς
1106 1416 1353 1479 εὐσεϐεῖς
1380 1418 1543 1483 λαοὺς
1573 1418 1949 1489 διαμένοντας,

354 1508 794 1581 εὐπροσδέκτους
848 1508 952 1572 τὰς
1005 1508 1150 1579 ὑπὲρ
1198 1508 1298 1579 τῆς
1347 1511 1625 1581 ἡμετέρας
1673 1510 1951 1579 βασιλείας

358 1601 602 1663 ἱκετείας
652 1599 1023 1670 προσφέρειν,
1073 1599 1171 1653 σὺν
1213 1601 1327 1661 τοῖς
1360 1598 1798 1668 θεοφιλεστάτοις
1832 1603 1952 1654 ἐπι-

355 1689 588 1752 σκόποις
640 1691 732 1742 καὶ
777 1687 1226 1752 θεοσεϐεστάτοις
1273 1689 1597 1760 κληρικοῐς,
1651 1692 1745 1743 καὶ
1788 1693 1949 1761 ἁρχι-

359 1782 681 1852 μανδρῐταις
725 1782 821 1834 καὶ
867 1779 1182 1850 μονάζουσι.
1239 1780 1343 1835 Τοῦ
1378 1781 1486 1852 γὰρ
1524 1784 1760 1851 μεγάλου
1789 1784 1948 1849 Θεοῦ,

354 1876 456 1929 καὶ
486 1873 739 1945 Σωτῆρος
767 1873 928 1945 ἡμῶν
953 1873 1131 1943 Ἰησοῦ
1162 1873 1426 1944 Χριστοῦ,
1454 1875 1548 1927 τοῦ
1576 1877 1641 1928 ὲκ
1664 1876 1762 1945 τῆς
1787 1876 1951 1944 ἁγίας

2053 693 2233 749 decim
2257 693 2433 749 sancti
2454 695 2646 749 Patres
2662 694 2855 749 Nicaa’
2874 690 3213 764 congregati,
3242 690 3429 771 divina
3459 690 3633 761 inspi-

2054 780 2268 841 ratione
2295 794 2707 872 exposuerunt:
2740 793 2964 841 centum
2992 800 3127 841 vero
3150 792 3206 838 et
3232 784 3634 856 quinquaginta

2052 875 2243 933 itidem
2272 875 2445 929 saneti
2478 875 2672 930 Patres
2707 872 3187 942 Constantinopoli
3232 872 3451 927 collecti
3495 887 3632 927 con-

2053 967 2366 1033 ﬁrmarunt,
2396 966 2491 1022 diu
2524 975 2822 1037 noctuque,
2846 964 2995 1019 omni
3022 964 3206 1019 studio
3245 979 3308 1018 ac
3346 963 3631 1035 diligentia

2050 1070 2109 1117 et
2140 1061 2355 1131 legibus
2387 1060 2596 1115 nostris
2645 1058 2699 1113 id
2747 1058 2981 1128 agimus,
3030 1065 3091 1111 ut
3132 1056 3335 1126 ubique
3382 1056 3631 1111 locorum

2051 1156 2243 1203 sancta
2296 1148 2572 1204 catholica
2614 1154 2672 1201 et
2712 1146 3014 1217 apostolica
3060 1145 3158 1200 Dei
3200 1145 3470 1207 Ecclesia,
3512 1160 3635 1215 quas

2054 1238 2375 1308 incorrupta
2412 1248 2578 1310 atque
2620 1233 2944 1293 immortalis
2972 1245 3057 1291 est
3087 1244 3267 1291 mater
3290 1245 3634 1305 sceptrorum

2054 1338 2392 1395 nostrorum,
2428 1346 2530 1400 per
2564 1329 2712 1384 illam
2756 1344 2923 1399 quam
2955 1328 3070 1384 dixi
3108 1327 3273 1384 (idem
3302 1328 3636 1398 multiplice-

2057 1430 2186 1478 tur:
2224 1430 2397 1492 utque
2428 1422 2506 1492 pii
2541 1421 2752 1492 populi,
2791 1423 2847 1476 in
2882 1436 3017 1492 pace
3047 1429 3104 1476 et
3137 1420 3194 1475 in
3237 1436 3303 1475 ea
3339 1435 3462 1491 quas
3488 1421 3638 1475 circa

2053 1513 2225 1567 Deum
2263 1520 2349 1588 est
2389 1513 2689 1569 concordia
2728 1521 3167 1583 perseverantes,
3205 1527 3316 1567 una
3359 1528 3487 1568 cum
3526 1512 3641 1567 Deo

2053 1604 2396 1660 charissimis
2437 1604 2738 1675 episcopis,
2767 1617 2825 1660 et
2854 1604 3288 1676 religiosissimis
3321 1604 3560 1669 clericis,
3584 1610 3643 1659 et

2054 1701 2503 1757 archimandritis
2548 1710 2606 1754 et
2648 1698 2957 1763 monachis,
3012 1709 3263 1768 acceptas
3307 1698 3419 1752 Deo
3450 1712 3644 1766 preces

2054 1794 2294 1850 offerant
2327 1808 2426 1864 pro
2456 1792 2690 1862 imperio
2715 1800 2925 1846 nostro.
2953 1789 3208 1857 Quandiu
3237 1790 3387 1844 enim
3413 1803 3643 1859 magnus

2054 1886 2201 1941 Deus
2226 1895 2281 1941 et
2306 1886 2569 1940 Servator
2597 1892 2786 1938 noster
2815 1883 2978 1937 Jesus
3003 1880 3279 1946 Christus,
3305 1881 3398 1950 qui
3427 1896 3495 1934 ex
3520 1895 3646 1934 san-
3684 1909 3688 1912 -

356 1966 645 2036 Παρθένου
699 1968 793 2020 καὶ
838 1967 1108 2021 Θεοτόκου
1146 1967 1366 2040 Μαρίας
1406 1968 1812 2039 σαρκωθὲντος,
1854 1971 1951 2039 καὶ

2059 1986 2145 2033 cta
2190 1977 2413 2046 Virgine
2462 1991 2526 2030 ac
2559 1975 2658 2029 Dei
2691 1963 2971 2030 Cenitrice
3018 1971 3187 2027 Maria
3232 1972 3552 2025 incarnatus
3587 1976 3647 2025 et

353 2059 643 2129 τεχθέντος
663 2099 677 2123 ,
713 2059 911 2137 τὴνιὲκ
945 2060 1265 2128 συμφωνίας
1296 2060 1604 2129 δοξολογίαν
1634 2077 1694 2113 τε
1729 2062 1821 2115 καὶ
1851 2062 1949 2115 λαο

355 2152 548 2222 ’τρείαν
595 2151 754 2221 ἡμῶν
803 2150 1188 2217 ἐπαινοῦντος,
1232 2152 1325 2204 καὶ
1362 2152 1597 2222 ἑτοίμως
1634 2152 1948 2223 δεχομένου,

355 2241 434 2297 τὰ
476 2242 575 2313 μὲν
621 2243 730 2294 τῶν
768 2242 1044 2312 πολεμίων
1076 2242 1466 2314 ὲκτριϐήσεται
1500 2246 1595 2298 καὶ
1626 2238 1949 2317 ἐξαλειφθή-

357 2349 517 2390 σεται
548 2334 717 2403 γένηο
767 2337 968 2397 πάντες
1004 2335 1060 2388 δὲ
1089 2336 1181 2389 τὸν
1209 2338 1412 2390 οἰκεῖον
1444 2336 1823 2391 ύποκλινοῦσιν
1852 2340 1951 2392 αύ-

356 2428 493 2500 χὲνα
521 2426 599 2497 τῷ
620 2428 878 2498 ἡμετέρῳ
916 2426 1058 2497 μετά
1086 2427 1219 2482 Θεὸν
1252 2428 1474 2497 κράτει·
1512 2431 1707 2499 εἰρήνη
1732 2431 1787 2483 δὲ
1806 2471 1819 2495 ,
1858 2435 1953 2486 καὶ

356 2518 431 2571 τὰ
480 2519 545 2571 ἐκ
588 2516 793 2587 ταύτης
833 2517 1050 2587 ἀγαθὰ,
1089 2518 1268 2588 ἀέρων
1296 2536 1358 2572 τε
1390 2518 1684 2590 εὐκρασία,
1719 2521 1812 2574 καὶ
1841 2523 1953 2577 τῶν

357 2607 594 2677 καρπῶν
642 2608 874 2678 εὐφορία
899 2650 914 2673 ,
973 2609 1070 2662 καὶ
1120 2608 1188 2661 τὰ
1222 2607 1360 2663 ἄλλα
1386 2606 1442 2662 δὲ
1471 2608 1542 2662 τὰ
1567 2608 1955 2665 λυσιτελοῦντα

356 2700 474 2762 τοῖς
522 2698 836 2766 ἀνθρώποις
895 2698 1409 2770 φιλοτιμηθήσεται.
1472 2699 1661 2763 Οὕτως
1710 2700 1805 2754 οὖν
1856 2691 1961 2773 τῆς

356 2791 667 2861 ἀμωμήτου
703 2790 935 2855 πίστεως
979 2794 1126 2862 ἡμᾶς
1156 2809 1215 2845 τε
1248 2793 1344 2846 καὶ
1375 2793 1444 2846 τὰ
1483 2792 1765 2862 Ῥωμαϊκὰ
1795 2812 1951 2864 περι-

360 2873 649 2953 σωζούσης
675 2883 1008 2953 πράγματα,
1036 2884 1256 2954 δεήσεις
1279 2883 1411 2955 ἡμῖν
1437 2886 1955 2958 προσεκομίσθησαν

355 2974 518 3046 παρὰ
559 2975 829 3029 θεοσεϐὦν
869 2975 1312 3047 ἁρχιμανδριτῶν
1357 2976 1453 3030 καὶ
1494 2977 1805 3048 ἐρημιτῶν,
1858 2980 1954 3033 καὶ

359 3068 568 3140 ἑτέρων
601 3069 899 3138 αἰδεσίμων
929 3069 1142 3139 ἀνδρῶν
1161 3108 1176 3134 ,
1227 3070 1367 3139 μετὰ
1397 3070 1649 3141 δακρύων
1678 3072 1953 3126 ἱκετευόν-

353 3177 491 3229 ειων,
530 3163 723 3216 ἕνωσιν
757 3162 1015 3232 γενέσθαι
1053 3166 1175 3226 ταῖς
1206 3163 1545 3233 ἁγιωτάταις
1576 3164 1951 3235 Ἐκκλησίαις,

362 3255 703 3325 συναφθῆναί
732 3272 792 3308 τε
836 3255 901 3309 τὰ
939 3256 1077 3327 μέλη
1126 3257 1238 3319 τοῖς
1277 3237 1527 3326 μέλεσιν,
1570 3255 1715 3328 ἅπερ
1744 3258 1771 3309 ὁ
1800 3258 1957 3327 μισό-

362 3348 531 3411 καλος
583 3348 694 3401 ἀπὸ
742 3345 1014 3401 πλείστων
1052 3348 1263 3419 χρόνων
1304 3348 1539 3419 χωρίσαι
1570 3349 1914 3419 κατηπείχθη
1937 3366 1951 3378 ·

362 3438 647 3509 γινώσκων
675 3437 749 3501 ὡς
777 3438 827 3491 εἰ
847 3438 1129 3510 ὁλοκλήρῳ
1152 3438 1229 3509 τῷ
1254 3437 1366 3507 ’τῆς¹
1383 3439 1711 3515 Ἐκκλησίας
1742 3440 1955 3509 σώματι

362 3529 628 3601 πολεμῴη
660 3529 799 3595 (9θὶ,
834 3529 1223 3601 ἡττηθήσεται.
1260 3529 1561 3599 Συμϐαίνει
1592 3515 1702 3601 γὰρ
1739 3531 1802 3582 ὲκ
1830 3530 1981 3584 τού(

360 3638 461 3676 του
512 3621 605 3675 καὶ
649 3620 846 3689 γενεὰς
894 3620 1303 3691 ἀναριθμήτους
1345 3616 1508 3686 εἶναι,
1542 3621 1675 3684 ὅσας
1706 3621 1734 3672 δ
1764 3621 1956 3691 χρόνος

363 3714 427 3765 ιν
454 3710 726 3775 τοσούτοις
746 3709 892 3763 ἔτεσι
917 3712 1015 3781 τῆς
1038 3708 1186 3779 ζωῆς
1213 3709 1581 3781 ύπεξήγαγενο
1610 3711 1706 3764 καὶ
1728 3710 1829 3773 τὰς
1855 3711 1954 3781 μὲν

360 3802 463 3857 τοῦ
515 3801 747 3872 λουτροῦ
795 3799 939 3871 (91)
988 3801 1087 3872 τῆς
1122 3801 1547 3869 παλιγγενεσίας
1584 3802 1958 3874 ἓστερημένας

360 3892 627 3948 ἀπελθεῖν
647 3933 662 3957 ,
699 3893 797 3955 τὰς
825 3892 883 3945 δὲ
912 3891 1014 3960 τῆς
1041 3891 1191 3956 θείας
1216 3893 1503 3956 κοινωνίας
1534 3892 1609 3963 μὴ
1640 3893 1950 3964 μετασχού-

365 4002 490 4049 σας,
519 3986 654 4054 πρὸς
678 3984 779 4056 τὴν
808 3983 919 4037 τῶν
944 3984 1251 4056 ἀνθρώπων
1282 3986 1661 4057 ἀπαραίτητον
1687 3987 1957 4057 ἐκδημίαν

363 4076 714 4147 ἀπαχθῆναιο
745 4075 940 4145 φόνους
962 4093 1020 4129 τε
1042 4076 1383 4147 τολμηθῆναι
1410 4079 1659 4148 μυρίους,
1676 4079 1769 4132 καὶ
1793 4080 1959 4149 αἱμά-

360 4185 477 4223 των
501 4168 699 4238 πλήθει
731 4168 1066 4239 μολυνθῆναι
1104 4169 1181 4238 μὴ
1212 4169 1374 4238 μόνον
1406 4170 1503 4241 τὴν
1529 4170 1653 4241 γῆν,
1694 4170 1829 4223 ἀλλᾶ
1859 4172 1955 4223 καὶ

362 4259 531 4313 αὑτὸν
563 4260 656 4313 τὸν
686 4262 842 4331 ἀέρα.
884 4260 1071 4314 Ταῦτα
1100 4261 1184 4323 τίς
1214 4260 1316 4315 οὐκ
1340 4260 1407 4315 ἂν
1438 4263 1517 4324 είς
1542 4261 1603 4314 τὸ
1629 4260 1833 4331 ἀγαθὸν
1864 4280 1959 4330 με-

362 4350 806 4421 τασκευασθῆναι
836 4351 1223 4423 προσεύξοιτο;
1245 4352 1345 4405 Διά
1360 4369 1444 4405 τοι
1469 4353 1645 4418 τοῦτο,
1672 4350 1961 4419 γινώσκειν

364 4442 515 4512 ὑμᾶς
545 4442 961 4512 ἐσπουδάσαμεν
984 4482 998 4505 .
1034 4442 1116 4495 ὅτι
1152 4444 1247 4496 καὶ
1278 4444 1437 4515 ἡμεῖς
1468 4445 1562 4497 καὶ
1592 4445 1647 4496 αί
1677 4443 1955 4514 πανταχοῦ

364 4532 692 4603 Ἐκκλησίαι
724 4532 911 4601 ἕτερον
943 4533 1215 4602 σύμϐολον
1245 4534 1280 4605 ἢ
1318 4534 1549 4604 μαθημα
1574 4575 1587 4599 ,
1634 4534 1668 4604 ἦ
1710 4535 1837 4605 ὅρον
1868 4534 1960 4587 πί-

2059 2078 2223 2125 natus
2260 2078 2363 2133 est,
2394 2069 2781 2125 concinentem
2813 2066 3060 2119 omnium
3086 2073 3338 2119 nostrum
3372 2061 3647 2133 gloriﬁca-

2061 2161 2266 2215 tionem
2302 2159 2625 2228 cultumque
2677 2156 3064 2240 approbayerit
3094 2166 3150 2211 et
3187 2154 3425 2225 benigne
3456 2170 3646 2209 susce-

2060 2252 2228 2322 perit,
2263 2266 2455 2306 omnes
2487 2249 2713 2320 quidem
2762 2250 2951 2303 hostes
2981 2255 3346 2303 conterentur
3385 2261 3449 2301 ac
3495 2246 3647 2301 dele-

2059 2342 2310 2397 buntur:
2360 2342 2634 2396 unixersze
2680 2348 2861 2394 autem
2913 2347 3106 2409 gentes
3152 2346 3356 2392 nostra:
3395 2353 3517 2407 quae
3560 2352 3648 2391 se-

2059 2434 2300 2490 cundum
2336 2435 2509 2489 Deum
2538 2442 2624 2489 est
2666 2432 2925 2503 potestati
2957 2431 3098 2487 colla
3132 2431 3465 2486 submittcnt
3492 2449 3504 2484 :
3534 2431 3645 2485 Pax

2060 2526 2320 2595 denique,
2369 2533 2424 2579 et
2472 2540 2596 2594 quae
2640 2540 2707 2579 ex
2746 2539 2879 2594 pace
2928 2523 3260 2593 proveniunt
3306 2523 3469 2586 bona,
3516 2522 3643 2576 cmli

2064 2619 2387 2687 temperies,
2444 2617 2663 2688 frugum
2730 2616 2983 2682 ubertas,
3038 2627 3095 2671 et
3145 2631 3489 2685 quaecunque
3540 2616 3648 2671 alia

2062 2708 2371 2771 commoda,
2410 2708 2729 2763 hominibus
2761 2707 3136 2762 donabantur.
3176 2706 3313 2762 Cum
3345 2722 3475 2777 ergo
3507 2707 3648 2761 irre-

2062 2799 2454 2869 prehensibilis
2492 2798 2645 2861 tides,
2682 2809 2737 2853 et
2763 2813 2883 2862 nos,
2911 2809 2969 2853 et
3012 2797 3408 2867 rempublicam
3449 2797 3651 2853 Roma-

2064 2908 2188 2945 nam
2243 2892 2315 2946 ita
2365 2899 2685 2954 conservet,
2717 2905 2929 2960 preces
2981 2890 3147 2945 nobis
3194 2890 3391 2945 oblata:
3439 2898 3568 2946 sunt
3618 2906 3650 2945 a

2065 2983 2496 3055 religiosissimis
2548 2981 3003 3037 archimandritis
3051 2990 3107 3036 et
3153 2982 3404 3037 eremitis
3436 2990 3492 3037 et
3528 2982 3652 3037 aliis

2063 3074 2385 3129 reverendis
2411 3073 2752 3135 hominibus,
2789 3073 2886 3143 qui
2918 3070 3042 3127 cn'm
3084 3072 3340 3144 lacrymis
3378 3073 3653 3142 supplica-

2062 3166 2225 3230 bant,
2276 3173 2335 3219 ut
2384 3165 2565 3219 unitas
2629 3164 2789 3219 ﬁeret
2840 3164 3204 3218 sanctissimis
3253 3164 3545 3227 Ecclesiis,
3593 3178 3653 3221 et

2065 3258 2313 3314 membra
2353 3257 2615 3311 membris
2643 3257 3133 3326 eonjungerentur,
3173 3272 3294 3325 qua:
3322 3256 3450 3312 boni
3484 3252 3653 3313 totius

2062 3349 2319 3405 inimicus
2339 3348 2669 3420 jamdudum
2700 3364 2728 3402 a
2755 3363 2815 3402 se
2849 3348 3089 3402 invicem
3130 3348 3448 3418 disjungere
3487 3363 3683 3403 cona-.

2058 3450 2147 3497 tus
2189 3449 2312 3495 est:
2369 3440 2553 3517 sciens
2601 3454 2681 3505 se,
2731 3439 2778 3493 si
2832 3439 3109 3509 integrum
3142 3438 3402 3493 Ecclesiae
3449 3453 3654 3507 corpus

2057 3531 2491 3601 impugnaverit,
2555 3529 2717 3584 facile
2777 3545 2898 3583 esse
2967 3528 3365 3598 superandum.
3411 3529 3490 3582 Ex
3548 3528 3654 3583 hoc

2056 3622 2205 3677 enim
2239 3621 2491 3692 contigit,
2523 3630 2583 3675 ut
2614 3620 3041 3675 innumerabilis
3073 3620 3360 3674 hominum
3395 3619 3653 3674 multitu-

2058 3714 2151 3780 do,
2187 3724 2353 3783 quam
2395 3722 2477 3769 tot
2514 3728 2788 3767 annorum
2820 3712 2999 3782 spatio
3031 3712 3298 3783 temporis
3332 3711 3652 3782 longinqui-

2059 3812 2143 3860 tas
2191 3821 2259 3859 ex
2297 3804 2400 3859 hac
2426 3804 2547 3859 luce
2600 3803 2904 3868 subtraxit,
2959 3805 3160 3873 partim
3206 3802 3653 3873 regenerationis

2058 3898 2278 3953 lavacro
2324 3896 2575 3952 fraudata
2621 3888 2918 3959 interierit,
2965 3896 3165 3967 partim
3196 3896 3407 3965 absque
3452 3893 3655 3950 divina:

2058 3991 2468 4046 communionis
2501 3990 2863 4060 perceptione
2892 4006 2960 4045 ex
2990 3990 3092 4043 hac
3122 3988 3234 4043 vita
3286 3987 3606 4059 migraverit
3632 4004 3647 4041 :

2060 4092 2232 4153 utque
2276 4082 2580 4137 innumeras
2619 4081 2797 4136 credes
2831 4090 3165 4150 perpetrata:
3211 4078 3343 4143 sint,
3395 4086 3450 4134 et
3489 4078 3654 4135 επιιεί

2060 4171 2344 4241 sanguinis
2390 4173 2548 4241 copia
2594 4186 2706 4225 non
2758 4179 2905 4225 terra
2951 4171 3152 4234 solum,
3196 4170 3293 4224 sed
3347 4170 3514 4226 etiam
3559 4182 3653 4224 aer

2061 4262 2179 4332 ipse
2209 4263 2282 4319 sit
2308 4263 2736 4319 contaminatus.
2769 4261 2900 4329 Quze
2931 4260 3181 4331 quidem,
3209 4260 3656 4330 quotusquisque

2060 4360 2146 4407 est
2177 4353 2272 4422 qui
2304 4369 2414 4408 non
2446 4353 2723 4423 optaverit
2755 4352 2810 4407 in
2841 4351 3125 4407 meliorem
3164 4357 3370 4405 statum
3404 4364 3654 4404 commu-

2062 4445 2210 4499 tari?
2252 4444 2604 4515 Quapropter
2634 4444 2781 4500 scire
2822 4459 2919 4499 vos
2952 4444 3232 4507 volumus,
3270 4456 3374 4496 nec
3403 4455 3527 4504 nos,
3551 4456 3658 4495 nec

2061 4551 2156 4590 eas
2190 4550 2313 4604 quae
2347 4536 2549 4605 ubique
2598 4546 2729 4590 sunt
2778 4536 3090 4599 Ecclesias,
3146 4534 3295 4589 aliud
3345 4534 3675 4605 symbolum‘

366 4637 564 4687 στεως,
596 4624 629 4694 ἢ
665 4625 847 4678 πίστιν
880 4626 1019 4696 πλὴν
1048 4625 1143 4679 τοῦ
1170 4626 1462 4697 εἰρημένου
1493 4627 1648 4695 ἁγίου
1674 4627 1952 4698 Συμϐόλου

2062 4635 2157 4680 aut
2184 4626 2483 4692 mathema,
2515 4627 2750 4680 aliamve
2782 4624 3163 4679 definitionem
3194 4624 3319 4678 ﬁdei
3344 4633 3440 4678 aut
3466 4623 3655 4689 iidem,

363 4712 480 4768 τῶν
507 4720 611 4783 τιη¹
642 4715 813 4782 ἁγίων
836 4716 1116 4785 ῐΙατέρων,
1144 4716 1279 4788 ὅπερ
1296 4708 1645 4771 ¹ἐϐεϐαίωσαν
1669 4720 1719 4771 oi.
1745 4737 1850 4788 μνη
1862 4736 1956 4788 μο-

366 4799 653 4866 νευθέντες
700 4802 777 4874 ρν¹
804 4801 951 4869 ἆγιοι
987 4805 1252 4875 Πατέρες,
1290 4804 1418 4858 οὔτε
1450 4806 1785 4878 ἐσχήκαμεν,
1827 4806 1954 4859 οὔτε

365 4891 499 4962 ιχομ
512 4909 591 4958 εν,
619 4891 741 4945 οὔτε
770 4892 987 4963 ἕξομεν,
1017 4891 1142 4946 οὔτε
1171 4894 1393 4964 ἔχοντας
1422 4896 1788 4967 ἐπιστάμεθα.
1816 4898 1878 4950 Εἰ
1901 4897 1958 4951 δὲ

368 4984 469 5040 καὶ
502 4984 615 5056 ἔχοι
646 5001 758 5051 τις,
794 4983 1077 5055 ἀλλότριον
1108 4986 1268 5040 αὐτὸν
1304 4987 1610 5058 ἡγούμεθα.
1648 4988 1820 5042 Τοῦτο
1848 4990 1959 5061 γὰρ

2064 4723 2267 4787 praeter
2291 4730 2456 4786 supra
2490 4724 2854 4769 memoratum
2900 4725 3153 4769 sanctum
3196 4712 3515 4784 Symbolum
3548 4723 3658 4769 tre-

2064 4814 2354 4861 centorum
2396 4815 2454 4860 et
2493 4804 2800 4860 octodecim
2853 4812 3170 4859 sanctorum
3220 4804 3468 4869 Patrum,
3505 4803 3655 4872 quod

2067 4914 2098 4953 a
2141 4899 2253 4968 jam
2306 4898 2470 4953 dictis
2511 4907 2745 4953 centum
2770 4905 2828 4953 et
2862 4880 3261 4967 quinquaginta
3310 4896 3518 4950 sanctis
3558 4895 3657 4949 Pa-

2068 4988 2249 5044 tribus
2284 4989 2669 5045 conﬁrmatum
2713 4996 2819 5054 est,
2864 4988 3145 5055 habuisse,
3189 4987 3275 5043 vel
3309 4988 3535 5054 habere,
3567 4990 3654 5044 vel

1546 5142 1817 5199 VALESII
1870 5141 2427 5201 ANNOTATIONES.

443 5261 557 5332 (89)
606 5263 782 5328 Πὰσῃ
823 5259 1149 5332 προσευχῇ
1200 5262 1297 5314 καὶ
1348 5260 1617 5330 σπουδῇ.
1660 5260 1752 5317 Sic
1786 5262 1955 5317 etiam

364 5330 577 5403 legitur
613 5332 758 5403 apud
789 5330 1188 5403 Nicephorum.
1226 5332 1337 5403 lfiec
1365 5333 1523 5386 aliter
1554 5334 1766 5403 legerat
1798 5342 1959 5388 vetus

368 5401 648 5471 interpres
688 5401 809 5472 ejus
845 5402 1013 5472 edicti
1050 5401 1193 5465 apud
1232 5401 1551 5456 Liberatutn
1594 5401 1647 5456 in
1700 5418 1822 5472 cap.
1871 5404 1958 5457 18.

368 5474 453 5530 lla
489 5470 637 5527 enim
675 5470 841 5525 vertit
877 5490 889 5524 :
918 5470 1169 5526 Noctibus
1204 5489 1266 5525 ac
1296 5472 1476 5525 diebus
1507 5475 1749 5526 oratione
1773 5470 1822 5525 et
1847 5484 1959 5525 stu-

368 5544 461 5599 dia
490 5551 538 5596 et
578 5541 775 5612 legibus
798 5542 1021 5594 nitimur
1054 5541 1403 5612 multiplicari
1436 5558 1528 5611 per
1557 5558 1677 5597 eam
1712 5554 1958 5596 sanctam

369 5611 691 5669 catholicam
728 5621 775 5664 et
823 5611 1175 5681 apostolicam
1216 5611 1540 5666 Ecclesium.
1590 5614 1721 5667 Mihi
1774 5624 1955 5668 tamen

371 5682 564 5754 potius
582 5681 1187 5754 videtur‘scribendum
1208 5697 1330 5737 esse
1347 5682 1505 5754 πάσῃ
1526 5686 1790 5754 προσοχῇ.
1812 5683 1956 5748 Quid

370 5751 449 5823 sit
495 5754 740 5823 προσοχὴ
792 5751 956 5823 docet
992 5752 1210 5818 Suidas,
1266 5751 1361 5823 qui
1416 5751 1622 5823 veteris
1670 5751 1957 5823 scriptoris

372 5821 558 5878 locum
620 5821 802 5878 aﬂ‘ert.
855 5822 1022 5881 Certe
1072 5825 1189 5881 haec
1224 5821 1565 5882 emendatio
1624 5821 1957 5895 magnopere

372 5893 510 5949 mihi
540 5892 764 5950 arridet.

371 5900 510 5949 mihi
540 5900 764 5950 arridet.

2162 5262 2253 5335 90)
2307 5262 2537 5335 Σώματι
2588 5259 3307 5335 πολεμῶνᾲχλὸοτῂἰίηηᾱυηι
3338 5268 3430 5335 est
3461 5262 3652 5335 procul

2069 5330 2243 5389 dubio
2266 5330 2547 5403 πολεμῲη,
2580 5342 2641 5389 ut
2668 5334 2835 5388 habet
2863 5332 3211 5402 Nicephorus
3243 5340 3298 5403 et
3331 5330 3500 5403 codex
3530 5330 3654 5403 Tel-

2070 5404 2335 5459 lerianus.
2371 5400 2610 5459 smnus
2633 5418 2855 5474 quoque
2891 5403 2960 5458 ad
2988 5400 3141 5457 oram
3172 5401 3257 5456 sui
3301 5400 3511 5455 codicis
3558 5400 3658 5455 ad-

2068 5483 2306 5539 notarat,
2333 5474 2472 5529 forte
2501 5475 2787 5543 πολεμοίη.

2139 5546 2250 5615 (9|)
2287 5537 2397 5598 Καὶ
2436 5545 2542 5610 τὰς
2563 5537 2819 5615 μεν-’,τοῦ
2842 5542 3138 5615 έιουτροῦι
3176 5540 3257 5615 Ad
3292 5541 3439 5615 hunc
3467 5537 3655 5615 lgcum

2063 5606 2243 5669 edicti
2284 5606 2531 5669 Zenonis
2563 5606 2763 5667 alludit
2820 5614 2969 5669 Felix
3004 5606 3173 5681 papa.
3226 5612 3279 5664 in
3313 5606 3545 5681 epistola
3585 5612 3657 5664 ad

2065 5685 2344 5740 Zenonem
2393 5686 2624 5754 August.
2678 5685 2752 5738 ita
2785 5677 3035 5737 scribens
3067 5677 3098 5735 ε’
3116 5681 3266 5754 Dolet
3310 5677 3446 5733 certe
3484 5677 3659 5744 pietas

2064 5765 2178 5817 tua,
2230 5756 2369 5825 quod
2422 5751 2515 5827 per
2557 5756 2835 5827 diuturnos
2877 5754 3047 5827 partis
3079 5751 3320 5827 alterna!
3361 5761 3662 5827 gravesque

2065 5814 2359 5896 conﬂictus,
2396 5814 2575 5879 multis
2614 5841 2677 5879 ea:
2702 5826 2798 5896 hoc
2814 5814 3009 5896 alecula
3040 5822 3323 5874 videantur
3358 5814 3525 5872 ablati
3562 5830 3661 5873 aut

2064 5894 2396 5965 baptismatis
2419 5906 2511 5950 aut
2534 5894 2918 5950 communionis
2952 5901 3209 5966 expertes.
