4076 6336
359 313 513 379 2629

1241 318 1243 320 -
1295 251 1692 380 HISTORIA:
1731 288 2326 358 ECCLESIASTICE
2364 297 2597 358 LIBER
2638 297 2753 358 In.-

3507 302 3654 371 2630

355 423 680 496 ’Καλχηδόνι
715 419 934 475 σύνοδον
965 413 1266 484 ἀναφανδὸν
1311 407 1732 480 ἁναϐεματίσαι.
1771 406 1952 477 Ὅπερ

2057 406 2566 487 Hierosolymorum
2626 398 2705 463 ad.
2757 406 3020 481 eumdem
3083 408 3308 464 Petrum
3361 405 3654 483 s'ynodicas

363 518 427 580 ις
469 516 727 570 ’Δκάκιον
760 513 912 566 nos»;
940 508 1030 563 τὸν
1065 499 1695 562 Κωνσταντινουπόλεως
1724 497 1954 552 συνετά-

369 605 524 677 ραξε.
557 604 778 674 Πιμψαι
806 618 866 654 τι
891 595 1159 666 πεποίηκέ
1183 610 1335 657 τινας
1366 593 1434 647 τὰ
1453 591 1587 662 (περὶ
1606 588 1815 643 τούτων
1845 588 1958 672 ειστ

365 697 598 767 ομένους
619 701 636 718 ⁸
667 693 759 762 οὒς
797 691 1101 762 δίη-Πέτρος
1125 680 1491 759 πληροφορεϊν
1521 683 1843 754 βουλόμενος
1878 680 1956 744 ὡς

363 787 526 840 οὐδὲν
551 783 764 838 τοιοῦτο
790 780 1088 854 πεπραχὼς
1119 781 1233 851 εἴη,
1260 769 1628 847 ὑπομνήματα
1651 774 1953 845 γέγραφεν,

363 881 428 933 ιν
453 875 532 943 οἷς
562 878 996 947 τινεςκείρήκασι
1036 873 1202 946 μηδὲν
1257 869 1468 926 τοιοῦτο
1523 868 1834 924 συνειδέναι
1859 881 1954 934 γε·

364 970 606 1040 γραφότι
638 956 716 1038 τῷ
749 968 944 1037 Πέτρῳ
975 965 1072 1035 (5).

2061 513 2191 555 suas
2236 498 2406 552 misit.
2443 498 2639 555 Postea
2682 507 2868 555 tamen
2915 499 3140 569 quidam
3188 516 3220 556 a
3266 503 3653 560 communione

2058 591 2209 648 Petri
2240 606 2360 646 sese
2393 590 2804 662 abjunxerunt:
2833 602 2999 663 atque
3032 591 3232 648 exinde
3262 593 3463 649 Petrus
3487 594 3652 651 Chal-

2060 683 2430 739 cedonensem
2505 682 2775 753 synodum
2853 683 3073 754 publice
3143 683 3650 740 anatlieniatizavu.

2057 776 2191 841 Quin
2225 790 2314 830 res
2359 790 2484 830 cum
2526 775 2779 830 nuntiata
2827 782 2974 830 esset
3010 776 3212 830 Acacio
3257 774 3652 833 Constantino-

2056 868 2250 939 poleos
2282 866 2567 937 episc0po,
2605 882 2716 921 non
2743 866 3098 924 mediocriter
3121 883 3249 922 eum
3274 869 3646 924 conturbavit.

2057 958 2210 1014 Missi
2248 966 2378 1025 sunt
2413 959 2582 1029 igitur
2613 957 2683 1012 ab
2725 957 2948 1023 Acacio,
2997 957 3160 1030 350
3198 959 3293 1030 qui
3328 960 3406 1016 rei
3441 960 3647 1017 verita-

366 1077 482 1122 tem
535 1063 902 1133 inquirerent.
948 1062 1164 1128 Quibus
1211 1077 1338 1117 cum
1380 1061 1581 1116 Petrus
1625 1058 1960 1130 persuadere
1997 1056 2200 1121 vellet,
2253 1054 2394 1110 nihil
2457 1055 2776 1125 huiusmodi
2805 1070 2837 1109 a
2862 1052 3148 1109 sefactum
3187 1069 3331 1121 esse,
3367 1064 3490 1112 acta
3515 1070 3648 1112 con-

367 1157 462 1213 ﬁci
533 1159 770 1222 curavit,
816 1157 872 1210 in
946 1155 1150 1226 quibus
1194 1155 1418 1226 quidam
1458 1150 1648 1209 testati
1693 1161 1842 1218 sunt,
1883 1149 2025 1205 nihil
2063 1146 2382 1221 huiusmodi
2431 1147 2581 1218 quod
2618 1147 2844 1219 quidem
2893 1141 3200 1213 scirent,'a
3239 1146 3402 1204 Petro
3439 1150 3648 1205 factum

365 1246 565 1302 fuisse.

1077 1361 1331 1416 ΚΕΦΔΛ.
1354 1360 1453 1415 IZ'.

2613 1391 2616 1395 -
2671 1353 2828 1412 CAP.
2867 1355 3031 1411 XVII.

363 1454 513 1525 Περὶ
538 1450 625 1511 ὧν
671 1456 900 1525 ἔγραψε
938 1452 1161 1525 Πέτρος
1209 1454 1462 1525 Ἀκακίίρ
1497 1450 1802 1520 δεξαμένη)
1837 1449 1952 1520 τὴν

2057 1447 2137 1505 De
2167 1449 2248 1504 liis
2273 1463 2391 1519 qua:
2417 1445 2612 1525 _Petrus
2653 1441 2963 1525 scripsitad
2989 1447 3261 1510 Acacium,
3297 1447 3388 1518 qui
3430 1445 3651 1503 Chalce-

754 1517 842 1579 sr'
870 1517 1214 1594 Κᾳλχῄδόνι
1274 1521 1560 1576 σύνοδον.
1640 1517 1654 1520 ’
1770 1517 1779 1518 ί
1900 1517 1907 1520 ⁷

2285 1517 2293 1519 “
2393 1520 2680 1572 donensem
2714 1517 2972 1588 synodum
2996 1517 3318 1587 susceperat.

440 1631 610 1700 Οὗτος
641 1636 670 1689 ό
693 1635 920 1705 Πέτρος,
962 1635 1041 1699 ὡς
1084 1611 1337 1705 κόθορνος
1369 1632 1445 1703 (4)
1480 1634 1577 1686 καὶ
1619 1632 1952 1704 παλίμϐολος

2136 1630 2238 1686 Hic
2275 1629 2425 1686 enim
2461 1629 2680 1694 Petrus,
2731 1629 2904 1685 veluti
2939 1629 3252 1685 cothurnus
3308 1628 3532 1700 quidam
3584 1644 3648 1686 ac

361 1730 464 1783 καὶ
501 1731 609 1792 τοῖς
639 1731 851 1800 καιροῖς
878 1726 1373 1796 συνδιατιθέμενος,
1404 1727 1605 1795 ἥκιστα
1637 1725 1775 1796 πρὸς
1822 1725 1952 1795 μίαν

2059 1730 2365 1786 veterator,
2399 1729 2456 1776 et
2514 1720 2610 1791 qui
2651 1721 2998 1790 temporibus
3031 1735 3152 1775 sese
3181 1721 3646 1788 accommodaret,

360 1819 503 1889 Εστη
533 1818 760 1896 γνώμην
786 1832 800 1847 ⁶
843 1818 939 1871 νῦν
967 1817 1066 1886 μὲν
1093 1816 1507 1887 ἁναθεματίζων
1529 1816 1626 1885 τὴν
1652 1817 1708 1867 ἐν
1733 1815 1973 1886 Καλχη-’

358 1908 477 1963 δόνι
509 1909 724 1964 σύνοδον
753 1924 769 1940 ο
800 1908 894 1961 νῦν
921 1910 997 1973 δὲ,
1033 1907 1361 1978 παλινῳδίαν
1391 1907 1587 1975 λέγων,
1621 1905 1716 1959 καὶ
1746 1907 1952 1976 ταύτην

359 2001 568 2071 ψήφοις
586 2001 826 2063 ἁπάσαις
853 1999 1159 2070 δεχόμενος.
1188 1999 1642 2069 Γέγραφετοίνυν
1660 1996 1952 2067 ἐπιστολὴν

359 2096 397 2150 ὁ
429 2094 588 2157 αὐτὸς
621 2094 824 2164 Πέτρος
864 2095 1002 2164 πρὸς
1045 2092 1303 2145 Ἀκὰκιον
1351 2090 1444 2144 τὸν
1474 2091 1574 2160 τῆς
1604 2091 1952 2143 Κωνσταντι-

361 2183 674 2248 νουπόλεως
701 2185 984 2255 πρόεδρον,
1014 2183 1106 2236 ἐπὶ
1135 2182 1332 2249 λέξεως
1365 2182 1593 2252 ἔχουσαν
1640 2181 1849 2243 οὕτως’
1892 2178 1951 2233 Ὀ

363 2276 502 2338 Θεὸς
533 2279 560 2328 ό
608 2275 832 2345 ὕψιστος
857 2269 861 2275 ’
886 2277 985 2346 τὴν
1033 2277 1136 2345 σὴν
1161 2275 1470 2344 ἁγιωσύνην
1501 2272 1818 2342 ἀμείψηται,
1848 2272 1952 2350 ὑπό

359 2385 427 2423 τε
456 2369 632 2421 πόνων
676 2367 753 2436 (5)
786 2367 880 2420 καὶ
929 2367 1191 2436 καμάτων
1233 2365 1525 2427 τοσούτων,
1560 2357 1635 2418 ὧν
1679 2363 1984 2433 περιόδοις·

360 2461 578 2533 χρόνων
620 2457 894 2530 ὲφὺλαξας
945 2460 1043 2530 τὴν
1076 2457 1184 2511 τῶν
1230 2458 1403 2526 ἁγίων
1443 2457 1704 2527 Πατέρων
1741 2456 1951 2522 πίστιν,-

362 2553 434 2622 ῆν
462 2544 901 2614 ἀκαταπαύστως
945 2551 1230 2623 κηρύττων
1279 2550 1636 2612 ὲὸεϐαίωσας.
1678 2551 1766 2602 Ἐν
1857 2549 1952 2602 καὶ

364 2643 430 2695 τὸ
477 2641 746 2711 σύμϐολον
793 2641 1045 2711 κείμενον
1079 2641 1187 2693 τῶν
1219 2648 1325 2710 τιη¹
1355 2641 1524 2707 ἁγίων
1559 2639 1821 2709 Πατὲρων
1852 2640 1947 2691 εύ-

370 2727 558 2804 ρόντές
587 2732 920 2799 ἀκολούθως,
945 2735 1002 2786 ἐν
1024 2726 1068 2800 ᾧ
1119 2731 1507 2801 βαπτισθέντες
1549 2730 1951 2801 ἐπιστεύσαμεν

365 2827 465 2878 καὶ
518 2825 847 2894 πιστεύομεν
875 2841 890 2855 ο
956 2825 1096 2894 ὅπερ
1139 2825 1233 2877 καὶ
1283 2823 1621 2876 ἐϐεϐαίωσαν
1654 2823 1704 2875 οἱ
1752 2823 1949 2875 συνελ-

364 2917 552 2993 ΘΑόντες
609 2918 667 2969 ὲν
718 2915 1288 2970 Κωνσταντινουπόλει
1345 2915 1490 2982 ᾶγιοι
1546 2915 1792 2993 ιῙατέρες
1849 2920 1946 2985 ρν’.

2060 1813 2116 1868 in
2149 1813 2342 1868 eadem
2374 1811 2649 1868 sententia
2689 1813 2915 1867 minime
2939 1813 3335 1882 perseveravit.
3369 1813 3475 1869 Sed
3500 1829 3650 1871 nunc

2056 1904 2568 1961 Chalcedonensem
2625 1905 2894 1975 synodum
2945 1904 3049 1959 sub
3113 1905 3464 1961 anathemate
3497 1907 3652 1962 dam-

2057 1999 2269 2052 nabat:
2298 2011 2448 2052 nunc
2479 1998 2815 2068 palinodiam
2849 2012 3074 2064 canens,
3105 1998 3355 2053 eamdem
3388 2000 3649 2056 omnibus

2058 2091 2339 2161 suffragiis
2363 2091 2824 2161 amplectebatur.
2847 2091 3036 2160 Itaque
3080 2091 3371 2160 epistolam
3423 2091 3651 2162 scripsit

2059 2164 2138 2235 ad.
2157 2179 2419 2235 Acacium
2447 2179 3122 2250 ConstantinOpolitanum
3156 2179 3481 2252 antistitem,
3522 2196 3650 2250 qua:

2056 2272 2129 2347 ad
2155 2273 2384 2342 verbum
2415 2272 2495 2327 sic
2539 2272 2706 2326 habet
2747 2289 2761 2326 :
2811 2272 2960 2327 Deus
2998 2272 3312 2330 altissimus
3367 2272 3649 2327 sanctitati

2059 2359 2168 2417 tuae
2205 2362 2518 2418 mercedem
2572 2361 2843 2432 rependet
2887 2356 3197 2431 pro't'antis
3255 2359 3542 2416 laboribus
3583 2375 3648 2417 ac

2058 2452 2347 2520 mblestiis,
2379 2469 2518 2523 quas
2546 2469 2646 2523 per
2677 2461 2757 2508 tot
2779 2467 3054 2511 annorum
3078 2451 3352 2507 curricula
3376 2453 3650 2507 sustinui-

2057 2547 2152 2611 sti,
2185 2555 2502 2602 sanctorum
2557 2547 2780 2601 Patrum
2821 2545 2982 2599 [idem
3018 2560 3357 2601 conservans
3410 2563 3423 2598 :
3480 2559 3647 2614 quam

2058 2639 2284 2711 quidem
2317 2639 2537 2695 assidue
2568 2639 2873 2708 praedicans
2905 2636 3268 2693 conﬁrmasti.
3303 2636 3418 2704 Qua
3442 2635 3499 2692 in
3541 2637 3648 2692 llde

2059 2732 2376 2804 symbolum
2406 2745 2629 2800 quoque
2684 2737 3057 2784 trecentorum
3083 2739 3139 2783 et
3173 2728 3478 2783 octodecim
3520 2743 3635 2784 san.

2060 2833 2272 2879 ctorum
2305 2821 2529 2876 Patrum
2556 2830 2704 2876 recte
2739 2829 2905 2890 atque
2937 2820 3130 2875 ordine
3159 2822 3402 2890 positum
3429 2820 3648 2874 inveni-

2058 2932 2183 2971 mus
2216 2935 2231 2969 :
2271 2916 2325 2970 in
2362 2932 2473 2985 quo
2507 2915 2638 2970 olim
2672 2915 2936 2990 baptizati
2988 2914 3354 2987 credidimus,
3393 2925 3450 2971 et
3498 2930 3649 2971 nunc

379 2985 846 3072 ’Ἆκαταπαύστως
881 3007 1061 3060 τοίνυν
1088 3008 1297 3069 πάντας
1334 3005 1567 3078 ὁδηγῶν,
1591 2986 1810 3076 ἦνωσας
1853 3007 1950 3075 τὴν

2057 3007 2369 3061 credimus:
2400 3006 2548 3075 quod
2571 2985 2792 3076 quidem
2824 3013 2988 3060 etiam
3043 2985 3428 3062 conﬁrmalum
3477 3017 3563 3064 est
3618 3023 3647 3062 a

347 3102 535 3170 ,ἁγίαν
568 3100 663 3154 τοῦ
695 3094 830 3153 Θεοῦ
881 3099 1457 3169 Ἐκκλησίανζπείσας
1491 3101 1639 3168 ἡμᾶς
1667 3098 1759 3151 διὰ
1793 3099 1954 3168 μεγί-

365 3211 513 3247 στων
562 3193 976 3263 ὑποδειγμάτων
1006 3194 1081 3255 ὡς
1124 3191 1275 3244 οὐδέν
1311 3193 1424 3244 ἐστι
1462 3193 1615 3261 παρὰ
1639 3191 1823 3263 ,ταῦτα
1852 3209 1952 3244 πε-

363 3286 684 3355 πραγμένον
714 3287 772 3337 ὲν
802 3287 870 3356 τῇ
914 3284 1194 3356 ἁγιωτάτῃ
1228 3285 1320 3335 καὶ
1358 3279 1711 3352 οἰκούμενικῇ
1746 3284 1951 3354 συνόδῳ

365 3378 434 3446 τῇ
448 3377 504 3427 ὲν
530 3373 831 3444 Καλχηδόνι
861 3373 1152 3445 γενομένῃ,
1173 3370 1567 3442 συμφωνούσης
1588 3375 1683 3425 καὶ
1699 3371 1950 3439 βεϐαιού-

367 3486 470 3539 σης
500 3467 595 3538 (nt)
619 3467 700 3521 τὰ
725 3469 834 3530 τοῖς
865 3469 922 3519 ὲν
971 3466 1179 3535 Νικαία
1225 3465 1404 3532 ἁγίοις
1444 3465 1744 3533 Πατράσιν.
1782 3465 1950 3517 Οὐδὲν

361 3561 476 3630 γὰρ
536 3559 791 3629 εὑρόντες
828 3557 1017 3610 καινὸν
1065 3555 1370 3618 αὐτοτελῶς
1415 3557 1823 3626 συνεστήσαμεν
1854 3557 1950 3610 καὶ

364 3649 838 3718 πεπιστεύκαμεν.
870 3647 1288 3718 Μεμαθήκαμεν
1311 3645 1390 3707 δὲ,
1410 3645 1486 3708 ὡς
1512 3645 1655 3708 τινὲς
1690 3645 1951 3715 μονάζον-

360 3760 457 3806 τες
490 3742 809 3811 φθονοῦντες
836 3744 903 3811 τῇ
945 3739 1105 3810 ἡμῶν
1156 3738 1498 3809 ἀδελφότητι,
1535 3741 1613 3802 εἰς
1653 3739 1751 3802 τὰς
1798 3739 1951 3809 ὑμῶν

360 3834 518 3894 όσίας
565 3831 736 3893 ἁκοὰς
764 3831 1093 3901 εἰσήνεγκαν
1122 3827 1392 3898 λοιδορίας
1427 3831 1601 3893 τινὰς,
1635 3829 1736 3882 οὐκ
1793 3830 1949 3900 εὐχε-

365 3925 479 3997 ρῶς
510 3923 856 3996 μεταγούσας
888 3923 966 3985 είς
981 3921 1168 3995 ¹λύπην
1221 3921 1318 3991 τὴν
1349 3921 1506 3991 ἡμῶν
1532 3920 1803 3990 ὁσιότητα.
1841 3922 1952 3974 Καὶ

361 4017 582 4089 πρῶτον
615 4017 713 4088 μὶν
745 4015 820 4079 ὡς
851 4014 921 4070 τὰ
970 4012 1202 4082 λείψανα
1248 4011 1343 4065 τοῦ
1386 4015 1444 4066 ὲν
1477 4013 1651 4082 ἁγίοις
1684 4013 1760 4086 (6)
1787 4013 1946 4085 ἡμῶν

2059 3105 2281 3153 centum
2313 3109 2369 3152 et
2395 3098 2799 3168 quinquaginta
2823 3094 3030 3152 sanctis
3061 3097 3325 3153 Patribus
3371 3099 3466 3169 qui
3500 3099 3650 3155 Con-

2059 3190 2420 3259 stantinopoli
2450 3198 2853 3245 convenerunt}
2880 3191 2964 3245 Tu
3017 3207 3150 3262 ergo
3191 3193 3310 3247 sine
3355 3178 3652 3249 intermis-

2058 3281 2215 3336 sione
2247 3283 2390 3335 viam
2419 3282 2680 3336 omnibus
2703 3290 3037 3346 monstrans,
3070 3292 3310 3338 sanctam
3333 3284 3429 3338 Dei
3467 3286 3652 3340 Eccle-

2059 3371 2197 3427 siam
2235 3372 2534 3435 adunasti;
2567 3372 2772 3442 quippe
2807 3373 2902 3442 qui
2934 3374 3264 3429 certissimis
3306 3376 3651 3445 argumentis

2058 3463 2221 3518 nobis
2251 3463 2794 3540 persuaseris,nihil
2827 3465 3184 3531 contraham
3222 3476 3406 3521 actum
3441 3483 3564 3522 esse
3593 3469 3648 3523 in

2057 3554 2402 3609 sanctissima
2434 3554 2809 3609 etuniversali
2861 3555 3072 3626 synodo
3127 3571 3249 3624 qua:
3300 3555 3650 3612 Chalcedone

2057 3655 2387 3717 congregata
2433 3655 2551 3702 est:
2583 3656 2776 3734 utpote
2810 3663 2932 3717 quae
2964 3660 3091 3702 cum
3145 3650 3353 3704 sanctis
3391 3649 3652 3706 Pati-ibus

2058 3740 2192 3795 olim
2215 3739 2408 3794 Nicaeae
2442 3737 2690 3795 cdllectis
2721 3739 3064 3804 consentiat,
3097 3754 3400 3810 eorumque
3427 3734 3650 3796 decreta

2059 3833 2370 3888 conﬁrmet.
2403 3831 2540 3888 Cum
2584 3831 2753 3902 igitur
2775 3832 2914 3887 nihil
2943 3832 2996 3885 in
3037 3847 3102 3886 ea
3148 3843 3410 3888 novatum
3448 3834 3648 3905 deprc-

2059 3923 2444 3988 henderimus,
2487 3923 2641 3996 ultro
2668 3938 2734 3978 ac
2774 3931 2971 3993 sponte
2992 3937 3322 3978 consensum
3355 3941 3420 3980 ac
3485 3927 3646 3981 tidem

2056 4017 2108 4071 ei
2133 4015 2693 4077 accommodavimus.
2717 4016 3090 4087 Coguovimus
3113 4025 3297 4073 autem
3349 4020 3648 4076 monachos

1548 4154 1821 4212 VALESII
1874 4155 2440 4214 ANNOTATIONES.

360 4257 628 4315 Ammone
661 4260 714 4308 et
757 4253 968 4309 Joanne
1010 4251 1248 4323 episcopo
1288 4232 1750 4323 Mggileos,_et_.ab
1791 4250 1954 4305 abba-

363 4330 501 4383 tibus
545 4327 920 4380 monachorum
973 4319 1243 4393 inferioris
1303 4319 1518 4393 Egypti
1562 4320 1702 4393 bella
1742 4338 1949 4390 passus,

360 4399 710 4455 et’seditione
741 4398 786 4448 ei
822 4396 875 4448 in
909 4391 1151 4449 Cresarea
1196 4391 1414 4445 basilica
1463 4399 1516 4443 ut
1556 4392 1751 4444 dicitur
1785 4393 1949 4459 facta,

2061 4252 2572 4307 anathematizavit.

2133 4323 2208 4393 (5)
2251 4325 2584 4390 Γεγραφότι
2613 4321 2692 4386 τῷ
2723 4319 2939 4393 Πέτρῳ.
2977 4321 3344 4393 scribendum
3393 4323 3524 4377 mihi
3567 4326 3647 4377 vi-

2059 4392 2604 4466 ἀοι-ιιιῲπεπραχότι.
2655 4393 2836 4466 Atque
2885 4392 2960 4446 ita
3012 4392 3144 4464 legit
3200 4393 3541 4462 Nicephorus
3587 4397 3643 4451 in

363 4411 710 4455 et’seauione
741 4411 785 4448 ei
822 4412 875 4448 in
909 4411 1151 4449 uesarea
1196 4411 1414 4445 oasmca
1463 4411 1516 4443 lu
1556 4411 1751 4444 aicuur
1785 4411 1949 4459 (acra,
2059 4411 2221 4446 σει-ιιι·
2276 4411 2604 4462 πεπραχοτι.

363 4467 839 4537 anathematizan
872 4460 1634 4537 synodum‘CIialcedonensem
1667 4471 1719 4537 et
1755 4470 1955 4537 tomum
1989 4461 2032 4516 Ι)
2065 4478 2184 4537 cap.
2225 4464 2328 4537 i3,
2353 4463 2450 4517 lib.
2493 4479 2606 4537 ut.

364 4554 522 4612 papa:
552 4536 757 4612 geonis.
790 4535 856 4612 Et
882 4532 990 4612 litae
1022 4534 1161 4602 fecit,
1201 4547 1320 4612 cum
1341 4533 1462 4601 jam
1491 4533 1781 4600 scripsisset
1811 4532 1951 4612 Aca-

364 4604 452 4664 cio
486 4617 534 4661 et
563 4605 870 4675 Simplicio,
898 4605 1023 4675 quia
1050 4604 1466 4675 communicator
1506 4618 1686 4655 eorum
1728 4611 1863 4675 esset
1903 4612 1953 4657 et

360 4690 566 4735 sanctis
587 4673 794 4747 synodi.
830 4674 899 4729 Et
912 4673 999 4728 'his
1024 4675 1100 4728 ita
1135 4675 1310 4747 gestis,
1343 4673 1702 4747 abscesserunt
1732 4674 1951 4741 quidam

365 4769 399 4804 a
438 4748 582 4802 Petri
619 4744 1010 4811 communione,
1044 4754 1093 4797 et
1131 4744 1354 4797 Romam
1387 4744 1765 4796 nuntiaverunt
1801 4760 1953 4812 papa:

363 4817 628 4873 Romano.
669 4818 800 4882 Qua:
845 4831 970 4868 cum
1017 4815 1129 4868 sint
1173 4813 1307 4867 satis
1364 4813 1622 4873 obscura,
1668 4817 1741 4866 ita
1787 4829 1955 4883 expo-

365 4889 547 4944 nenda
597 4902 720 4942 esse
771 4884 906 4938 mihi
958 4884 1237 4939 videntur.
1297 4883 1493 4938 Petrus
1546 4883 1794 4952 Mongus,
1824 4899 1951 4939 cum

368 4959 426 5013 in
479 4958 665 5011 sedem
717 4954 1142 5009 Alexandrinam
1201 4954 1359 5023 pulso
1402 4953 1611 5023 J_oanne
1661 4956 1950 5010 restitutus

366 5011 536 5086 esset.
591 5027 773 5096 primo
813 5025 1036 5096 quidem
1075 5011 1505 5096 simulateueéit,
1559 5033 1615 5096 ct
1656 5024 1949 5096 synodicas

364 5094 679 5152 litteras’ad
711 5095 970 5150 Acacium
996 5104 1054 5148 et
1078 5095 1145 5148 ad
1171 5094 1517 5162 Simplicium
1543 5094 1713 5152 misit.
1747 5095 1948 5162 quibus

365 5182 430 5222 se
463 5167 990 5222 communicatorem
1020 5179 1141 5218 esse
1175 5163 1435 5219 Cbalced.
1476 5165 1668 5234 synodi
1715 5166 1955 5218 allirma-

367 5237 484 5292 bat.
524 5238 632 5291 Eos
661 5251 884 5306 quoque
913 5235 1009 5304 qui
1045 5244 1204 5306 erant
1247 5249 1314 5288 ex
1356 5245 1509 5303 parte
1540 5234 1816 5306 Timothei
1858 5236 1954 5288 Sa-

368 5307 632 5371 lofacioli,
680 5303 751 5359 in
796 5303 1265 5359 communionem
1323 5319 1477 5358 suam
1528 5303 1791 5369 admisit,
1875 5307 1954 5359 uti

371 5387 606 5432 testatur
655 5376 965 5430 Liberatus.
1023 5376 1215 5430 PoSLea
1256 5391 1388 5428 vero
1427 5391 1551 5428 cum
1587 5375 1658 5427 ob
1693 5376 1835 5430 hanc
1881 5377 1944 5430 si-

368 5448 727 5502 mulationem
754 5449 1060 5514 exagitatus
1090 5456 1236 5500 esset
1268 5446 1338 5499 ab
1371 5445 1725 5514 Eutycliianis
1764 5459 1955 5500 mona-

367 5518 510 5583 cliis,
536 5517 757 5588 publice
781 5513 1118 5571 inflicclesia
1145 5515 1412 5586 synodum
1446 5513 1952 5571 Chalcedonensem

2133 4534 2210 4600 (4)
2252 4534 2471 4601 Πέτρος
2501 4536 2534 4587 ό
2601 4533 2907 4601 κόθορνος.
2941 4532 3099 4602 Hunc
3127 4535 3311 4589 locum
3345 4533 3538 4602 partim
3575 4551 3642 4591 ex

2059 4602 2393 4673 Nicephoro.
2429 4603 2628 4672 partim
2657 4603 2989 4657 auctoritate
3026 4601 3324 4660 Florentiui
3347 4601 3560 4660 codicis
3587 4618 3646 4662 et

2062 4672 2360 4744 Telleriani
2390 4674 2704 4728 emendavi.
2755 4673 2938 4744 Porro
2973 4673 3041 4726 de
3089 4675 3236 4730 Petri
3273 4675 3492 4744 ingenio
3523 4692 3644 4730 mo-

2062 4743 2156 4797 bili
2196 4759 2260 4798 ae
2291 4744 2680 4804 'l’raudulento.
2734 4743 2879 4797 idem
2929 4750 3162 4798 testatur
3213 4743 3503 4799 Liberatus
3559 4746 3647 4802 liis

2045 4814 2247 4868 verbis
2276 4830 2291 4868 :
2319 4811 2420 4868 Sed
2446 4816 2736 4884 permansit
2769 4813 2955 4885 Petrus
2980 4815 3035 4867 in
3066 4817 3386 4885 episcopatu,
3416 4816 3646 4872 scribens

2062 4885 2255 4955 Acacio
2295 4886 2429 4955 quia
2471 4893 2601 4938 esset
2639 4884 2825 4955 synodi
2855 4884 3291 4949 communicatur,
3349 4896 3399 4938 et
3449 4886 3645 4953 fallens

2055 4954 2447 5009 Alexandrinos
2481 4956 2609 5024 quia
2641 4954 2744 5008 non
2767 4956 3180 5026 communicaret
3199 4956 3397 5026 synodo
3428 4973 3446 5010 :
3482 4957 3558 5010 ita
3587 4967 3646 5012 ut

2056 5025 2272 5092 quidam
2288 5028 2798 5079 communicatornm
2820 5025 2933 5095 ejus
2949 5024 3147 5090 clerici,
3168 5024 3409 5080 monachi
3427 5037 3473 5078 et
3499 5027 3645 5094 laici,

2055 5106 2422 5170 cognoscentes
2456 5098 2570 5170 ej_us
2607 5095 2902 5170 fallaciam,
2953 5098 3320 5170 separauerint
3353 5113 3408 5150 se
3431 5097 3496 5150 ab
3530 5099 3646 5170 ejus

2053 5164 2442 5220 communione.
2480 5164 2552 5220 Et
2593 5176 2742 5219 extra
2785 5164 3034 5238 collectas
3073 5167 3323 5236 facientes
3352 5182 3455 5220 non
3503 5164 3648 5238 passi

2051 5244 2174 5288 sunt
2210 5239 2411 5307 nomini
2443 5238 2558 5307 ejus
2593 5236 3002 5307 communicare.

2127 5308 2200 5375 (5)
2240 5305 2389 5360 ’Υπό
2411 5305 2477 5360 τέ
2503 5310 2726 5361 πόνων.
2753 5305 3117 5360 Scribcndum
3145 5315 3229 5360 est
3251 5306 3445 5375 procul
3474 5305 3646 5362 dubio

2057 5377 2198 5447 ὑπέρ
2221 5394 2280 5430 τε
2309 5378 2508 5430 πόνων.
2544 5378 2650 5432 Pro
2691 5376 2994 5447 ,ἀμείψηται
3032 5376 3456 5447 legendumﬂest
3487 5378 3648 5447 ἀμεί-

2055 5446 2237 5515 ψεται,
2280 5456 2340 5501 ut
2389 5448 2555 5502 habet
2598 5446 2772 5500 codex
2820 5446 3165 5500 Tellerizonus
3203 5456 3260 5500 et
3305 5446 3536 5514 Niceph.

2129 5517 2204 5588 (6)
2242 5518 2335 5584 Ὡς
2359 5519 2429 5570 τὰ
2458 5518 2726 5585 λείψανα
2755 5517 2857 5571 τοῦ
2881 5516 2951 5569 ἐν
2981 5517 3191 5584 ἁγίοις.
3216 5515 3504 5587 Objectuni
3526 5514 3649 5585 qui-

1804 5636 2190 5694 ιἈῐιιοιιυΜ.

439 5730 537 5805 (m)
579 5733 1037 5801 Συμερωνούσης
1069 5732 1164 5787 καὶ
1190 5732 1582 5799 ,Beb'awi'vanc.
1627 5731 1945 5811 Legendum
1986 5733 2354 5809 συμφωνούσῃ
2390 5735 2486 5789 καὶ
2514 5731 2836 5805 βεϐαιούσῃ.
2886 5731 2972 5788 W.
3013 5731 3235 5787 Lownt.
