4076 6336
586 380 719 449 1⁵631

1806 385 2122 446 EVAGRII
2160 382 2643 445 SCIIOLASTICI

3702 381 3850 445 2632

582 493 851 565 quosdam
875 492 1209 550 fraternitati
1242 502 1448 551 nostris
1480 494 1812 558 invidentes,
1836 496 1902 551 ad
1934 496 2164 550 sanctis-

2272 496 2484 566 Πατίὸς
2505 494 2599 549 τοῦ
2626 494 2898 566 μακαρίου
2927 494 3358 566 ἀρχιεπισκόπου
3389 492 3658 564 Τιμοθέου
3717 511 3853 564 μετ-

582 589 750 640 simas
780 597 944 638 aures
999 592 1213 639 vestras
1260 586 1511 655 quaedam
1572 584 1836 640 detulisse
1885 585 2156 651 convicia,

582 694 706 749 qua:
737 676 1085 733 sanctitatem
1115 684 1263 731 tuom
1310 677 1456 731 baud
1508 676 1669 732 facile
1722 677 2013 732 adversum
2060 692 2161 731 nos

583 770 862 825 concitare
900 776 1222 837 potuerunt.
1272 769 1518 823 Primum
1545 770 1768 839 quidem
1802 770 1950 838 quod
1986 769 2161 822 sancti

581 859 757 914 Patris
780 858 1032 914 nostriet
1062 859 1490 929 archiepiscopi,
1527 860 1671 915 beati
1711 860 1984 914 Timothei
2037 860 2165 914 reli-

581 952 739 1022 quias
759 954 931 1010 alium
964 956 1019 1009 in
1055 953 1237 1008 locum
1260 954 1723 1009 transtulerimus.
1754 953 1908 1020 Quod
1938 954 2163 1023 quidem

583 1042 815 1109 facinus,
843 1062 949 1103 nec
976 1049 1087 1103 Deo
1129 1056 1414 1117 acceptum
1466 1062 1569 1101 nec
1628 1047 1840 1117 legibus
1878 1055 2167 1103 consenta-

583 1150 750 1190 neum
775 1138 935 1210 351
973 1149 1080 1195 est.
1114 1140 1324 1196 Deinde
1348 1141 1412 1194 ad
1447 1142 1676 1195 alterum
1706 1140 1916 1197 crimen
1970 1141 2169 1195 transi-

586 1227 750 1295 liunt,
780 1233 927 1302 quod
962 1249 1063 1287 nec.
1089 1233 1394 1287 verisimile
1431 1241 1534 1296 est,
1568 1241 1625 1285 et
1656 1234 1841 1301 priore
1874 1232 1969 1288 illo
2006 1233 2168 1303 longe

587 1319 841 1378 deterius
889 1325 1127 1379 videtur.
1164 1324 1284 1389 Quo
1324 1324 1473 1377 enim
1530 1324 1695 1377 modo
1730 1334 1972 1378 sanctam
2009 1323 2170 1378 Chal-

587 1416 957 1469 ccdonensem
1007 1415 1275 1484 synodum
1337 1414 1805 1468 anathematizare
1866 1414 2167 1482 potuimus,

587 1506 676 1559 cui
710 1504 1073 1564 credidimus,
1125 1514 1181 1558 et
1233 1520 1398 1574 quam
1443 1504 1928 1559 conﬁrmavimus?
1981 1505 2172 1573 Neque

586 1612 719 1650 vero
744 1596 982 1666 ignoras,
1003 1605 1061 1648 ut
1084 1596 1345 1660 arbitror,
1372 1612 1476 1651 nec
1496 1604 1643 1650 tuam
1670 1597 1803 1650 latet
1824 1596 2169 1650 sanctitatem

586 1698 791 1759 quanta
818 1688 1186 1741 sitmmulatio
1226 1702 1290 1741 ac
1336 1687 1531 1741 levitas
1575 1687 1904 1756 populorum
1954 1696 2173 1741 nostro-

589 1794 733 1841 rum,
759 1786 813 1833 et
840 1779 1239 1832 monachorum
1268 1777 1426 1831 novis
1460 1777 1624 1831 rebus
1654 1777 2019 1831 studentium.
2066 1777 2171 1842 Qui

2262 588 2571 657 ηνέγκαμεν
2625 588 2703 649 εἰς
2746 588 2933 657 ἕτερον
2969 588 3154 641 τόπον.
3213 588 3391 658 Ὅπερ
3430 587 3664 657 πρᾶγμα
3721 584 3853 639 οὔτε

2262 678 2401 749 Θεῷ,
2430 677 2551 731 οὕτε
2601 678 2785 747 νόμοις
2828 679 3039 747 πρέπον
3087 681 3223 733 ἐστι,
3266 680 3375 734 Καὶ
3404 681 3497 732 ἐπὶ
3524 678 3739 741 τούτοις
3767 680 3847 734 εις

2263 769 2451 840 ἕτερον
2507 769 2889 839 μετεπήδησαν
2944 769 3245 823 ἀσύστατον
3308 772 3402 824 καὶ
3446 768 3541 823 τοῦ
3575 769 3853 839 προτέρου

2265 864 2467 932 χεῖρον.
2497 861 2618 923 Πῶς
2650 860 2758 929 γὰρ
2788 860 3211 931 ἀναθεματίζειν
3243 862 3465 931 εἴχομεν
3492 860 3592 929 τὴν
3621 862 3677 911 ἐν
3702 857 3855 911 Καλ-

2266 954 2451 1026 χηδόνι
2476 953 2637 1021 ἁγίαν
2665 953 2883 1007 σύνοδον
2983 939 3368 1017 πιστεύσαντες
3399 953 3812 1021 ὲϐεϐαιὼσαμεν
3838 970 3851 1005 :

2268 1046 2383 1097 Ούκ
2416 1048 2689 1113 ἀγνοεῖται
2719 1046 2795 1110 δὲ,
2819 1046 2939 1098 οὐδὲ
2967 1045 3161 1116 ὶέληθε
3199 1050 3298 1114 τὴν
3346 1046 3501 1115 ὑμῶν
3541 1045 3857 1114 θεοφίλειαν

2268 1137 2375 1191 τῶν
2432 1138 2561 1207 παρ’
2584 1139 2718 1207 ἡμῖν
2756 1137 2903 1191 λαῶν
2934 1139 2962 1190 ὀ
2996 1139 3154 1207 ζῆλος
3180 1180 3193 1204 ,
3228 1140 3323 1191 καὶ
3370 1140 3403 1208 ὴ
3470 1138 3727 1207 ἐλαφρῐα,
3755 1140 3857 1190 καὶ

2269 1228 2376 1281 τῶν
2401 1229 2744 1298 νεωτερίζειν
2767 1229 3065 1282 ἔθελόντων
3094 1230 3457 1299 μοναζόντων,
3498 1230 3698 1291 οἵτινες
3751 1245 3855 1296 με-

2272 1316 2598 1384 λετήσαντες
2652 1316 2768 1387 ἃμα
2812 1317 2953 1370 τισὶν
3008 1317 3347 1380 ἐθελοκάκοις
3378 1318 3475 1387 τῆς
3526 1316 3859 1385 Ἐκκλησίας

2272 1412 2730 1478 αποσκιρτήσασι,
2794 1412 2922 1471 τοὺς
2971 1408 3133 1470 λαοὺς
3184 1410 3439 1478 ἀποσπᾷν
3487 1407 3857 1477 ἐπιχειροῦσι,

2270 1499 2384 1551 Καὶ
2409 1499 2495 1551 διὰ
2534 1499 2643 1551 τῶν
2681 1499 2960 1569 ὑμετέρων
2993 1500 3167 1569 εὐχῶν
3194 1500 3549 1567 ἐσκεψάμεθα
3592 1500 3749 1566 λόγον
3777 1498 3858 1568 (7)

2274 1588 2568 1657 θεραπείας
2635 1590 2917 1658 ἐχόμενον,
2948 1590 3114 1662 μηδὲν
3175 1591 3480 1658 βλάπτοντα
3543 1592 3641 1659 τὴν
3690 1590 3858 1657 ἀγῖαν

2276 1678 2491 1732 σύνοδον
2523 1681 2620 1749 τὴν
2651 1682 2707 1733 ὲν
2746 1680 3069 1750 Καλχηδόνι,
3095 1674 3294 1744 εἰδότες
3318 1681 3468 1733 οὐδὲν
3495 1681 3678 1733 καινὸν
3712 1680 3858 1750 ἔχειν

2275 1770 2414 1840 αὐτῇ
2450 1773 2856 1841 πεπραγμένον.
2889 1772 2997 1824 Καὶ
3026 1773 3162 1846 πρὸς
3192 1772 3568 1842 πεισμοσύνην
3597 1772 3707 1825 τῶν
3730 1774 3861 1825 ἀκε-

587 1869 971 1938 conjuratione
1040 1868 1182 1922 facta
1264 1880 1389 1921 cum
1475 1864 1806 1934 quibusdam
1886 1865 2164 1918 malevolis

2282 1858 2450 1929 ραίων
2472 1860 2566 1911 καὶ
2609 1860 2923 1928 ἀπολογίαν,
2961 1863 3086 1924 τοὺς
3126 1862 3580 1924 ὲπισυνεὶθόντας
3612 1862 3745 1929 ἡμῖν
3777 1859 3855 1928 (8)

589 1956 915 2010 hominibus
947 1956 1041 2024 qui
1070 1955 1137 2009 ab
1180 1954 1425 2008 Ecclesia
1488 1960 1859 2016 recesserunt,
1908 1952 2171 2021 populum

589 2063 778 2101 secum
832 2048 1071 2101 avellere
1129 2055 1421 2101 conantur.
1486 2045 1556 2099 At
1611 2059 1710 2097 nos
1758 2041 2176 2113 precationibus

586 2140 790 2193 vestris
834 2138 1032 2209 adjuli,
1086 2137 1356 2191 rationem
1411 2133 1846 2204 excogitavimus
1888 2148 2009 2200 quze
2045 2131 2176 2186 huic

588 2230 735 2283 malo
804 2230 1155 2293 mederetur;
1221 2242 1323 2281 nec
1379 2233 1623 2281 sanctam
1670 2223 2174 2281 Chalcedonensem

585 2321 854 2391 synodum
881 2322 1159 2375 ullatenus
1179 2318 1481 2374 oﬂ‘enderet
1504 2336 1518 2384 ;
1538 2316 1741 2387 quippe
1771 2316 1865 2386 qui
1903 2315 2167 2379 sciamus,

584 2414 720 2468 nihil
750 2414 806 2467 in
840 2429 903 2468 ea
930 2413 1058 2467 novi
1093 2420 1305 2483 gestum
1333 2426 1475 2466 esse.
1524 2410 1701 2479 Atque
1737 2416 1795 2461 ut
1852 2404 2154 2476 persuade-

2275 1947 2432 2003 τοῦτο
2461 1948 2638 2017 λέγειν
2684 1952 3086 2023 πεποιήκαμεν.
3123 1952 3232 2005 Καὶ
3261 1952 3419 2004 τοῦτο
3445 1952 3542 2021 μὲν
3574 1951 3648 2020 (9)
3688 1950 3859 2011 πολὺς

2275 2040 2583 2108 γενόμενος,
2616 2042 2828 2111 ταχέως
2871 2042 3142 2096 ἐκώλυσα.
3182 2043 3441 2113 Γνωρῖζω
3488 2042 3543 2094 δὲ
3586 2045 3649 2112 τῇ
3700 2041 3858 2110 ὑμῶν

2274 2132 2573 2204 ἁγιωσύνῃ,
2600 2133 2675 2197 ὡς
2696 2135 2788 2187 καὶ
2816 2133 2975 2204 μέχρι
3004 2134 3099 2187 νῦν
3123 2135 3184 2187 οὐ
3210 2135 3473 2187 παύονται
3498 2134 3547 2187 οἱ
3591 2133 3661 2185 τὰ
3701 2132 3859 2197 ζιζάσ-

2277 2240 2365 2275 νια
2395 2224 2715 2294 σπείροντες
2753 2226 2837 2277 ἀεὶ
2868 2223 3214 2294 μονάζοντες,
3238 2226 3442 2299 ὄργανα
3467 2226 3674 2285 ἑαυτοῖς
3700 2226 3861 2290 ἐγκα-

2276 2314 2606 2384 ταμίξαντές
2653 2334 2817 2370 τινων
2864 2318 3241 2388 μοναστηρίων
3268 2317 3380 2388 (10)
3416 2316 3546 2369 ποτὲ
3597 2316 3669 2385 μὴ
3702 2317 3858 2385 οἰκη-

2265 2406 2493 2473 σάντων,
2536 2409 2631 2461 καὶ
2666 2409 3047 2480 περιέρχονται
3087 2410 3275 2480 φήμας
3322 2408 3639 2479 θρυλοῦντες
3668 2406 3857 2477 διαφύ-

1769 2546 2044 2602 VALESll
2114 2543 2669 2604 ANNOTATIONES.

584 2670 707 2723 dem
740 2668 845 2724 sibi
889 2668 1025 2724 dicit
1059 2669 1163 2722 hoc
1193 2668 1402 2722 crimen
1436 2666 1679 2734 Mougus,
1723 2661 1866 2732 quod
1900 2659 2160 2734 reliquias

584 2740 857 2794 Timothei
904 2739 1214 2793 Salol‘acioli
1248 2738 1301 2791 in
1332 2737 1499 2791 alium
1554 2732 1732 2787 locum
1764 2732 2154 2786 transtulisset.

584 2809 689 2865 Sed
723 2810 773 2863 id
809 2810 1011 2864 factum
1045 2824 1145 2863 nec
1188 2815 1433 2870 excusat,
1468 2820 1571 2859 nec
1606 2814 1796 2873 negat;
1832 2802 1936 2855 hoc
1981 2802 2157 2855 solum

581 2880 765 2933 dicere
799 2888 1108 2939 contentus,
1146 2877 1289 2931 istud
1314 2878 1525 2930 facinus
1545 2890 1727 2929 coram
1759 2874 1869 2927 Deo
1894 2879 1949 2925 et
1973 2886 2157 2925 coram

583 2950 901 3003 hominibus
958 2949 1185 3017 impium
1234 2962 1373 3001 esse.
1431 2945 1642 3017 Quippe
1696 2944 1948 3017 humana:
2005 2942 2158 3017 leges

582 3020 960 3091 sepulcrgrum
1018 3009 1317 3091 violatores
1381 3009 1931 3091 gravitermuniunt.
1998 3009 2159 3091 Certe

582 3081 772 3145 Victor
788 3088 1141 3142 Tuuonensis
1165 3088 1217 3139 in
1243 3081 1497 3141 Chronico
1520 3084 1587 3137 de
1610 3081 1803 3153 illongo
1824 3084 1901 3153 ita
1931 3081 2155 3153 scribit:

590 3177 608 3244 ε
646 3160 774 3213 Post
797 3160 1143 3244 consulatum
1182 3157 1420 3237 Zenonis
1455 3150 2160 3244 tertinmAqu‘i-copiosum
2190 3184 2234 3244 ο

583 3228 781 3301 favore
797 3228 1035 3301 Zenonis
1052 3227 1337 3301 principis,
1364 3224 1631 3301 synodum
1659 3221 2161 3301 (_3_halcedouensem

584 3299 653 3352 de
675 3299 906 3373 pulpito
930 3291 1372 3373 coraiu‘populis
1390 3291 2161 3373 damnataNominafroterii

584 3314 653 3352 ae
734 3314 906 3367 tllpllO
930 3314 1114 3351 coram
1146 3314 1363 3366 popuns
1390 3314 1633 3349 Gallinat.
1664 3314 1897 3347 nonulla
1930 3314 2161 3344 rrUtcru

583 3378 640 3421 et
675 3314 950 3422 'lpimothei
986 3366 1309 3421 Salalatiatii
1341 3365 1410 3419 de
1451 3362 1843 3418 ecclesiasticis
1888 3360 2165 3431 diptychis

584 3438 755 3504 tollit;
797 3448 853 3492 et
893 3437 1139 3492 Dioscori
1175 3445 1232 3490 et
1264 3436 1462 3495 Eluri,
1510 3434 1603 3502 qui
1651 3432 1958 3504 Protorium
1988 3431 2162 3504 inter-

582 3500 982 3588 teei_t,'_scrib.it.
1006 3525 1019 3559 :
1066 3521 1375 3588 corpusque
1417 3500 1711 3588 Timothei,
1727 3501 2066 3588 Salutatiat‘ii‘
2084 3500 2162 3588 de

581 3579 813 3632 ecclesia
861 3580 1111 3648 ejiciens,
1164 3571 1217 3629 in
1264 3571 1384 3630 loco
1427 3573 1835 3648 desertoloras
1881 3571 2162 3648 civitatem

583 3649 834 3717 projecit.
869 3641 1066 3703 fidem
1102 3662 1325 3715 quoque
1362 3653 1595 3717 testatur
1620 3644 1913 3717 Liberatus
2030 3641 2163 3694 Bre~

581 3712 772 3781 eiafio,
792 3734 913 3787 cap.
946 3719 1029 3782 l8,
1053 3712 1138 3770 his
1160 3712 1341 3770 verbis
1365 3733 1376 3769 :
1404 3734 1421 3765 ‹
1450 3714 1555 3769 Sed
1592 3725 1648 3787 et
1679 3714 1899 3787 Petrum
1929 3712 2164 3787 Alexan-

582 3788 801 3842 drinum
835 3782 1393 3843 a'natheinatizantem
1441 3785 1712 3855 synodum
1744 3782 2163 3855 Qhalcedonen-

584 3872 699 3911 sem
739 3867 795 3913 et
824 3868 1031 3911 tomum
1065 3872 1216 3926 papae
1255 3851 1484 3917 Leonis;
1522 3855 1646 3926 qui,
1671 3853 1889 3926 sublato
1914 3851 2162 3926 nomine

584 3928 818 3982 Proterii
844 3938 900 3983 et
918 3922 1195 3982 Timothei
1218 3926 1474 3980 catholici
1506 3922 1573 3979 de
1597 3924 1891 3995 diptychis,
1914 3922 2161 3995 Dioscori

580 4007 639 4051 et
682 3999 955 4054 Timothei
1001 3996 1176 4051 [Eluri
1208 3996 1429 4049 nomina
1470 3995 1692 4064 scripsit
1722 3993 1745 4047 ἦε
1786 3994 1880 4063 qui
1914 3993 2159 4064 ejusdem

583 4068 858 4123 Timothei
893 4068 1151 4124 catholici
1177 4082 1377 4136 corpus
1403 4066 1469 4121 de
1499 4062 1645 4120 terra
1680 4062 1898 4128 levavit,
1928 4072 1982 4117 et
2014 4062 2162 4136 foras

624 4140 837 4208 rojeeit,
886 4140 979 4209 qui
1024 4139 1169 4192 inter
1232 4132 1522 4209 episcOpos
1562 4136 1864 4190 cathoiieos
1911 4132 2161 4209 sepultus

624 4154 837 4208 rejecit,
886 4156 979 4209 qui
1024 4154 1169 4192 mle
1232 4154 1522 4205 eplSCOpOS
1562 4154 1864 4190 cauioncos
1911 4154 2159 4201 SBPUIIUS

582 4154 783 4271 Fuerat,
812 4209 970 4263 miris
998 4224 1124 4262 eum
1148 4208 1399 4261 laudibus
1428 4216 1754 4275 prosecutus
1792 4212 1879 4259 est
1906 4203 2159 4269 Aeacius,

582 4278 651 4332 de
674 4294 783 4347 quo
805 4295 865 4333 se
885 4288 1032 4332 tanta
1054 4278 1284 4333 crimina
1303 4286 1461 4330 antea
1488 4278 1817 4347 meminerat
1839 4275 2113 4347 retulisse.
2136 4294 2153 4324 ι

582 4345 827 4417 Denique
850 4349 1002 4403 Felix
1023 4364 1182 4419 papa,
1209 4349 1261 4400 in
1291 4346 1567 4419 sententia
1584 4345 1947 4419 damnationis
1968 4345 2159 4419 adver-

582 4433 678 4471 sus
718 4415 1000 4478 Acacium.
1024 4415 1278 4487 'idipsum
1312 4417 1521 4471 diserte
1558 4415 1860 4487 continuat
1893 4433 1905 4467 :
1960 4415 2160 4487 utjam

582 4487 651 4542 de
695 4488 860 4558 hujus
909 4486 1169 4544 facinoris
1210 4489 1441 4542 veritate
1475 4486 1716 4558 dubitari
1749 4500 1865 4558 non
1896 4486 2089 4554 possit.

658 4559 733 4627 (7)
771 4555 1201 4628 ’Ἑσκεψάμεθα
1227 4560 1433 4626 λόγον.
1468 4557 1630 4611 Varie
1673 4557 1822 4611 hunc
1853 4555 2034 4628 locum
2063 4569 2158 4628 ex-

580 4625 894 4699 posuerunt
941 4625 1287 4698 interpretes.
1314 4625 1461 4682 Nam
1498 4628 1776 4683 Masculus
1810 4625 2033 4695 quidem
2085 4627 2159 4699 ita

578 4697 782 4751 {vertitz
816 4697 1098 4753 Libellum
1138 4699 1465 4752 considerate
1514 4698 1966 4761 concinnavimus,
2032 4697 2163 4749 mali

582 4769 737 4839 hujus
787 4769 1045 4823 medelam
1089 4768 1949 4837 habentem;Christophorsouus
1980 4775 2163 4820 autem

583 4839 688 4893 hoc
729 4839 920 4893 modo:
950 4839 1177 4893 Litteras
1226 4840 1379 4892 hasce
1414 4840 1845 4907 excogitarimus,
1882 4853 1998 4907 qua:
2048 4839 2164 4890 huic

583 4855 688 4893 nec
729 4855 920 4893 moao:
950 4855 1177 4893 Litteras
1226 4855 1379 4892 hasce
1414 4855 1845 4907 excoguaramus,
1918 4855 1998 4893 ua:
2048 4855 2163 4890 nuic

582 4910 723 4963 malo
758 4911 987 4963 remedio
1013 4912 1138 4964 sint.
1168 4910 1405 4964 Joannes
1437 4923 1571 4961 vero
1596 4908 1830 4978 Langus,
1868 4855 2163 4976 lgiceplmri

580 4981 857 5049 interpres
884 4981 957 5033 ita
990 4980 1287 5034 transtulit.
1321 4980 1396 5033 lle
1421 4978 1731 5042 deliberata,
1762 4980 2020 5032 rationem
2049 4994 2165 5047 qua:

582 5050 778 5107 mederi
830 5050 971 5103 malo
1011 5051 1307 5104 imminenti
1355 5056 1547 5114 posset,
1591 5050 1904 5103 invenimus.
1957 5050 2034 5102 Ex
2077 5049 2164 5103 his

583 5122 763 5175 tribus
796 5121 1367 5190 interpretationilms,
1415 5120 1657 5173 secunda
1688 5119 1910 5190 quidem
1943 5118 2165 5188 penitus

583 5190 891 5260 respuenda
917 5189 1038 5245 est:
1070 5193 1243 5260 prima
1270 5200 1452 5245 autem
1475 5204 1538 5242 ac
1570 5190 1729 5244 tertia
1753 5189 1881 5242 ferri
1913 5201 2159 5259 possunt.

579 5261 936 5315 t'Imumodius
981 5272 1163 5315 tamen
1202 5260 1337 5314 mihi
1386 5260 1627 5325 videtur,
1665 5260 1821 5325 λόγον
1852 5260 2162 5314 orationem

583 5333 956 5401 interpretari,
1023 5347 1117 5385 seu
1175 5346 1483 5386 sermonem
1538 5330 1603 5383 ad
1658 5331 1945 5399 pepulum,
2000 5346 2162 5399 quem

582 5403 777 5455 l’ctrus
809 5403 999 5455 habuit
1029 5403 1082 5455 in
1119 5403 1364 5457 Ecclesia
1404 5410 1533 5454 tunc
1563 5415 1685 5453 cum
1729 5408 1846 5453 acta
1899 5401 2164 5455 ecclesia-

582 5474 717 5526 stica
754 5474 949 5525 conlici
978 5473 1143 5543 jussit
1176 5488 1360 5527 coram
1402 5470 1595 5539 legatis
1622 5472 1828 5537 Acacii,
1863 5470 1929 5527 de
1958 5472 2165 5542 quibus

581 5558 743 5612 supra
786 5545 1001 5596 loculus
1035 5552 1119 5597 est
1164 5543 1451 5611 Evagrius.

654 5613 727 5683 (8)
776 5614 922 5678 Τοὺς
947 5614 1463 5683 ἑπισυνελθύντςις
1488 5612 1651 5679 ἡμῖν.
1683 5614 1923 5669 Joannes
1945 5612 2165 5681 Langus

582 5682 725 5735 lunae
778 5684 957 5736 locum
1002 5685 1075 5736 ita
1118 5685 1322 5737 vertit:
1363 5682 1595 5735 Ferimus
1634 5695 1688 5736 ut
1735 5686 1797 5735 ab
1844 5686 1906 5736 iis
1943 5684 2030 5752 qui
2071 5700 2166 5735 no-

583 5755 775 5806 biscum
813 5764 1092 5806 conuentus
1138 5762 1322 5821 agunt,
1365 5755 1467 5805 ista
1514 5754 1830 5807 dicerentur.
1888 5753 2164 5806 Musonius

583 5838 713 5877 vero
760 5825 833 5879 sic
892 5824 1304 5892 interprc:amr.
1358 5824 1457 5877 tios
1505 5826 1593 5891 qui
1647 5832 1713 5878 aa’
1754 5842 1845 5879 nos
1888 5833 2157 5888 venerunt,

2268 2666 2362 2719 hoc
2415 2668 2555 2720 idem
2604 2668 2778 2721 dicere
2832 2668 3068 2735 fecimus.
3130 2666 3616 2735 Christophorsnni
3671 2679 3855 2724 autent

2267 2735 2653 2806 interpretatio
2673 2739 2750 2807 sic
2782 2737 2979 2791 habet:
3008 2738 3135 2791 Tum
3159 2746 3215 2789 ut
3238 2738 3317 2791 illi
3337 2740 3425 2807 qui
3460 2738 3724 2791 nobiscum
3750 2757 3858 2793 una

2268 2808 2669 2878 accersebautur
2712 2806 2815 2878 [sic
2873 2808 3095 2876 quidem
3124 2808 3258 2863 edit.
3295 2810 3468 2878 Paris.
3509 2817 3639 2876 puto
3670 2819 3855 2865 tamen

2267 2876 2540 2932 Valesium
2586 2876 2869 2945 scripsisse
2900 2879 3327 2932 accensebantur.
3366 2877 3856 2947 Christophorsoni

2266 2947 2489 3016 quidem
2522 2948 2902 3015 interpretatio
2933 2948 3085 3016 juxta
3115 2948 3411 3003 editionem
3452 2947 3684 3013 Coloss.,
3712 2965 3858 3002 anno

2269 3018 2432 3080 1612,
2494 3017 2719 3071 exhibet
2773 3018 3166 3089 versabantur],
3216 3035 3310 3083 pro
3367 3018 3667 3085 defensione
3719 3021 3857 3072 idem

2267 3088 2443 3155 ipsum
2480 3090 2731 3152 dicerent,
2780 3089 3057 3211 egerimus.
3088 3089 3332 3142 Verbum
3380 3089 3545 3157 igitur
3570 3089 3857 3142 ὲπισυνελ-

2267 3156 2460 3211 θόντας
2504 3157 2643 3211 nihil
2686 3158 2793 3210 aliu
2880 3157 3189 3211 significare
3230 3160 3637 3211 existimarunt.
3688 3173 3855 3211 quam

2267 3156 2460 3219 θόντας
2504 3157 2643 3211 nihil
2686 3156 2834 3228 aliud
2880 3157 3189 3227 significare
3230 3156 3639 3228 existimarunt,
3688 3173 3855 3228 quam

2273 3228 2646 3289 συνελθόντας.
2694 3227 2808 3297 Ego
2847 3243 2979 3281 vero
3016 3244 3115 3297 per
3161 3244 3351 3283 vocem
3404 3227 3858 3290 ὲπισυνελθόντας

2272 3298 2508 3367 intelligi
2557 3306 2692 3365 puto
2736 3297 2970 3353 clericos
3021 3307 3078 3352 et
3130 3299 3296 3353 laicos
3357 3297 3529 3367 partis
3578 3297 3856 3354 Timothei

2272 3368 2606 3439 §alofaeioli,
2644 3368 2738 3437 qui
2778 3370 3051 3439 aggregati
3091 3380 3251 3422 erant
3284 3368 3433 3439 Pero
3474 3368 3670 3438 Mongo
3697 3370 3855 3439 jussu

2271 3438 2507 3509 Zenonis
2568 3438 2820 3509 Augusti.
2871 3438 3003 3492 Nam
3058 3439 3358 3508 imperator
3401 3438 3550 3492 Zeno
3584 3438 3749 3492 suasu
3800 3446 3856 3493 et

2271 3508 2506 3579 consilio
2552 3508 2758 3579 Acacii,
2804 3509 3101 3577 scripserat
3150 3509 3774 3579 Apollonlo_Augustali
3802 3516 3858 3565 et

2272 3578 2555 3648 Pergamio
2603 3578 2751 3643 duci,
2800 3586 2858 3631 ut
2886 3580 3158 3648 pellerent
3183 3577 3407 3647 quidem
3452 3577 3717 3632 Joannem
3755 3579 3858 3634 Ta-

2272 3647 2453 3709 laiam,
2487 3647 2927 3703 inthronizareut
2960 3657 3141 3702 autem
3168 3650 3415 3712 Petrum,
3462 3650 3854 3718 suscipientem

2272 3718 2577 3773 llenoticon
2607 3728 2663 3772 ct
2690 3719 2919 3773 clericos
2951 3719 3225 3773 Timothei
3264 3718 3542 3782 catholici,
3575 3730 3635 3775 ut
3662 3720 3857 3774 scribit

2269 3788 2566 3868 Liberatus
2600 3790 2654 3842 in
2696 3788 2989 3868 Breuiario.
3030 3804 3150 3868 cap.
3192 3790 3279 3843 18.
3324 3788 3659 3868 Ξονὶρβρτοι.
3686 3790 3855 3843 etiam

2271 3805 2566 3851 Mneratus
2600 3805 2654 3842 in
2696 3805 2989 3850 memoria.
3030 3805 3150 3911 car.
3192 3805 3279 3843 ιδ.
3324 3805 3633 3868 δονιρδρτιιι
3686 3805 3850 3843 etiam

2271 3858 2420 3912 Zeno
2466 3859 2678 3916 litteras
2712 3857 2779 3913 ad
2810 3858 3032 3913 Petrum
3064 3858 3091 3911 λ
3117 3874 3342 3925 ongum,
3375 3859 3579 3925 quibus
3611 3858 3660 3913 ei
3692 3875 3850 3913 man-

2270 3928 2456 3992 dabat,
2489 3900 2546 3983 iit
2568 3930 2799 3983 clericos
2819 3929 2990 3997 partis
3016 3900 3289 3983 Timotirei
3323 3900 3425 3997 ipsi
3444 3929 3855 3985 consentientes

2270 4000 2597 4068 susciperet,
2633 3999 3095 4066 quemadmodum
3134 3999 3276 4053 idem
3309 3998 3599 4051 Liberatus
3621 3998 3855 4055 aﬂirmat

2270 4069 2357 4122 bis
2404 4069 2636 4138 verbis:
2667 4068 2731 4121 Et
2754 4070 2963 4138 quidem
3001 4070 3185 4122 Petrus
3217 4069 3610 4121 inthronizatur
3646 4070 3710 4123 ab
3736 4086 3851 4124 om-

2272 4139 2445 4191 nibus.
2489 4137 2757 4209 Scriptum
2792 4147 2864 4191 est
2890 4138 2957 4190 ab
3002 4140 3342 4208 imperatore,
3376 4148 3434 4191 ut
3469 4141 3851 4193 consentientes

2267 4211 2554 4276 susciperet
2602 4226 2685 4261 eos
2716 4209 2805 4277 qui
2847 4218 3001 4262 erunt
3037 4226 3070 4261 (ι
3109 4219 3261 4279 parte
3292 4209 3544 4263 Timothei
3589 4210 3848 4263 catholici.

2269 4279 2326 4333 Id
2355 4287 2457 4343 est,
2487 4288 2594 4334 tam
2620 4280 2870 4342 clericos,
2899 4294 3061 4347 quam
3087 4278 3274 4344 laieos,
3298 4280 3388 4348 qui
3416 4279 3652 4333 Zenonis
3672 4278 3852 4336 edicto

2267 4350 2586 4405 consentire
2609 4348 2934 4402 voluissent.
2970 4350 3077 4404 llos
3105 4350 3293 4419 igitur,
3320 4364 3447 4403 cum
3479 4350 3851 4406 ecclesiastica

2268 4426 2388 4473 acta
2413 4420 2709 4489 conﬁceret
2732 4419 2927 4489 Petrus
2960 4419 3208 4487 Mongus,
3258 4420 3465 4489 quibus
3490 4420 3688 4474 Aeacio
3716 4436 3848 4488 pro-

2271 4490 2425 4544 baret
2465 4505 2521 4543 se
2552 4488 3060 4561 Chalcedonensem
3094 4489 3360 4561 synodum
3385 4505 3675 4561 nunquam
3696 4491 3851 4545 dam-

2268 4575 2447 4622 nasse,
2492 4568 2657 4613 testes
2700 4559 2976 4629 adhibuit,
3024 4559 3264 4629 fecitque
3306 4568 3366 4613 ut
3401 4559 3716 4614 testimonio
3751 4575 3850 4615 suo

2265 4631 2678 4692 confirmarent,
2723 4628 3234 4700 Chalcedonensem
3272 4631 3540 4700 synodum
3571 4645 3851 4699 nunquam

2267 4700 2499 4770 aPetro
2546 4700 2714 4754 fuisse
2755 4700 3089 4753 damnatam.
3139 4699 3340 4754 Eorum
3398 4716 3565 4770 porro
3601 4702 3849 4755 testimo-

2268 4769 2418 4823 nium
2459 4770 2569 4845 ﬁde
2604 4770 2829 4845 dignum
2867 4770 3293 4845 _vid_el_1atur,_eo
3327 4769 3472 4845 quod
3523 4771 3852 4845 fuisse-nteit

2267 4849 2421 4909 parte
2459 4840 2733 4895 Timothei
2776 4839 3055 4899 catholici,
3106 4839 3200 4909 qui
3247 4839 3515 4909 synodum
3549 4840 3851 4895 Chalcedo-

2267 4901 2498 4980 iiensem
2543 4918 2814 4980 perpetuo
2867 4901 3209 4965 defenderat.
3256 4901 3393 4963 Vide
3446 4920 3626 4980 caput,
3659 4911 3745 4971 16,
3798 4911 3850 4964 iu

2269 4979 2397 5045 line,
2429 4997 2495 5035 ex
2526 4979 2795 5049 quoiluec
2822 4980 3177 5051 intelligenda
3210 4992 3382 5051 sunt.
3418 4981 3493 5035 De
3516 4979 3723 5051 iisdem
3766 4980 3849 5035 lo-

2269 5051 2458 5121 quitur
2478 5052 2629 5106 Felix
2657 5066 2798 5121 papa
2816 5051 2871 5105 in
2900 5049 3171 5121 sententia
3193 5050 3560 5105 damnationis
3588 5049 3853 5105 adversus

2317 5121 2550 5188 cacium,
2596 5119 2693 5176 ubi
2731 5119 2852 5175 ait:
2887 5119 3024 5185 Quid
3054 5122 3193 5174 enim
3242 5132 3361 5174 sunt
3398 5121 3566 5180 aliud,
3608 5122 3697 5190 qui
3734 5128 3844 5188 post

2269 5191 2465 5246 obitum
2495 5203 2693 5247 sanctae
2725 5193 2990 5247 memoria:
3025 5192 3298 5257 Timothei,
3338 5191 3408 5244 ad
3441 5191 3732 5245 Ecclesium
3758 5192 3848 5245 sub

2268 5261 2424 5315 Petro
2472 5264 2712 5327 redeunt,
2755 5273 2861 5317 etc.

2339 5332 2415 5403 (9)
2452 5334 2561 5388 Καὶ
2595 5334 2771 5387 τοῦτο
2791 5333 2925 5403 μέν.
2972 5331 3045 5403 ω
3070 5329 3427 5403 οειηεῐὶηιρη
3460 5330 3593 5385 illud
3636 5330 3789 5403 quod
3822 5346 3848 5384 a

2269 5401 2553 5459 malevolis
2597 5402 2929 5474 quibusdam
2977 5402 3113 5456 mihi
3158 5402 3527 5474 objiciebatur
3564 5420 3576 5454 :
3622 5401 3850 5474 Chalce-

2268 5474 2565 5555 donensem
2610 5472 2824 5530 scilicet
2844 5474 3113 5545 synodum
3139 5488 3169 5527 a
3203 5488 3289 5527 me
3325 5472 3476 5541 rejici
3512 5482 3676 5541 atque
3700 5472 3851 5524 dam-

2269 5559 2412 5599 llﬂl'l.

2343 5614 2454 5684 (l0)
2504 5615 2689 5669 Τινῶν
2715 5614 3157 5683 μοναστηρίων.
3198 5610 3535 5684 Jampridem
3569 5609 3675 5684 viri
3703 5608 3849 5684 docti

2274 5681 2613 5755 μοναέτῆρια
2668 5681 3051 5749 emendarunt,
3097 5683 3375 5756 quomodo
3428 5683 3593 5737 etiam
3653 5681 3851 5751 legitur

2272 5755 2416 5826 apud
2466 5756 2863 5827 Nicephorum.
