4076 6336
574 385 706 454 9631

1795 389 2110 452 EVAGRII
2148 387 2631 451 SCHOLASTICI

3690 386 3835 451 2632

569 498 839 570 quosdam
864 497 1197 556 fraternitati
1230 507 1436 556 nostra:
1467 499 1801 564 invidentes,
1824 501 1890 556 ad
1923 500 2150 556 sanctis-

2261 501 2472 572 Πατίὸς
2493 500 2587 554 τοῦ
2614 500 2887 572 μακαρίου
2915 499 3346 572 ἀρχιεπισκόπου
3377 497 3644 570 Τιμοθέου
3705 517 3839 570 μετ-

569 594 738 645 siiuas
768 602 932 644 aures
986 597 1200 644 vestras
1248 592 1500 660 quaedam
1559 589 1825 646 detulisse
1873 590 2145 656 convicia,

569 698 694 754 qua:
724 681 1072 738 sanctitatem
1103 689 1252 736 tuom
1297 682 1444 736 haud
1495 681 1657 737 facile
1710 682 2002 738 adversum
2048 697 2150 737 nos

570 775 851 830 concitare
887 781 1211 842 potuerunt.
1261 773 1506 828 Primum
1533 775 1756 844 quidem
1791 775 1938 844 quod
1974 774 2150 828 sancti

569 863 745 920 Patris
768 863 946 920 nostri
964 873 1020 919 et
1050 864 1479 935 archiepiscopi,
1515 865 1660 920 beati
1698 865 1973 920 Timothei
2025 865 2154 920 reli-

569 956 728 1026 quias
746 958 920 1016 alium
952 961 1007 1015 in
1042 959 1225 1014 locum
1248 959 1711 1015 transtulerimus.
1741 958 1897 1025 Quod
1927 959 2151 1029 quidem

571 1047 804 1115 facinus,
831 1067 937 1108 nec
964 1054 1075 1108 Deo
1117 1061 1403 1123 acceptum
1454 1067 1558 1107 nec
1616 1052 1828 1123 legibus
1865 1061 2156 1113 consenta-

571 1154 738 1195 neum
763 1143 923 1215 351
961 1154 1068 1200 est.
1102 1146 1312 1202 Deinde
1335 1147 1400 1200 ad
1435 1146 1664 1200 alterum
1693 1147 1904 1202 crimen
1959 1146 2157 1201 transi-

573 1232 738 1300 liunt,
769 1238 916 1307 quod
951 1255 1052 1292 nec
1077 1238 1382 1293 verisimile
1419 1245 1522 1302 est,
1556 1246 1613 1291 et
1643 1239 1830 1307 priore
1861 1238 1958 1294 iilo
1994 1239 2156 1309 longe

575 1324 830 1384 deterius
877 1331 1116 1385 videtur.
1152 1329 1272 1395 Quo
1312 1329 1460 1383 enim
1518 1329 1684 1382 modo
1718 1340 1961 1384 sanctam
1997 1328 2158 1384 Chal-

575 1421 945 1474 ccdonensetn
994 1421 1263 1490 synodum
1325 1420 1792 1474 anathematizare
1854 1419 2155 1488 potuimus,

574 1511 664 1564 cui
697 1509 1061 1570 credidimus,
1112 1519 1168 1563 et
1221 1525 1387 1580 quam
1431 1510 1916 1564 confirmavimus?
1969 1510 2160 1579 Neque

573 1617 708 1656 vero
731 1601 970 1672 ignoras,
990 1611 1049 1654 ut
1071 1601 1332 1665 arbitror,
1360 1617 1464 1656 nec
1485 1609 1631 1656 tuam
1657 1601 1791 1655 latet
1812 1601 2158 1655 sanctitatem

573 1703 778 1764 quanta
806 1692 1174 1747 sitiemulatio
1213 1707 1278 1746 ac
1323 1692 1518 1747 levitas
1563 1691 2161 1761 populorum-nostro—

575 1799 722 1847 rum,
747 1792 801 1839 et
828 1784 1226 1838 monachorum
1256 1782 1414 1837 novis
1448 1783 1612 1836 rebus
1641 1782 2006 1837 studentium.
2054 1782 2159 1848 Qui

2251 593 2561 663 ηνέγκαμεν
2613 593 2691 656 εἰς
2734 593 2922 663 ἕτερον
2957 593 3143 647 τόπον.
3201 593 3379 663 Ὅπερ
3417 593 3651 663 πρᾶγμα
3707 589 3839 645 οὕτε

2249 683 2390 754 Θεῷ,
2417 682 2540 736 οὔτε
2588 684 2773 752 νόμοις
2817 684 3027 753 πρέπον
3075 686 3212 738 ἐστί.
3253 685 3362 740 Καὶ
3391 685 3485 737 ἐπὶ
3511 683 3726 747 τούτοις
3752 685 3833 740 είς

2252 773 2440 846 ἕτερον
2495 774 2878 846 μετεπήδησαν
2932 774 3233 829 ἀσύστατον
3296 777 3390 829 καὶ
3433 774 3527 828 τοῦ
3563 773 3840 844 προτέρου

2253 869 2456 938 χεῖρον.
2485 866 2607 929 Πῶς
2638 866 2746 936 γὰρ
2775 866 3198 936 ἀναθεματίζειν
3231 867 3453 938 εἴχομεν
3479 865 3579 935 τὴν
3607 868 3664 918 ὲν
3689 863 3840 917 Καλ-

2255 959 2440 1032 χηδόνι
2464 958 2625 1027 ἁγίαν
2653 959 2871 1013 σύνοδον
2971 944 3356 1023 πιστεύσαντες
3387 959 3796 1026 ὲϐεϐαιώσαμεν
3822 976 3838 1010 :

2256 1052 2372 1103 Οὐκ
2404 1053 2677 1119 ἀγνοεῖται
2706 1051 2783 1116 δὲ,
2807 1051 2928 1104 οὐδὲ
2955 1051 3149 1123 ὶέληθε
3187 1055 3286 1120 τὴν
3334 1051 3489 1120 ὑμῶν
3527 1050 3844 1120 θεοφιλειαν

2256 1142 2364 1196 τῶν
2420 1143 2550 1212 παρ’
2572 1144 2706 1213 ἡμῖν
2744 1142 2892 1197 λαῶν
2923 1144 2950 1196 ὁ
2983 1144 3142 1214 ζῆλος
3167 1185 3181 1209 ,
3215 1145 3310 1197 καὶ
3359 1145 3392 1213 ἡ
3458 1144 3712 1213 ἐλαφρία,
3741 1145 3844 1196 καὶ

2257 1233 2364 1286 τῶν
2389 1234 2732 1304 νεωτερίζειν
2755 1235 3052 1288 ἐθελόντων
3082 1235 3445 1305 μοναζόντων,
3485 1235 3684 1296 οἵτινες
3736 1251 3841 1302 με·

2259 1321 2586 1390 λετήσαντες
2641 1322 2756 1393 ἅμα
2800 1323 2941 1376 τισὶν
2995 1323 3334 1385 ἐθελοκάκοις
3366 1323 3463 1393 τῆς
3513 1321 3844 1391 Ἐκκλησίας

2259 1417 2718 1483 αποσκιρτήσασι,
2783 1417 2910 1477 τοὺς
2959 1413 3121 1476 λαούς
3171 1415 3427 1484 ἀποσπᾷν
3475 1412 3843 1482 ἐπιχειροῦσι.

2258 1505 2372 1557 Καὶ
2397 1504 2484 1557 διὰ
2523 1505 2631 1556 τῶν
2669 1505 2948 1574 ὑμετέρων
2981 1505 3154 1574 εὐχῶν
3181 1505 3536 1573 ἐσκεψάμεθα
3579 1505 3735 1572 λόγον
3762 1504 3844 1573 (7)

2261 1593 2557 1663 Θεραπείας
2622 1595 2905 1664 ἐχόμενον,
2936 1596 3102 1668 μηδὲν
3162 1596 3468 1664 βλάπτοντα
3530 1597 3628 1665 τὴν
3677 1596 3844 1662 ἁγὶαν

2264 1684 2480 1738 σύνοδον
2510 1686 2608 1755 τὴν
2637 1687 2696 1738 ὲν
2734 1685 3057 1755 Καλχηδόνι,
3083 1681 3282 1750 εἰδότες
3306 1686 3456 1739 οὐδὲν
3482 1687 3666 1739 καινδν
3697 1686 3844 1755 ἔχειν

2263 1776 2402 1846 αὐτῇ
2438 1779 2844 1847 πεπραγμένον.
2877 1778 2985 1831 Καὶ
3013 1778 3150 1852 πρὸς
3179 1777 3556 1848 πεισμοσύνην
3585 1777 3693 1830 τῶν
3716 1780 3848 1831 ἀκε-

575 1874 959 1944 conjuratione
1028 1873 1170 1928 facta
1251 1885 1376 1926 cum
1463 1869 1794 1940 quibusdam
1874 1870 2150 1924 malevolis

2270 1864 2438 1934 ραίων
2460 1865 2554 1918 καὶ
2596 1865 2911 1934 ἀπολογίαν,
2948 1868 3074 1929 τοὺς
3113 1867 3568 1929 ὲπισυνεὶυόντας
3599 1867 3730 1935 ἡμῖν
3762 1865 3842 1934 (8)

577 1961 902 2015 hominibus
934 1961 1029 2030 qui
1057 1961 1125 2014 ab
1168 1959 1412 2014 Ecclesia
1476 1966 1847 2022 recesserunt,
1896 1957 2160 2027 populum

2263 1952 2420 2009 τοῦτο
2449 1953 2626 2022 λέγειν
2671 1957 3074 2028 πεποιήκαμεν.
3110 1958 3220 2011 Καὶ
3249 1957 3407 2010 τοῦτο
3433 1957 3530 2027 μὲν
3561 1956 3636 2026 (9)
3676 1955 3847 2018 πολὺς

577 2068 766 2107 secum
819 2053 1060 2107 avellere
1117 2059 1409 2106 conantur.
1475 2050 1544 2104 At
1598 2065 1698 2104 nos
1747 2047 2150 2118 precationibus

2262 2045 2571 2114 γενόμενος,
2604 2047 2816 2116 ταχέως
2858 2047 3129 2102 ἐκώλυσα.
3170 2049 3209 2100 Γ
3213 2049 3428 2118 νωρίζω
3477 2047 3531 2100 δὲ
3574 2050 3637 2118 τῇ
3688 2046 3846 2116 ὑμῶν

573 2145 778 2198 vestris
822 2144 1020 2214 adjuti,
1074 2142 1344 2197 rationem
1398 2138 1834 2210 excogitavimus
1876 2153 1998 2206 qum
2033 2136 2150 2192 huit

2262 2137 2562 2210 ἁγιωσύνῃ,
2588 2138 2663 2202 ὡς
2683 2140 2776 2192 καὶ
2803 2139 2964 2210 μέχρι
2992 2140 3087 2192 νῦν
3111 2140 3172 2192 ού
3198 2140 3460 2193 παύονται
3486 2140 3535 2192 οἱ
3579 2138 3648 2191 τὰ
3688 2137 3846 2202 ζιζά-

576 2235 723 2289 malo
791 2235 1143 2299 mederetur;
1208 2247 1311 2288 nec
1367 2239 1612 2286 sanctam
1657 2229 2162 2286 Chalcedonensem

573 2327 841 2396 synodum
869 2327 1146 2381 ullatenus
1167 2324 1471 2380 offenderet
1492 2341 1506 2389 ;
1525 2322 1729 2393 quippe
1758 2321 1854 2392 qui
1891 2320 2154 2385 sciamus,

571 2419 708 2474 nihil
737 2419 793 2472 in
827 2435 892 2474 ea
918 2418 1045 2473 novi
1079 2427 1293 2488 gestum
1320 2431 1463 2472 esse.
1512 2416 1689 2484 Atque
1725 2421 1784 2467 ιιι
1840 2409 2142 2482 persuade-

2264 2245 2352 2281 νια
2382 2230 2703 2300 σπείροντες
2740 2231 2826 2284 ἀεὶ
2856 2229 3202 2300 μονάζοντες,
3225 2231 3430 2304 ὄργανα
3455 2231 3661 2291 ἑαυτοῖς
3686 2232 3849 2296 ὲγκα-

2264 2320 2594 2390 ταμίξαντές
2641 2339 2805 2375 τινων
2853 2323 3230 2394 μοναστηρίων
3257 2322 3368 2393 (l0)
3404 2321 3533 2374 ποτὲ
3584 2321 3656 2392 μὴ
3689 2323 3846 2391 οἰκη-

2252 2410 2482 2477 σάντων,
2525 2415 2620 2466 καὶ
2653 2414 3034 2486 περιέρχονται
3074 2415 3263 2486 φήμας
3309 2413 3626 2485 θρυλοῦντες
3656 2412 3844 2482 διαφό-

1756 2551 2032 2608 VALESll
2101 2548 2657 2610 ANNOTATIONES.

571 2675 695 2746 diem
727 2673 833 2729 sibi
877 2673 1150 2746 dicitboc
1168 2673 1390 2746 crimen
1424 2671 1667 2746 Mougus.
1710 2665 1854 2738 quod
1887 2664 2148 2746 reliquias

571 2745 844 2799 Timothei
891 2744 1202 2799 Salofaeioli
1236 2743 1289 2797 in
1319 2742 1487 2795 alium
1541 2737 2142 2794 locum’transtulisset.

570 2815 676 2870 Sed
711 2815 762 2869 id
796 2816 998 2869 factum
1032 2830 1134 2868 nec
1175 2820 1420 2876 excusat,
1455 2826 1558 2864 nec
1594 2819 1784 2878 negat;
1819 2807 1924 2860 hoc
1968 2807 2145 2860 solum

567 2885 752 2940 dicere
786 2894 1096 2944 contentus,
1133 2883 1277 2937 istud
1301 2882 1513 2936 facinus
1532 2895 1714 2934 coram
1747 2879 1858 2933 Deo
1881 2884 1937 2930 ct
1960 2891 2144 2930 coram

570 2955 889 3008 hominibus
944 2953 1172 3023 impium
1221 2967 1361 3007 esse.
1418 2950 1630 3023 Quippe
1684 2949 1936 3023 humana:
1991 2947 2146 3023 leges

569 3025 948 3096 sepulcrorum
1005 3014 1305 3096 violatores
1368 3014 1918 3096 graV'itei-__punii_int.
1985 3014 2146 3096 certe

569 3087 759 3150 Victor
775 3093 1128 3148 Tunonensis
1152 3093 1204 3145 in
1230 3087 1484 3147 Chronico
1507 3089 1574 3143 de
1597 3087 1791 3158 Mdngo
1812 3088 1889 3158 ita
1918 3087 2142 3158 scribit:

578 3182 596 3216 ι
634 3165 761 3219 Post
784 3164 1130 3218 consulatum
1169 3161 1407 3216 Zenonis
1442 3160 1684 3221 tertium,
1728 3155 1821 3228 qui
1857 3155 2147 3228 confestim

571 3233 758 3288 favore
784 3233 1022 3288 Zenonis
1039 3231 1325 3302 principis,
1351 3229 1618 3301 synodum
1645 3227 2148 3302 Chalcedonensein

571 3304 640 3358 de
662 3304 894 3377 pulpito
916 3295 1359 3377 coraiii_populis_
1377 3295 2148 3377 damnat.-Nominafroterii

570 3383 627 3427 et
662 3365 936 3428 Timothei
973 3365 1297 3426 Salafatiatii
1328 3371 1397 3424 de
1438 3367 1830 3424 ecclesiasticis
1875 3365 2152 3436 diptychis

571 3444 743 3510 tollit;
784 3453 840 3498 et
880 3442 1125 3498 Dioscori
1162 3451 1219 3496 et
1251 3440 1450 3501 Eluri,
1497 3439 1602 3510 qui
1638 3437 1945 3510 Proterium
1975 3436 2150 3510 inter-

569 3505 1006 3594 feci_t,"scrib-it':
1053 3526 1362 3594 corpusque
1404 3505 2149 3594 Timothei“Salafatiatii‘Ade

568 3576 800 3638 ecclesia
848 3585 1098 3654 ejicicns,
1150 3576 1205 3635 in
1252 3576 1372 3636 loco
1414 3577 1822 3654 deserto‘foras
1869 3576 2150 3654 civitatein

570 3654 820 3722 projccit.
855 3645 1053 3708 {Idem
1087 3645 1312 3722 quoque
1349 3658 1582 3722 testatur
1607 3649 1900 3722 Liberatus
1930 3647 1986 3722 in
2017 3645 2150 3700 Bre-

568 3717 759 3787 iviaiio,
779 3739 900 3793 cap.
932 3723 1016 3787 18,
1040 3717 1125 3776 his
1147 3717 1328 3776 verbis
1351 3739 1363 3775 :
1390 3740 1408 3771 ι
1437 3719 1542 3774 Sed
1579 3729 1635 3793 et
1667 3720 1886 3793 Petrum
1916 3717 2151 3793 Alexan-

570 3793 788 3847 drinum
821 3787 1380 3848 a'uathetnatizantcm
1428 3790 1698 3860 synodum
1729 3787 2150 3860 Chalcedonen-

571 3877 687 3917 sein
726 3872 782 3917 et
811 3873 1018 3916 tomum
1052 3877 1204 3932 papa:
1241 3856 1471 3923 Leonis,
1508 3860 1634 3932 qui“
1658 3859 1876 3932 sublato
1901 3856 2149 3932 nomine

571 3932 804 3987 Proterii
830 3943 887 3988 et
905 3926 1182 3987 Timothei
1204 3931 1461 3986 catholici
1493 3926 1560 3984 de
1584 3929 1878 4000 diptychis,
1901 3926 2148 4000 Dioscori

565 4011 627 4057 et
669 4004 943 4059 Timothei
987 4002 1162 4057 Eluri
1194 4002 1416 4055 nomina
1456 4001 1678 4070 scripsit
1707 3998 1732 4052 ‘z
1773 3999 1867 4069 qui
1901 3998 2146 4070 ejusdem

570 4073 846 4128 Timothei
881 4073 1139 4129 catholici
1164 4087 1364 4142 corpus
1390 4072 1456 4126 de
1485 4067 1885 4142 teri-elevavit,
1915 4067 1969 4122 et
2001 4067 2149 4142 foras

611 4145 824 4214 rojecit,
872 4145 967 4214 qui
1011 4145 1156 4198 inter
1219 4137 1509 4211 episcopos
1548 4141 1852 4196 cathoiicos
1898 4137 2148 4208 sepultus

569 4159 770 4266 Fuerat.
800 4214 957 4266 miris
985 4229 1111 4266 eum
1135 4213 1386 4266 laudibus
1415 4221 1740 4266 prosecutus
1779 4218 1866 4264 est
1893 4208 2146 4266 Aeacius.

585 4209 770 4277 ‘uerat,
800 4209 957 4269 miris
985 4229 1111 4268 eum
1135 4209 1386 4267 laudibus
1411 4209 1740 4282 prosecutus
1779 4218 1866 4264 est
1893 4209 2146 4282 Aeacius,

570 4283 638 4338 de
661 4299 770 4353 quo
792 4300 851 4338 se
872 4293 1019 4338 tanta
1041 4283 1271 4338 crimina
1289 4279 1448 4336 antea
1474 4282 1804 4353 meminerat
1826 4279 2101 4353 retulisse.
2123 4299 2140 4330 ι

570 4349 814 4422 Denique
837 4354 988 4408 Felix
1011 4369 1169 4424 papa,
1195 4354 1248 4406 in
1277 4351 1553 4424 sententia
1571 4350 1934 4424 damnationis
1955 4349 2146 4424 adver-

569 4437 666 4476 sus
705 4419 988 4483 Acacium,
1011 4419 1265 4492 'idipsum
1299 4422 1508 4477 diserte
1556 4421 1847 4492 confirmat
1880 4438 1892 4473 :
1946 4419 2147 4492 utjam

569 4492 639 4547 de
683 4493 847 4564 hujus
896 4491 1156 4550 facinoris
1197 4493 1428 4548 veritate
1461 4491 1703 4564 dubitari
1736 4506 1852 4564 non
1882 4491 2076 4560 possit.

645 4564 720 4633 (7)
777 4565 1189 4634 Ἑσκεψάμεθα
1213 4565 1360 4634 λύτο

567 4631 883 4705 posuerunt
927 4631 1449 4705 iinterpretesaNam
1483 4633 1763 4688 Masculus
1797 4631 2020 4705 quidem
2071 4632 2146 4705 ita

564 4701 769 4757 zi'ertit:
803 4701 1087 4759 Libellum'
1125 4703 1452 4757 considerate
1501 4703 1953 4766 coucinuavimus,
2018 4701 2150 4755 mali

569 4774 724 4844 hujus
774 4775 1032 4828 medelam
1076 4773 1936 4843 habentem;Christophorsonus
1967 4780 2149 4844 autem

569 4843 675 4901 hec
716 4844 908 4898 modo:
937 4845 1164 4899 Litteras
1213 4845 1366 4898 hasce
1401 4845 1832 4913 excogitavimus,
1905 4859 1985 4898 me
2034 4843 2152 4896 huic

569 4915 710 4968 malo
746 4916 974 4968 remedio
999 4917 1125 4968 sint.
1154 4915 1392 4968 Joannes
1423 4928 1557 4967 vero
1581 4914 1816 4968 Laneus.
1854 4860 2150 4968 [zicenbori

569 4915 710 4969 malo
746 4916 974 4968 remedio
999 4917 1125 4969 sint.
1154 4915 1392 4970 Joannes
1423 4912 1557 4967 vero
1581 4914 1816 4983 Langus,
1854 4912 2150 4982 Nicephori

564 4987 844 5054 interpres
871 4986 944 5038 ita
977 4986 1273 5040 transtulit.
1308 4985 1384 5038 Re
1408 4983 1718 5049 deliberata,
1748 4985 2007 5038 rationem
2035 5000 2152 5053 qua:

569 5056 765 5112 mederi
817 5055 958 5108 malo
998 5057 1294 5109 imminenti
1341 5062 1534 5119 posset,
1577 5055 1891 5108 invenimus.
1943 5055 2021 5108 Ex
2063 5054 2151 5108 his

570 5126 750 5181 tribus
783 5125 1354 5196 interpretationibus,
1401 5125 1643 5178 secunda
1669 5124 1896 5196 quidem
1929 5124 2151 5194 penitus

570 5195 879 5265 respuenda
905 5194 1025 5250 est:
1057 5198 1230 5265 prima
1257 5205 1438 5250 autem
1461 5211 1525 5248 ac
1557 5194 1714 5249 tertia
1739 5195 1868 5248 ferri
1899 5207 2145 5265 possunt.

566 5267 923 5320 t'lommodius
968 5277 1149 5320 tamen
1189 5265 1323 5320 mihi
1372 5265 1614 5330 videtur,
1652 5265 1808 5332 λόγον
1838 5265 2149 5319 orationem

571 5337 943 5406 interpretari,
1009 5353 1104 5390 seu
1161 5351 1470 5391 sermonem
1524 5335 1589 5389 ad
1645 5337 1932 5404 pepulum,
1986 5352 2149 5404 quem

569 5407 764 5460 l’etrus
795 5407 987 5460 habuit
1017 5407 1069 5460 in
1105 5407 1351 5462 Ecclesia
1390 5415 1519 5460 tunc
1549 5421 1671 5459 cum
1715 5414 1833 5460 acta
1885 5407 2150 5460 ecclesia-

569 5478 704 5531 stica
741 5478 936 5531 conlici
965 5478 1130 5547 jussit
1163 5493 1347 5532 coram
1388 5476 1581 5544 legatis
1609 5477 1814 5541 Aeacii,
1849 5476 1916 5533 de
1945 5477 2152 5548 quibus

568 5562 730 5616 supra
773 5550 988 5601 locutus
1022 5556 1105 5601 est
1151 5547 1438 5617 Evagrius.

640 5618 714 5687 (8)
763 5618 908 5684 Τοὺς
934 5619 1450 5682 ἑπισυνελθόντιις
1475 5617 1637 5685 ἡμῖν.
1669 5619 1910 5673 Joannes
1930 5617 2152 5686 Langus

567 5687 712 5741 hunc
763 5689 944 5741 locum
989 5689 1063 5741 ila
1104 5691 1310 5742 vertit:
1349 5687 1581 5741 Fecimus
1620 5700 1674 5742 ut
1721 5690 1784 5741 ab
1830 5691 1893 5742 iis
1929 5690 2017 5758 qui
2057 5705 2153 5741 no-

569 5760 761 5812 biscum
799 5767 1079 5812 conventus
1123 5768 1310 5826 agunt,
1351 5760 1453 5810 ista
1501 5760 1817 5813 dicerentur.
1873 5758 2150 5812 Musonius

569 5844 699 5882 vero
746 5831 819 5885 sic
878 5829 1291 5896 illlCl'pl‘Ciuilli‘.
1344 5828 1444 5882 Eos
1491 5830 1580 5897 qui
1633 5836 1699 5883 (ut
1740 5847 1832 5884 nos
1874 5839 2143 5894 verterunt,

1363 4545 1422 4617 ir;
1454 4545 1617 4617 Varie
1660 4545 1809 4616 hunc
1839 4545 2021 4615 lo'cum
2049 4575 2145 4614 ex-
2184 4545 2225 4600 ο

2255 2671 2350 2741 hoc
2403 2673 2542 2725 idem
2591 2673 2766 2726 dicere
2820 2673 3055 2741 fecimus.
3117 2671 3603 2741 ChristOphorsoni
3657 2683 3843 2729 autem

2255 2739 2641 2811 interpretatio
2660 2745 2738 2812 sic
2769 2739 2968 2797 habet:
2997 2744 3122 2797 Tum
3146 2753 3202 2794 ut
3225 2743 3305 2797 illi
3325 2739 3413 2812 qui
3447 2742 3709 2796 uobiscum
3736 2762 3846 2799 una

2255 2813 2657 2883 qccersebautur
2699 2811 2803 2883 [sic
2861 2813 3083 2882 quidem
3111 2813 3246 2867 edit.
3283 2811 3456 2883 Paris.
3495 2823 3626 2881 puto
3657 2823 3844 2870 tamen

2254 2881 2528 2937 Valesium
2573 2881 2857 2951 scripsisse
2882 2881 3315 2937 ’acccusebantur.
3353 2882 3845 2952 Christophorsoni

2253 2952 2477 3022 quidem
2508 2953 2890 3020 interpretatio
2921 2954 3072 3022 juxta
3103 2953 3398 3008 editionem
3439 2952 3672 3019 Coloss.,
3698 2970 3846 3008 anno

2257 3023 2420 3094 1612,
2481 3022 2706 3077 exhibet
2760 3022 3154 3094 versabantur],
3203 3040 3297 3089 pro
3354 3023 3654 3090 defensione
3706 3026 3848 3078 idem

2254 3093 2431 3160 ipsum
2466 3094 2718 3158 dicerent,
2767 3094 3045 3216 egerimus.
3075 3093 3319 3148 verbum
3367 3094 3532 3163 igitur
3556 3094 3846 3147 ὲπισυνελ-

2255 3161 2447 3216 Θόντας
2492 3162 2631 3216 nihil
2672 3163 2781 3215 aliu
2868 3163 3177 3216 significare
3217 3164 3623 3216 existimarunt.
3675 3179 3845 3216 uuam

2255 3161 2447 3234 Oévra;
2472 3162 2631 3234 nihil
2672 3161 2822 3234 aliud
2868 3163 3177 3233 significare
3217 3161 3627 3234 existimarunt,
3656 3179 3845 3234 quam

2260 3232 2634 3294 συνελθόντας.
2681 3232 2795 3302 Ego
2833 3232 2966 3287 vero
3004 3249 3103 3302 per
3148 3249 3338 3288 vocem
3391 3232 3847 3296 ὲπισυνελθόντας

2259 3303 2515 3373 intelligi
2544 3311 2680 3370 puto
2723 3302 2958 3358 clericos
3009 3312 3065 3357 et
3117 3304 3283 3358 laicos
3343 3303 3516 3372 partis
3565 3303 3844 3360 Timothei

2259 3372 2594 3444 §alofacioli,
2631 3373 2725 3442 qui
2765 3375 3039 3444 aggregati
3079 3385 3238 3428 erant
3271 3373 3420 3444 Pero?
3461 3373 3658 3443 Mongo
3683 3375 3845 3444 jussu

2258 3443 2496 3514 Zenonis
2555 3443 2818 3514 Augusti.
2842 3443 2991 3498 Nam
3046 3444 3345 3514 imperator
3387 3443 3537 3498 Zeno
3571 3443 3736 3498 suasu
3787 3453 3845 3499 et

2258 3513 2494 3584 consilio
2539 3513 2746 3578 Acacii,
2791 3514 3089 3582 scripserat
3125 3513 3761 3584 ’Apollonloﬁugustali
3788 3522 3848 3571 et

2258 3583 2543 3651 Pergamio
2590 3583 2739 3648 duci,
2788 3590 2846 3637 ut
2874 3582 3393 3652 pellerentquidem
3438 3582 3703 3638 Joannem
3741 3585 3848 3640 Ta-

2259 3653 2440 3716 laiain,
2474 3654 2915 3709 inthronizarent
2947 3662 3129 3707 autem
3155 3655 3402 3717 Petrum,
3448 3655 3843 3723 suscipientem

2259 3723 2565 3779 llenoticon
2593 3733 2650 3777 et
2677 3723 2906 3778 clericos
2938 3723 3212 3778 Timothei
3251 3723 3529 3787 catholici,
3561 3734 3622 3780 ut
3648 3725 3847 3779 scribit

2255 3793 2554 3873 Liberatus
2586 3796 2642 3848 in
2683 3793 2977 3873 Breijurio,
3017 3809 3137 3873 cap.
3179 3795 3266 3849 18.
3310 3793 3645 3873 δοῖ-ἰρ-εοτοι.
3671 3795 3845 3849 etiam

2257 3863 2408 3918 Zeno
2453 3864 2665 3922 litteras
2699 3863 2767 3918 ad
2797 3863 3020 3918 Petrum
3051 3863 3329 3930 Mongum,
3361 3863 3565 3930 quibus
3598 3863 3647 3918 ei
3678 3880 3840 3919 man-

2257 3905 3285 4002 ιιᾶἰὶἕιίίιῖἷειὲἷίὲοεὶῖιτιῑέῖιιῖἷόιῖἶὲξ
3309 3905 3413 4003 ips'i
3431 3905 3844 3990 οόηὲρῖιίίὲἶίὲε

2257 4005 2585 4073 susciperet,
2619 4004 3083 4072 quemadmodum
3120 4004 3264 4058 idem
3296 4003 3586 4057 Liberatus
3607 4003 3843 4061 allirmat

2257 4074 2344 4128 bis
2391 4075 2624 4143 verbis:
2654 4074 2719 4126 Et
2741 4075 2951 4143 quidem
2987 4075 3172 4128 l’etrus
3204 4074 3597 4127 iulhronizatur
3632 4074 3696 4127 ab
3722 4091 3840 4130 ont-

2258 4145 2432 4197 uibus.
2476 4142 2851 4213 Scriptum'est
2875 4143 2944 4196 ab
2989 4145 3329 4214 imperatore,
3362 4151 3421 4196 ut
3455 4146 3840 4199 consentientes

2253 4215 2541 4282 susciperet
2589 4229 2673 4267 eos
2703 4215 2792 4283 qui
2834 4223 2988 4268 erunt
3024 4232 3057 4266 a
3096 4223 3248 4284 parte
3279 4214 3531 4284 Timothei
3575 4215 3836 4284 catholici.

2255 4284 2312 4338 Id
2341 4292 2444 4349 est,
2474 4293 2580 4339 tam
2606 4284 2858 4348 clericos,
2886 4299 3048 4353 quam
3073 4283 3261 4349 laicos,
3285 4285 3376 4353 qui
3401 4283 3639 4338 Zenonis
3659 4283 3840 4340 edicto

2254 4354 2573 4410 consentire
2595 4354 2921 4408 voluissent.
2957 4355 3064 4409 llos
3092 4355 3280 4424 igitur,
3307 4370 3434 4408 cum
3465 4354 3840 4410 ecclesiastica

2255 4432 2375 4479 aeta
2399 4425 2696 4494 conticeret
2719 4424 2914 4494 Petrus
2946 4425 3195 4493 Mongus,
3241 4425 3452 4494 quibus
3477 4424 3676 4480 Acacio
3702 4440 3836 4494 pro-

2257 4495 2412 4550 baret
2451 4509 2509 4548 se
2539 4493 3047 4566 Chalcedonensem
3081 4493 3347 4566 synodum
3372 4510 3661 4566 nunquam
3682 4493 3840 4550 dam-

2254 4580 2434 4628 nasse,
2479 4573 2644 4619 testes
2686 4564 2963 4627 adhibuit,
3010 4564 3251 4633 fecitque
3293 4574 3353 4618 ut
3388 4564 3703 4620 testimonio
3737 4580 3838 4620 suo

2252 4635 2664 4706 confirmarent,
2709 4633 3220 4706 Chalcedonensem
3258 4636 3526 4706 synodum
3557 4650 3839 4706 nunquam

2253 4705 2701 4776 arl’etroifuisse
2741 4705 3075 4776 damnatam.
3125 4704 3327 4759 Eorum
3385 4721 3551 4776 porro
3586 4704 3837 4760 testimo-

2254 4775 2405 4828 nium
2446 4775 2555 4851 ﬁde
2590 4775 2815 4851 dignum
2853 4775 3184 4851 videbatur,
3213 4790 3280 4828 eo
3313 4775 3459 4851 quod
3508 4776 3840 4851 fu_i_sscnt_ex

2253 4855 2407 4914 parte
2445 4845 2720 4900 Timothei
2761 4844 3042 4904 catholici,
3093 4844 3187 4914 qui
3234 4844 3502 4914 synodum
3535 4845 3839 4900 Chalcedo-

2254 4906 2484 4986 nensem
2529 4922 2800 4985 perpetuo
2853 4906 3196 4986 defenderat.
3243 4906 3379 4969 Vide
3432 4925 3615 4986 caput_
3646 4915 3838 4986 16,7iu

2255 4984 2384 5050 fine,
2415 5002 2482 5040 ex
2513 4984 2781 5054 quoiluec
2807 4985 3163 5056 intelligenda
3197 4997 3369 5056 sunt.
3405 4986 3480 5040 De
3501 4984 3710 5056 iisdem
3753 4985 3836 5040 lo-

2253 5056 2444 5181 quitur
2465 5056 2617 5112 Felix
2643 5071 2784 5138 papa
2802 5056 2857 5110 in
2887 5055 3157 5139 sententia
3179 5055 3546 5138 damnationis
3575 5055 3842 5138 adversus

2303 5142 2537 5181 caelum.
2582 5126 2678 5181 ubi
2723 5135 2838 5181 ait:
2873 5124 3011 5181 Ouid
3040 5141 3179 5180 enim
3228 5137 3349 5180 sunt
3384 5126 3552 5181 aliud.
3593 5142 3682 5181 om
3722 5135 3831 5181 vos!

2303 5126 2537 5193 cacium,
2582 5124 2678 5182 ubi
2717 5124 2838 5181 ait:
2873 5124 3011 5190 Quid
3040 5128 3179 5180 enim
3228 5137 3349 5180 sunt
3384 5126 3552 5184 aliud,
3593 5127 3684 5194 qui
3721 5135 3831 5193 pos!

2255 5197 2451 5251 obitum
2481 5209 2680 5252 sanctte
2711 5199 2977 5252 memoria:
3011 5197 3285 5262 Timothei,
3324 5197 3394 5250 ad
3427 5195 3720 5250 Ecclesium
3745 5197 3835 5251 sub

2254 5266 2412 5321 Petro
2459 5269 2699 5332 redeunt,
2741 5279 2848 5322 etc.

2326 5338 2402 5410 (9)
2438 5340 2548 5394 Kal
2581 5339 2758 5410 τοῦτο
2777 5339 2912 5410 μέν.
2958 5333 3414 5410 Mnesthei-inice
3447 5335 3579 5390 illud
3620 5335 3775 5410 quod
3806 5350 3835 5390 a

2255 5406 2539 5480 malevolis
2583 5406 2914 5480 quibusdam
2963 5407 3100 5480 mihi
3144 5406 3514 5480 objicicbatur
3550 5424 3562 5460 :
3609 5406 3837 5480 Chalce-

2254 5479 2552 5560 donensem
2597 5477 2811 5536 scilicet
2831 5479 3099 5550 synodum
3125 5493 3155 5532 a
3189 5493 3276 5532 me
3311 5477 3462 5547 rejici
3498 5486 3663 5546 atque
3686 5477 3838 5530 dam-

2255 5564 2399 5604 lla”.

2330 5620 2441 5691 (l0)
2490 5620 2675 5675 Τινῶν
2701 5620 3144 5691 μοναστηρίων,
3184 5616 3522 5691 Jampridem
3555 5615 3661 5691 viri
3689 5613 3837 5691 docti

2259 5686 2600 5762 μοναττῇρια
2631 5686 3037 5762 γριιισηάειτιιιιι,
3083 5688 3362 5762 quomodo
3414 5688 3579 5742 etiam
3639 5686 3838 5757 legitur

2258 5761 2402 5832 apud
2453 5761 2849 5833 Nicephorum.
