4124 6332
331 368 475 431 2537

1267 360 1651 425 HISTORLE
1691 355 2286 421 ECCLESIASTICIE
2328 351 2560 414 LIBER
2594 348 2710 408 III.

3439 335 3582 398 2838

332 503 450 549 vov,
482 483 648 555 μηδὲν
671 481 874 552 πρᾶξαι
905 482 1034 552 πρὶν
1056 482 1134 554 τῷ
1155 480 1411 552 Κυρίλλῳ
1443 477 1777 547 συντύχοιεν,
1810 475 1906 530 καὶ

2040 487 2202 528 enum
2219 480 2276 526 et
2308 470 2547 538 collegas
2579 468 2700 536 ejus
2749 461 2992 531 scripsit,
3025 474 3094 513 ne
3133 455 3430 528 quidquam
3461 469 3586 548 age-

334 575 473 645 mp'
501 573 665 628 αὐτοῦ
695 574 755 626 τὸ
784 575 1052 644 πρακτέον
1085 574 1324 645 μάθοιεν.

948 772 1198 824 ΚΕΦΑΛ.
1237 774 1322 825 K'.

337 864 484 932 Περὶ
539 859 626 919 ὧν
677 864 899 934 ἔγραψε
947 862 1143 934 φῆλιξ
1181 863 1330 930 πρὸς
1371 864 1654 934 Ζήνωνα,
1690 864 1788 916 καὶ
1834 859 1912 917 αὖ

681 932 868 988 πάλιν
892 933 1104 1003 Ζήνων
1131 936 1280 1000 πρὸς
1315 932 1568 999 Φήλικα.

414 1047 671 1116 Γεγόνασι
706 1047 838 1116 πρὸς
866 1048 1063 1112 αὐτοὺς
1096 1049 1191 1101 καὶ
1231 1048 1392 1118 ἕτερα
1439 1048 1575 1117 πρὸς
1618 1047 1712 1102 τοῦ
1750 1048 1914 1116 Φήλιο

339 1157 439 1203 κος
474 1139 852 1210 ὑπομνηστικὰ
888 1139 1024 1210 (16),
1057 1141 1152 1194 καὶ
1189 1139 1322 1210 πρὸς
1355 1140 1446 1192 τὸν
1483 1142 1707 1209 Ζήνωνα
1740 1139 1916 1208 γράμ-

342 1248 494 1301 ματα
528 1231 653 1297 περί
686 1247 745 1282 τε
793 1232 893 1300 τῆς
925 1233 982 1284 έν
1022 1231 1324 1301 Καλχηδόνι
1349 1229 1587 1292 συνόδου,
1616 1230 1711 1283 καὶ
1740 1229 1832 1281 τοῦ
1859 1230 1917 1281 έν

353 1321 590 1388 ’Δφρικῇ
611 1318 853 1388 διωγμοῦ
876 1317 948 1386 (ο)
975 1318 1064 1370 τοῦ
1091 1321 1231 1371 κατά
1258 1316 1571 1387 Ὀνὼριχον.
1608 1313 1918 1366 Ἑπέστειλε

339 1411 403 1462 δὲ
443 1411 536 1462 καὶ
576 1409 714 1478 πρὸς
754 1410 1026 1462 ’Λκὰκιον.
1064 1409 1206 1478 Πρὸς
1234 1408 1342 1460 ὂνό
1375 1408 1562 1476 Ζήνων
1587 1405 1916 1474 ἀντέγραφε,

347 1501 528 1570 μάτην
550 1497 642 1550 τὸν
670 1500 923 1568 Ἰωάννην
955 1499 1117 1552 αὑτὸν
1149 1496 1492 1568 διαταράξαι,
1523 1495 1918 1564 διομοσάμενον

349 1591 453 1660 μὲν
482 1590 704 1660 μηδαμῆ
738 1588 1000 1660 μηδαμῶς
1032 1589 1288 1658 παριέναι
1320 1588 1408 1640 διὰ
1452 1586 1547 1640 τοῦ
1599 1587 1786 1657 θρόνου
1818 1590 1917 1656 τῆς

361 1680 773 1749 Ἀλεξανδρέων,
806 1679 1129 1750 παραϐάντα
1150 1680 1230 1741 δὲ,
1259 1679 1351 1731 καὶ
1375 1679 1441 1732 τὰ
1470 1679 1766 1748 ὼμοσμένα
1795 1679 1920 1730 ἀλο-

344 1772 616 1841 γήσαντα,
649 1772 830 1824 πᾶσαν
860 1770 1166 1842 ἱεροσυλίαν
1199 1769 1559 1838 ὲργάσασθαι’
1593 1771 1688 1822 καὶ
1715 1772 1922 1839 Πέτρον

2014 571 2157 628 rent,
2186 561 2506 632 priusquam
2536 571 2661 611 cum
2687 554 2892 625 Cyrillo
2917 559 3102 606 essent
3131 546 3412 607 collocuti,
3443 553 3496 600 ct
3521 542 3589 598 ab

2013 668 2080 708 eo
2100 651 2232 722 quid
2261 648 2536 719 agendum
2559 654 2708 701 esset
2740 643 3088 697 didicissent.

2639 759 2792 813 CAP.
2843 756 2962 810 XX.

2021 856 2094 909 De
2132 858 2193 908 iis
2221 870 2339 924 qua:
2372 852 2522 906 Felix
2555 853 2624 906 ad
2660 849 2952 924 Zenonem,
2985 855 3036 900 et
3082 845 3224 901 Zeno
3255 845 3324 897 ad
3371 842 3596 896 Felicem

2686 921 2922 990 scripsit.

2088 1038 2322 1108 Scripsit
2354 1037 2521 1092 etiam
2556 1034 2711 1090 Felix
2758 1033 2895 1086 alias
2921 1030 2988 1085 ad
3023 1029 3249 1085 eosdem
3300 1024 3602 1081 commoni—

2018 1129 2212 1184 torias.
2246 1128 2484 1181 Litteras
2517 1139 2740 1194 quoque
2762 1122 2915 1176 dedit
2936 1120 3002 1174 ad
3042 1120 3345 1178 Zenonem.
3396 1115 3603 1184 quibus

2019 1238 2144 1276 eum
2168 1219 2576 1282 commonebat,
2622 1227 2739 1270 tum
2769 1215 2837 1270 de
2887 1210 3325 1268 Chalcedonensi
3369 1207 3600 1279 synodo,

2021 1323 2136 1366 tum
2166 1313 2234 1367 de
2266 1310 2653 1382 persecutione
2685 1323 2808 1377 qua:
2835 1307 2891 1359 in
2927 1305 3111 1358 Africa
3144 1303 3378 1356 excitata
3427 1300 3609 1353 fuerat

2020 1401 2089 1458 ab
2112 1400 2410 1454 Hunerico.
2445 1396 2684 1467 Scripsit
2726 1397 2857 1450 item
2887 1394 2954 1449 ad
2979 1393 3265 1448 Acacium.
3306 1392 3609 1459 Imperator

2021 1499 2207 1545 autem
2241 1490 2392 1543 Zeno
2418 1487 2707 1557 rescripsit
2730 1485 2920 1551 Felici,
2953 1485 3161 1538 frustra
3200 1484 3354 1536 illum
3393 1491 3608 1550 pertur-

2022 1582 2215 1636 batum
2249 1594 2371 1634 esse
2395 1579 2583 1633 verbis
2606 1578 2856 1642 Joannis,
2879 1577 3082 1646 quippe
3103 1576 3198 1645 qui
3225 1576 3355 1628 olim
3381 1573 3605 1642 quidem

2017 1674 2260 1744 iurasset
2319 1687 2377 1726 se
2416 1670 2848 1725 Alexandrinam
2911 1668 3099 1724 sedem
3156 1666 3311 1720 nullo
3365 1681 3608 1732 unquam

2025 1764 2191 1818 modo
2267 1763 2609 1818 ambiturum
2671 1777 2794 1817 esse
2841 1779 2854 1815 :
2896 1769 3089 1830 postea
3146 1775 3280 1813 vero
3357 1759 3613 1828 neglecto

343 1864 406 1916 δὲ
441 1864 516 1933 μὴ
548 1863 923 1926 ἀϐασανίστως
965 1861 1434 1934 προχειρισθῆναι,
1463 1861 1581 1915 ἀλλ’
1611 1863 1925 1931 αὐτοχειρίᾳ

2040 1855 2406 1922 iureiurando,
2438 1854 2652 1907 nullum
2681 1869 2793 1908 non
2833 1850 3104 1921 sacrilegii
3131 1866 3305 1920 genus
3361 1848 3616 1903 admisis-

347 1955 745 2024 ὑπογράψαντα
772 1954 1023 2023 δέχεσθαι
1055 1956 1154 2023 τὴν
1211 1953 1394 2006 πίστιν
1447 1953 1554 2006 τῶν
1600 1955 1925 2024 τριακοσίων

344 2043 626 2099 δεκαοκτὼ
665 2046 836 2113 ἁγίων
869 2045 1124 2114 Πατέρων
1159 2045 1267 2096 τῶν
1303 2047 1361 2098 ὲν
1396 2044 1600 2114 Νικαίᾳ
1631 2046 1920 2114 συνεληλυ-

350 2135 545 2197 οότων,
597 2130 741 2210 ᾗτινι
773 2137 866 2188 καὶ
898 2138 930 2206 ἡ
963 2137 1019 2187 ἐν
1061 2135 1363 2205 Καλχηδόνι
1392 2137 1524 2204 ἁγία
1552 2137 1767 2201 σύνοδος
1801 2140 1928 2206 ἠκο-

347 2226 604 2295 λούθησε,
637 2226 932 2280 καὶταῦτα
966 2228 1278 2296 γέγραπται
1311 2229 1402 2280 ἐπὶ
1432 2229 1697 2298 ῥήματος·
1746 2229 1929 2299 Ὀφεί-

350 2319 466 2370 λειν
517 2319 771 2387 ἀσφαλῶς
821 2318 965 2388 ἔχειν
1014 2319 1160 2387 (17),
1194 2319 1292 2371 καὶ
1323 2319 1422 2388 τὴν
1467 2319 1742 2391 ἡμετέραν
1778 2319 1931 2373 εὐσέ-

349 2412 527 2473 ϐειαν,
559 2410 652 2465 καὶ
696 2410 788 2461 τὸν
833 2410 1197 2480 προλεχοέντα
1236 2408 1538 2477 ἁγιώτατον
1567 2412 1796 2482 Πέτρον,
1835 2412 1930 2465 καὶ

355 2503 536 2566 πάσας
583 2503 680 2566 τὰς
717 2503 1023 2570 ἁγιωτάτας
1091 2502 1418 2572 Ἐκκλησίας
1445 2544 1460 2568 ,
1515 2503 1615 2573 τὴν
1658 2486 1932 2574 Καλχηδο-

349 2592 492 2644 νέων
531 2591 641 2663 (18)
692 2594 995 2662 ἁγιωτάτην
1028 2593 1245 2647 σύνοδον
1293 2595 1543 2664 δέχεσθαι
1582 2597 1677 2648 κα)⁸
1719 2596 1928 2660 σέϐειν,

351 2684 475 2751 ἥτις
510 2683 739 2752 συνέστη
790 2685 854 2751 τῇ
905 2683 1085 2735 πίστει
1119 2687 1185 2752 τῇ
1217 2686 1273 2735 ἐν
1313 2687 1379 2754 τῇ
1422 2685 1672 2738 Νικαέων
1707 2687 1929 2755 συνόδῳ.

365 2776 728 2844 Ἐμφέρονται
765 2778 876 2838 τοῖς
915 2792 973 2827 τε
1023 2777 1434 2846 πεπραγμένοις
1483 2779 1595 2846 (19)
1647 2779 1935 2831 ἐπιστολαὶ

355 2867 513 2936 παρά
551 2884 608 2918 τε
645 2867 912 2936 Κυρίλλου
945 2867 1038 2919 τοῦ
1089 2867 1392 2936 λεχθέντος,
1419 2868 1512 2922 καὶ
1555 2869 1758 2938 ἑτέρων
1780 2871 1934 2940 ἁρχιο

359 2957 664 3026 μανδριτῶν
699 2958 795 3024 τῆς
834 2956 1130 3024 βασιλίδος,
1163 2958 1253 3008 καὶ
1290 2959 1440 3024 παρὰ
1481 2958 1794 3010 ἐπισκόπων
1842 2959 1937 3011 καὶ

357 3048 637 3117 κληρικῶν
691 3049 785 3100 τοῦ
831 3048 1204 3116 Αἰγυπτιακοῦ
1237 3047 1498 3115 κλίματος
1541 3048 1676 3117 πρὸς
1702 3049 1935 3119 Φήλικα,

356 3144 503 3196 κατὰ
535 3142 862 3213 Πέτρου-ὼς
917 3141 1220 3214 αἱρετικοῦ,
1264 3142 1496 3194 καὶτῶν
1534 3142 1937 3195 κοινωνούντων

360 3217 532 3301 αὐτῷ.
580 3233 643 3284 Οἳ
679 3233 772 3284 καὶ
808 3232 1097 3302 διήλεγξαν
1143 3231 1256 3301 (‘20)
1297 3233 1345 3284 οἱ
1380 3232 1445 3283 ὲκ
1482 3230 1583 3299 τῆς
1629 3233 1795 3301 μονῆς
1830 3231 1937 3284 τῶν

373 3323 714 3392 Ἀκοιμήτων
748 3323 1040 3393 ἀφιγμένοι
1071 3324 1208 3394 πρὸς
1243 3322 1475 3392 Φήλικα,
1505 3323 1633 3385 τοὺς
1668 3323 1795 3392 περὶ
1828 3325 1938 3376 Μι-

364 3419 531 3478 σῖνον,
563 3415 638 3478 ὡς
671 3415 831 3485 μέχρι
869 3415 970 3484 τῆς
1011 3415 1189 3468 αὐτῶν
1239 3415 1543 3484 παρουσίας
1586 3417 1684 3484 τῆς
1728 3415 1831 3467 ἀνὰ
1877 3415 1939 3467 τὸ

363 3507 692 3573 Βυζάντιον,
757 3510 814 3559 ὲν
866 3506 1202 3576 παραϐύστῳ
1238 3507 1444 3576 Πέτρος
1497 3508 1556 3560 έν
1602 3509 1725 3569 ταῖς
1767 3508 1937 3577 ἱεραῖς

361 3596 568 3658 δέλτοις
615 3596 1032 3664 ἀνεγινώσκετο,
1074 3598 1170 3649 καὶ
1198 3596 1255 3662 ἐξ
1287 3596 1497 3649 ἐκείνου
1543 3597 1646 3660 ἕως
1687 3597 1780 3649 νῦν
1808 3598 1936 3651 ἀνα-

365 3684 586 3754 φανδόν·
623 3685 718 3738 καὶ
764 3683 936 3747 οὕτως
979 3685 1106 3746 τοὺς
1154 3684 1543 3755 περὶ-Μισίνον
1587 3685 1936 3754 κοινωνῆσαι.

367 3778 480 3830 Καὶ
520 3779 552 3846 ὴ
599 3776 856 3847 ἐπιστολὴ
903 3776 960 3828 δὲ
1008 3775 1118 3828 τῶν
1148 3775 1487 3844 Αἰγυπτίων,
1538 3777 1610 3830 τὰ
1641 3775 1784 3830 αὐτὰ
1810 3777 1941 3846 περὶ

365 3869 576 3936 Πέτρου
607 3866 810 3935 ἔλεγεν·
860 3868 953 3920 καὶ
986 3866 1061 3928 ὠς
1119 3867 1374 3936 Ἰωάννης
1403 3866 1501 3936 μὲν
1533 3866 1814 3936 όρθόδοξος
1842 3864 1939 3930 ὢν,

364 3959 647 4029 ὲνθέσμως
675 3959 1103 4030 κεχειροτόνητο·
1130 3959 1337 4029 Πέτρος
1374 3958 1431 4012 δὲ
1462 3958 1567 4013 ὑπὸ
1599 3959 1694 4012 δύο
1721 3959 1817 4012 καὶ
1845 3958 1944 4026 μό-

2027 1956 2130 2001 set.
2169 1948 2394 2000 Petrum
2434 1960 2602 2015 porro
2651 1960 2763 1999 non
2813 1945 3025 2013 absque
3072 1942 3320 2012 diligenti
3361 1940 3614 1996 examine

2027 2048 2342 2107 promotum
2377 2037 2548 2091 fuisse
2591 2055 2602 2088 :
2637 2035 2844 2106 quippe
2882 2035 2977 2105 qui
3009 2035 3232 2105 propria
3281 2049 3443 2087 manu
3486 2033 3614 2086 sub-

2030 2129 2365 2198 scripsisset,
2397 2127 2656 2197 amplecti
2699 2143 2758 2182 se
2811 2126 2976 2181 ﬁdem
3022 2135 3396 2180 trecentorum
3449 2133 3615 2192 atque

2029 2221 2335 2275 octodecim
2369 2233 2688 2275 sanctorum
2740 2220 2965 2274 Patrum
3015 2217 3112 2287 qui
3164 2217 3400 2271 Nicaaam
3450 2214 3617 2285 354

2030 2314 2162 2368 olim
2219 2322 2600 2368 convenerunt
2653 2327 2867 2382 :quam
2923 2309 3088 2365 ﬁdem
3149 2309 3616 2365 Chalcedonensis

2031 2420 2252 2474 quoque
2324 2405 2566 2474 synodus
2630 2403 3032 2473 comprobavit.
3111 2402 3287 2456 Verba
3367 2401 3615 2470 cpistolze

2033 2497 2270 2551 Zenonis
2291 2497 2407 2550 haec
2437 2505 2603 2551 sunt:
2638 2496 2744 2549 Pro
2779 2505 2934 2551 certo
2963 2495 3164 2549 habere
3197 2494 3386 2557 debes,
3416 2504 3470 2548 et
3502 2494 3617 2562 pie—

2035 2597 2202 2641 tatem
2230 2598 2496 2650 nostram,
2529 2595 2584 2640 et
2615 2602 2780 2656 supra
2811 2593 3175 2640 memoratum
3208 2584 3614 2639 sanctissimum

2034 2678 2278 2740 Petrum,
2314 2687 2371 2730 et
2398 2677 2686 2730 universas
2729 2683 3110 2730 sacrosanctas
3161 2675 3454 2738 Ecclesias,
3494 2690 3619 2728 san-

2036 2770 2348 2823 ctissimum
2368 2767 2818 2822 Chalcedonense
2849 2765 3147 2820 concilium
3177 2767 3430 2835 amplecti
3455 2775 3619 2833 atque

2036 2861 2309 2925 venerari,
2339 2859 2487 2930 quod
2535 2875 2661 2913 cum
2704 2858 2812 2912 ﬁde
2851 2858 3074 2912 concilii
3133 2859 3336 2912 Nicazni
3393 2873 3620 2927 prorsus

2038 2947 2336 3006 consentit.
2387 2952 2446 3004 ln
2490 2951 2688 3005 iisdem
2721 2949 2861 3005 actis
2912 2951 3174 3018 leguntur
3207 2951 3454 3019 epistolae
3504 2957 3619 3003 tum

2038 3044 2227 3114 Cyrilli
2253 3058 2418 3112 supra
2439 3043 2749 3106 memorati,
2782 3051 2838 3096 et
2877 3042 3112 3096 aliorum
3155 3042 3623 3096 archimandrita-

2042 3154 2164 3192 rum
2199 3137 2353 3192 urbis
2382 3137 2563 3207 regiae,
2600 3146 2715 3191 tum
2761 3139 3150 3208 episcoporum
3199 3147 3256 3192 et
3293 3137 3624 3191 clericorum

2045 3231 2371 3303 Egyptiacze
2395 3231 2674 3297 dimcesis,
2704 3233 2770 3286 ad
2800 3234 3039 3288 Felicem
3067 3233 3308 3302 scriptae,
3338 3232 3404 3286 de
3462 3232 3627 3286 Petro

2048 3333 2306 3392 tanquam
2341 3323 2627 3387 haeretico,
2650 3333 2705 3377 et
2737 3323 2804 3378 de
2838 3324 2906 3380 iis
2931 3324 3024 3393 qui
3048 3324 3212 3378 Petro
3250 3323 3630 3376 communica-

2045 3413 2198 3467 bant.
2223 3413 2398 3468 Porro
2428 3415 2685 3468 monachi
2705 3414 3097 3469 Acmmitensis
3121 3414 3461 3475 monasterii,
3500 3429 3627 3467 cum

2047 3500 2112 3553 ad
2155 3501 2392 3555 Felicem
2418 3503 2717 3567 venissent,
2743 3501 3012 3556 Misenum
3040 3518 3104 3557 ac
3138 3503 3372 3557 Vitalem
3407 3518 3633 3556 accusa-

2049 3602 2198 3657 runt,
2257 3593 2406 3663 quod
2464 3604 2593 3648 ante
2663 3595 2961 3650 adventum
3021 3596 3246 3665 quidem
3299 3596 3518 3649 illorum
3573 3595 3631 3648 in

2047 3686 2244 3739 urbem
2287 3686 2518 3757 regiam,
2571 3687 2721 3742 Petri
2771 3703 2974 3745 nomen
3019 3688 3075 3742 in
3128 3688 3302 3743 sacris
3351 3689 3633 3759 diptychis

2047 3777 2264 3831 occulte
2305 3778 2674 3833 recitaretur:
2715 3779 2916 3835 exinde
2952 3795 3084 3834 vero
3133 3780 3355 3850 publice
3411 3780 3632 3834 recitari

2049 3869 2347 3938 cepisset;
2381 3878 2547 3939 atque
2581 3871 2657 3924 ita
2677 3870 2920 3928 Misenus
2947 3887 3014 3926 ac
3057 3872 3251 3926 Vitalis
3293 3872 3345 3926 ei
3381 3887 3634 3926 commu-

2051 3962 2355 4017 nicassent.
2392 3960 2635 4034 Egyptii
2693 3979 2828 4018 vero
2854 3964 2909 4019 in
2967 3964 3084 4019 suis
3113 3964 3316 4018 litteris
3360 3973 3478 4019 tum
3529 3964 3635 4017 ista

1550 4116 1824 4172 VALESH
1879 4110 2446 4175 ANNOTATIONES.

441 4259 552 4329 (l6)
599 4257 1068 4329 ’Υπομνῃστικά.
1096 4256 1590 4329 Νἱοθρὶιοτιιεᾼὴκο
1635 4259 1944 4313 commoni-

363 4327 509 4385 tor'ia
538 4327 642 4395 (sic
666 4327 810 4383 enim
832 4328 1010 4382 Latini
1043 4327 1261 4392 vocant,
1295 4344 1416 4396 quae
1437 4327 1640 4384 Graecis
1675 4329 1944 4383 dicuntur

365 4400 778 4469 (imitmur:sz
794 4399 860 4452 ad
893 4399 1167 4452 Zenonem
1187 4400 1572 4468 imperatorem
1597 4400 1801 4468 scripta
1822 4415 1942 4454 esse

361 4467 719 4527 existimavit.
738 4467 940 4522 Verum
967 4470 1230 4538 Evagrius
1248 4467 1313 4521 ad
1336 4469 1565 4538 Vitalem
1584 4484 1647 4523 ac
1676 4467 1942 4524 Misenum

2123 4260 2140 4328 (
2152 4260 2234 4327 19)
2271 4259 2652 4330 Ἐμςρέρονται
2682 4261 2807 4326 τοῖς
2843 4279 2907 4315 τε
2931 4261 3392 4329 πεπραγμένοις.
3428 4262 3634 4314 Assen-

2123 4278 2234 4328 μθ)
2276 4278 2447 4330 δμςρε
2485 4278 2652 4315 ονττιι
2682 4278 2807 4326 τοις
2843 4279 2907 4315 τε
2931 4278 3392 4329 πεπραγμενοις.
3428 4278 3634 4314 assen-

2051 4329 2414 4385 tiorHenrico
2442 4278 2673 4398 gavilio,
2710 4333 2804 4401 qui
2835 4332 2890 4385 in
2921 4333 3113 4387 codice
3148 4346 3248 4385 suo
3298 4331 3635 4396 emendavit,

2052 4401 2388 4470 ὲμφέρονταί
2417 4418 2476 4455 τε
2507 4403 2619 4461 τοῖς
2643 4403 3077 4472 πεπραγμένοις.
3101 4401 3205 4455 Sed
3237 4401 3495 4472 probare,
3517 4416 3631 4455 non

2089 4485 2274 4541 ossum
2303 4471 2816 4541 interpretationem
2845 4471 3357 4540 ChristophofSoni.
3375 4471 3468 4540 qui
3488 4471 3637 4528 hunc

363 4541 518 4596 sedis
541 4540 851 4633 apostolicae
866 4541 1158 4633 legatoslea
1184 4539 1384 4633 scripta
1400 4537 1761 4633 fuisselldicit.
1781 4539 1942 4596 Certe
1977 4579 2018 4633 θ
2049 4537 2335 4633 locumita
2365 4537 2534 4633 vertit
2559 4561 2571 4595 :
2611 4542 2835 4623 Exstant
2859 4537 3116 4633 ρςεειενᾰᾳ
3151 4543 3206 4594 in
3243 4543 3374 4633 ﬁctis
3393 4537 3637 4633 ejusdem

363 4609 789 4681 commonitoria
836 4609 904 4661 ad
931 4608 1166 4678 legatos
1210 4619 1264 4662 et
1324 4608 1631 4681 huiusmodi
1677 4625 1943 4679 personas
1979 4608 2018 4633 ν
2049 4611 2276 4674 concilii,
2318 4622 2426 4666 etc.
2482 4612 2670 4681 Neque
2699 4608 2867 4666 enim'
2906 4613 3175 4681 Evagrius
3207 4611 3372 4664 ullius
3415 4608 3638 4666 concilii

364 4680 515 4736 mitti
558 4679 827 4740 solebant,
881 4695 991 4732 non
1021 4677 1219 4733 autem
1285 4677 1352 4732 ad
1411 4677 1799 4747 imperatorem
1833 4681 1943 4733 Ro-

364 4764 615 4805 manum.
670 4749 838 4801 Erant
895 4750 1043 4803 enim
1094 4751 1251 4818 quasi
1313 4750 1567 4802 mandata
1625 4758 1686 4804 et.
1736 4752 1946 4804 instru-

364 4824 604 4882 ctiones,
664 4834 800 4888 quas
833 4820 1078 4874 studiose
1109 4821 1404 4875 observare
1433 4819 1708 4874 debebant
1760 4821 1943 4890 legati.

445 4891 558 4958 (17)
595 4890 891 4960 Ὀφείλειν
939 4890 1228 4957 ἀσφαλῶς
1275 4891 1459 4957 ἐχειν.
1517 4891 1748 4944 Rectius
1801 4890 1947 4960 apud

365 4961 744 5083 bNiceglggrum
762 4959 1027 5014 scribitur
1054 4961 1310 5030 ὀφείλεις,
1337 4960 1392 5014 id
1425 4972 1528 5028 est,
1565 4977 1660 5031 pro
1687 4959 1952 5015 certo’ha-

402 5048 491 5083 ere
614 5048 685 5083 es.

365 5035 491 5088 bere
517 5035 685 5084 debes.

446 5102 556 5169 (18)
589 5099 1044 5168 Καλχηδονέων.
1082 5101 1140 5154 ln
1176 5101 1384 5170 optimo
1406 5101 1597 5157 codice
1629 5101 1954 5156 Florentino

369 5173 640 5239 scriptum
700 5172 905 5234 inveni,
947 5171 1364 5240 Καλχηδοναίων
1391 5188 1406 5203 ο
1465 5173 1743 5242 quomodo
1786 5172 1954 5226 etiam

371 5243 802 5311 alibiscriptum
840 5242 1005 5295 habet
1056 5242 1200 5296 idem
1231 5242 1423 5306 codex,
1454 5253 1514 5296 ut
1551 5258 1716 5312 supra
1749 5242 1954 5296 notavi.

373 5313 523 5366 Sane
572 5323 786 5367 veteres
832 5314 1041 5366 nummi
1075 5329 1194 5366 eam
1226 5312 1554 5382 scripturam
1604 5314 1954 5376 conﬁrmant,

369 5392 434 5439 et
456 5391 648 5437 auctor
675 5382 1004 5454 etymologici
1035 5385 1090 5437 in
1117 5397 1252 5438 voce
1285 5384 1607 5453 Καλχηδών.

2052 4683 2392 4736 mentionem
2427 4681 2580 4743 facit,
2628 4681 2725 4735 sed
2760 4682 3142 4736 collectionem
3200 4681 3466 4734 duntaxat
3514 4681 3638 4750 epi-

2053 4753 2320 4806 stolarum
2346 4763 2618 4814 recenset,
2644 4750 2770 4820 'quze
2805 4751 2873 4804 ad
2923 4767 3142 4804 causam
3172 4751 3358 4805 Acacii
3385 4751 3636 4819 pertine-

2054 4823 2208 4876 bant.
2244 4822 2461 4875 Putavit
2481 4821 2692 4875 scilicet
2716 4821 3276 4889 ChristOphorsonus,
3299 4836 3365 4874 ex
3397 4836 3464 4874 eo
3487 4821 3638 4890 quod

2056 4901 2305 4946 actorum
2329 4892 2666 4945 mentionem
2698 4891 2764 4943 ab
2787 4891 3026 4960 Evagrio
3050 4891 3166 4945 ﬁeri
3200 4891 3430 4955 viderat,
3451 4893 3639 4946 statim

2058 4963 2345 5032 consequi,
2383 4971 2444 5016 ut
2475 4962 2590 5015 haec
2614 4960 2668 5014 in
2703 4961 2939 5032 concilio
2989 4971 3110 5015 acta
3154 4960 3383 5032 fuerint.
3429 4961 3636 5032 Verum

2059 5048 2169 5086 nou
2200 5029 2274 5086 ita
2305 5039 2576 5102 perpetuo
2615 5046 2673 5084 se
2715 5045 2805 5084 res
2835 5029 3020 5084 habet.
3049 5032 3184 5102 Acta
3213 5031 3361 5102 enim
3419 5030 3640 5102 simpli-

2058 5105 2200 5157 citer
2225 5100 2420 5156 vocari
2459 5107 2694 5170 possunt
2725 5114 3084 5170 quaecunque
3105 5101 3164 5170 in
3206 5100 3390 5166 aliquo
3418 5101 3641 5170 negotio

2058 5184 2209 5242 gesta
2242 5180 2392 5236 sunt,
2412 5169 2632 5226 etiamsi
2669 5170 2884 5224 nullum
2912 5169 3213 5224 concilium
3252 5179 3348 5224 aut
3365 5169 3642 5241 iudieium

2060 5243 2445 5297 intervenerit.

2134 5313 2246 5380 (9.0)
2305 5312 2372 5364 ΟΣ
2399 5309 2497 5364 καί
2531 5308 2878 5378 διήλετξαν.
2928 5311 3208 5365 Delendus
3253 5320 3338 5365 est
3372 5309 3643 5365 articulus

2061 5382 2483 5453 postpositivus,
2507 5396 2672 5452 quem
2697 5395 2800 5435 nec
2829 5380 3174 5450 Nicephorus
3202 5381 3470 5452 agnoscit.

1839 5522 2229 5580 VARIOBUM.

451 5645 525 5719 (0)
571 5646 686 5719 T0}?
711 5645 780 5698 ἐν
810 5645 1059 5715 Ἀφρικῇ
1088 5643 1728 5719 διωγμοῦηςςεριοηθεῐ
1772 5660 1958 5719 persc-

375 5715 532 5777 cutio
576 5717 830 5773 Africana
867 5733 1014 5771 anno
1055 5716 1179 5771 483.
1232 5719 1348 5770 Duo
1382 5716 1494 5770 illic
1545 5715 1726 5769 edicta
1775 5715 1961 5768 emisit

380 5789 1010 5848 llunncricusadvcrsus
1025 5788 1360 5846 catholicos:
1387 5788 1624 5858 primum
1649 5787 1736 5841 dic
1757 5786 1959 5841 Ascen-

2068 5643 2241 5698 sionis
2269 5643 2571 5699 Dominicae
2606 5643 2736 5699 anni
2765 5643 2906 5708 483;
2939 5637 3240 5697 secundum
3276 5651 3329 5691 vt
3357 5636 3474 5692 Kal.
3497 5634 3642 5691 Mar-

2072 5715 2178 5770 tias
2225 5715 2358 5770 anni
2394 5714 2520 5770 484.
2561 5715 2711 5786 (Ant.
2764 5715 2938 5783 PAGt.)
