4124 6332
1805 301 2119 360 EVAGRH
2161 301 2639 361 SCUOLASTICI
3705 300 3847 363 QUO

2426 412 2737 462 ἐπισκόπων
2779 408 2889 479 (9.1)
2921 411 3319 480 παραπλησίων
3358 411 3506 482 αὐτῷ
3546 410 3647 482 τὴν
3674 429 3846 464 κακον

608 300 749 363 263‘.)

605 425 726 480 qua:
747 409 881 473 dixi,
915 408 980 462 ile
1017 409 1176 461 Petro
1206 407 1553 462 referebant:
1589 418 1701 461 tum
1736 409 1881 477 quod
1940 411 2179 462 Joannes
2211 427 2248 472 β,
2281 429 2382 460 νων

603 500 823 568 quidem
865 500 961 568 qui
1019 507 1138 552 erat
1193 499 1551 564 orthodoxus,
1601 499 1838 569 legitime
1892 500 2159 552 ordinato:

2276 503 2456 568 δοξίαν
2511 501 2916 572 ἐχειροτονήθηο
2955 504 3049 555 καὶ
3091 503 3166 565 ὡς
3209 503 3334 572 ἄρτι
3377 504 3514 573 μετὰ
3536 505 3634 573 τὴν
3668 505 3850 574 φυγὴν

602 592 1058 647 fuissetzPetrus
1097 603 1278 645 autem
1328 609 1358 645 a
1391 591 1609 646 duobus
1659 592 1836 646 solum
1883 592 2156 661 episcopis

2290 595 2557 659 Ἰωάννου,
2595 596 2774 660 πάσης
2823 593 3007 658 αἰκίας
3059 595 3168 647 ἰδέα
3227 596 3368 648 κατὰ
3413 595 3520 647 τῶν
3550 596 3850 666 ὀρθοδόξων

599 686 851 740 eamdem
908 699 1030 738 cum
1069 684 1160 738 illo
1211 684 1460 738 haeresim
1504 683 1914 752 proﬁtentibus,
1962 692 2159 737 crcatu:

2279 686 2573 756 ἑπηνέχθη.
2612 685 2795 738 Ταῦτά
2842 703 2899 737 τε
2941 688 3116 740 πάντα
3145 687 3345 753 γνῶναι
3380 703 3468 739 τον
3501 688 3758 740 Ἀκάκιον
3779 689 3848 740 δι’

595 790 776 831 esset:
809 788 864 832 et
896 778 1042 848 quod
1071 785 1192 843 post
1225 776 1452 830 Joannis
1476 775 1680 846 fugam,
1713 776 1860 830 omni
1885 775 2159 845 supplicio

2278 778 2432 830 ἐνίων
2471 777 2621 847 αότῷ
2650 779 2788 830 κατὰ
2817 779 2912 848 τὴν
2941 778 3207 848 βασιλέως
3234 780 3573 846 ἀφιγμένων,
3603 780 3696 832 καὶ
3723 796 3850 832 συν-

598 885 716 921 rum
758 884 957 938 genere
991 865 1166 919 vexati
1198 865 1432 919 fuissent
1472 865 1786 919 orthodoxi.
1838 866 2014 934 Alque
2062 865 2159 918 llam

2280 869 2438 937 εργδν
2468 870 2525 920 ὲν
2553 870 2717 922 πᾶσιν
2749 870 2930 938 εὑρεῖν
2957 871 3144 940 Πέτρῳ
3171 869 3260 921 τὸν
3309 871 3564 922 ’Λκακιον

598 959 778 1012 omnia
809 959 1068 1012 Acacium
1101 955 1363 1012 didicisse
1388 973 1485 1026 per
1515 955 1802 1024 quosdam,
1826 957 1918 1024 qui
1975 957 2042 1008 ab
2069 958 2206 1011 urbe
2243 958 2608 1012 Alexandrina
2673 958 3203 1028 Constantinopolim
3242 960 3539 1014 venissent.
3597 961 3846 1032 Denique

603 1051 862 1105 eumdem
890 1050 1174 1116 Acacium,
1206 1051 1353 1105 Petri
1401 1048 1786 1102 administrum
1818 1057 1980 1116 atque
2017 1049 2322 1120 adjutorem
2359 1051 2412 1103 in
2440 1053 2699 1106 omnibus
2725 1051 3088 1120 deprehendi.

1216 1163 1368 1218 CAP.
1409 1161 1548 1216 XXI.

596 1257 864 1320 Quomodo
904 1256 1184 1320 Symeones
1204 1258 1491 1308 monac/ms
1530 1256 1906 1318 Acozmitensis,
1947 1253 2168 1306 Romam

665 1275 864 1309 zomoao
904 1275 1184 1309 mmeones
1204 1275 1491 1308 monacnus
1530 1275 1906 1318 ncozmuenm,
1947 1275 2168 1306 numam

665 1330 891 1390 veniens,
935 1275 1130 1396 ligatos
1163 1325 1411 1396 Ecclesia:
1431 1325 1583 1378 Itoni.
1619 1327 1707 1391 qui
1731 1325 2168 1396 Constantinopo-

663 1401 755 1450 lim
787 1394 1062 1459 venerant,
1094 1394 1351 1464 coarguit,
1386 1397 1523 1464 quod
1561 1412 1679 1447 cum
1727 1395 1978 1447 haereticis
2023 1410 2165 1444 coma-

662 1469 1052 1528 mnnicasscnt;
1093 1475 1140 1517 et
1166 1463 1424 1535 quomodo
1453 1463 1608 1534 legati
1633 1473 1680 1516 et
1709 1481 1888 1517 omnes
1929 1479 2162 1515 conmm-

663 1540 922 1589 nicatores
960 1535 1129 1601 Petri,
1158 1552 1189 1587 α
1216 1534 1471 1588 Romanis
1503 1535 1720 1601 depositi
1743 1535 1866 1587 sint.

662 1711 828 1765 Auxit
862 1710 966 1764 ista
997 1724 1108 1764 non
1134 1707 1490 1762 mediocriter
1524 1707 1824 1778 Symeones
1863 1705 2167 1762 monachus

591 1802 993 1866 Acmmitensis,
1022 1801 1254 1854 Romam
1279 1815 1310 1852 a
1338 1799 1545 1866 Cyrillo
1603 1799 1824 1852 missus.
1882 1797 1981 1852 Hic
2019 1800 2167 1852 enim

591 1896 856 1950 Misenum
884 1909 948 1947 ac
975 1892 1207 1947 Vitalem
1229 1890 1499 1960 coarguit,
1533 1889 1681 1958 quod
1718 1889 1991 1943 baareticis
2012 1904 2166 1942 com-

589 1985 988 2048 municassent,
1049 1982 1200 2036 Petri
1260 1982 1484 2035 nomine
1548 1981 1604 2033 in
1652 1979 1824 2034 sacris
1885 1978 2164 2048 Diptychis

589 2075 810 2145 publice
844 2072 1076 2127 recitato
1111 2089 1125 2124 :
1156 2079 1326 2139 atque
1357 2070 1430 2124 ita
1461 2069 1665 2122 multos
1697 2084 1765 2122 ex
1815 2068 2166 2136 simpliciori-

588 2167 696 2219 bus
725 2165 778 2218 in
814 2161 1067 2216 fraudem
1122 2160 1380 2215 inductos
1405 2175 1525 2214 esse
1560 2158 1629 2212 ab
1686 2158 1978 2223 hzereticis,
2040 2173 2164 2210 cum

586 2258 838 2311 dicerent
865 2256 1088 2309 Petrum
1112 2269 1142 2306 a
1177 2254 1420 2307 Romana
1460 2252 1625 2305 etiam
1664 2251 1793 2305 sede
1846 2260 2164 2318 susceptum

587 2365 706 2402 esse
757 2349 811 2401 in
866 2345 1332 2400 conununionem.
1382 2343 1600 2412 Adiecit
1649 2343 1812 2395 etiam
1868 2342 2165 2411 Symeones

588 2440 858 2493 Misenum
893 2452 957 2490 ac
981 2437 1233 2499 Vitalcm,
1265 2450 1390 2488 cum
1416 2434 1576 2488 variae
1596 2434 1929 2502 quaestiones
1958 2446 2162 2500 propo-

587 2533 707 2584 sita:
734 2538 942 2591 essent,
979 2527 1138 2597 355
1175 2528 1418 2580 noluisse
1473 2540 1715 2594 unquam
1752 2523 1992 2591 colloqui
2035 2539 2160 2576 cum

589 2624 699 2676 ullo
745 2621 1207 2682 orthodoxorum,
1238 2628 1334 2672 aut
1377 2618 1595 2671 litteras
1627 2616 1709 2670 eis
1770 2615 2008 2677 tradere,
2059 2629 2160 2667 nec

582 2713 883 2782 quidquam
909 2726 1101 2765 eorum
1133 2726 1254 2779 quae
1278 2718 1476 2764 contra
1520 2717 1724 2762 rectam
1767 2705 1931 2760 ﬁdem
1987 2714 2162 2759 tenta-

582 2809 808 2870 bantur,
850 2807 1190 2858 examinare.
1241 2804 1506 2856 Inductus
1561 2808 1645 2854 est
1676 2801 1844 2854 etiam
1894 2798 2161 2869 Sylvanus

583 2897 894 2967 presbyter,
926 2895 1020 2964 qui
1059 2910 1166 2948 una
1201 2909 1325 2946 cum
1361 2893 1571 2946 Miseno
1603 2905 1667 2945 ac
1700 2891 1874 2946 Vitale
1910 2899 2160 2943 versatus

582 2994 761 3042 luerat
789 2986 1289 3054 Constantinopoli,
1315 2985 1410 3053 qui
1446 2983 1840 3038 monachorum
1884 2980 2030 3034 dicta
2059 2995 2158 3033 suo

585 3081 902 3136 testimonio
935 3077 1302 3133 conﬁrmavit.
1339 3077 1504 3130 Lecta
1534 3084 1618 3129 est
1654 3082 1920 3143 praiterea
1973 3072 2155 3125 Acacii

581 3179 650 3232 ad
689 3175 1036 3245 Simplicium
1075 3171 1329 3241 epistola,
1382 3170 1438 3222 in
1488 3181 1596 3236 qua
1647 3165 1880 3219 Aeacius
1933 3165 2155 3217 Petrum

2836 1164 3095 1236 ,KEMA.
3141 1166 3274 1217 KA'.

2274 1256 2587 1323 Συμεὼνης
2629 1257 2896 1323 μοναχὸς
2925 1253 3121 1324 μονῆς
3167 1255 3286 1308 τῶν
3325 1257 3710 1323 Ἄκοιμήτων,
3755 1260 3844 1320 εις

2356 1329 2586 1392 Ῥώμην
2617 1324 2946 1387 κατελθὼν,
2993 1327 3134 1390 τοὺς
3172 1326 3241 1376 ἐν
3278 1329 3847 1380 Κωνσταντινοινπιτ-

2339 1401 2429 1447 ..Ιει
2465 1395 2924 1458 ἀποσταλέντας
2957 1395 3328 1460 ἐπισκόπους
3353 1395 3511 1462 παρὰ
3544 1398 3847 1463 Ῥωμαίων

2337 1466 2616 1533 διιξλεγξε
2667 1464 3154 1529 κοινωνήσαντας
3213 1464 3335 1526 τοῖς
3363 1466 3695 1531 αἰρετικοῒς·
3743 1469 3843 1517 καί

2332 1538 2411 1599 ὼς
2441 1537 2612 1587 αὐτοί
2634 1552 2695 1587 τε
2718 1535 2813 1586 καὶ
2847 1539 2897 1586 οἱ
2924 1535 3404 1599 κοινωνήσαντες
3429 1537 3650 1603 Πέτρῳ,
3680 1551 3781 1602 παι
3803 1556 3842 1589 ιι

2345 1606 2644 1672 Ῥωμαίων
2667 1603 3107 1671 καθῃρέθησαν.

2348 1716 2651 1787 Ἐπηύξησε
2668 1716 2723 1768 δὲ
2747 1715 2922 1768 ταῦτα
2951 1717 3022 1768 Συ
3033 1715 3249 1785 μεὼνης
3281 1717 3512 1786 μοναχδς
3535 1718 3643 1770 τῶν
3671 1719 3848 1771 ’Λκοιο

2267 1811 2453 1876 μήτων
2491 1809 2519 1858 ὁ
2545 1807 2696 1876 παρά
2719 1805 2992 1872 Κυρίλλου
3032 1807 3265 1866 σταλείς.
3297 1807 3554 1878 Διήλεγξε
3578 1809 3684 1877 γὰρ
3713 1813 3846 1872 τοὺς

2269 1899 2396 1968 περὶ
2434 1899 2656 1951 Μισῖνον
2706 1900 2799 1950 καὶ
2848 1898 3092 1950 Βιτάλιον
3123 1901 3559 1968 κοινωνήσαντας
3600 1903 3712 1963 τοῖς
3751 1902 3844 1952 αὶ-

2269 1992 2532 2059 ρετικοίς,
2597 1989 2894 2059 διαρρήδην
2960 1989 3364 2058 ἐκφωνηθέντος
3431 1989 3525 2041 τοῦ
3578 1990 3846 2053 ὀνόματος

2267 2082 2471 2150 Πέτρου
2523 2082 2578 2132 ὲν
2609 2083 2722 2143 τοῖς
2767 2079 2933 2150 ἱεροῖς
2971 2079 3282 2149 Διπτύχοις,
3325 2081 3419 2133 καὶ
3465 2083 3634 2152 ταύτῃ
3666 2082 3846 2151 ὑπαρο

2266 2174 2459 2241 χοῆναι
2491 2173 2724 2234 πολλοὺς
2769 2171 2879 2223 τῶν
2929 2171 3311 2242 ἁπλουστέρων
3358 2173 3462 2224 ὑπὸ
3491 2174 3597 2225 τῶν
3634 2175 3844 2243 αἱρετι-

2267 2263 2375 2314 κῶν
2401 2303 2413 2324 ,
2463 2262 2729 2329 λεγόντων
2771 2261 3027 2330 δεχθῆναι
3062 2263 3152 2313 τὸν
3203 2263 3407 2331 Πέτρον
3447 2263 3541 2316 καὶ
3578 2263 3711 2330 πρὸς
3743 2264 3844 2317 τοῦ

2263 2354 2362 2420 τῆς
2406 2353 2622 2422 Ῥώμης
2647 2337 2858 2423 θρόνου.
2892 2355 3003 2406 Καὶ
3040 2355 3174 2424 πρὸς
3207 2355 3429 2416 πεύσεις
3465 2355 3520 2408 δὲ
3545 2356 3843 2426 διαφόρους

2264 2443 2449 2509 ἔλεγεν
2485 2443 2512 2493 ὁ
2542 2444 2857 2513 Συμεώνης,
2897 2446 2972 2513 μὴ
3017 2445 3352 2515 ἀνασχέσθαι
3399 2448 3524 2510 τοὺς
3571 2448 3696 2518 περὶ
3726 2449 3838 2500 Μι-

2265 2537 2408 2585 σίνον
2441 2535 2686 2602 ἐντυχεῖν
2723 2535 2990 2605 ὁρθοδόξῳ
3039 2536 3168 2598 τινὶ,
3201 2537 3233 2606 ἢ
3265 2540 3608 2608 γραμμάτων
3641 2540 3840 2591 ἀπέδο-

2264 2641 2346 2675 σιν
2395 2624 2750 2692 ποιήσασθαι,
2804 2626 2838 2694 ἡ
2891 2643 2944 2677 τι
2989 2626 3098 2678 τῶν
3135 2627 3499 2696 τολμωμένων
3546 2630 3684 2681 κατὰ
3735 2633 3840 2698 τῆς

2260 2714 2426 2783 ὀρθῆς
2457 2714 2690 2776 πίστεως
2727 2715 3055 2783 ἁκριϐὦσαι.
3110 2718 3373 2787 Παρήχθη
3426 2719 3519 2771 καὶ
3576 2717 3840 2781 Σιλεανδς

2261 2805 2629 2875 πρεσὸύτερος
2654 2844 2670 2868 ,
2721 2807 2896 2858 συνὼν
2935 2809 3150 2876 Μισίνῳ
3198 2809 3292 2861 καὶ
3329 2808 3561 2877 Βιταὶ-ίῳ
3607 2810 3709 2862 ἀνὰ
3736 2811 3839 2877 τὴν

2263 2896 2696 2958 Κωνσταντίνου,
2741 2896 2801 2959 ὃς
2840 2898 2936 2967 τὴν
2976 2899 3083 2951 τῶν
3135 2899 3381 2969 μωαχῶν
3431 2900 3613 2968 φωνὴν
3646 2899 3840 2953 ἐπεϐε-

2261 2983 2514 3037 6αίωσεν.
2558 2984 2896 3055 ’Δνεγνώσθη
2948 2987 3040 3040 καὶ
3080 2989 3336 3040 Ἀκακίου
3389 2988 3650 3058 ἐπιστολὴ
3701 2990 3841 3059 πρὸς

2263 3075 2579 3142 Σιμπλίκιον
2611 3074 2746 3146 (2‘1),
2766 3077 2998 3144 λέγουσα
3031 3079 3200 3131 πάλαι
3227 3079 3577 3149 καθῃρῆσθαι
3608 3081 3840 3154 Πέτρον,

2261 3167 2354 3218 καὶ
2401 3167 2516 3218 υἱὸν
2563 3167 2756 3229 νυκτὸς
2801 3166 3148 3223 καθεστάναι.
3206 3169 3318 3221 Καὶ
3359 3170 3453 3222 ἐπὶ
3497 3169 3708 3233 τούτοις
3734 3169 3838 3237 τῆς

576 3268 908 3340 jampridem
982 3266 1290 3335 depositum
1366 3260 1537 3314 fuisse
1605 3257 1859 3323 diccbat,
1920 3271 2156 3324 eumque

2266 3259 2567 3328 ἱερωσύνης
2592 3259 3000 3329 ἀπεκινήθησαν
3021 3301 3036 3325 ,
3073 3263 3167 3313 καὶ
3207 3261 3307 3330 τῆς
3337 3262 3609 3331 ἀχράντου
3641 3279 3837 3314 κοινω-

583 3362 762 3414 noctis
795 3359 968 3412 ﬁlium
994 3372 1136 3411 esse.
1172 3355 1267 3408 llis
1290 3353 1358 3406 de
1385 3351 1587 3414 causis,
1614 3350 1856 3403 Misenus
1881 3363 1946 3402 ac
1971 3346 2158 3402 Vitalis

583 3451 896 3505 sacerdotio
930 3449 1096 3520 pulsi,
1128 3455 1182 3501 et
1214 3461 1244 3499 a
1278 3446 1504 3514 mystica
1531 3441 1919 3496 communione
1959 3439 2156 3493 remoti

581 3553 731 3609 sunt,
763 3559 887 3597 cum
940 3541 1198 3595 universa
1229 3537 1469 3608 synodus
1513 3535 1588 3588 ita
1625 3534 1690 3587 ad
1727 3532 1955 3586 verbum
2022 3546 2152 3600 pro-

581 3635 911 3687 nuntiasset.
967 3633 1190 3685 Petrum
1249 3628 1606 3689 hmreticum,
1655 3624 1749 3693 qui
1794 3623 1926 3678 olim
1987 3637 2155 3678 sacrm

581 3726 729 3779 sedis
754 3725 980 3779 decreto
1013 3721 1330 3785 damnatus,
1387 3717 1893 3773 excommunicatus
1929 3721 1986 3768 et
2025 3729 2154 3767 ana-

581 3818 974 3872 thematizatus
1001 3825 1108 3879 est,
1144 3813 1382 3868 Ecclesia
1401 3812 1645 3864 Romana
1671 3825 1780 3864 non
1805 3807 2021 3876 recipit.
2053 3805 2154 3860 Cui

577 3911 795 3965 etiamsi
826 3908 965 3963 nihil
994 3907 1142 3962 aliud
1170 3905 1530 3976 objiceretur,
1560 3901 1644 3956 vel
1678 3902 1783 3956 hoc
1808 3915 1978 3954 unum
2004 3897 2154 3952 solli-

577 4013 750 4069 ceret,
807 4003 956 4072 quod
1011 4002 1080 4056 ab
1129 3999 1407 4055 hmreticis
1473 3996 1779 4055 ordinatus,
1834 3990 2157 4046 orthodoxis

577 4110 812 4165 prmesse
854 4111 963 4148 non
998 4092 1199 4162 potuit.
1235 4089 1385 4143 Istud
1417 4102 1636 4158 quoque
1690 4084 2158 4154 complectebatur

2259 3352 2379 3413 νίας
2411 3350 2792 3420 ἐχωρίσθησαν
2821 3351 3045 3415 Μισῑνὸς
3089 3369 3146 3404 τε
3203 3355 3298 3405 καὶ
3341 3352 3610 3419 Βιτὰλιος,
3656 3355 3836 3424 πάσης

2259 3445 2358 3512 τῆς
2387 3443 2601 3495 συνόδου
2626 3443 3010 3514 ψηφισαμένης
3046 3447 3139 3496 ἐπὶ
3172 3445 3368 3508 λέξεως
3405 3446 3599 3498 ταῦτα’
3629 3447 3836 3516 Πέτρον

2265 3533 2356 3584 τὸν
2381 3532 2654 3602 αἱρετικὸν
2681 3533 2772 3586 τὸν
2792 3535 2884 3586 καὶ
2909 3535 3160 3604 πάλαιςτῇ
3197 3535 3358 3605 ψήφῳ
3390 3537 3486 3604 τῆς
3517 3537 3668 3604 ἱερᾶς
3695 3537 3836 3590 καθο

2259 3623 2419 3692 έδρας
2488 3622 2883 3692 κατακριθέντα
2930 3622 3045 3691 (p),
3093 3623 3549 3692 ἀποκηρυχθέντα
3607 3642 3664 3676 τε
3739 3628 3836 3677 καὶ

2257 3711 2795 3782 ἀναθεματισθέντα,
2836 3713 2869 3781 ἠ
2913 3712 3201 3781 Ῥωμαίων
3248 3715 3540 3785 Ἐκκλησία
3577 3718 3638 3768 οὐ
3681 3716 3836 3786 δέχε-

2256 3824 2369 3859 ται..
2405 3800 2585 3876 τῼτινι
2615 3808 2663 3858 εἰ
2716 3806 2810 3860 καὶ
2841 3807 2916 3876 μὴ
2951 3808 3076 3859 ἄλλο
3109 3825 3160 3858 τι
3189 3808 3518 3872 ἀντετίθετο,
3554 3809 3712 3861 τοῦτο
3735 3810 3836 3879 ἦρ-

2260 3915 2416 3950 κεσεν
2449 3900 2517 3961 τι,
2552 3899 2632 3951 ὅτι
2679 3899 2788 3950 ἀπὸ
2833 3898 3125 3968 αἱρετικῶν
3155 3900 3577 3970 χειροτονηθεὶς,
3604 3901 3713 3953 τῶν
3739 3902 3834 3971 ὁρ-

2259 3987 2487 4053 θοδόξων
2540 3988 2788 4056 ἡγεῖσθαι
2848 3989 2947 4040 οὐκ
3007 3989 3257 4058 ἠδύνατο.
3322 3993 3577 4060 Περιέχει
3632 3991 3690 4044 δὲ
3737 3996 3834 4044 καὶ

2258 4082 2431 4134 τοῦτο·
2467 4084 2719 4138 Ἀκὰκιον
2747 4083 2804 4136 δὲ
2829 4083 2918 4136 τὸν
2940 4084 3038 4154 τῆς
3065 4084 3178 4154 (25)
3206 4086 3832 4148 Κωνσταντινουπόλεως

1885 4214 2115 4271 ὙΑΗΙᾸΞ
2160 4215 2566 4273 LECTIONES.

644 4323 686 4354 ⁷¹
721 4320 782 4374 C.
815 4320 876 4375 C.
905 4319 1140 4388 ἡρκεσεν
1175 4318 1258 4370 ἄν.

1735 4423 2005 4480 VALESll
2048 4422 2604 4479 ANNOTATIONES.

647 4522 756 4591 (2|)
799 4521 946 4574 Ὑπὸ
979 4520 1086 4598 δύο
1119 4521 1330 4598 porco:
1349 4517 1714 4598 émaxdxwr.
1768 4517 1849 4598 Ab
1893 4533 2002 4570 uno
2031 4519 2146 4585 epi-
2172 4520 2224 4577 D

574 4588 763 4663 scopo,
786 4607 965 4660 eoque
996 4591 1254 4663 lueretico
1283 4589 1535 4663 ilongum
1565 4588 2022 4663 ordinatumesse
2054 4603 2144 4663 re:

574 4656 710 4732 liqui
745 4656 938 4717 omnes
979 4661 1248 4715 scribunt.
1273 4658 1382 4732 _lta_
1418 4656 1663 4732 Aeacius
1698 4658 1767 4732 _in
1813 4656 2044 4732 epistola
2075 4656 2140 4732 ad

574 4727 918 4801 Simplicium
945 4747 1160 4800 papam,
1197 4739 1252 4782 et
1273 4727 1422 4801 Felix
1445 4729 1502 4801 in
1520 4727 1750 4801 epistola
1791 4727 2052 4801 synodica
2075 4727 2143 4801 ad

573 4796 764 4856 omnes
786 4796 1086 4855 mena—chos
1107 4810 1162 4854 et
1185 4796 1643 4852 archimandritas
1663 4796 2144 4865 Constantinopoli

573 4874 714 4928 etin
774 4872 1028 4942 Bithynia
1079 4869 1463 4942 consistentes.
1506 4867 1652 4942 Idem
1707 4869 2143 4942 etiaurtestatur

574 4935 940 5011 'l'heophane's
982 4941 1037 4993 in
1068 4939 1368 5011 Clu-onieo,_
1399 4954 1519 5011 pag.
1545 4938 1686 5002 207;
1733 4935 2056 5011 etGelasius
2087 4937 2142 5011 in

574 5007 746 5068 Cestii
779 5013 843 5064 de
873 5014 1082 5064 nomine
1117 5010 1312 5063 Acacii.
1350 5007 1640 5062 Liberatus
1701 5016 1879 5060 tamen
1910 5023 1940 5061 a
1971 5008 2143 5076 pluri-

573 5085 676 5138 bus
699 5083 1018 5136 ordinatum
1039 5080 1177 5134 dicit
1202 5081 1446 5141 Petrum,
1476 5078 1604 5132 licet
1637 5093 1926 5131 numerum
1949 5092 2140 5130 eorum

573 5170 686 5207 non
717 5153 1008 5221 exprimat.

2323 4516 2434 4585 (2‘2)
2450 4515 2729 4568 Ἀκιικίου
2751 4514 3046 4585 ἐπιστολὴ
3070 4515 3218 4585 πρὸς
3241 4514 3619 4584 Σιμπλίκιον.
3641 4515 3830 4572 Exstat

2253 4584 2369 4640 lucc
2421 4586 2651 4654 epistola
2682 4584 2890 4648 Acacii,
2932 4584 3122 4641 Latine
3187 4586 3333 4640 edita
3382 4585 3527 4639 inter
3569 4586 3832 4655 epistolas

2253 4655 2520 4724 Simplicii
2557 4670 2727 4723 papm.
2756 4655 3015 4724 Ejusdem
3036 4656 3283 4725 epistolae
3312 4657 3523 4708 mentio
3553 4658 3611 4708 tit
3635 4656 3689 4708 in
3713 4661 3830 4725 epi-

2254 4729 2394 4779 stola
2429 4726 2626 4779 Fclicis
2681 4739 2871 4794 papae,
2903 4742 3023 4795 qua:
3073 4725 3405 4780 sententiam
3468 4726 3832 4795 depositionis

2252 4796 2438 4850 Acacii
2471 4795 2740 4849 continet.

2322 4865 2431 4934 (25)
2467 4864 2743 4919 Ἀκάκιον
2774 4865 2840 4918 δὲ
2872 4865 2978 4918 τὸν
3010 4865 3138 4932 τῆς.
3172 4865 3503 4920 Particulam
3531 4864 3588 4916 δὲ
3615 4865 3828 4922 addidi-

2251 4952 2373 4990 mus
2405 4952 2470 4990 ex
2494 4935 2684 4989 codice
2709 4934 3052 4998 Florentino,
3081 4951 3202 5004 quae
3230 4936 3464 4990 multum
3490 4935 3630 4988 lucis
3670 4937 3832 4993 aﬂ‘ert

2250 5006 2379 5059 huic
2413 5008 2553 5059 loco.
2587 5007 2642 5059 In
2665 5005 2862 5078 eodem
2892 5006 3084 5078 codice
3139 5007 3458 5078 Florentino
3497 5005 3564 5059 ad
3621 5010 3828 5078 margi-

2250 5092 2376 5129 nem
2428 5077 2624 5128 horum
2658 5076 2996 5146 verborum,
3048 5077 3153 5129 hoc
3205 5076 3477 5146 scholium
3525 5076 3827 5146 ascriptum

2253 5155 2357 5200 est.
2387 5147 2460 5198 Οὐ
2484 5146 2632 5213 λέγει
2661 5139 2816 5209 οὗτος
2848 5147 3081 5199 ἐνταῦθα
3112 5147 3248 5209 τέως
3295 5145 3510 5216 τρανῶς
3541 5148 3630 5198 τὸν
3673 5139 3828 5200 Ἆκά-

2028 5260 2414 5317 νΑΒΙΟΙὶῠΜ.

647 5359 729 5430 (ρ)
765 5356 957 5430 Πάλαι
987 5355 1059 5424 τῇ
1089 5355 1274 5430 ψήφιρ
1313 5353 1426 5430 τῆς
1453 5353 1612 5423 ἱερᾶς
1643 5353 1936 5430 καθέδρας
1969 5370 2150 5406 κατα-

575 5424 866 5498 κρὶθέντα.
931 5429 1155 5480 Petrum
1233 5426 1528 5498 Fullonem
1569 5440 1610 5498 a_
1674 5424 1955 5498 Simplicio
2015 5439 2152 5498 papa

573 5495 889 5555 «iatnnatum
933 5498 1101 5551 fuisse
1149 5496 1391 5551 ostendit
1441 5495 1684 5549 Valesius
1724 5496 1777 5547 iu
1830 5495 2048 5546 Ηίθεοι-ι.
2086 5495 2152 5546 de

577 5577 735 5625 Petro
780 5568 1124 5622 Antiocheno
1173 5567 1239 5619 ad
1284 5565 1444 5619 ﬁnem
1469 5576 1719 5619 notarum
1767 5564 1932 5624 edita.
1959 5565 2149 5632 cap.2.

577 5643 711 5694 Vide
754 5640 920 5694 etiam
943 5639 1070 5707 Pagi
1105 5637 1170 5690 ad
1199 5653 1328 5689 ann.
1366 5637 1505 5707 478.7
1549 5652 1601 5688 η.
1633 5637 1687 5698 4,
1729 5635 1823 5687 ubi
1861 5635 2150 5707 contendit

572 5710 864 5782 epistolam
905 5705 1066 5762 l'etro
1097 5708 1313 5762 Fulloni
1344 5706 1684 5774 inscriptam,
1714 5721 1834 5774 quae
1860 5705 2003 5759 inter
2028 5705 2146 5773 epi-

2259 5353 2428 5406 stolas
2473 5353 2664 5407 Felicis
2697 5354 2800 5409 PP.
2831 5361 3173 5413 rcccnsetur.
3201 5361 3259 5407 et
3281 5353 3506 5423 incipit;
3533 5352 3663 5417 Qui:
3684 5353 3827 5409 dabi‘

2256 5425 2416 5490 capiti
2470 5440 2582 5475 meo
2638 5441 2855 5489 aquam,
2897 5433 3030 5487 etc.,
3078 5439 3273 5477 revera
3320 5441 3349 5477 a
3389 5425 3678 5492 Simplicio
3721 5425 3823 5478 PP-

2256 5495 2621 5562 conscriptam
2655 5494 2846 5548 fuisse.
2879 5494 3011 5547 Vide
3041 5494 3198 5562 plura
3234 5494 3334 5547 hac
3359 5494 3427 5548 de
3461 5509 3517 5547 re
3554 5496 3607 5546 in
3642 5495 3826 5548 Adno-

2254 5565 2553 5617 tationibus
2587 5565 2653 5617 ad
2679 5565 3129 5619 Dissertationem
3177 5564 3376 5617 Valesii
3410 5565 3476 5618 de
3505 5565 3668 5618 Petro
3699 5565 3827 5620 Ful-

2254 5635 2399 5699 lone,
2438 5635 2590 5688 Notis
2625 5635 2744 5704 ejus
2783 5635 3157 5705 subjunctam.
3207 5635 3290 5688 W.
3329 5635 3542 5688 Lowru.
