  <div class='ocr_page' id='page_1' title='image "/cluster/home/n/w/nwhite01/storage/ocr_20150623/86 pars.2/pst.000005712885/491.png"; bbox 0 0 4124 6332; ppageno 0'>
   <div class='ocr_carea' id='block_1_1' title="bbox 562 390 700 456">
    <p class='ocr_par' dir='ltr' id='par_1_1' title="bbox 562 390 700 456">
     <span class='ocr_line' id='line_1_1' title="bbox 562 390 700 456; baseline -0.014 0"><span class='ocrx_word' id='word_1_1' title='bbox 562 390 700 456; x_wconf 67' lang='grc'><strong>9643</strong></span> 
     </span>
    </p>
   </div>
   <div class='ocr_carea' id='block_1_2' title="bbox 1773 397 2608 461">
    <p class='ocr_par' dir='ltr' id='par_1_2' title="bbox 1773 397 2608 461">
     <span class='ocr_line' id='line_1_2' title="bbox 1773 397 2608 461; baseline -0.005 -4"><span class='ocrx_word' id='word_1_2' title='bbox 1773 399 2087 458; x_wconf 80' lang='lat' dir='ltr'><strong>EVAGRII</strong></span> <span class='ocrx_word' id='word_1_3' title='bbox 2122 398 2404 461; x_wconf 88' lang='lat' dir='ltr'><strong>SCHOLA</strong></span> <span class='ocrx_word' id='word_1_4' title='bbox 2414 397 2579 457; x_wconf 87' lang='lat' dir='ltr'><strong>STIC</strong></span> <span class='ocrx_word' id='word_1_5' title='bbox 2586 397 2608 453; x_wconf 83' lang='grc' dir='ltr'><strong>Ι</strong></span> 
     </span>
    </p>
   </div>
   <div class='ocr_carea' id='block_1_3' title="bbox 3668 381 3809 446">
    <p class='ocr_par' dir='ltr' id='par_1_3' title="bbox 3668 381 3809 446">
     <span class='ocr_line' id='line_1_3' title="bbox 3668 381 3809 446; baseline -0.014 0"><span class='ocrx_word' id='word_1_6' title='bbox 3668 381 3809 446; x_wconf 77' lang='grc'><strong>2644</strong></span> 
     </span>
    </p>
   </div>
   <div class='ocr_carea' id='block_1_4' title="bbox 557 492 2132 577">
    <p class='ocr_par' dir='ltr' id='par_1_4' title="bbox 557 501 2132 575">
     <span class='ocr_line' id='line_1_4' title="bbox 557 501 2132 575; baseline 0.003 -20"><span class='ocrx_word' id='word_1_7' title='bbox 557 501 950 567; x_wconf 98' lang='lat' dir='ltr'><strong>damnavisset,</strong></span> <span class='ocrx_word' id='word_1_8' title='bbox 973 502 1248 575; x_wconf 85' lang='lat' dir='ltr'><strong>episcopis</strong></span> <span class='ocrx_word' id='word_1_9' title='bbox 1263 504 1594 575; x_wconf 82' lang='lat' dir='ltr'><strong>quibusdam</strong></span> <span class='ocrx_word' id='word_1_10' title='bbox 1616 505 2132 560; x_wconf 88' lang='lat' dir='ltr'><strong>etarchimandritis</strong></span> 
     </span>
    </p>
   </div>
   <div class='ocr_carea' id='block_1_5' title="bbox 2234 492 3814 577">
    <p class='ocr_par' dir='ltr' id='par_1_5' title="bbox 2236 492 3814 577">
     <span class='ocr_line' id='line_1_5' title="bbox 2236 492 3814 577; baseline -0.008 -19"><span class='ocrx_word' id='word_1_11' title='bbox 2236 505 2551 577; x_wconf 74' lang='grc' dir='ltr'>πραγμὲνα,</span> <span class='ocrx_word' id='word_1_12' title='bbox 2582 503 2676 557; x_wconf 77' lang='grc' dir='ltr'><strong>καὶ</strong></span> <span class='ocrx_word' id='word_1_13' title='bbox 2699 507 2824 565; x_wconf 76' lang='grc' dir='ltr'>τοὺς</span> <span class='ocrx_word' id='word_1_14' title='bbox 2862 500 2936 571; x_wconf 80' lang='grc' dir='ltr'><strong>μὴ</strong></span> <span class='ocrx_word' id='word_1_15' title='bbox 2957 496 3279 568; x_wconf 80' lang='grc' dir='ltr'>δεχομένους</span> <span class='ocrx_word' id='word_1_16' title='bbox 3309 494 3377 548; x_wconf 79' lang='grc' dir='ltr'>τὰ</span> <span class='ocrx_word' id='word_1_17' title='bbox 3402 492 3814 565; x_wconf 68' lang='grc' dir='ltr'>ωγγρᾷμματα</span> 
     </span>
    </p>
   </div>
   <div class='ocr_carea' id='block_1_6' title="bbox 556 591 2137 666">
    <p class='ocr_par' dir='ltr' id='par_1_6' title="bbox 556 591 2137 666">
     <span class='ocr_line' id='line_1_6' title="bbox 556 591 2137 666; baseline 0.004 -21"><span class='ocrx_word' id='word_1_18' title='bbox 556 591 850 661; x_wconf 84' lang='lat' dir='ltr'><strong>persuasit.</strong></span> <span class='ocrx_word' id='word_1_19' title='bbox 886 601 946 646; x_wconf 90' lang='lat' dir='ltr'><strong>ut</strong></span> <span class='ocrx_word' id='word_1_20' title='bbox 972 592 1077 647; x_wconf 86' lang='lat' dir='ltr'><strong>sibi</strong></span> <span class='ocrx_word' id='word_1_21' title='bbox 1108 595 1602 652; x_wconf 78' lang='lat' dir='ltr'><strong>communicarent.</strong></span> <span class='ocrx_word' id='word_1_22' title='bbox 1644 596 1712 649; x_wconf 88' lang='lat' dir='ltr'><strong>Et</strong></span> <span class='ocrx_word' id='word_1_23' title='bbox 1734 596 1991 666; x_wconf 88' lang='lat' dir='ltr'><strong>quoniam</strong></span> <span class='ocrx_word' id='word_1_24' title='bbox 2015 596 2137 652; x_wconf 89' lang='lat' dir='ltr'><strong>aliis</strong></span> 
     </span>
    </p>
   </div>
   <div class='ocr_carea' id='block_1_7' title="bbox 558 682 2135 756">
    <p class='ocr_par' dir='ltr' id='par_1_7' title="bbox 558 682 2135 756">
     <span class='ocr_line' id='line_1_7' title="bbox 558 682 2135 756; baseline 0.004 -21"><span class='ocrx_word' id='word_1_25' title='bbox 558 682 703 736; x_wconf 80' lang='lat' dir='ltr'><strong>idem</strong></span> <span class='ocrx_word' id='word_1_26' title='bbox 732 683 1062 753; x_wconf 87' lang='lat' dir='ltr'><strong>persuadere</strong></span> <span class='ocrx_word' id='word_1_27' title='bbox 1089 701 1200 739; x_wconf 88' lang='lat' dir='ltr'><strong>non</strong></span> <span class='ocrx_word' id='word_1_28' title='bbox 1236 695 1511 756; x_wconf 88' lang='lat' dir='ltr'><strong>potuerat,</strong></span> <span class='ocrx_word' id='word_1_29' title='bbox 1547 688 1815 756; x_wconf 91' lang='lat' dir='ltr'><strong>plurimos</strong></span> <span class='ocrx_word' id='word_1_30' title='bbox 1851 696 2135 742; x_wconf 89' lang='lat' dir='ltr'><strong>monaste-</strong></span> 
     </span>
    </p>
   </div>
   <div class='ocr_carea' id='block_1_8' title="bbox 557 772 2133 846">
    <p class='ocr_par' dir='ltr' id='par_1_8' title="bbox 557 772 2133 846">
     <span class='ocr_line' id='line_1_8' title="bbox 557 772 2133 846; baseline 0.006 -23"><span class='ocrx_word' id='word_1_31' title='bbox 557 772 654 825; x_wconf 86' lang='lat' dir='ltr'><strong>riis</strong></span> <span class='ocrx_word' id='word_1_32' title='bbox 676 772 791 826; x_wconf 89' lang='lat' dir='ltr'><strong>suis</strong></span> <span class='ocrx_word' id='word_1_33' title='bbox 808 773 1006 843; x_wconf 76' lang='lat' dir='ltr'><strong>exegit.</strong></span> <span class='ocrx_word' id='word_1_34' title='bbox 1035 774 1180 841; x_wconf 87' lang='lat' dir='ltr'><strong>Quas</strong></span> <span class='ocrx_word' id='word_1_35' title='bbox 1201 774 1275 829; x_wconf 88' lang='lat' dir='ltr'><strong>ob</strong></span> <span class='ocrx_word' id='word_1_36' title='bbox 1292 789 1485 830; x_wconf 86' lang='lat' dir='ltr'><strong>causas</strong></span> <span class='ocrx_word' id='word_1_37' title='bbox 1512 776 1813 846; x_wconf 89' lang='lat' dir='ltr'><strong>Nephalius</strong></span> <span class='ocrx_word' id='word_1_38' title='bbox 1837 778 1903 832; x_wconf 89' lang='lat' dir='ltr'><strong>ad</strong></span> <span class='ocrx_word' id='word_1_39' title='bbox 1937 778 2133 833; x_wconf 84' lang='lat' dir='ltr'><strong>urbem</strong></span> 
     </span>
    </p>
   </div>
   <div class='ocr_carea' id='block_1_9' title="bbox 558 864 2131 934">
    <p class='ocr_par' dir='ltr' id='par_1_9' title="bbox 558 864 2131 934">
     <span class='ocr_line' id='line_1_9' title="bbox 558 864 2131 934; baseline 0.004 -19"><span class='ocrx_word' id='word_1_40' title='bbox 558 864 761 933; x_wconf 77' lang='lat' dir='ltr'><strong>regiam</strong></span> <span class='ocrx_word' id='word_1_41' title='bbox 803 866 1104 934; x_wconf 86' lang='lat' dir='ltr'><strong>profectus,</strong></span> <span class='ocrx_word' id='word_1_42' title='bbox 1161 881 1276 921; x_wconf 87' lang='lat' dir='ltr'><strong>rem</strong></span> <span class='ocrx_word' id='word_1_43' title='bbox 1325 883 1545 922; x_wconf 90' lang='lat' dir='ltr'><strong>omnem</strong></span> <span class='ocrx_word' id='word_1_44' title='bbox 1580 869 1789 923; x_wconf 87' lang='lat' dir='ltr'><strong>Zenoni</strong></span> <span class='ocrx_word' id='word_1_45' title='bbox 1833 868 2131 924; x_wconf 73' lang='lat' dir='ltr'><strong>nuntiavit.</strong></span> 
     </span>
    </p>
   </div>
   <div class='ocr_carea' id='block_1_10' title="bbox 554 954 2136 1026">
    <p class='ocr_par' dir='ltr' id='par_1_10' title="bbox 554 954 2136 1026">
     <span class='ocr_line' id='line_1_10' title="bbox 554 954 2136 1026; baseline 0.004 -18"><span class='ocrx_word' id='word_1_46' title='bbox 554 954 650 1009; x_wconf 88' lang='lat' dir='ltr'><strong>Ille</strong></span> <span class='ocrx_word' id='word_1_47' title='bbox 680 958 920 1026; x_wconf 79' lang='lat' dir='ltr'><strong>graviter</strong></span> <span class='ocrx_word' id='word_1_48' title='bbox 963 966 1309 1020; x_wconf 86' lang='lat' dir='ltr'><strong>commotus,</strong></span> <span class='ocrx_word' id='word_1_49' title='bbox 1355 958 1633 1023; x_wconf 86' lang='lat' dir='ltr'><strong>Cosmam,</strong></span> <span class='ocrx_word' id='word_1_50' title='bbox 1687 977 1859 1016; x_wconf 89' lang='lat' dir='ltr'><strong>unum</strong></span> <span class='ocrx_word' id='word_1_51' title='bbox 1910 977 1977 1015; x_wconf 89' lang='lat' dir='ltr'><strong>ex</strong></span> <span class='ocrx_word' id='word_1_52' title='bbox 2018 962 2136 1016; x_wconf 89' lang='lat' dir='ltr'><strong>suis</strong></span> 
     </span>
    </p>
   </div>
   <div class='ocr_carea' id='block_1_11' title="bbox 554 1049 2134 1123">
    <p class='ocr_par' dir='ltr' id='par_1_11' title="bbox 554 1049 2134 1123">
     <span class='ocr_line' id='line_1_11' title="bbox 554 1049 2134 1123; baseline 0.007 -23"><span class='ocrx_word' id='word_1_53' title='bbox 554 1049 999 1116; x_wconf 87' lang='lat' dir='ltr'><strong>protectoribus,</strong></span> <span class='ocrx_word' id='word_1_54' title='bbox 1064 1050 1455 1107; x_wconf 80' lang='lat' dir='ltr'><strong>Alexandriam</strong></span> <span class='ocrx_word' id='word_1_55' title='bbox 1515 1053 1702 1118; x_wconf 85' lang='lat' dir='ltr'><strong>misit,</strong></span> <span class='ocrx_word' id='word_1_56' title='bbox 1761 1054 1855 1123; x_wconf 90' lang='lat' dir='ltr'><strong>qui</strong></span> <span class='ocrx_word' id='word_1_57' title='bbox 1907 1054 2134 1111; x_wconf 77' lang='lat' dir='ltr'><strong>unitatis</strong></span> 
     </span>
    </p>
   </div>
   <div class='ocr_carea' id='block_1_12' title="bbox 555 1139 2134 1213">
    <p class='ocr_par' dir='ltr' id='par_1_12' title="bbox 555 1139 2134 1213">
     <span class='ocr_line' id='line_1_12' title="bbox 555 1139 2134 1213; baseline 0.005 -21"><span class='ocrx_word' id='word_1_58' title='bbox 555 1153 720 1193; x_wconf 90' lang='lat' dir='ltr'><strong>causa</strong></span> <span class='ocrx_word' id='word_1_59' title='bbox 758 1139 1109 1208; x_wconf 86' lang='lat' dir='ltr'><strong>gravissimas</strong></span> <span class='ocrx_word' id='word_1_60' title='bbox 1153 1140 1329 1195; x_wconf 91' lang='lat' dir='ltr'><strong>minas</strong></span> <span class='ocrx_word' id='word_1_61' title='bbox 1378 1142 1541 1197; x_wconf 87' lang='lat' dir='ltr'><strong>Petro</strong></span> <span class='ocrx_word' id='word_1_62' title='bbox 1581 1143 1908 1205; x_wconf 87' lang='lat' dir='ltr'><strong>intentaret,</strong></span> <span class='ocrx_word' id='word_1_63' title='bbox 1943 1152 2134 1213; x_wconf 84' lang='lat' dir='ltr'><strong>utpote</strong></span> 
     </span>
    </p>
   </div>
   <div class='ocr_carea' id='block_1_13' title="bbox 554 1230 2135 1303">
    <p class='ocr_par' dir='ltr' id='par_1_13' title="bbox 554 1230 2135 1303">
     <span class='ocr_line' id='line_1_13' title="bbox 554 1230 2135 1303; baseline 0.005 -20"><span class='ocrx_word' id='word_1_64' title='bbox 554 1230 651 1299; x_wconf 89' lang='lat' dir='ltr'><strong>qui</strong></span> <span class='ocrx_word' id='word_1_65' title='bbox 684 1232 977 1285; x_wconf 79' lang='lat' dir='ltr'><strong>maximam</strong></span> <span class='ocrx_word' id='word_1_66' title='bbox 1014 1232 1413 1288; x_wconf 86' lang='lat' dir='ltr'><strong>dissensionem</strong></span> <span class='ocrx_word' id='word_1_67' title='bbox 1438 1234 1735 1303; x_wconf 89' lang='lat' dir='ltr'><strong>asperitate</strong></span> <span class='ocrx_word' id='word_1_68' title='bbox 1770 1250 1867 1288; x_wconf 88' lang='lat' dir='ltr'><strong>sua</strong></span> <span class='ocrx_word' id='word_1_69' title='bbox 1900 1236 2135 1291; x_wconf 86' lang='lat' dir='ltr'><strong>excitas-</strong></span> 
     </span>
    </p>
   </div>
   <div class='ocr_carea' id='block_1_14' title="bbox 555 1322 2135 1396">
    <p class='ocr_par' dir='ltr' id='par_1_14' title="bbox 555 1322 2135 1396">
     <span class='ocr_line' id='line_1_14' title="bbox 555 1322 2135 1396; baseline 0.004 -20"><span class='ocrx_word' id='word_1_70' title='bbox 555 1331 663 1377; x_wconf 76' lang='lat' dir='ltr'><strong>set.</strong></span> <span class='ocrx_word' id='word_1_71' title='bbox 691 1322 895 1379; x_wconf 83' lang='lat' dir='ltr'><strong>Verum</strong></span> <span class='ocrx_word' id='word_1_72' title='bbox 915 1324 1165 1389; x_wconf 89' lang='lat' dir='ltr'><strong>Cosmas,</strong></span> <span class='ocrx_word' id='word_1_73' title='bbox 1196 1340 1323 1380; x_wconf 90' lang='lat' dir='ltr'><strong>cum</strong></span> <span class='ocrx_word' id='word_1_74' title='bbox 1353 1326 1492 1381; x_wconf 87' lang='lat' dir='ltr'><strong>nihil</strong></span> <span class='ocrx_word' id='word_1_75' title='bbox 1529 1327 1631 1396; x_wconf 87' lang='lat' dir='ltr'><strong>ipsi</strong></span> <span class='ocrx_word' id='word_1_76' title='bbox 1658 1342 1725 1381; x_wconf 90' lang='lat' dir='ltr'><strong>ex</strong></span> <span class='ocrx_word' id='word_1_77' title='bbox 1756 1336 1885 1381; x_wconf 81' lang='lat' dir='ltr'><strong>voto</strong></span> <span class='ocrx_word' id='word_1_78' title='bbox 1917 1342 2135 1383; x_wconf 87' lang='lat' dir='ltr'><strong>succes-</strong></span> 
     </span>
    </p>
   </div>
   <div class='ocr_carea' id='block_1_15' title="bbox 554 1409 2133 1487">
    <p class='ocr_par' dir='ltr' id='par_1_15' title="bbox 554 1409 2133 1487">
     <span class='ocr_line' id='line_1_15' title="bbox 554 1409 2133 1487; baseline 0.006 -23"><span class='ocrx_word' id='word_1_79' title='bbox 554 1409 740 1476; x_wconf 87' lang='lat' dir='ltr'><strong>sisset,</strong></span> <span class='ocrx_word' id='word_1_80' title='bbox 781 1412 1315 1484; x_wconf 80' lang='lat' dir='ltr'><strong>ConstantinOpolim</strong></span> <span class='ocrx_word' id='word_1_81' title='bbox 1356 1415 1675 1481; x_wconf 86' lang='lat' dir='ltr'><strong>revertitur,</strong></span> <span class='ocrx_word' id='word_1_82' title='bbox 1722 1417 2008 1473; x_wconf 86' lang='lat' dir='ltr'><strong>monachis</strong></span> <span class='ocrx_word' id='word_1_83' title='bbox 2037 1418 2133 1487; x_wconf 87' lang='lat' dir='ltr'><strong>qui</strong></span> 
     </span>
    </p>
   </div>
   <div class='ocr_carea' id='block_1_16' title="bbox 553 1501 2134 1571">
    <p class='ocr_par' dir='ltr' id='par_1_16' title="bbox 553 1501 2134 1571">
     <span class='ocr_line' id='line_1_16' title="bbox 553 1501 2134 1571; baseline 0.006 -18"><span class='ocrx_word' id='word_1_84' title='bbox 553 1501 767 1571; x_wconf 80' lang='lat' dir='ltr'><strong>expulsi</strong></span> <span class='ocrx_word' id='word_1_85' title='bbox 793 1502 1033 1568; x_wconf 78' lang='lat' dir='ltr'><strong>fuerant,</strong></span> <span class='ocrx_word' id='word_1_86' title='bbox 1066 1504 1121 1557; x_wconf 91' lang='lat' dir='ltr'><strong>in</strong></span> <span class='ocrx_word' id='word_1_87' title='bbox 1155 1520 1253 1559; x_wconf 89' lang='lat' dir='ltr'><strong>sua</strong></span> <span class='ocrx_word' id='word_1_88' title='bbox 1283 1505 1561 1559; x_wconf 90' lang='lat' dir='ltr'><strong>domicilia</strong></span> <span class='ocrx_word' id='word_1_89' title='bbox 1599 1507 1889 1560; x_wconf 83' lang='lat' dir='ltr'><strong>restitutis.</strong></span> <span class='ocrx_word' id='word_1_90' title='bbox 1919 1507 2134 1562; x_wconf 85' lang='lat' dir='ltr'><strong>Rursus</strong></span> 
     </span>
    </p>
   </div>
   <div class='ocr_carea' id='block_1_17' title="bbox 558 1594 2132 1667">
    <p class='ocr_par' dir='ltr' id='par_1_17' title="bbox 558 1594 2132 1667">
     <span class='ocr_line' id='line_1_17' title="bbox 558 1594 2132 1667; baseline 0.004 -22"><span class='ocrx_word' id='word_1_91' title='bbox 558 1594 741 1662; x_wconf 89' lang='lat' dir='ltr'><strong>itaque</strong></span> <span class='ocrx_word' id='word_1_92' title='bbox 772 1594 1069 1665; x_wconf 85' lang='lat' dir='ltr'><strong>imperator</strong></span> <span class='ocrx_word' id='word_1_93' title='bbox 1095 1597 1388 1652; x_wconf 90' lang='lat' dir='ltr'><strong>Arsenium</strong></span> <span class='ocrx_word' id='word_1_94' title='bbox 1419 1598 1608 1659; x_wconf 88' lang='lat' dir='ltr'><strong>mittit,</strong></span> <span class='ocrx_word' id='word_1_95' title='bbox 1632 1613 1795 1667; x_wconf 89' lang='lat' dir='ltr'><strong>quem</strong></span> <span class='ocrx_word' id='word_1_96' title='bbox 1812 1598 2132 1667; x_wconf 72' lang='lat' dir='ltr'><strong>przel&#39;ectum</strong></span> 
     </span>
    </p>
   </div>
   <div class='ocr_carea' id='block_1_18' title="bbox 551 1681 2129 1759">
    <p class='ocr_par' dir='ltr' id='par_1_18' title="bbox 551 1681 2129 1759">
     <span class='ocr_line' id='line_1_18' title="bbox 551 1681 2129 1759; baseline 0.004 -22"><span class='ocrx_word' id='word_1_97' title='bbox 551 1681 770 1755; x_wconf 65' lang='lat' dir='ltr'><strong>[Egypti</strong></span> <span class='ocrx_word' id='word_1_98' title='bbox 798 1696 855 1740; x_wconf 93' lang='lat' dir='ltr'><strong>et</strong></span> <span class='ocrx_word' id='word_1_99' title='bbox 883 1686 1080 1741; x_wconf 91' lang='lat' dir='ltr'><strong>ducem</strong></span> <span class='ocrx_word' id='word_1_100' title='bbox 1131 1688 1209 1742; x_wconf 88' lang='lat' dir='ltr'><strong>rei</strong></span> <span class='ocrx_word' id='word_1_101' title='bbox 1261 1688 1518 1743; x_wconf 88' lang='lat' dir='ltr'><strong>militaris</strong></span> <span class='ocrx_word' id='word_1_102' title='bbox 1551 1689 1713 1743; x_wconf 89' lang='lat' dir='ltr'><strong>simul</strong></span> <span class='ocrx_word' id='word_1_103' title='bbox 1760 1699 2129 1759; x_wconf 87' lang='lat' dir='ltr'><strong>promoverat.</strong></span> 
     </span>
    </p>
   </div>
   <div class='ocr_carea' id='block_1_19' title="bbox 560 1776 2127 1852">
    <p class='ocr_par' dir='ltr' id='par_1_19' title="bbox 560 1776 2127 1852">
     <span class='ocr_line' id='line_1_19' title="bbox 560 1776 2127 1852; baseline 0.004 -21"><span class='ocrx_word' id='word_1_104' title='bbox 560 1776 662 1843; x_wconf 84' lang='lat' dir='ltr'><strong>Qui</strong></span> <span class='ocrx_word' id='word_1_105' title='bbox 719 1794 827 1833; x_wconf 88' lang='lat' dir='ltr'><strong>una</strong></span> <span class='ocrx_word' id='word_1_106' title='bbox 875 1793 1001 1833; x_wconf 89' lang='lat' dir='ltr'><strong>cum</strong></span> <span class='ocrx_word' id='word_1_107' title='bbox 1054 1780 1322 1849; x_wconf 80' lang='lat' dir='ltr'><strong>Nephalio</strong></span> <span class='ocrx_word' id='word_1_108' title='bbox 1376 1781 1762 1836; x_wconf 83' lang='lat' dir='ltr'><strong>Alexandriam</strong></span> <span class='ocrx_word' id='word_1_109' title='bbox 1812 1782 2127 1852; x_wconf 87' lang='lat' dir='ltr'><strong>ingressus,</strong></span> 
     </span>
    </p>
   </div>
   <div class='ocr_carea' id='block_1_20' title="bbox 2236 583 3815 667">
    <p class='ocr_par' dir='ltr' id='par_1_20' title="bbox 2236 583 3815 667">
     <span class='ocr_line' id='line_1_20' title="bbox 2236 583 3815 667; baseline -0.01 -16"><span class='ocrx_word' id='word_1_110' title='bbox 2236 598 2533 667; x_wconf 81' lang='grc' dir='ltr'>Διοσκόρου</span> <span class='ocrx_word' id='word_1_111' title='bbox 2576 595 2671 648; x_wconf 69' lang='grc' dir='ltr'><strong>καὶ</strong></span> <span class='ocrx_word' id='word_1_112' title='bbox 2704 592 2994 663; x_wconf 83' lang='grc' dir='ltr'>Τιμοθέου.</span> <span class='ocrx_word' id='word_1_113' title='bbox 3027 590 3138 643; x_wconf 73' lang='grc' dir='ltr'><strong>Καὶ</strong></span> <span class='ocrx_word' id='word_1_114' title='bbox 3165 586 3241 650; x_wconf 79' lang='grc' dir='ltr'>ὡς</span> <span class='ocrx_word' id='word_1_115' title='bbox 3288 586 3417 648; x_wconf 74' lang='grc' dir='ltr'>τοὺς</span> <span class='ocrx_word' id='word_1_116' title='bbox 3460 584 3659 648; x_wconf 76' lang='grc' dir='ltr'>ἄλλους</span> <span class='ocrx_word' id='word_1_117' title='bbox 3700 583 3815 636; x_wconf 72' lang='grc' dir='ltr'>πείο</span> 
     </span>
    </p>
   </div>
   <div class='ocr_carea' id='block_1_21' title="bbox 2236 674 3819 753">
    <p class='ocr_par' dir='ltr' id='par_1_21' title="bbox 2236 674 3819 753">
     <span class='ocr_line' id='line_1_21' title="bbox 2236 674 3819 753; baseline -0.011 -12"><span class='ocrx_word' id='word_1_118' title='bbox 2236 687 2351 741; x_wconf 80' lang='grc' dir='ltr'>Θειν</span> <span class='ocrx_word' id='word_1_119' title='bbox 2375 686 2477 739; x_wconf 83' lang='grc' dir='ltr'><strong>οὐκ</strong></span> <span class='ocrx_word' id='word_1_120' title='bbox 2503 684 2676 753; x_wconf 73' lang='grc' dir='ltr'>ἴσχυε,</span> <span class='ocrx_word' id='word_1_121' title='bbox 2718 683 2845 746; x_wconf 64' lang='grc' dir='ltr'>τοὺς</span> <span class='ocrx_word' id='word_1_122' title='bbox 2875 679 3157 740; x_wconf 81' lang='grc' dir='ltr'><strong>πλείστους</strong></span> <span class='ocrx_word' id='word_1_123' title='bbox 3199 676 3265 729; x_wconf 75' lang='grc' dir='ltr'><strong>ὲκ</strong></span> <span class='ocrx_word' id='word_1_124' title='bbox 3305 674 3418 727; x_wconf 79' lang='grc' dir='ltr'>τῶν</span> <span class='ocrx_word' id='word_1_125' title='bbox 3455 674 3673 728; x_wconf 74' lang='grc' dir='ltr'>οἰκείων</span> <span class='ocrx_word' id='word_1_126' title='bbox 3702 674 3819 726; x_wconf 76' lang='grc' dir='ltr'><strong>ἀπ-</strong></span> 
     </span>
    </p>
   </div>
   <div class='ocr_carea' id='block_1_22' title="bbox 2234 761 3817 847">
    <p class='ocr_par' dir='ltr' id='par_1_22' title="bbox 2234 761 3817 847">
     <span class='ocr_line' id='line_1_22' title="bbox 2234 761 3817 847; baseline -0.011 -17"><span class='ocrx_word' id='word_1_127' title='bbox 2234 778 2431 847; x_wconf 82' lang='grc' dir='ltr'>ήλαυνε</span> <span class='ocrx_word' id='word_1_128' title='bbox 2472 772 2871 846; x_wconf 73' lang='grc' dir='ltr'><strong>μοναστηρξων·</strong></span> <span class='ocrx_word' id='word_1_129' title='bbox 2898 770 2982 841; x_wconf 77' lang='grc' dir='ltr'><strong>ἐφ’</strong></span> <span class='ocrx_word' id='word_1_130' title='bbox 3004 762 3085 833; x_wconf 73' lang='grc' dir='ltr'>οἷς</span> <span class='ocrx_word' id='word_1_131' title='bbox 3117 765 3398 837; x_wconf 80' lang='grc' dir='ltr'>Νηφάλιος</span> <span class='ocrx_word' id='word_1_132' title='bbox 3439 762 3545 818; x_wconf 76' lang='grc' dir='ltr'><strong>ἀνὰ</strong></span> <span class='ocrx_word' id='word_1_133' title='bbox 3578 763 3680 834; x_wconf 82' lang='grc' dir='ltr'><strong>τὴν</strong></span> <span class='ocrx_word' id='word_1_134' title='bbox 3716 761 3817 832; x_wconf 85' lang='grc' dir='ltr'><strong>βα-</strong></span> 
     </span>
    </p>
   </div>
   <div class='ocr_carea' id='block_1_23' title="bbox 2238 856 3815 938">
    <p class='ocr_par' dir='ltr' id='par_1_23' title="bbox 2238 856 3815 938">
     <span class='ocr_line' id='line_1_23' title="bbox 2238 856 3815 938; baseline -0.011 -16"><span class='ocrx_word' id='word_1_135' title='bbox 2238 869 2427 931; x_wconf 82' lang='grc' dir='ltr'>σιλέως</span> <span class='ocrx_word' id='word_1_136' title='bbox 2463 866 2575 938; x_wconf 75' lang='lat'><strong>(27)</strong></span> <span class='ocrx_word' id='word_1_137' title='bbox 2605 865 2893 933; x_wconf 84' lang='grc' dir='ltr'>γενόμενος</span> <span class='ocrx_word' id='word_1_138' title='bbox 2921 903 2936 927; x_wconf 85' lang='grc'><strong><em>,</em></strong></span> <span class='ocrx_word' id='word_1_139' title='bbox 2988 861 3057 915; x_wconf 83' lang='grc' dir='ltr'>τὰ</span> <span class='ocrx_word' id='word_1_140' title='bbox 3098 859 3230 931; x_wconf 74' lang='grc' dir='ltr'>περὶ</span> <span class='ocrx_word' id='word_1_141' title='bbox 3265 856 3470 911; x_wconf 84' lang='grc' dir='ltr'>τούτων</span> <span class='ocrx_word' id='word_1_142' title='bbox 3517 856 3815 926; x_wconf 78' lang='grc' dir='ltr'><strong>ἀνήγγειλε</strong></span> 
     </span>
    </p>
   </div>
   <div class='ocr_carea' id='block_1_24' title="bbox 2235 948 3816 1030">
    <p class='ocr_par' dir='ltr' id='par_1_24' title="bbox 2235 948 3816 1030">
     <span class='ocr_line' id='line_1_24' title="bbox 2235 948 3816 1030; baseline -0.01 -15"><span class='ocrx_word' id='word_1_143' title='bbox 2235 960 2313 1030; x_wconf 81' lang='grc' dir='ltr'>τῷ</span> <span class='ocrx_word' id='word_1_144' title='bbox 2335 963 2567 1029; x_wconf 83' lang='grc' dir='ltr'><strong>Ζήνωνι.</strong></span> <span class='ocrx_word' id='word_1_145' title='bbox 2595 959 2691 1020; x_wconf 83' lang='grc' dir='ltr'>’ος</span> <span class='ocrx_word' id='word_1_146' title='bbox 2718 953 3133 1024; x_wconf 80' lang='grc' dir='ltr'>συνταραχθεὶς,</span> <span class='ocrx_word' id='word_1_147' title='bbox 3161 951 3389 1021; x_wconf 80' lang='grc' dir='ltr'>Κοσμᾶν</span> <span class='ocrx_word' id='word_1_148' title='bbox 3416 948 3693 1016; x_wconf 72' lang='grc' dir='ltr'><strong>ἐκπέμπει</strong></span> <span class='ocrx_word' id='word_1_149' title='bbox 3716 948 3816 999; x_wconf 77' lang='grc' dir='ltr'><strong>ενα</strong></span> 
     </span>
    </p>
   </div>
   <div class='ocr_carea' id='block_1_25' title="bbox 2234 1038 3814 1116">
    <p class='ocr_par' dir='ltr' id='par_1_25' title="bbox 2234 1038 3814 1116">
     <span class='ocr_line' id='line_1_25' title="bbox 2234 1038 3814 1116; baseline -0.009 -11"><span class='ocrx_word' id='word_1_150' title='bbox 2234 1053 2343 1105; x_wconf 82' lang='grc' dir='ltr'><strong>τῶν</strong></span> <span class='ocrx_word' id='word_1_151' title='bbox 2376 1048 2794 1112; x_wconf 77' lang='grc' dir='ltr'>ὑπασπιζόντων</span> <span class='ocrx_word' id='word_1_152' title='bbox 2831 1045 3001 1116; x_wconf 83' lang='grc' dir='ltr'><strong>αὐτῷ,</strong></span> <span class='ocrx_word' id='word_1_153' title='bbox 3038 1043 3237 1115; x_wconf 82' lang='grc' dir='ltr'>μυρίας</span> <span class='ocrx_word' id='word_1_154' title='bbox 3282 1042 3425 1095; x_wconf 81' lang='grc' dir='ltr'>κατὰ.</span> <span class='ocrx_word' id='word_1_155' title='bbox 3463 1038 3671 1112; x_wconf 82' lang='grc' dir='ltr'><strong>Πέτρου</strong></span> <span class='ocrx_word' id='word_1_156' title='bbox 3711 1039 3814 1106; x_wconf 76' lang='grc' dir='ltr'>τῆς</span> 
     </span>
    </p>
   </div>
   <div class='ocr_carea' id='block_1_26' title="bbox 2235 1128 3816 1210">
    <p class='ocr_par' dir='ltr' id='par_1_26' title="bbox 2235 1128 3816 1210">
     <span class='ocr_line' id='line_1_26' title="bbox 2235 1128 3816 1210; baseline -0.01 -14"><span class='ocrx_word' id='word_1_157' title='bbox 2235 1141 2481 1203; x_wconf 80' lang='grc' dir='ltr'>ὲνὼσεως</span> <span class='ocrx_word' id='word_1_158' title='bbox 2517 1140 2679 1210; x_wconf 81' lang='grc' dir='ltr'>χάριν</span> <span class='ocrx_word' id='word_1_159' title='bbox 2735 1136 3132 1206; x_wconf 75' lang='grc' dir='ltr'><strong>ἐπιφερόμενον</strong></span> <span class='ocrx_word' id='word_1_160' title='bbox 3177 1131 3429 1195; x_wconf 75' lang='grc' dir='ltr'>ἀπειλὰς,</span> <span class='ocrx_word' id='word_1_161' title='bbox 3482 1128 3557 1193; x_wconf 79' lang='grc' dir='ltr'>ὡς</span> <span class='ocrx_word' id='word_1_162' title='bbox 3603 1130 3670 1199; x_wconf 81' lang='grc' dir='ltr'>δὴ</span> <span class='ocrx_word' id='word_1_163' title='bbox 3722 1128 3816 1181; x_wconf 76' lang='grc' dir='ltr'>διὰ</span> 
     </span>
    </p>
   </div>
   <div class='ocr_carea' id='block_1_27' title="bbox 2233 1221 3819 1301">
    <p class='ocr_par' dir='ltr' id='par_1_27' title="bbox 2233 1221 3819 1301">
     <span class='ocr_line' id='line_1_27' title="bbox 2233 1221 3819 1301; baseline -0.01 -15"><span class='ocrx_word' id='word_1_164' title='bbox 2233 1235 2333 1301; x_wconf 83' lang='grc' dir='ltr'>τῆς</span> <span class='ocrx_word' id='word_1_165' title='bbox 2368 1231 2577 1293; x_wconf 73' lang='grc' dir='ltr'>οἰκείας</span> <span class='ocrx_word' id='word_1_166' title='bbox 2605 1227 2945 1300; x_wconf 80' lang='grc' dir='ltr'>τραχύτητος</span> <span class='ocrx_word' id='word_1_167' title='bbox 2993 1226 3275 1280; x_wconf 82' lang='grc' dir='ltr'>διάστασιν</span> <span class='ocrx_word' id='word_1_168' title='bbox 3332 1221 3577 1292; x_wconf 81' lang='grc' dir='ltr'><strong>μεγάλην</strong></span> <span class='ocrx_word' id='word_1_169' title='bbox 3623 1221 3819 1289; x_wconf 74' lang='grc' dir='ltr'>εἰργα-</span> 
     </span>
    </p>
   </div>
   <div class='ocr_carea' id='block_1_28' title="bbox 2235 1310 3817 1393">
    <p class='ocr_par' dir='ltr' id='par_1_28' title="bbox 2235 1310 3817 1393">
     <span class='ocr_line' id='line_1_28' title="bbox 2235 1310 3817 1393; baseline -0.01 -18"><span class='ocrx_word' id='word_1_170' title='bbox 2235 1322 2457 1393; x_wconf 78' lang='grc' dir='ltr'>σμένου.</span> <span class='ocrx_word' id='word_1_171' title='bbox 2495 1319 2606 1374; x_wconf 78' lang='grc' dir='ltr'><strong>Καὶ</strong></span> <span class='ocrx_word' id='word_1_172' title='bbox 2638 1318 2865 1389; x_wconf 76' lang='grc' dir='ltr'>μηδενὸς</span> <span class='ocrx_word' id='word_1_173' title='bbox 2896 1314 2989 1369; x_wconf 81' lang='grc' dir='ltr'>τοῦ</span> <span class='ocrx_word' id='word_1_174' title='bbox 3027 1316 3073 1347; x_wconf 83' lang='grc'><strong>⁷¹</strong></span> <span class='ocrx_word' id='word_1_175' title='bbox 3100 1314 3240 1367; x_wconf 84' lang='grc' dir='ltr'>κατὰ</span> <span class='ocrx_word' id='word_1_176' title='bbox 3272 1311 3474 1365; x_wconf 84' lang='grc' dir='ltr'>σκοπόν</span> <span class='ocrx_word' id='word_1_177' title='bbox 3508 1310 3558 1363; x_wconf 76' lang='lat' dir='ltr'><strong>ot</strong></span> <span class='ocrx_word' id='word_1_178' title='bbox 3594 1325 3817 1379; x_wconf 85' lang='grc' dir='ltr'>προχω-</span> 
     </span>
    </p>
   </div>
   <div class='ocr_carea' id='block_1_29' title="bbox 2237 1401 3812 1485">
    <p class='ocr_par' dir='ltr' id='par_1_29' title="bbox 2237 1401 3812 1485">
     <span class='ocr_line' id='line_1_29' title="bbox 2237 1401 3812 1485; baseline -0.009 -18"><span class='ocrx_word' id='word_1_179' title='bbox 2237 1417 2519 1485; x_wconf 81' lang='grc' dir='ltr'>ρήσαντος,</span> <span class='ocrx_word' id='word_1_180' title='bbox 2548 1410 2816 1480; x_wconf 81' lang='grc' dir='ltr'><strong>ἀνεχώρει</strong></span> <span class='ocrx_word' id='word_1_181' title='bbox 2850 1409 2987 1479; x_wconf 84' lang='grc' dir='ltr'>πρὸς</span> <span class='ocrx_word' id='word_1_182' title='bbox 3036 1408 3135 1477; x_wconf 76' lang='grc' dir='ltr'><strong>τὴν</strong></span> <span class='ocrx_word' id='word_1_183' title='bbox 3193 1404 3458 1476; x_wconf 80' lang='grc' dir='ltr'>βασιλέως</span> <span class='ocrx_word' id='word_1_184' title='bbox 3501 1403 3531 1455; x_wconf 85' lang='grc' dir='ltr'><strong>ό</strong></span> <span class='ocrx_word' id='word_1_185' title='bbox 3557 1401 3812 1470; x_wconf 77' lang='grc' dir='ltr'>Κοσμᾶς.</span> 
     </span>
    </p>
   </div>
   <div class='ocr_carea' id='block_1_30' title="bbox 2235 1491 3811 1576">
    <p class='ocr_par' dir='ltr' id='par_1_30' title="bbox 2235 1491 3811 1576">
     <span class='ocr_line' id='line_1_30' title="bbox 2235 1491 3811 1576; baseline -0.011 -18"><span class='ocrx_word' id='word_1_186' title='bbox 2235 1505 2422 1576; x_wconf 86' lang='grc' dir='ltr'>μόνοις</span> <span class='ocrx_word' id='word_1_187' title='bbox 2453 1504 2567 1565; x_wconf 75' lang='grc' dir='ltr'>τοῖς</span> <span class='ocrx_word' id='word_1_188' title='bbox 2606 1500 2959 1555; x_wconf 82' lang='grc' dir='ltr'>ἀπελαθεϊσιν</span> <span class='ocrx_word' id='word_1_189' title='bbox 3004 1498 3235 1560; x_wconf 81' lang='grc' dir='ltr'>ἀποδοὺς</span> <span class='ocrx_word' id='word_1_190' title='bbox 3263 1496 3443 1549; x_wconf 77' lang='grc' dir='ltr'>οἰκεῖα</span> <span class='ocrx_word' id='word_1_191' title='bbox 3472 1491 3811 1561; x_wconf 81' lang='grc' dir='ltr'>καταγὼνια·</span> 
     </span>
    </p>
   </div>
   <div class='ocr_carea' id='block_1_31' title="bbox 2233 1584 3817 1665">
    <p class='ocr_par' dir='ltr' id='par_1_31' title="bbox 2233 1584 3817 1665">
     <span class='ocr_line' id='line_1_31' title="bbox 2233 1584 3817 1665; baseline -0.01 -16"><span class='ocrx_word' id='word_1_192' title='bbox 2233 1598 2327 1649; x_wconf 75' lang='grc' dir='ltr'><strong>καὶ</strong></span> <span class='ocrx_word' id='word_1_193' title='bbox 2368 1596 2649 1665; x_wconf 87' lang='grc' dir='ltr'>πέμπεται</span> <span class='ocrx_word' id='word_1_194' title='bbox 2697 1588 2853 1655; x_wconf 83' lang='grc' dir='ltr'>αὖθις</span> <span class='ocrx_word' id='word_1_195' title='bbox 2904 1591 3043 1663; x_wconf 87' lang='grc' dir='ltr'>πρὸς</span> <span class='ocrx_word' id='word_1_196' title='bbox 3094 1589 3187 1643; x_wconf 81' lang='grc' dir='ltr'><strong>τοῦ</strong></span> <span class='ocrx_word' id='word_1_197' title='bbox 3242 1586 3509 1659; x_wconf 80' lang='grc' dir='ltr'>βασιλέως</span> <span class='ocrx_word' id='word_1_198' title='bbox 3537 1584 3817 1655; x_wconf 78' lang='grc' dir='ltr'>’Δρσὲνιος</span> 
     </span>
    </p>
   </div>
   <div class='ocr_carea' id='block_1_32' title="bbox 2230 1674 3815 1757">
    <p class='ocr_par' dir='ltr' id='par_1_32' title="bbox 2230 1674 3815 1757">
     <span class='ocr_line' id='line_1_32' title="bbox 2230 1674 3815 1757; baseline -0.009 -17"><span class='ocrx_word' id='word_1_199' title='bbox 2230 1685 2455 1757; x_wconf 75' lang='grc' dir='ltr'><strong>ἡγεμὼν</strong></span> <span class='ocrx_word' id='word_1_200' title='bbox 2482 1684 2760 1752; x_wconf 73' lang='grc' dir='ltr'><strong>Αἰγύπτου</strong></span> <span class='ocrx_word' id='word_1_201' title='bbox 2795 1700 2856 1737; x_wconf 86' lang='grc' dir='ltr'><strong>τε</strong></span> <span class='ocrx_word' id='word_1_202' title='bbox 2887 1683 2982 1736; x_wconf 80' lang='grc' dir='ltr'><strong>καὶ</strong></span> <span class='ocrx_word' id='word_1_203' title='bbox 3009 1681 3120 1734; x_wconf 82' lang='grc' dir='ltr'><strong>τῶν</strong></span> <span class='ocrx_word' id='word_1_204' title='bbox 3146 1677 3558 1750; x_wconf 81' lang='grc' dir='ltr'><strong>στρατιωτικῶν</strong></span> <span class='ocrx_word' id='word_1_205' title='bbox 3592 1674 3815 1745; x_wconf 79' lang='grc' dir='ltr'>ταγμά-</span> 
     </span>
    </p>
   </div>
   <div class='ocr_carea' id='block_1_33' title="bbox 2229 1767 3819 1849">
    <p class='ocr_par' dir='ltr' id='par_1_33' title="bbox 2229 1767 3819 1849">
     <span class='ocr_line' id='line_1_33' title="bbox 2229 1767 3819 1849; baseline -0.008 -17"><span class='ocrx_word' id='word_1_206' title='bbox 2229 1797 2337 1832; x_wconf 76' lang='grc' dir='ltr'>των</span> <span class='ocrx_word' id='word_1_207' title='bbox 2371 1777 2835 1849; x_wconf 69' lang='grc' dir='ltr'>προδεδλημένος·</span> <span class='ocrx_word' id='word_1_208' title='bbox 2865 1774 2925 1838; x_wconf 81' lang='grc' dir='ltr'>ὃς</span> <span class='ocrx_word' id='word_1_209' title='bbox 2975 1774 3073 1827; x_wconf 81' lang='grc' dir='ltr'>σὺν</span> <span class='ocrx_word' id='word_1_210' title='bbox 3102 1770 3368 1843; x_wconf 80' lang='grc' dir='ltr'>Νηφαλίῳ</span> <span class='ocrx_word' id='word_1_211' title='bbox 3422 1769 3521 1841; x_wconf 76' lang='grc' dir='ltr'><strong>τὴν</strong></span> <span class='ocrx_word' id='word_1_212' title='bbox 3560 1767 3819 1832; x_wconf 74' lang='grc' dir='ltr'><strong>Ἀλεξάν-</strong></span> 
     </span>
    </p>
   </div>
   <div class='ocr_carea' id='block_1_34' title="bbox 558 1857 2132 1943">
    <p class='ocr_par' dir='ltr' id='par_1_34' title="bbox 558 1868 2132 1943">
     <span class='ocr_line' id='line_1_34' title="bbox 558 1868 2132 1943; baseline 0.006 -24"><span class='ocrx_word' id='word_1_213' title='bbox 558 1868 723 1923; x_wconf 89' lang='lat' dir='ltr'><strong>verba</strong></span> <span class='ocrx_word' id='word_1_214' title='bbox 749 1868 879 1924; x_wconf 90' lang='lat' dir='ltr'><strong>fecit</strong></span> <span class='ocrx_word' id='word_1_215' title='bbox 920 1870 989 1924; x_wconf 91' lang='lat' dir='ltr'><strong>de</strong></span> <span class='ocrx_word' id='word_1_216' title='bbox 1030 1872 1346 1926; x_wconf 86' lang='lat' dir='ltr'><strong>concordia.</strong></span> <span class='ocrx_word' id='word_1_217' title='bbox 1393 1871 1498 1927; x_wconf 86' lang='lat' dir='ltr'><strong>Sed</strong></span> <span class='ocrx_word' id='word_1_218' title='bbox 1535 1887 1659 1927; x_wconf 87' lang='lat' dir='ltr'><strong>cum</strong></span> <span class='ocrx_word' id='word_1_219' title='bbox 1693 1874 2020 1943; x_wconf 85' lang='lat' dir='ltr'><strong>persuadere</strong></span> <span class='ocrx_word' id='word_1_220' title='bbox 2053 1875 2132 1929; x_wconf 83' lang='lat' dir='ltr'><strong>eis</strong></span> 
     </span>
    </p>
   </div>
   <div class='ocr_carea' id='block_1_35' title="bbox 2234 1857 3814 1943">
    <p class='ocr_par' dir='ltr' id='par_1_35' title="bbox 2236 1857 3814 1943">
     <span class='ocr_line' id='line_1_35' title="bbox 2236 1857 3814 1943; baseline -0.009 -19"><span class='ocrx_word' id='word_1_221' title='bbox 2236 1872 2360 1943; x_wconf 90' lang='grc' dir='ltr'>δρου</span> <span class='ocrx_word' id='word_1_222' title='bbox 2402 1866 2777 1940; x_wconf 81' lang='grc' dir='ltr'>κατειληφὼς,</span> <span class='ocrx_word' id='word_1_223' title='bbox 2810 1868 3001 1935; x_wconf 87' lang='grc' dir='ltr'>λόγους</span> <span class='ocrx_word' id='word_1_224' title='bbox 3050 1865 3180 1933; x_wconf 78' lang='grc' dir='ltr'>περὶ</span> <span class='ocrx_word' id='word_1_225' title='bbox 3218 1864 3317 1934; x_wconf 81' lang='grc' dir='ltr'>τῆς</span> <span class='ocrx_word' id='word_1_226' title='bbox 3351 1860 3598 1922; x_wconf 70' lang='grc' dir='ltr'>ινώσεως</span> <span class='ocrx_word' id='word_1_227' title='bbox 3620 1857 3814 1913; x_wconf 66' lang='grc' dir='ltr'>ἐκίνει·</span> 
     </span>
    </p>
   </div>
   <div class='ocr_carea' id='block_1_36' title="bbox 555 1959 2130 2027">
    <p class='ocr_par' dir='ltr' id='par_1_36' title="bbox 555 1959 2130 2027">
     <span class='ocr_line' id='line_1_36' title="bbox 555 1959 2130 2027; baseline 0.004 -16"><span class='ocrx_word' id='word_1_228' title='bbox 555 1972 665 2012; x_wconf 87' lang='lat' dir='ltr'><strong>non</strong></span> <span class='ocrx_word' id='word_1_229' title='bbox 693 1959 981 2027; x_wconf 88' lang='lat' dir='ltr'><strong>potuisset,</strong></span> <span class='ocrx_word' id='word_1_230' title='bbox 1008 1960 1304 2016; x_wconf 88' lang='lat' dir='ltr'><strong>nonnullos</strong></span> <span class='ocrx_word' id='word_1_231' title='bbox 1330 1976 1522 2017; x_wconf 91' lang='lat' dir='ltr'><strong>eorum</strong></span> <span class='ocrx_word' id='word_1_232' title='bbox 1566 1962 1715 2017; x_wconf 91' lang='lat' dir='ltr'><strong>misit</strong></span> <span class='ocrx_word' id='word_1_233' title='bbox 1739 1963 2130 2018; x_wconf 83' lang='lat' dir='ltr'><strong>Constantino-</strong></span> 
     </span>
    </p>
   </div>
   <div class='ocr_carea' id='block_1_37' title="bbox 551 2048 2127 2120">
    <p class='ocr_par' dir='ltr' id='par_1_37' title="bbox 551 2048 2127 2120">
     <span class='ocr_line' id='line_1_37' title="bbox 551 2048 2127 2120; baseline 0.003 -18"><span class='ocrx_word' id='word_1_234' title='bbox 551 2048 742 2117; x_wconf 88' lang='lat' dir='ltr'><strong>polim.</strong></span> <span class='ocrx_word' id='word_1_235' title='bbox 771 2048 848 2104; x_wconf 85' lang='lat' dir='ltr'><strong>Ac</strong></span> <span class='ocrx_word' id='word_1_236' title='bbox 872 2050 1042 2104; x_wconf 88' lang='lat' dir='ltr'><strong>multa</strong></span> <span class='ocrx_word' id='word_1_237' title='bbox 1072 2050 1296 2120; x_wconf 80' lang='lat' dir='ltr'><strong>quidem</strong></span> <span class='ocrx_word' id='word_1_238' title='bbox 1325 2058 1394 2106; x_wconf 90' lang='lat' dir='ltr'><strong>de</strong></span> <span class='ocrx_word' id='word_1_239' title='bbox 1423 2052 1660 2107; x_wconf 91' lang='lat' dir='ltr'><strong>concilio</strong></span> <span class='ocrx_word' id='word_1_240' title='bbox 1690 2052 2127 2108; x_wconf 84' lang='lat' dir='ltr'><strong>Chalcedonensi</strong></span> 
     </span>
    </p>
   </div>
   <div class='ocr_carea' id='block_1_38' title="bbox 549 2140 2129 2215">
    <p class='ocr_par' dir='ltr' id='par_1_38' title="bbox 549 2140 2129 2215">
     <span class='ocr_line' id='line_1_38' title="bbox 549 2140 2129 2215; baseline 0.004 -22"><span class='ocrx_word' id='word_1_241' title='bbox 549 2140 826 2209; x_wconf 83' lang='lat' dir='ltr'><strong>disputata</strong></span> <span class='ocrx_word' id='word_1_242' title='bbox 861 2149 992 2196; x_wconf 89' lang='lat' dir='ltr'><strong>sunt</strong></span> <span class='ocrx_word' id='word_1_243' title='bbox 1030 2156 1216 2196; x_wconf 90' lang='lat' dir='ltr'><strong>coram</strong></span> <span class='ocrx_word' id='word_1_244' title='bbox 1251 2142 1494 2199; x_wconf 86' lang='lat' dir='ltr'><strong>Zenone.</strong></span> <span class='ocrx_word' id='word_1_245' title='bbox 1548 2144 1695 2197; x_wconf 83' lang='lat' dir='ltr'><strong>Nihil</strong></span> <span class='ocrx_word' id='word_1_246' title='bbox 1731 2154 1913 2199; x_wconf 89' lang='lat' dir='ltr'><strong>tamen</strong></span> <span class='ocrx_word' id='word_1_247' title='bbox 1948 2144 2129 2215; x_wconf 85' lang='lat' dir='ltr'><strong>perfe-</strong></span> 
     </span>
    </p>
   </div>
   <div class='ocr_carea' id='block_1_39' title="bbox 548 2234 2127 2305">
    <p class='ocr_par' dir='ltr' id='par_1_39' title="bbox 548 2234 2127 2305">
     <span class='ocr_line' id='line_1_39' title="bbox 548 2234 2127 2305; baseline 0.003 -19"><span class='ocrx_word' id='word_1_248' title='bbox 548 2242 697 2287; x_wconf 89' lang='lat' dir='ltr'><strong>ctum</strong></span> <span class='ocrx_word' id='word_1_249' title='bbox 725 2241 829 2293; x_wconf 81' lang='lat' dir='ltr'><strong>est,</strong></span> <span class='ocrx_word' id='word_1_250' title='bbox 863 2241 1155 2305; x_wconf 85' lang='lat' dir='ltr'><strong>propterea</strong></span> <span class='ocrx_word' id='word_1_251' title='bbox 1184 2234 1331 2304; x_wconf 93' lang='lat' dir='ltr'><strong>quod</strong></span> <span class='ocrx_word' id='word_1_252' title='bbox 1358 2235 1505 2291; x_wconf 82' lang='lat' dir='ltr'><strong>Zeno</strong></span> <span class='ocrx_word' id='word_1_253' title='bbox 1526 2236 1961 2292; x_wconf 90' lang='lat' dir='ltr'><strong>Chalcedonensi</strong></span> <span class='ocrx_word' id='word_1_254' title='bbox 1995 2252 2127 2292; x_wconf 89' lang='lat' dir='ltr'><strong>con-</strong></span> 
     </span>
    </p>
   </div>
   <div class='ocr_carea' id='block_1_40' title="bbox 548 2324 1391 2383">
    <p class='ocr_par' dir='ltr' id='par_1_40' title="bbox 548 2324 1391 2383">
     <span class='ocr_line' id='line_1_40' title="bbox 548 2324 1391 2383; baseline 0.005 -5"><span class='ocrx_word' id='word_1_255' title='bbox 548 2324 677 2381; x_wconf 88' lang='lat' dir='ltr'><strong>cilio</strong></span> <span class='ocrx_word' id='word_1_256' title='bbox 707 2326 933 2381; x_wconf 89' lang='lat' dir='ltr'><strong>minime</strong></span> <span class='ocrx_word' id='word_1_257' title='bbox 966 2328 1391 2383; x_wconf 88' lang='lat' dir='ltr'><strong>assentiebatur.</strong></span> 
     </span>
    </p>
   </div>
   <div class='ocr_carea' id='block_1_41' title="bbox 1144 2441 1523 2498">
    <p class='ocr_par' dir='ltr' id='par_1_41' title="bbox 1144 2441 1523 2498">
     <span class='ocr_line' id='line_1_41' title="bbox 1144 2441 1523 2498; baseline 0.003 -1"><span class='ocrx_word' id='word_1_258' title='bbox 1144 2442 1297 2497; x_wconf 81' lang='lat' dir='ltr'><strong>CAP.</strong></span> <span class='ocrx_word' id='word_1_259' title='bbox 1333 2441 1523 2498; x_wconf 75' lang='lat' dir='ltr'><strong>XXIII.</strong></span> 
     </span>
    </p>
   </div>
   <div class='ocr_carea' id='block_1_42' title="bbox 547 2527 2134 2604">
    <p class='ocr_par' dir='ltr' id='par_1_42' title="bbox 547 2527 2134 2604">
     <span class='ocr_line' id='line_1_42' title="bbox 547 2527 2134 2604; baseline 0.007 -24"><span class='ocrx_word' id='word_1_260' title='bbox 547 2527 626 2583; x_wconf 87' lang='lat' dir='ltr'><strong>De</strong></span> <span class='ocrx_word' id='word_1_261' title='bbox 660 2527 881 2604; x_wconf 62' lang='lat' dir='ltr'><strong>Fravita</strong></span> <span class='ocrx_word' id='word_1_262' title='bbox 909 2540 957 2583; x_wconf 91' lang='lat' dir='ltr'><strong>ct</strong></span> <span class='ocrx_word' id='word_1_263' title='bbox 980 2531 1278 2604; x_wconf 14' lang='lat' dir='ltr'><strong>AEuphemio</strong></span> <span class='ocrx_word' id='word_1_264' title='bbox 1302 2532 1903 2604; x_wconf 81' lang='lat' dir='ltr'><strong>Constantinopolitanis</strong></span> <span class='ocrx_word' id='word_1_265' title='bbox 1937 2539 2134 2604; x_wconf 86' lang='lat' dir='ltr'><strong>episco-</strong></span> 
     </span>
    </p>
   </div>
   <div class='ocr_carea' id='block_1_43' title="bbox 614 2600 2132 2672">
    <p class='ocr_par' dir='ltr' id='par_1_43' title="bbox 614 2600 2132 2672">
     <span class='ocr_line' id='line_1_43' title="bbox 614 2600 2132 2672; baseline 0.006 -21"><span class='ocrx_word' id='word_1_266' title='bbox 614 2600 912 2672; x_wconf 10' lang='lat' dir='ltr'><strong>pis;_etrde</strong></span> <span class='ocrx_word' id='word_1_267' title='bbox 955 2600 1247 2672; x_wconf 66' lang='lat' dir='ltr'><strong>Athanasio</strong></span> <span class='ocrx_word' id='word_1_268' title='bbox 1279 2619 1343 2656; x_wconf 90' lang='lat' dir='ltr'><strong>ac</strong></span> <span class='ocrx_word' id='word_1_269' title='bbox 1382 2603 1589 2657; x_wconf 81' lang='lat' dir='ltr'><strong>Joanne</strong></span> <span class='ocrx_word' id='word_1_270' title='bbox 1620 2600 2032 2672; x_wconf 72' lang='lat' dir='ltr'><strong>Alexandrinis;</strong></span> <span class='ocrx_word' id='word_1_271' title='bbox 2081 2617 2132 2660; x_wconf 89' lang='lat' dir='ltr'><strong>et</strong></span> 
     </span>
    </p>
   </div>
   <div class='ocr_carea' id='block_1_44' title="bbox 615 2669 2129 2741">
    <p class='ocr_par' dir='ltr' id='par_1_44' title="bbox 615 2669 2129 2741">
     <span class='ocr_line' id='line_1_44' title="bbox 615 2669 2129 2741; baseline 0.006 -19"><span class='ocrx_word' id='word_1_272' title='bbox 615 2670 682 2722; x_wconf 88' lang='lat' dir='ltr'><strong>de</strong></span> <span class='ocrx_word' id='word_1_273' title='bbox 716 2669 962 2741; x_wconf 85' lang='lat' dir='ltr'><strong>Palladio</strong></span> <span class='ocrx_word' id='word_1_274' title='bbox 992 2689 1055 2725; x_wconf 88' lang='lat' dir='ltr'><strong>ac</strong></span> <span class='ocrx_word' id='word_1_275' title='bbox 1082 2670 1340 2726; x_wconf 76' lang='lat' dir='ltr'><strong>Flaviano</strong></span> <span class='ocrx_word' id='word_1_276' title='bbox 1362 2675 1699 2730; x_wconf 82' lang='lat' dir='ltr'><strong>Antiochenis</strong></span> <span class='ocrx_word' id='word_1_277' title='bbox 1719 2718 1732 2741; x_wconf 96' lang='lat'><strong>,</strong></span> <span class='ocrx_word' id='word_1_278' title='bbox 1767 2679 1890 2730; x_wconf 83' lang='lat' dir='ltr'><strong>item</strong></span> <span class='ocrx_word' id='word_1_279' title='bbox 1915 2678 1978 2729; x_wconf 81' lang='lat' dir='ltr'><strong>de</strong></span> <span class='ocrx_word' id='word_1_280' title='bbox 2007 2669 2129 2731; x_wconf 88' lang='lat' dir='ltr'><strong>aliis</strong></span> 
     </span>
    </p>
   </div>
   <div class='ocr_carea' id='block_1_45' title="bbox 613 2739 947 2809">
    <p class='ocr_par' dir='ltr' id='par_1_45' title="bbox 613 2739 947 2809">
     <span class='ocr_line' id='line_1_45' title="bbox 613 2739 947 2809; baseline 0.012 -17"><span class='ocrx_word' id='word_1_281' title='bbox 613 2739 947 2809; x_wconf 70' lang='lat' dir='ltr'><strong>quibusdam.</strong></span> 
     </span>
    </p>
   </div>
   <div class='ocr_carea' id='block_1_46' title="bbox 619 2851 2127 2929">
    <p class='ocr_par' dir='ltr' id='par_1_46' title="bbox 619 2851 2127 2929">
     <span class='ocr_line' id='line_1_46' title="bbox 619 2851 2127 2929; baseline 0.007 -23"><span class='ocrx_word' id='word_1_282' title='bbox 619 2851 765 2909; x_wconf 92' lang='lat' dir='ltr'><strong>Inter</strong></span> <span class='ocrx_word' id='word_1_283' title='bbox 797 2854 914 2910; x_wconf 65' lang='lat' dir='ltr'><strong>haec</strong></span> <span class='ocrx_word' id='word_1_284' title='bbox 940 2856 1140 2911; x_wconf 81' lang='lat' dir='ltr'><strong>Acacio</strong></span> <span class='ocrx_word' id='word_1_285' title='bbox 1164 2856 1774 2929; x_wconf 83' lang='lat' dir='ltr'><strong>ConstantinOpolitano</strong></span> <span class='ocrx_word' id='word_1_286' title='bbox 1805 2861 1951 2917; x_wconf 81' lang='lat' dir='ltr'><strong>fatali</strong></span> <span class='ocrx_word' id='word_1_287' title='bbox 1978 2872 2127 2918; x_wconf 91' lang='lat' dir='ltr'><strong>sorte</strong></span> 
     </span>
    </p>
   </div>
   <div class='ocr_carea' id='block_1_47' title="bbox 2238 1949 3823 2034">
    <p class='ocr_par' dir='ltr' id='par_1_47' title="bbox 2238 1949 3823 2034">
     <span class='ocr_line' id='line_1_47' title="bbox 2238 1949 3823 2034; baseline -0.01 -17"><span class='ocrx_word' id='word_1_288' title='bbox 2238 1966 2333 2018; x_wconf 73' lang='grc' dir='ltr'><strong>καὶ</strong></span> <span class='ocrx_word' id='word_1_289' title='bbox 2366 1962 2440 2034; x_wconf 86' lang='grc' dir='ltr'><strong>μὴ</strong></span> <span class='ocrx_word' id='word_1_290' title='bbox 2474 1961 2685 2026; x_wconf 82' lang='grc' dir='ltr'><strong>πείσας,</strong></span> <span class='ocrx_word' id='word_1_291' title='bbox 2726 1959 2903 2023; x_wconf 70' lang='grc' dir='ltr'>ἐνίους</span> <span class='ocrx_word' id='word_1_292' title='bbox 2926 1957 3135 2011; x_wconf 86' lang='grc' dir='ltr'>τούτων</span> <span class='ocrx_word' id='word_1_293' title='bbox 3156 1957 3441 2026; x_wconf 72' lang='grc' dir='ltr'>ἐκπέμπει</span> <span class='ocrx_word' id='word_1_294' title='bbox 3466 1952 3570 2007; x_wconf 79' lang='grc' dir='ltr'><strong>ἀνὰ</strong></span> <span class='ocrx_word' id='word_1_295' title='bbox 3598 1950 3699 2023; x_wconf 81' lang='grc' dir='ltr'><strong>τὴν</strong></span> <span class='ocrx_word' id='word_1_296' title='bbox 3730 1949 3823 2020; x_wconf 88' lang='grc' dir='ltr'><strong>βα-</strong></span> 
     </span>
    </p>
   </div>
   <div class='ocr_carea' id='block_1_48' title="bbox 2237 2042 3819 2119">
    <p class='ocr_par' dir='ltr' id='par_1_48' title="bbox 2237 2042 3819 2119">
     <span class='ocr_line' id='line_1_48' title="bbox 2237 2042 3819 2119; baseline -0.009 -10"><span class='ocrx_word' id='word_1_297' title='bbox 2237 2056 2410 2110; x_wconf 89' lang='grc' dir='ltr'>σιλίδα</span> <span class='ocrx_word' id='word_1_298' title='bbox 2450 2054 2628 2107; x_wconf 88' lang='grc' dir='ltr'>πόλιν.</span> <span class='ocrx_word' id='word_1_299' title='bbox 2689 2053 2935 2106; x_wconf 78' lang='grc' dir='ltr'>Πλεῖστοι</span> <span class='ocrx_word' id='word_1_300' title='bbox 2996 2049 3097 2119; x_wconf 87' lang='grc' dir='ltr'><strong>μὲν</strong></span> <span class='ocrx_word' id='word_1_301' title='bbox 3148 2042 3243 2101; x_wconf 83' lang='grc' dir='ltr'>οὖν</span> <span class='ocrx_word' id='word_1_302' title='bbox 3295 2044 3449 2117; x_wconf 84' lang='grc' dir='ltr'>παρά</span> <span class='ocrx_word' id='word_1_303' title='bbox 3489 2042 3567 2114; x_wconf 82' lang='grc' dir='ltr'><strong>τῷ</strong></span> <span class='ocrx_word' id='word_1_304' title='bbox 3605 2044 3819 2113; x_wconf 80' lang='grc' dir='ltr'><strong>Ζήνωνι</strong></span> 
     </span>
    </p>
   </div>
   <div class='ocr_carea' id='block_1_49' title="bbox 2234 2134 3817 2219">
    <p class='ocr_par' dir='ltr' id='par_1_49' title="bbox 2234 2134 3817 2219">
     <span class='ocr_line' id='line_1_49' title="bbox 2234 2134 3817 2219; baseline -0.01 -18"><span class='ocrx_word' id='word_1_305' title='bbox 2234 2149 2366 2219; x_wconf 74' lang='grc' dir='ltr'>περὶ</span> <span class='ocrx_word' id='word_1_306' title='bbox 2419 2148 2521 2217; x_wconf 87' lang='grc' dir='ltr'>τῆς</span> <span class='ocrx_word' id='word_1_307' title='bbox 2574 2147 2633 2198; x_wconf 77' lang='grc' dir='ltr'><strong>ἑν</strong></span> <span class='ocrx_word' id='word_1_308' title='bbox 2683 2143 2989 2214; x_wconf 81' lang='grc' dir='ltr'><strong>Καλχηδόνι</strong></span> <span class='ocrx_word' id='word_1_309' title='bbox 3030 2139 3249 2194; x_wconf 84' lang='grc' dir='ltr'>συνόδου</span> <span class='ocrx_word' id='word_1_310' title='bbox 3294 2137 3583 2209; x_wconf 81' lang='grc' dir='ltr'>κεκίνηντο</span> <span class='ocrx_word' id='word_1_311' title='bbox 3628 2134 3817 2203; x_wconf 80' lang='grc' dir='ltr'><strong>λόγοι⁹</strong></span> 
     </span>
    </p>
   </div>
   <div class='ocr_carea' id='block_1_50' title="bbox 2236 2232 3821 2312">
    <p class='ocr_par' dir='ltr' id='par_1_50' title="bbox 2236 2232 3821 2312">
     <span class='ocr_line' id='line_1_50' title="bbox 2236 2232 3821 2312; baseline -0.008 -17"><span class='ocrx_word' id='word_1_312' title='bbox 2236 2242 2505 2312; x_wconf 75' lang='grc' dir='ltr'><strong>ἐκϐέϐηκε</strong></span> <span class='ocrx_word' id='word_1_313' title='bbox 2548 2240 2604 2293; x_wconf 81' lang='grc' dir='ltr'>δὲ</span> <span class='ocrx_word' id='word_1_314' title='bbox 2641 2238 2778 2310; x_wconf 80' lang='grc' dir='ltr'>πρὸς</span> <span class='ocrx_word' id='word_1_315' title='bbox 2810 2239 2969 2309; x_wconf 76' lang='grc' dir='ltr'>ἔργον</span> <span class='ocrx_word' id='word_1_316' title='bbox 3000 2237 3176 2301; x_wconf 77' lang='grc' dir='ltr'>οὐδὲν,</span> <span class='ocrx_word' id='word_1_317' title='bbox 3206 2234 3486 2298; x_wconf 78' lang='grc' dir='ltr'>παντελῶς</span> <span class='ocrx_word' id='word_1_318' title='bbox 3525 2232 3589 2287; x_wconf 81' lang='grc' dir='ltr'>οὐ</span> <span class='ocrx_word' id='word_1_319' title='bbox 3630 2232 3821 2285; x_wconf 76' lang='grc' dir='ltr'>συνθε-</span> 
     </span>
    </p>
   </div>
   <div class='ocr_carea' id='block_1_51' title="bbox 2238 2326 3493 2404">
    <p class='ocr_par' dir='ltr' id='par_1_51' title="bbox 2238 2326 3493 2404">
     <span class='ocr_line' id='line_1_51' title="bbox 2238 2326 3493 2404; baseline -0.006 -18"><span class='ocrx_word' id='word_1_320' title='bbox 2238 2333 2401 2404; x_wconf 80' lang='grc' dir='ltr'>μένου</span> <span class='ocrx_word' id='word_1_321' title='bbox 2441 2333 2687 2402; x_wconf 85' lang='grc' dir='ltr'>Ζήνωνος</span> <span class='ocrx_word' id='word_1_322' title='bbox 2716 2330 2785 2400; x_wconf 76' lang='grc' dir='ltr'><strong>τῇ</strong></span> <span class='ocrx_word' id='word_1_323' title='bbox 2821 2329 2878 2381; x_wconf 76' lang='grc' dir='ltr'><strong>ὲν</strong></span> <span class='ocrx_word' id='word_1_324' title='bbox 2913 2327 3220 2397; x_wconf 77' lang='grc' dir='ltr'>Καλχηδόνι</span> <span class='ocrx_word' id='word_1_325' title='bbox 3270 2326 3493 2396; x_wconf 82' lang='grc' dir='ltr'>συνόδῳ.</span> 
     </span>
    </p>
   </div>
   <div class='ocr_carea' id='block_1_52' title="bbox 2826 2442 3245 2498">
    <p class='ocr_par' dir='ltr' id='par_1_52' title="bbox 2826 2442 3245 2498">
     <span class='ocr_line' id='line_1_52' title="bbox 2826 2442 3245 2498; baseline -0.01 0"><span class='ocrx_word' id='word_1_326' title='bbox 2826 2446 3079 2498; x_wconf 76' lang='grc' dir='ltr'><strong>ΚΕΦᾹΛ.</strong></span> <span class='ocrx_word' id='word_1_327' title='bbox 3116 2442 3245 2496; x_wconf 77' lang='lat' dir='ltr'><strong>Kl&quot;.</strong></span> 
     </span>
    </p>
   </div>
   <div class='ocr_carea' id='block_1_53' title="bbox 2235 2532 3820 2610">
    <p class='ocr_par' dir='ltr' id='par_1_53' title="bbox 2235 2532 3820 2610">
     <span class='ocr_line' id='line_1_53' title="bbox 2235 2532 3820 2610; baseline -0.006 -17"><span class='ocrx_word' id='word_1_328' title='bbox 2235 2538 2374 2607; x_wconf 73' lang='grc' dir='ltr'>Περὶ</span> <span class='ocrx_word' id='word_1_329' title='bbox 2397 2539 2503 2593; x_wconf 81' lang='grc' dir='ltr'>τοῦ</span> <span class='ocrx_word' id='word_1_330' title='bbox 2542 2538 2961 2610; x_wconf 19' lang='grc' dir='ltr'>Φραρΐτουλκλαί</span> <span class='ocrx_word' id='word_1_331' title='bbox 2996 2534 3311 2610; x_wconf 61' lang='grc' dir='ltr'><strong>Εὐφημίου</strong></span> <span class='ocrx_word' id='word_1_332' title='bbox 3494 2535 3820 2610; x_wconf 55' lang='lat' dir='ltr'><strong>{favoref-</strong></span> 
     </span>
    </p>
   </div>
   <div class='ocr_carea' id='block_1_54' title="bbox 2304 2604 3821 2672">
    <p class='ocr_par' dir='ltr' id='par_1_54' title="bbox 2304 2604 3821 2672">
     <span class='ocr_line' id='line_1_54' title="bbox 2304 2604 3821 2672; baseline -0.008 -10"><span class='ocrx_word' id='word_1_333' title='bbox 2304 2604 2759 2672; x_wconf 67' lang='grc' dir='ltr'>τινουπολιτῶν,</span> <span class='ocrx_word' id='word_1_334' title='bbox 2774 2608 2869 2660; x_wconf 77' lang='grc' dir='ltr'><strong>καὶ</strong></span> <span class='ocrx_word' id='word_1_335' title='bbox 2896 2608 3256 2660; x_wconf 79' lang='grc' dir='ltr'>Ἀθιινιισιόυ</span> <span class='ocrx_word' id='word_1_336' title='bbox 3277 2604 3373 2656; x_wconf 73' lang='grc' dir='ltr'><strong>καὶ</strong></span> <span class='ocrx_word' id='word_1_337' title='bbox 3404 2604 3674 2656; x_wconf 77' lang='grc' dir='ltr'><strong>Ἰωάννου</strong></span> <span class='ocrx_word' id='word_1_338' title='bbox 3696 2604 3821 2672; x_wconf 59' lang='grc' dir='ltr'>τῶν</span> 
     </span>
    </p>
   </div>
   <div class='ocr_carea' id='block_1_55' title="bbox 2317 2670 3818 2744">
    <p class='ocr_par' dir='ltr' id='par_1_55' title="bbox 2317 2670 3818 2744">
     <span class='ocr_line' id='line_1_55' title="bbox 2317 2670 3818 2744; baseline -0.006 -11"><span class='ocrx_word' id='word_1_339' title='bbox 2317 2670 2780 2744; x_wconf 75' lang='grc' dir='ltr'><strong>Ἀλεξανδρέων,</strong></span> <span class='ocrx_word' id='word_1_340' title='bbox 2821 2678 2917 2730; x_wconf 76' lang='grc' dir='ltr'><strong>καὶ</strong></span> <span class='ocrx_word' id='word_1_341' title='bbox 2961 2675 3308 2729; x_wconf 71' lang='grc' dir='ltr'>Παλλαδίου</span> <span class='ocrx_word' id='word_1_342' title='bbox 3344 2674 3442 2744; x_wconf 65' lang='grc' dir='ltr'><strong>καὶ</strong></span> <span class='ocrx_word' id='word_1_343' title='bbox 3476 2670 3818 2727; x_wconf 72' lang='grc' dir='ltr'>Φλαϐιανιοῦ</span> 
     </span>
    </p>
   </div>
   <div class='ocr_carea' id='block_1_56' title="bbox 2302 2743 3454 2815">
    <p class='ocr_par' dir='ltr' id='par_1_56' title="bbox 2302 2743 3454 2815">
     <span class='ocr_line' id='line_1_56' title="bbox 2302 2743 3454 2815; baseline -0.003 -14"><span class='ocrx_word' id='word_1_344' title='bbox 2302 2748 2422 2801; x_wconf 78' lang='grc' dir='ltr'><strong>τῶν</strong></span> <span class='ocrx_word' id='word_1_345' title='bbox 2454 2747 2830 2815; x_wconf 76' lang='grc' dir='ltr'><strong>Ἀντιοχέων,</strong></span> <span class='ocrx_word' id='word_1_346' title='bbox 2871 2745 2970 2798; x_wconf 80' lang='grc' dir='ltr'>καί</span> <span class='ocrx_word' id='word_1_347' title='bbox 3001 2745 3221 2813; x_wconf 70' lang='grc' dir='ltr'>ἐτέρων</span> <span class='ocrx_word' id='word_1_348' title='bbox 3255 2743 3454 2798; x_wconf 86' lang='grc' dir='ltr'>τινῶν.</span> 
     </span>
    </p>
   </div>
   <div class='ocr_carea' id='block_1_57' title="bbox 2302 2856 3821 2931">
    <p class='ocr_par' dir='ltr' id='par_1_57' title="bbox 2302 2856 3821 2931">
     <span class='ocr_line' id='line_1_57' title="bbox 2302 2856 3821 2931; baseline -0.006 -16"><span class='ocrx_word' id='word_1_349' title='bbox 2302 2863 2392 2915; x_wconf 82' lang='grc' dir='ltr'><strong>Ἐν</strong></span> <span class='ocrx_word' id='word_1_350' title='bbox 2411 2859 2649 2931; x_wconf 82' lang='grc' dir='ltr'>τοσούτῳ</span> <span class='ocrx_word' id='word_1_351' title='bbox 2670 2859 2726 2914; x_wconf 81' lang='grc' dir='ltr'>δὲ</span> <span class='ocrx_word' id='word_1_352' title='bbox 2750 2858 2861 2931; x_wconf 74' lang='lat'><strong>(28)</strong></span> <span class='ocrx_word' id='word_1_353' title='bbox 2879 2856 3137 2912; x_wconf 82' lang='grc' dir='ltr'>Ἀκακίου</span> <span class='ocrx_word' id='word_1_354' title='bbox 3170 2860 3247 2928; x_wconf 90' lang='lat' dir='ltr'><strong>(q)</strong></span> <span class='ocrx_word' id='word_1_355' title='bbox 3263 2856 3357 2911; x_wconf 81' lang='grc' dir='ltr'>τοῦ</span> <span class='ocrx_word' id='word_1_356' title='bbox 3377 2857 3821 2910; x_wconf 79' lang='grc' dir='ltr'>Κωνσταντινου-</span> 
     </span>
    </p>
   </div>
   <div class='ocr_carea' id='block_1_58' title="bbox 1894 2974 2576 3033">
    <p class='ocr_par' dir='ltr' id='par_1_58' title="bbox 1894 2974 2576 3033">
     <span class='ocr_line' id='line_1_58' title="bbox 1894 2974 2576 3033; baseline 0.003 -2"><span class='ocrx_word' id='word_1_357' title='bbox 1894 2974 2129 3031; x_wconf 69' lang='lat' dir='ltr'><strong>VABIE</strong></span> <span class='ocrx_word' id='word_1_358' title='bbox 2169 2974 2576 3033; x_wconf 81' lang='lat' dir='ltr'><strong>LECTIONES.</strong></span> 
     </span>
    </p>
   </div>
   <div class='ocr_carea' id='block_1_59' title="bbox 617 3065 1282 3137">
    <p class='ocr_par' dir='ltr' id='par_1_59' title="bbox 617 3065 1282 3137">
     <span class='ocr_line' id='line_1_59' title="bbox 617 3065 1282 3137; baseline 0 -16"><span class='ocrx_word' id='word_1_359' title='bbox 617 3066 664 3097; x_wconf 83' lang='lat'><strong>&quot;</strong></span> <span class='ocrx_word' id='word_1_360' title='bbox 703 3065 767 3121; x_wconf 88' lang='lat' dir='ltr'><strong>C.</strong></span> <span class='ocrx_word' id='word_1_361' title='bbox 802 3066 864 3122; x_wconf 89' lang='lat' dir='ltr'><strong>C.</strong></span> <span class='ocrx_word' id='word_1_362' title='bbox 905 3066 1137 3137; x_wconf 79' lang='grc' dir='ltr'>μηδενός</span> <span class='ocrx_word' id='word_1_363' title='bbox 1166 3084 1282 3121; x_wconf 87' lang='grc' dir='ltr'>του.</span> 
     </span>
    </p>
   </div>
   <div class='ocr_carea' id='block_1_60' title="bbox 1731 3186 2613 3245">
    <p class='ocr_par' dir='ltr' id='par_1_60' title="bbox 1731 3186 2613 3245">
     <span class='ocr_line' id='line_1_60' title="bbox 1731 3186 2613 3245; baseline 0.005 -6"><span class='ocrx_word' id='word_1_364' title='bbox 1731 3188 1995 3243; x_wconf 81' lang='lat' dir='ltr'><strong>VALESII</strong></span> <span class='ocrx_word' id='word_1_365' title='bbox 2054 3186 2613 3245; x_wconf 82' lang='lat' dir='ltr'><strong>ANNOTATIONES.</strong></span> 
     </span>
    </p>
   </div>
   <div class='ocr_carea' id='block_1_61' title="bbox 616 3267 3821 3347">
    <p class='ocr_par' dir='ltr' id='par_1_61' title="bbox 616 3267 3821 3347">
     <span class='ocr_line' id='line_1_61' title="bbox 616 3267 3821 3347; baseline -0.001 -10"><span class='ocrx_word' id='word_1_366' title='bbox 616 3269 883 3347; x_wconf 61' lang='grc' dir='ltr'><strong>(2⁷,),Ἔφ’</strong></span> <span class='ocrx_word' id='word_1_367' title='bbox 914 3267 1007 3347; x_wconf 56' lang='grc' dir='ltr'><strong>Εἷς</strong></span> <span class='ocrx_word' id='word_1_368' title='bbox 1032 3273 1632 3347; x_wconf 16' lang='grc' dir='ltr'>Νηράλιοςγὰνάγτὴν</span> <span class='ocrx_word' id='word_1_369' title='bbox 1653 3278 1984 3343; x_wconf 68' lang='grc' dir='ltr'>βασιλέως.</span> <span class='ocrx_word' id='word_1_370' title='bbox 2014 3279 2129 3334; x_wconf 82' lang='grc' dir='ltr'><strong>Ηιι-</strong></span> <span class='ocrx_word' id='word_1_371' title='bbox 2157 3285 2200 3343; x_wconf 86' lang='lat' dir='ltr'><strong>C</strong></span> <span class='ocrx_word' id='word_1_372' title='bbox 2235 3279 2373 3336; x_wconf 85' lang='lat' dir='ltr'><strong>V.C.</strong></span> <span class='ocrx_word' id='word_1_373' title='bbox 2406 3298 2512 3335; x_wconf 91' lang='lat' dir='ltr'><strong>cos.</strong></span> <span class='ocrx_word' id='word_1_374' title='bbox 2538 3279 2762 3334; x_wconf 84' lang='lat' dir='ltr'><strong>Aeacius</strong></span> <span class='ocrx_word' id='word_1_375' title='bbox 2784 3275 3405 3347; x_wconf 86' lang='lat' dir='ltr'><strong>Constantinopolitanus</strong></span> <span class='ocrx_word' id='word_1_376' title='bbox 3434 3276 3821 3347; x_wconf 78' lang='lat' dir='ltr'><strong>episcOpussub</strong></span> 
     </span>
    </p>
   </div>
   <div class='ocr_carea' id='block_1_62' title="bbox 543 3340 2129 3413">
    <p class='ocr_par' dir='ltr' id='par_1_62' title="bbox 543 3340 2129 3413">
     <span class='ocr_line' id='line_1_62' title="bbox 543 3340 2129 3413; baseline 0.007 -20"><span class='ocrx_word' id='word_1_377' title='bbox 543 3340 634 3413; x_wconf 84' lang='lat' dir='ltr'><strong>jus</strong></span> <span class='ocrx_word' id='word_1_378' title='bbox 664 3340 882 3413; x_wconf 80' lang='lat' dir='ltr'><strong>abbatis</strong></span> <span class='ocrx_word' id='word_1_379' title='bbox 913 3342 1162 3413; x_wconf 86' lang='lat' dir='ltr'><strong>Nephalii</strong></span> <span class='ocrx_word' id='word_1_380' title='bbox 1196 3345 1449 3399; x_wconf 89' lang='lat' dir='ltr'><strong>meminit</strong></span> <span class='ocrx_word' id='word_1_381' title='bbox 1494 3340 1786 3402; x_wconf 84' lang='lat' dir='ltr'><strong>Liberatus</strong></span> <span class='ocrx_word' id='word_1_382' title='bbox 1817 3350 1871 3402; x_wconf 92' lang='lat' dir='ltr'><strong>in</strong></span> <span class='ocrx_word' id='word_1_383' title='bbox 1906 3340 2129 3405; x_wconf 74' lang='lat' dir='ltr'><strong>Brevia-</strong></span> 
     </span>
    </p>
   </div>
   <div class='ocr_carea' id='block_1_63' title="bbox 549 3412 2129 3490">
    <p class='ocr_par' dir='ltr' id='par_1_63' title="bbox 549 3412 2129 3490">
     <span class='ocr_line' id='line_1_63' title="bbox 549 3412 2129 3490; baseline 0.005 -24"><span class='ocrx_word' id='word_1_384' title='bbox 549 3412 785 3490; x_wconf 74' lang='lat' dir='ltr'><strong>rio_cap.</strong></span> <span class='ocrx_word' id='word_1_385' title='bbox 828 3412 916 3471; x_wconf 75' lang='grc'><strong>18,</strong></span> <span class='ocrx_word' id='word_1_386' title='bbox 942 3412 1019 3490; x_wconf 79' lang='lat' dir='ltr'><strong>ita</strong></span> <span class='ocrx_word' id='word_1_387' title='bbox 1037 3415 1297 3490; x_wconf 68' lang='lat' dir='ltr'><strong>scribens</strong></span> <span class='ocrx_word' id='word_1_388' title='bbox 1323 3414 1540 3490; x_wconf 86' lang='lat' dir='ltr'><strong>:_Porro</strong></span> <span class='ocrx_word' id='word_1_389' title='bbox 1572 3416 1759 3490; x_wconf 83' lang='lat' dir='ltr'><strong>Petrus</strong></span> <span class='ocrx_word' id='word_1_390' title='bbox 1788 3420 1850 3472; x_wconf 90' lang='lat' dir='ltr'><strong>de</strong></span> <span class='ocrx_word' id='word_1_391' title='bbox 1897 3424 2129 3490; x_wconf 87' lang='lat' dir='ltr'><strong>prapriis</strong></span> 
     </span>
    </p>
   </div>
   <div class='ocr_carea' id='block_1_64' title="bbox 546 3482 2129 3559">
    <p class='ocr_par' dir='ltr' id='par_1_64' title="bbox 546 3482 2129 3559">
     <span class='ocr_line' id='line_1_64' title="bbox 546 3482 2129 3559; baseline 0.005 -22"><span class='ocrx_word' id='word_1_392' title='bbox 546 3482 843 3559; x_wconf 74' lang='lat' dir='ltr'><strong>civitatibus</strong></span> <span class='ocrx_word' id='word_1_393' title='bbox 870 3482 1154 3559; x_wconf 46' lang='lat' dir='ltr'><strong>catholicos</strong></span> <span class='ocrx_word' id='word_1_394' title='bbox 1202 3485 1404 3559; x_wconf 77' lang='lat' dir='ltr'><strong>expulit</strong></span> <span class='ocrx_word' id='word_1_395' title='bbox 1436 3488 1774 3559; x_wconf 67' lang='lat' dir='ltr'><strong>sacerdotes,</strong></span> <span class='ocrx_word' id='word_1_396' title='bbox 1828 3482 1906 3542; x_wconf 39' lang='lat' dir='ltr'><strong>ea;</strong></span> <span class='ocrx_word' id='word_1_397' title='bbox 1940 3482 2129 3559; x_wconf 79' lang='lat' dir='ltr'><strong>quibus</strong></span> 
     </span>
    </p>
   </div>
   <div class='ocr_carea' id='block_1_65' title="bbox 548 3551 2131 3631">
    <p class='ocr_par' dir='ltr' id='par_1_65' title="bbox 548 3551 2131 3631">
     <span class='ocr_line' id='line_1_65' title="bbox 548 3551 2131 3631; baseline 0.008 -27"><span class='ocrx_word' id='word_1_398' title='bbox 548 3551 796 3631; x_wconf 78' lang='lat' dir='ltr'><strong>nonnulli</strong></span> <span class='ocrx_word' id='word_1_399' title='bbox 830 3554 973 3621; x_wconf 84' lang='lat' dir='ltr'><strong>apud</strong></span> <span class='ocrx_word' id='word_1_400' title='bbox 1003 3551 1520 3631; x_wconf 58' lang='lat' dir='ltr'><strong>Constantinopolim</strong></span> <span class='ocrx_word' id='word_1_401' title='bbox 1566 3551 1977 3631; x_wconf 79' lang='lat' dir='ltr'><strong>persecutionem</strong></span> <span class='ocrx_word' id='word_1_402' title='bbox 2002 3579 2131 3631; x_wconf 86' lang='lat' dir='ltr'><strong>gra-</strong></span> 
     </span>
    </p>
   </div>
   <div class='ocr_carea' id='block_1_66' title="bbox 548 3623 2129 3701">
    <p class='ocr_par' dir='ltr' id='par_1_66' title="bbox 548 3623 2129 3701">
     <span class='ocr_line' id='line_1_66' title="bbox 548 3623 2129 3701; baseline 0.006 -24"><span class='ocrx_word' id='word_1_403' title='bbox 548 3624 824 3701; x_wconf 66' lang='lat' dir='ltr'><strong>uissimam</strong></span> <span class='ocrx_word' id='word_1_404' title='bbox 848 3623 1203 3701; x_wconf 70' lang='lat' dir='ltr'><strong>pertulerunt.</strong></span> <span class='ocrx_word' id='word_1_405' title='bbox 1241 3623 1661 3701; x_wconf 72' lang='lat' dir='ltr'><strong>Scandalizabat</strong></span> <span class='ocrx_word' id='word_1_406' title='bbox 1694 3639 1869 3701; x_wconf 83' lang='lat' dir='ltr'><strong>autem</strong></span> <span class='ocrx_word' id='word_1_407' title='bbox 1895 3623 2129 3701; x_wconf 48' lang='lat' dir='ltr'><strong>imp&#39;era-</strong></span> 
     </span>
    </p>
   </div>
   <div class='ocr_carea' id='block_1_67' title="bbox 549 3694 2132 3768">
    <p class='ocr_par' dir='ltr' id='par_1_67' title="bbox 549 3694 2132 3768">
     <span class='ocr_line' id='line_1_67' title="bbox 549 3694 2132 3768; baseline 0.007 -24"><span class='ocrx_word' id='word_1_408' title='bbox 549 3702 638 3768; x_wconf 84' lang='lat' dir='ltr'><strong>tor_</strong></span> <span class='ocrx_word' id='word_1_409' title='bbox 653 3702 701 3747; x_wconf 89' lang='lat' dir='ltr'><strong>et</strong></span> <span class='ocrx_word' id='word_1_410' title='bbox 731 3694 919 3768; x_wconf 87' lang='lat' dir='ltr'><strong>_illos,_</strong></span> <span class='ocrx_word' id='word_1_411' title='bbox 939 3696 1033 3762; x_wconf 85' lang='lat' dir='ltr'><strong>qui</strong></span> <span class='ocrx_word' id='word_1_412' title='bbox 1078 3713 1110 3747; x_wconf 89' lang='lat' dir='ltr'><strong>a</strong></span> <span class='ocrx_word' id='word_1_413' title='bbox 1142 3705 1294 3760; x_wconf 90' lang='lat' dir='ltr'><strong>parte</strong></span> <span class='ocrx_word' id='word_1_414' title='bbox 1322 3697 1525 3751; x_wconf 82' lang='lat' dir='ltr'><strong>abbatis</strong></span> <span class='ocrx_word' id='word_1_415' title='bbox 1572 3698 1822 3768; x_wconf 83' lang='lat' dir='ltr'><strong>Nephalii</strong></span> <span class='ocrx_word' id='word_1_416' title='bbox 1854 3694 2030 3765; x_wconf 82' lang='lat' dir='ltr'><strong>erant,</strong></span> <span class='ocrx_word' id='word_1_417' title='bbox 2080 3710 2132 3757; x_wconf 90' lang='lat' dir='ltr'><strong>et</strong></span> 
     </span>
    </p>
   </div>
   <div class='ocr_carea' id='block_1_68' title="bbox 549 3764 2131 3838">
    <p class='ocr_par' dir='ltr' id='par_1_68' title="bbox 549 3764 2131 3838">
     <span class='ocr_line' id='line_1_68' title="bbox 549 3764 2131 3838; baseline 0.007 -23"><span class='ocrx_word' id='word_1_418' title='bbox 549 3765 639 3831; x_wconf 82' lang='lat' dir='ltr'><strong>qui</strong></span> <span class='ocrx_word' id='word_1_419' title='bbox 667 3765 844 3838; x_wconf 31' lang='lat' dir='ltr'><strong>“circa</strong></span> <span class='ocrx_word' id='word_1_420' title='bbox 887 3764 1150 3838; x_wconf 64' lang='lat' dir='ltr'><strong>Joannem</strong></span> <span class='ocrx_word' id='word_1_421' title='bbox 1208 3768 1527 3836; x_wconf 81' lang='lat' dir='ltr'><strong>episcOpum,</strong></span> <span class='ocrx_word' id='word_1_422' title='bbox 1566 3764 1902 3838; x_wconf 78' lang='lat' dir='ltr'><strong>Egumenum</strong></span> <span class='ocrx_word' id='word_1_423' title='bbox 1938 3764 2131 3825; x_wconf 81' lang='lat' dir='ltr'><strong>mana-</strong></span> 
     </span>
    </p>
   </div>
   <div class='ocr_carea' id='block_1_69' title="bbox 547 3833 2132 3911">
    <p class='ocr_par' dir='ltr' id='par_1_69' title="bbox 547 3833 2132 3911">
     <span class='ocr_line' id='line_1_69' title="bbox 547 3833 2132 3911; baseline 0.007 -26"><span class='ocrx_word' id='word_1_424' title='bbox 547 3836 697 3911; x_wconf 76' lang='lat' dir='ltr'><strong>sterii</strong></span> <span class='ocrx_word' id='word_1_425' title='bbox 727 3833 1000 3911; x_wconf 82' lang='lat' dir='ltr'><strong>Diolchon.</strong></span> <span class='ocrx_word' id='word_1_426' title='bbox 1018 3836 1088 3911; x_wconf 85' lang='lat' dir='ltr'><strong>_Et</strong></span> <span class='ocrx_word' id='word_1_427' title='bbox 1115 3833 1277 3911; x_wconf 81' lang='lat' dir='ltr'><strong>agens</strong></span> <span class='ocrx_word' id='word_1_428' title='bbox 1307 3833 1493 3891; x_wconf 86' lang='lat' dir='ltr'><strong>contra</strong></span> <span class='ocrx_word' id='word_1_429' title='bbox 1509 3833 1969 3911; x_wconf 73' lang='lat' dir='ltr'><strong>ipsumloannem</strong></span> <span class='ocrx_word' id='word_1_430' title='bbox 1994 3858 2132 3911; x_wconf 72' lang='lat' dir='ltr'><strong>pra:-</strong></span> 
     </span>
    </p>
   </div>
   <div class='ocr_carea' id='block_1_70' title="bbox 549 3906 2130 3972">
    <p class='ocr_par' dir='ltr' id='par_1_70' title="bbox 549 3906 2130 3972">
     <span class='ocr_line' id='line_1_70' title="bbox 549 3906 2130 3972; baseline 0.006 -15"><span class='ocrx_word' id='word_1_431' title='bbox 549 3906 843 3972; x_wconf 81' lang='lat' dir='ltr'><strong>posituram</strong></span> <span class='ocrx_word' id='word_1_432' title='bbox 892 3906 938 3959; x_wconf 91' lang='lat' dir='ltr'><strong>ei</strong></span> <span class='ocrx_word' id='word_1_433' title='bbox 974 3906 1213 3969; x_wconf 82' lang='lat' dir='ltr'><strong>abstulit,</strong></span> <span class='ocrx_word' id='word_1_434' title='bbox 1264 3917 1315 3961; x_wconf 86' lang='lat' dir='ltr'><strong>et</strong></span> <span class='ocrx_word' id='word_1_435' title='bbox 1346 3922 1465 3962; x_wconf 86' lang='lat' dir='ltr'><strong>eam</strong></span> <span class='ocrx_word' id='word_1_436' title='bbox 1520 3906 1744 3963; x_wconf 81' lang='lat' dir='ltr'><strong>tradidit</strong></span> <span class='ocrx_word' id='word_1_437' title='bbox 1803 3906 2130 3967; x_wconf 78' lang='lat' dir='ltr'><strong>monasterio</strong></span> 
     </span>
    </p>
   </div>
   <div class='ocr_carea' id='block_1_71' title="bbox 550 3974 1020 4029">
    <p class='ocr_par' dir='ltr' id='par_1_71' title="bbox 550 3974 1020 4029">
     <span class='ocr_line' id='line_1_71' title="bbox 550 3974 1020 4029; baseline 0.004 -2"><span class='ocrx_word' id='word_1_438' title='bbox 550 3974 752 4029; x_wconf 84' lang='lat' dir='ltr'><strong>abbatis</strong></span> <span class='ocrx_word' id='word_1_439' title='bbox 781 3975 1020 4029; x_wconf 85' lang='lat' dir='ltr'><strong>Amonis.</strong></span> 
     </span>
    </p>
   </div>
   <div class='ocr_carea' id='block_1_72' title="bbox 621 4044 2129 4116">
    <p class='ocr_par' dir='ltr' id='par_1_72' title="bbox 621 4044 2129 4116">
     <span class='ocr_line' id='line_1_72' title="bbox 621 4044 2129 4116; baseline 0.009 -19"><span class='ocrx_word' id='word_1_440' title='bbox 621 4044 735 4116; x_wconf 71' lang='lat'><strong>(27)</strong></span> <span class='ocrx_word' id='word_1_441' title='bbox 776 4046 877 4116; x_wconf 80' lang='grc' dir='ltr'><strong>Ἐν</strong></span> <span class='ocrx_word' id='word_1_442' title='bbox 906 4047 1178 4116; x_wconf 76' lang='grc' dir='ltr'>τοσούτῳ</span> <span class='ocrx_word' id='word_1_443' title='bbox 1202 4047 1271 4100; x_wconf 78' lang='grc' dir='ltr'>δὲ</span> <span class='ocrx_word' id='word_1_444' title='bbox 1308 4047 1609 4102; x_wconf 76' lang='grc' dir='ltr'><strong>Ἀκακιου.</strong></span> <span class='ocrx_word' id='word_1_445' title='bbox 1640 4048 1821 4104; x_wconf 78' lang='lat' dir='ltr'><strong>Malim</strong></span> <span class='ocrx_word' id='word_1_446' title='bbox 1858 4052 2129 4116; x_wconf 86' lang='lat' dir='ltr'><strong>scribere.</strong></span> 
     </span>
    </p>
   </div>
   <div class='ocr_carea' id='block_1_73' title="bbox 547 4114 2130 4192">
    <p class='ocr_par' dir='ltr' id='par_1_73' title="bbox 547 4114 2130 4192">
     <span class='ocr_line' id='line_1_73' title="bbox 547 4114 2130 4192; baseline 0.008 -26"><span class='ocrx_word' id='word_1_447' title='bbox 547 4114 811 4192; x_wconf 44' lang='grc' dir='ltr'><strong>ὲν-τούτῳ</strong></span> <span class='ocrx_word' id='word_1_448' title='bbox 857 4114 935 4177; x_wconf 79' lang='grc' dir='ltr'><strong>δέ,</strong></span> <span class='ocrx_word' id='word_1_449' title='bbox 967 4125 1097 4192; x_wconf 63' lang='grc' dir='ltr'><strong>Δ(διο.</strong></span> <span class='ocrx_word' id='word_1_450' title='bbox 1147 4118 1320 4172; x_wconf 86' lang='lat' dir='ltr'><strong>Porro</strong></span> <span class='ocrx_word' id='word_1_451' title='bbox 1366 4119 1675 4192; x_wconf 85' lang='lat' dir='ltr'><strong>notandum</strong></span> <span class='ocrx_word' id='word_1_452' title='bbox 1690 4130 1800 4192; x_wconf 78' lang='lat' dir='ltr'><strong>_est</strong></span> <span class='ocrx_word' id='word_1_453' title='bbox 1826 4114 2130 4192; x_wconf 14' lang='lat' dir='ltr'><strong>AEvagrium</strong></span> 
     </span>
    </p>
   </div>
   <div class='ocr_carea' id='block_1_74' title="bbox 547 4185 2129 4252">
    <p class='ocr_par' dir='ltr' id='par_1_74' title="bbox 547 4185 2129 4252">
     <span class='ocr_line' id='line_1_74' title="bbox 547 4185 2129 4252; baseline 0.006 -15"><span class='ocrx_word' id='word_1_454' title='bbox 547 4185 725 4252; x_wconf 86' lang='lat' dir='ltr'><strong>primo</strong></span> <span class='ocrx_word' id='word_1_455' title='bbox 745 4185 867 4239; x_wconf 92' lang='lat' dir='ltr'><strong>loco</strong></span> <span class='ocrx_word' id='word_1_456' title='bbox 899 4185 1105 4241; x_wconf 91' lang='lat' dir='ltr'><strong>referre</strong></span> <span class='ocrx_word' id='word_1_457' title='bbox 1158 4198 1393 4243; x_wconf 88' lang='lat' dir='ltr'><strong>mortem</strong></span> <span class='ocrx_word' id='word_1_458' title='bbox 1414 4189 1621 4243; x_wconf 84' lang='lat' dir='ltr'><strong>Acacii.</strong></span> <span class='ocrx_word' id='word_1_459' title='bbox 1661 4189 1737 4243; x_wconf 76' lang='lat' dir='ltr'><strong>Ex</strong></span> <span class='ocrx_word' id='word_1_460' title='bbox 1770 4185 2129 4247; x_wconf 45' lang='lat' dir='ltr'><strong>tribusvenim</strong></span> 
     </span>
    </p>
   </div>
   <div class='ocr_carea' id='block_1_75' title="bbox 549 4255 2132 4325">
    <p class='ocr_par' dir='ltr' id='par_1_75' title="bbox 549 4255 2132 4325">
     <span class='ocr_line' id='line_1_75' title="bbox 549 4255 2132 4325; baseline 0.006 -17"><span class='ocrx_word' id='word_1_461' title='bbox 549 4255 658 4309; x_wconf 89' lang='lat' dir='ltr'><strong>illis</strong></span> <span class='ocrx_word' id='word_1_462' title='bbox 688 4255 1059 4310; x_wconf 88' lang='lat' dir='ltr'><strong>schismaticis</strong></span> <span class='ocrx_word' id='word_1_463' title='bbox 1104 4259 1198 4325; x_wconf 90' lang='lat' dir='ltr'><strong>qui</strong></span> <span class='ocrx_word' id='word_1_464' title='bbox 1238 4256 1483 4313; x_wconf 84' lang='lat' dir='ltr'><strong>Orientis</strong></span> <span class='ocrx_word' id='word_1_465' title='bbox 1522 4259 1823 4315; x_wconf 88' lang='lat' dir='ltr'><strong>Ecclesiam</strong></span> <span class='ocrx_word' id='word_1_466' title='bbox 1856 4262 2132 4318; x_wconf 88' lang='lat' dir='ltr'><strong>lacerave-</strong></span> 
     </span>
    </p>
   </div>
   <div class='ocr_carea' id='block_1_76' title="bbox 549 4324 2132 4401">
    <p class='ocr_par' dir='ltr' id='par_1_76' title="bbox 549 4324 2132 4401">
     <span class='ocr_line' id='line_1_76' title="bbox 549 4324 2132 4401; baseline 0.007 -24"><span class='ocrx_word' id='word_1_467' title='bbox 549 4333 713 4401; x_wconf 78' lang='lat' dir='ltr'><strong>runt;</strong></span> <span class='ocrx_word' id='word_1_468' title='bbox 763 4324 965 4401; x_wconf 78' lang='lat' dir='ltr'><strong>Acacio</strong></span> <span class='ocrx_word' id='word_1_469' title='bbox 1024 4324 1237 4401; x_wconf 60' lang='lat' dir='ltr'><strong>scilicet</strong></span> <span class='ocrx_word' id='word_1_470' title='bbox 1270 4326 1907 4401; x_wconf 16' lang='lat' dir='ltr'><strong>const‘antinopolitano,</strong></span> <span class='ocrx_word' id='word_1_471' title='bbox 1967 4333 2132 4388; x_wconf 86' lang='lat' dir='ltr'><strong>Petro</strong></span> 
     </span>
    </p>
   </div>
   <div class='ocr_carea' id='block_1_77' title="bbox 546 4394 2132 4469">
    <p class='ocr_par' dir='ltr' id='par_1_77' title="bbox 546 4394 2132 4469">
     <span class='ocr_line' id='line_1_77' title="bbox 546 4394 2132 4469; baseline 0.006 -21"><span class='ocrx_word' id='word_1_472' title='bbox 546 4394 1059 4469; x_wconf 16' lang='lat' dir='ltr'><strong>Alexandrino,‘et</strong></span> <span class='ocrx_word' id='word_1_473' title='bbox 1116 4397 1288 4452; x_wconf 87' lang='lat' dir='ltr'><strong>Petro</strong></span> <span class='ocrx_word' id='word_1_474' title='bbox 1322 4394 1696 4460; x_wconf 78' lang='lat' dir='ltr'><strong>Antiocheno.</strong></span> <span class='ocrx_word' id='word_1_475' title='bbox 1752 4401 1995 4469; x_wconf 90' lang='lat' dir='ltr'><strong>primum</strong></span> <span class='ocrx_word' id='word_1_476' title='bbox 2054 4404 2132 4457; x_wconf 89' lang='lat' dir='ltr'><strong>ait</strong></span> 
     </span>
    </p>
   </div>
   <div class='ocr_carea' id='block_1_78' title="bbox 546 4466 2130 4539">
    <p class='ocr_par' dir='ltr' id='par_1_78' title="bbox 546 4466 2130 4539">
     <span class='ocr_line' id='line_1_78' title="bbox 546 4466 2130 4539; baseline 0.006 -21"><span class='ocrx_word' id='word_1_477' title='bbox 546 4466 807 4539; x_wconf 76' lang='lat' dir='ltr'><strong>Acacium</strong></span> <span class='ocrx_word' id='word_1_478' title='bbox 863 4483 928 4521; x_wconf 91' lang='lat' dir='ltr'><strong>ex</strong></span> <span class='ocrx_word' id='word_1_479' title='bbox 972 4466 1075 4521; x_wconf 86' lang='lat' dir='ltr'><strong>hac</strong></span> <span class='ocrx_word' id='word_1_480' title='bbox 1111 4469 1238 4539; x_wconf 78' lang='lat' dir='ltr'><strong>vita</strong></span> <span class='ocrx_word' id='word_1_481' title='bbox 1298 4469 1563 4539; x_wconf 78' lang='lat' dir='ltr'><strong>migrasse</strong></span> <span class='ocrx_word' id='word_1_482' title='bbox 1599 4488 1613 4523; x_wconf 90' lang='lat'>:</span> <span class='ocrx_word' id='word_1_483' title='bbox 1658 4466 1881 4525; x_wconf 76' lang='lat' dir='ltr'><strong>Petrum</strong></span> <span class='ocrx_word' id='word_1_484' title='bbox 1932 4472 2130 4529; x_wconf 90' lang='lat' dir='ltr'><strong>deinde</strong></span> 
     </span>
    </p>
   </div>
   <div class='ocr_carea' id='block_1_79' title="bbox 544 4535 2130 4609">
    <p class='ocr_par' dir='ltr' id='par_1_79' title="bbox 544 4535 2130 4609">
     <span class='ocr_line' id='line_1_79' title="bbox 544 4535 2130 4609; baseline 0.006 -20"><span class='ocrx_word' id='word_1_485' title='bbox 544 4535 1009 4609; x_wconf 42' lang='lat' dir='ltr'><strong>Alexandrinum;</strong></span> <span class='ocrx_word' id='word_1_486' title='bbox 1026 4538 1121 4606; x_wconf 87' lang='lat' dir='ltr'><strong>qui</strong></span> <span class='ocrx_word' id='word_1_487' title='bbox 1163 4535 1598 4609; x_wconf 28' lang='lat' dir='ltr'><strong>Mongusﬁdictus</strong></span> <span class='ocrx_word' id='word_1_488' title='bbox 1639 4548 1757 4594; x_wconf 88' lang='lat' dir='ltr'><strong>est:</strong></span> <span class='ocrx_word' id='word_1_489' title='bbox 1786 4552 2130 4609; x_wconf 89' lang='lat' dir='ltr'><strong>postremum</strong></span> 
     </span>
    </p>
   </div>
   <div class='ocr_carea' id='block_1_80' title="bbox 548 4606 2130 4668">
    <p class='ocr_par' dir='ltr' id='par_1_80' title="bbox 548 4606 2130 4668">
     <span class='ocr_line' id='line_1_80' title="bbox 548 4606 2130 4668; baseline 0.008 -12"><span class='ocrx_word' id='word_1_490' title='bbox 548 4620 677 4660; x_wconf 74' lang='lat' dir='ltr'><strong>vero</strong></span> <span class='ocrx_word' id='word_1_491' title='bbox 707 4606 928 4660; x_wconf 87' lang='lat' dir='ltr'><strong>Petrum</strong></span> <span class='ocrx_word' id='word_1_492' title='bbox 969 4606 1261 4661; x_wconf 86' lang='lat' dir='ltr'><strong>Fullonem</strong></span> <span class='ocrx_word' id='word_1_493' title='bbox 1293 4606 1359 4662; x_wconf 82' lang='lat' dir='ltr'><strong>ex</strong></span> <span class='ocrx_word' id='word_1_494' title='bbox 1389 4608 1493 4664; x_wconf 88' lang='lat' dir='ltr'><strong>hac</strong></span> <span class='ocrx_word' id='word_1_495' title='bbox 1533 4609 1657 4664; x_wconf 89' lang='lat' dir='ltr'><strong>luce</strong></span> <span class='ocrx_word' id='word_1_496' title='bbox 1690 4606 1991 4667; x_wconf 84' lang='lat' dir='ltr'><strong>sublatum.</strong></span> <span class='ocrx_word' id='word_1_497' title='bbox 2024 4615 2130 4668; x_wconf 85' lang='lat' dir='ltr'><strong>Ve-</strong></span> 
     </span>
    </p>
   </div>
   <div class='ocr_carea' id='block_1_81' title="bbox 545 4676 2131 4744">
    <p class='ocr_par' dir='ltr' id='par_1_81' title="bbox 545 4676 2131 4744">
     <span class='ocr_line' id='line_1_81' title="bbox 545 4676 2131 4744; baseline 0.008 -16"><span class='ocrx_word' id='word_1_498' title='bbox 545 4690 668 4729; x_wconf 89' lang='lat' dir='ltr'><strong>rum</strong></span> <span class='ocrx_word' id='word_1_499' title='bbox 689 4676 881 4731; x_wconf 82' lang='lat' dir='ltr'><strong>Victor</strong></span> <span class='ocrx_word' id='word_1_500' title='bbox 917 4678 1267 4731; x_wconf 89' lang='lat' dir='ltr'><strong>Tunonensis</strong></span> <span class='ocrx_word' id='word_1_501' title='bbox 1294 4678 1349 4731; x_wconf 91' lang='lat' dir='ltr'><strong>in</strong></span> <span class='ocrx_word' id='word_1_502' title='bbox 1370 4676 1651 4744; x_wconf 83' lang='lat' dir='ltr'><strong>Chronico,</strong></span> <span class='ocrx_word' id='word_1_503' title='bbox 1684 4695 1749 4733; x_wconf 78' lang='lat' dir='ltr'><strong>ex</strong></span> <span class='ocrx_word' id='word_1_504' title='bbox 1792 4681 1971 4737; x_wconf 88' lang='lat' dir='ltr'><strong>tribus</strong></span> <span class='ocrx_word' id='word_1_505' title='bbox 2020 4683 2131 4740; x_wconf 85' lang='lat' dir='ltr'><strong>illis</strong></span> 
     </span>
    </p>
   </div>
   <div class='ocr_carea' id='block_1_82' title="bbox 542 4746 2128 4815">
    <p class='ocr_par' dir='ltr' id='par_1_82' title="bbox 542 4746 2128 4815">
     <span class='ocr_line' id='line_1_82' title="bbox 542 4746 2128 4815; baseline 0.004 -15"><span class='ocrx_word' id='word_1_506' title='bbox 542 4761 684 4815; x_wconf 87' lang='lat' dir='ltr'><strong>quos</strong></span> <span class='ocrx_word' id='word_1_507' title='bbox 715 4746 849 4809; x_wconf 87' lang='lat' dir='ltr'><strong>dixi,</strong></span> <span class='ocrx_word' id='word_1_508' title='bbox 882 4749 1122 4815; x_wconf 90' lang='lat' dir='ltr'><strong>primum</strong></span> <span class='ocrx_word' id='word_1_509' title='bbox 1155 4748 1361 4803; x_wconf 88' lang='lat' dir='ltr'><strong>obiisse</strong></span> <span class='ocrx_word' id='word_1_510' title='bbox 1405 4750 1599 4804; x_wconf 88' lang='lat' dir='ltr'><strong>scribit</strong></span> <span class='ocrx_word' id='word_1_511' title='bbox 1650 4750 1873 4804; x_wconf 85' lang='lat' dir='ltr'><strong>Petrum</strong></span> <span class='ocrx_word' id='word_1_512' title='bbox 1931 4752 2128 4807; x_wconf 88' lang='lat' dir='ltr'><strong>Antio-</strong></span> 
     </span>
    </p>
   </div>
   <div class='ocr_carea' id='block_1_83' title="bbox 544 4816 2129 4877">
    <p class='ocr_par' dir='ltr' id='par_1_83' title="bbox 544 4816 2129 4877">
     <span class='ocr_line' id='line_1_83' title="bbox 544 4816 2129 4877; baseline 0.006 -10"><span class='ocrx_word' id='word_1_513' title='bbox 544 4818 806 4871; x_wconf 75' lang='lat' dir='ltr'><strong>chenum.</strong></span> <span class='ocrx_word' id='word_1_514' title='bbox 833 4816 925 4873; x_wconf 89' lang='lat' dir='ltr'><strong>Sic</strong></span> <span class='ocrx_word' id='word_1_515' title='bbox 947 4817 1095 4872; x_wconf 86' lang='lat' dir='ltr'><strong>enim</strong></span> <span class='ocrx_word' id='word_1_516' title='bbox 1133 4818 1335 4873; x_wconf 89' lang='lat' dir='ltr'><strong>scribit</strong></span> <span class='ocrx_word' id='word_1_517' title='bbox 1369 4836 1382 4873; x_wconf 90' lang='lat'><strong>:</strong></span> <span class='ocrx_word' id='word_1_518' title='bbox 1411 4819 1537 4873; x_wconf 84' lang='lat' dir='ltr'><strong>Post</strong></span> <span class='ocrx_word' id='word_1_519' title='bbox 1575 4820 1914 4875; x_wconf 83' lang='lat' dir='ltr'><strong>consulatum</strong></span> <span class='ocrx_word' id='word_1_520' title='bbox 1942 4840 2129 4877; x_wconf 88' lang='lat' dir='ltr'><strong>secun-</strong></span> 
     </span>
    </p>
   </div>
   <div class='ocr_carea' id='block_1_84' title="bbox 543 4886 2127 4958">
    <p class='ocr_par' dir='ltr' id='par_1_84' title="bbox 543 4886 2127 4958">
     <span class='ocr_line' id='line_1_84' title="bbox 543 4886 2127 4958; baseline 0.008 -20"><span class='ocrx_word' id='word_1_521' title='bbox 543 4887 669 4940; x_wconf 89' lang='lat' dir='ltr'><strong>dum</strong></span> <span class='ocrx_word' id='word_1_522' title='bbox 699 4886 944 4958; x_wconf 86' lang='lat' dir='ltr'><strong>Longini,</strong></span> <span class='ocrx_word' id='word_1_523' title='bbox 993 4886 1181 4941; x_wconf 78' lang='lat' dir='ltr'><strong>Petrus</strong></span> <span class='ocrx_word' id='word_1_524' title='bbox 1216 4889 1575 4944; x_wconf 76' lang='lat' dir='ltr'><strong>Antiochenus</strong></span> <span class='ocrx_word' id='word_1_525' title='bbox 1628 4893 1721 4944; x_wconf 85' lang='lat' dir='ltr'><strong>sub</strong></span> <span class='ocrx_word' id='word_1_526' title='bbox 1779 4892 2127 4949; x_wconf 83' lang='lat' dir='ltr'><strong>damnatione</strong></span> 
     </span>
    </p>
   </div>
   <div class='ocr_carea' id='block_1_85' title="bbox 546 4958 2126 5039">
    <p class='ocr_par' dir='ltr' id='par_1_85' title="bbox 546 4958 2126 5039">
     <span class='ocr_line' id='line_1_85' title="bbox 546 4958 2126 5039; baseline 0.007 -31"><span class='ocrx_word' id='word_1_527' title='bbox 546 4958 796 5039; x_wconf 76' lang='lat' dir='ltr'><strong>moritur,</strong></span> <span class='ocrx_word' id='word_1_528' title='bbox 816 4967 884 5039; x_wconf 13' lang='lat' dir='ltr'><strong>iet</strong></span> <span class='ocrx_word' id='word_1_529' title='bbox 908 4959 963 5011; x_wconf 90' lang='lat' dir='ltr'><strong>in</strong></span> <span class='ocrx_word' id='word_1_530' title='bbox 995 4959 1108 5039; x_wconf 74' lang='lat' dir='ltr'><strong>ejus</strong></span> <span class='ocrx_word' id='word_1_531' title='bbox 1137 4958 1247 5039; x_wconf 79' lang='lat' dir='ltr'><strong>loco</strong></span> <span class='ocrx_word' id='word_1_532' title='bbox 1278 4958 1571 5015; x_wconf 88' lang='lat' dir='ltr'><strong>Calendion</strong></span> <span class='ocrx_word' id='word_1_533' title='bbox 1600 4962 1905 5039; x_wconf 55' lang='lat' dir='ltr'><strong>ordinatur:</strong></span> <span class='ocrx_word' id='word_1_534' title='bbox 1938 4962 2126 5019; x_wconf 89' lang='lat' dir='ltr'><strong>Orien-</strong></span> 
     </span>
    </p>
   </div>
   <div class='ocr_carea' id='block_1_86' title="bbox 546 5026 2122 5100">
    <p class='ocr_par' dir='ltr' id='par_1_86' title="bbox 546 5026 2122 5100">
     <span class='ocr_line' id='line_1_86' title="bbox 546 5026 2122 5100; baseline 0.006 -21"><span class='ocrx_word' id='word_1_535' title='bbox 546 5026 682 5081; x_wconf 83' lang='lat' dir='ltr'><strong>tales</strong></span> <span class='ocrx_word' id='word_1_536' title='bbox 730 5038 907 5081; x_wconf 89' lang='lat' dir='ltr'><strong>autem</strong></span> <span class='ocrx_word' id='word_1_537' title='bbox 932 5026 1172 5100; x_wconf 69' lang='lat' dir='ltr'><strong>episcopi</strong></span> <span class='ocrx_word' id='word_1_538' title='bbox 1215 5037 1474 5100; x_wconf 86' lang='lat' dir='ltr'><strong>tanquam</strong></span> <span class='ocrx_word' id='word_1_539' title='bbox 1521 5032 1825 5095; x_wconf 82' lang='lat' dir='ltr'><strong>nescientes,</strong></span> <span class='ocrx_word' id='word_1_540' title='bbox 1860 5032 2122 5090; x_wconf 79' lang='lat' dir='ltr'><strong>Joannem</strong></span> 
     </span>
    </p>
   </div>
   <div class='ocr_carea' id='block_1_87' title="bbox 546 5098 2128 5168">
    <p class='ocr_par' dir='ltr' id='par_1_87' title="bbox 546 5098 2128 5168">
     <span class='ocr_line' id='line_1_87' title="bbox 546 5098 2128 5168; baseline 0.008 -19"><span class='ocrx_word' id='word_1_541' title='bbox 546 5106 891 5168; x_wconf 89' lang='lat' dir='ltr'><strong>cognomento</strong></span> <span class='ocrx_word' id='word_1_542' title='bbox 914 5098 1246 5154; x_wconf 87' lang='lat' dir='ltr'><strong>Codonatum</strong></span> <span class='ocrx_word' id='word_1_543' title='bbox 1273 5098 1442 5154; x_wconf 81' lang='lat' dir='ltr'><strong>eidem</strong></span> <span class='ocrx_word' id='word_1_544' title='bbox 1496 5101 1835 5155; x_wconf 68' lang='lat' dir='ltr'><strong>Antiochenae</strong></span> <span class='ocrx_word' id='word_1_545' title='bbox 1879 5103 2128 5161; x_wconf 75' lang='lat' dir='ltr'><strong>Ecclesia:</strong></span> 
     </span>
    </p>
   </div>
   <div class='ocr_carea' id='block_1_88' title="bbox 546 5171 2123 5239">
    <p class='ocr_par' dir='ltr' id='par_1_88' title="bbox 546 5171 2123 5239">
     <span class='ocr_line' id='line_1_88' title="bbox 546 5171 2123 5239; baseline 0.008 -19"><span class='ocrx_word' id='word_1_546' title='bbox 546 5178 855 5239; x_wconf 81' lang='lat' dir='ltr'><strong>consecrant</strong></span> <span class='ocrx_word' id='word_1_547' title='bbox 886 5171 1205 5239; x_wconf 82' lang='lat' dir='ltr'><strong>episcopum,</strong></span> <span class='ocrx_word' id='word_1_548' title='bbox 1233 5172 1317 5224; x_wconf 87' lang='lat' dir='ltr'><strong>cui</strong></span> <span class='ocrx_word' id='word_1_549' title='bbox 1343 5171 1539 5226; x_wconf 85' lang='lat' dir='ltr'><strong>Petrus</strong></span> <span class='ocrx_word' id='word_1_550' title='bbox 1559 5174 1806 5225; x_wconf 88' lang='lat' dir='ltr'><strong>successit</strong></span> <span class='ocrx_word' id='word_1_551' title='bbox 1830 5174 2123 5232; x_wconf 61' lang='lat' dir='ltr'><strong>haereticus.</strong></span> 
     </span>
    </p>
   </div>
   <div class='ocr_carea' id='block_1_89' title="bbox 547 5238 2127 5312">
    <p class='ocr_par' dir='ltr' id='par_1_89' title="bbox 547 5238 2127 5312">
     <span class='ocr_line' id='line_1_89' title="bbox 547 5238 2127 5312; baseline 0.008 -22"><span class='ocrx_word' id='word_1_552' title='bbox 547 5238 989 5312; x_wconf 37' lang='lat' dir='ltr'><strong>llic‘eratannus</strong></span> <span class='ocrx_word' id='word_1_553' title='bbox 1016 5238 1225 5295; x_wconf 84' lang='lat' dir='ltr'><strong>Christi</strong></span> <span class='ocrx_word' id='word_1_554' title='bbox 1246 5240 1372 5305; x_wconf 78' lang='grc'><strong>488,</strong></span> <span class='ocrx_word' id='word_1_555' title='bbox 1402 5242 1667 5312; x_wconf 84' lang='lat' dir='ltr'><strong>Dynamio</strong></span> <span class='ocrx_word' id='word_1_556' title='bbox 1689 5252 1746 5296; x_wconf 93' lang='lat' dir='ltr'><strong>et</strong></span> <span class='ocrx_word' id='word_1_557' title='bbox 1776 5242 1970 5299; x_wconf 87' lang='lat' dir='ltr'><strong>Sitidio</strong></span> <span class='ocrx_word' id='word_1_558' title='bbox 1993 5262 2127 5302; x_wconf 89' lang='lat' dir='ltr'><strong>con-</strong></span> 
     </span>
    </p>
   </div>
   <div class='ocr_carea' id='block_1_90' title="bbox 544 5306 2129 5381">
    <p class='ocr_par' dir='ltr' id='par_1_90' title="bbox 544 5306 2129 5381">
     <span class='ocr_line' id='line_1_90' title="bbox 544 5306 2129 5381; baseline 0.007 -21"><span class='ocrx_word' id='word_1_559' title='bbox 544 5306 781 5381; x_wconf 66' lang='lat' dir='ltr'><strong>sulibus.</strong></span> <span class='ocrx_word' id='word_1_560' title='bbox 806 5306 1085 5380; x_wconf 86' lang='lat' dir='ltr'><strong>Sequente</strong></span> <span class='ocrx_word' id='word_1_561' title='bbox 1115 5326 1247 5381; x_wconf 83' lang='lat' dir='ltr'><strong>vero</strong></span> <span class='ocrx_word' id='word_1_562' title='bbox 1277 5306 1592 5381; x_wconf 57' lang='lat' dir='ltr'><strong>anno,&#39;quo</strong></span> <span class='ocrx_word' id='word_1_563' title='bbox 1616 5316 1872 5368; x_wconf 88' lang='lat' dir='ltr'><strong>consules</strong></span> <span class='ocrx_word' id='word_1_564' title='bbox 1901 5314 2129 5372; x_wconf 89' lang='lat' dir='ltr'><strong>fuerunt</strong></span> 
     </span>
    </p>
   </div>
   <div class='ocr_carea' id='block_1_91' title="bbox 545 5377 2128 5444">
    <p class='ocr_par' dir='ltr' id='par_1_91' title="bbox 545 5377 2128 5444">
     <span class='ocr_line' id='line_1_91' title="bbox 545 5377 2128 5444; baseline 0.007 -13"><span class='ocrx_word' id='word_1_565' title='bbox 545 5377 821 5434; x_wconf 85' lang='lat' dir='ltr'><strong>Probinus</strong></span> <span class='ocrx_word' id='word_1_566' title='bbox 872 5377 928 5435; x_wconf 79' lang='lat' dir='ltr'><strong>et</strong></span> <span class='ocrx_word' id='word_1_567' title='bbox 984 5380 1277 5444; x_wconf 87' lang='lat' dir='ltr'><strong>Eusebius,</strong></span> <span class='ocrx_word' id='word_1_568' title='bbox 1333 5377 1717 5437; x_wconf 45' lang='lat' dir='ltr'><strong>idem—Victor</strong></span> <span class='ocrx_word' id='word_1_569' title='bbox 1775 5384 2128 5443; x_wconf 86' lang='lat' dir='ltr'><strong>Tunonensis</strong></span> 
     </span>
    </p>
   </div>
   <div class='ocr_carea' id='block_1_92' title="bbox 546 5448 2126 5517">
    <p class='ocr_par' dir='ltr' id='par_1_92' title="bbox 546 5448 2126 5517">
     <span class='ocr_line' id='line_1_92' title="bbox 546 5448 2126 5517; baseline 0.006 -14"><span class='ocrx_word' id='word_1_570' title='bbox 546 5448 732 5504; x_wconf 79' lang='lat' dir='ltr'><strong>Acacii</strong></span> <span class='ocrx_word' id='word_1_571' title='bbox 777 5450 993 5505; x_wconf 91' lang='lat' dir='ltr'><strong>obitum</strong></span> <span class='ocrx_word' id='word_1_572' title='bbox 1040 5462 1443 5507; x_wconf 86' lang='lat' dir='ltr'><strong>commemorat</strong></span> <span class='ocrx_word' id='word_1_573' title='bbox 1493 5453 1581 5507; x_wconf 89' lang='lat' dir='ltr'><strong>his</strong></span> <span class='ocrx_word' id='word_1_574' title='bbox 1622 5454 1857 5517; x_wconf 84' lang='lat' dir='ltr'><strong>verbis:</strong></span> <span class='ocrx_word' id='word_1_575' title='bbox 1899 5455 2126 5513; x_wconf 86' lang='lat' dir='ltr'><strong>Eusebio</strong></span> 
     </span>
    </p>
   </div>
   <div class='ocr_carea' id='block_1_93' title="bbox 2233 3346 3820 3419">
    <p class='ocr_par' dir='ltr' id='par_1_93' title="bbox 2233 3346 3820 3419">
     <span class='ocr_line' id='line_1_93' title="bbox 2233 3346 3820 3419; baseline -0.005 -9"><span class='ocrx_word' id='word_1_576' title='bbox 2233 3354 2579 3410; x_wconf 86' lang='lat' dir='ltr'><strong>damnatione</strong></span> <span class='ocrx_word' id='word_1_577' title='bbox 2611 3351 2858 3412; x_wconf 88' lang='lat' dir='ltr'><strong>moritur,</strong></span> <span class='ocrx_word' id='word_1_578' title='bbox 2890 3357 2939 3401; x_wconf 88' lang='lat' dir='ltr'><strong>et</strong></span> <span class='ocrx_word' id='word_1_579' title='bbox 2962 3365 3058 3419; x_wconf 89' lang='lat' dir='ltr'><strong>pro</strong></span> <span class='ocrx_word' id='word_1_580' title='bbox 3093 3346 3152 3400; x_wconf 91' lang='lat' dir='ltr'><strong>eo</strong></span> <span class='ocrx_word' id='word_1_581' title='bbox 3175 3346 3383 3401; x_wconf 82' lang='lat' dir='ltr'><strong>Flavita</strong></span> <span class='ocrx_word' id='word_1_582' title='bbox 3425 3346 3697 3416; x_wconf 86' lang='lat' dir='ltr'><strong>episcopus</strong></span> <span class='ocrx_word' id='word_1_583' title='bbox 3725 3366 3820 3402; x_wconf 89' lang='lat' dir='ltr'><strong>or-</strong></span> 
     </span>
    </p>
   </div>
   <div class='ocr_carea' id='block_1_94' title="bbox 2232 3420 3821 3489">
    <p class='ocr_par' dir='ltr' id='par_1_94' title="bbox 2232 3420 3821 3489">
     <span class='ocr_line' id='line_1_94' title="bbox 2232 3420 3821 3489; baseline -0.004 -11"><span class='ocrx_word' id='word_1_584' title='bbox 2232 3427 2475 3484; x_wconf 90' lang='lat' dir='ltr'><strong>dinatur,</strong></span> <span class='ocrx_word' id='word_1_585' title='bbox 2504 3422 2585 3474; x_wconf 89' lang='lat' dir='ltr'><strong>cui</strong></span> <span class='ocrx_word' id='word_1_586' title='bbox 2622 3421 2774 3473; x_wconf 87' lang='lat' dir='ltr'><strong>tertio</strong></span> <span class='ocrx_word' id='word_1_587' title='bbox 2814 3420 3182 3489; x_wconf 13' lang='lat' dir='ltr'><strong>ipromotionis</strong></span> <span class='ocrx_word' id='word_1_588' title='bbox 3227 3434 3338 3471; x_wconf 71' lang='lat' dir='ltr'><strong>sua:</strong></span> <span class='ocrx_word' id='word_1_589' title='bbox 3366 3432 3543 3470; x_wconf 87' lang='lat' dir='ltr'><strong>mense</strong></span> <span class='ocrx_word' id='word_1_590' title='bbox 3585 3428 3821 3481; x_wconf 85' lang='lat' dir='ltr'><strong>mortuo,</strong></span> 
     </span>
    </p>
   </div>
   <div class='ocr_carea' id='block_1_95' title="bbox 2234 3488 3823 3560">
    <p class='ocr_par' dir='ltr' id='par_1_95' title="bbox 2234 3488 3823 3560">
     <span class='ocr_line' id='line_1_95' title="bbox 2234 3488 3823 3560; baseline -0.004 -9"><span class='ocrx_word' id='word_1_591' title='bbox 2234 3494 2559 3559; x_wconf 84' lang='lat' dir='ltr'><strong>Euphemius</strong></span> <span class='ocrx_word' id='word_1_592' title='bbox 2581 3490 2770 3560; x_wconf 79' lang='lat' dir='ltr'><strong>synodi</strong></span> <span class='ocrx_word' id='word_1_593' title='bbox 2792 3488 3230 3560; x_wconf 77' lang='lat' dir='ltr'><strong>Chalcedonensis</strong></span> <span class='ocrx_word' id='word_1_594' title='bbox 3260 3489 3604 3560; x_wconf 70' lang='lat' dir='ltr'><strong>decretorum</strong></span> <span class='ocrx_word' id='word_1_595' title='bbox 3645 3498 3823 3560; x_wconf 69' lang='lat' dir='ltr'><strong>custos</strong></span> 
     </span>
    </p>
   </div>
   <div class='ocr_carea' id='block_1_96' title="bbox 2232 3557 3821 3635">
    <p class='ocr_par' dir='ltr' id='par_1_96' title="bbox 2232 3557 3821 3635">
     <span class='ocr_line' id='line_1_96' title="bbox 2232 3557 3821 3635; baseline -0.004 -14"><span class='ocrx_word' id='word_1_596' title='bbox 2232 3571 2289 3621; x_wconf 84' lang='lat' dir='ltr'><strong>in</strong></span> <span class='ocrx_word' id='word_1_597' title='bbox 2321 3557 2628 3635; x_wconf 75' lang='lat' dir='ltr'><strong>episcopatu</strong></span> <span class='ocrx_word' id='word_1_598' title='bbox 2645 3560 2893 3635; x_wconf 62' lang='lat' dir='ltr'><strong>succedit.</strong></span> <span class='ocrx_word' id='word_1_599' title='bbox 2926 3559 3085 3613; x_wconf 87' lang='lat' dir='ltr'><strong>Anno</strong></span> <span class='ocrx_word' id='word_1_600' title='bbox 3116 3567 3301 3635; x_wconf 65' lang='lat' dir='ltr'><strong>autem</strong></span> <span class='ocrx_word' id='word_1_601' title='bbox 3321 3557 3635 3635; x_wconf 69' lang='lat' dir='ltr'><strong>_sequenti,</strong></span> <span class='ocrx_word' id='word_1_602' title='bbox 3665 3558 3821 3614; x_wconf 87' lang='lat' dir='ltr'><strong>Lou-</strong></span> 
     </span>
    </p>
   </div>
   <div class='ocr_carea' id='block_1_97' title="bbox 2270 3627 3821 3692">
    <p class='ocr_par' dir='ltr' id='par_1_97' title="bbox 2270 3627 3821 3692">
     <span class='ocr_line' id='line_1_97' title="bbox 2270 3627 3821 3692; baseline -0.005 -2"><span class='ocrx_word' id='word_1_603' title='bbox 2270 3627 2362 3690; x_wconf 83' lang='lat' dir='ltr'><strong>ino</strong></span> <span class='ocrx_word' id='word_1_604' title='bbox 2395 3627 2593 3687; x_wconf 80' lang='lat' dir='ltr'><strong>iterum</strong></span> <span class='ocrx_word' id='word_1_605' title='bbox 2620 3640 2675 3685; x_wconf 91' lang='lat' dir='ltr'><strong>et</strong></span> <span class='ocrx_word' id='word_1_606' title='bbox 2705 3631 2908 3685; x_wconf 87' lang='lat' dir='ltr'><strong>Fausto</strong></span> <span class='ocrx_word' id='word_1_607' title='bbox 2937 3628 3286 3692; x_wconf 85' lang='lat' dir='ltr'><strong>consulibus,</strong></span> <span class='ocrx_word' id='word_1_608' title='bbox 3321 3628 3545 3682; x_wconf 86' lang='lat' dir='ltr'><strong>Petrum</strong></span> <span class='ocrx_word' id='word_1_609' title='bbox 3575 3627 3821 3683; x_wconf 72' lang='lat' dir='ltr'><strong>Alexan~</strong></span> 
     </span>
    </p>
   </div>
   <div class='ocr_carea' id='block_1_98' title="bbox 2274 3697 3825 3759">
    <p class='ocr_par' dir='ltr' id='par_1_98' title="bbox 2274 3697 3825 3759">
     <span class='ocr_line' id='line_1_98' title="bbox 2274 3697 3825 3759; baseline -0.003 -1"><span class='ocrx_word' id='word_1_610' title='bbox 2274 3706 2457 3759; x_wconf 86' lang='lat' dir='ltr'><strong>riuum</strong></span> <span class='ocrx_word' id='word_1_611' title='bbox 2478 3702 2581 3756; x_wconf 89' lang='lat' dir='ltr'><strong>sub</strong></span> <span class='ocrx_word' id='word_1_612' title='bbox 2613 3699 2967 3754; x_wconf 86' lang='lat' dir='ltr'><strong>damnatione</strong></span> <span class='ocrx_word' id='word_1_613' title='bbox 2991 3708 3274 3753; x_wconf 91' lang='lat' dir='ltr'><strong>mortuum</strong></span> <span class='ocrx_word' id='word_1_614' title='bbox 3303 3712 3424 3753; x_wconf 87' lang='lat' dir='ltr'><strong>esse</strong></span> <span class='ocrx_word' id='word_1_615' title='bbox 3449 3697 3594 3751; x_wconf 92' lang='lat' dir='ltr'><strong>idem</strong></span> <span class='ocrx_word' id='word_1_616' title='bbox 3628 3698 3825 3754; x_wconf 74' lang='lat' dir='ltr'><strong>Victor</strong></span> 
     </span>
    </p>
   </div>
   <div class='ocr_carea' id='block_1_99' title="bbox 2232 3766 3824 3831">
    <p class='ocr_par' dir='ltr' id='par_1_99' title="bbox 2232 3766 3824 3831">
     <span class='ocr_line' id='line_1_99' title="bbox 2232 3766 3824 3831; baseline -0.006 0"><span class='ocrx_word' id='word_1_617' title='bbox 2232 3774 2447 3831; x_wconf 90' lang='lat' dir='ltr'><strong>scribit.</strong></span> <span class='ocrx_word' id='word_1_618' title='bbox 2480 3777 2543 3826; x_wconf 83' lang='lat' dir='ltr'><strong>At</strong></span> <span class='ocrx_word' id='word_1_619' title='bbox 2576 3770 2845 3824; x_wconf 84' lang='lat' dir='ltr'><strong>Barouius</strong></span> <span class='ocrx_word' id='word_1_620' title='bbox 2874 3768 2927 3822; x_wconf 88' lang='lat' dir='ltr'><strong>in</strong></span> <span class='ocrx_word' id='word_1_621' title='bbox 2959 3768 3255 3824; x_wconf 86' lang='lat' dir='ltr'><strong>Annalibus</strong></span> <span class='ocrx_word' id='word_1_622' title='bbox 3294 3766 3679 3828; x_wconf 84' lang='lat' dir='ltr'><strong>ecclesiasticis.</strong></span> <span class='ocrx_word' id='word_1_623' title='bbox 3722 3770 3824 3823; x_wconf 90' lang='lat' dir='ltr'><strong>ho-</strong></span> 
     </span>
    </p>
   </div>
   <div class='ocr_carea' id='block_1_100' title="bbox 2232 3838 3823 3908">
    <p class='ocr_par' dir='ltr' id='par_1_100' title="bbox 2232 3838 3823 3908">
     <span class='ocr_line' id='line_1_100' title="bbox 2232 3838 3823 3908; baseline -0.004 -8"><span class='ocrx_word' id='word_1_624' title='bbox 2232 3860 2356 3900; x_wconf 87' lang='lat' dir='ltr'><strong>rum</strong></span> <span class='ocrx_word' id='word_1_625' title='bbox 2388 3844 2555 3898; x_wconf 90' lang='lat' dir='ltr'><strong>trium</strong></span> <span class='ocrx_word' id='word_1_626' title='bbox 2576 3840 3053 3896; x_wconf 90' lang='lat' dir='ltr'><strong>schismaticorum</strong></span> <span class='ocrx_word' id='word_1_627' title='bbox 3101 3838 3408 3899; x_wconf 84' lang='lat' dir='ltr'><strong>interitum,</strong></span> <span class='ocrx_word' id='word_1_628' title='bbox 3466 3838 3659 3892; x_wconf 84' lang='lat' dir='ltr'><strong>eodem</strong></span> <span class='ocrx_word' id='word_1_629' title='bbox 3689 3841 3823 3908; x_wconf 82' lang='lat' dir='ltr'><strong>qui-</strong></span> 
     </span>
    </p>
   </div>
   <div class='ocr_carea' id='block_1_101' title="bbox 2232 3908 3823 3979">
    <p class='ocr_par' dir='ltr' id='par_1_101' title="bbox 2232 3908 3823 3979">
     <span class='ocr_line' id='line_1_101' title="bbox 2232 3908 3823 3979; baseline -0.004 -9"><span class='ocrx_word' id='word_1_630' title='bbox 2232 3916 2359 3970; x_wconf 91' lang='lat' dir='ltr'><strong>dem</strong></span> <span class='ocrx_word' id='word_1_631' title='bbox 2391 3912 2589 3968; x_wconf 81' lang='lat' dir='ltr'><strong>ordine</strong></span> <span class='ocrx_word' id='word_1_632' title='bbox 2618 3911 2788 3965; x_wconf 88' lang='lat' dir='ltr'><strong>refert</strong></span> <span class='ocrx_word' id='word_1_633' title='bbox 2814 3925 2925 3979; x_wconf 87' lang='lat' dir='ltr'><strong>quo</strong></span> <span class='ocrx_word' id='word_1_634' title='bbox 2958 3910 3147 3964; x_wconf 80' lang='lat' dir='ltr'><strong>Victor</strong></span> <span class='ocrx_word' id='word_1_635' title='bbox 3175 3909 3547 3979; x_wconf 82' lang='lat' dir='ltr'><strong>Tunonensis,</strong></span> <span class='ocrx_word' id='word_1_636' title='bbox 3574 3908 3669 3963; x_wconf 89' lang='lat' dir='ltr'><strong>sed</strong></span> <span class='ocrx_word' id='word_1_637' title='bbox 3706 3926 3823 3963; x_wconf 82' lang='lat' dir='ltr'><strong>non</strong></span> 
     </span>
    </p>
   </div>
   <div class='ocr_carea' id='block_1_102' title="bbox 2231 3977 3826 4040">
    <p class='ocr_par' dir='ltr' id='par_1_102' title="bbox 2231 3977 3826 4040">
     <span class='ocr_line' id='line_1_102' title="bbox 2231 3977 3826 4040; baseline -0.005 1"><span class='ocrx_word' id='word_1_638' title='bbox 2231 3985 2427 4040; x_wconf 88' lang='lat' dir='ltr'><strong>eodem</strong></span> <span class='ocrx_word' id='word_1_639' title='bbox 2456 3997 2621 4036; x_wconf 91' lang='lat' dir='ltr'><strong>anno.</strong></span> <span class='ocrx_word' id='word_1_640' title='bbox 2664 3977 2887 4035; x_wconf 82' lang='lat' dir='ltr'><strong>Petrum</strong></span> <span class='ocrx_word' id='word_1_641' title='bbox 2906 3979 3053 4034; x_wconf 90' lang='lat' dir='ltr'><strong>enim</strong></span> <span class='ocrx_word' id='word_1_642' title='bbox 3077 3979 3363 4033; x_wconf 90' lang='lat' dir='ltr'><strong>Fullonem</strong></span> <span class='ocrx_word' id='word_1_643' title='bbox 3393 3977 3600 4033; x_wconf 86' lang='lat' dir='ltr'><strong>obiisse</strong></span> <span class='ocrx_word' id='word_1_644' title='bbox 3627 3980 3826 4033; x_wconf 74' lang='lat' dir='ltr'><strong>scribit</strong></span> 
     </span>
    </p>
   </div>
   <div class='ocr_carea' id='block_1_103' title="bbox 2231 4049 3825 4111">
    <p class='ocr_par' dir='ltr' id='par_1_103' title="bbox 2231 4049 3825 4111">
     <span class='ocr_line' id='line_1_103' title="bbox 2231 4049 3825 4111; baseline -0.004 -1"><span class='ocrx_word' id='word_1_645' title='bbox 2231 4070 2378 4110; x_wconf 87' lang='lat' dir='ltr'><strong>anno</strong></span> <span class='ocrx_word' id='word_1_646' title='bbox 2401 4053 2602 4107; x_wconf 90' lang='lat' dir='ltr'><strong>natalis</strong></span> <span class='ocrx_word' id='word_1_647' title='bbox 2628 4050 2896 4105; x_wconf 87' lang='lat' dir='ltr'><strong>Dominici</strong></span> <span class='ocrx_word' id='word_1_648' title='bbox 2948 4050 3078 4111; x_wconf 73' lang='grc'><strong>486,</strong></span> <span class='ocrx_word' id='word_1_649' title='bbox 3101 4050 3364 4103; x_wconf 84' lang='lat' dir='ltr'><strong>Acacium</strong></span> <span class='ocrx_word' id='word_1_650' title='bbox 3416 4064 3550 4102; x_wconf 87' lang='lat' dir='ltr'><strong>vero</strong></span> <span class='ocrx_word' id='word_1_651' title='bbox 3592 4049 3825 4103; x_wconf 86' lang='lat' dir='ltr'><strong>biennio</strong></span> 
     </span>
    </p>
   </div>
   <div class='ocr_carea' id='block_1_104' title="bbox 2233 4119 3823 4195">
    <p class='ocr_par' dir='ltr' id='par_1_104' title="bbox 2233 4119 3823 4195">
     <span class='ocr_line' id='line_1_104' title="bbox 2233 4119 3823 4195; baseline -0.004 -17"><span class='ocrx_word' id='word_1_652' title='bbox 2233 4134 2379 4195; x_wconf 92' lang='lat' dir='ltr'><strong>post,</strong></span> <span class='ocrx_word' id='word_1_653' title='bbox 2408 4125 2573 4178; x_wconf 81' lang='lat' dir='ltr'><strong>idest</strong></span> <span class='ocrx_word' id='word_1_654' title='bbox 2607 4136 2752 4176; x_wconf 90' lang='lat' dir='ltr'><strong>anno</strong></span> <span class='ocrx_word' id='word_1_655' title='bbox 2774 4120 2986 4195; x_wconf 86' lang='lat' dir='ltr'><strong>Christi</strong></span> <span class='ocrx_word' id='word_1_656' title='bbox 3028 4120 3242 4195; x_wconf 66' lang='lat' dir='ltr'><strong>t88.__l_n</strong></span> <span class='ocrx_word' id='word_1_657' title='bbox 3300 4119 3480 4195; x_wconf 75' lang='grc' dir='ltr'><strong>Μοηεί</strong></span> <span class='ocrx_word' id='word_1_658' title='bbox 3507 4129 3693 4173; x_wconf 90' lang='lat' dir='ltr'><strong>autem</strong></span> <span class='ocrx_word' id='word_1_659' title='bbox 3723 4120 3823 4195; x_wconf 60' lang='grc' dir='ltr'><strong>ξει-</strong></span> 
     </span>
    </p>
   </div>
   <div class='ocr_carea' id='block_1_105' title="bbox 2237 4189 3824 4311">
    <p class='ocr_par' dir='ltr' id='par_1_105' title="bbox 2237 4189 3824 4311">
     <span class='ocr_line' id='line_1_105' title="bbox 2237 4189 3824 4311; baseline -0.003 -63"><span class='ocrx_word' id='word_1_660' title='bbox 2237 4189 2405 4250; x_wconf 80' lang='lat' dir='ltr'><strong>ieritu</strong></span> <span class='ocrx_word' id='word_1_661' title='bbox 2431 4208 2663 4263; x_wconf 89' lang='lat' dir='ltr'><strong>prorsus</strong></span> <span class='ocrx_word' id='word_1_662' title='bbox 2691 4190 2973 4245; x_wconf 89' lang='lat' dir='ltr'><strong>consentit</strong></span> <span class='ocrx_word' id='word_1_663' title='bbox 2995 4206 3120 4244; x_wconf 91' lang='lat' dir='ltr'><strong>cum</strong></span> <span class='ocrx_word' id='word_1_664' title='bbox 3154 4190 3393 4243; x_wconf 82' lang='lat' dir='ltr'><strong>Victore.</strong></span> <span class='ocrx_word' id='word_1_665' title='bbox 3424 4189 3539 4311; x_wconf 49' lang='lat' dir='ltr'><strong>Ego</strong></span> <span class='ocrx_word' id='word_1_666' title='bbox 3568 4203 3701 4243; x_wconf 88' lang='lat' dir='ltr'><strong>vero</strong></span> <span class='ocrx_word' id='word_1_667' title='bbox 3723 4189 3824 4243; x_wconf 77' lang='lat' dir='ltr'><strong>Vi-</strong></span> 
     </span>
     <span class='ocr_line' id='line_1_106' title="bbox 2237 4258 3824 4311; baseline 0 0"><span class='ocrx_word' id='word_1_668' title='bbox 2237 4266 2406 4311; x_wconf 71' lang='lat' dir='ltr'><strong>claris</strong></span> <span class='ocrx_word' id='word_1_669' title='bbox 2437 4263 2767 4311; x_wconf 73' lang='lat' dir='ltr'><strong>sententiam</strong></span> <span class='ocrx_word' id='word_1_670' title='bbox 2800 4260 2958 4311; x_wconf 80' lang='lat' dir='ltr'><strong>senui</strong></span> <span class='ocrx_word' id='word_1_671' title='bbox 3012 4260 3219 4311; x_wconf 88' lang='lat' dir='ltr'><strong>malim.</strong></span> <span class='ocrx_word' id='word_1_672' title='bbox 3248 4259 3343 4311; x_wconf 88' lang='lat' dir='ltr'><strong>aui</strong></span> <span class='ocrx_word' id='word_1_673' title='bbox 3380 4259 3477 4311; x_wconf 87' lang='lat' dir='ltr'><strong>Ful</strong></span> <span class='ocrx_word' id='word_1_674' title='bbox 3503 4259 3626 4311; x_wconf 84' lang='lat' dir='ltr'><strong>onis</strong></span> <span class='ocrx_word' id='word_1_675' title='bbox 3676 4258 3824 4311; x_wconf 89' lang='lat' dir='ltr'><strong>inte-</strong></span> 
     </span>
    </p>
   </div>
   <div class='ocr_carea' id='block_1_106' title="bbox 2233 4258 3827 4340">
    <p class='ocr_par' dir='ltr' id='par_1_106' title="bbox 2233 4258 3827 4340">
     <span class='ocr_line' id='line_1_107' title="bbox 2233 4258 3827 4340; baseline -0.004 -21"><span class='ocrx_word' id='word_1_676' title='bbox 2233 4266 2406 4320; x_wconf 89' lang='lat' dir='ltr'><strong>ctoris</strong></span> <span class='ocrx_word' id='word_1_677' title='bbox 2433 4258 2767 4340; x_wconf 74' lang='lat' dir='ltr'><strong>sententiam</strong></span> <span class='ocrx_word' id='word_1_678' title='bbox 2800 4260 2958 4340; x_wconf 64' lang='lat' dir='ltr'><strong>sequi</strong></span> <span class='ocrx_word' id='word_1_679' title='bbox 2991 4259 3343 4340; x_wconf 37' lang='lat' dir='ltr'><strong>.tualimk&#39;qui</strong></span> <span class='ocrx_word' id='word_1_680' title='bbox 3380 4258 3634 4340; x_wconf 50' lang='lat' dir='ltr'><strong>Philonis</strong></span> <span class='ocrx_word' id='word_1_681' title='bbox 3676 4258 3827 4340; x_wconf 78' lang='lat' dir='ltr'><strong>inte-</strong></span> 
     </span>
    </p>
   </div>
   <div class='ocr_carea' id='block_1_107' title="bbox 2234 4329 3825 4399">
    <p class='ocr_par' dir='ltr' id='par_1_107' title="bbox 2234 4329 3825 4399">
     <span class='ocr_line' id='line_1_108' title="bbox 2234 4329 3825 4399; baseline -0.004 -10"><span class='ocrx_word' id='word_1_682' title='bbox 2234 4336 2404 4389; x_wconf 89' lang='lat' dir='ltr'><strong>ritum</strong></span> <span class='ocrx_word' id='word_1_683' title='bbox 2428 4333 2601 4388; x_wconf 81' lang='lat' dir='ltr'><strong>refert</strong></span> <span class='ocrx_word' id='word_1_684' title='bbox 2631 4346 2777 4385; x_wconf 88' lang='lat' dir='ltr'><strong>anno</strong></span> <span class='ocrx_word' id='word_1_685' title='bbox 2796 4329 3003 4385; x_wconf 88' lang='lat' dir='ltr'><strong>Christi</strong></span> <span class='ocrx_word' id='word_1_686' title='bbox 3035 4329 3159 4383; x_wconf 88' lang='grc'><strong>488.</strong></span> <span class='ocrx_word' id='word_1_687' title='bbox 3215 4329 3351 4383; x_wconf 86' lang='lat' dir='ltr'><strong>Nam</strong></span> <span class='ocrx_word' id='word_1_688' title='bbox 3409 4329 3675 4384; x_wconf 84' lang='lat' dir='ltr'><strong>Calendio</strong></span> <span class='ocrx_word' id='word_1_689' title='bbox 3697 4330 3825 4399; x_wconf 90' lang='lat' dir='ltr'><strong>epi-</strong></span> 
     </span>
    </p>
   </div>
   <div class='ocr_carea' id='block_1_108' title="bbox 2235 4399 3828 4475">
    <p class='ocr_par' dir='ltr' id='par_1_108' title="bbox 2235 4399 3828 4475">
     <span class='ocr_line' id='line_1_109' title="bbox 2235 4399 3828 4475; baseline -0.004 -15"><span class='ocrx_word' id='word_1_690' title='bbox 2235 4420 2438 4475; x_wconf 87' lang='lat' dir='ltr'><strong>scopus</strong></span> <span class='ocrx_word' id='word_1_691' title='bbox 2483 4401 2793 4457; x_wconf 72' lang='lat' dir='ltr'><strong>Antiochia:</strong></span> <span class='ocrx_word' id='word_1_692' title='bbox 2842 4410 3073 4475; x_wconf 65' lang='lat' dir='ltr'><strong>creatus</strong></span> <span class='ocrx_word' id='word_1_693' title='bbox 3115 4408 3198 4475; x_wconf 80' lang='lat' dir='ltr'><strong>est</strong></span> <span class='ocrx_word' id='word_1_694' title='bbox 3230 4414 3387 4475; x_wconf 63' lang='lat' dir='ltr'><strong>anno</strong></span> <span class='ocrx_word' id='word_1_695' title='bbox 3408 4399 3610 4475; x_wconf 76' lang='lat' dir='ltr'><strong>natalis</strong></span> <span class='ocrx_word' id='word_1_696' title='bbox 3640 4400 3828 4454; x_wconf 84' lang='lat' dir='ltr'><strong>Domi-</strong></span> 
     </span>
    </p>
   </div>
   <div class='ocr_carea' id='block_1_109' title="bbox 2235 4469 3820 4539">
    <p class='ocr_par' dir='ltr' id='par_1_109' title="bbox 2235 4469 3820 4539">
     <span class='ocr_line' id='line_1_110' title="bbox 2235 4469 3820 4539; baseline -0.003 -10"><span class='ocrx_word' id='word_1_697' title='bbox 2235 4469 2351 4529; x_wconf 76' lang='grc' dir='ltr'><strong>ιιἱοῖ</strong></span> <span class='ocrx_word' id='word_1_698' title='bbox 2380 4474 2506 4539; x_wconf 71' lang='grc'><strong>482,</strong></span> <span class='ocrx_word' id='word_1_699' title='bbox 2550 4482 2612 4525; x_wconf 91' lang='lat' dir='ltr'><strong>ut</strong></span> <span class='ocrx_word' id='word_1_700' title='bbox 2661 4479 2880 4526; x_wconf 89' lang='lat' dir='ltr'><strong>constat</strong></span> <span class='ocrx_word' id='word_1_701' title='bbox 2937 4485 3005 4526; x_wconf 89' lang='lat' dir='ltr'><strong>ex</strong></span> <span class='ocrx_word' id='word_1_702' title='bbox 3033 4470 3279 4538; x_wconf 86' lang='lat' dir='ltr'><strong>Epistola</strong></span> <span class='ocrx_word' id='word_1_703' title='bbox 3334 4469 3604 4539; x_wconf 90' lang='lat' dir='ltr'><strong>Simplicii</strong></span> <span class='ocrx_word' id='word_1_704' title='bbox 3644 4485 3820 4539; x_wconf 65' lang='lat' dir='ltr'><strong>papaa,</strong></span> 
     </span>
    </p>
   </div>
   <div class='ocr_carea' id='block_1_110' title="bbox 2234 4539 3825 4614">
    <p class='ocr_par' dir='ltr' id='par_1_110' title="bbox 2234 4539 3825 4614">
     <span class='ocr_line' id='line_1_111' title="bbox 2234 4539 3825 4614; baseline -0.003 -16"><span class='ocrx_word' id='word_1_705' title='bbox 2234 4546 2328 4614; x_wconf 91' lang='lat' dir='ltr'><strong>qui</strong></span> <span class='ocrx_word' id='word_1_706' title='bbox 2375 4560 2501 4599; x_wconf 89' lang='lat' dir='ltr'><strong>cum</strong></span> <span class='ocrx_word' id='word_1_707' title='bbox 2542 4541 2922 4612; x_wconf 87' lang='lat' dir='ltr'><strong>episcopatum</strong></span> <span class='ocrx_word' id='word_1_708' title='bbox 2942 4540 3147 4614; x_wconf 88' lang='lat' dir='ltr'><strong>_i_llum_</strong></span> <span class='ocrx_word' id='word_1_709' title='bbox 3185 4548 3424 4609; x_wconf 87' lang='lat' dir='ltr'><strong>quatuor</strong></span> <span class='ocrx_word' id='word_1_710' title='bbox 3468 4539 3825 4614; x_wconf 77' lang='lat' dir='ltr'><strong>aunis_obti-</strong></span> 
     </span>
    </p>
   </div>
   <div class='ocr_carea' id='block_1_111' title="bbox 2163 4609 3826 4683">
    <p class='ocr_par' dir='ltr' id='par_1_111' title="bbox 2163 4609 3826 4683">
     <span class='ocr_line' id='line_1_112' title="bbox 2163 4609 3826 4683; baseline -0.003 -14"><span class='ocrx_word' id='word_1_711' title='bbox 2163 4626 2207 4683; x_wconf 80' lang='grc' dir='ltr'><strong>ι)</strong></span> <span class='ocrx_word' id='word_1_712' title='bbox 2236 4609 2444 4678; x_wconf 79' lang='lat' dir='ltr'><strong>nuerit,</strong></span> <span class='ocrx_word' id='word_1_713' title='bbox 2496 4609 2642 4669; x_wconf 80' lang='lat' dir='ltr'><strong>sicut</strong></span> <span class='ocrx_word' id='word_1_714' title='bbox 2673 4609 3329 4683; x_wconf 10' lang='lat' dir='ltr'><strong>testaturrrffheophanes,</strong></span> <span class='ocrx_word' id='word_1_715' title='bbox 3364 4609 3826 4683; x_wconf 72' lang='lat' dir='ltr'><strong>necessariodi-</strong></span> 
     </span>
    </p>
   </div>
   <div class='ocr_carea' id='block_1_112' title="bbox 2236 4678 3827 4750">
    <p class='ocr_par' dir='ltr' id='par_1_112' title="bbox 2236 4678 3827 4750">
     <span class='ocr_line' id='line_1_113' title="bbox 2236 4678 3827 4750; baseline -0.004 -10"><span class='ocrx_word' id='word_1_716' title='bbox 2236 4685 2594 4749; x_wconf 60' lang='lat' dir='ltr'><strong>cendumlest</strong></span> <span class='ocrx_word' id='word_1_717' title='bbox 2635 4683 2859 4737; x_wconf 87' lang='lat' dir='ltr'><strong>Petrum</strong></span> <span class='ocrx_word' id='word_1_718' title='bbox 2909 4678 3231 4745; x_wconf 76' lang='lat' dir='ltr'><strong>Fullonem,</strong></span> <span class='ocrx_word' id='word_1_719' title='bbox 3280 4682 3377 4750; x_wconf 90' lang='lat' dir='ltr'><strong>qui</strong></span> <span class='ocrx_word' id='word_1_720' title='bbox 3412 4681 3571 4750; x_wconf 90' lang='lat' dir='ltr'><strong>pulso</strong></span> <span class='ocrx_word' id='word_1_721' title='bbox 3626 4678 3827 4750; x_wconf 85' lang='lat' dir='ltr'><strong>Calen-</strong></span> 
     </span>
    </p>
   </div>
   <div class='ocr_carea' id='block_1_113' title="bbox 2236 4749 3827 4830">
    <p class='ocr_par' dir='ltr' id='par_1_113' title="bbox 2236 4749 3827 4830">
     <span class='ocr_line' id='line_1_114' title="bbox 2236 4749 3827 4830; baseline -0.003 -21"><span class='ocrx_word' id='word_1_722' title='bbox 2236 4756 2425 4817; x_wconf 88' lang='lat' dir='ltr'><strong>dione,</strong></span> <span class='ocrx_word' id='word_1_723' title='bbox 2456 4756 2509 4808; x_wconf 93' lang='lat' dir='ltr'><strong>in</strong></span> <span class='ocrx_word' id='word_1_724' title='bbox 2532 4754 2652 4830; x_wconf 80' lang='lat' dir='ltr'><strong>ejus</strong></span> <span class='ocrx_word' id='word_1_725' title='bbox 2680 4753 2859 4807; x_wconf 92' lang='lat' dir='ltr'><strong>locum</strong></span> <span class='ocrx_word' id='word_1_726' title='bbox 2901 4753 3237 4830; x_wconf 78' lang='lat' dir='ltr'><strong>subrogatus</strong></span> <span class='ocrx_word' id='word_1_727' title='bbox 3277 4749 3385 4814; x_wconf 84' lang='lat' dir='ltr'><strong>est,</strong></span> <span class='ocrx_word' id='word_1_728' title='bbox 3416 4749 3567 4830; x_wconf 61' lang='lat' dir='ltr'><strong>anno</strong></span> <span class='ocrx_word' id='word_1_729' title='bbox 3616 4749 3827 4805; x_wconf 89' lang='lat' dir='ltr'><strong>Christi</strong></span> 
     </span>
    </p>
   </div>
   <div class='ocr_carea' id='block_1_114' title="bbox 2234 4818 3825 4891">
    <p class='ocr_par' dir='ltr' id='par_1_114' title="bbox 2234 4818 3825 4891">
     <span class='ocr_line' id='line_1_115' title="bbox 2234 4818 3825 4891; baseline -0.004 -11"><span class='ocrx_word' id='word_1_730' title='bbox 2234 4826 2339 4879; x_wconf 88' lang='grc'><strong>486</strong></span> <span class='ocrx_word' id='word_1_731' title='bbox 2382 4818 2783 4880; x_wconf 73' lang='lat' dir='ltr'><strong>Antiochenam</strong></span> <span class='ocrx_word' id='word_1_732' title='bbox 2838 4822 3027 4877; x_wconf 90' lang='lat' dir='ltr'><strong>sedem</strong></span> <span class='ocrx_word' id='word_1_733' title='bbox 3075 4818 3400 4891; x_wconf 79' lang='lat' dir='ltr'><strong>occupasse.</strong></span> <span class='ocrx_word' id='word_1_734' title='bbox 3451 4818 3591 4891; x_wconf 88' lang='lat' dir='ltr'><strong>Quis</strong></span> <span class='ocrx_word' id='word_1_735' title='bbox 3635 4830 3825 4891; x_wconf 87' lang='lat' dir='ltr'><strong>autem</strong></span> 
     </span>
    </p>
   </div>
   <div class='ocr_carea' id='block_1_115' title="bbox 2234 4890 3826 4963">
    <p class='ocr_par' dir='ltr' id='par_1_115' title="bbox 2234 4890 3826 4963">
     <span class='ocr_line' id='line_1_116' title="bbox 2234 4890 3826 4963; baseline -0.003 -13"><span class='ocrx_word' id='word_1_736' title='bbox 2234 4895 2668 4951; x_wconf 88' lang='lat' dir='ltr'><strong>credatPetrum</strong></span> <span class='ocrx_word' id='word_1_737' title='bbox 2699 4892 3005 4955; x_wconf 84' lang='lat' dir='ltr'><strong>Fullonem,</strong></span> <span class='ocrx_word' id='word_1_738' title='bbox 3036 4890 3131 4963; x_wconf 85' lang='lat' dir='ltr'><strong>qui</strong></span> <span class='ocrx_word' id='word_1_739' title='bbox 3178 4890 3260 4945; x_wconf 85' lang='lat' dir='ltr'><strong>tot</strong></span> <span class='ocrx_word' id='word_1_740' title='bbox 3305 4907 3375 4963; x_wconf 84' lang='lat' dir='ltr'><strong>ac</strong></span> <span class='ocrx_word' id='word_1_741' title='bbox 3400 4901 3550 4945; x_wconf 86' lang='lat' dir='ltr'><strong>tanta</strong></span> <span class='ocrx_word' id='word_1_742' title='bbox 3576 4890 3826 4963; x_wconf 74' lang='lat' dir='ltr'><strong>facinora</strong></span> 
     </span>
    </p>
   </div>
   <div class='ocr_carea' id='block_1_116' title="bbox 2232 4962 3827 5069">
    <p class='ocr_par' dir='ltr' id='par_1_116' title="bbox 2232 4962 3827 5069">
     <span class='ocr_line' id='line_1_117' title="bbox 2232 4962 3827 5069; baseline -0.004 -48"><span class='ocrx_word' id='word_1_743' title='bbox 2232 4967 2589 5035; x_wconf 87' lang='lat' dir='ltr'><strong>episcopatus</strong></span> <span class='ocrx_word' id='word_1_744' title='bbox 2629 4963 2716 5017; x_wconf 87' lang='lat' dir='ltr'><strong>sui</strong></span> <span class='ocrx_word' id='word_1_745' title='bbox 2757 4972 3005 5032; x_wconf 89' lang='lat' dir='ltr'><strong>tempore</strong></span> <span class='ocrx_word' id='word_1_746' title='bbox 3056 4962 3431 5032; x_wconf 89' lang='lat' dir='ltr'><strong>perpetravit,</strong></span> <span class='ocrx_word' id='word_1_747' title='bbox 3478 4962 3673 5069; x_wconf 69' lang='lat' dir='ltr'><strong>paucis</strong></span> <span class='ocrx_word' id='word_1_748' title='bbox 3702 4973 3827 5042; x_wconf 75' lang='lat' dir='ltr'><strong>post</strong></span> 
     </span>
     <span class='ocr_line' id='line_1_118' title="bbox 2232 5031 3824 5069; baseline 0 0"><span class='ocrx_word' id='word_1_749' title='bbox 2232 5036 2639 5069; x_wconf 60' lang='lat' dir='ltr'><strong>nummaria-sam</strong></span> <span class='ocrx_word' id='word_1_750' title='bbox 2691 5049 2841 5069; x_wconf 64' lang='lat' dir='ltr'><strong>cun-sm</strong></span> <span class='ocrx_word' id='word_1_751' title='bbox 2874 5034 3157 5069; x_wconf 70' lang='lat' dir='ltr'><strong>Innnaihuu</strong></span> <span class='ocrx_word' id='word_1_752' title='bbox 3188 5032 3467 5069; x_wconf 63' lang='lat' dir='ltr'><strong>intus-iiuna</strong></span> <span class='ocrx_word' id='word_1_753' title='bbox 3560 5031 3675 5069; x_wconf 78' lang='lat' dir='ltr'><strong>Nnn</strong></span> <span class='ocrx_word' id='word_1_754' title='bbox 3719 5048 3824 5069; x_wconf 79' lang='lat' dir='ltr'><strong>Im-</strong></span> 
     </span>
    </p>
   </div>
   <div class='ocr_carea' id='block_1_117' title="bbox 2230 5031 3824 5110">
    <p class='ocr_par' dir='ltr' id='par_1_117' title="bbox 2230 5031 3824 5110">
     <span class='ocr_line' id='line_1_119' title="bbox 2230 5031 3824 5110; baseline -0.006 -19"><span class='ocrx_word' id='word_1_755' title='bbox 2230 5031 2656 5110; x_wconf 73' lang='lat' dir='ltr'><strong>promolion_em_</strong></span> <span class='ocrx_word' id='word_1_756' title='bbox 2691 5031 3159 5110; x_wconf 36' lang='lat' dir='ltr'><strong>suam‘inensibus</strong></span> <span class='ocrx_word' id='word_1_757' title='bbox 3188 5031 3502 5110; x_wconf 49' lang='lat' dir='ltr'><strong>interiisse?</strong></span> <span class='ocrx_word' id='word_1_758' title='bbox 3559 5031 3675 5085; x_wconf 84' lang='lat' dir='ltr'><strong>Non</strong></span> <span class='ocrx_word' id='word_1_759' title='bbox 3719 5033 3824 5110; x_wconf 62' lang='lat' dir='ltr'><strong>igi-</strong></span> 
     </span>
    </p>
   </div>
   <div class='ocr_carea' id='block_1_118' title="bbox 2232 5103 3826 5170">
    <p class='ocr_par' dir='ltr' id='par_1_118' title="bbox 2232 5103 3826 5170">
     <span class='ocr_line' id='line_1_120' title="bbox 2232 5103 3826 5170; baseline -0.003 -10"><span class='ocrx_word' id='word_1_760' title='bbox 2232 5103 2325 5160; x_wconf 73' lang='lat' dir='ltr'><strong>tur</strong></span> <span class='ocrx_word' id='word_1_761' title='bbox 2358 5121 2504 5160; x_wconf 88' lang='lat' dir='ltr'><strong>anno</strong></span> <span class='ocrx_word' id='word_1_762' title='bbox 2525 5104 2731 5159; x_wconf 87' lang='lat' dir='ltr'><strong>Christi</strong></span> <span class='ocrx_word' id='word_1_763' title='bbox 2758 5103 2863 5157; x_wconf 80' lang='grc'><strong>486</strong></span> <span class='ocrx_word' id='word_1_764' title='bbox 2910 5104 3049 5157; x_wconf 89' lang='lat' dir='ltr'><strong>obiit</strong></span> <span class='ocrx_word' id='word_1_765' title='bbox 3070 5104 3269 5157; x_wconf 88' lang='lat' dir='ltr'><strong>Petrus</strong></span> <span class='ocrx_word' id='word_1_766' title='bbox 3290 5103 3472 5165; x_wconf 90' lang='lat' dir='ltr'><strong>Fullo,</strong></span> <span class='ocrx_word' id='word_1_767' title='bbox 3519 5112 3582 5155; x_wconf 88' lang='lat' dir='ltr'><strong>ut</strong></span> <span class='ocrx_word' id='word_1_768' title='bbox 3608 5103 3826 5170; x_wconf 72' lang='lat' dir='ltr'><strong>putavit</strong></span> 
     </span>
    </p>
   </div>
   <div class='ocr_carea' id='block_1_119' title="bbox 2231 5171 3820 5244">
    <p class='ocr_par' dir='ltr' id='par_1_119' title="bbox 2231 5171 3820 5244">
     <span class='ocr_line' id='line_1_121' title="bbox 2231 5171 3820 5244; baseline -0.003 -15"><span class='ocrx_word' id='word_1_769' title='bbox 2231 5175 2524 5231; x_wconf 89' lang='lat' dir='ltr'><strong>Baronius.</strong></span> <span class='ocrx_word' id='word_1_770' title='bbox 2576 5174 2683 5230; x_wconf 89' lang='lat' dir='ltr'><strong>Sed</strong></span> <span class='ocrx_word' id='word_1_771' title='bbox 2748 5174 2852 5229; x_wconf 89' lang='lat' dir='ltr'><strong>hoc</strong></span> <span class='ocrx_word' id='word_1_772' title='bbox 2877 5182 3267 5244; x_wconf 78' lang='lat' dir='ltr'><strong>argumentum</strong></span> <span class='ocrx_word' id='word_1_773' title='bbox 3309 5173 3472 5227; x_wconf 90' lang='lat' dir='ltr'><strong>facile</strong></span> <span class='ocrx_word' id='word_1_774' title='bbox 3502 5171 3777 5244; x_wconf 85' lang='lat' dir='ltr'><strong>refellitur</strong></span> <span class='ocrx_word' id='word_1_775' title='bbox 3806 5191 3820 5225; x_wconf 85' lang='lat'><strong>:</strong></span> 
     </span>
    </p>
   </div>
   <div class='ocr_carea' id='block_1_120' title="bbox 2231 5242 3825 5322">
    <p class='ocr_par' dir='ltr' id='par_1_120' title="bbox 2231 5242 3825 5322">
     <span class='ocr_line' id='line_1_122' title="bbox 2231 5242 3825 5322; baseline -0.004 -20"><span class='ocrx_word' id='word_1_776' title='bbox 2231 5248 2348 5302; x_wconf 91' lang='lat' dir='ltr'><strong>sola</strong></span> <span class='ocrx_word' id='word_1_777' title='bbox 2372 5247 2520 5300; x_wconf 90' lang='lat' dir='ltr'><strong>enim</strong></span> <span class='ocrx_word' id='word_1_778' title='bbox 2555 5244 2911 5322; x_wconf 76' lang='lat' dir='ltr'><strong>Theophanis</strong></span> <span class='ocrx_word' id='word_1_779' title='bbox 2941 5242 3527 5322; x_wconf 70' lang='lat' dir='ltr'><strong>auctoritate_nititur,</strong></span> <span class='ocrx_word' id='word_1_780' title='bbox 3556 5242 3825 5322; x_wconf 33' lang='lat' dir='ltr'><strong>qui-quat</strong></span> 
     </span>
    </p>
   </div>
   <div class='ocr_carea' id='block_1_121' title="bbox 2232 5312 3821 5392">
    <p class='ocr_par' dir='ltr' id='par_1_121' title="bbox 2232 5312 3821 5392">
     <span class='ocr_line' id='line_1_123' title="bbox 2232 5312 3821 5392; baseline -0.003 -21"><span class='ocrx_word' id='word_1_781' title='bbox 2232 5326 2360 5392; x_wconf 52' lang='lat' dir='ltr'><strong>tuor</strong></span> <span class='ocrx_word' id='word_1_782' title='bbox 2383 5333 2558 5392; x_wconf 76' lang='lat' dir='ltr'><strong>annos</strong></span> <span class='ocrx_word' id='word_1_783' title='bbox 2614 5312 2971 5392; x_wconf 73' lang='lat' dir='ltr'><strong>episcopatus</strong></span> <span class='ocrx_word' id='word_1_784' title='bbox 3024 5314 3225 5392; x_wconf 82' lang='lat' dir='ltr'><strong>tribuit</strong></span> <span class='ocrx_word' id='word_1_785' title='bbox 3269 5312 3615 5392; x_wconf 77' lang='lat' dir='ltr'><strong>Calendioni.</strong></span> <span class='ocrx_word' id='word_1_786' title='bbox 3648 5312 3821 5392; x_wconf 81' lang='lat' dir='ltr'><strong>Atqui</strong></span> 
     </span>
    </p>
   </div>
   <div class='ocr_carea' id='block_1_122' title="bbox 2229 5384 3822 5463">
    <p class='ocr_par' dir='ltr' id='par_1_122' title="bbox 2229 5384 3822 5463">
     <span class='ocr_line' id='line_1_124' title="bbox 2229 5384 3822 5463; baseline -0.002 -22"><span class='ocrx_word' id='word_1_787' title='bbox 2229 5387 2497 5463; x_wconf 73' lang='lat' dir='ltr'><strong>Calendio</strong></span> <span class='ocrx_word' id='word_1_788' title='bbox 2530 5388 2661 5463; x_wconf 75' lang='lat' dir='ltr'><strong>anui</strong></span> <span class='ocrx_word' id='word_1_789' title='bbox 2696 5384 2963 5463; x_wconf 76' lang='lat' dir='ltr'><strong>duntaxat</strong></span> <span class='ocrx_word' id='word_1_790' title='bbox 2992 5386 3170 5463; x_wconf 68' lang='lat' dir='ltr'><strong>spatio</strong></span> <span class='ocrx_word' id='word_1_791' title='bbox 3203 5384 3574 5463; x_wconf 63' lang='lat' dir='ltr'><strong>sacerdotium</strong></span> <span class='ocrx_word' id='word_1_792' title='bbox 3626 5385 3822 5463; x_wconf 77' lang='lat' dir='ltr'><strong>gessit.</strong></span> 
     </span>
    </p>
   </div>
   <div class='ocr_carea' id='block_1_123' title="bbox 2228 5453 3825 5529">
    <p class='ocr_par' dir='ltr' id='par_1_123' title="bbox 2228 5453 3825 5529">
     <span class='ocr_line' id='line_1_125' title="bbox 2228 5453 3825 5529; baseline -0.003 -17"><span class='ocrx_word' id='word_1_793' title='bbox 2228 5458 2487 5529; x_wconf 83' lang='lat' dir='ltr'><strong>Dejectus</strong></span> <span class='ocrx_word' id='word_1_794' title='bbox 2508 5458 2654 5513; x_wconf 84' lang='lat' dir='ltr'><strong>enim</strong></span> <span class='ocrx_word' id='word_1_795' title='bbox 2679 5467 2765 5511; x_wconf 89' lang='lat' dir='ltr'><strong>est</strong></span> <span class='ocrx_word' id='word_1_796' title='bbox 2797 5472 2897 5527; x_wconf 90' lang='lat' dir='ltr'><strong>per</strong></span> <span class='ocrx_word' id='word_1_797' title='bbox 2922 5453 3153 5511; x_wconf 85' lang='lat' dir='ltr'><strong>insidias</strong></span> <span class='ocrx_word' id='word_1_798' title='bbox 3182 5455 3524 5511; x_wconf 88' lang='lat' dir='ltr'><strong>ordinatoris</strong></span> <span class='ocrx_word' id='word_1_799' title='bbox 3552 5453 3639 5509; x_wconf 90' lang='lat' dir='ltr'><strong>sui</strong></span> <span class='ocrx_word' id='word_1_800' title='bbox 3682 5453 3825 5508; x_wconf 76' lang='lat' dir='ltr'><strong>Aca-</strong></span> 
     </span>
    </p>
   </div>
   <div class='ocr_carea' id='block_1_124' title="bbox 1989 5568 2373 5626">
    <p class='ocr_par' dir='ltr' id='par_1_124' title="bbox 1989 5568 2373 5626">
     <span class='ocr_line' id='line_1_126' title="bbox 1989 5568 2373 5626; baseline 0.005 -2"><span class='ocrx_word' id='word_1_801' title='bbox 1989 5568 2350 5625; x_wconf 78' lang='lat' dir='ltr'><strong>VARIORUM</strong></span> <span class='ocrx_word' id='word_1_802' title='bbox 2360 5613 2373 5626; x_wconf 94' lang='lat'><strong>.</strong></span> 
     </span>
    </p>
   </div>
   <div class='ocr_carea' id='block_1_125' title="bbox 614 5677 2129 5748">
    <p class='ocr_par' dir='ltr' id='par_1_125' title="bbox 614 5677 2129 5748">
     <span class='ocr_line' id='line_1_127' title="bbox 614 5677 2129 5748; baseline 0.005 -17"><span class='ocrx_word' id='word_1_803' title='bbox 614 5677 694 5748; x_wconf 82' lang='lat' dir='ltr'><strong>(q)</strong></span> <span class='ocrx_word' id='word_1_804' title='bbox 760 5747 765 5748; x_wconf 15' lang='grc' dir='ltr'>ί</span> <span class='ocrx_word' id='word_1_805' title='bbox 816 5677 1114 5732; x_wconf 80' lang='grc' dir='ltr'>Ἀκακίου.</span> <span class='ocrx_word' id='word_1_806' title='bbox 1182 5678 1385 5735; x_wconf 90' lang='lat' dir='ltr'><strong>Acacio</strong></span> <span class='ocrx_word' id='word_1_807' title='bbox 1442 5680 1497 5735; x_wconf 90' lang='lat' dir='ltr'><strong>in</strong></span> <span class='ocrx_word' id='word_1_808' title='bbox 1535 5680 1668 5736; x_wconf 87' lang='lat' dir='ltr'><strong>sede</strong></span> <span class='ocrx_word' id='word_1_809' title='bbox 1708 5680 1813 5737; x_wconf 89' lang='lat' dir='ltr'><strong>CP.</strong></span> <span class='ocrx_word' id='word_1_810' title='bbox 1864 5682 2129 5739; x_wconf 90' lang='lat' dir='ltr'><strong>defuncto</strong></span> 
     </span>
    </p>
   </div>
   <div class='ocr_carea' id='block_1_126' title="bbox 546 5747 2127 5819">
    <p class='ocr_par' dir='ltr' id='par_1_126' title="bbox 546 5747 2127 5819">
     <span class='ocr_line' id='line_1_128' title="bbox 546 5747 2127 5819; baseline 0.005 -18"><span class='ocrx_word' id='word_1_811' title='bbox 546 5747 690 5803; x_wconf 87' lang='lat' dir='ltr'><strong>anno</strong></span> <span class='ocrx_word' id='word_1_812' title='bbox 738 5747 873 5803; x_wconf 87' lang='lat' dir='ltr'><strong>Chr.</strong></span> <span class='ocrx_word' id='word_1_813' title='bbox 917 5748 1042 5803; x_wconf 83' lang='grc'><strong>489.</strong></span> <span class='ocrx_word' id='word_1_814' title='bbox 1094 5759 1215 5819; x_wconf 90' lang='lat' dir='ltr'><strong>post</strong></span> <span class='ocrx_word' id='word_1_815' title='bbox 1262 5766 1534 5805; x_wconf 88' lang='lat' dir='ltr'><strong>annorum</strong></span> <span class='ocrx_word' id='word_1_816' title='bbox 1576 5752 1658 5815; x_wconf 90' lang='lat' dir='ltr'><strong>l7,</strong></span> <span class='ocrx_word' id='word_1_817' title='bbox 1689 5762 1745 5806; x_wconf 91' lang='lat' dir='ltr'><strong>et</strong></span> <span class='ocrx_word' id='word_1_818' title='bbox 1789 5756 2059 5809; x_wconf 90' lang='lat' dir='ltr'><strong>mensium</strong></span> <span class='ocrx_word' id='word_1_819' title='bbox 2094 5756 2127 5809; x_wconf 83' lang='lat'><strong>9</strong></span> 
     </span>
    </p>
   </div>
   <div class='ocr_carea' id='block_1_127' title="bbox 546 5819 2122 5892">
    <p class='ocr_par' dir='ltr' id='par_1_127' title="bbox 546 5819 2122 5892">
     <span class='ocr_line' id='line_1_129' title="bbox 546 5819 2122 5892; baseline 0.005 -19"><span class='ocrx_word' id='word_1_820' title='bbox 546 5820 944 5892; x_wconf 81' lang='lat' dir='ltr'><strong>episcopatum,</strong></span> <span class='ocrx_word' id='word_1_821' title='bbox 992 5821 1260 5876; x_wconf 83' lang='lat' dir='ltr'><strong>successit</strong></span> <span class='ocrx_word' id='word_1_822' title='bbox 1298 5819 1557 5877; x_wconf 78' lang='lat' dir='ltr'><strong>Phravita</strong></span> <span class='ocrx_word' id='word_1_823' title='bbox 1607 5839 1702 5879; x_wconf 82' lang='lat' dir='ltr'><strong>seu</strong></span> <span class='ocrx_word' id='word_1_824' title='bbox 1752 5824 1979 5880; x_wconf 84' lang='lat' dir='ltr'><strong>Flavita.</strong></span> <span class='ocrx_word' id='word_1_825' title='bbox 2022 5826 2122 5881; x_wconf 89' lang='lat' dir='ltr'><strong>Cui</strong></span> 
     </span>
    </p>
   </div>
   <div class='ocr_carea' id='block_1_128' title="bbox 2233 5683 3817 5755">
    <p class='ocr_par' dir='ltr' id='par_1_128' title="bbox 2233 5683 3817 5755">
     <span class='ocr_line' id='line_1_130' title="bbox 2233 5683 3817 5755; baseline 0.001 -16"><span class='ocrx_word' id='word_1_826' title='bbox 2233 5694 2359 5753; x_wconf 92' lang='lat' dir='ltr'><strong>post</strong></span> <span class='ocrx_word' id='word_1_827' title='bbox 2386 5693 2500 5741; x_wconf 88' lang='lat' dir='ltr'><strong>tres</strong></span> <span class='ocrx_word' id='word_1_828' title='bbox 2545 5690 2859 5755; x_wconf 81' lang='lat' dir='ltr'><strong>menseset</strong></span> <span class='ocrx_word' id='word_1_829' title='bbox 2896 5686 3021 5741; x_wconf 89' lang='lat' dir='ltr'><strong>dies</strong></span> <span class='ocrx_word' id='word_1_830' title='bbox 3060 5683 3453 5755; x_wconf 89' lang='lat' dir='ltr'><strong>septemdecim</strong></span> <span class='ocrx_word' id='word_1_831' title='bbox 3497 5683 3817 5741; x_wconf 85' lang='lat' dir='ltr'><strong>demortuo.</strong></span> 
     </span>
    </p>
   </div>
   <div class='ocr_carea' id='block_1_129' title="bbox 2233 5752 3820 5826">
    <p class='ocr_par' dir='ltr' id='par_1_129' title="bbox 2233 5752 3820 5826">
     <span class='ocr_line' id='line_1_131' title="bbox 2233 5752 3820 5826; baseline 0 -16"><span class='ocrx_word' id='word_1_832' title='bbox 2233 5752 2499 5811; x_wconf 82' lang='lat' dir='ltr'><strong>successit</strong></span> <span class='ocrx_word' id='word_1_833' title='bbox 2534 5752 2876 5825; x_wconf 84' lang='lat' dir='ltr'><strong>Euphemius</strong></span> <span class='ocrx_word' id='word_1_834' title='bbox 2919 5752 3323 5813; x_wconf 44' lang='lat' dir='ltr'><strong>eodem—anno.</strong></span> <span class='ocrx_word' id='word_1_835' title='bbox 3370 5755 3522 5826; x_wconf 88' lang='lat' dir='ltr'><strong>(Ant.</strong></span> <span class='ocrx_word' id='word_1_836' title='bbox 3559 5755 3709 5818; x_wconf 74' lang='lat' dir='ltr'><strong>PAGl,</strong></span> <span class='ocrx_word' id='word_1_837' title='bbox 3749 5756 3820 5810; x_wconf 83' lang='lat' dir='ltr'><strong>ad</strong></span> 
     </span>
    </p>
   </div>
   <div class='ocr_carea' id='block_1_130' title="bbox 2230 5826 2743 5896">
    <p class='ocr_par' dir='ltr' id='par_1_130' title="bbox 2230 5826 2743 5896">
     <span class='ocr_line' id='line_1_132' title="bbox 2230 5826 2743 5896; baseline -0.004 -15"><span class='ocrx_word' id='word_1_838' title='bbox 2230 5827 2440 5881; x_wconf 84' lang='lat' dir='ltr'><strong>dictum</strong></span> <span class='ocrx_word' id='word_1_839' title='bbox 2491 5826 2743 5896; x_wconf 83' lang='lat' dir='ltr'><strong>annum.)</strong></span> 
     </span>
    </p>
   </div>
  </div>
