4124 6332
303 360 453 427 2645
1243 367 1627 431 ΗΙΞΤΟΒῙᾸΕ
1663 370 1916 431 ECCLEE

2023 372 2258 432 STIC/E
2299 373 2532 432 LIBER
2568 373 2684 432 IlI.
3438 368 3580 431 2646

308 473 528 535 πόλεως
562 473 663 544 τὴν
703 478 891 546 κοινὴν
934 478 1293 550 στειλαμένου
1334 481 1583 550 πορείαν,
1625 481 1893 551 Φραυῖτας

2018 485 2232 549 .uhlato,
2266 485 2486 540 Fravita
2519 485 2574 538 in
2611 483 2732 554 ejus
2761 483 2944 538 locum
2988 481 3148 553 357
3183 479 3454 537 succedit.
3475 479 3578 547 Qui

308 565 413 635 τὴν
444 565 753 635 ἐπισκοπὴν
797 568 1123 638 διαδέχεται.
1182 572 1292 625 Καὶ
1350 573 1650 636 συνοδικοῖς
1685 590 1899 644 χρησα-

2018 593 2124 631 :um
2165 577 2454 647 synodicas
2481 591 2608 631 suas
2637 576 2704 631 ad
2733 577 2954 630 Petrum
2987 573 3263 636 misisset,
3295 573 3584 642 rescripsit

315 658 484 724 μένου
527 655 624 710 τοῦ
677 659 948 727 Φραυῒτου
986 662 1098 729 (29)
1153 663 1291 734 πρὸς
1344 665 1438 716 τὸν
1487 663 1900 733 ’Δλεξανδρείας

314 747 548 816 Πέτρον,
577 748 887 816 ἀμοιϐαίοις
916 752 944 802 ό
972 751 1178 820 Πέτρος
1211 754 1481 822 ἐχρήσατο
1508 755 1798 824 γράμμασι
1834 755 1902 808 τὰ

315 838 458 890 αὐτὰ
493 840 623 909 περὶ
655 839 763 892 τῶν
799 842 857 892 ἐν
903 840 1209 910 Καλχηδόνι
1261 843 1668 913 πεπραγμένων
1694 842 1899 906 διεξελ-

316 927 452 982 θών.
501 929 718 1000 Ἐπειδὴ
759 930 819 983 δὲ
851 932 947 983 καὶ
987 932 1264 1002 Φραυῖτας
1308 933 1415 986 τῶν
1445 933 1695 987 ἐντεῦθεν
1722 931 1904 1001 ἐξεδή-

320 1036 488 1089 μησε,
516 1023 782 1091 τέτταρας
808 1023 903 1074 καὶ
931 1023 1124 1091 μόνους
1153 1026 1530 1095 ὲπισκοπήσας
1563 1025 1758 1094 μῆνας,
1795 1027 1901 1078 Εὐ-

314 1112 527 1180 φήμιος
557 1113 675 1181 μετ’
715 1112 879 1164 αὑτὸν
927 1114 1226 1178 ἐπισκοπῆς
1265 1118 1701 1186 κεχειροτόνητο.
1734 1111 1905 1181 Οὗτος

315 1205 420 1268 τὰς
454 1203 736 1266 συνοδικὰς
769 1207 1059 1268 ἐπιστολὰς
1085 1207 1300 1278 δέχεται
1349 1209 1577 1278 Πέτρου,
1624 1211 1725 1272 τὰς
1767 1210 1905 1279 πρὸς

314 1297 597 1365 ⁶Ινραυΐταν
628 1298 1028 1367 γεγενημένας.
1064 1300 1175 1352 Καὶ
1207 1298 1463 1369 εὑρηκὼς
1513 1301 1573 1354 τὸ
1613 1302 1755 1354 κατὰ
1797 1300 1905 1353 τῶν

315 1389 378 1440 έν
414 1386 720 1456 Καλχηδόνι
757 1389 1170 1458 πεπραγμένων
1197 1389 1467 1460 ἀνάθεμα,
1514 1390 1634 1443 λίαν
1673 1392 1906 1460 ἐταράτ-

313 1497 463 1542 τετο,
493 1481 588 1532 καὶ
623 1480 820 1532 ἑαυτὸν
844 1483 944 1549 τῆς
975 1481 1114 1549 πρὸς
1149 1481 1354 1551 Πέτρον
1396 1482 1685 1544 κοινωνίας
1733 1482 1907 1552 ἀπέβ-

319 1570 477 1639 ρηξε.
526 1571 637 1623 Καὶ
683 1572 911 1643 φέρεται
955 1573 1161 1624 τούτων
1203 1572 1439 1643 ἑκατέρα
1466 1573 1749 1643 ἐπιστολὴ,
1783 1573 1818 1643 ἢ
1848 1591 1907 1626 τε

1998 671 2048 724 ei
2069 669 2311 724 vicissim
2348 669 2564 732 Petrus,
2589 668 2656 723 de
2681 665 3116 723 Chalcedonensi
3147 665 3358 736 synodo
3388 664 3583 718 eadem

1999 758 2190 813 dicens
2223 774 2346 828 qua:
2389 774 2556 828 supra
2614 757 3068 812 commemoravi.
3119 755 3334 810 Mortuo
3387 753 3589 810 deinde

2001 850 2237 914 Fravita,
2267 850 2362 919 qui
2391 858 2629 919 quatuor
2661 849 2927 903 duntaxat
2946 861 3166 900 menses
3205 845 3586 915 episcopatun‘

2002 942 2190 1012 gessit,
2217 942 2560 1011 Euphemius
2586 943 2706 1012 ejus
2729 942 2853 995 loco
2870 941 3166 1009 episcopus
3179 946 3265 992 est
3280 936 3590 990 ordinatus.

2003 1033 2104 1087 l-lic
2166 1034 2380 1102 accepit
2431 1033 2722 1103 synodicas
2765 1032 3057 1100 epistolas,
3116 1043 3249 1099 quas
3287 1029 3487 1083 Petrus
3522 1025 3591 1080 ad

2003 1123 2280 1178 Fravitam
2316 1124 2632 1192 scripserat.
2666 1123 2916 1192 Cumque
2965 1123 3020 1176 in
3059 1121 3169 1176 illis
3222 1117 3591 1174 anathemati-

2002 1217 2118 1272 «ιω-ἰ
2161 1226 2310 1286 gesta
2344 1215 2814 1270 Chalcedonensis
2862 1214 3058 1285 synodi
3108 1207 3592 1282 deprehendisset,

2005 1324 2335 1377 magnopere
2364 1308 2725 1362 conturbatus
2758 1315 2862 1367 est,
2899 1321 3070 1375 seque
3101 1323 3132 1359 a
3162 1303 3310 1359 Petri
3342 1317 3595 1357 commu-

2006 1400 2172 1454 nione
2201 1399 2459 1468 sejunxit.
2491 1398 3042 1452 Exstantetiamnum
3071 1396 3360 1465 utriusque
3391 1394 3598 1462 episto-

2006 1489 2094 1553 las,
2126 1497 2236 1542 tam
2269 1488 2500 1541 Fravitae
2531 1488 2598 1541 ad
2627 1489 2874 1549 Petrum,
2902 1502 3068 1555 quam
3112 1485 3260 1540 Petri
3306 1485 3374 1538 ad
3405 1483 3600 1537 Fravi-

2009 1589 2142 1633 tam.
2181 1579 2328 1644 Quas
2352 1580 2424 1632 ob
2451 1579 2676 1632 nimiam
2692 1578 3060 1647 prolixitatem
3088 1575 3436 1646 praetermisi.
3460 1573 3598 1629 Cum

315 1663 472 1732 παρὰ
489 1663 760 1732 Φραυῖτου
789 1665 924 1735 πρὸς
950 1663 1180 1733 Πέτρον,
1203 1667 1237 1735 ἦ
1261 1683 1317 1719 τε
1347 1665 1497 1736 παρὰ
1528 1665 1736 1734 Πέτρου
1772 1665 1910 1734 πρὸς

2018 1674 2180 1744 igitur
2211 1671 2555 1742 Euphemius
2596 1685 2661 1724 ac
2703 1671 2906 1724 Petrus
2943 1669 3212 1722 adversus
3250 1683 3310 1720 se
3360 1665 3602 1719 invicem

311 1752 620 1821 Φραυῒταν,
661 1753 729 1817 ἃς
765 1754 851 1807 διὰ
887 1755 948 1807 τὸ
1000 1756 1209 1826 μακρὸν
1255 1757 1355 1826 τῆς
1393 1755 1612 1819 λέξεως,
1642 1756 1905 1825 παρίημι.

2018 1765 2368 1827 contendere,
2399 1771 2456 1817 et
2482 1763 2718 1833 synodos
2743 1762 2882 1815 alter
2912 1769 3104 1816 contra
3130 1760 3364 1813 alterum
3394 1771 3599 1812 convo-

313 1843 639 1898 Μελλόντων
691 1846 982 1916 τοιγαροῦν
1035 1847 1320 1918 Εὐφημίου
1374 1849 1468 1902 καὶ
1517 1848 1724 1918 Πέτρου
1768 1848 1906 1917 πρὸς

2018 1869 2135 1908 care
2153 1854 2265 1923 jam
2304 1861 2586 1921 pararent,
2622 1852 2818 1906 Petrus
2847 1849 3000 1904 fatali
3033 1858 3210 1903 morte
3243 1847 3600 1917 praeripitur;

311 1937 584 2007 ἀλλήλους
639 1939 1068 2010 ἀντιφέρεσθαι,
1111 1941 1206 1993 καὶ
1258 1940 1506 2002 συνόδους
1549 1940 1633 2008 ἐφ’
1669 1940 1908 2002 ἑαυτοὺς

2018 1945 2175 2014 eique
2204 1942 2455 1998 succedit
2506 1943 2861 1996 Athanasius.
2896 1941 3002 2006 Qui
3029 1956 3157 1994 cum
3193 1939 3290 1993 diu
3337 1939 3604 1992 multum-

313 2031 529 2092 καλεῖν,
564 2030 760 2099 φθάνει
798 2031 1131 2101 τελευτήσας
1172 2033 1201 2084 ὁ
1233 2031 1439 2101 Πέτρος
1473 2034 1568 2098 (r),
1610 2032 1703 2084 καὶ
1728 2031 1903 2083 διαδέ-

2018 2054 2120 2107 que
2175 2036 2482 2090 laborasset
2511 2044 2572 2089 ut
2597 2050 2693 2088 eos
2723 2033 2818 2102 qui
2855 2033 3001 2086 inter
3028 2048 3089 2087 se
3128 2030 3471 2087 dissidebant
3513 2047 3604 2086 re-

312 2137 476 2191 χεται
502 2121 696 2175 τούτου
741 2121 833 2176 τὸν
877 2122 1070 2191 θρόνον
1111 2122 1450 2185 Ἀθανάσιος.
1501 2123 1598 2184 Ὃς
1635 2120 1903 2192 ἐπειράθη

2018 2128 2357 2192 conciliaret,
2387 2127 2440 2180 id
2459 2136 2642 2180 tamen
2682 2124 2948 2195 perlicere
2979 2139 3092 2179 non
3118 2124 3318 2193 potuit,
3351 2122 3605 2192 partibus

313 2215 446 2276 τοὺς
473 2214 794 2278 διαστάντας
830 2215 1065 2285 συνάψαι
1119 2216 1220 2267 οὐκ
1263 2215 1452 2286 ῐσχυσε
1487 2216 1568 2276 δὲ,
1609 2215 1745 2286 πρὸς
1787 2215 1904 2267 δια-

314 2306 522 2374 φόρους
546 2308 770 2376 γνώμας
788 2307 896 2361 τῶν
915 2307 1098 2376 μερῶν
1121 2307 1235 2376 (50)
1261 2305 1690 2376 ἀποκριθέντων.
1717 2306 1907 2368 Ὅστις

327 2397 650 2464 Ἀθανάσιος
673 2399 813 2468 μετὰ
843 2400 1016 2452 ταῦτα
1041 2399 1326 2462 συνοδικὰς
1356 2400 1646 2464 ἐπιστολὰς
1674 2399 1909 2466 διαπεμ-

313 2491 556 2561 πόμενος
581 2493 862 2562 Παλλαδίῳ
879 2493 956 2563 τῷ
981 2494 1118 2563 μετὰ
1147 2494 1352 2560 Πέτρον
1376 2493 1487 2564 (31)
1512 2495 1577 2565 (s)
1600 2497 1909 2566 ἐπισκοπή-

317 2599 478 2636 σαντι
511 2583 610 2653 τὴν
654 2585 954 2653 Ἀντιόχου,
990 2587 1058 2639 τὰ
1089 2587 1454 2656 παραπλήσια
1497 2587 1748 2657 πέπραχε
1781 2589 1910 2658 περὶ

311 2675 422 2742 τῆς
481 2677 540 2728 ὲν
595 2677 901 2745 Καλχηδόνι
953 2678 1194 2731 συνόδου.
1258 2677 1438 2732 Ταυτδ
1490 2679 1548 2732 δὲ
1597 2678 1757 2731 τοῦτο
1818 2679 1913 2731 καὶ

331 2767 592 2836 Ἰωάννης
638 2770 667 2822 ό
718 2769 857 2837 μετὰ
913 2770 1236 2824 Ἀθανάσιον
1280 2772 1373 2823 τὸν
1416 2774 1473 2824 ὲν
1528 2771 1910 2840 Ἀλεξανδρεία

314 2857 514 2926 Θρόνον
557 2859 957 2928 διαδεξάμενος.
1001 2863 1113 2914 Καὶ
1155 2861 1448 2915 Παλλαδίου
1485 2861 1910 2929 τελευτήσαντος

313 2948 420 3003 τοῦ
443 2950 813 3021 ὲνἎντιοχείᾳ
841 2953 1129 3024 προέδρου,
1145 2955 1240 3008 καὶ
1254 2954 1554 3008 Φλαϐιανοῦ
1574 2954 1664 3008 τὸν
1696 2953 1905 3008 ἐκείνου

2016 2224 2072 2277 in
2093 2222 2276 2276 varias
2307 2220 2612 2275 sententias
2645 2218 2917 2271 discissis.
2961 2217 3157 2271 Postea
3185 2215 3331 2270 idem
3361 2214 3606 2268 Athana-

2014 2315 2154 2377 sius,
2192 2328 2319 2367 cum
2345 2311 2637 2382 synodicas
2667 2310 2877 2364 litteras
2925 2309 3170 2363 mitteret
3193 2307 3262 2361 ad
3298 2306 3605 2362 Palladium

2016 2405 2444 2460 Antiochensem
2475 2403 2796 2472 episcopum
2815 2401 2910 2470 qui
2950 2401 3114 2455 Petro
3137 2407 3504 2462 successerat,
3537 2397 3606 2450 de

2017 2495 2184 2566 358
2211 2492 2649 2549 Chalcedonensi
2679 2489 2888 2560 synodo
2924 2489 3071 2542 idem
3119 2487 3251 2542 fecit
3295 2485 3443 2556 quod
3499 2486 3606 2539 Pe-

2018 2596 2158 2641 trus.
2191 2585 2339 2640 Idem
2369 2600 2590 2655 quoque
2636 2584 2842 2638 factum
2879 2590 2965 2636 est
2999 2597 3028 2635 a
3055 2580 3302 2642 Joanne,
3343 2578 3437 2647 qui
3483 2584 3608 2646 post

2017 2678 2382 2733 Athanasium
2419 2674 2848 2729 Alexandrinam
2871 2672 3060 2727 sedem
3090 2669 3354 2723 obtinuit.
3387 2668 3608 2721 Mortuo

2017 2768 2262 2838 posthac
2292 2765 2536 2820 Palladio
2587 2761 2977 2816 Antiochensis
3024 2757 3288 2813 Ecclesiae
3333 2755 3604 2816 antistite,

2018 2862 2334 2923 Flavianus,
2361 2874 2488 2913 cum
2529 2859 2583 2911 in
2619 2857 2741 2928 ejus
2787 2856 2974 2909 locum
3019 2850 3399 2910 successisset,
3450 2847 3608 2900 Salo-

2021 2968 2240 3008 -nonem
2288 2951 2690 3005 Antiochenum
2733 2946 3119 3018 presbyterum
3176 2941 3327 2996 misit
3372 2941 3610 2994 Alexan—

1494 3106 1773 3163 VALESII
1823 3104 2386 3163 ANNOTATIONES.

321 3218 434 3291 ciil
468 3217 802 3291 paulo_post
853 3221 1124 3290 synodum
1169 3222 1497 3286 Romanam,
1522 3237 1668 3276 anno
1705 3221 1911 3278 Christi

2090 3224 2203 3291 (30)
2230 3221 2381 3287 Πρὸς
2422 3220 2749 3289 διαφόρους
2785 3219 3034 3291 γνώμας
3057 3216 3177 3291 τῷν
3199 3214 3416 3291 μερῶνζ
3436 3215 3611 3291 Erant

323 3289 475 3362 «881⁷),Δ
519 3297 578 3341 ut
625 3287 780 3344 docet
812 3287 1044 3360 epistola
1092 3293 1294 3348 Felicis
1325 3307 1478 3362 papae
1525 3291 1592 3345 ad
1625 3292 1915 3347 universos

327 3358 687 3440 presbyteros
740 3368 798 3414 et
841 3358 1308 3440 archimandritas
1326 3358 1830 3440 Constantinopoli
1860 3371 1919 3440 et

326 3444 433 3496 per
464 3428 773 3499 Bithyniam
801 3434 1193 3494 consistentes,
1238 3442 1295 3486 et
1323 3440 1537 3496 auctor:
1557 3428 1834 3485 Gestorum
1855 3432 1919 3486 de

327 3500 546 3551 nomine
593 3499 792 3554 Acacii.
821 3502 1157 3556 Gravissime
1207 3513 1392 3556 autem
1442 3502 1710 3555 falluntur
1739 3503 1920 3555 Theo—

330 3570 547 3642 phanes
588 3585 661 3642 ac
692 3569 995 3634 Cedrenus,
1049 3573 1144 3642 qui
1179 3573 1400 3626 Petrum
1454 3572 1740 3642 Fulloniem
1795 3581 1921 3640 post

334 3639 560 3709 Petrum
588 3639 844 3709 longum
868 3658 898 3696 e
919 3639 1281 3697 vivis—abiisse
1331 3642 1600 3696 scribunt.
1629 3639 1809 3707 Quos’
1834 3658 1923 3696 re-

329 3707 475 3782 f_ell_i_t
517 3707 769 3782 Gelasius
821 3727 960 3781 papa
1005 3713 1060 3766 in
1085 3712 1320 3782 epistola
1352 3711 1440 3782 ad,
1469 3710 1798 3782 Orientales,
1825 3711 1923 3782 qui

336 3777 627 3832 Fullonem
660 3777 908 3847 priorem
929 3777 1137 3836 obiisse
1172 3790 1404 3835 testatur
1434 3781 1520 3834 his
1547 3780 1735 3834 verbis
1778 3801 1790 3834 :
1816 3777 1924 3833 Bo-

335 3855 449 3901 cete
481 3849 642 3917 igitur
674 3849 893 3904 Petrum
927 3852 1352 3906 Alexandrinum
1381 3851 1444 3904 ab
1476 3851 1788 3904 Antiocheni
1819 3850 1924 3906 Pe-

341 3919 412 3989 tri
437 3935 673 3986 unquam
706 3924 1076 3976 communione
1122 3923 1357 3981 desiisse,
1404 3928 1450 3972 et
1483 3937 1589 3989 non
1637 3935 1802 3989 usque
1852 3920 1924 3973 ad

340 3987 506 4049 diem,
542 4006 660 4042 cum
689 3991 1044 4045 Antiochenus
1096 3991 1286 4045 Petrus
1329 3992 1384 4042 in
1413 3990 1511 4042 hac
1539 3987 1654 4041 luce
1681 3987 1922 4043 uersatus

336 4069 440 4119 est,
466 4059 1056 4132 indiuiduumutrisque
1079 4063 1237 4130 fuisse
1253 4064 1593 4132 consortium,
1609 4057 1676 4111 Et
1691 4058 1920 4132 iterum,

339 4143 466 4196 pag.
521 4129 666 4184 2l5:
712 4129 816 4184 Sed
854 4127 1018 4185 donec
1058 4127 1258 4184 advixit
1298 4129 1652 4183 Antiochenus
1705 4127 1922 4191 Petrus,

339 4201 642 4269 quiutique
695 4209 805 4269 post
845 4202 1173 4256 Acaciunum
1198 4216 1315 4252 cum
1352 4199 1511 4252 Petro
1560 4196 1925 4250 Alexandrino

339 4268 512 4336 [trdus
541 4268 730 4339 initum
771 4273 1044 4339 defunctus
1068 4270 1385 4330 ostenditur,
1434 4283 1710 4339 nunquam
1739 4269 1927 4339 Antio-

338 4339 507 4390 cheno
539 4337 698 4393 Petro
737 4337 1132 4395 Alexandrinus
1177 4339 1368 4393 Petrus
1396 4338 1787 4389 communicare
1837 4338 1928 4390 de-

337 4409 452 4467 siit,
484 4409 622 4478 quod
650 4409 1042 4465 Catholicorum
1081 4411 1309 4462 continet
1333 4405 1540 4478 relatio‘
1566 4407 1923 4461 sacerdotum.

417 4474 530 4546 (‘29)
589 4480 938 4546 Συνοδικοῖς
1003 4479 1391 4547 γρησιιμένου
1406 4545 1415 4547 _
1429 4474 1560 4547 τοῦθ
1579 4546 1584 4547 ί
1605 4478 1922 4542 Φραυττου.

2019 3286 2371 3347 Alexandriae
2397 3286 2536 3346 tunc
2562 3286 2673 3343 duo
2699 3286 2902 3359 genera
2937 3288 3353 3359 haaretieorum;
3387 3286 3612 3359 Diosco—

2020 3363 2141 3417 ritas
2183 3362 2417 3424 scilicet,
2469 3371 2526 3416 et
2554 3356 2774 3414 Esaia'ni
2807 3377 2820 3412 :
2865 3359 2934 3412 de
2969 3358 3177 3428 quibus
3212 3357 3511 3428 Liberatus
3554 3356 3612 3412 iu

2020 3433 2317 3486 Breviario.
2356 3432 2432 3484 Ex
2474 3431 2563 3484 his
2591 3431 2913 3484 Dioscorlta:
2948 3425 3174 3496 quidem
3197 3425 3615 3481 Chalcedonen-

2021 3519 2139 3556 sem
2177 3503 2448 3573 synodum
2489 3516 2724 3573 prorsus
2748 3499 3108 3573 _darr.nabau_t_
3139 3506 3194 3551 et
3241 3497 3612 3550 anathemati-

2021 3568 2243 3626 zabant.
2281 3568 2509 3626 Esaiani
2567 3585 2721 3633 vero,
2748 3569 2992 3623 Zenonis
3022 3568 3264 3622 edictum
3290 3578 3612 3634 sequentes,

2020 3658 2143 3696 eam
2171 3643 2396 3711 quidem
2445 3641 2717 3711 synodum
2747 3639 3176 3711 haudquaquam
3205 3635 3610 3692 admittebant:

2021 3728 2134 3766 non
2178 3709 2360 3766 tamen
2406 3709 2700 3764 anathema
2738 3709 2788 3762 ei
2834 3709 3113 3763 dicebant.

2094 3783 2208 3850 (51)
2247 3780 2568 3850 Παιιαδίῳ
2593 3779 2674 3844 τῷ
2695 3780 2843 3850 μετὰ
2875 3780 3118 3850 Πέτρον.
3142 3776 3263 3842 Quo
3284 3792 3435 3850 anno
3468 3792 3618 3829 mor-

2025 3847 2156 3906 tuus
2185 3851 2257 3905 sit
2298 3851 2494 3904 Petrus
2531 3849 2936 3910 Antiochenus,
2971 3849 3240 3918 Evagrius
3265 3847 3474 3918 diserte
3503 3862 3617 3902 non

2023 3922 2163 3975 dicit
2196 3939 2210 3974 :
2248 3935 2350 3974 nec
2383 3936 2450 3973 ex
2475 3921 2596 3988 ejus
2619 3919 2808 3973 verbis
2833 3919 3018 3988 colligi
3039 3929 3220 3987 potest
3249 3933 3376 3988 eum
3407 3917 3617 3988 obiisse

2023 4000 2150 4060 post
2174 3992 2398 4045 Petrum
2430 3987 2883 4060 Alexandrinum.
2909 3987 3024 4060 lino
3057 3987 3400 4060 contrarium
3432 3987 3620 4060 potius

2024 4057 2094 4114 ex
2136 4060 2355 4130 Evagrii
2392 4059 2580 4113 verbis
2608 4060 2865 4130 elicitur.
2913 4058 3140 4130 Nam_si
3198 4058 3396 4130 Petrus
3426 4057 3620 4110 Antio-

2025 4128 2560 4199 chenus'superstes
2597 4128 2794 4183 fuisset
2838 4128 3212 4182 Alexandrino
3248 4128 3432 4199 Petro,
3465 4137 3618 4181 certe

2027 4197 2363 4254 Athanasius
2396 4203 2490 4268 qui
2527 4200 2904 4253 Alexandrino
2935 4199 3097 4253 Petro
3123 4197 3412 4268 successit,
3448 4213 3617 4266 syno-

2027 4269 2183 4323 dicas
2235 4285 2362 4323 suas
2414 4267 2764 4323 Antiocheno
2814 4270 2980 4324 Petro
3027 4269 3289 4322 misisset.
3332 4267 3424 4320 Hae
3465 4268 3616 4321 enim

2026 4338 2229 4393 litteras
2273 4339 2328 4392 in
2364 4339 2484 4409 ipso
2529 4340 2883 4408 episcopatus
2934 4338 3164 4393 exordio
3219 4354 3248 4391 a
3283 4337 3618 4409 Patriarchis

2030 4409 2173 4480 [υἱιιί
2222 4408 2646 4463 consueverant.
2685 4410 2823 4463 Cum
2860 4409 3028 4480 igitur
3074 4409 3363 4480 synodicas
3391 4422 3523 4460 suas
3548 4408 3619 4461 ad

2030 4478 2331 4533 Palladium
2379 4480 2785 4532 Antiocheuum
2819 4478 3030 4533 miserit
3066 4478 3420 4540 Athanasius,
3453 4493 3520 4530 ex
3552 4494 3620 4532 eo

574 4549 937 4642 Theophanes
953 4545 1927 4642 Fravitamsynodica‘sl‘i-tternasnsc‘ri:
1957 4587 2001 4642 Β
2029 4550 2712 4642 appare‘t‘.Antioc'l‘ienuml
2743 4552 2974 4642 Petrum.
2995 4549 3089 4630 diu
3107 4559 3243 4642 ante
3288 4549 3616 4642 Alexandri.-

342 4618 547 4697 psisse_
576 4620 642 4697 ad
675 4617 899 4697 Petrum
943 4617 1400 4697 Alexandrinum,
1446 4617 1652 4697 quibus
1689 4617 1924 4697 negabat
1957 4617 2001 4642 υ
2025 4635 2163 4697 num
2197 4620 2429 4697 abiisse.
2478 4619 2648 4672 Porro
2675 4620 2749 4697 de
2773 4619 3063 4697 syiio_dic_is
3096 4619 3378 4697 Athanasii
3415 4619 3621 4697 litteris

342 4703 405 4740 se
437 4688 603 4743 Felici
635 4692 906 4761 episcOpo
943 4692 1195 4761 Romano
1231 4688 1664 4761 communicare.
1687 4688 1923 4761 _l__iursus

343 4772 484 4830 vero
517 4757 795 4830 synodicis
827 4757 912 4814 'ad
967 4760 1205 4814 Felicem
1234 4757 1439 4830 missis,
1478 4758 1536 4830 ei_
1559 4757 1920 4830 signiﬁcasse,

345 4827 560 4882 nullam
617 4830 1112 4885 secommunionis
1153 4828 1474 4882 societatem
1525 4827 1728 4880 habere
1793 4843 1920 4881 cum

347 4897 517 4952 Petro
557 4900 951 4958 Alexandrino.
983 4900 1172 4954 Eidem
1223 4897 1456 4951 Fravitaa
1497 4905 1611 4951 tres
1656 4897 1926 4951 duntaxat

349 4982 589 5042 menses
603 4972 958 5042 episcopatus
989 4972 1230 5039 assignat
1269 4967 1669 5042 TheOphanes,
1685 4969 1830 5042 sicut
1867 4979 1924 5023 et

349 5036 540 5094 Victor
550 5036 901 5097 Tunoneusis
916 5059 931 5106 ;
945 5036 1249 5095 nonautem
1263 5047 1522 5108 quatuor,
1553 5045 1612 5092 ut
1629 5039 1917 5108 Evagrius.

2024 4688 2099 4742 ita
2132 4690 2325 4742 scribit
2347 4689 2647 4760 Liberatus
2675 4691 2728 4743 in
2765 4689 3040 4742 Breviario
3066 4708 3078 4741 :
3101 4689 3218 4743 Non
3244 4698 3359 4760 post
3391 4689 3621 4742 multum

2025 4768 2232 4826 tempus
2250 4762 2476 4812 moritur
2493 4769 2540 4812 et
2576 4759 2764 4811 Petrus
2792 4760 3010 4828 Mnggus
3032 4761 3398 4823 Alexandriae,
3425 4768 3474 4811 et
3506 4769 3622 4828 post

2024 4845 2143 4882 eum
2174 4833 2228 4882 in
2268 4847 2329 4883 ea
2361 4832 2481 4882 sede
2510 4830 2792 4882 ordinatur
2824 4830 3150 4884 Athanasius
3176 4848 3193 4884 :
3223 4833 3312 4898 qui
3348 4839 3397 4882 et
3426 4831 3538 4899 ipse
3568 4832 3623 4884 in

2022 4901 2191 4953 edicto
2220 4899 2829 4968 Constantinopolitano!
2850 4910 2899 4952 et
2928 4901 3272 4955 Antiochena:
3303 4910 3352 4954 et
3376 4901 3625 4954 Hieroso-

2027 4969 2304 5040 lymitanw
2342 4970 2752 5024 communicavit
2774 4970 3045 5023 Ecclesiae.

1809 5172 2194 5228 VARIORUM.

425 5289 496 5359 (r)
525 5287 748 5359 'Mdrst
767 5285 1199 5359 τελευτήσας*ίό
1221 5285 1459 5359 Πέτρος.
1482 5289 1680 5343 Petrus
1701 5288 1931 5359 Mongus

346 5357 696 5415 Alexandriae
720 5358 961 5413 decessit
981 5373 1011 5410 e
1052 5357 1191 5411 vivis
1223 5374 1367 5411 anno
1389 5358 1517 5413 Chr.
1542 5361 1646 5412 490
1679 5371 1735 5412 et
1758 5357 1930 5413 Atha-

346 5431 541 5484 nasius
571 5430 635 5493 ll,
672 5436 1037 5497 cognomento
1067 5427 1273 5482 Cclites
1319 5429 1679 5496 (hatreticus).
1713 5430 1766 5482 in
1809 5431 1930 5498 ejus

349 5501 534 5554 locum
584 5509 878 5567 promotus
927 5507 1033 5561 est,
1095 5497 1183 5551 die
1234 5514 1378 5552 nona
1437 5500 1748 5554 Februarii.
1803 5497 1929 5552 Post

347 5584 526 5623 annos
554 5585 628 5632 vr,
663 5577 721 5624 et
751 5571 870 5623 dies
895 5569 1021 5628 29.3,
1059 5568 1199 5621 obiit
1225 5569 1582 5633 Athanasius,
1625 5586 1770 5624 anno
1799 5570 1928 5637 496,

347 5649 407 5711 et
443 5640 498 5692 in
526 5641 648 5711 ejus
668 5639 859 5711 iocum
903 5639 1171 5711 suffectus
1207 5648 1292 5711 est
1327 5640 1566 5711 Joannes
1593 5640 1751 5711 Mela,
1809 5641 1926 5694 sive

351 5709 604 5766 llemula.
660 5709 815 5764 Sedit
862 5710 949 5762 hic
1000 5725 1175 5762 annos
1218 5709 1272 5771 8,
1322 5721 1378 5765 et
1424 5710 1543 5764 dies
1587 5710 1712 5772 ΞΜ,
1760 5728 1925 5780 quem

354 5783 468 5834 luto
499 5781 759 5834 tunctum
802 5797 948 5833 anno
979 5780 1102 5843 503,
1132 5781 1350 5850 excepit
1383 5783 1522 5836 alter
1559 5781 1800 5837 Joannes
1837 5798 1923 5836 c0-

2032 5297 2332 5360 gnomento
2368 5289 2630 5360 Nicaaota.
2683 5289 2883 5343 PAGIUS
2909 5287 2979 5360 ad
3011 5303 3336 5360 eosannos.

2107 5358 2173 5427 (s)
2210 5359 2531 5423 Παλλαδίῳ
2558 5359 2639 5424 τῷ
2661 5360 2812 5428 μετὰ
2841 5356 3085 5425 Πέτρον.
3110 5359 3303 5412 Petrus
3329 5359 3508 5421 Fullo,
3543 5361 3623 5415 fa-

2031 5445 2164 5481 vore
2196 5428 2435 5483 Zenonis
2475 5433 2613 5499 Aug.
2661 5431 3042 5498 episcopatum
3090 5429 3502 5482 Antiochenum
3537 5439 3621 5484 te-

2033 5501 2155 5552 nuit
2183 5515 2358 5568 usque
2399 5500 2463 5552 ad
2511 5508 2770 5562 mortem,
2819 5515 2942 5568 quat
2978 5500 3212 5569 contigit
3243 5515 3390 5551 anno
3433 5501 3538 5553 488
3565 5511 3622 5553 et

2035 5569 2340 5623 Palladium
2380 5571 2700 5624 haareticum
2758 5585 3139 5624 successorem
3184 5569 3400 5622 habuit.
3457 5569 3618 5633 Huic,

2037 5649 2326 5708 postquam
2369 5641 2558 5694 decem
2583 5655 2760 5693 annos
2783 5640 3022 5702 sederat,
3067 5641 3364 5693 demortuo
3394 5654 3617 5691 succes-

2035 5711 2108 5762 sit
2147 5710 2436 5763 Flaviauus
2469 5710 2830 5778 orthodoxus,
2863 5726 3007 5763 anno
3035 5711 3158 5764 .598.
3197 5712 3344 5777 (.\ut.
3391 5710 3514 5761 l’scl
3547 5709 3618 5760 ad

2037 5796 2213 5834 annos
2258 5781 2360 5834 486
2403 5792 2462 5834 et
2510 5782 2657 5839 496.)
