4124 6332
560 326 698 390 2647

1768 327 2084 386 EVAGBII
2126 326 2610 386 SCHOLASTICI

3672 313 3819 377 ΞΕζὸ

560 436 757 502 driam,
808 438 903 507 qui
936 438 1228 508 synodicas
1264 439 1437 508 ipsius
1485 437 1770 507 perferret.
1819 447 1875 491 et
1915 436 2139 492 Joannis

2248 436 2435 507 θρόνον
2485 435 2908 505 διαδεξαμένου.
2946 435 3221 503 πέμπεται
3273 431 3409 504 πρὸς
3456 429 3622 484 αὐτοῦ
3674 429 3821 483 κατὰ

558 529 804 584 vicissim
837 529 1056 584 litteras
1096 528 1382 601 ﬂagitaret.
1417 532 1544 585 Post
1584 530 1730 585 hunc
1752 540 1934 584 autem
1977 529 2140 583 Joan-

560 635 687 675 nem
734 620 875 675 alter
908 620 1159 691 ejusdem
1208 623 1448 677 nominis
1485 622 1723 677 Joannes
1760 620 2129 689 episcopatum

558 712 905 767 Alexandria:
957 714 1188 769 sortitus
1231 724 1335 768 est.
1390 714 1457 768 Et
1493 714 1609 768 haec
1637 713 1858 782 quidem
1904 713 1970 766 ad
2010 728 2135 766 eum

556 819 721 873 quem
749 805 864 859 dixi
900 806 1126 860 modqu
1152 814 1487 869 evenerunt,
1518 821 1693 875 usque
1723 806 1790 859 ad
1833 804 2135 874 primordia

558 897 906 966 imperatoris
933 898 1233 952 Anastasii.
1263 898 1362 952 Hic
1394 898 1542 951 enim
1574 896 1884 966 Euphemio
1918 896 2133 966 episco—

556 994 743 1054 patum
767 990 1071 1059 abrogavit.
1097 989 1229 1055 Qua:
1264 990 1486 1059 quidem
1522 988 1781 1044 continua
1816 989 1957 1042 serie
1985 1003 2138 1042 com-

557 1091 863 1132 memorare
926 1080 1300 1134 neeessarium
1355 1079 1530 1143 duxi,
1566 1090 1683 1134 tum
1727 1078 2136 1148 perspicuitatis

555 1183 743 1232 causa,
779 1158 894 1223 tum
934 1180 994 1223 ut
1026 1171 1244 1225 facilius
1276 1173 1555 1225 memoria:
1584 1170 1997 1224 mandarentur.

1148 1306 1303 1362 CAP.
1345 1307 1533 1362 XXIV.

593 1397 668 1450 De
684 1401 823 1453 aede
852 1400 1061 1453 Armati
1086 1400 1176 1467 qui
1199 1410 1453 1469 cognatus
1480 1400 1577 1468 fuit
1604 1399 1806 1453 νει-ἔνιαι
1836 1400 2095 1468 Augustae.

622 1573 895 1629 Cmterum
952 1577 1100 1629 Zeno
1148 1592 1311 1630 suasu
1346 1579 1446 1639 Illi,
1483 1579 1763 1631 Armatum
1794 1592 2016 1646 quoque
2045 1577 2130 1630 in-

552 1667 791 1728 terfccit.
819 1678 1112 1735 cognatum
1149 1668 1364 1721 Verinaa
1393 1669 1648 1737 Augustm
1676 1686 1688 1719 :
1714 1683 1877 1736 quem
1906 1667 2130 1736 quidem

2241 530 2341 600 τὴν
2398 529 2803 597 Ἀλεξάνδρειαν
2848 527 3098 597 Σολομὼν
3140 526 3468 595 Ἀντιοχείας
3521 522 3821 594 πρεσϐύτα·

2247 639 2357 691 ρος.
2393 621 2645 674 συνοδικά
2679 638 2739 673 τε
2780 621 3046 690 κομίξων,
3073 626 3169 672 καὶ
3194 616 3515 688 ἁμοιϐαίους
3544 612 3818 676 συλλαϐὰς

2242 713 2421 783 ζητῶν
2463 714 2711 766 Ἰωάννου
2761 712 2896 781 πρὸς
2938 711 3258 765 Φλαϐιανόν.
3304 707 3415 762 Καὶ
3448 709 3585 776 μετὰ
3627 704 3819 757 Ὶωάνσ

2240 818 2337 872 νην
2370 802 2449 865 δὲ,
2477 803 2663 873 ἔτερος
2703 803 2957 872 Ἰωάννης
2990 802 3081 854 τὸν
3129 797 3543 867 Ἀλεξανδρείας
3572 795 3820 863 διαδέχε-

2240 912 2396 964 χεται
2436 895 2645 963 θρόνον.
2682 895 2792 949 Καὶ
2837 895 3010 947 ταῦτα
3046 893 3143 963 μὲν
3187 891 3329 945 οὓτω
3361 889 3818 959 προυκεχωρήκει

2244 987 2405 1057 μέχρι
2425 986 2585 1040 τινῶν
2614 986 2722 1041 τῶν
2757 985 3111 1038 Ἀναστασίου
3143 984 3367 1053 χρόνων.
3396 981 3678 1049 Εὑφήμιον
3706 978 3817 1045 γὰρ

2239 1080 2401 1143 αὐτὸς
2428 1078 2770 1149 ἐκϐεϐλήκει·
2798 1078 2901 1132 ἀπε
2911 1095 2941 1149 ρ
2962 1078 3313 1147 ἠνάγκασμαι
3339 1073 3461 1127 καθ’
3480 1071 3669 1142 εἱρμὸν
3689 1086 3820 1123 συν-

2238 1170 2371 1237 άψαι
2400 1170 2696 1240 σαφηνείας
2732 1187 2791 1223 τε
2830 1171 2925 1225 καὶ
2952 1168 3247 1237 εὐμαθείας
3275 1168 3453 1219 ἕνεκα.

2820 1305 3073 1357 ΚΕΦΔΔ.
3109 1304 3234 1356 KA'.

2238 1400 2376 1465 Περὶ
2422 1399 2529 1464 τῆς
2553 1399 2920 1466 ἀναιρέσεως
2965 1394 3256 1466 ἈομάτονΔ
3276 1391 3609 1463 συγγενοῦς
3648 1391 3818 1458 Beri-

2693 1463 2806 1535 irnc
2860 1465 2965 1534 τῆς
3009 1463 3353 1530 βασιλίδος.

2323 1581 2382 1635 ὐ
2415 1583 2472 1635 δὲ
2526 1583 2713 1652 Ζήνων
2779 1580 2941 1633 ’ἰλλοῦ
3002 1576 3197 1649 γνώμῃ
3249 1577 3343 1628 καὶ
3403 1574 3496 1628 τδν
3541 1573 3818 1644 ’Δρμάτον

2237 1676 2453 1744 ἀναιρεῖ
2505 1673 2587 1742 (ι),
2627 1673 2865 1741 συγγενῆ
2917 1670 3146 1740 Βερίνης
3176 1668 3277 1738 τῆς
3300 1666 3589 1737 βασιλίδοςο
3623 1666 3683 1718 δν
3718 1666 3817 1718 καὶ

550 1767 711 1811 antea
765 1756 929 1809 donis
975 1768 1323 1825 corruperat,
1370 1772 1494 1810 cunt
1551 1756 1819 1811 adversus
1873 1757 2053 1826 ipsum
2100 1772 2130 1810 a

2246 1766 2701 1835 καταπεμφοέντα
2750 1764 2883 1834 πρὸς
2932 1763 3279 1824 Βασιλίσκου,
3330 1760 3523 1829 δώροις
3572 1759 3818 1827 ὀΖήνων

549 1848 813 1902 Basilisco
850 1852 1051 1903 missus
1085 1848 1300 1911 fuisset,
1333 1858 1389 1901 et
1419 1864 1519 1918 pro
1542 1849 1700 1903 hoste
1734 1848 1945 1902 socium
1973 1858 2136 1918 atque

548 1938 791 1994 amicum
820 1937 1171 1999 reddiderat:
1207 1938 1376 1993 lilium
1402 1956 1622 2009 quoque
1644 1942 1765 2010 ejus
1792 1940 2133 2004 Basiliscum,

550 2032 606 2084 in
652 2030 790 2084 urbe
828 2030 1008 2085 Nicaea
1042 2030 1313 2085 Caesarem
1368 2031 1802 2085 renuntiaverat.
1858 2031 1964 2086 Sed
2009 2048 2134 2085 cum

547 2121 1083 2190 Constantinopolim
1142 2121 1406 2186 venisset,
1448 2122 1733 2175 Armatum
1786 2122 2010 2191 quidem
2039 2138 2136 2190 per

551 2212 803 2268 fraudem
837 2212 1141 2275 interemit,
1174 2211 1495 2275 Basiliscum
1529 2226 1661 2265 vero
1685 2212 1806 2281 ejus
1849 2212 2041 2275 ﬁlium,
2067 2228 2131 2266 ex

549 2304 763 2360 Caesare
796 2305 1177 2376 presbyterum
1216 2303 1488 2369 fecit.Qui
1526 2313 1715 2373 postea
1744 2303 1809 2356 ad
1849 2304 2135 2372 episcopa-

549 2401 658 2453 lem
690 2398 1012 2468 dignitatem
1047 2396 1320 2467 pervenit.

1164 2509 1317 2565 CAP.
1362 2511 1525 2564 XXV.

625 2601 699 2655 De
726 2602 1029 2656 Theoderici
1058 2600 1265 2683 Scytha!
1292 2602 1610 2684 rebellione,
1640 2603 1804 2671 deque
1832 2604 2063 2672 ejusdem

1225 2681 1465 2726 interitu.

624 2784 928 2839 lnsurrexit
957 2801 1178 2855 quoque
1222 2784 1487 2842 adversus
1524 2787 1799 2841 Zenonem
1832 2786 2135 2842 Theoderi-

550 2893 669 2941 cus,
699 2878 923 2931 natione
960 2877 1174 2933 Gothus
1208 2880 1607 2949 :collcetisque
1654 2880 1707 2933 in
1744 2880 1979 2935 Thracia
2019 2880 2135 2935 suis

551 2970 747 3039 copiis,
781 2970 1192 3040 expeditionem
1244 2974 1489 3042 suscepit
1535 2973 1799 3027 adversus
1831 2973 2131 3029 Zenonem.

2238 1858 2450 1910 ὰλίσκει
2504 1856 2655 1926 (52),
2707 1856 2803 1909 καὶ⁸
2845 1854 3135 1924 σύμμαχον
3183 1854 3346 1905 αὑτὸν
3389 1852 3510 1904 ἀντὶ
3550 1848 3817 1919 πολεμίου

2239 1951 2494 2012 ποιεῖται,
2541 1949 2633 2001 καὶ
2667 1946 2993 2000 Βασιλίσκον
3025 1945 3115 1997 τὸν
3146 1942 3311 1997 αὐτοῦ
3356 1943 3522 1995 παῖδα
3556 1941 3818 2009 Καίσαρα

2238 2040 2534 2108 χειροτονεῖ
2569 2039 2628 2090 ὲν
2660 2037 2865 2107 Νικαίςι
2893 2039 2959 2106 τῇ
3005 2035 3180 2088 πόλει.
3213 2033 3503 2104 Παρελθὼν
3537 2031 3593 2084 δὲ
3621 2034 3677 2094 ἐς
3705 2031 3815 2083 Βυ-

2237 2128 2471 2191 ζάντιον,
2504 2129 2596 2182 τὸν
2631 2130 2731 2198 μὲν
2781 2128 3052 2197 ’Ᾱρμάτον
3079 2127 3371 2196 δολοφονεῖ·
3402 2122 3722 2176 Βασιλίσκον
3752 2122 3817 2174 δὲ

2251 2222 2327 2273 τὸν
2358 2220 2525 2274 αὑτοῦ
2564 2220 2749 2285 παῖδα,
2792 2221 2913 2273 ἀντὶ
2941 2219 3219 2289 Καίσαρος
3252 2217 3401 2287 ίερέα
3424 2215 3722 2268 δείκνυσιν*
3753 2213 3818 2276 ὃς

2238 2314 2464 2383 ὓστερον
2496 2312 2589 2364 καὶ
2620 2311 2722 2380 τῆς
2757 2308 3169 2381 ἀρχιερωσύνης
3203 2308 3421 2378 ἠξίωτο.

2810 2507 3064 2563 ΚΕΦΑΛ.
3096 2509 3222 2561 κε’.

2236 2604 2375 2671 Περὶ
2401 2603 2512 2670 τῆς
2540 2601 3007 2674 ἐπανασξάσεως
3033 2603 3390 2674 Θευδεριχου
3422 2605 3529 2660 τοῦ
3560 2605 3817 2671 Σκύθου,

2603 2672 2701 2724 καὶ
2734 2671 2846 2739 τῆς
2883 2673 3098 2726 τούτου
3129 2671 3439 2741 τελευτῆς.

2322 2787 2706 2841 Ἐπανίσταται
2749 2788 2807 2842 δὲ
2840 2789 2919 2858 τῷ
2963 2790 3170 2860 Ζήνωνι
3196 2790 3289 2842 καὶ
3318 2789 3636 2858 Θευδὲριχος
3674 2787 3822 2841 Σκύ-

2236 2880 2334 2951 Θης
2380 2879 2456 2932 ὣν
2484 2882 2661 2949 γένος·
2716 2882 2810 2935 καὶ
2861 2882 2961 2945 τὰς
3011 2882 3216 2945 οἰκείας
3244 2881 3505 2952 δυνάμεις
3559 2881 3663 2934 ἀνὰ
3716 2881 3822 2950 τὴν

2236 2973 2467 3042 Θρακῶν
2497 2972 2780 3044 ἁθροίσας,
2816 2974 3200 3042 ἐπιστρατεύει
3249 2976 3391 3027 κατὰ
3420 2974 3512 3027 τοῦ
3548 2976 3819 3044 Ζήνωνος.

553 3064 621 3117 Et
654 3078 779 3117 eum
817 3074 1014 3119 cuncta
1045 3081 1168 3134 qua:
1202 3066 1364 3121 obvia
1386 3076 1566 3129 erant,
1616 3083 1789 3136 usque
1832 3067 1899 3120 ad
1948 3068 2135 3124 fauces

2246 3067 2350 3122 Καὶ
2391 3066 2549 3137 μέχρι
2581 3066 2849 3136 στόματος
2881 3066 2974 3119 τοῦ
3012 3068 3215 3121 Πόντου
3248 3067 3465 3139 δῃώσας
3503 3068 3574 3121 τὰ
3600 3069 3659 3119 ὲν
3690 3070 3824 3122 ποσὶ

553 3156 713 3211 Ponti
750 3156 857 3211 late
889 3167 1175 3223 vastasset,
1215 3174 1407 3227 parum
1447 3159 1625 3212 abfuit
1661 3160 1796 3228 quin
1841 3161 2013 3231 ipsam
2046 3178 2139 3216 ur-

2246 3126 2438 3228 χωρία.
2462 3126 2692 3225 ’μικρῶ-
2714 3157 2810 3225 τὴν
2830 3126 2843 3130 ⁷
2864 3156 3131 3226 βασίλειον
3178 3126 3312 3207 εἷλε..
3339 3126 3513 3219 πόλιν,
3564 3154 3620 3207 εἴ
3650 3172 3713 3223 γε
3744 3157 3824 3226 μή

553 3248 680 3302 bern
735 3248 941 3319 regiam
1002 3260 1244 3319 caperet,
1302 3251 1649 3320 cepissetque
1711 3252 1958 3316 omnino,
2026 3253 2133 3307 nisi

552 3338 776 3409 quidam
808 3355 876 3395 ex
906 3340 1027 3410 ejus
1060 3340 1444 3402 familiaribus,
1473 3340 1633 3396 donis
1658 3342 1923 3411 corrupti,
1954 3343 2134 3412 ipsum

554 3428 868 3485 interﬁcere
895 3430 1068 3483 moliti
1096 3438 1301 3485 essent.
1329 3430 1515 3501 Itaque
1538 3432 1650 3496 ille,
1676 3432 1893 3502 cognita
1909 3448 2136 3488 suorum

554 3520 962 3583 malevolentia,
991 3531 1141 3575 retro
1158 3521 1443 3576 abscessit.
1477 3522 1643 3593 359
1669 3523 1783 3578 Nec
1813 3524 1987 3578 multo
2014 3534 2138 3595 post

552 3611 725 3665 vitam
749 3628 877 3666 cum
905 3620 1083 3667 morte
1110 3613 1490 3667 commutavit.
1522 3614 1714 3669 Mortis
1744 3624 1929 3669 autem
1962 3630 2140 3685 genus

551 3702 714 3775 quale
747 3703 935 3768 fuerit,
967 3718 1261 3773 exponam.
1298 3702 1465 3758 Hasta
1513 3711 1788 3759 amentata
1827 3714 1955 3760 ante
1990 3705 2138 3760 illius

2242 3265 2387 3309 τινες
2423 3247 2530 3300 τῶν
2566 3250 2622 3309 ἐς
2659 3246 2727 3300 τὰ
2754 3246 2988 3317 μάλιστα
3016 3245 3164 3313 αὑτῷ
3200 3246 3524 3315 ἐπιτηδείων
3549 3245 3827 3315 ὑπαχθέν-

2243 3354 2357 3400 τες,
2396 3335 2792 3389 ἐϐουλεύσαντο
2832 3337 2995 3389 αὐτὸν
3027 3335 3256 3390 ἀνελεῖν.
3301 3338 3396 3399 Ὃς
3434 3335 3827 3389 ἐθελοκακοῦν-

2240 3445 2339 3490 τας
2371 3428 2497 3491 τοὺς
2524 3428 2757 3492 οἰκείους
2787 3428 3064 3496 ἐγνωκὼς,
3102 3430 3161 3491 ἐς
3192 3428 3434 3481 τούπίσω
3482 3428 3579 3498 μὲν
3600 3428 3826 3497 ἀποχω-

2248 3523 2349 3590 ρεῖ.
2411 3521 2487 3573 Οὐ
2541 3519 2720 3590 πολλῷ
2766 3521 2823 3574 δὲ
2856 3520 3085 3590 ὕστερον
3113 3522 3224 3584 τοῖς
3266 3520 3565 3574 ἀπελθοῦσι
3596 3537 3825 3590 συναρι-

2245 3612 2485 3685 θμεῖται.
2517 3615 2671 3679 Λέξω
2700 3615 2759 3668 δὲ
2783 3615 2877 3668 καὶ
2916 3615 3006 3668 τὸν
3046 3616 3150 3685 τῆς
3185 3616 3441 3685 τελευτῆς
3471 3616 3695 3686 τρόπον,
3722 3609 3828 3669 ὧδε

2245 3707 2561 3778 γενόμενον·
2605 3707 2743 3779 Δόρυ
2781 3708 3216 3779 διηγκυλημένον
3248 3708 3359 3780 (35)
3405 3709 3513 3780 πρὸ
3539 3712 3639 3782 τῆς
3688 3726 3829 3778 σκη-

1727 3837 1809 3891 VA
1821 3838 1997 3895 LESII
2048 3839 2608 3898 ANNOTATIONES.

628 3960 743 4027 (ὗὲ)
782 3958 997 4025 Δώροις
1029 3961 1061 4010 d
1094 3957 1302 4021 Ζήνων
1329 3959 1588 4010 ἀλίσκει.
1629 3958 1778 4010 Zeno
1817 3972 1925 4009 non
1957 3956 2137 4012 solum

557 4029 889 4084 muneribus
916 4044 981 4082 ac
1006 4028 1189 4089 donis,
1212 4029 1305 4082 sed
1331 4029 1494 4082 etiam
1522 4027 2012 4096 pollicitationibus
2038 4030 2139 4080 Ar-

557 4108 770 4153 matum
812 4099 881 4153 ad
924 4114 1057 4153 suas
1115 4110 1300 4168 partes
1346 4098 1614 4152 traduxit.
1658 4096 1943 4151 Pollicitus
1990 4097 2139 4151 enim

557 4180 645 4225 est
710 4184 769 4223 se
839 4169 1003 4247 simul
1067 4184 1129 4223 ac
1203 4168 1496 4247 imperium
1552 4175 1977 4247 recuperasset,
2034 4168 2140 4221 Ar-

559 4247 767 4294 matum
796 4239 1021 4308 quidem
1077 4238 1394 4308 magistrum
1442 4237 1731 4308 praesentis
1759 4237 1966 4308 militiae
2012 4252 2141 4306 per-

563 4305 826 4379 petuumj
874 4305 1378 4379 Basiliscun—rvero
1412 4305 1533 4379 ejus
1565 4307 1755 4379 lilium,
1781 4305 2060 4379 ‘Caisarem
2087 4317 2143 4361 et

560 4376 895 4435 assessorem
922 4378 1026 4433 sibi
1054 4395 1175 4435 esse
1211 4376 1503 4442 facturum,
1538 4386 1599 4431 ut
1627 4376 1821 4431 scribit
1854 4377 2144 4446 Theopha-

562 4464 663 4503 nes
701 4449 757 4503 in
788 4448 982 4504 Chron.
1018 4466 1144 4519 pag.
1177 4450 1306 4513 l07;
1336 4450 1494 4517 cujus
1516 4447 1707 4519 verba,
1731 4446 1857 4515 quia
1886 4457 2143 4517 corrupta

562 4527 714 4581 sunt,
774 4535 877 4573 nec
926 4520 997 4574 ab
1022 4518 1346 4588 interprete
1395 4518 1625 4587 intelligi
1676 4519 2147 4588 potuerunt,_hic

564 4603 837 4659 apponam
867 4608 879 4641 :
904 4590 1059 4642 Ἀλλὰ
1081 4581 1274 4659 δώροις
1292 4592 1403 4652 τοῖς
1426 4581 1856 4659 ιιιαρὰίΖήνωνοςΔ
1878 4589 1971 4639 καὶ
1990 4581 2146 4650 οὗτος

565 4656 756 4729 ὤςξὲπὶ
782 4660 916 4713 πολὺ
940 4656 1263 4729 τυφλωθεὶς,
1283 4660 1378 4714 καὶ
1400 4656 1692 4729 ὑποσχέσει
1711 4656 1956 4725 διαδόχου
1983 4674 2149 4729 στρα-

2243 3955 2449 4013 Auctor
2472 3955 2715 4012 Chronici
2741 3956 3089 4011 Alexandrini
3108 3957 3551 4013 emendationem
3576 3968 3826 4015 nostram

2245 4043 2472 4097 prorsus
2506 4027 2814 4081 conﬁrmat.
2847 4026 3053 4081 Scribit
3093 4028 3240 4082 enim
3272 4028 3550 4082 Zenonem
3597 4030 3828 4084 Armate

2246 4098 2593 4169 promisisse,
2628 4113 2686 4152 se
2733 4097 3105 4167 magisteriam
3152 4099 3438 4169 praesentis
3484 4098 3694 4153 militia:
3724 4116 3828 4169 po-

2249 4176 2502 4221 testatem
2536 4168 2588 4221 ei
2628 4182 3021 4221 concessurum
3045 4168 3225 4235 quoad
3261 4169 3491 4231 viveret,
3534 4168 3829 4237 Ἐπαγγει-

2250 4238 2488 4318 λάμενος
2540 4237 2688 4318 αὐτῷ
2750 4237 2951 4318 πολλαὶ
2998 4239 3228 4318 uestiit;
3270 4240 3673 4318 σῖρατῃλασίαν
3730 4240 3826 4293 τοῦ

2251 4308 2581 4377 πραισέντου
2616 4308 2720 4369 ἓως
2749 4307 2849 4375 τῆς
2893 4306 3058 4360 αὑτοῦ
3101 4306 3266 4374 ζωῆς.
3316 4306 3392 4363 De
3451 4306 3553 4363 hoc
3600 4311 3828 4364 Artnato

2253 4376 2450 4432 Suidas
2483 4378 2652 4431 multa
2707 4378 2877 4431 refert
2898 4382 2950 4431 in
2973 4393 3108 4432 voce
3138 4379 3427 4447 Ἀρμάτος,
3450 4395 3573 4447 qua:
3600 4380 3827 4433 desum-

2251 4456 2341 4517 pta
2370 4448 2629 4502 videntur
2656 4463 2723 4501 ex
2746 4448 3029 4502 Damaseio
3059 4448 3111 4501 in
3144 4448 3258 4501 Vita
3293 4448 3484 4502 Isidori
3511 4448 3825 4518 philosophi.

2327 4518 2436 4590 (55)
2466 4519 2617 4590 Δρρο
2658 4518 3153 4590 διηγκυλημένζον.
3210 4518 3267 4571 In
3294 4519 3459 4590 hujus
3481 4520 3632 4572 verbi
3661 4535 3831 4590 expo-

2254 4588 2454 4659 sitione
2511 4587 2833 4642 hallucinati
2884 4598 3013 4659 sunt
3049 4586 3400 4656 interpretes.
3433 4588 3654 4658 Langus
3698 4586 3826 4659 qui-

2255 4657 2382 4713 dem
2451 4665 2661 4712 hastam
2732 4658 3032 4726 expeditam
3105 4659 3290 4712 vertit.
3349 4657 3628 4713 Masculus
3695 4657 3827 4716 vero

566 4727 879 4800 τηλατείας,
912 4724 1129 4783 καὶ”τὸν
1164 4731 1285 4800 ὐίὸν
1321 4729 1485 4783 αὐτοῦ
1514 4724 1836 4800 Βασιλίσξον
1895 4724 2139 4800 Καίσαρα

2255 4744 2356 4782 suo
2391 4744 2567 4800 more,
2594 4742 2718 4781 cum
2752 4724 3010 4781 Latinum
3042 4729 3370 4800 vocabulum
3410 4729 3510 4800 ipsi
3547 4744 3656 4783 non
3692 4746 3826 4800 sup-

569 4797 795 4869 notﬁcat
825 4800 920 4852 καὶ
946 4799 1487 4869 συγκάθεδροναὺτοῦ
1500 4840 1513 4859 ,
1532 4800 1628 4850 σὺν
1646 4798 1793 4869 αὐτῷ
1811 4797 2145 4869 κατὰ-Βασι-

568 4867 755 4919 λίσκου
788 4870 1110 4939 ἐπανῆλθεν.
1164 4867 1234 4923 lii
1262 4878 1349 4923 est
1383 4887 1395 4921 :
1428 4869 1616 4922 Verum
1666 4868 1815 4939 tionis
1862 4886 1895 4920 a
1938 4867 2146 4921 Zenone

571 4939 742 4991 missis
777 4941 885 5009 ipse
922 4956 1127 5009 quoque
1166 4943 1477 5001 abcwcatus,
1521 4948 1570 4991 et
1603 4938 1983 5009 pollicitatione
2025 4955 2147 5008 per-

572 5016 745 5087 petat:
768 5008 1086 5087 magisterite
1109 5011 1401 5080 potestatis,
1434 5018 1482 5061 et
1507 5014 1644 5078 quod
1665 5008 1805 5060 Zeno
1830 5008 2145 5087 Basiliscum

572 5078 738 5146 ipsius
757 5078 931 5146 ﬁlium
952 5078 1215 5135 Caesarem
1248 5092 1408 5148 atque
1435 5095 1751 5132 assessorem
1794 5094 1945 5131 suum
1975 5079 2148 5148 factu-

574 5164 663 5200 rus
695 5158 845 5214 esset,
882 5167 991 5203 una
1046 5166 1165 5203 cum
1197 5149 1405 5202 Zenone
1436 5165 1670 5203 reversus
1705 5157 1780 5201 est
1813 5160 1995 5201 contra
2037 5148 2147 5201 Ba-

569 5216 830 5273 siliscum.
851 5219 1047 5275 Seribo
1066 5220 1252 5288 igitur,
1274 5223 1365 5272 καὶ
1385 5220 1676 5287 ὑποσχέσει
1692 5218 1973 5287 ἁδιαδόχου
1993 5236 2149 5287 στρα-

570 5288 881 5359 τηλατείας.
934 5290 1240 5359 Ἀδιὰδοχον
1293 5288 1721 5359 στρατηλατείαν
1762 5296 1921 5343 vocat
1969 5289 2150 5343 Theo-

568 5356 781 5427 phanes
829 5356 1178 5431 perpetuam"
1209 5356 1457 5430 magistri
1488 5356 1742 5413 militum
1794 5368 2145 5429 potestatem.

2251 4807 2487 4867 peteret,
2516 4798 2759 4853 Graecam
2796 4812 2985 4869 vocem
3016 4799 3271 4869 retinuit.
3325 4799 3394 4852 At
3431 4797 3825 4869 Cltristephor-

2251 4883 2422 4923 sonus
2462 4869 2705 4921 omnium
2734 4867 2970 4937 pessime
3011 4868 3442 4936 interpretatur.
3474 4867 3681 4923 hastam
3734 4888 3827 4924 cu-

2254 4940 2400 5009 spide
2443 4940 2603 5006 biﬁda
2628 4979 2642 5003 ,
2680 4937 2792 5009 Ego
2826 4948 3152 4991 amentatam
3217 4940 3376 4993 verti.
3415 4941 3652 5007 Ἀγκύλη
3678 4943 3826 4995 enim

2254 5010 2397 5063 idem
2433 5021 2518 5062 est
2562 5008 2708 5077 quod
2738 5018 3008 5061 amentum
3042 5024 3059 5061 :
3091 5024 3282 5063 eorum
3310 5010 3522 5065 scilicet
3567 5026 3678 5079 quo
3710 5012 3830 5064 vin-

2256 5079 2753 5147 ciebanturjacula
2800 5093 2893 5132 seu
2944 5079 3167 5141 lanceae,
3203 5087 3264 5131 ut
3295 5080 3350 5133 in
3394 5080 3606 5134 hostem
3650 5082 3830 5136 emitti

2258 5151 2489 5218 possint.
2521 5148 2725 5203 Glossaa
2758 5156 2976 5203 veteres
3004 5163 3072 5201 ex
3100 5148 3420 5203 Bibliotheca
3447 5150 3593 5205 Petri
3625 5151 3827 5205 Danie-

2256 5220 2323 5274 lis
2359 5236 2389 5273 a
2414 5219 2672 5273 Turnebo
2703 5218 2879 5272 citata:
2912 5220 2985 5272 ita
3002 5228 3285 5288 exponunt
3320 5238 3333 5272 :
3363 5222 3645 5274 Amcntum
3669 5262 3683 5284 ,
3715 5238 3835 5274 cor-

2258 5292 2393 5359 rigia
2424 5289 2644 5348 lancem.
2666 5304 2784 5358 qua:
2816 5290 2979 5342 etiam
3011 5289 3203 5360 ansula
3242 5299 3315 5342 est
3357 5292 3425 5343 ad
3444 5293 3677 5360 jaclnm.
3727 5292 3829 5347 Ubi

2255 5361 2449 5415 ansula
2475 5370 2559 5415 est
2584 5360 2817 5429 ἀγκύλη,
2850 5376 2958 5429 qua
2986 5359 3199 5415 scilicet
3232 5359 3722 5431 comprehenditur
3745 5373 3832 5417 te-

2028 5470 2411 5529 VARIOBUM.

637 5564 702 5632 (t)
755 5564 1045 5633 Ἀρμάτον
1069 5564 1314 5633 ἀναιρεῖ.
1355 5566 1561 5620 Auctor
1607 5565 1847 5620 Chronici
1904 5566 2138 5620 Alexan-

565 5634 707 5687 a‘rini
762 5635 839 5688 ait
881 5635 1167 5707 Armatum
1212 5635 1473 5690 Basilisco
1505 5652 1673 5705 supra
1719 5646 2022 5691 memorato
2049 5639 2139 5707 ju-

564 5717 716 5759 rasse
754 5719 922 5776 super
949 5705 1294 5773 baptismatis
1332 5716 1696 5768 sacramento,
1726 5707 1869 5776 quod
1902 5705 2140 5761 illum’et

566 5789 652 5831 res
672 5791 798 5830 suas
822 5775 1028 5831 Zenoni
1053 5789 1397 5846 nequaquam
1437 5779 1694 5848 proderet
1722 5775 1908 5847 :qltctl
1953 5787 2140 5847 postea

2245 5574 2426 5621 tamen
2442 5566 2799 5621 fecit.Suidas
2814 5567 3097 5622 Armatum
3121 5566 3367 5637 depingit
3387 5576 3446 5621 ut
3478 5566 3833 5632 dissolutum,

2248 5638 2547 5693 Zenonidis
2576 5638 2823 5692 Basilisei
2859 5639 3047 5693 uxoris
3092 5639 3428 5700 adulterum,
3465 5637 3520 5689 in
3553 5638 3837 5707 puniendo

2248 5708 2718 5773 crudelissimum,
2762 5709 2899 5764 adeo
2943 5719 3005 5765 ut
3056 5709 3205 5763 cives
3261 5722 3402 5763 caeso
3442 5707 3533 5762 illo
3601 5709 3835 5765 maxime

2250 5780 2416 5833 laetati
2456 5780 2686 5836 fuerint.
