4124 6332
244 358 390 420 2619

1162 355 1547 416 HISTORI/E
1588 355 2181 417 ΕΕΕιΕΞῙΑΞΤῐΕίΕ
2222 359 2453 418 LIBER
2492 360 2609 418 III.

3356 355 3423 417 ‘20
3432 359 3498 418 fit)

234 470 339 539 ἰῆς
368 464 517 536 αὖτῷ
560 464 879 536 μετῃὼρητο
922 464 1107 532 σχῆμα
1141 463 1498 535 βαρϐαρικόν.
1545 460 1675 518 Εἶτα
1705 465 1817 518 δια-

1922 468 2340 523 tabernaculum
2366 486 2633 539 suspensa
2657 481 2799 535 erat,
2824 486 2977 524 more
2999 468 3308 524 barbarico.
3338 471 3499 527 Forte

236 556 464 626 κινῆσαι
512 554 571 607 τὸ
619 554 774 623 σῶμα
824 553 1124 623 βουληθεὶς,
1166 554 1332 606 ἵππον
1374 554 1602 623 ἀχθῆναι
1644 570 1818 624 προσ-

236 650 473 719 τέταχεν
493 665 509 679 ο
537 646 788 701 ἀναϐολεῖ
816 647 873 699 δὲ
906 647 1005 700 οὐκ
1056 645 1260 710 εἰωθὼς
1292 648 1525 718 χρῆσθαι
1566 648 1699 719 (54),
1743 647 1820 717 τῷ

239 743 396 810 ἵππῳ
430 741 759 812 προσήλατω
803 740 859 792 ’0
894 739 971 803 δὲ,
1013 740 1266 807 ἀγελαῖός
1295 758 1381 804 τις
1419 740 1497 794 ὢν
1539 741 1633 793 καὶ
1667 741 1820 810 ὑϐρι-

242 831 400 903 στὴς,
444 831 594 884 οῠπω
642 831 943 902 περιϐάδην
971 830 1296 902 Θευδερίχου
1342 833 1683 898 καθξσαντος,
1724 851 1818 902 μευ

238 923 495 994 τεωρίζει
527 922 604 993 τῷ
635 923 837 992 πρόσθε
870 923 1016 989 πόδε,
1044 924 1122 992 τῷ
1145 925 1375 993 ὀπισθίῳ
1404 926 1551 996 μόνῳ
1582 925 1819 994 ἀκροϐα-

237 1015 374 1071 τῶν.
412 1016 499 1078 Ὦς
525 1015 1023 1084 διαφιλονεικοῦντα
1054 1016 1146 1068 τὸν
1176 1016 1517 1087 Θευδέριχον,
1549 1018 1643 1070 καὶ
1674 1019 1812 1088 μήτε

235 1104 320 1175 τῷ
358 1104 562 1174 χαλινῷ
608 1105 987 1174 ἀνασειράζειν
1018 1106 1129 1172 (55)
1162 1107 1207 1138 ⁷⁸
1245 1107 1338 1159 τὸν
1372 1108 1538 1160 ἵππον
1581 1107 1820 1177 τολμῶν-

236 1214 329 1260 τα,
361 1195 437 1259 ὡς
478 1195 544 1248 ἂν
577 1198 650 1266 μὴ
679 1198 913 1266 ἐμπέσοι
947 1214 1010 1265 γε
1050 1197 1221 1268 αὐτῷ,
1245 1199 1380 1268 μηδὲ
1408 1199 1504 1269 τῆς
1533 1200 1694 1270 ἕδρας
1728 1199 1819 1269 βε-

243 1288 421 1349 ϐαίως
467 1288 849 1357 ἀντεχόμενον,
880 1288 1003 1357 τῇδε
1023 1289 1243 1342 κάκεῖσε
1268 1289 1678 1361 περιδονείσθαι,
1699 1291 1819 1343 δια-

238 1380 421 1430 σεῖσαι
455 1379 552 1447 τὴν
592 1380 820 1448 αἰχμήν.
861 1380 1078 1449 Ταύτην
1121 1397 1181 1433 τε
1230 1383 1317 1433 ἐπ’
1341 1382 1502 1433 αὐτὸν
1535 1380 1818 1451 ἐνεχθῆναι

237 1470 500 1536 πλαγίαν,
528 1472 620 1523 καὶ
643 1472 740 1543 τὴν
763 1472 1004 1538 πλευρὰν
1026 1473 1395 1543 κατατρῶσαι.
1416 1472 1607 1525 Ἔνθεν
1622 1491 1679 1525 τε
1706 1473 1819 1526 κλι-

236 1562 380 1630 νήρη
413 1561 719 1629 γενόμενον,
772 1562 865 1613 καὶ
924 1562 1185 1633 βραχείας
1215 1565 1427 1634 ἡμέρας
1485 1565 1815 1634 ἀρκέσαντα,

234 1650 331 1704 τὸν
362 1652 476 1721 βίον
506 1654 569 1706 ὲκ
608 1652 759 1706 τοῦδε
785 1652 878 1706 τοῦ
908 1654 1223 1725 τραύματος
1250 1655 1651 1725 καταστρέψαι.

817 1852 1067 1904 ΚΕΦΑΛ.
1103 1851 1248 1917 K6,”.

233 1940 381 2008 Περὶ
411 1941 519 2008 τῆς
549 1944 893 2016 Μαρκιανοῇ
924 1942 1414 2016 ἑπαγαστᾴσεως,
1438 1945 1538 1997 καὶ
1565 1939 1661 1999 οἷα
1682 1946 1817 2016 περὶ

785 2013 1000 2066 τοῦτον
1031 2029 1109 2067 συ
1117 2013 1259 2079 νέϐη
1270 2054 1282 2065 .

306 2111 466 2164 Μετὰ
518 2110 694 2165 ταῦτα
756 2112 1051 2183 διενεχθεὶς
1108 2115 1246 2182 πρὸς
1292 2116 1517 2185 Ζήνωνα
1560 2119 1819 2189 Μαρκια-

231 2201 327 2265 νδς
361 2201 514 2271 (56),
548 2204 678 2265 παῖς
725 2204 825 2272 μὲν
852 2204 1141 2275 Ἀνθεμέου
1176 2206 1273 2259 τοῦ
1312 2206 1532 2278 Ῥώμης
1567 2208 1818 2278 βασιλεύ-

236 2310 469 2357 σαντος,
521 2295 679 2364 κῆδος
726 2295 783 2348 δὲ
834 2295 970 2365 πρὸς
1015 2296 1220 2350 Λέοντα
1263 2297 1353 2350 τὸν
1400 2298 1820 2368 βεϐασιλευκότα

234 2386 505 2456 πρότερον
556 2386 804 2456 ἐσχηκὼς
830 2427 843 2447 ,
905 2389 1027 2441 ἐπεὶ
1075 2390 1173 2461 τὴν
1209 2392 1479 2460 νεωτέραν
1518 2392 1684 2445 αὐτοῦ
1721 2394 1817 2446 θυ-

236 2480 447 2549 γατέρα
493 2480 752 2533 Λεοντίαν
798 2481 1143 2551 ἐσῳκίσατο,
1203 2486 1484 2552 τυραννεῖν
1538 2486 1816 2555 ἐπειρᾶτο.

235 2571 353 2623 Καὶ
396 2572 579 2640 μάχης
623 2573 847 2642 ἰσχυρᾶς
889 2574 1017 2642 περὶ
1048 2576 1115 2626 τὰ
1146 2574 1393 2644 βασίλεια
1423 2578 1814 2649 συρραγείσης,

234 2662 336 2714 καὶ
384 2662 594 2714 πολλῶν
644 2663 984 2735 ἑκατέρωθεν
1028 2670 1425 2731 πεπτωκότων,
1459 2669 1653 2738 τρέπει
1692 2674 1818 2735 τοὺς

236 2755 518 2817 ἐναντίους
537 2754 565 2805 ό
586 2757 927 2827 Μαρκιανόςο
963 2759 1057 2811 καὶ
1088 2758 1195 2811 τῶν
1229 2760 1517 2829 βασιλείων
1546 2764 1819 2834 ἐγκρατὴς

232 2845 464 2915 γέγονεν
512 2849 614 2908 ἄν,
672 2851 721 2902 εἰ
774 2850 848 2918 μὴ
880 2852 975 2904 τὸν
1007 2853 1201 2922 καιρὸν
1234 2854 1502 2922 παρῆκεν,
1544 2857 1600 2917 ἐς
1630 2854 1820 2927 αὔριον

231 2938 339 2989 τὴν
367 2937 567 3007 πρᾶξιν
596 2938 1050 3010 ἀναϐαλλόμενος.
1086 2942 1387 3014 Ὀξυπετὴς
1415 2946 1524 3014 γὰρ
1553 2946 1580 2997 ὁ
1604 2948 1818 3014 καιρὸς,

231 3026 338 3080 καὶ
390 3030 715 3097 παραπόδας
761 3032 861 3099 μὲν
908 3032 1030 3098 ἰὼν,
1071 3034 1203 3097 ἴσως
1239 3035 1557 3089 ἁλίσκεταιο
1596 3038 1732 3090 ἐπὰν
1763 3041 1821 3094 δὲ

1922 560 2090 631 igitur
2137 576 2261 614 eum
2287 576 2488 629 corpus
2519 576 2779 615 exercere
2803 560 2990 624 vellet,
3029 575 3236 629 equum
3271 558 3373 612 sibi
3405 559 3502 614 ad-

1919 649 2046 705 duci
2076 650 2260 721 jussit.
2285 650 2534 719 Cumque
2560 650 2818 705 stratoris
2846 649 3052 703 auxilio
3072 648 3496 719 haudquaquam:

1920 742 2000 797 uti
2033 742 2256 806 soleret,
2286 742 2402 812 ipse
2428 742 2484 795 in
2521 758 2725 811 equum
2761 741 2973 795 insiliit.
3004 742 3194 811 Equus
3229 757 3383 806 vero,
3409 751 3494 795 ut-

1917 845 2047 905 pote
2093 835 2396 890 indomitus
2440 851 2504 890 ac
2552 836 2727 899 ferox,
2751 850 2875 888 cum
2912 834 3290 889 Theodericus
3323 835 3501 903 ipsum

1919 924 2187 979 ambabus
2220 925 2371 979 tibiis
2407 924 2653 978 nondum
2690 924 2979 992 amplexus
3006 931 3173 980 esset.
3207 922 3502 974 anteriori-

1918 1015 2024 1069 bus
2055 1015 2288 1084 pedibus
2326 1015 2380 1068 in
2426 1015 2661 1069 sublime
2702 1015 2886 1079 elatis,
2921 1013 3328 1083 posterioribus
3367 1013 3505 1066 duu-

1923 1115 2068 1159 taxat
2109 1105 2364 1159 insistere
2388 1114 2553 1175 atque
2595 1104 2807 1175 ingredi
2843 1102 3196 1173 cmpit.Adco
3226 1112 3288 1156 ut
3322 1102 3503 1155 Theo-

1920 1197 2144 1251 dericus
2193 1212 2319 1251 cum
2369 1212 2513 1266 equo
2571 1212 2673 1252 suo
2724 1205 2966 1257 certans,
3020 1211 3085 1249 ac
3128 1210 3308 1264 neque
3349 1195 3502 1248 illum

1920 1288 2078 1342 freno
2118 1288 2401 1342 retrahere
2433 1304 2622 1352 ausus,
2674 1304 2744 1342 ne
2784 1295 3059 1342 retractus
3095 1302 3267 1356 supra
3324 1286 3501 1354 ipsum

1921 1381 2164 1445 caderet,
2202 1396 2382 1451 neque
2413 1382 2468 1435 in
2513 1382 2647 1436 sella
2696 1382 2932 1434 firmiter
2964 1380 3265 1441 inhaerens,
3292 1378 3398 1432 hac
3449 1387 3505 1432 et

1922 1471 2044 1526 illac
2060 1473 2269 1527 circum
2288 1483 2563 1543 ageretur,
2581 1474 2860 1542 hastzeque
2876 1472 3159 1540 cuspidem
3177 1471 3503 1540 impelleret.

1919 1565 2051 1631 Quae
2080 1566 2133 1619 in
2158 1582 2286 1620 cum
2321 1567 2544 1635 oblique
2573 1565 2828 1634 impacta,
2855 1565 2997 1618 latus
3025 1565 3146 1634 ejus
3173 1562 3502 1616 vulneravit.

1920 1654 2051 1710 Inde
2087 1656 2254 1726 igitur
2284 1656 2339 1710 in
2372 1655 2572 1710 lectum
2610 1656 2847 1717 delatus,
2880 1669 3005 1708 cum
3042 1667 3251 1723 paucos
3274 1650 3393 1706 dies
3414 1666 3506 1705 su—

1920 1748 2268 1818 pervixisset,
2289 1764 2356 1803 ex
2378 1764 2445 1803 eo
2478 1749 2708 1802 vulnere
2738 1747 3000 1801 decessit.
3064 1754 3067 1757 '

2531 1860 2683 1913 CAP.
2718 1858 2908 1912 XXVI.

1990 1950 2068 2004 De
2106 1952 2386 2005 rebellione
2416 1951 2701 2015 Marciani,
2733 1960 2781 2002 et
2810 1949 2935 2017 quid
2971 1949 3139 2001 eidem
3164 1946 3433 1999 acciderit.

1992 2130 2123 2184 Post
2168 2131 2281 2183 lucc
2329 2130 2675 2190 Marcianus,
2715 2125 2860 2180 filius
2906 2125 3187 2179 Anthemii
3242 2127 3361 2193 ejus
3406 2125 3502 2193 qui

1922 2222 2109 2276 Romze
2165 2222 2477 2289 imperavit.
2532 2219 2708 2274 alIiuis
2762 2226 2946 2271 autem
2998 2217 3199 2271 Leonis
3230 2218 3321 2285 qui
3380 2230 3506 2271 ante

1919 2312 2198 2365 Zenonem
2232 2310 2520 2379 imperium
2546 2317 2761 2363 rexerat
2798 2308 2815 2376 ί
2846 2308 2968 2378 ejus
2995 2308 3144 2362 enim
3177 2307 3340 2360 filiam
3373 2316 3504 2359 natu

1920 2405 2192 2459 minorem
2216 2445 2229 2465 ,
2264 2404 2549 2457 Leontiam
2600 2401 2849 2464 nomine,
2878 2416 3107 2454 uxorem
3152 2399 3444 2467 duxerat),
3477 2416 3505 2451 a

1920 2496 2140 2549 Zenone
2173 2493 2468 2555 dissidens,
2496 2491 2843 2563 tyrannidem
2865 2491 3123 2561 abripere
3151 2499 3381 2544 conatus
3400 2498 3502 2542 est.

1918 2586 2332 2653 Commissaque
2355 2582 2503 2654 gravi
2532 2598 2717 2652 pugna
2749 2582 2895 2637 circa
2921 2581 3205 2650 palatium.
3249 2589 3307 2633 et
3334 2578 3502 2649 pluri-

1920 2678 2025 2730 mis
2046 2691 2111 2729 ex
2144 2683 2375 2744 utraque
2410 2681 2563 2743 parte
2594 2672 2749 2727 caesis
2769 2715 2784 2736 ,
2826 2672 3134 2726 Marcianus
3162 2670 3509 2724 adversarios

1922 2768 1977 2823 in
2012 2768 2193 2838 fugam
2227 2766 2415 2829 vertit,
2445 2766 2750 2834 eodemque
2777 2765 2985 2834 impetu
3030 2764 3292 2834 palatium
3340 2778 3508 2816 oecu-

1920 2861 2181 2931 pavissct,
2209 2860 2317 2914 nisi
2350 2876 2412 2913 re
2438 2859 2492 2912 in
2518 2858 2826 2914 crastinum
2853 2858 2997 2912 diem
3029 2859 3217 2919 dilata,
3250 2865 3512 2925 opportu-

1920 2949 2149 3004 nitatem
2183 2949 2347 3019 360
2383 2966 2415 3003 c
2468 2948 2724 3003 manibus
2767 2948 2912 3002 elabi
2960 2948 3201 3001 si"isset.
3257 2946 3511 3001 Volueris

1921 3042 2070 3095 enim
2102 3052 2186 3095 est
2214 3040 2451 3104 occasio,
2484 3049 2541 3095 et
2564 3040 2694 3093 dum
2721 3039 2789 3093 ad
2819 3039 2988 3110 pedes
3014 3040 3238 3109 quidem
3271 3038 3509 3101 advolat,

234 3121 341 3189 τὴν
389 3119 561 3191 λαϐὴν
610 3123 922 3192 διαδράσοι,
977 3130 1406 3199 μετεωροπορεί,
1444 3129 1575 3200 γελᾷ
1605 3149 1661 3183 τε
1695 3135 1817 3195 τοὺς

1926 3134 2156 3189 forsitan
2177 3134 2516 3203 apprehendi
2550 3144 2767 3203 potest:
2799 3133 2893 3187 ubi
2920 3150 3051 3186 vero
3084 3150 3278 3186 manus
3299 3132 3510 3201 effuge-

204 3210 573 3277 “διὼκοντας,
630 3214 851 3281 ὲφικτὸς
898 3217 1084 3280 αὐτοῖς
1131 3218 1317 3271 λοιπὸν
1359 3220 1460 3272 οὐκ
1492 3222 1815 3291 ἀνεχόμενος

236 3298 407 3359 εἶναι.
436 3302 601 3355 Ὅθεν
629 3304 821 3373 ἀμέλει
853 3310 901 3360 οἱ
925 3308 1161 3363 πλᾶσται
1190 3310 1285 3364 καὶ
1309 3311 1611 3382 ζωγράφοι,
1637 3314 1814 3384 κόμην

1928 3224 2021 3291 rit,
2055 3225 2107 3278 in
2143 3225 2380 3279 sublime
2408 3224 2610 3287 avolat,
2648 3224 2904 3293 ridetque
2926 3240 3024 3277 eos
3053 3224 3144 3292 qui
3173 3225 3341 3292 ipsam
3366 3223 3514 3276 insc-

1924 3326 2194 3386 quunlur,
2260 3331 2366 3370 nec
2415 3315 2653 3385 amplius
2713 3315 2779 3369 ad
2828 3330 2924 3369 eos
2958 3314 3215 3367 advolare
3258 3313 3510 3367 sustinet.

1530 3449 1766 3505 VARUS
1809 3452 2216 3509 LECTlONES.

319 3544 367 3575 "
397 3543 459 3599 C.
492 3542 555 3599 C.
585 3540 1008 3614 ἀνασειροιζειν.

1436 3657 1712 3715 VALESII
1754 3661 2313 3718 ANNOTATIONES.

242 3757 367 3812 lum
411 3762 474 3808 ut
513 3754 763 3824 jaciatur.
795 3753 1102 3823 Hesychius
1143 3753 1526 3823 διηγκυλίσθαι
1574 3757 1823 3824 exponit,

243 3829 313 3880 τὸ
346 3826 553 3893 ὲνεῖραι
584 3826 713 3886 τοὺς
747 3824 1045 3886 δακτύλους
1071 3826 1137 3893 τῇ
1165 3824 1378 3894 ἀγκύλῃ
1411 3824 1503 3877 τοῦ
1534 3825 1784 3878 ἀκοντίου
1810 3844 1823 3857 ·

244 3892 473 3950 τίθεται
493 3894 550 3946 δὲ
577 3895 779 3947 καὶέπὶ
803 3894 911 3964 γτοῦ
942 3892 1159 3961 ἕτοιμον
1180 3892 1457 3949 εἶναιίὸἰθ
1486 3895 1828 3964 ἀγκυλητοὺς

248 3964 553 4025 κοττάϐους
580 3964 720 4019 dixit
758 3963 1071 4034 Aischylus,
1101 3965 1424 4033 metaphora
1458 3963 1694 4033 sumpta
1721 3966 1829 4019 ἀπὸ

247 4038 363 4089 τῶν
415 4034 676 4104 δοράτων,
710 4034 853 4103 ἆπερ
874 4034 1161 4100 ἀγκυλητὰ
1206 4036 1304 4087 καὶ
1329 4035 1647 4103 μεσάγκυλα
1695 4037 1826 4089 ὲκά-

246 4108 400 4161 λουν.
430 4115 492 4159 ut
544 4105 737 4159 scribit
778 4104 1101 4159 Eustathius
1145 4105 1214 4158 ad
1259 4106 1461 4159 librum
1521 4105 1828 4159 secundum

247 4176 465 4233 Iliadis.
502 4175 707 4244 Duplex
743 4187 925 4229 autem
957 4182 1077 4229 erat
1106 4190 1239 4229 usus
1262 4175 1490 4229 amenti.
1516 4175 1648 4229 Nam
1679 4186 1733 4229 et
1762 4176 1832 4230 ad

251 4245 784 4317 apprehendendum
814 4246 1058 4317 jaculum
1078 4246 1441 4309 conducebat,
1458 4254 1514 4300 et
1541 4255 1602 4299 ut
1620 4247 1828 4317 majore

250 4315 463 4386 impetu
501 4315 825 4386 ferreturiin
856 4316 1090 4369 hostem.

326 4385 441 4455 (54)
491 4385 773 4451 Ἆγαϐολῇ
801 4385 869 4438 δὲ
897 4387 1008 4439 οὐκ
1036 4385 1253 4451 εἰωθὼς
1280 4385 1560 4453 χρῆσθαι.
1588 4386 1646 4440 In
1683 4387 1830 4456 npti-

250 4474 344 4513 mo
374 4457 566 4512 codice
599 4456 918 4510 Florentino
954 4457 1157 4510 diserte
1191 4458 1456 4526 scriptum
1488 4456 1669 4511 iuveni
1697 4461 1829 4512 ἀνα-

251 4531 425 4589 εολεῖ,
457 4526 924 4595 quemadmodum
976 4526 1079 4579 viri
1130 4526 1277 4581 docti
1310 4596 1315 4597 ί
1348 4527 1638 4597 legendum
1704 4544 1829 4582 esse

250 4599 630 4665 coniecerant.
663 4597 761 4651 Est
816 4606 998 4650 autem
1057 4596 1373 4659 a‘wa6o).si5:,
1413 4596 1589 4666 quem
1647 4598 1830 4651 Latini

251 4678 555 4724 stratorem
606 4676 826 4729 vocant,
864 4668 957 4734 qui
996 4667 1281 4721 dominum
1322 4668 1379 4722 in
1409 4683 1611 4735 equum
1651 4670 1831 4723 levare

253 4740 421 4802 solet,
458 4748 518 4790 ut
553 4745 789 4808 testatur
819 4736 1015 4808 Suidas
1046 4754 1058 4790 :
1096 4738 1238 4806 apud
1271 4754 1434 4808 quem
1464 4747 1642 4792 exstat
1681 4738 1833 4793 locus

250 4809 465 4863 veteris
496 4806 810 4877 scriptoris,
844 4807 939 4875 qui
961 4808 1027 4861 de
1049 4823 1175 4876 rege
1199 4806 1481 4862 Masinissa
1513 4809 1585 4861 ita
1615 4809 1831 4874 scribit,

263 4881 327 4931 Ὀ
352 4878 413 4930 δὲ
432 4878 921 4948 Μασσανίσσαςγη
933 4879 1103 4945 ρὰσας
1127 4878 1295 4931 ἵππου
1328 4880 1501 4948 χωρὶς
1526 4878 1832 4942 ἁναὸολέως

251 4948 566 5002 ἐπέϐαινεν.
587 4948 689 5003 Ubi
710 4947 910 5002 Suidas
925 4949 1253 5003 vocabulum
1272 4947 1537 5003 ἅναὸολέα
1563 4948 1832 5017 sumpsis-

253 5036 315 5074 se
346 5017 570 5072 videtur
593 5033 693 5087 pro
722 5019 865 5089 scala
886 5034 1048 5087 quam
1078 5021 1240 5089 vulgo
1255 5018 1534 5088 stapedam
1554 5034 1833 5073 vocamus.

330 5089 446 5153 (35)
495 5088 929 5155 Ἀνασειρίζειν.
958 5088 1321 5144 Scribendum
1366 5099 1502 5159 puto
1535 5090 1830 5157 ἀνασειρά-

254 5161 398 5225 ζειν.
430 5168 489 5213 ut
521 5160 721 5229 legitur
774 5159 829 5212 in
868 5159 1060 5214 codice
1091 5160 1422 5213 Telleriano.
1449 5160 1524 5213 Ita
1558 5161 1704 5214 enim
1738 5175 1834 5229 po-

255 5230 431 5306 stulat
495 5231 763 5306 analogia,
798 5240 866 5306 ut_
912 5245 961 5306 ag
1000 5232 1165 5306 πεῖρα
1198 5231 1605 5306 Ιίι-πειρᾲζειν.
1637 5230 1833 5306 Suidas

256 5299 642 5370 ἅνασειράζειν
672 5301 915 5370 exponit.
940 5299 1242 5364 ἀνθέλκειν,
1266 5300 1637 5369 ἁναχαλινοῦν.
1678 5301 1837 5354 Nice-

259 5372 475 5440 phorus
531 5379 711 5423 autem
770 5386 867 5439 pro
907 5370 1012 5424 hac
1065 5386 1199 5424 voce
1241 5372 1424 5440 posuit
1464 5371 1832 5425 ἀναστέλλειν.

256 5441 436 5497 Porro
478 5456 627 5494 mors
657 5440 987 5495 Theoderici
1024 5441 1253 5510 contigit
1292 5456 1440 5496 anno
1468 5440 1671 5495 Christi
1707 5441 1831 5506 48!,

1933 3766 1995 3811 ut
2044 3766 2275 3811 testatur
2322 3757 2671 3810 Marcellinus
2724 3758 2776 3809 in
2832 3756 3111 3812 Chronico.
3152 3757 3241 3811 his
3271 3756 3507 3822 verbis;

1938 3826 2181 3881 Placidia
2206 3827 2317 3880 solo
2346 3844 2450 3879 cos.
2490 3827 2829 3880 Theodericus
2865 3827 3061 3881 Triarii
3109 3826 3252 3893 ﬁlius
3289 3844 3381 3879 rex
3408 3828 3515 3881 Go-

1935 3899 2165 3955 thorum.
2194 3899 2368 3950 ascitis
2394 3899 2500 3950 suis
2543 3913 2705 3966 usque
2749 3898 2818 3948 ad
2855 3897 3125 3959 Anaplam
3153 3939 3165 3957 ,
3198 3908 3392 3959 quarto
3421 3916 3515 3950 ur—

1935 3968 2013 4020 bis
2040 3967 2297 4021 milliaria
2327 3967 2572 4031 advenit;
2596 3966 2730 4019 nulli
2752 3977 2925 4019 tamen
2948 3967 3305 4019 Ilontanomm
3330 3969 3516 4019 noxius

1937 4039 2186 4090 continuo
2226 4054 2462 4091 reversus
2489 4047 2585 4090 est.
2614 4036 2784 4090 Porro
2810 4039 2865 4090 in
2886 4036 3161 4105 Illyricum
3199 4053 3512 4103 properans,

1938 4107 2065 4160 dum
2122 4109 2263 4161 inter
2308 4124 2526 4161 suorum
2572 4110 2834 4160 moventia
2871 4107 3113 4176 plaustra
3156 4106 3513 4173 progreditur,

1930 4178 2161 4247 jacentis
2202 4195 2358 4245 super
2386 4187 2690 4246 carpentum
2719 4178 2809 4230 teli
2839 4179 3099 4238 acumine,
3130 4186 3178 4229 et
3233 4192 3514 4243 flavescen—

1940 4249 2007 4301 tis
2048 4250 2165 4317 equi
2189 4249 2271 4302 sui
2305 4248 2620 4319 impulsione
2649 4247 2788 4315 ﬁxus
2838 4248 3397 4316 transverberatusque
3429 4248 3516 4299 in-

1940 4319 2101 4371 teriit.

2013 4389 2122 4456 (36)
2154 4387 2314 4443 Μετὰ
2344 4389 2527 4441 ταῦτα
2550 4389 2910 4454 Μαρκίαν-(ἲς.
2929 4387 3295 4456 Theophanes
3312 4394 3517 4456 motum

1865 4488 1907 4542 ι)
1939 4458 2087 4539 hunc
2114 4459 2398 4542 Marciani,
2435 4459 2667 4542 perinde
2695 4474 2757 4542 ac
2787 4455 3517 4542 Evagrius_’no‘ster:vrefcrt

1938 4529 2121 4583 statim
2155 4537 2277 4599 post
2309 4526 2521 4583 obitum
2553 4528 2873 4599 Theodoriti
2908 4527 3109 4581 Triarii
3145 4526 3263 4599 lilii.
3294 4526 3517 4599 Dissen-

1940 4599 2007 4653 tit
2051 4595 2233 4653 tam—cn
2296 4600 2539 4653 Malchus
2592 4598 2646 4651 in
2688 4598 2929 4652 Historia
2964 4598 3280 4667 Byzantina.
3316 4595 3520 4667 Scribit

1945 4669 2093 4723 enim
2119 4669 2520 4724 Theodericum
2546 4669 2823 4722 Triarium
2851 4666 3034 4721 audita
3067 4669 3339 4721 seditione
3374 4666 3517 4718 Mar-

1939 4739 2106 4804 ciani,
2142 4739 2289 4795 ἰΙΙὶου
2326 4739 2624 4794 contractis
2647 4739 2961 4808 ingentibus
2986 4739 3179 4808 cepiis,
3209 4737 3521 4808 Constanti-

1939 4810 2183 4879 nopolim
2216 4825 2409 4865 versus
2438 4807 2743 4879 profectum
2774 4824 2893 4862 esse
2931 4827 2943 4861 :
2983 4807 3166 4879 specie
3205 4807 3427 4876 quidem
3458 4815 3517 4860 ut

1940 4881 2265 4949 imperatori
2296 4881 2576 4949 suppetias
2610 4879 2782 4932 ferret
2816 4896 2829 4932 :
2866 4894 3056 4933 revera
3098 4888 3277 4932 tamen
3309 4886 3367 4930 ut
3421 4893 3517 4929 ur-

1940 4948 2064 5003 bem
2094 4951 2298 5020 regiam
2330 4948 2644 5019 occuparet.
2667 4950 2842 5005 Verba
2868 4949 3084 5013 Malehi,
3118 4950 3161 5002 si
3192 4948 3516 5020 quislegere

1941 5017 2263 5083 desiderat,
2329 5017 2601 5074 habentur
2658 5036 2779 5090 pag.
2840 5020 2908 5073 86
2990 5019 3253 5074 editionis
3316 5017 3515 5090 ltegiae.

1934 5091 2087 5145 Adde
2120 5092 2265 5160 quod
2304 5091 2606 5160 Procopius
2628 5087 2883 5144 Marciani
2931 5091 3120 5144 frater.
3157 5099 3318 5160 capto
3375 5087 3516 5160 Mar-

1935 5162 2095 5231 eiano
2116 5157 2172 5217 et
2196 5157 2619 5231 proﬂigata—ejus
2678 5161 2987 5231 tyrannide,
3020 5161 3085 5215 ad
3112 5157 3516 5231 Theodericum

1938 5230 1994 5284 iu
2024 5228 2289 5286 Graeciam
2322 5228 2852 5302 piofugitJCuinque
2873 5232 3020 5286 Zeno
3056 5232 3219 5302 missa
3251 5228 3520 5302 legatione

1941 5318 2068 5355 eum
2111 5303 2217 5357 sibi
2280 5297 2404 5355 dedi
2453 5297 2778 5370 postularet;
2817 5318 3100 5371 nunquam
3164 5300 3217 5353 id
3242 5315 3295 5371 7a,
3341 5297 3522 5350 Theo-

1940 5372 2130 5426 derico
2166 5374 2503 5441 impetravit,
2541 5383 2600 5426 ut
2633 5370 3129 5427 scribitCau’didus
3162 5371 3217 5424 in
3241 5370 3385 5423 libro
3428 5382 3519 5421 se-

1940 5443 2145 5508 cundo,
2179 5453 2235 5496 et
2273 5442 2517 5497 Malchus
2548 5443 2604 5496 in
2632 5443 2778 5497 libro
2805 5444 2915 5513 jam
2945 5445 3137 5497 citato.

1710 5550 2093 5608 VARIOItUM.

331 5653 412 5718 (ιι)
438 5649 504 5703 Et
537 5646 621 5717 μὴ
654 5646 761 5701 τὸν
792 5647 1001 5715 καιρὸν
1031 5646 1322 5716 παρῆκεν.
1351 5646 1433 5701 Ad
1483 5661 1653 5700 comm
1698 5662 1841 5716 epu-

259 5722 342 5775 las
386 5734 753 5787 somnumque
796 5718 1161 5789 capiendum,
1211 5718 1377 5789 rebus
1414 5718 1657 5789 nondum
1711 5733 1841 5786 per-

260 5792 422 5857 actis,
459 5806 518 5847 se
569 5788 943 5845 convertit’ut
978 5798 1210 5845 testatur
1244 5788 1625 5859 TlteOphancs.
1666 5790 1840 5843 Porro

1946 5648 2095 5719 hunc
2118 5654 2367 5719 iimotum
2393 5648 2671 5719 Antonius
2705 5649 2833 5719 Pagi
2864 5647 3162 5717 contigisse
3189 5653 3347 5719 putat
3370 5660 3519 5719 anpo

1944 5717 2074 5773 Chr.
2102 5718 2240 5784 478,
2278 5728 2370 5773 aut
2407 5718 2531 5775 479.
2565 5719 2711 5788 (Vid.
2742 5715 2867 5774 eum
2897 5719 2965 5773 ad
2991 5715 3123 5772 ann.
3151 5717 3278 5783 482,
3306 5733 3361 5769 n.
3406 5715 3516 5785 Π.)
