4124 6332
622 372 754 436 2651

1824 377 2140 437 EVAGRII
2181 379 2667 440 SCHOLASTICI

3726 377 3870 441 2652

619 492 809 561 Itaque
847 491 1084 561 pictores
1111 502 1166 546 et
1197 493 1448 546 statuarii
1487 507 1700 547 comam
1736 492 1788 546 ei
1830 508 1861 545 a
1891 492 2070 546 fronte
2103 491 2200 545 dc—

2310 493 2608 562 Ξμπροσθεν
2661 492 2917 555 καθέντες
2965 490 3152 560 αὐτῷ,
3203 489 3302 558 τὴν
3350 477 3603 559 κεφαλὴν¹
3643 488 3867 543 ὄπισθεν

621 585 867 648 mittunt,
906 592 962 637 et
1012 584 1330 654 occipitium
1376 583 1442 637 ad
1494 595 1674 638 cutem
1725 599 1901 653 usque
1949 582 2193 635 radunt:

622 676 925 744 prudenter
984 677 1275 730 admodum
1344 676 1756 730 subindicantes
1825 676 2195 736 occasionem,

622 768 866 834 quandiu
913 767 1135 837 quidem
1179 784 1209 821 a
1251 780 1402 838 tergo
1437 769 1707 831 imminet,
1764 783 1918 821 coma
1959 767 2198 819 demissa

622 858 781 912 facile
832 859 1171 928 apprehendi
1225 875 1385 928 posse
1414 878 1425 912 ε
1457 858 1677 927 quando
1704 867 1886 912 autem
1914 855 2196 926 praecedit,

623 951 844 1018 penitus
874 952 1135 1021 effugere,
1173 952 1375 1004 nullam
1404 967 1590 1005 ansam
1621 966 1729 1019 qua
1759 950 2030 1019 capiatur,
2064 962 2202 1015 prae-

624 1043 843 1097 bentem
890 1045 1339 1112 insequentibus.
1370 1042 1524 1108 Quod
1555 1044 1778 1112 quidem
1821 1053 1950 1097 tunc
2002 1038 2202 1092 accidit

627 1136 901 1192 Marciano
936 1156 948 1191 :
981 1137 1074 1206 qui
1109 1153 1233 1192 cum
1268 1137 1615 1192 occasionem
1649 1137 1753 1206 ipsi
1787 1136 2024 1190 oblatam
2052 1132 2198 1187 elabi

625 1230 865 1292 sivisset,
904 1229 1153 1282 eamdem
1207 1238 1396 1297 postea
1459 1244 1783 1298 recuperare
1838 1245 1949 1282 non
1997 1229 2198 1297 potuit.

625 1318 854 1371 Postero
878 1317 1024 1371 enim
1054 1317 1142 1371 die
1169 1331 1197 1369 a
1228 1317 1343 1371 suis
1365 1318 1638 1387 proditus,
1671 1325 1727 1372 et
1765 1318 1916 1372 solus
1949 1318 2198 1384 relictus,

625 1409 872 1478 confugit
931 1410 997 1462 ad
1056 1409 1344 1462 Basilicam
1409 1418 1725 1463 sanctorum
1797 1409 2196 1479 apostolorum.

625 1505 782 1558 Unde
827 1521 925 1575 per
971 1506 1080 1558 vim
1142 1516 1447 1572 extractus,
1499 1508 1801 1562 Caesaream
1843 1507 2200 1577 Cappadociae

625 1598 920 1667 relegatur.
953 1598 1031 1651 Ibi
1063 1614 1186 1652 cum
1218 1615 1276 1654 se
1303 1601 1592 1654 monachis
1631 1601 1956 1670 quibusdam
2003 1617 2200 1670 aggre-

624 1688 881 1758 gavisset,
930 1699 1118 1757 postea
1154 1690 1332 1760 fugam
1384 1693 1636 1746 meditari
1676 1694 2052 1761 deprehensus
2093 1702 2196 1747 est.

623 1777 796 1842 Quam
827 1778 898 1830 ob
952 1794 1171 1833 causam
1220 1780 1288 1833 ab
1335 1781 1663 1848 imperatore
1713 1782 1942 1836 Tarsum
1993 1783 2200 1837 Cilicia:

2298 581 2357 634 ὲν
2394 581 2511 652 χρῷ
2551 582 2818 653 ξυρῶσιν’
2871 577 2929 635 εὖ
2973 581 3118 651 μάλα
3157 579 3338 648 σοφῶς
3369 580 3755 649 αἰνιττόμενοι,
3788 580 3866 643 ὡς

2296 675 2624 738 ὀπισθόπους
2657 675 2755 745 μὲν
2785 675 3088 743 τυγχάνων,
3122 671 3200 741 τῷ
3230 671 3535 742 καθειμένῳ
3563 673 3664 742 τῆς
3691 672 3866 741 κόμης

2301 766 2429 830 ἴσως
2457 771 2738 838 κρατεῖται
2761 783 2775 796 ⁸
2812 766 3226 836 ἐμπροσθόπους
3251 765 3309 818 δὲ
3338 765 3650 834 γενόμενος,
3681 765 3865 817 τέλεον

2298 859 2620 928 διαφεύγει,
2671 860 2771 912 οὐκ
2819 858 2956 927 ἔχων
3005 859 3111 926 ὅτῳ
3143 856 3440 926 κρατηθείη
3481 854 3561 924 τῷ
3594 853 3862 908 διώκοντι.

2303 954 2482 1022 Ὀπερ
2514 952 2608 1004 καὶ
2656 952 2752 1003 ἐπὶ
2793 951 3099 1021 Μαρκιανῷ
3142 953 3355 1018 γέγονε,
3386 949 3478 1000 τὸν
3517 946 3618 1016 μὲν
3648 945 3868 998 εὔθετον

2289 1043 2450 1113 αὐτῷ
2481 1043 2670 1114 καιρὸν
2702 1042 3028 1096 ἀπολέσαντι
3047 1082 3063 1106 ,
3113 1042 3352 1110 ἐξευρεῖν
3380 1039 3437 1092 δὲ
3467 1037 3659 1090 τοῦτον
3682 1036 3868 1088 λοιπὸν

2297 1138 2358 1190 οὑ
2402 1136 2701 1206 δυνηθέντι.
2753 1136 2882 1188 Ἀνὰ
2912 1134 3023 1203 γὰρ
3061 1133 3160 1202 τὴν
3189 1133 3314 1202 ἑξῆς
3347 1129 3484 1200 πρὸς
3512 1128 3620 1181 τῶν
3650 1126 3869 1180 οίκείων

2300 1227 2759 1300 καταπροδοθεὶς,
2821 1227 2914 1279 καὶ
2963 1225 3123 1293 μόνος
3161 1221 3538 1291 ἀποληφθεὶς,
3596 1219 3870 1287 πέφευγεν

2299 1322 2403 1377 ἀνὰ
2418 1323 2479 1374 τὸ
2497 1320 2723 1390 τέμενος
2737 1317 2846 1370 τῶν
2866 1315 3168 1369 θεσπεσίων
3201 1312 3556 1365 Ἀποστόλωνο
3584 1309 3795 1362 ἐκεῖθέν
3811 1325 3870 1359 τε

2301 1415 2442 1486 πρὸς
2493 1413 2614 1482 βίας
2660 1409 3020 1479 ἁφελκυσθεὶς
3043 1446 3059 1471 ,
3107 1408 3187 1469 είς
3222 1405 3558 1473 Καισάρειαν
3586 1401 3745 1454 πόλιν
3774 1399 3871 1468 τῆς

2301 1504 2691 1561 Καππαδοκῶν
2715 1501 3062 1566 ὲξοικίζεται.
3095 1496 3205 1551 Καί
3232 1513 3340 1550 τισι
3372 1495 3624 1563 μοναχοῖς
3650 1507 3873 1556 συναγε-

2301 1599 2630 1667 λαζόμενος,
2685 1596 2910 1665 ὕστερον
2959 1591 3215 1661 ἐφωράθη
3269 1588 3450 1641 λαθεῖν
3491 1585 3722 1638 ἐθέλων·
3778 1581 3872 1634 καὶ

2303 1691 2442 1761 πρὸς
2495 1689 2589 1742 τοῦ
2640 1687 2902 1758 βασιλέως
2964 1685 3022 1746 ἒς
3067 1681 3279 1750 Ταρσὸν
3327 1682 3427 1748 τῆς
3471 1676 3728 1738 Κιλικίας
3782 1675 3874 1726 ὲκο

2303 1783 2610 1853 πεμφθεὶς,
2646 1781 2741 1833 καὶ
2774 1779 2873 1845 τὴν
2902 1777 3080 1845 κόμην
3110 1771 3469 1839 ἀποθέμενος,
3504 1765 3875 1853 πρεσϐύτερος

623 1869 971 1938 deportatus,
999 1871 1228 1924 detonsa
1257 1887 1412 1925 coma
1441 1875 1727 1944 presbyter
1765 1884 1850 1928 est
1888 1874 2196 1930 ordinatus.

2310 1843 2714 1944 χείροτονείται.
2770 1843 3086 1936 Γέγραπται
3117 1862 3290 1914 ταῦτα
3331 1856 3556 1927 κομψῶς
3591 1851 3876 1919 Εὑσταθίῳ

622 1961 800 2029 Atque
837 1962 951 2015 hzec
979 1963 1203 2032 quidem
1246 1966 1313 2018 ab
1346 1965 1634 2020 Eustathio
1674 1967 1808 2037 Syro
1846 1969 2047 2037 scripta
2071 1978 2201 2024 sunt

624 2055 923 2123 eleganter.

1207 2169 1360 2223 CAP.
1403 2168 1612 2222 XXVII.

951 2260 1029 2313 De
1081 2261 1361 2330 tyrannide
1399 2260 1490 2313 Illi
1526 2277 1588 2313 ac
1623 2259 1845 2314 Leontii.

695 2371 846 2426 Idem
876 2373 1197 2426 Eustathius
1228 2371 1424 2425 scribit
1465 2372 1742 2427 Zenonem
1771 2373 2088 2427 innumeras
2119 2373 2203 2425 in-

627 2465 797 2520 sidias
841 2465 1108 2517 adversus
1147 2464 1401 2518 Verinam
1450 2479 1670 2517 socrum
1719 2480 1870 2518 suam
1914 2465 2199 2528 struxisse,

628 2557 960 2625 tandemque
988 2571 1108 2609 eam
1146 2556 1198 2608 in
1228 2555 1478 2610 Ciliciam
1508 2556 1797 2625 relegasse.
1829 2556 2020 2609 Postea
2049 2569 2201 2618 vero,

626 2668 751 2706 cum
784 2652 912 2705 Illus
944 2649 1287 2721 tyrannidem
1319 2658 1678 2717 occupasset,
1719 2648 1920 2702 Verina
1962 2647 2017 2699 in
2047 2646 2206 2714 Papi-

627 2747 774 2799 rium
803 2753 1041 2798 castrum
1080 2743 1356 2812 migravit,
1385 2742 1571 2809 ibique
1605 2740 1843 2794 excessit
1865 2755 1895 2792 e
1925 2739 2059 2791 vita.
2097 2739 2206 2792 Res

628 2846 894 2908 praeterea
922 2836 1002 2888 Illi
1033 2836 1100 2888 ab
1131 2835 1325 2888 eodem
1365 2833 1632 2902 scriptore
1670 2829 2075 2900 elegantissime
2109 2844 2205 2881 ex-

628 2936 912 2998 ponuntur
945 2944 957 2977 :
992 2924 1496 2994 quedmadmodum
1528 2939 1651 2976 cum
1680 2938 1709 2976 a
1744 2922 1961 2975 Zenone
1994 2920 2208 2974 insidiis

630 3022 910 3091 appetitus
939 3020 1155 3081 fuisset,
1187 3016 1445 3086 effugerit
1477 3033 1489 3068 :
1520 3024 1688 3082 utque
1710 3013 1857 3066 Zeno
1892 3027 2017 3065 eum
2043 3026 2204 3079 quem

631 3112 700 3165 ad
743 3108 1188 3164 interficiendum
1238 3107 1399 3160 Illum
1451 3104 1816 3164 submiserat,
1858 3103 1954 3155 lllo
2001 3116 2208 3153 necan-

2299 1966 2376 2037 τῷ
2408 1966 2585 2037 Σύρῳ.

2887 2160 3138 2214 ΚΕΦΑΛ.
3174 2159 3303 2210 ΚΖ’.

2409 2253 2548 2322 Περὶ
2581 2251 2689 2320 τῆς
2713 2250 3068 2318 τυραννίδος
3102 2243 3304 2301 Ἰλλοῦ
3333 2241 3431 2296 καὶ
3461 2238 3772 2294 Λεοντίου.

2389 2368 2449 2420 '0
2479 2366 2639 2427 αὐτὸς
2683 2364 2887 2433 γράφει
2927 2361 3017 2414 τὸν
3047 2361 3270 2427 Ζήνωνα
3302 2356 3399 2408 καὶ
3421 2353 3622 2424 Βερίνῃ
3653 2353 3718 2420 τῇ
3747 2365 3880 2401 πενο

2304 2458 2440 2528 θερᾷ
2494 2455 2694 2526 μυρίας
2739 2451 3032 2514 ἐπιϐουλὰς
3068 2449 3240 2519 ῥάψαι
3261 2463 3276 2479 ο
3333 2443 3472 2514 μετὰ
3496 2442 3553 2495 δὲ
3580 2440 3755 2493 ταῦτα
3784 2438 3882 2491 καὶ

2303 2550 2442 2621 πρὸς
2495 2549 2594 2616 τὴν
2639 2545 2879 2598 Κιλίκων
2927 2540 3211 2608 ἐκπέμψαι
3252 2535 3458 2606 χώραν.
3512 2532 3780 2598 ’Υστερον
3825 2528 3882 2580 δὲ

2309 2619 2609 2714 μεταϐῆναι
2635 2636 2836 2704 ταύτην
2865 2634 2998 2702 πρὸς
3024 2633 3083 2683 τὸ
3113 2629 3383 2695 Παπιρίου
3405 2625 3696 2693 λεγόμενον
3719 2619 3883 2693 φρού·

2308 2753 2450 2806 ριον,
2496 2731 2654 2784 Ἰλλθῦ
2705 2727 3138 2797 τυραννήσαντος
3159 2763 3172 2785 ,
3218 2719 3404 2773 αὐτόθι
3436 2735 3493 2770 τε
3523 2716 3615 2768 τὸν
3645 2714 3760 2783 βίον
3787 2715 3882 2765 ὲκ-

2306 2801 2498 2878 λιπεῖν.
2551 2821 2659 2874 Καὶ
2699 2819 2768 2870 τὰ
2805 2816 2949 2869 κατὰ
2967 2813 3163 2866 Ἰλλοῦν
3191 2811 3248 2864 δὲ
3279 2809 3481 2878 γράφει
3516 2805 3661 2876 μάλα
3690 2801 3885 2869 λογίως

2309 2922 2337 2971 ὁ
2373 2915 2666 2974 Εὑστάθιος
2685 2951 2700 2974 ,
2730 2911 2878 2969 ὅπως
2911 2906 3048 2975 πρὸς
3077 2902 3174 2955 τοῦ
3200 2903 3445 2971 Ζήνωνος
3475 2889 3885 2952 ἐπιϐουλευθεὶς

2308 3011 2530 3077 διέφυγε
2552 3047 2566 3069 ,
2616 3005 2710 3055 καὶ
2756 3003 2906 3062 ὅπως
2950 2999 2976 3050 ὁ
3010 3000 3196 3064 Ζήνων
3227 2993 3320 3046 τὸν
3351 2986 3666 3056 ἀποσφάξαι
3695 2983 3887 3036 τοῦτον

2312 3076 2757 3168 προσταχθέντα,
2817 3094 2875 3154 ὲς
2923 3089 3151 3141 θάνατον
3198 3084 3500 3144 ἐκδέδωκε,
3557 3076 3747 3148 μισθὸν
3787 3077 3888 3143 τῆς

633 3205 766 3258 dum
816 3201 1137 3264 tradiderit;
1199 3198 1396 3267 capitis
1453 3196 1887 3265 amputationem
1944 3191 2208 3245 mercedis

2315 3166 2616 3256 ἀποτυχίας
2638 3185 2737 3252 τὴν
2758 3182 2855 3248 τῆς
2876 3178 3121 3247 κεφαλῆς
3138 3175 3377 3243 ἐκτομὴν
3398 3170 3549 3240 αὐτῷ
3569 3166 3890 3236 παρασχών.

633 3295 758 3349 loco
795 3294 846 3348 ei
877 3291 1207 3362 rependens,
1242 3304 1308 3343 eo
1330 3287 1476 3358 quod
1501 3295 1697 3340 conatu
1723 3284 2034 3338 excidisset.
2058 3282 2213 3334 Illum

636 3401 856 3455 quoque
899 3383 1221 3454 magistrum
1261 3379 1560 3436 Orientalis
1591 3377 1799 3430 militiae
1855 3374 2213 3437 renuntiavit,

637 3474 869 3528 studens
901 3481 960 3526 ut
990 3472 1221 3525 occultae
1244 3475 1432 3523 essent
1461 3466 1673 3520 insidiae
1700 3480 1836 3534 quas
1856 3463 1908 3518 ei
1935 3478 2218 3531 compara-

637 3569 740 3620 vit.
767 3567 899 3620 Illus
968 3579 1136 3626 vero,
1177 3561 1350 3615 ascito
1417 3561 1474 3614 in
1507 3559 1823 3612 societatem
1859 3556 2112 3614 Leontio.
2163 3563 2220 3608 et

639 3658 818 3711 Marso
859 3655 982 3710 viro
1029 3653 1281 3724 egregio,
1336 3667 1399 3706 ac
1459 3649 1804 3719 Pamprepio,
1855 3649 1922 3701 ad
1979 3647 2219 3702 Orientis

641 3755 831 3819 partes
885 3743 1147 3814 perrexit.
1199 3741 1386 3796 Refert
1433 3740 1631 3795 deinde
1686 3739 1832 3794 idem
1874 3739 2217 3800 Eustathius,

639 3837 921 3909 quomodo
955 3836 1222 3890 Leontius
1249 3834 1393 3902 apud
1426 3833 1656 3887 Tarsum
1685 3831 1892 3886 Cilicia:
1924 3830 2222 3898 imperator

640 3939 993 3998 nuncupatus
1023 3929 1095 3982 sit
1127 3945 1139 3980 :
1174 3935 1230 3982 et
1271 3940 1434 3995 quem
1485 3925 1577 3979 isti
1612 3922 1921 3994 tyrannidis
1960 3937 2075 3976 suae
2102 3920 2222 3974 fru~

641 4034 792 4078 ctum
831 4023 1197 4092 perceperint.
1242 4017 1380 4075 Cum
1429 4017 1807 4072 Theodericus
1853 4016 1939 4068 vir
1997 4013 2221 4066 natione

640 4117 876 4180 Gothus,
907 4124 964 4170 et
991 4115 1085 4183 qui
1119 4112 1262 4183 apud
1294 4113 1573 4166 Romanos
1598 4120 1718 4164 erat
1748 4107 1995 4167 illustris.
2028 4105 2223 4158 adver-

642 4223 738 4262 sus
761 4223 857 4262 eos
884 4209 1084 4260 missus
1115 4213 1262 4259 esset
1309 4219 1433 4258 cum
1469 4203 1712 4256 exercitu
1747 4200 2117 4253 Romanorum
2149 4195 2223 4249 si-

646 4299 759 4352 mul
790 4315 853 4354 ac
885 4300 1275 4353 barbarorum.
1305 4298 1456 4352 Idem
1496 4294 1818 4350 Eustathius
1860 4291 2094 4360 eleganti
2125 4289 2222 4342 ad-

644 4393 871 4448 modum
906 4394 1046 4462 stylo
1100 4390 1307 4446 caedem
1357 4403 1552 4444 eorum
1595 4384 1882 4446 describit,
1909 4397 2047 4451 quos
2075 4381 2223 4434 Zeno

644 4489 944 4542 crudeliter
976 4485 1160 4540 necari
1183 4483 1364 4554 jussit,
1399 4480 1542 4535 hanc
1564 4477 1645 4533 eis
1674 4475 1982 4531 mercedem
2021 4487 2222 4540 repen-

643 4578 782 4633 dens
811 4576 1210 4632 benevolentiae
1241 4589 1350 4643 qua
1375 4572 1554 4642 ipsum
1581 4567 1852 4638 complexi
1885 4565 2103 4620 fuerant
2129 4578 2142 4614 :
2174 4570 2231 4616 et

2324 3279 2420 3328 Ὃν
2452 3277 2546 3327 καὶ
2580 3271 2883 3342 στρατηγὸν
2914 3271 2941 3321 ὁ
2969 3268 3155 3335 Ζήνων
3184 3264 3294 3316 τῶν
3324 3260 3507 3330 Ἐῴων
3539 3256 3891 3312 ἀποδείκνυσι

2316 3368 2618 3434 δυνάμεων,
2647 3366 2707 3416 τὸ
2735 3362 2920 3414 λαθεῖν
2951 3355 3496 3429 πραγματευόμενος.
3534 3350 3592 3401 '0
3618 3348 3695 3411 δὲ,
3727 3346 3894 3400 Λεόν-

2316 3479 2430 3515 τιον
2459 3453 3042 3528 προσεταιρισάμενος,
3075 3449 3299 3517 Μάρσον
3331 3463 3389 3498 τε
3421 3439 3576 3497 οὖννδ
3606 3440 3775 3510 ἄνδρα
3806 3435 3892 3489 δό-

2318 3569 2480 3620 κιμον
2503 3591 2516 3615 ,
2573 3547 2668 3599 καὶ
2716 3541 3077 3613 Παμπρέπιον
3115 3537 3218 3592 ἀνὰ
3249 3536 3320 3588 τὰ
3352 3538 3451 3603 τῆς
3490 3530 3661 3600 Ὲῴας
3699 3529 3894 3594 γέγονε

2323 3617 2485 3714 μέρη.
2543 3637 2678 3692 Εἶτα
2708 3636 2808 3706 τὴν
2835 3633 3087 3686 Λεοντίου
3125 3629 3429 3699 ἀνάρρησιν
3460 3623 3561 3693 τὴν
3591 3623 3648 3683 ές
3679 3617 3897 3688 Ταρσὸν

2321 3711 2418 3804 τῆς
2451 3711 2704 3792 Κιλικίας
2733 3726 3034 3796 γενομένην
3054 3742 3067 3755 ⁸
3105 3724 3254 3782 ὅπως
3278 3737 3339 3771 τε
3370 3719 3464 3771 καὶ
3495 3711 3640 3769 οὗτοι
3668 3714 3768 3782 τῆς
3793 3728 3894 3764 τυ-

2324 3824 2565 3898 ραννίδος
2616 3821 2939 3880 ἀπώναντο,
2999 3813 3325 3882 Θευδερίχου
3382 3808 3517 3861 κατ’
3567 3803 3749 3857 αὐτῶν
3802 3804 3901 3858 ex:

2323 3897 2670 3983 πεμφθέντος
2693 3954 2706 3973 ,
2762 3909 2952 3978 ἀνδρὸς
2985 3905 3188 3958 Γότθου
3241 3902 3302 3954 τὸ
3336 3901 3492 3969 γένος
3537 3897 3898 3966 ὑπάρχοντος,

2324 4008 2474 4076 παρὰ
2507 4003 2802 4072 Ῥωμαίοις
2827 4017 2886 4052 τε
2917 3994 2983 4051 αὖ
3015 3997 3290 4064 ἐπισήμου
3314 4034 3327 4055 ,
3362 3991 3498 4060 μετὰ
3526 3987 3816 4059 ἡμεδαπῆς
3840 4003 3902 4038 τε

2324 4075 2419 4151 και
2451 4093 2754 4159 ἀλλοδαπῆς
2786 4080 3520 4160 δυνάμεωςΠΑναγράφειδὲ
3549 4077 3695 4146 μᾶλα
3722 4075 3904 4143 σοφῶς

2323 4194 2351 4245 ό
2372 4189 2535 4250 αὐτὸς
2555 4184 2874 4246 Εὑστάθιος,
2896 4179 2992 4232 καὶ
3011 4179 3136 4238 τοὺς
3159 4175 3407 4235 δειλαίως
3430 4169 3814 4242 ἀνῃρημένους
3831 4169 3902 4237 (υ)

2325 4283 2462 4353 πρὸς
2493 4281 2737 4349 Ζήνωνος
2771 4277 2893 4328 ἀντὶ
2917 4275 3015 4342 τῆς
3046 4275 3102 4335 ές
3127 4270 3288 4323 αὐτὸν
3319 4266 3531 4326 εὐνοίας
3554 4302 3568 4324 ,
3603 4262 3700 4314 καὶ
3729 4261 3813 4314 ὅτι
3841 4276 3906 4326 γε

2327 4378 2355 4429 ὀ
2377 4352 2701 4440 Θευδέριχος
2723 4369 2822 4436 τῆς
2840 4363 3135 4431 ἐπιϐουλῆς
3152 4362 3398 4430 Ζήνωνος
3423 4355 3746 4422 αἰσθόμενος
3763 4352 3906 4421 (37),

2329 4468 2423 4520 ἐπὶ
2473 4466 2573 4533 τὴν
2628 4459 3004 4532 πρεσϐυτέραν
3040 4452 3261 4522 Ῥώμην
3305 4449 3598 4517 ἀναχωρεῖ.
3655 4444 3816 4506 Τινὲς
3851 4444 3909 4495 δέ

2310 4575 2518 4627 φασιν,
2552 4557 2627 4618 ὼς
2651 4556 2748 4608 καὶ⁵
2775 4551 3024 4621 ὑποθήκῃ
3046 4546 3294 4617 Ζήνωνος
3319 4539 3454 4613 (58)·
3488 4539 3586 4592 καὶ
3619 4536 3910 4606 Ὀδόακρον

1941 4674 2184 4732 VARIE
2225 4669 2639 4729 LECTIONES.

725 4792 769 4822 "
804 4788 867 4844 C.
898 4785 960 4842 C.
994 4781 1086 4840 αὖ.

1822 4841 2092 4897 VALESII
2143 4833 2706 4896 ANNOTATIONES.

724 4955 837 5024 (37)
877 4949 993 5024 ch
1041 4944 1281 5024 ﬂopxﬁc
1342 4944 1722 5024 ᾳζᾳθόμενρςἶ
1748 4939 1973 5024 ﬂectitis
2007 4938 2064 4991 in
2086 5008 2098 5024 '
2119 4952 2223 5024 ms.

650 5008 842 5086 maia;
901 5008 1553 5078 Florentinonscribitur,
1577 5012 1677 5082 τῆς
1707 5008 2005 5079 ἐπιϐουλῆς
2046 5008 2228 5060 αίσθό·

659 5114 842 5237 μεῖἕὲί
870 5163 969 5226 Ὠς
988 5159 1084 5237 καί
1109 5156 1384 5237 ὺποθῄκῃ
1420 5150 1925 5237 Ζήκωνοςτιηιῇιιε
1952 5149 2072 5230 loci.
2100 5163 2231 5237 sen-

656 5219 778 5297 sum
812 5219 924 5291 non
946 5219 1216 5286 viderunt
1259 5219 1597 5296 Interpretes
1628 5219 2026 5292 quibus’prava
2060 5219 2236 5272 inter-

2329 4933 2556 5005 punctio
2609 4927 2785 5005 fraudi
2845 4925 2968 4980 fuit.
2997 4924 3112 5005 Ego
3137 4936 3272 5005 vero
3316 4919 3498 5005 media
3550 4917 3911 5005 distinctione

2330 4989 2456 5075 post
2501 4999 2828 5075 hazc_verb_a
2873 4989 3144 5075 apposita,
3175 4993 3356 5075 lucem
3390 4990 3523 5071 huic
3570 4989 3911 5075 loco-attuli.

2333 5058 2584 5128 ititenim
2614 5069 2881 5138 Evagrius
2900 5058 3037 5119 duas
3062 5061 3486 5138 causasafferri,
3512 5075 3634 5138 qua?
3658 5058 3920 5112 Theodo.

2335 5145 2513 5197 ricum
2556 5129 2927 5207 impulissent,
2955 5144 3016 5188 ut
3058 5133 3127 5207 ad
3158 5132 3389 5207 Italiam
3439 5129 3908 5207 proficisceretur,

2336 5214 2520 5270 Prima
2548 5198 2654 5274 est,
2686 5207 2834 5278 quod
2875 5198 3024 5260 Zeno
3051 5203 3108 5259 ei
3156 5198 3536 5257 insidiaretur.
3571 5198 3681 5253 Alii
3727 5209 3910 5252 autem

2109 5323 2499 5383 VARIORUM.

735 5447 806 5514 (υ)
838 5440 984 5505 Τοὺς
1013 5437 1300 5514 *δειλαίως
1343 5431 1775 5514 ᾀνῃθημένπς.
1810 5426 2242 5514 μοι-(εεψηυείη

659 5498 918 5573 Chronico
946 5498 1047 5563 sub
1079 5523 1222 5562 coss.
1251 5498 1380 5559 anni
1409 5498 1547 5564 £88,—
1572 5503 1687 5573 hzec
1736 5500 1919 5573 habet
1938 5516 1958 5573 :_
1994 5498 2242 5573 Leontius

661 5567 866 5642 interea
892 5597 984 5634 rex
1012 5589 1062 5633 et
1096 5578 1228 5632 Ilius
1261 5585 1520 5646 tyrannus
1542 5572 1677 5646 Αἶα]μὶ
1706 5568 2051 5646 tyrannidem
2088 5567 2241 5646 abri-_

663 5637 1070 5728 pinei-autenm
1093 5649 1218 5718 482)
1265 5637 1320 5728 ἱξι
1349 5637 1838 5728 D'apyrio—Isau'riw
1860 5637 2075 5728 castello
2102 5637 2244 5728 cqpti

665 5707 1018 5791 decollatique
1071 5707 1214 5774 sunt:
1269 5707 2242 5791 Eripite'_eorum“Constantinop‘olim

669 5779 864 5860 dilata,
890 5779 1112 5863 prwﬁxa
1143 5779 1415 5844 hastilib'us
1437 5785 1665 5837 tabuere.
1699 5782 1895 5836 Eodem
1918 5796 2058 5834 anno
2084 5779 2242 5833 Theo-

2350 5423 2556 5475 dericus
2602 5435 2696 5473 rea:
2728 5417 2964 5470 omnium
3004 5430 3224 5468 suorum
3249 5408 3590 5464 multitudine
3632 5407 3920 5462 Gothorum

2349 5496 2406 5546 in
2450 5492 2671 5545 Italiam
2725 5488 2910 5541 tendit.
2972 5484 3346 5539 Theodericus
3406 5480 3530 5540 hic,
3592 5477 3920 5545 cognomine

2349 5565 2597 5624 Amalus,
2624 5559 2833 5613 Italiam
2861 5559 3141 5627 ingressus
3165 5563 3249 5608 est
3276 5565 3420 5605 anno
3605 5549 3816 5627 bellum
3844 5546 3918 5600 ibi

2347 5634 2516 5702 gessit
2547 5617 2671 5684 cum
2705 5617 3139 5702 Odoacreltalize
3170 5639 3294 5702 rege
3315 5635 3459 5676 anno
3490 5620 3587 5700 I91
3618 5617 3921 5702 Odoacrem

2350 5687 2574 5765 occidit,
2607 5711 2665 5754 et
2695 5713 2922 5767 regnum
2955 5696 3123 5750 Italiae
3161 5687 3264 5767 sibi
3321 5692 3559 5746 asseruit
3607 5704 3757 5744 anno
3796 5687 3918 5745 493.

2345 5777 2498 5847 juxta
2530 5765 2781 5826 rationes
2804 5769 2930 5823 Ant.
2962 5767 3085 5834 Pagi
3113 5765 3179 5819 ad
3212 5779 3308 5821 cos
3336 5777 3528 5816 annos.
