4124 6332
215 364 372 430 2653

1084 400 1091 406 ·
1140 377 1532 442 HISTORI/E
1570 381 2166 443 ECCLESIASTICAE
2201 383 2436 443 LIBER
2476 381 2591 441 III.

3361 378 3506 445 2654

223 481 382 551 μάχῃ
428 480 711 551 κρατήσας
731 520 747 545 ,
804 481 896 551 ὕφ’
930 483 1123 538 ἑαυτὸν
1155 487 1258 559 τὴν
1293 487 1516 562 Ῥώμην
1544 493 1805 556 ποιεῖται,
1837 511 1850 551 Α

1952 492 2187 546 uomodo
2212 492 2609 556 Theodericus,
2633 506 2762 546 cum
2780 491 3303 562 Zenonisjadversus
3318 492 3504 563 359‘

222 569 376 639 ρἧα
407 571 828 640 προσονομάσας
856 572 1070 629 ἑαυτόν.

1923 583 2103 651 ipsum
2155 583 2385 637 insidias
2432 584 2815 653 comperisset,
2866 582 3096 637 Romam
3154 598 3213 637 se
3248 585 3504 638 contulit.

220 662 338 715 Alii
372 661 568 717 dicunt
596 660 838 717 Zenonis
906 678 1073 719 suasu
1104 666 1157 721 id
1193 682 1225 721 a
1293 668 1641 727 Theoderico
1679 671 1887 728 factum
1928 673 2120 730 fuisse.
2168 675 2274 741 Qui
2326 684 2583 730 conserto
2638 676 2847 744 pmlio,
2883 691 3007 729 cum
3041 677 3357 731 Odoacrum
3410 692 3510 731 su-

219 762 500 822 perasset,
551 753 783 809 Romam
836 755 940 811 sub
974 766 1305 826 potestatem
1359 778 1515 818 suam
1569 763 1814 835 redegit,
1854 766 2001 836 regis
2032 765 2297 822 duntaxat
2333 767 2561 821 nomine
2583 766 2689 820 sibi
2710 777 3017 834 assumpto.

798 874 1051 928 ΚΕΦΑΛ.
1110 878 1248 931 KH'.
1541 936 1546 940 .

379 967 521 1035 Περὶ
552 968 913 1037 Μαμμιανοῦ
938 1006 953 1029 ,
982 969 1077 1022 καὶ
1106 968 1226 1022 τῶν
1254 971 1445 1039 ἔργων
1465 973 1675 1028 αὐτοῦ.

313 1079 453 1134 Ὑπὸ
472 1081 583 1143 τοῖς
610 1081 821 1150 χρόνοις
847 1080 1116 1150 Ζήνωνος,
1142 1083 1348 1151 ἱστορεῖ
1360 1084 1617 1156 Ἰωάννης
1642 1088 1670 1139 6
1694 1086 1820 1157 Ῥή-

223 1191 348 1245 τωρ
373 1173 707 1243 Μαμμιανδν
750 1172 812 1237 ἐξ
860 1174 1182 1245 ὲπιδιφρίων
1227 1175 1499 1246 ἐπίσημον
1530 1176 1701 1247 ἄνδρα
1729 1194 1822 1246 γε·

226 1265 423 1318 νὲσθαι
445 1304 461 1327 ,
502 1266 599 1319 καὶ
626 1265 726 1333 τῆς
762 1265 1069 1336 συγκλήτου
1116 1266 1312 1337 βουλῆς
1354 1270 1648 1339 μετασχεῖν
1672 1308 1688 1334 ,
1726 1271 1849 1343 καὶ,

228 1358 293 1410 ὲν
332 1357 517 1427 Δάφνῃ
548 1356 629 1427 τῷ
659 1357 970 1429 προαστείῳ
1000 1359 1092 1411 τδν
1152 1359 1489 1429 καλούμενον
1532 1360 1824 1433 ἀντίφορον

231 1449 355 1517 (39)
392 1448 857 1519 οἰκοδομήσασθαι
888 1489 905 1515 ,
940 1449 1136 1522 πρώην
1159 1451 1439 1521 ἀμπέλους
1463 1452 1783 1522 δεδεγμένον
1808 1494 1824 1518 ,

228 1542 335 1594 καὶ
360 1541 498 1611 πρὸς
522 1540 795 1612 γεωργίαν
824 1541 1129 1611 ἐπιτήδειον
1169 1542 1490 1596 καθεστῶτα
1512 1583 1528 1609 ,
1562 1543 1693 1597 εὐθὺ
1732 1542 1827 1596 τοῦ

230 1631 507 1702 δημοσίου
541 1631 828 1701 βαλανείου
865 1648 880 1663 ·
909 1625 970 1686 οὗ
1005 1632 1342 1702 Μαμμιανδς
1381 1633 1411 1685 6
1449 1632 1757 1701 φιλόπολις,
1797 1632 1831 1700 ή

231 1724 421 1796 χαλκῆ
467 1723 757 1779 ἀνάκειται
802 1722 988 1779 εἰκών.
1024 1723 1154 1778 Ἀνὰ
1184 1723 1242 1777 δὲ
1272 1724 1372 1794 τήν
1404 1724 1563 1776 πόλιν
1595 1723 1692 1777 δύο
1725 1722 1827 1794 βα-

234 1816 482 1878 σιλείους
510 1816 850 1887 ἐργάσασθαι
882 1817 1073 1881 στοὰς,
1095 1818 1163 1888 τῇ
1192 1833 1251 1868 τε
1283 1814 1566 1886 οίκοδομίᾳ
1598 1814 1721 1869 λίαν
1743 1816 1833 1868 εὑ-

233 1913 501 1981 πρεπεῖς,
528 1910 623 1963 καὶ⁵
648 1911 768 1973 ταῖς
789 1910 855 1962 ὲκ
876 1908 1043 1963 λίθων
1072 1907 1457 1979 περιφανείαις
1473 1924 1533 1960 τε
1560 1908 1654 1960 καὶ
1681 1906 1834 1960 διαυ-

231 2004 427 2072 γείαις
472 2001 896 2072 κεκοσμημένας
933 2018 947 2033 ο
985 2001 1175 2069 ὥσπερ
1198 2000 1258 2054 δέ
1289 2018 1345 2053 τι
1382 1999 1635 2070 μεθόριον
1670 1999 1833 2069 μέσον

233 2095 356 2148 τῶν
382 2094 475 2148 δύο
504 2094 790 2164 βασιλείων
814 2092 1006 2158 στοῶν,
1036 2092 1376 2164 τετράπυλον
1407 2092 1485 2164 (1:)
1509 2093 1831 2161 ἀναστῆσαι,

235 2186 390 2241 κίοσί
422 2203 480 2239 τε
509 2188 605 2239 καὶ
636 2188 703 2256 τῇ
728 2186 794 2239 ὲκ
818 2183 1022 2254 χαλκοῦ
1064 2183 1165 2255 ῦλῃ
1202 2184 1349 2255 μάλα
1383 2183 1613 2252 κομψῶς
1654 2186 1835 2254 ἠσκηο

240 2280 436 2352 μένον.
466 2278 578 2332 Καὶ
602 2278 701 2343 τὰς
735 2279 834 2349 μὲν
868 2276 1180 2349 βασιλείους
1204 2275 1621 2347 κατειλήφαμεν
1650 2275 1836 2343 στοὰς,

246 2371 398 2442 μετὰ
429 2371 531 2441 τῆς
564 2369 939 2442 προσηγορίας
961 2368 1043 2421 ἔτι
1070 2367 1300 2438 λείψανα
1323 2370 1425 2439 τῆς
1457 2366 1651 2437 πρώην
1675 2366 1837 2420 εὐκο-

240 2462 415 2533 σμίας
468 2462 776 2532 φερούσας,
829 2460 941 2516 τῶν
991 2461 1058 2514 ὲκ
1110 2459 1490 2530 Προκοννήσου
1544 2457 1711 2513 λίθων
1760 2456 1839 2529 τῷ

238 2555 443 2623 ὶδάφει
473 2552 851 2623 συγκειμένων
879 2566 895 2582 ο
918 2551 979 2605 οὐ
1014 2551 1122 2623 μὴν
1148 2549 1249 2622 τὴν
1272 2549 1587 2622 οἰκοδομίαν
1610 2549 1841 2621 ἔχουσάν

239 2665 298 2702 τι
321 2647 435 2699 τῶν
459 2646 768 2715 ἐπισήμων.
816 2644 917 2699 Ἐκ
945 2643 1056 2697 τῶν
1089 2641 1478 2713 γεγενημένων
1516 2640 1627 2714 γὰρ
1659 2640 1840 2710 παθηο

242 2742 446 2811 μάτων
495 2740 726 2811 ἔναγχος
769 2737 872 2810 τὴν
900 2737 1213 2808 οἰκοδομίαν
1245 2735 1494 2800 ἐδέξαντο
1519 2775 1536 2801 ,
1580 2734 1736 2788 οὐδὲν
1784 2736 1844 2798 ἐς

243 2834 459 2901 κόσμον
483 2831 596 2903 (ιο)
633 2830 859 2893 ταύταις
921 2829 1337 2899 προστεθέντος.
1388 2827 1497 2881 Τοῦ
1542 2827 1599 2880 δὲ
1647 2844 1844 2898 τετρα-

243 2921 429 2975 πύλου
461 2920 558 2974 τοῦ
594 2920 700 2973 ὑπὸ
747 2919 1085 2991 Μαμμιανοῦ
1121 2918 1493 2990 γεγενημένου
1538 2918 1660 2971 οὐδὲ
1688 2916 1844 2987 ψιλὸν

245 3016 404 3084 ῐχνος
436 3012 874 3083 κατειλήφαμεν.

837 3187 1091 3241 ΚΕΦᾹΛ.
1124 3183 1255 3242 ΚΘ¹.

246 3282 407 3351 Περὶ
456 3279 570 3350 τῆς
615 3279 910 3349 τελευτῆς
954 3281 1255 3345 Ζήνωνος,
1282 3280 1394 3351 καὶ
1437 3276 1551 3346 τῆς
1579 3274 1848 3345 ἀναρῤή-

722 3366 881 3418 σεως
952 3350 1386 3406 ’Δναστασίου.

331 3466 446 3523 Τοῦ
497 3468 745 3538 Ζήνωνος
802 3465 879 3537 (y)
917 3466 1102 3519 τοίνυν
1150 3464 1382 3526 ἄπαιδος
1425 3461 1853 3531 τελευτήσαντος

253 3560 563 3633 ἓπιληψίας
594 3559 739 3630 νόσῳ
791 3556 930 3629 μετὰ
960 3556 1192 3627 ἕϐδομον
1222 3556 1318 3609 καὶ
1348 3555 1574 3608 δέκατον
1604 3552 1723 3615 ἔτος
1753 3552 1856 3621 τῆς

254 3653 431 3710 αὐτοῦ
473 3650 771 3723 βασιλείας,
802 3650 1001 3721 ἧλπισε
1026 3650 1124 3719 μὲν
1148 3649 1413 3716 Λογγῖνος
1434 3648 1462 3700 6
1480 3644 1673 3699 τούτου
1701 3645 1859 3698 ἀδελ-

255 3746 369 3816 φὸς
401 3745 461 3807 ἐς
484 3744 629 3814 μέγα
660 3742 944 3813 δυνάμεως
968 3737 1436 3811 προκεχωρηκὼς,
1458 3737 1559 3807 τὴν
1578 3735 1858 3807 βασιλείαν

256 3837 446 3910 ἑαυτῷ
481 3836 800 3908 περιθήσειν
848 3852 862 3864 ·
894 3833 956 3887 οὑ
995 3834 1103 3904 μὴν
1132 3832 1242 3884 τῶν
1270 3830 1609 3901 δοκηθέντων
1647 3830 1856 3898 ἔτυχεν.

268 3934 344 3986 Ἠ
369 3932 479 4002 γὰρ
519 3930 774 4002 ’Δριάδνη
826 3926 1167 3995 Ἀναστασίῳ
1193 3924 1285 3977 τὸν
1335 3922 1600 3992 στέφανον
1645 3920 1860 3992 περιτί-

260 4024 451 4093 θησιν,
480 4020 639 4075 οὔπω
671 4022 771 4091 μὲν
802 4022 993 4090 ἥκοντι
1017 4020 1076 4081 ἐς
1095 4014 1413 4087 γερουσίαν,
1440 4017 1497 4068 ὲν
1525 4014 1581 4067 δὲ
1607 4017 1672 4085 τῇ
1705 4013 1864 4082 λεγο-

264 4114 414 4185 μένῃ
472 4111 584 4165 τῶν
638 4109 1027 4181 Σιλεντιαρίων
1060 4106 1225 4177 σχολῇ
1279 4106 1353 4178 (z)
1409 4104 1860 4175 καταλεγομένῳ.

2504 880 2657 936 CAP.
2697 881 2935 935 XXVIII.

1999 972 2075 1026 De
2095 972 2443 1039 Mammiano,
2480 982 2531 1029 et
2564 975 2627 1026 de
2653 975 2895 1044 operibus
2919 975 2983 1027 ab
3016 991 3075 1027 eo
3098 977 3434 1028 constructis.

1998 1085 2259 1156 Ejusdem
2280 1086 2519 1142 Zenonis
2548 1088 2864 1158 principatu
2896 1089 3288 1142 Mammianum
3313 1104 3511 1158 quem-

1929 1178 2053 1233 dam
2088 1178 2289 1233 vixisse
2314 1180 2508 1233 scribit
2526 1180 2767 1235 Joannes
2789 1181 3004 1244 rhetor,
3027 1182 3122 1250 qui
3142 1197 3210 1235 ex
3230 1181 3512 1235 sellulario

1930 1269 2128 1340 opiﬁce
2157 1270 2244 1324 vir
2277 1270 2509 1341 insignis
2551 1272 2814 1336 evaserit,
2845 1279 2901 1325 et
2934 1272 3002 1327 ad
3032 1274 3374 1327 senatorium
3418 1289 3512 1326 or-

1931 1362 2117 1417 dinem
2166 1362 2505 1431 pervenerit.
2550 1362 2634 1417 Ab
2670 1364 2774 1419 hoc
2822 1364 3175 1429 Mammiano,
3228 1365 3305 1418 ait
3345 1364 3513 1419 Joan-

1930 1469 2053 1516 nes,
2099 1454 2155 1507 in
2186 1454 2502 1523 Daphnensi
2552 1454 2778 1523 quidem
2820 1456 3145 1511 suburbano
3185 1456 3515 1510 aedificatum

1932 1560 2055 1600 esse
2112 1546 2433 1609 antiforum,
2492 1545 2607 1615 qui-
2640 1547 2796 1603 locus
2850 1547 3007 1617 prius
3063 1548 3211 1603 vites
3243 1548 3518 1602 habuerat

1929 1646 1985 1692 et
2012 1652 2161 1699 arva,
2208 1653 2240 1692 e
2278 1638 2503 1708 regione
2542 1638 2725 1693 balnei
2773 1639 3014 1709 publici;
3066 1640 3121 1693 in
3171 1655 3285 1709 quo
3339 1646 3519 1694 statua

1931 1741 2081 1781 aenea
2109 1727 2286 1795 posita
2312 1734 2399 1782 est
2426 1742 2551 1781 cum
2584 1727 2690 1781 hac
2712 1728 3076 1799 inscriptione
3107 1747 3121 1783 :
3150 1729 3516 1783 Mammianus

1935 1825 2151 1871 amator
2192 1818 2370 1872 urbis.
2420 1818 2481 1873 lu
2527 1820 2666 1873 urbe
2708 1835 2843 1873 vero
2873 1819 3012 1875 duas
3058 1822 3241 1891 regias
3270 1823 3523 1889 porticus

1935 1910 2004 1963 ab
2039 1909 2235 1964 eodem
2265 1919 2505 1965 structas
2539 1926 2660 1965 esse
2692 1911 2888 1976 refert,
2915 1920 3031 1966 tum
3075 1912 3323 1969 fabrica
3351 1930 3523 1968 venu-

1936 2010 2077 2057 state
2129 2002 2395 2073 insignes,
2442 2013 2559 2058 tum
2600 2004 2849 2074 lapidum
2883 2004 3179 2074 splendore
3217 2020 3283 2059 ac
3344 2006 3525 2059 nitore

1937 2094 2246 2149 decoratas.
2282 2094 2432 2148 Inter
2457 2093 2597 2149 duas
2623 2106 2808 2149 autem
2841 2096 3112 2165 porticus,
3152 2097 3309 2165 quasi
3351 2096 3525 2150 conﬁ-

1936 2186 2093 2239 nium
2132 2185 2413 2254 quoddam
2442 2185 2513 2241 ab
2552 2201 2620 2241 eo
2650 2186 2983 2241 aedificatum
3014 2203 3137 2243 esse
3172 2187 3526 2257 tetrapylum,

1938 2275 2215 2330 columnis
2240 2282 2298 2330 et
2330 2291 2441 2330 aere
2469 2275 2769 2331 admodum
2795 2277 3082 2349 eleganter
3109 2278 3416 2333 excultum.
3450 2276 3521 2330 Et

1940 2368 2089 2438 ipsas
2119 2369 2345 2438 quidem
2373 2370 2553 2440 regias
2576 2370 2823 2439 porticus
2844 2370 3109 2437 vidimus,
3144 2386 3268 2440 quae
3320 2376 3379 2424 et
3426 2384 3529 2423 nov

1941 2475 2068 2515 men
2094 2460 2391 2530 pristinum
2420 2469 2477 2514 et
2500 2462 2767 2530 reliquias
2790 2462 2994 2515 vetusti
3013 2461 3326 2531 splendoris
3348 2459 3532 2514 adhuc

1941 2560 2185 2618 servant,
2221 2567 2347 2607 cum
2399 2554 2577 2607 solum
2607 2569 2798 2608 earum
2831 2553 3209 2607 Proconnesio
3253 2566 3533 2606 marmore

1942 2653 2179 2699 stratum
2236 2646 2327 2700 sit.
2378 2645 2615 2714 Reliqua
2664 2661 2802 2699 vero
2851 2652 3129 2700 structura
3180 2644 3320 2698 nihil
3366 2643 3535 2697 habet

1943 2736 2233 2791 eximium.
2280 2735 2417 2789 Nam
2463 2743 2593 2805 post
2645 2735 2960 2804 superiores
3001 2734 3213 2797 ruinas,
3244 2747 3424 2802 nuper
3448 2731 3535 2785 in-

1944 2835 2204 2882 stauratae
2229 2835 2381 2891 sunt,
2414 2828 2565 2882 nulla
2600 2843 2661 2882 re
2689 2828 2757 2881 ad
2786 2842 2981 2881 earum
3012 2834 3405 2879 ornamentum
3441 2824 3537 2877 ad-

1940 2916 2106 2986 jecta.
2168 2916 2445 2986 Tetrapyli
2519 2931 2652 2971 vero
2722 2917 2843 2985 ejus
2906 2915 3052 2985 quod
3118 2931 3148 2968 a
3207 2914 3538 2968 Mammiano

1948 3016 2330 3063 constructum
2378 3016 2484 3073 est,
2534 3025 2604 3063 ne
2642 3008 2939 3080 vestigium
2969 3007 3195 3078 quidem
3228 3006 3542 3078 deprehen-

1870 3118 1914 3175 ο
1948 3096 2153 3153 dimus.

2549 3190 2702 3246 CAP.
2746 3189 2942 3245 XXIX.

1945 3279 2023 3334 De
2049 3279 2279 3334 Zenonis
2322 3280 2489 3346 obitu,
2524 3290 2572 3334 et
2618 3282 2682 3335 de
2706 3282 2984 3363 Anastasii
3029 3281 3371 3352 imperatoris
3405 3296 3543 3334 nun-

2578 3361 2890 3421 cupatioue.

2022 3461 2295 3517 Caeterum
2320 3478 2446 3518 cum
2476 3464 2626 3518 Zeno
2656 3473 2783 3534 post
2803 3465 3101 3535 septimum
3126 3464 3407 3519 decimum
3433 3464 3539 3518 im-

1960 3554 2099 3623 perii
2129 3554 2213 3608 sui
2237 3570 2465 3621 annum,
2494 3571 2561 3610 ex
2592 3556 2857 3611 comitiali
2887 3558 3085 3612 morbo
3114 3558 3324 3627 absque
3353 3557 3547 3611 liberis

1964 3643 2321 3709 decessisset,
2341 3643 2625 3715 Longinus
2655 3646 2903 3714 quidem,
2946 3648 3066 3718 ejus
3100 3648 3291 3713 frater,
3334 3647 3429 3717 qui
3478 3647 3548 3701 ad

1962 3751 2215 3806 magnam
2238 3739 2543 3806 potentiam
2559 3748 2908 3806 pervenerat,
2929 3739 2987 3793 in
3005 3755 3160 3809 spem
3185 3738 3339 3794 venit
3362 3738 3550 3809 360‘

1963 3844 2023 3883 se
2054 3828 2350 3897 imperium
2389 3828 2550 3883 facile
2578 3838 2984 3899 occupaturum
3015 3846 3161 3885 esse.
3208 3829 3315 3885 Sed
3364 3840 3552 3884 tamen

1966 3921 2083 3974 voti
2112 3919 2199 3975 sui
2238 3920 2668 3991 haudquaquam
2700 3936 2925 3991 compos
2970 3921 3149 3977 factus
3189 3932 3299 3977 est.
3329 3922 3553 3976 Etenim

1970 4012 2214 4067 Ariadne
2244 4028 2507 4067 coronam
2541 4013 2810 4084 imposuit
2838 4014 3153 4079 Anastasio,
3182 4016 3279 4085 qui
3306 4016 3553 4070 nondum

1972 4104 2030 4158 in
2063 4105 2405 4159 senatorium
2432 4104 2685 4161 ordinem
2714 4105 2966 4170 allectus,
3014 4106 3071 4159 in
3120 4104 3556 4162 silentiariorum

1466 4241 1741 4297 VALESII
1795 4240 2363 4297 ANNOTATIONES.

263 4342 958 4404 dicebant'l‘heodericum
986 4340 1227 4393 Zenonis
1267 4337 1503 4392 consilio
1553 4338 1855 4407 impulsum

267 4420 330 4473 in
360 4416 574 4470 Italiam
608 4430 666 4469 se
701 4411 1025 4467 contulisse.
1059 4410 1225 4464 Certe
1265 4408 1322 4461 in
1346 4408 1624 4477 excerptis
1654 4408 1858 4462 veteris

265 4487 547 4549 auctoris,
608 4500 731 4553 quae
766 4483 833 4536 ad
868 4482 1076 4553 calcem
1108 4478 1381 4533 Ammiani
1413 4478 1714 4553 Mar_celliui
1745 4478 1857 4553 jam

266 4557 491 4629 pridem
534 4547 712 4629 edidi,
759 4552 1137 4629 Theodericus
1189 4564 1463 4629 consensu
1508 4547 1850 4629 Zenonisuin

1968 4550 2059 4629 θῦλ
2081 4547 2185 4629 ,τοῦ
2328 4550 2517 4629 tto-uico

264 4618 483 4685 Italiam
508 4624 790 4695 profectus
817 4636 937 4677 esse
976 4622 1200 4695 dicitur.
1232 4619 1502 4695 S_ic._enim_
1527 4619 1638 4695 illic
1663 4618 1864 4695 scribi-

267 4712 415 4756 tur:
452 4688 593 4751 Ζὲηο
646 4708 1053 4763 recompensans
1114 4688 1376 4763 beneﬁciis
1445 4688 1822 4763 Theodericum
1848 4728 1863 4751 ,

268 4785 433 4841 quem
457 4767 575 4836 fecit
601 4757 888 4841 patricium
910 4759 1275 4841 et-'_consulem,
1300 4760 1516 4841 donans
1538 4760 1583 4811 ci
1613 4757 1862 4841 multum,

269 4830 328 4896 ἐι
373 4830 737 4892 ηιίὶιεηεέιιιη
770 4836 839 4888 ad
859 4833 1102 4896 Italiam,
1135 4837 1419 4898 pactuatus
1442 4837 1540 4891 est,
1560 4841 1615 4881 ut
1634 4831 1679 4882 si
1697 4830 1863 4882 victus

271 4912 478 4982 fuisset
519 4906 817 4982 Odoachar,
844 4921 941 4973 pro
995 4902 1184 4982 merito
1220 4898 1465 4953 laborum
1509 4915 1732 4982 suoruni
1754 4899 1865 4982 Ioco

271 4968 419 5053 Ejus,
444 4979 570 5032 dum
611 4968 899 5053 adviveret,
950 4980 1170 5053 tantum
1194 5011 1210 5035 ,
1246 4968 1865 5053 fruregnaret.mlde'rn

272 5037 505 5122 quoque
550 5056 785 5102 testatur
831 5044 1103 5100 Iordanes
1135 5041 1193 5095 in
1239 5037 1455 5104 Geticis,
1479 5048 1536 5093 et
1566 5041 1622 5092 in
1644 5038 1745 5093 lib.
1784 5037 1863 5092 De

270 5122 600 5177 successione
626 5132 932 5187 regnorum:

353 5191 466 5263 (39)
511 5178 878 5256 Ἀντίςρορον.
910 5184 1005 5240 Sic
1048 5181 1260 5239 dictum
1291 5179 1515 5235 videtur
1568 5178 1869 5236 aedificium

1966 4338 2246 4407 quoddam
2276 4338 2424 4408 quod
2457 4335 2746 4408 foriusum
2777 4336 3093 4408 praestabat.
3116 4334 3233 4391 Hoc
3262 4336 3558 4392 aediﬁcium

1965 4406 2044 4462 ait
2073 4406 2341 4479 Evagrius
2369 4408 2541 4462 fuisse
2569 4406 2977 4479 in_s_ubu_rbano
3013 4407 3349 4479 Daphnensi,
3368 4424 3407 4479 7e
3462 4426 3553 4463 re-

1968 4480 2133 4547 gione
2167 4474 2373 4548 p'ublici
2405 4478 2607 4548 balnei.
2638 4476 2694 4548 Id
2726 4474 2874 4548 enim
2895 4474 3237 4548 sonantth
3264 4478 3454 4538 verba,
3481 4481 3564 4531 εὑ-

2587 4544 2919 4617 βαλανε-ίοψ
2984 4546 3268 4617 Musculus
3334 4549 3561 4617 quidem

1969 4617 2097 4670 εὐθύ
2128 4613 2343 4672 vertit".
2373 4618 2535 4671 Recta
2562 4613 2632 4670 ad
2668 4613 2936 4685 publicum
2960 4616 3229 4683 balneum,
3261 4613 3416 4684 Quod
3450 4634 3563 4674 non

1968 4689 2165 4756 probo.
2198 4689 2332 4743 Nam
2369 4688 2499 4740 εὐθύ
2535 4687 2682 4742 idem
2713 4694 2799 4738 est
2822 4687 2971 4754 quod
3008 4688 3384 4751 κατεναντίον,
3418 4698 3560 4744 teste

1969 4758 2158 4813 Suida.
2203 4759 2264 4813 lu
2318 4758 2561 4813 antiforo
2621 4756 2936 4827 aute_m_ait
2998 4758 3266 4827 Evagrius
3315 4769 3562 4813 erectam

1968 4828 2137 4883 fuisse
2166 4837 2404 4885 statuam
2440 4823 2777 4881 Mammiani.
2811 4824 2891 4897 Ex
2934 4844 3046 4897 quo
3079 4823 3309 4897 apparet
3360 4829 3565 4884 antifoo

1966 4913 2087 4969 rum
2131 4899 2301 4954 fuisse
2331 4898 2383 4952 id
2411 4898 2561 4969 quod
2586 4909 2755 4967 supra
2798 4893 2934 4952 dixi.
2953 4893 3326 4954 Nam—statua
3356 4902 3413 4953 in
3440 4899 3564 4953 foro

1967 4968 2105 5038 erigi
2139 4970 2415 5023 solebant.

2045 5037 2374 5111 μολυὺδέν
2401 5039 2466 5103 ἐς
2495 5038 2747 5111 κόσμον.
2774 5040 3064 5111 Assentior
3107 5037 3568 5111 Christophorso-

1972 5126 2046 5165 no
2070 5118 2127 5164 ct
2158 5109 2388 5175 Savilio,
2423 5109 2519 5179 qui
2549 5110 2765 5175 οὐδενός
2798 5110 3187 5166 emendarunt.

1739 5293 2127 5350 VARIORUM.

357 5400 436 5473 (ιτ)
468 5396 872 5473 Τετρᾴπρλον.
909 5392 1219 5473 {Ediﬁpium
1248 5398 1481 5461 quatuor
1534 5390 1701 5473 portis
1751 5406 1877 5473 per.-

274 5461 453 5535 viuni,
478 5461 661 5540 inquit
693 5466 1031 5536 Ducangius,
1066 5463 1121 5516 in
1153 5461 1399 5518 Clossar.
1434 5462 1570 5514 med.
1594 5471 1644 5514 et
1673 5463 1728 5515 in
1772 5461 1875 5530 in].

364 5560 458 5598 ωε.

282 5547 458 5604 (ἔτ-ωε.
1254 5600 1265 5612 .

358 5617 436 5687 (ν)
459 5610 573 5687 T937
605 5607 888 5687 Ζήνωνος
918 5634 984 5645 -
1022 5602 1462 5687 Marcellinusin
1493 5599 1877 5687 Chroniconad.

280 5671 432 5743 anu".
458 5680 556 5735 491
599 5671 733 5748 (quo
778 5687 1035 5732 mortuus
1072 5681 1173 5748 est
1234 5673 1407 5748 leno)
1467 5673 1662 5748 scribit
1693 5690 1705 5724 :
1730 5671 1882 5748 _Zen_a

279 5741 427 5827 Aug.
460 5754 571 5807 vita
594 5741 836 5827 decessit,
863 5758 976 5801 tam
999 5745 1083 5827 sui
1108 5743 1322 5813 imperii
1346 5744 1504 5796 annis
1532 5760 1694 5812 quam
1722 5741 1881 5827 Basi-

288 5812 409 5883 ίὲιὲί
444 5819 747 5897 tyrannidis
774 5816 1096 5889 computatis
1125 5812 1267 5869 anno
1313 5830 1446 5881 xvu,
1482 5830 1657 5869 mense
1683 5829 1759 5869 γι.
1783 5812 1882 5869 Dic

1984 5404 2130 5442 nona
2161 5387 2367 5443 mensis
2400 5388 2607 5458 Aprilis
2635 5386 2957 5458 cmortuali,
2978 5384 3164 5458 inquit
3202 5383 3441 5455 Pagius;
3474 5385 3567 5452 qui

1985 5474 2083 5513 sex
2146 5474 2364 5512 menses
2422 5455 2670 5512 erratum
2739 5473 2861 5511 esse
2925 5455 3283 5510 librariorum
3343 5461 3575 5508 conten-

1987 5530 2069 5583 dit
2090 5545 2191 5597 pro
2226 5528 2403 5582 tribus
2428 5527 2737 5582 mensibus.
2769 5526 3123 5597 Anastasius
3151 5524 3285 5593 imp.
3336 5538 3573 5579 corona-

1992 5594 2193 5653 tus—est
2219 5598 2310 5652 die
2338 5599 2640 5667 undecima,
2665 5598 2913 5667 ejusdem
2952 5594 3181 5664 Aprilis.

2065 5670 2135 5739 (ς.)
2172 5668 2275 5722 Ἑν
2319 5666 2394 5735 τῇ
2424 5663 2723 5739 λεγομένῄ
2753 5666 2872 5720 τῶν
2900 5663 3322 5739 Σινζεντιαρίωγ
3347 5663 3571 5739 σκοτιῇ.

1986 5733 2126 5794 Non
2147 5739 2331 5793 solum
2365 5733 2518 5793 'l'oca'
2546 5733 2643 5791 ubi
2686 5733 2844 5807 pueri
2875 5752 2938 5791 ac
2980 5733 3578 5807 juvenesliberalibus

1993 5808 2195 5866 studiis
2222 5822 2420 5864 vacare
2446 5807 2651 5866 debent
2676 5803 2703 5875 ;“
2728 5806 2827 5864 sed
2851 5816 2909 5863 et
2930 5803 2993 5862 ea
3019 5819 3141 5876 qua:
3170 5803 3239 5859 ad
3263 5803 3370 5857 alia
3414 5818 3580 5859 exer-
