4124 6332
622 369 764 433 2655

1826 378 2019 439 EVAG
2030 377 2144 437 RII
2184 374 2666 437 SCHOLASTICI

3728 377 3873 441 2656
3942 392 3945 393 '

621 479 813 535 schola
857 480 1039 535 adhuc
1077 480 1367 538 militabat.
1409 483 1582 538 Porro
1620 483 1942 539 Eustathius
1983 485 2184 546 scribit,

2310 482 2539 551 Ἱστορεῖ
2574 481 2620 533 δ’
2662 477 2754 535 οὖν
2799 486 2826 536 ὁ
2858 485 3158 547 Εὐστάοιος
3182 526 3197 549 ,
3254 484 3392 553 μετὰ
3424 483 3524 554 τὴν
3567 483 3742 553 ἀρχὴν
3770 485 3877 553 τῆς

617 572 689 623 ab
730 571 957 625 exordio
1002 572 1219 641 imperii
1256 573 1581 628 Diocletiani
1616 574 1684 628 ad
1710 575 1947 631 Zenonis
1982 577 2191 631 obitum

618 670 675 714 ιι
700 663 1173 732 nuncupationem
1198 664 1495 730 Anastasii,
1520 682 1695 721 annos
1728 666 1952 722 ﬂuxisse
1984 676 2191 736 septem

618 766 785 820 supra
818 752 1088 807 ducentos
1114 770 1178 808 :a
1203 755 1515 824 principatu
1546 765 1728 811 autem
1748 756 1998 827 Augusti,
2020 770 2195 810 annos

616 842 949 924 quingentos
977 845 1199 914 triginta
1230 846 1390 909 duos,
1420 862 1483 900 ac
1517 857 1783 916 prmterea
1822 862 2041 902 menses
2070 862 2195 915 sep-

617 941 727 985 tem
755 952 766 985 :
791 934 859 987 ab
897 935 1194 990 Alexandri
1235 945 1416 992 autem
1460 938 1771 994 Macedonis
1806 954 1971 1009 regno
2017 939 2194 991 octin-

616 1033 809 1091 gentos
858 1034 913 1079 et
961 1027 1186 1095 triginta
1232 1028 1392 1091 duos,
1440 1030 1695 1083 similiter
1751 1045 1875 1085 cum
1910 1030 2192 1083 mensibus

615 1123 915 1181 septcmza
948 1114 1322 1172 Romanorum
1366 1127 1421 1173 et
1463 1120 1684 1174 Reliiuli
1725 1134 1911 1189 regno,
1948 1118 2094 1173 mille
2135 1129 2191 1172 et

613 1206 1011 1277 quinquaginta
1042 1210 1205 1273 duos,
1254 1225 1317 1263 ac
1358 1220 1620 1280 praeterea
1669 1226 1885 1265 menses
1934 1220 2184 1278 septem:

612 1316 642 1353 a
672 1300 849 1372 Trojze
874 1304 1116 1374 denique
1142 1307 1572 1375 expugnatione,
1597 1320 1770 1359 annos
1795 1305 1941 1358 mille
1964 1319 2190 1358 sexcen-

614 1402 699 1446 tos
724 1394 1001 1462 octoginta
1038 1410 1153 1459 sex,
1182 1410 1307 1448 cum
1341 1396 1624 1449 mensibus
1646 1404 1879 1463 septem.
1913 1394 2012 1447 llic
2044 1394 2190 1447 Ana-

609 1484 811 1538 stasius
838 1494 993 1539 ortus
1022 1502 1087 1540 ex
1130 1488 1269 1541 urbe
1298 1488 1602 1557 Epidamno
1632 1504 1752 1556 quae
1778 1503 1926 1541 nunc
1960 1488 2188 1557 Dyma--

609 1574 796 1629 chium
834 1575 1062 1641 dicitur,
1103 1578 1393 1649 imperium
1421 1580 1584 1633 simul
1613 1588 1670 1633 et
1696 1594 1920 1634 uxorem
1948 1579 2187 1633 Zenonis

608 1663 905 1718 Ariadncm
932 1668 1166 1736 accepit.
1206 1668 1283 1721 Ac
1321 1668 1560 1737 primum
1603 1668 1825 1737 quidem
1876 1668 2184 1739 Longinum

608 1755 846 1811 Zenonis
871 1758 1115 1823 fratrem,
1150 1760 1243 1829 qui
1276 1761 1522 1830 magistri
1579 1760 1899 1830 dignitatem
1937 1761 2181 1829 gerebat,

2293 572 2678 639 Διοκλητιανοῦ
2707 574 2985 643 βασιλείας
3017 579 3073 639 ἐς
3099 575 3198 647 τὴν
3228 578 3471 645 Ζήνωνος
3495 576 3754 645 τελευτὴν
3775 577 3878 628 καὶ

2292 664 2392 730 τὴν
2414 664 2718 733 ἀνάρρησιν
2762 665 3119 719 Ἀναστασίου
3143 705 3159 730 ,
3192 666 3286 734 ἔτη
3328 665 3558 717 διελθεῖν
3590 666 3728 717 ἑπτά
3775 665 3877 716 καὶ

2296 754 2551 807 διακόσια
2583 770 2598 784 ο
2633 755 2741 807 ἀπὸ
2770 756 2827 807 δὲ
2853 756 2956 824 τῆς
2985 758 3293 824 Αὐγούστου
3314 756 3631 825 μοναρχίας,
3664 757 3753 824 ἔτη
3780 756 3878 808 δύο

2294 846 2386 897 καὶ
2412 845 2481 903 λ’,
2513 846 2608 899 καὶ
2639 847 2973 901 πεντακόσια
3006 849 3140 919 πρὸς
3168 850 3330 919 μησὶν
3357 847 3653 900 ἑπτά-άπὸ
3684 849 3739 900 δὲ
3771 848 3876 917 τῆς
3918 911 3927 914 _

2306 935 2657 1006 Ἀλεξάνδρου
2687 936 2779 988 τοῦ
2800 938 3107 1001 Μακεδόνος
3130 938 3326 1007 ἀρχῆς,
3358 936 3451 1007 ἐτη
3478 936 3571 989 δύο
3599 938 3690 990 καὶ
3715 936 3874 1006 τριά-

2292 1044 2477 1092 κοντα,
2539 1029 2631 1081 καί
2670 1030 2996 1093 ὀκτακόσια,
3032 1029 3233 1098 ὁμοίως
3284 1029 3419 1097 πρὸς
3470 1032 3636 1099 μησὶν
3680 1029 3821 1082 ἑπτά
3857 1046 3870 1058 ·

2292 1121 2356 1172 ὲκ
2392 1119 2447 1172 δὲ
2480 1120 2577 1185 τῆς
2606 1119 2716 1173 τῶν
2763 1121 3056 1188 Ῥωμαίων
3099 1123 3195 1174 καὶ
3235 1120 3514 1190 Ῥωμύλου
3554 1120 3833 1190 βασιλείας
3858 1162 3873 1185 ,

2290 1210 2383 1281 ἔτη
2408 1212 2502 1265 δύο
2529 1214 2621 1265 καὶ
2648 1213 2988 1281 πεντήκοντα
3020 1214 3116 1267 καὶ
3151 1213 3295 1283 χίλια
3314 1214 3408 1265 καὶ
3443 1213 3577 1283 πρός
3603 1230 3665 1279 γε
3695 1217 3876 1283 μῆνας

2291 1302 2431 1356 ἑπτά
2463 1319 2477 1333 ’
2503 1303 2612 1355 ἀπὸ
2635 1302 2691 1354 δὲ
2725 1302 2980 1365 ἁλώσεως
3001 1303 3224 1373 Τροίας,
3256 1302 3348 1371 ἐτη
3384 1301 3444 1364 ἓξ
3468 1302 3560 1354 καὶ
3581 1300 3876 1369 ὀγδοήκον·

2288 1413 2378 1456 τα,
2421 1397 2513 1447 καὶ
2539 1395 2798 1458 ἑξακόσια
2829 1395 2921 1447 καὶ
2955 1395 3104 1463 χίλια
3146 1396 3283 1463 πρὸς
3318 1395 3483 1463 μησὶν
3510 1394 3672 1446 ἑπτά.
3700 1388 3877 1455 Οὗτος

2286 1486 2316 1537 ὁ
2352 1486 2698 1548 ’Λναστάσιος
2730 1485 2963 1554 πατρίδα
3011 1485 3109 1553 τὴν
3166 1484 3495 1552 Ἐπίδαμνον
3525 1482 3662 1551 ἔχων
3692 1484 3873 1553 (Δυρι

2290 1576 2477 1647 ράχιον
2506 1576 2600 1629 νῦν
2636 1576 3125 1647 προσηγόρευται),
3174 1576 3277 1645 τήν
3308 1592 3367 1626 τε
3408 1575 3654 1644 Ζήνωνος
3712 1573 3875 1643 βασι-

2287 1667 2436 1720 λείαν
2459 1669 2551 1721 καὶ⁵
2580 1669 2824 1737 γαμετὴν
2849 1668 2941 1719 τοῦ
2973 1665 3135 1719 αὐτοῦ
3172 1667 3417 1735 Ζήνωνος
3449 1666 3547 1732 τὴν
3584 1664 3874 1733 Ἀριάδνην

2288 1758 2635 1821 ὲσοικίζεται.
2668 1760 2775 1810 Καὶ
2804 1757 2998 1827 πρῶτα
3029 1757 3128 1827 μὲν
3159 1759 3423 1824 Λογγῖνον
3450 1756 3697 1824 Ζήνωνος
3720 1754 3876 1806 ἀδελ-

607 1863 771 1915 quem
812 1851 1024 1919 antiqui
1067 1852 1384 1920 praefectum
1421 1852 1723 1907 ciliciorum
1769 1853 1955 1922 palatii
1996 1855 2184 1923 appel-

2290 1847 2387 1915 φὺν
2408 1846 2509 1913 (a),
2543 1848 2641 1916 τὴν
2666 1847 2760 1899 τοῦ
2795 1848 3100 1917 μαγίστρου
3141 1847 3315 1916 ἀρχὴν
3340 1846 3617 1908 διέποντα,
3648 1845 3707 1897 ὃν
3735 1847 3874 1913 ⁴ἡγε-

606 1940 815 2007 labant,
839 1942 892 1994 in
914 1943 1145 2011 patriam
1168 1945 1505 1998 amandavit.
1530 1946 1714 2000 Multis
1740 1945 1869 2000 item
1896 1946 2017 1998 aliis
2037 1946 2185 1999 Isau-

605 2033 684 2087 ris
718 2036 811 2103 qui
844 2036 898 2088 id
929 2036 998 2090 ab
1048 2035 1167 2106 ipso
1201 2037 1503 2106 petierant,
1533 2039 1599 2091 ad
1634 2053 1765 2092 suos
1796 2037 2061 2091 redeundi
2090 2052 2184 2092 co-

604 2125 751 2195 piam
788 2127 937 2182 fecit.

1223 2242 1377 2297 CAP.
1410 2242 1579 2297 XXX.

604 2330 689 2405 De?
733 2332 1021 2405 Anastasio
1053 2338 1376 2405 imperatore
1411 2350 1427 2388 :
1461 2344 1509 2386 et
1558 2335 1835 2403 quomodo,
1898 2350 2016 2386 cum
2054 2333 2185 2405 nihil

673 2404 729 2455 in
758 2404 1106 2458 ecclesiastico
1134 2404 1279 2458 statu
1314 2406 1560 2457 innovari
1599 2407 1817 2465 sineret,
1862 2406 2016 2456 totius
2046 2404 2182 2456 orbis

676 2472 925 2544 Ecclesiae
952 2477 1244 2527 innumeris
1280 2475 1761 2544 perturbatimiibus
1793 2474 2005 2541 repleta:
2036 2482 2180 2538 sunt,

674 2542 929 2614 multique
960 2546 1184 2615 episcopi
1209 2542 1323 2598 eam
1354 2545 1413 2598 ob
1436 2562 1655 2597 causam
1686 2544 1913 2614 expulsi.

673 2798 823 2853 Idem
857 2815 1024 2869 porro
1050 2800 1392 2863 Anastasius,
1422 2810 1611 2869 utpote
1650 2801 1801 2869 pacis
1842 2799 2183 2853 studiosissi-

604 2903 748 2953 mus,
780 2889 916 2942 nihil
946 2890 1175 2942 omnino
1206 2890 1453 2943 innovari
1487 2889 1682 2951 voluit,
1733 2890 2005 2959 praecipue
2054 2905 2182 2944 vero

605 2976 659 3029 in
702 2977 961 3031 Ecclesia:
1007 2987 1191 3042 statu;
1246 2979 1534 3049 modisque
1568 2981 1828 3033 omnibus
1855 2980 2179 3043 elaboravit,

604 3080 667 3123 ut
698 3079 754 3123 et
793 3072 1153 3125 sanctissima:
1186 3070 1446 3125 Ecclesia:
1477 3072 1685 3139 absque
1727 3072 1835 3123 ulla
1891 3070 2182 3138 perturba-

2294 1938 2431 2008 μόνα
2470 1939 2580 1992 τῶν
2608 1941 2684 1997 ,ἐν
2732 1943 2798 2009 τῇ
2834 1940 2970 2009 αὐλῇ
3000 1940 3209 2005 τάξεων
3241 1940 3291 1991 οἱ
3333 1936 3568 2007 πρόσθεν
3616 1938 3870 2000 ἐκάλουν,

2284 2027 2386 2080 ἀνὰ
2419 2029 2515 2097 τὴν
2547 2030 2918 2098 ἑνεγκαμένην
2952 2032 3249 2097 ἐκπέμπει,
3286 2025 3408 2081 εἶτα
3433 2028 3489 2080 δὲ
3520 2027 3614 2080 καλ⁵
3642 2029 3874 2091 πολλοὺς

2284 2118 2503 2188 ἐτέρους
2546 2118 2841 2189 Ίσαύρους,
2875 2120 3038 2173 τοῦτο
3067 2121 3227 2190 δῆθεν
3256 2121 3617 2188 αἰτήσαντας.

2826 2234 2827 2237 “
2888 2234 3143 2287 ΚΕΦΔΛ.
3182 2236 3259 2287 Λ’.

2284 2322 2423 2389 Περὶ
2464 2322 2873 2378 ’Λντιστασίου
2910 2325 3016 2378 τοῦ
3048 2324 3360 2389 ,ϐασιλέως
3385 2364 3397 2377 .
3430 2322 3525 2376 καὶ
3556 2325 3637 2386 ὡς
3667 2323 3767 2375 διὰ
3801 2323 3872 2375 τὸ

2348 2391 2436 2460 μὴ
2460 2393 2795 2456 βούλεσθαι
2831 2394 3043 2447 τοῦτον
3078 2394 3453 2460 καινοτομεῖν
3492 2411 3545 2445 τι
3589 2395 3724 2459 περὶ
3755 2393 3875 2457 τὴν

2354 2464 2882 2528 ἐκκλησιιιστικὴν
2911 2468 3308 2523 κατάστασιν,
3341 2464 3571 2530 μυρίων
3596 2464 3875 2531 ταραχῶν

2353 2534 2412 2585 αἱ
2436 2533 2552 2584 ἀνὰ
2576 2533 2689 2598 τὴν
2706 2533 3065 2601 οἰκουμένην
3101 2535 3447 2595 Ἑκκλησιάι
3470 2533 3855 2599 ἐνεπλήσθη-

2356 2617 2521 2653 σαν⁸
2554 2604 2777 2655 πολλοί
2834 2620 2896 2656 τε
2958 2603 3079 2656 τῶν
3134 2603 3486 2656 ἐπισκόπων
3540 2602 3637 2655 διὰ
3690 2604 3873 2657 τοῦτο

2356 2672 2797 2740 ἐξεϐλήθησαν.

2357 2779 2527 2846 Οὗτος
2549 2786 2576 2836 ὁ
2612 2783 2969 2848 ’Λναστάσιος
3012 2786 3289 2856 εἶρηναῖὁς
3321 2803 3406 2848 τις
3434 2785 3509 2839 ὢν
3535 2785 3645 2855 (ιι)
3676 2826 3690 2845 ,
3718 2785 3875 2838 οὐδὲν

2284 2876 2727 2944 καινουργεϊσοαι
2789 2876 3067 2939 παντελῶς
3150 2877 3449 2946 ἠϐούλετο,
3503 2877 3874 2947 διασερόντως

2284 2969 2410 3037 περὶ
2444 2968 2541 3037 τὴν
2571 2969 3034 3038 ἐκκλησιαστικὴν
3082 2970 3440 3022 κατάστασιν.
3476 2970 3582 3020 Καὶ
3604 2968 3693 3021 διά
3732 2987 3875 3022 παν-

2283 3060 2374 3120 τὸς
2413 3059 2499 3129 ᾔει
2522 3058 2750 3127 τρόπου,
2783 3060 2881 3121 τάς
2917 3076 2976 3111 τε
3009 3060 3323 3126 ἁγιωτάτας
3373 3060 3700 3129 Ἐκκλησίας
3732 3062 3875 3112 ἀτα-

605 3163 755 3216 tione
782 3172 1153 3225 remanerent,
1183 3171 1239 3217 et
1262 3164 1446 3215 cuncti
1481 3163 1575 3232 qui
1612 3163 1786 3232 ipsius
1824 3164 2055 3231 imperio
2085 3179 2179 3231 pa-

2290 3152 2485 3221 ράχους
2517 3154 2717 3219 μεῖναι,
2752 3151 2897 3204 ἆπαν
2926 3168 2986 3203 τε
3020 3153 3080 3203 τὸ
3110 3152 3347 3221 ὑπήκοον
3382 3151 3602 3220 βαθείας
3629 3152 3877 3221 γαλήνης

604 3256 821 3317 rebant,
876 3254 1138 3309 altissima
1186 3269 1317 3323 pace
1373 3254 1712 3315 fruerentur,
1757 3255 1905 3307 οιιιιιὶ
1950 3254 2063 3307 rixa
2124 3262 2182 3307 et

602 3344 979 3405 contentione,
1030 3353 1145 3397 tum
1184 3343 1252 3396 ab
1292 3343 1553 3397 Ecclesia:
1585 3353 1752 3407 statu,
1800 3353 1913 3397 tum
1954 3360 1983 3395 a
2016 3342 2182 3397 rebus

603 3434 837 3506 publicis
876 3435 1065 3503 procul
1112 3434 1425 3488 amandata.
1462 3435 1528 3488 Et
1565 3434 2031 3489 Chalcedonensis
2055 3435 2179 3503 qui-

600 3527 727 3580 dem
763 3525 1006 3596 synodus
1036 3526 1104 3579 iis
1132 3526 1491 3594 temporibus,
1526 3542 1628 3579 nec
1651 3526 1805 3595 361
1834 3526 2007 3593 palam
2038 3541 2178 3594 pra:-

601 3620 890 3675 dicabatur
919 3621 972 3674 in
998 3621 1362 3675 sanctissimis
1397 3620 1678 3685 Ecclesiis,
1712 3636 1813 3673 nec
1837 3621 2064 3673 omnino
2096 3635 2179 3673 re-

599 3712 915 3784 jiciebatur.
966 3712 1180 3781 Singuli
1236 3712 1383 3765 enim
1431 3726 1621 3764 earum
1668 3710 1950 3779 prazsides,
2014 3719 2179 3780 prout

605 3800 741 3870 ipsis
772 3798 953 3854 visum
997 3798 1196 3857 fuerat.
1236 3800 1619 3871 agebant.-Et
1654 3800 1903 3855 nonnulli
1951 3800 2175 3869 quidem

2287 3243 2603 3305 ἀπολαύειν,
2629 3245 2810 3314 πάσης
2843 3245 3018 3316 ἔριδος
3048 3248 3143 3299 καὶ
3173 3244 3504 3313 φιλονεικίας
3532 3247 3598 3299 ἐκ
3631 3243 3749 3297 τῶν
3773 3246 3875 3295 ὲκ·-

2289 3334 2693 3403 κλησιαστικῶν
2724 3352 2783 3387 τε
2818 3337 2913 3388 καλ⁵
2933 3336 3227 3389 πολιτικῶν
3256 3336 3599 3405 πραγμάτιον
3624 3332 3876 3387 ἐκποδὼν

2287 3425 2609 3494 γινομένων.
2656 3426 2718 3478 Ἠ
2753 3428 2850 3496 μὲν
2891 3422 2983 3481 οὖν
3030 3428 3089 3481 ὲν
3138 3428 3446 3497 Καλχηδόνι
3493 3426 3712 3489 σύνοδος
3767 3427 3878 3479 ἀνα

2286 3516 2508 3578 τούτους
2534 3518 2657 3579 τοὺς
2692 3518 2935 3588 χρόνους,
2964 3517 3085 3571 οὔτε
3109 3520 3416 3588 ἀναφανδὸν
3461 3521 3520 3571 ὲν
3548 3521 3669 3582 ταῖς
3698 3520 3876 3586 ἁγιω-

2284 3611 2475 3674 τάταις
2512 3610 2867 3675 Ἐκκλησίαις
2892 3612 3246 3681 ὲκηρύττετο,
3272 3610 3395 3665 οὔτε
3423 3612 3529 3681 μὴν
3558 3612 3623 3663 ἐκ
3649 3613 3875 3666 πάντων

2298 3703 2736 3772 ἀπεκηρύττετο.
2777 3706 3037 3757 Ἔκαστοι
3068 3704 3126 3757 δὲ
3171 3704 3279 3755 τῶν
3318 3703 3762 3774 προεδρευόντων
3798 3705 3880 3767 ὡς

2280 3798 2427 3872 εἶχον
2449 3801 2738 3872 νομίσεως,
2764 3801 3166 3871 διεπράττοντο.
3196 3798 3312 3854 Κᾶν
3330 3800 3462 3853 ἔνιοι
3486 3800 3585 3870 μὲν
3616 3799 3730 3871 (42)
3761 3799 3876 3852 τῶν

1803 3950 2081 4006 VALESII
2127 3952 2691 4012 ANNOTATIONES.

677 4068 789 4135 (41)
821 4068 1215 4134 Ἀναστάσιος
1277 4067 1579 4133 simraio'c
1623 4085 1713 4132 τις
1775 4067 1878 4121 ὧν.
1925 4066 2172 4132 Qualiter

602 4138 835 4194 aﬂectus
882 4139 1049 4192 fuerit
1105 4138 1425 4193 Anastasius
1471 4154 1600 4206 erga
1632 4154 1722 4191 res
1750 4138 2171 4203 ecclesiasticas,

602 4218 661 4264 et
684 4224 790 4277 qua
814 4210 1027 4261 ratione
1048 4226 1105 4262 se
1122 4210 1353 4275 gesserit
1375 4211 1429 4261 in
1464 4224 1654 4261 earum
1673 4207 2173 4271 administratione,

606 4280 770 4333 docet
800 4278 1089 4331 Liberatus
1119 4283 1172 4332 in
1205 4278 1498 4339 Breviario,
1534 4293 1654 4347 cap.
1688 4277 1772 4337 18,
1817 4277 1902 4330 his
1948 4277 2133 4332 verbis
2162 4297 2173 4330 :

604 4349 965 4405 Ascenderunt
987 4350 1202 4417 quidam
1228 4361 1274 4401 et
1297 4349 1690 4401 adversantium
1709 4356 1759 4399 et
1783 4349 2179 4400 communican-

606 4422 736 4473 tium
761 4419 806 4471 ei
834 4420 902 4472 ad
929 4419 1289 4472 Anastasium.
1310 4419 1374 4471 Et
1395 4419 1519 4470 dum
1540 4420 1790 4470 haberent
1820 4426 2007 4469 contra
2027 4420 2178 4486 prin-

2279 4070 2418 4139 quod
2446 4070 2492 4122 si
2520 4070 2867 4136 adjectionem
2893 4071 3059 4123 edicto
3110 4070 3327 4137 faceret,
3363 4069 3651 4123 tumultum
3691 4075 3875 4121 move‘

2281 4147 2360 4193 ret
2389 4140 2658 4210 Ecclesitv,
2702 4152 2751 4192 et
2793 4142 3256 4196 anathematizare
3274 4141 3533 4210 synodum
3577 4148 3708 4210 esset
3760 4139 3871 4190 im-

2283 4209 2569 4279 possibile;
2598 4212 2859 4280 persuasit
2908 4212 2980 4262 eis
3040 4211 3274 4278 sufﬁcere
3312 4209 3582 4263 Vunitivum
3616 4209 3870 4280 edictu_m,

2286 4276 2344 4331 ut
2363 4276 2811 4332 communicarent
2840 4276 3131 4333 adinviccm
3170 4280 3288 4343 sibi,
3313 4281 3447 4331 sicut
3482 4289 3530 4332 et
3556 4278 3731 4331 cwteri
3763 4276 3871 4329 Ec-

2287 4351 2571 4402 clesiurum
2607 4351 2851 4418 epismpi.
2887 4350 2949 4401 fit
2978 4367 3094 4403 cum
3124 4366 3229 4402 non
3260 4350 3527 4402 obedirent
3563 4351 3669 4401 hazc
3690 4363 3869 4414 agere,

2289 4419 2423 4472 nihil
2448 4420 2792 4489 impetrantes
2834 4421 3034 4472 dimisit
3112 4419 3191 4472 Ex
3218 4420 3423 4487 quibus
3454 4418 3607 4472 vides
3638 4419 3877 4469 Anasta-

602 4492 769 4555 cipem
786 4492 1167 4543 contentionem
1189 4490 1524 4557 aliisquidem
1542 4488 1945 4559 praponentibus
1962 4465 2186 4540 anrathe-
2219 4465 2263 4521 θ
2292 4492 2435 4542 sium
2479 4465 2866 4558 imperatorem
2902 4489 3141 4542 Zenonis
3163 4465 3407 4543 edictum
3436 4504 3664 4559 prorsus
3703 4501 3869 4559 secu-

605 4562 855 4613 matizari
866 4560 1145 4629 synodum,
1165 4570 1210 4612 et
1226 4562 1299 4612 ita
1316 4561 1732 4621 communicare;
1748 4557 1869 4629 aliis
1884 4574 2002 4611 vero
2020 4575 2185 4626 paca-

605 4632 672 4685 tis
694 4632 747 4683 in
774 4628 967 4683 unitivo
985 4631 1151 4682 edicto
1184 4630 1345 4697 adjici
1368 4645 1428 4681 ea
1454 4645 1570 4698 qua:
1598 4628 1964 4696 satisfacerent
1990 4630 2069 4681 his
2093 4630 2181 4695 qui

604 4702 1122 4756 communicaverunt
1173 4699 1372 4765 Petro;
1425 4699 1764 4752 considerans
1834 4699 2129 4768 imperator
2162 4739 2177 4762 ,

2297 4568 2410 4613 tum
2466 4556 2609 4623 esse,
2650 4574 2751 4613 nec
2797 4570 3062 4629 praetcrea
3111 4556 3719 4629 quidquam'innovari
3767 4572 3867 4609 vo-

2292 4628 2630 4769 ]ulisﬁe).Kdr
2653 4699 2804 4753 ἔνιοι
2827 4698 2966 4768 μέν.
2998 4697 3366 4755 Scribendum
3399 4707 3485 4753 est
3514 4699 3611 4751 καὶ
3641 4697 3795 4750 ἔνιοι.

2049 4831 2435 4889 VARIORUM.

607 4952 741 5008 cilia
793 4950 1066 5004 destinata
1115 4958 1263 5011 sunt,
1289 4950 1420 5004 item
1476 4952 1540 5005 ad
1576 4952 1751 5007 ollicia
1780 4967 1842 5006 ac
1879 4953 2189 5007 ministeria

607 5021 895 5095 principis,
925 5019 1115 5095 schola:
1162 5023 1651 5095 vocanturziunde
1705 5024 1759 5095 in
1817 5023 1943 5095 Cod.
1996 5023 2187 5077 schola

604 5090 874 5161 equitum,
923 5090 1193 5159 peditum,
1252 5092 1669 5146 scriniariorum
1714 5092 2184 5157 domesticorum,

606 5163 1065 5223 silentiariorum,
1118 5176 1398 5214 sacrarum
1454 5163 1825 5231 largitionum,
1864 5172 1971 5216 etc.
1996 5163 2071 5215 De
2102 5162 2186 5216 Si-

606 5232 881 5289 lentiariis
938 5232 1155 5302 egimus
1210 5232 1358 5285 uotis
1410 5234 1475 5287 ad
1534 5249 1656 5303 cap.
1689 5233 1774 5298 l0,
1803 5234 1903 5287 lib.
1939 5248 1997 5285 ιιι
2047 5231 2187 5287 Eva-

644 5322 731 5358 I'Il.

608 5321 760 5443 μ’(ιά)
798 5370 1119 5443 ,Λογγῖνον
1179 5371 1459 5443 Ζήνωνος
1525 5372 1815 5438 ἀδελφόν.
1876 5371 2185 5443 Confundit

609 5436 880 5513 Euagrius
916 5436 1218 5513 Longinum
1249 5436 1572 5512 magistrum
1599 5436 1835 5498 militum
1861 5458 1987 5496 cum
2034 5442 2184 5497 Lon-

611 5511 745 5585 gino
791 5511 1030 5567 Zenonis
1076 5511 1250 5585 iratre
1280 5530 1301 5585 _:
1330 5511 1425 5585 qui
1465 5522 1645 5568 tamen
1683 5513 1887 5567 diversi
1920 5522 2099 5585 erant,
2131 5520 2191 5567 ut

613 5582 842 5655 apparet
871 5594 1081 5655 tam_ex
1097 5582 1328 5655 historia
1351 5584 1427 5655 rei
1444 5594 1630 5655 gestae,
1654 5600 1827 5655 quam
1848 5584 2182 5655 auctoritate

614 5652 839 5709 Zonaras!
881 5662 935 5707 et
985 5652 1361 5720 Theophanis.
1396 5652 1685 5709 Pesterior’
1704 5655 1783 5708 ait
1817 5653 1871 5706 in
1905 5652 2185 5718 Chronico,

618 5741 745 5779 ann.
779 5723 1082 5795 484,juxta
1135 5722 1556 5795 Alexandrinos,
1590 5725 1645 5778 id
1700 5734 1805 5787 est,
1837 5723 2006 5795 AaC.
2058 5725 2186 5784 491,

620 5793 939 5867 Longinum
996 5793 1238 5849 Zenonis
1285 5793 1532 5860 fratrem,
1569 5803 1788 5866 propter
1838 5793 2184 5859 seditionem,

2297 4952 2543 5023 exsulem
2566 4952 2635 5006 ab
2662 4952 2951 5007 Anastasio
2978 4951 3361 5013 Alexandriam
3402 4951 3655 5016 missum,
3684 4952 3877 5023 ibique

2296 5022 2682 5093 presbyterum
2725 5024 3040 5075 ordinatum
3080 5022 3415 5091 :septennio
3468 5031 3613 5091 post.
3640 5022 3874 5078 mortem

2294 5092 2521 5147 abiisse.
2540 5093 2780 5146 Proinde
2798 5094 3041 5162 nequein
3063 5094 3291 5163 patriam
3314 5093 3482 5146 fuisse
3494 5092 3874 5162 amandatum,

2293 5178 2476 5234 neque
2528 5163 2759 5234 posthac
2804 5164 3076 5218 tumultus
3130 5163 3373 5234 excitare
3426 5163 3692 5231 potuisse.
3729 5164 3870 5234 Ergo

2295 5232 2437 5287 alius
2459 5242 2577 5304 erat
2607 5233 2892 5302 Longinus
2922 5234 3182 5303 magister
3204 5233 3463 5304 militum,
3500 5247 3665 5304 quem
3698 5232 3874 5304 magi-

2294 5312 2472 5357 stratu
2530 5303 2816 5373 abrogavit
2845 5303 3189 5365 Anastasius,
3215 5311 3270 5356 et
3324 5303 3380 5356 in
3412 5303 3647 5371 patriam
3679 5303 3874 5358 aman-

2291 5373 2465 5437 davit,
2522 5373 2614 5426 ubi
2672 5384 2858 5443 postea
2898 5374 3163 5428 adversus
3224 5373 3612 5441 imperatorem
3667 5373 3875 5443 bellum

2296 5444 2559 5510 suscepit,
2598 5440 2890 5498 uti’narrat
2922 5443 3209 5513 Evagrius,
3233 5443 3399 5503 infra,
3433 5458 3551 5509 cap.
3580 5442 3669 5496 35.
3695 5440 3880 5498 Erant

2295 5516 2522 5568 omnino
2585 5522 2712 5584 tres
2756 5513 3018 5584 Longini,
3044 5512 3189 5567 unus
3228 5512 3486 5584 Zenonis
3513 5512 3708 5584 frater,
3737 5514 3880 5569 alter

2295 5584 2557 5653 magister
2605 5582 3099 5645 militum,'tertius
3131 5582 3497 5645 Selinuntius,
3526 5582 3597 5636 ab
3644 5584 3878 5653 Evagrio

2294 5654 2350 5707 in
2374 5652 2571 5709 eodem
2604 5654 2785 5723 capite
2813 5663 3173 5724 memoratus.
3197 5653 3333 5709 Vide
3365 5653 3591 5724 Pagium
3626 5652 3695 5708 ad
3739 5652 3874 5709 ann.

2296 5724 2420 5790 498,
2455 5741 2513 5780 n.
2538 5726 2595 5789 '5,
2626 5726 2679 5789 4,
2717 5725 2771 5779 5.
2800 5724 2889 5777 ιν.
2921 5723 3137 5779 Lowru.
