4124 6332
235 390 304 453 2C
312 391 376 453 57

1164 384 1549 445 ΗῘΞΤΟΒΙᾸζ
1588 383 2183 446 ECCI.ESIASTIC.’E
2221 379 2452 441 LIBER
2492 378 2606 437 III.

3359 380 3501 443 2658

234 497 657 570 ἑκτεῦειμένων,
686 497 822 566 αὐτῇ
877 496 1023 567 μάλα
1047 498 1310 565 γεννικῶς
1338 498 1650 567 ἀντείχοντο
1674 540 1688 565 ,
1727 501 1821 552 καὶ

1922 513 2137 561 eorum,
2161 504 2358 549 cuncta
2382 510 2504 565 quae
2529 494 2585 547 in
2609 492 2703 547 illo
2728 490 2965 547 concilio
2987 491 3234 562 exposita
3260 492 3501 548 fuerant.

235 589 377 660 πρὸς
407 586 668 656 οὐδεμίαν
702 584 1005 637 ἐνεδίδοσαν
1054 583 1327 655 συλλαϐὴν
1356 584 1463 637 τῶν
1491 584 1819 657 ὁρισθέντων

234 682 370 752 παρ’
412 679 582 746 αὐτῆς
610 719 624 740 ,
655 677 717 730 οὐ
752 676 858 746 μὴν
887 675 1220 746 γράμματος
1250 676 1554 747 ἐναλλαγὴν
1583 676 1816 746 παρεδέ-

236 789 414 842 χοντο.
450 768 611 821 Ἀλλὰ
648 767 743 820 καὶ
775 766 915 836 μετὰ
940 764 1143 835 πολλῆς
1166 758 1469 837 ἀπεπήδων
1486 767 1584 835 τῆς
1606 767 1822 838 παρρη-

235 865 383 925 σίας,
411 863 504 915 καὶ
530 861 808 913 κοινωνεῖν
855 859 1135 923 παντελῶς
1163 860 1262 912 οὐκ
1290 858 1571 929 ἠνείχοντο
1594 864 1707 923 τοῖς
1745 857 1821 929 μὴ

232 956 547 1027 δεχομένοις
581 955 713 1024 παρ’
762 953 933 1023 αὐτῆς
985 956 1057 1006 τὰ
1088 953 1436 1023 ὲκτιθέμενα.
1481 952 1701 1021 Ἐτεροι
1738 952 1817 1017 δὲ,

230 1051 298 1103 οὐ
335 1050 495 1119 μόνον
524 1048 626 1100 οὐκ
651 1046 898 1116 ἐδέχοντο
927 1047 1026 1117 τὴν
1053 1047 1111 1099 ὲν
1137 1046 1441 1115 Καλχηδόνι
1466 1044 1702 1109 σύνοδον,
1725 1046 1821 1099 καὶ

231 1136 303 1187 τὶ
334 1136 465 1205 παρ’
486 1135 654 1202 αὐτῆς
682 1133 991 1204 ὁρισθέντα·
1023 1133 1161 1187 ἀλλὰ
1189 1135 1284 1187 καὶ
1313 1134 1615 1201 Ξιναθέματι
1658 1152 1819 1203 περι-

233 1224 431 1276 έϐαλον
457 1223 627 1293 αὑτήν
670 1239 728 1275 τε
758 1224 853 1277 καὶ
877 1224 967 1277 τὸν
995 1224 1221 1287 Λέοντος
1250 1225 1435 1295 τόμον.
1475 1225 1658 1279 ’Ἄλλοι
1708 1229 1821 1289 τοῖς

247 1313 560 1374 Ἐνωτικοῖς
586 1313 835 1381 Ζήνωνος
862 1312 1264 1382 ὲνισχυρίζοντο
1285 1351 1299 1375 ,
1355 1312 1449 1365 καὶ
1481 1312 1653 1366 ταῦτα
1685 1313 1820 1383 πρὸς

234 1403 505 1471 ἀλλήλους
542 1402 907 1473 διερῤωγὸτες
939 1405 1006 1473 τῇ
1036 1419 1095 1455 τε
1127 1405 1225 1473 μιᾷ
1250 1404 1345 1455 καὶ
1388 1404 1509 1466 ταῖς
1536 1402 1629 1457 δύο
1655 1403 1821 1471 φύσει·

233 1509 343 1546 σιν·
359 1494 408 1546 οί
424 1493 546 1563 μὲν,
560 1496 627 1564 τῇ
641 1492 904 1566 συνθήκῃ(
910 1494 999 1563 ΑΒ)
1012 1493 1120 1546 τῶν
1132 1511 1238 1564 γρα
1248 1494 1476 1563 μμάτων
1496 1493 1818 1556 κλαπέντεςο

231 1585 285 1637 οἱ
316 1583 374 1636 δὲ
402 1623 419 1649 ,
454 1585 550 1637 καὶ
594 1582 733 1654 πρὸς
768 1584 829 1635 τὸ
873 1583 1296 1655 εἰρηνικώτερον
1338 1583 1541 1654 μᾶλλον
1588 1584 1819 1637 ἀποκλί-

231 1692 429 1740 ναντες
455 1691 470 1706 ο
494 1675 571 1739 ὡς
606 1676 786 1740 πάσας
812 1676 913 1740 τὰς
953 1676 1283 1746 Ἐκκλησίας
1324 1680 1383 1741 ἐς
1415 1677 1551 1741 ἰδίας
1585 1680 1821 1748 ἀποκρι-

232 1766 398 1835 θῆναι
443 1764 662 1835 μοίρας,
709 1766 805 1818 καὶ
864 1766 1001 1837 μηδὲ
1061 1769 1342 1822 κθίνωνετν
1395 1767 1645 1836 ἀλλήλοις
1693 1768 1821 1830 τοὺς

230 1856 689 1927 προεδρεύοντας.
718 1857 1002 1911 Ἐντεῦθεν
1038 1858 1266 1912 πλεῖστα
1297 1860 1557 1930 χρήματα
1590 1861 1732 1912 κατά
1760 1876 1820 1911 τε

228 1950 334 2018 τὴν
372 1947 570 2019 Ἕῴαν,
602 1950 708 2003 ἀνά
746 1966 806 2003 τε
840 1951 912 2004 τὰ
941 1950 1204 2022 Ἐσπέρια
1246 1952 1387 2021 μέρη
1418 1952 1513 2004 καὶ
1558 1952 1698 2004 κατὰ
1721 1950 1822 2023 τὴν

226 2040 445 2110 Διϐύην
476 2041 775 2111 ὶτύγχανον
815 2041 967 2107 ὄντα,
993 2042 1119 2096 οὔτε
1151 2043 1260 2097 τῶν
1298 2042 1482 2114 Ἐᾡων
1503 2044 1822 2098 ἐπισκόπων

232 2134 352 2191 τοῖς
398 2130 709 2202 Ἐσπερίοις
733 2131 767 2201 ἦ
791 2133 906 2195 τοῖς
932 2131 1132 2185 Λίῦυσι
1161 2133 1561 2202 σπενδομένων,
1596 2132 1722 2186 οὔτε
1752 2129 1820 2188 αὖ

224 2224 441 2277 τούτων
464 2225 579 2287 τοῖς
610 2222 819 2294 Ἐᾠοις.
849 2224 924 2277 Τὸ
945 2225 1004 2278 δὲ
1030 2224 1219 2295 μεῖζον
1248 2226 1307 2287 ὲς
1339 2225 1573 2278 ἀτοπίαν
1601 2226 1819 2297 προῄει.

230 2317 373 2369 υὺδὲ
432 2318 541 2389 γὰρ
598 2320 783 2387 σφίσιν
832 2320 1019 2383 αὐτοῖς
1066 2319 1389 2375 ἐκοινώνουν
1417 2322 1467 2375 oi
1511 2321 1611 2391 τῆς
1650 2321 1823 2391 Ἐῲας

230 2408 515 2478 πρόεδροι,
558 2410 682 2463 οὐδὲ
720 2409 828 2481 μὴν
856 2411 908 2464 οί
942 2411 1042 2481 τῆς
1074 2409 1350 2483 Εὐρώπης
1380 2410 1414 2483 ἢ
1472 2413 1575 2482 τῆς
1605 2412 1822 2484 Λιϐύης

227 2500 361 2559 τοὺς
396 2499 620 2570 θρόνους
648 2501 959 2569 διέποντες,
1001 2504 1135 2575 μήτι
1162 2521 1226 2573 γε
1260 2505 1324 2575 δὴ
1356 2506 1453 2559 καὶ
1484 2506 1818 2578 ὑπερορίοις.

231 2588 416 2659 "Amp
445 2591 475 2642 ὁ
509 2589 768 2661 βασιλεὺς
794 2592 1151 2655 ’Δναστάσιος
1190 2590 1463 2661 Θεὼμενος
1488 2633 1505 2660 ,
1531 2593 1659 2657 τοὺς
1682 2609 1821 2646 νεω-

227 2679 557 2750 τερίζοντας
583 2680 693 2734 τῶν
715 2682 1035 2736 ἐπισκόπων
1064 2681 1339 2749 ὲξωθεῖτο,
1368 2681 1528 2736 εἷπου
1561 2682 1823 2753 κατειλή-

229 2788 349 2838 φει,
378 2770 413 2841 ἢ
445 2771 597 2842 παρὰ
626 2773 687 2826 τὸ
707 2772 900 2837 εἰωθὸς
924 2776 1039 2837 τοῖς
1067 2774 1254 2837 τόποις
1291 2775 1414 2828 τινὰ
1459 2774 1557 2846 τὴν
1582 2775 1640 2827 ὲν
1672 2774 1822 2829 K11-

231 2860 424 2930 χηδόνι
450 2862 670 2915 σύνοδον
696 2862 1059 2934 κηρύττοντα,
1089 2864 1124 2936 ἦ
1150 2863 1354 2934 ταύτην
1385 2863 1691 2934 ἀναθέματι
1723 2883 1825 2918 περ

234 2953 537 3022 ριτιθέντα.
564 2954 903 3025 Ἑκσέὸληκε
936 2956 1033 3028 μὲν
1076 2952 1169 3011 οὗν
1206 2959 1269 3010 ἐκ
1291 2957 1389 3027 τῆς
1422 2957 1689 3026 βασιλίδος
1713 2959 1823 3011 τῶν

228 3044 468 3108 πόλεων,
491 3045 709 3117 πρῶτον
736 3048 835 3118 μὲν
858 3049 1139 3120 Εὑφήμιον
1160 3047 1255 3120 (b),
1283 3048 1359 3111 ὼς
1382 3048 1820 3118 προγέγραπται,

230 3128 357 3185 εἶτα
381 3134 745 3202 Μακεδόνων,
795 3138 915 3207 μεθ’
946 3137 1006 3191 δν
1050 3137 1315 3209 Τιμόθεος
1347 3138 1591 3206 ἐγεγόνει
1615 3155 1628 3165 ·
1672 3141 1735 3192 ἐκ
1766 3138 1823 3191 δὲ

228 3225 336 3293 τῆς
361 3223 644 3297 Ἀντιόχου
668 3228 992 3283 Φλαϐιανόν.

1922 586 2365 659 pertinacissime
2411 583 2807 647 defendebant,
2842 598 2946 638 nec
3008 584 3064 637 in
3105 585 3225 653 ejus
3262 583 3506 639 decretis

1922 679 2007 734 vel
2040 693 2204 732 unam
2230 677 2492 749 syllabam
2523 676 2830 741 remittere,
2869 691 2936 731 ac
2973 691 3044 730 ne
3075 677 3243 731 unius
3278 678 3503 747 quidem

1922 769 2120 823 littera:
2180 767 2544 821 mutationem
2598 765 2892 819 admittere
2960 765 3370 819 sustinebant:
3406 766 3502 821 sed

1922 875 2118 931 magna
2159 875 2284 914 cum
2332 858 2533 914 ﬁducia
2568 858 2904 913 recedebant
2933 857 3003 911 ab
3048 858 3117 911 iis
3152 859 3248 927 qui
3281 858 3503 912 decreta

1922 951 2073 1007 illius
2120 951 2346 1006 concilii
2392 950 2621 1005 minime
2659 948 3034 1019 susciperent,
3067 963 3171 1002 nec
3205 948 3317 1005 illis
3350 963 3506 1004 com-

1922 1044 2211 1099 municare
2248 1043 2361 1096 ullo
2402 1042 2566 1095 modo
2598 1040 2968 1096 sustinebant.
3006 1040 3113 1094 Alii
3146 1055 3299 1106 vero,
3343 1039 3508 1094 Chal-

1922 1135 2290 1190 cedonensem
2326 1132 2595 1205 synodum
2637 1132 2869 1202 ejusque
2909 1132 3134 1185 decreta
3180 1147 3291 1185 non
3340 1130 3507 1185 modo

1922 1243 2033 1281 non
2082 1225 2492 1295 suscipiebant;
2560 1239 2756 1279 verum
2823 1222 2990 1276 etiam
3034 1223 3183 1276 illam
3226 1238 3333 1276 una
3380 1237 3507 1275 cum

1918 1319 2126 1374 Leonis
2165 1318 2400 1389 epistola
2446 1316 2550 1371 sub
2585 1315 2939 1370 anathemate
2990 1314 3348 1369 damnabant.
3399 1313 3507 1368 Alii

1923 1410 2163 1465 Zenonis
2194 1409 2463 1464 Henotico
2492 1407 2775 1462 mordicus
2797 1406 3149 1461 inhaerebant
3180 1422 3193 1460 :
3228 1404 3395 1474 idque
3423 1414 3507 1459 ta-

1925 1504 2083 1559 metsi
2117 1504 2263 1557 inter
2297 1518 2353 1557 se
2393 1502 2732 1557 dissiderent
2769 1499 2837 1554 de
2870 1514 2980 1554 una
3024 1507 3121 1553 aut
3171 1498 3241 1553 de
3293 1498 3509 1553 duabus

1924 1592 2141 1646 naturis
2169 1610 2180 1644 :
2210 1591 2267 1645 hi
2297 1591 2519 1661 quidem
2564 1588 2971 1658 compositione
3008 1583 3384 1658 imperialium
3417 1585 3509 1640 lit-

1926 1693 2167 1738 terarum
2194 1682 2411 1753 decepti
2446 1700 2459 1736 :
2498 1683 2579 1737 illi
2612 1697 2747 1737 vero
2771 1681 2892 1750 paci
2917 1689 2974 1734 et
2996 1677 3313 1735 concordia:
3334 1678 3509 1749 magis

1927 1774 2233 1830 studentes.
2261 1776 2414 1830 Adeo
2448 1783 2510 1829 ut
2535 1775 2708 1829 totius
2743 1773 2897 1828 orbis
2936 1770 3199 1826 Ecclesiae
3232 1769 3288 1824 in
3323 1768 3510 1823 varias

1852 1842 1893 1895 Β
1924 1866 2193 1921 factiones
2215 1866 2409 1921 divisa:
2448 1874 2657 1931 essent,
2692 1880 2758 1920 ac
2812 1878 2883 1919 ne
2938 1862 3221 1918 antistites
3280 1860 3506 1931 quidem

1922 1957 2028 2011 sibi
2056 1967 2250 2012 mutuo
2283 1957 2779 2022 communicarent.
2807 1956 2949 2011 Hinc
2980 1954 3153 2008 multa
3186 1952 3417 2008 dissidia
3449 1952 3507 2006 in

1922 2048 2163 2104 (ﬂentis
2185 2058 2242 2103 et
2274 2049 2330 2103 in
2363 2048 2686 2103 Occidentis
2715 2047 2992 2117 partibus,
3024 2055 3082 2100 et
3110 2061 3212 2115 per
3260 2044 3505 2100 Africam

1919 2140 2276 2208 exstiterunt,
2309 2156 2436 2195 cum
2473 2156 2577 2195 nec
2600 2140 2915 2195 Orientales
2951 2139 3201 2209 episcopi
3233 2137 3508 2193 Occiden-

1922 2233 2128 2288 talibus
2168 2242 2224 2289 et
2264 2233 2413 2288 Afris
2451 2233 2821 2300 sociarentur,
2855 2248 2962 2288 nec
3005 2233 3095 2287 isti
3128 2232 3371 2286 vicissim
3406 2246 3506 2286 co-

1922 2323 2071 2378 irent
2090 2339 2214 2378 cum
2251 2324 2651 2379 Orientalibus.
2679 2323 2823 2391 Quin
2843 2324 3014 2380 etiam
3032 2325 3101 2379 ad
3130 2325 3394 2395 maiorem
3412 2324 3508 2379 ab-

1921 2413 2247 2469 surditatem
2279 2430 2368 2470 res
2400 2430 2691 2486 prOgressa
2724 2423 2831 2470 est.
2864 2416 3001 2474 Nam
3041 2431 3148 2471 nec
3197 2415 3509 2471 Orientales

1922 2505 2201 2561 antistites
2243 2506 2390 2561 inter
2429 2521 2489 2561 se
2530 2506 2632 2576 ipsi
2659 2507 3147 2562 communicabant
3171 2526 3184 2561 :
3208 2523 3315 2562 nec
3341 2506 3507 2562 Occi-

1922 2598 2174 2652 dentales
2207 2597 2341 2653 item
2366 2614 2471 2653 nec
2498 2600 2614 2653 Afri
2644 2600 2790 2654 inter
2818 2601 3149 2670 semetipsos
3164 2600 3510 2655 communio-

1922 2704 2051 2743 nem
2073 2687 2354 2757 lovebant,
2398 2690 2601 2746 nedum
2625 2706 2749 2745 cum
2770 2692 3078 2762 peregrinis
3118 2700 3173 2747 et
3203 2692 3504 2747 extraneis.

1922 2781 2053 2847 Qua:
2076 2798 2202 2838 cum
2244 2783 2548 2853 imperator
2589 2785 2917 2839 Anastasius
2946 2785 3183 2850 videret,
3216 2783 3511 2855 episcopos

1922 2873 2017 2943 qui
2067 2874 2280 2944 aliquid
2331 2876 2687 2942 innovarent,
2737 2876 3003 2931 Ecclesiis
3057 2874 3414 2938 exturbabat,
3462 2874 3510 2929 si

1923 2978 2090 3031 quem
2108 2962 2249 3019 forte
2272 2962 2742 3034 deprehendisset
2765 2976 2862 3019 aut
2883 2964 3182 3019 concilium
3205 2962 3512 3019 Chalcedo-

1924 3068 2096 3110 nense
2125 3055 2516 3125 praedicantem
2561 3064 2754 3111 contra
2789 3055 3038 3110 inolitam
3082 3056 3331 3110 locorum
3379 3068 3513 3108 con-

1925 3145 2303 3213 suetudinem,
2328 3155 2426 3201 aut
2448 3147 2593 3202 idem
2617 3147 2720 3203 sub
2754 3148 3106 3202 anathemate
3131 3147 3509 3202 damnantem.

1848 3206 1892 3265 θ
1926 3234 1996 3290 Et
2026 3250 2096 3290 ex
2127 3206 2528 3308 regia'quidem
2565 3238 2725 3303 urbe,
2760 3238 2841 3290 uti
2870 3252 3038 3306 supra
3072 3235 3356 3294 diximus;
3393 3231 3510 3302 pri-

230 3329 391 3371 mum
453 3318 621 3387 ejecit
688 3321 1079 3391 Euphemium,
1111 3319 1315 3377 deinde
1354 3320 1758 3388 Macedonium,
1824 3325 1913 3379 cui
1951 3329 2219 3384 successit
2261 3329 2621 3397 Timotheus;
2662 3329 2959 3383 Antiochia
3000 3343 3132 3384 vero
3185 3325 3512 3383 Flavianum

231 3410 474 3481 expulit.

816 3528 1066 3581 ΚΕΦΑΔ.
1122 3528 1251 3583 AA'.
1284 3569 1302 3587 .

234 3617 567 3683 Ἐπιστολὴ
605 3614 725 3667 τῶν
751 3614 1040 3685 μοναχῶν
1069 3615 1491 3670 Παλαιστινῶν
1526 3616 1677 3685 πρὸς
1697 3617 1825 3672 Ἀλ-

385 3690 618 3741 κίσωνα
652 3687 787 3755 περὶ
811 3688 1063 3741 Ξειναίου
1101 3688 1201 3741 καί
1234 3687 1456 3756 ἐτέρων
1480 3686 1682 3742 τινῶν.

309 3800 452 3871 Περὶ
481 3798 665 3853 τοίνυν
691 3798 1027 3853 Μακεδονίου
1073 3799 1168 3854 καὶ
1191 3799 1491 3854 Φλαόιανοῦ
1512 3802 1741 3871 γράφων
1768 3801 1832 3854 τὺ

235 3897 299 3947 ἐν
331 3893 670 3964 Παλαιστίνῃ
688 3890 973 3963 μοναδικὸν
1001 3890 1139 3961 πρὸς
1169 3892 1472 3945 ’Δλκίσωνα
1500 3892 1613 3961 (44)
1638 3893 1729 3945 ἐπὶ
1742 3892 1834 3945 λέ-

237 3988 382 4051 ξεως
403 3984 549 4054 λέγει
568 3984 760 4038 ταῦτα’
786 3982 995 4053 Πέτρου
1016 3982 1073 4037 δὲ
1095 3984 1497 4055 κεκοιμημένου
1519 3982 1832 4056 (45),πάλιν

2526 3530 2679 3587 CAP.
2723 3530 2911 3585 XXXI.

1928 3622 2175 3694 Epistola
2213 3624 2588 3694 monachorum
2630 3622 2951 3694 Ραίφειὶηωί
2981 3621 3062 3694 ιι(ίῄ
3095 3620 3413 3687 Alcisonem,
3450 3622 3519 3676 de

2270 3692 2478 3747 Xenaia
2505 3703 2555 3746 et
2594 3694 2657 3746 de
2688 3693 2811 3746 aliis
2841 3692 3177 3763 quibusdam.

2002 3801 2080 3855 De
2111 3798 2434 3856 Macedonio
2472 3800 2696 3871 quidem
2730 3811 2787 3855 et
2828 3800 3088 3855 Flaviano
3121 3801 3376 3855 monachi
3415 3803 3519 3857 Pa-

1935 3892 2161 3947 Imstinze
2192 3894 2248 3947 in
2291 3892 2495 3948 litteris
2520 3893 2588 3948 ad
2622 3894 2938 3949 Alcisonem
2965 3893 3108 3949 datis
3143 3895 3217 3949 ita
3238 3896 3516 3950 scribunt.

1936 3984 2152 4041 Mortuo
2196 3992 2383 4041 autem
2430 3986 2617 4052 Petro,
2648 3985 2810 4057 362
2846 3986 2991 4040 inter
3029 3973 3089 4040 se
3129 3986 3278 4057 ipsos
3313 3989 3513 4043 iterum

1434 4115 1523 4170 VA
1533 4114 1711 4171 LESII
1763 4114 2323 4175 ANNOTATIONES.

314 4234 428 4302 (45)
465 4228 544 4299 Τῇ
568 4228 848 4302 συζθήκῃ
868 4230 988 4285 τῶν
1005 4230 1376 4302 γραμμάτων.
1402 4228 1645 4302 Joannes
1670 4229 1809 4283 Lan-

238 4299 346 4376 gns
392 4303 605 4357 litteras
654 4299 1389 4376 Zenonis_imperatoris__de
1442 4300 1815 4376 Ecclesiarum

239 4370 581 4429 adunatione
634 4372 850 4424 videtur
902 4371 1231 4440 intelligere.
1266 4370 1356 4424 Sic
1408 4371 1556 4424 enim
1598 4371 1812 4424 vertit:

240 4447 290 4500 li
323 4444 534 4514 quidem
586 4441 772 4495 litteris
826 4442 1074 4495 insidiose
1125 4442 1424 4514 compositis
1446 4456 1561 4514 per
1578 4440 1819 4514 fraudem

240 4457 290 4500 Ιι
323 4457 534 4514 ᾳιιιιιεηι
586 4457 772 4495 uuam
826 4457 1074 4495 insidiose
1125 4457 1550 4564 compostuséier
1578 4457 1819 4509 jrauaem

240 4514 893 4592 deceptiaguemsensmn
911 4519 1135 4592 secutus
1149 4520 1229 4565 est
1251 4511 1415 4592 etiam
1482 4510 1824 4592 hristoplior—

241 4568 433 4638 sontis.
468 4568 629 4637 (ἵει-ιο
660 4581 751 4635 hic
814 4581 1030 4651 Evagrii
1078 4582 1234 4651 locus
1275 4581 1436 4634 aliter
1460 4568 1676 4651 exponi
1698 4595 1820 4651 non
1856 4568 1899 4622 Ι)

283 4665 451 4708 otest.
485 4654 629 4707 Duas
659 4652 806 4706 enim
835 4649 1031 4706 causas
1053 4650 1235 4712 all‘ert,
1260 4666 1359 4705 cur
1378 4649 1829 4719 nonnulliedicto

290 4725 491 4779 enonis
545 4722 986 4792 acquiescerent.
1049 4720 1325 4785 Quosdam
1357 4721 1523 4792 igitur
1548 4720 1624 4773 ait
1659 4719 1829 4774 fuisse

244 4795 513 4862 deceptos
552 4790 752 4846 blanda
783 4791 996 4862 illa,jet
1051 4792 1133 4862 ad
1170 4790 1615 4862 persuadendum
1673 4804 1828 4843 com-

246 4859 427 4934 posita
478 4860 1070 4934 principis_0ratione.
1107 4861 1259 4915 Alios
1307 4859 1645 4934 verostudio
1680 4862 1830 4934 pacis

246 4930 308 4987 Et
334 4930 539 5003 quietis
571 4930 945 4989 EcClesiarum
977 4931 1215 4995 illectos,
1237 4931 1367 4985 huic
1386 4930 1577 4985 edicto
1601 4930 1830 4999 acquie-

248 5018 419 5057 V1338.

324 5072 439 5142 tu)
469 5072 1037 5143 ΠρὸςηἈλκίσωνα.
1100 5071 1200 5126 Hic
1255 5069 1477 5143 Alcison
1524 5069 1832 5143 episcopus

245 5140 372 5223 erat
421 5140 708 5223 Nicopolis
755 5157 879 5223 quae
920 5142 1236 5211 metropolis
1260 5140 1579 5223 estnvetleris
1614 5140 1771 5223 Epiri
1810 5159 1825 5197 :

249 5213 398 5268 inter
429 5209 736 5283 prascipuos
762 5209 1081 5283 defensores
1099 5209 1307 5283 synodi
1331 5209 1824 5283 Chalcedonensis.

247 5284 504 5339 Mortuus
544 5282 628 5339 est
663 5298 809 5337 anno
841 5282 1050 5339 Christi
1071 5282 1197 5349 516,
1234 5282 1396 5337 Petro
1427 5282 1545 5336 solo
1576 5283 1825 5339 consule.

1918 4228 2051 4298 Ejus
2074 4229 2691 4303 meminitihlareellinus
2708 4231 2763 4287 in
2781 4231 3055 4296 Chronico,
3069 4232 3162 4303 qui
3185 4248 3311 4288 eum
3332 4235 3513 4291 Alcis-

1920 4314 2043 4353 sum
2076 4308 2257 4355 vocat.
2291 4301 2427 4356 Vide
2457 4301 2753 4356 Baronium
2785 4303 2853 4356 ad
2887 4301 3100 4357 annum
3148 4304 3351 4359 Christi
3384 4306 3509 4361 516.

1997 4370 2111 4442 (45)
2148 4371 2372 4442 Πέτρου
2406 4371 2473 4424 δὲ
2497 4373 2955 4442 κεκοιμημένον.
2986 4373 3123 4437 Cum
3157 4375 3268 4428 duo
3307 4378 3515 4431 iuerint

1925 4439 2072 4512 Petri
2112 4454 2223 4494 uno
2273 4441 2580 4511 eodemque
2629 4439 2897 4512 tempore,
2932 4444 3074 4499 alter
3106 4444 3517 4502 Alexandrinus

1926 4510 2240 4580 episcOpus,
2259 4512 2398 4565 alter
2414 4510 2813 4579 An’tiochenus,
2839 4514 3109 4568 incertum
3130 4524 3214 4569 est
3244 4525 3364 4570 uter
3395 4516 3516 4570 illo-

1930 4596 2051 4634 rum
2100 4582 2194 4652 hie
2246 4581 2605 4652 intelligatur.
2663 4583 3012 4638 Probabilius
3059 4594 3238 4638 tamen
3292 4586 3515 4641 videtur

1935 4651 2365 4725 Alesandrinum
2392 4651 2613 4725 Petrum
2648 4652 2742 4725 hic
2771 4654 3085 4724 designari;
3120 4672 3188 4711 eo
3212 4656 3360 4725 quod
3395 4673 3514 4711 mo-

1930 4721 2094 4793 nachi
2127 4722 2432 4793 Balmstina:
2465 4723 2650 4777 statlm
2681 4721 2983 4793 loquuntur
3041 4726 3109 4779 de
3154 4721 3508 4791 Alexandria,

1929 4791 2081 4868 etde
2104 4791 2357 4868 Aigypto
2379 4808 2445 4847 ac
2484 4791 2915 4868 Libya._Ohstat
2949 4805 3127 4849 tamen
3160 4798 3304 4864 quod
3342 4798 3515 4868 subji-

1931 4863 2078 4934 citur
2125 4862 2220 4934 ευ
2254 4862 2451 4918 iisdem
2494 4862 2781 4918 monachis
2811 4880 2826 4929 ;
2858 4874 2983 4934 post
3019 4862 3252 4920 mortem
3300 4862 3516 4924 scilicet

1931 4932 2078 5005 Petri
2105 4932 2400 5005 Egyptum
2428 4934 2724 5003 separatim
2749 4932 3210 5001 communicasse,
3235 4944 3292 4990 et
3315 4938 3512 4992 Orien-

1934 5002 2072 5057 tales
2086 5004 2165 5075 ab
2182 5002 2381 5059 eorum
2416 5002 2807 5075 communione
2845 5005 3153 5075 disjunctos
3187 5006 3378 5063 fuisse.
3406 5008 3510 5063 Pc-

1938 5082 2023 5126 tro
2081 5074 2229 5160 enim
2278 5074 2666 5160 Alexandrino
2703 5074 2971 5160 successit
3026 5077 3380 5160 {\tlianasius,
3415 5079 3512 5160 qui

1936 5143 2230 5217 synodicas
2278 5145 2500 5214 scripsit
2526 5144 2594 5198 ad
2624 5145 2930 5217 Palladium
2958 5146 3279 5217 episcopum
3316 5143 3513 5203 Antio-

1936 5214 2095 5288 chiae.
2109 5218 2338 5288 ejusque
2365 5216 2742 5288 communioni
2760 5214 3007 5288 sociatus
3025 5214 3230 5281 fuitfut
3255 5221 3514 5288 superius

1934 5283 2223 5340 observavi
2252 5283 2342 5339 ’ex
2393 5285 2627 5356 Evagrio
2674 5294 2731 5340 et
2776 5285 3035 5342 Liberale
3062 5291 3098 5343 '.
3132 5283 3345 5343 Rursus
3375 5305 3505 5345 vero

1713 5417 2101 5475 VARIORUM.

326 5517 400 5587 (ὸ)
453 5513 815 5587 Ἑκόέόληκε
863 5514 1199 5587 Εὑςρήμιον.
1239 5513 1611 5584 Euphemium
1645 5514 1819 5584 episc.

246 5584 406 5642 C(P.
439 5586 609 5653 .falso
659 5587 729 5639 ab
778 5586 1242 5656 Anastasioiimp.
1284 5595 1605 5639 accusatum
1657 5594 1825 5656 atque

247 5659 595 5719 damnatum,
626 5656 681 5710 in
743 5656 995 5711 exsilium
1057 5655 1284 5710 ductum
1334 5670 1477 5720 esse,
1511 5665 1567 5709 et
1611 5656 1664 5710 in
1704 5657 1827 5725 ejus

249 5730 434 5782 locum
482 5726 861 5792 Macedonium
912 5725 1269 5796 subrogatum
1313 5740 1460 5781 anno
1516 5725 1649 5780 Chr.
1698 5727 1824 5791 496,

247 5799 448 5854 scribit
474 5798 670 5868 l‘agius
690 5798 759 5852 ad
788 5813 919 5852 ann.
962 5796 1087 5862 495,
1114 5812 1170 5854 n.
1200 5798 1254 5851 5.
1282 5796 1402 5867 Ipse
1429 5805 1613 5852 autem
1644 5796 1825 5855 Mace-

1930 5516 2131 5572 donius
2164 5517 2234 5572 ab
2279 5517 2477 5572 eodem
2519 5517 2651 5588 imp.
2687 5533 2882 5588 pmsus
2909 5524 2994 5574 est
3033 5535 3180 5575 anno
3220 5519 3345 5576 5H.
3380 5519 3505 5576 Viti.

1931 5588 2073 5643 infra
2106 5604 2227 5658 cap.
2256 5588 2324 5642 44
2350 5590 2511 5655 hujus
2536 5590 2634 5643 lib.

2006 5659 2566 5731 'ADeﬂPetroMoggo
2608 5659 2870 5731 episcopo
2905 5660 3278 5715 Alexandrino
3326 5664 3513 5715 onmi-

1937 5743 2010 5784 no
2033 5728 2428 5800 intelligendus
2464 5728 2660 5787 locus.‘
2687 5728 2938 5786 Schisma
2973 5732 3123 5787 enim
3167 5733 3237 5787 de
3278 5746 3387 5802 quo
3420 5731 3511 5786 hic
