4124 6332
632 349 776 413 2659

1846 333 2161 397 EVAGRII
2193 329 2680 395 SCHOLASTICI

3749 316 3910 378 2660

637 460 857 519 discissi
881 466 1033 516 sunt.
1060 458 1130 514 Et
1154 456 1486 512 Alexandria
1514 454 1742 525 quidem
1770 460 1829 508 et
1860 451 2127 522 Egyptus
2150 464 2214 505 ac

2328 447 2401 510 εις
2450 445 2651 507 αὐτοὺς
2693 441 3127 512 ἀπεσχίσθησαν,
3157 435 3538 506 ’Δλεξάνδρειά
3571 452 3633 490 τε
3678 438 3779 489 καὶ
3806 436 3911 525 di-

639 552 811 624 Libya
844 550 988 605 intra
1024 564 1180 604 suam
1222 547 1668 603 communionem
1710 544 2032 616 permansit.
2072 542 2220 597 Reli-

644 658 791 715 quus
820 643 950 697 item
986 641 1186 697 Oriens
1222 654 1469 695 seorsum
1501 638 1569 692 ab
1594 638 1719 692 aliis
1767 633 2218 698 communicavit,

642 743 933 806 propterea
960 732 1107 804 quod
1131 731 1512 787 Occidentales
1540 744 1771 798 prorsus
1812 727 2221 782 communicare

642 825 753 881 illis
774 825 1124 887 recusabant,
1154 822 1261 877 nisi
1286 820 1630 885 Nestorium,
1666 819 1969 890 Eutycbem
1991 832 2057 871 ac
2091 816 2223 870 Dio-

643 932 862 971 acorum
902 916 1006 970 sub
1036 915 1388 969 anathemate
1420 912 1769 977 damnantes,
1811 912 2035 965 Petrum
2081 923 2226 977 quo.

643 1023 752 1078 que
773 1008 1029 1077 Mongum
1054 1015 1110 1059 et
1136 1006 1397 1060 Acacium
1434 1005 1503 1059 iis
1535 1004 1856 1073 adjicerent.
1883 1001 1944 1055 ln
1972 1001 2079 1055 hoc
2120 999 2222 1069 igi-

646 1106 737 1150 tur
764 1112 951 1151 rerum
978 1105 1122 1149 statu
1148 1111 1274 1149 cum
1316 1103 1505 1149 essent
1537 1096 1707 1147 totius
1749 1093 1903 1147 orbis
1938 1092 2221 1156 Ecclesiae,

644 1187 976 1257 Eutychiani
1001 1195 1059 1240 et
1086 1186 1431 1241 Dioscoriani
1456 1185 1522 1239 ad
1560 1185 1819 1254 exiguum
1855 1197 2083 1253 prorsus
2117 1198 2224 1236 nu-

646 1297 859 1335 merum
896 1280 1101 1335 redacti
1132 1288 1284 1333 sunt.
1334 1279 1585 1348 Cumque
1623 1278 1777 1331 brevi
1823 1275 2095 1330 defecturi
2134 1289 2224 1329 es-

646 1380 772 1426 sent
800 1372 874 1425 ita
902 1381 965 1425 ut
997 1371 1238 1441 amplius
1263 1371 1318 1423 in
1339 1372 1504 1424 terris
1526 1385 1635 1422 non
1654 1377 1957 1431 exstarent,
1986 1366 2224 1421 Xeuaias

647 1462 892 1531 quidam,
924 1478 1053 1516 vere
1082 1462 1325 1515 nominis
1359 1461 1468 1526 sui,
1501 1460 1556 1514 id
1595 1469 1702 1525 est,
1753 1460 1967 1514 alienus
1997 1474 2025 1512 a
2061 1458 2174 1512 Deo
2210 1477 2223 1514 :

648 1554 837 1607 nescio
870 1569 981 1623 quo
1010 1554 1264 1617 consilio,
1302 1568 1406 1607 nec
1446 1568 1555 1622 qua
1608 1552 1676 1606 de
1719 1566 1885 1607 causa
1943 1560 2227 1620 susceptas

649 1643 918 1699 adversus
962 1645 1283 1699 Flavianum
1334 1644 1656 1697 inimicitias
1704 1659 1969 1699 exercens
2022 1662 2035 1697 :
2086 1660 2227 1713 prae-

2322 532 2529 603 γυπτος
2558 531 2655 585 καὶ
2699 530 2873 598 Διὸύη
2914 528 3035 581 καθ’
3084 528 3283 589 ἑαυτὰς
3332 525 3691 580 διετέλεσαν·
3728 524 3833 576 καὶ
3872 526 3912 593 ἡ

2320 627 2484 698 λοιπὴ
2514 627 2668 679 πᾶσα
2702 622 2965 692 Ἀνατολὴ
2988 621 3152 675 πάλιν
3181 620 3304 674 καθ’
3335 618 3566 689 ἑαυτὴν,
3598 617 3712 671 τῶν
3739 618 3913 669 Δυτι-

2321 718 2435 773 κῶν
2466 717 2541 789 μὴ
2561 714 2906 784 ἀνεχομένων
2933 712 3042 785 (46)
3094 710 3273 774 ἄλλως
3300 710 3492 773 αὐταῖς
3537 710 3829 762 κοινωνεῖν
3874 708 3913 777 ἢ

2320 810 2458 878 πρὸς
2487 808 2550 861 τὸ
2578 805 2998 875 ἀναθεματίζειν
3019 803 3315 874 Νεστόριόν
3338 820 3401 855 τε
3424 802 3518 855 καὶ
3540 801 3783 871 Εὐωχῆς
3812 800 3917 854 καὶ

2323 900 2639 970 Διόσκορον,
2667 896 3019 965 προστιθέναι
3065 896 3158 947 καὶ
3183 894 3390 965 Πέτρον
3422 892 3514 944 τὸν
3544 890 3771 959 Μογγδν
3811 889 3915 942 καὶ

2323 991 2599 1045 ’Δκάκιον.
2649 990 2739 1043 Ἐν
2782 988 2997 1050 τούτοις
3028 983 3123 1040 οὖν
3149 985 3263 1039 τῶν
3307 985 3414 1039 ἀνά
3442 984 3544 1054 τὴν
3570 981 3919 1051 οἰκουμένην

2323 1084 2502 1138 οὐσῶν
2530 1081 2909 1151 Ἐκκλησιῶν,
2954 1080 3005 1132 οι
3053 1080 3267 1148 γνήσιοι
3314 1076 3425 1129 τῶν
3468 1074 3577 1129 ἀπὸ
3604 1072 3918 1142 Διοσκόρω

2330 1178 2423 1231 καὶ
2444 1174 2720 1245 Εὑτυχοῦς
2749 1174 2829 1241 εἰς
2860 1172 3040 1240 πάντη
3078 1171 3363 1241 ἐλάχιστον
3412 1168 3787 1239 περιέστησαν
3819 1165 3920 1216 τὸν

2328 1268 2583 1340 ἀριθμόν.
2631 1268 2740 1321 Καὶ
2773 1265 3076 1337 μελλόντων
3117 1264 3243 1316 ὅσον
3273 1261 3487 1315 οὐδέπω
3517 1260 3763 1312 ἐκλιπεῖν
3799 1256 3921 1310 ἀπὸ

2325 1364 2424 1431 τῆς
2457 1366 2582 1432 γῆς,
2619 1362 2760 1414 ὥστε
2794 1361 2867 1429 μὴ
2907 1359 3176 1429 ὑπάρχειν
3205 1356 3425 1419 αὐτοὺς,
3461 1355 3693 1416 Ξεναῒας
3721 1350 3845 1422 (47)
3889 1352 3922 1403 ὁ

2327 1454 2420 1508 τοῦ
2447 1453 2582 1507 Θεοῦ
2634 1453 2787 1519 ξένος
2818 1450 3035 1521 ἀληθῶς
3058 1490 3073 1511 ,
3104 1448 3206 1501 οὐκ
3234 1446 3456 1517 οῐδαμεν
3480 1445 3535 1498 τι
3575 1442 3835 1507 σκοπῶν,
3879 1441 3917 1509 ἢ

2329 1545 2485 1599 ποίαν
2514 1545 2713 1615 ἔχθραν
2744 1544 2880 1613 πρὸς
2902 1540 3201 1595 Φλαὸιανὺν
3244 1537 3507 1601 ἐκδικῶν,
3540 1534 3823 1606 προφάσει
3858 1532 3922 1585 δὲ

2330 1636 2429 1705 τῆς
2458 1636 2717 1698 πίστεως,
2752 1636 2828 1696 ὼς
2848 1635 2897 1685 οἱ
2932 1630 3118 1684 πολλολ⁵
3148 1628 3483 1700 διηγοῦνται,
3507 1628 3680 1680 κινεῖν
3716 1624 3761 1655 ’³
3813 1622 3921 1693 μὲν

649 1744 803 1788 textu
838 1745 1020 1790 tamen
1062 1736 1212 1800 ﬁdei,
1262 1745 1320 1790 ut
1370 1738 1623 1806 plerique
1658 1747 1907 1799 narrant,
1960 1736 2226 1791 adversus

2330 1728 2469 1799 πρὸς
2501 1727 2663 1781 αὐτὸν
2691 1727 2784 1779 καὶ
2804 1724 3112 1779 διαϐάλλειν
3148 1723 3378 1793 ἄρχεται
3407 1721 3484 1786 ῶς
3515 1718 3918 1787 Νεστοριανόν.

648 1839 778 1879 eum
821 1828 1179 1891 commoveri,
1231 1844 1471 1897 eumque
1526 1839 1789 1896 tanquam
1835 1828 2223 1883 Nestorianum

2332 1795 2571 1873 ’ἐκείνου
2603 1820 2661 1873 δὲ
2690 1818 2986 1889 Νεστόριον
3012 1817 3109 1870 σὺν
3138 1814 3217 1884 τῷ
3244 1814 3553 1885 φρονήματι
3572 1809 3921 1879 ἀναθεματίο

653 1916 987 1970 calumniari
1029 1919 1216 1987 coepit.
1251 1918 1361 1973 Sed
1409 1934 1535 1972 cum
1566 1918 1661 1973 ille
1704 1919 2017 1973 Nestorium
2062 1920 2227 1973 simul

651 2006 883 2075 ejusque
947 2006 1263 2075 opinionem
1327 2008 1430 2061 sub
1487 2008 1837 2061 anathemate
1891 2007 2223 2073 damnasset,

653 2096 914 2161 Xenaias,
933 2097 1126 2151 relicto
1153 2098 1429 2163 Nestorio,
1461 2098 1531 2151 ad
1573 2099 1898 2151 Dioscorum
1927 2106 2229 2169 transgres-

654 2204 750 2242 sus
767 2196 873 2252 est,
893 2196 949 2241 et
970 2188 1040 2242 ad
1068 2187 1419 2242 Theodorum
1446 2203 1509 2242 ac
1533 2187 1952 2251 Theodoritum,
1982 2195 2037 2241 et
2054 2188 2223 2252 Ibam,

652 2294 719 2333 ac
741 2277 963 2350 Cyrum,
996 2287 1053 2332 et
1098 2278 1503 2342 Eleutherium,
1549 2294 1615 2331 ac
1641 2278 1931 2341 Joannem,
1982 2278 2229 2346 aliosque

655 2370 845 2423 nescio
870 2385 1011 2438 quos
1035 2384 1139 2423 nec
1162 2370 1308 2423 unde
1330 2370 1594 2424 collectos
1624 2387 1638 2421 :
1666 2385 1735 2423 ex
1763 2369 1967 2438 quibus
2003 2369 2228 2439 quidam

654 2461 895 2515 Nestorii
931 2461 1129 2531 dogma
1184 2476 1243 2515 re
1294 2476 1424 2514 vera
1471 2461 1666 2516 sectati
1711 2460 1967 2527 fuerant;
2004 2461 2229 2530 quidam

656 2564 790 2604 vero
814 2565 941 2605 cum
975 2550 1031 2605 in
1058 2551 1430 2620 suspicionem
1456 2552 1575 2621 ejus
1603 2551 1683 2606 rei
1713 2552 2016 2617 venissent,
2041 2562 2231 2621 postea

658 2641 803 2695 idem
853 2642 1049 2713 dogma
1093 2642 1197 2697 sub
1228 2643 1577 2697 anathemate
1619 2642 2035 2709 damnaverant,
2081 2652 2136 2697 et
2178 2646 2233 2699 in

658 2734 917 2789 Ecclesia:
946 2734 1337 2789 communione
1374 2744 1684 2788 extremum
1725 2735 1870 2789 diem
1899 2737 2228 2789 clauserant.

658 2826 790 2889 Hos,
842 2826 1042 2895 inquit,
1081 2840 1275 2879 omnes
1303 2825 1614 2880 Nestoriani
1639 2826 1910 2895 dogmatis
1933 2837 2234 2881 assertores

658 2916 765 2971 nisi
799 2917 1371 2982 anathematizaveris,
1414 2917 1778 2973 Nestorianus
1822 2932 1906 2981 es,
1962 2917 2093 2972 licet
2123 2917 2233 2972 Ne-

658 3006 893 3060 storium
924 3005 1125 3060 millies
1151 3020 1277 3062 cum
1299 3007 1556 3061 doctrina
1580 3007 1754 3076 ipsius
1777 3007 2229 3061 anathematizes.

2328 1930 2543 1973 σαντος.
2598 1910 2883 1979 μετέϐαινε
2930 1908 3091 1962 πάλιν
3125 1906 3183 1971 ἐξ
3215 1906 3428 1960 ἐκείνου
3480 1903 3573 1956 ἐπὶ
3613 1902 3923 1971 Διόσκορον

2327 2003 2423 2056 καὶ
2455 2000 2729 2070 Θεόδωρον
2764 2000 2877 2071 (48)
2906 2001 3003 2053 καὶ
3047 1997 3379 2067 Θεοδώριτον
3398 2038 3416 2063 ,
3446 1995 3542 2049 καὶ
3569 1993 3724 2049 Ἴδαν
3743 2030 3762 2057 ,
3816 1992 3923 2045 καὶ

2327 2095 2531 2163 Κύρου,
2561 2094 2655 2147 καὶ
2673 2090 3012 2160 Ἐλευθέριον
3043 2090 3155 2160 (49)
3177 2129 3192 2152 ,
3222 2090 3317 2143 καὶ
3345 2089 3603 2157 Ἰωάννην
3629 2126 3646 2155 ,
3678 2085 3777 2140 καὶ
3812 2083 3923 2138 οὐκ

2332 2185 2489 2253 ῐσμεν
2518 2183 2773 2245 οὕστινας
2800 2183 2895 2235 καὶ
2948 2181 3072 2235 ὅθεν
3106 2180 3500 2250 συλλεξάμενος
3530 2198 3548 2214 ο
3577 2174 3653 2235 ὧν
3682 2183 3733 2236 οἱ
3768 2183 3874 2252 μὲν
3899 2225 3917 2250 ,

2327 2274 2397 2327 τὰ
2428 2275 2720 2344 Νεστοριου
2766 2272 2983 2343 άληθῶς
3014 2272 3386 2343 ἐπρέσϐευσαν
3415 2285 3430 2300 ’
3466 2272 3515 2325 οἱ
3536 2272 3623 2337 δὲ,
3679 2274 3922 2343 ὑπονοηο

2331 2363 2513 2426 θέντες
2536 2364 2955 2433 ἀνεθεμάτισαν,
2978 2362 3074 2415 καὶ
3095 2364 3152 2415 ὲν
3172 2364 3240 2432 τῇ
3258 2362 3514 2434 κοινωνίᾳ
3541 2362 3640 2431 τῆς
3674 2363 3920 2435 Ἐκκλη-

2335 2457 2454 2520 σίας
2482 2457 2862 2526 κεκοίμηνται.
2913 2455 3151 2519 Τούτους
3196 2457 3407 2520 πάντας
3445 2457 3516 2511 τὰ
3566 2458 3875 2527 Νεστορίου
3899 2500 3919 2527 ,

2332 2548 2485 2617 φησι,
2514 2548 2816 2616 νοήσαντας
2837 2585 2854 2611 ,
2889 2547 2937 2599 εἰ
2967 2547 3040 2617 μὴ
3072 2546 3561 2617 άναθεματίσειας,
3594 2548 3667 2602 τά
3709 2550 3919 2603 Νεστο-

2334 2639 2450 2710 ρίου
2480 2641 2717 2707 φρονεῖς,
2750 2638 2855 2691 κᾶν
2878 2637 3137 2707 μυριάκις
3158 2638 3321 2690 αὐτὸν
3350 2638 3491 2706 μετὰ
3515 2636 3610 2691 τοῦ
3629 2640 3922 2709 φρονήμα-

2336 2746 2424 2793 τος
2457 2728 2882 2801 άναθεματίζῃς.
2910 2729 3177 2781 Ἀνεκίνει
3217 2729 3275 2781 δὲ
3311 2729 3401 2783 διὰ
3438 2730 3789 2800 γραμμάτων
3819 2729 3919 2783 καὶ

2334 2820 2459 2885 τοὺς
2476 2820 2586 2873 ἀπὸ
2616 2822 2911 2891 Διοσκόρου
2935 2820 3029 2874 καὶ
3051 2819 3325 2890 Εὑτυχοῦς
3357 2820 3695 2892 συνηγόρους
3712 2820 3919 2874 πείθων

2336 2911 2670 2981 συνάρασθαι
2706 2913 2803 2983 μὲν
2831 2911 2980 2982 α·”τῷ
3027 2912 3167 2965 κατὰ
3205 2912 3508 2967 Φλαϐιανοῦ
3535 2951 3551 2977 ,
3595 2912 3672 2983 μὴ
3728 2912 3919 2982 μέντοι

2333 3007 2781 3078 ἀναθεματισμὸν
2820 3010 3074 3061 ἀπαιτεῖν
3127 3008 3226 3076 τῆς
3278 3007 3505 3059 συνόδου
3533 3046 3548 3070 ,
3611 3006 3750 3059 ἀλλὰ
3808 3004 3919 3058 τῶν

659 3097 893 3166 Scriptis
922 3096 1092 3151 etiam
1126 3096 1329 3151 litteris
1352 3097 1420 3151 ad
1450 3096 1695 3153 fautores
1735 3098 1985 3153 Dioscori
2024 3105 2082 3153 et
2123 3098 2226 3151 Eu-

2340 3101 2753 3169 προειρημένων
2785 3099 3113 3170 προσώπων.
3146 3098 3253 3151 Τοῦ
3268 3098 3327 3152 δὲ
3356 3099 3656 3152 ἐπισκόπου
3676 3096 3917 3150 Q1416“!-

660 3186 859 3257 tycbis,
879 3201 976 3239 eos
999 3186 1320 3251 concitavit,
1352 3185 1594 3241 suadens
1621 3186 1724 3250 eis,
1748 3198 1809 3241 ut
1839 3186 1945 3241 sibi
1965 3185 2226 3242 adversus

2339 3190 2431 3245 νοῦ
2450 3190 2663 3254 τούτοις
2688 3192 2781 3245 ἐπὶ
2814 3192 2950 3244 πολὺ
2979 3193 3380 3253 ἀντιτείναντος
3399 3230 3415 3255 ,
3449 3191 3655 3260 ἑτέρων
3679 3206 3739 3242 τε
3778 3188 3921 3260 μετά

662 3278 984 3333 Flavianum
1042 3277 1250 3331 auxilio
1303 3286 1511 3341 essent,
1556 3277 1953 3348 exigerentque
2016 3276 2087 3331 ab
2149 3292 2240 3343 eo,

2338 3282 2559 3335 Ξεναῖου
2592 3280 3060 3351 συμπλεκομένων
3081 3280 3205 3336 κατ’
3234 3281 3401 3335 αὐτοῦ
3426 3320 3442 3345 ,
3474 3279 3784 3334 Ἐλευσινου
3817 3279 3920 3349 μὲν

660 3387 772 3426 nou
800 3370 1027 3441 quidem
1051 3368 1303 3440 utipsam
1319 3370 1612 3441 synodum,
1630 3370 1727 3425 sed
1762 3381 1822 3427 ut
1848 3386 1945 3426 eas
1975 3370 2226 3427 duntaxal

2338 3372 2644 3427 ἐπισκόπου
2671 3373 2787 3444 (50)
2817 3375 2964 3437 τινος
3004 3373 3108 3444 τῆς
3155 3372 3420 3446 δευτέρας
3476 3372 3877 3434 Καππαδοκίας
3898 3410 3914 3432 ,

1967 3510 2204 3567 ἾΑΒΙᾸΞ
2243 3511 2650 3572 LECTIONES.

734 3606 781 3637 ⁷⁸
814 3607 975 3657 κινεῖ.

1867 3695 2140 3754 VALESII
2171 3698 2725 3757 ANNOTATIONES.

662 3790 712 3844 si
740 3790 965 3844 Petrum
993 3788 1397 3843 Antiochenam
1430 3790 1537 3843 hoc
1562 3789 1684 3844 loco
1708 3788 1985 3859 designari
2023 3792 2235 3847 dixeri-

665 3874 809 3919 mus,
846 3859 1040 3930 eadem
1070 3858 1515 3930 eritdillicultas.
1541 3859 1742 3930 Verum
1771 3858 2095 3929 responderi
2141 3877 2239 3930 po-

666 3939 775 4000 test
805 3929 1108 4000 monachos
1140 3929 1231 4000 hic
1254 3930 1415 4000 loqui
1440 3945 1550 4000 non
1587 3929 1656 3983 de
1688 3930 1822 3998 ipsis
1860 3929 2205 3997 patriarchis,

664 3999 759 4053 sed
788 3998 857 4052 de
884 3999 1095 4070 integra
1127 3998 1403 4059 dioecesi."
1425 4010 1481 4054 et
1500 3998 1568 4053 de
1587 4002 1819 4070 maxima
1843 4010 1996 4070 parte
2024 4004 2241 4070 episco-

664 4083 881 4138 porum.
898 4067 1059 4122 Certe
1082 4079 1204 4137 post
1222 4080 1453 4125 mortem
1480 4070 1625 4123 Petri
1651 4067 2025 4133 Alexandrini,
2050 4067 2241 4127 Oricu-

667 4138 805 4191 tales
845 4138 1135 4207 episcopos
1188 4140 1633 4195 communionem
1690 4140 1950 4194 Ecclesia:
1980 4141 2239 4198 Romana:

665 4208 964 4332 exlpetiisse
988 4217 1218 4277 apparet
1232 4225 1297 4264 ex
1319 4210 1554 4280 epistola
1567 4209 1768 4265 Gelasii
1790 4226 1942 4281 papa:
1962 4211 2029 4265 ad
2040 4210 2238 4267 Orien-

693 4294 723 4331 a
749 4294 828 4332 es.

669 4288 828 4332 12168.

740 4348 850 4417 (46)
909 4347 1033 4403 Τῶν
1075 4346 1340 4403 Δυτικῶν
1374 4349 1775 4418 ἀνεχομένων.
1835 4349 2102 4404 Addenda
2156 4361 2239 4407 cst

665 4420 867 4491 procul
908 4419 1079 4491 dubio
1131 4420 1402 4491 particula
1447 4421 1863 4491 negativa,hoc
1898 4420 2084 4482 modo,
2126 4422 2237 4474 τῶν

666 4490 911 4561 domum)
963 4490 1038 4561 μὴ
1088 4490 1467 4561 ἀνεχομένων,
1516 4490 1985 4560 quemadmodum
2035 4492 2238 4561 legitur

666 4557 812 4628 apud
842 4557 1071 4629 Niceph.
1093 4569 1151 4614 et
1176 4557 1229 4612 in
1258 4557 1452 4615 codice
1476 4557 1807 4615 Telleriano.

765 4629 854 4698 47)
882 4630 1157 4694 Ξεναῖας.
1176 4629 1309 4700 Erat
1338 4630 1426 4683 hic
1440 4632 1735 4700 episcopus
1766 4630 2233 4699 Hierapolitanus,

666 4713 698 4751 a
725 4699 890 4753 Petro
927 4700 1153 4753 Fullone
1180 4699 1487 4763 ordinatus,
1520 4702 1614 4770 qui
1638 4699 1765 4756 alio
1796 4702 2017 4755 nomine
2056 4702 2241 4755 Philo-

671 4784 846 4823 xenus
894 4770 1207 4825 dicebatur.
1241 4770 1315 4824 De
1349 4770 1455 4823 hoc

668 4839 877 4910 habent
906 4839 1181 4909 Theopli.,
1202 4838 1464 4903 Cedren.,
1498 4838 1731 4910 Niceph.
1758 4852 1817 4897 et
1840 4842 1955 4896 alii.

742 4908 1027 5034 (ᾹΒΒῈπὶ
1063 4908 1392 4992 ξιιόσκορον
1422 4911 1522 4963 καὶ
1554 4908 1875 4979 Θεόὃωρον,
1896 4913 2015 4968 Non
2038 4912 2237 4993 du‘bito

750 4996 804 5033 ιη
860 4995 1082 5034 ηιοεεοιη
1116 4994 1315 5034 nomen
1357 4975 1465 5034 hoc
1521 4981 1646 5034 loco
1676 4997 1963 5034 perperam
2001 4992 2237 5034 positum

667 4981 804 5052 quin
835 4975 1083 5052 Dioscori
1116 4975 1315 5052 nomen
1340 4975 1646 5052 hocﬂloco
1675 4975 1963 5052 perperam
2001 4984 2241 5051 positum

670 5049 745 5104 sit
791 5066 896 5118 pro
953 5049 1177 5105 Diodori
1203 5051 1445 5106 nomine.
1473 5049 1860 5120 Neque’en'im
1918 5049 2236 5107 Dioscorum

669 5121 1006 5191 anathemati
1032 5120 1228 5191 subjici
1254 5122 1477 5176 volebat
1503 5121 1740 5176 Xenaias
1767 5123 2025 5176 inimicus
2075 5124 2239 5176 Chal-

669 5189 1000 5262 cedonensis
1052 5189 1245 5262 synodi
1278 5209 1291 5244 :
1322 5192 1416 5246 sed
1480 5192 1780 5246 Diodorum
1812 5191 2134 5247 Tarsensem
2184 5202 2242 5246 et

671 5262 938 5330 reliquos.
963 5261 1040 5315 ita
1072 5261 1220 5316 uerte
1241 5262 1429 5315 Victor
1462 5262 1813 5317 Tunonensis
1857 5263 1912 5315 in
1955 5262 2235 5317 Chronico.

678 5347 698 5381 ι
727 5330 938 5385 Joanne
974 5331 1154 5386 Gibbo
1176 5346 1293 5386 cos.
1318 5332 1637 5386 Anastasius
1678 5332 1811 5401 imp.
1838 5332 2098 5387 Flaviano
2125 5334 2238 5387 An-

673 5402 953 5468 tiocheno,
997 5410 1056 5457 et
1090 5401 1394 5457 Philoxeno
1451 5401 1867 5471 Hierapolitano
1910 5404 2240 5473 praesulibus

2338 3790 2877 3859 Constantinopolim
2922 3790 3192 3861 synodum
3241 3797 3537 3861 congregat
3572 3803 3586 3839 :
3619 3796 3678 3840 et
3725 3794 3915 3840 contra

2339 3864 2639 3918 Diodorum
2674 3859 2998 3916 Tarsensem
3021 3871 3078 3916 et
3100 3859 3451 3915 Theodorum
3471 3859 3915 3924 Mopsuestenum

2339 3949 2466 3987 cum
2499 3932 2742 4001 scriptis,
2776 3931 3174 3986 Theodoritum
3192 3928 3343 4000 Cyri,
3369 3928 3517 4001 Ibam
3546 3926 3912 4001 Etlessenum,

2340 3996 2640 4065 Andream,
2677 4000 3036 4067 Eucherium,
3071 3996 3291 4073 Cyr-uin
3320 4009 3376 4073 e_t
3400 3998 3671 4073 Joannem
3702 3996 3914 4073 episco-

2383 4088 2466 4137 os,
2489 4080 2827 4140 ueteresque
2859 4073 2995 4127 alios
3023 4066 3134 4141 qui'
3155 4071 3211 4124 in
3232 4067 3622 4141 Christoduas
3656 4066 3916 4141 praedica-

2383 4089 2466 4137 OS,
2489 4089 2827 4140 umerosque
2859 4089 2995 4127 auos
3023 4089 3119 4141 qut
3155 4089 3211 4124 In
3232 4089 3456 4125 hnrlsw
3482 4089 3622 4121 uuas
3656 4089 3913 4135 prauum-

2341 4089 2477 4197 Kant
2499 4153 2747 4205 naturas,
2777 4141 3025 4212 duasque
3052 4142 3274 4212 formas,
3303 4148 3360 4193 et
3385 4139 3479 4208 qui
3510 4152 3621 4192 non
3645 4134 3913 4212 conﬁten-

2341 4223 2433 4267 tur
2462 4228 2631 4267 unum
2670 4212 2738 4266 de
2766 4205 3037 4267 Trinitate
3070 4205 3420 4273 cruciﬁxum,
3444 4224 3552 4263 una
3576 4221 3703 4262 cum
3736 4205 3913 4260 Leone

2337 4283 2601 4351 episcopo
2627 4283 2788 4337 Rom.
2810 4291 2866 4337 et
2884 4284 3006 4352 ejus
3026 4292 3197 4345 tomo,
3222 4291 3387 4349 atque
3416 4275 3677 4352 Chalced.
3710 4276 3913 4352 synodo

2343 4346 2548 4406 inferre
2582 4352 2876 4421 anathema
2910 4346 3203 4421 persuasit.
3234 4346 3391 4406 idem
3414 4346 3708 4405 conﬁrmat
3737 4346 3913 4400 Theo-

2342 4422 2629 4493 phanesin
2662 4420 2944 4493 Chronico,
2976 4438 3099 4493 pag,
3134 4423 3261 4493 151.

2376 4561 2388 4573 θ
2418 4494 2529 4573 (ᾅθ)
2558 4492 2674 4573 Eat
2702 4493 2897 4573 Ιςύροχ
2917 4488 3015 4573 κὰὶ
3046 4488 3354 4573 ane-imor.
3390 4490 3580 4573 Yictor
3611 4488 3912 4573 Tunonenf

2267 4601 2314 4657 ι)
2343 4561 2441 4657 ἓίὶ
2450 4564 2506 4657 i3}
2540 4562 2805 4657 Εἰζῗζῖῗῖθ
2822 4562 3517 4657 2¹ε¹ἱ¹ζῗῖξ¹ὲὲίέίέἓῖ¹ἷ⁵ἷίΨΒ
3535 4561 3914 4657 ξέἓῗὶίηῗξάὶέί

2342 4649 2510 4703 supra
2540 4632 2801 4698 vidimus,
2822 4634 2914 4686 ubi
2936 4633 3139 4699 Quirus
3158 4633 3387 4701 ponitur
3420 4631 3913 4703 proCyro,_quem-

2341 4700 2639 4758 admodum
2701 4704 2757 4757 in
2799 4704 3053 4771 epistolis
3080 4704 3137 4756 B.
3162 4700 3448 4758 Ambrosii
3487 4700 3791 4771 Quinegius
3819 4714 3913 4771 pro

1504 4771 1765 4844 pestifero
1805 4772 2027 4844 homine
2071 4773 2241 4828 multa
2337 4773 2586 4844 Cinegio.
2624 4774 2797 4844 Porro
2827 4770 3058 4844 Niceph.
3094 4774 3199 4827 hoc
3226 4772 3352 4828 loco
3373 4788 3474 4841 pro
3497 4770 3768 4825 Eutherio
3795 4770 3913 4824 sub—

2304 4868 2307 4869 ν
2340 4845 2524 4899 stituit
2557 4843 2964 4898 Eleutherium.

2411 4914 2522 4983 (50)
2565 4914 2925 4983 ’EJqulrov
2945 4914 3063 4981 μὲν
3082 4914 3438 4968 ἐπισκόπου,
3472 4911 3649 4982 Hujus
3698 4910 3912 4967 Eleusi-

2338 4984 2395 5039 ni
2422 4982 2679 5038 meminit
2704 4982 2993 5038 Liberatus
3019 4985 3074 5038 in
3105 4986 3404 5042 Breviario.
3426 4999 3549 5053 cap.
3574 4984 3661 5044 19,
3686 4982 3773 5036 bis
3801 4998 3915 5035 vcr-

2341 5054 2450 5116 bis,
2480 5054 2548 5123 de
2604 5054 2812 5108 Severo
2844 5053 3116 5123 loquens:
3151 5055 3236 5109 Ita
3281 5064 3339 5108 ut
3369 5056 3431 5108 ob
3475 5056 3569 5107 hoc
3600 5055 3842 5107 scriberet
3867 5061 3915 5105 et

2340 5126 2443 5196 ipsi
2470 5122 2746 5196 Flaviano,
2785 5122 2923 5177 sicut
2938 5126 3102 5195 ipsius
3125 5125 3460 5196 signiﬁcatur
3495 5123 3750 5196 epistolis,
3782 5133 3825 5196 et
3848 5128 3914 5175 ad

2399 5210 2625 5249 aronam
2683 5193 2966 5257 lectorem,
3004 5204 3068 5249 et.
3112 5193 3426 5249 Eleusinum
3485 5193 3534 5248 et
3588 5195 3912 5249 Euthretium

2427 5281 2628 5335 scapos,
2666 5274 2715 5317 et
2737 5266 2806 5318 ad
2837 5264 3223 5320 OEcumenium
3252 5266 3628 5322 scholasticam
3675 5265 3908 5335 Isauria;

2341 5280 2370 5317 ε
2427 5281 2628 5335 scapos,
2666 5280 2715 5317 et
2737 5280 2805 5318 aa
2837 5280 3223 5320 Ultcumemum
3252 5280 3628 5322 scnotasucum
3675 5280 3908 5319 Isuunm.

2340 5282 2601 5407 Efj'usdem
2632 5336 2881 5407 meminit
2913 5336 3280 5407 Theophanes
3304 5338 3358 5390 in
3394 5336 3670 5398 Chronico,
3719 5350 3773 5404 p.
3823 5333 3912 5407 BS

2340 5405 2605 5460 editionis
2636 5406 2820 5477 Regia
2850 5423 2865 5473 ;
2897 5407 3057 5478 cujus
3071 5405 3255 5462 ‘verba
3277 5408 3603 5462 Anastasius
3622 5405 3913 5461 Bibliothe-

2106 5513 2495 5570 VARIORUM.

671 5610 920 5683 loquitur
938 5608 1233 5683 Evagrius,
1253 5607 1320 5663 de
1339 5605 2164 5683 separationeDioscoritarum,
2186 5618 2247 5664 ut

672 5677 771 5738 eos
817 5690 977 5736 vocat
1036 5677 1351 5742 Liberatus,
1384 5681 1453 5734 ab
1501 5678 1746 5733 Ecclesia
1778 5677 2240 5748 intelligendum:

674 5767 799 5828 quae
847 5751 1050 5808 mansit
1103 5766 1277 5821 usque
1307 5749 1376 5806 ad
1428 5759 1679 5819 tempora
1711 5748 1960 5806 Dioscori
1982 5749 2242 5820 junioris,

2349 5610 2446 5733 ῧυί
2500 5626 2649 5692 anno
2699 5611 2806 5692 fil-‘7
2837 5611 3022 5695 sedem
3060 5612 3497 5695 .Alexandrinam
3551 5612 3784 5683 adeptus
3812 5625 3909 5670 est.

2401 5680 2489 5733 tde
2539 5681 2779 5733 Liberali
2828 5683 3164 5733 Bremarmm
3200 5725 3216 5733 -
3274 5685 3345 5733 ad
3406 5684 3595 5733 ﬁnem.
3654 5700 3775 5733 mn.
3829 5687 3907 5733 ﬁt-

2401 5679 2494 5757 i_de_
2539 5681 2779 5739 Liberati
2828 5683 3164 5739 Breviarium
3200 5725 3216 5751 ,
3274 5685 3345 5740 ad
3405 5684 3595 5751 ﬁnem,
3654 5679 3775 5757 cap.
3829 5687 3907 5741 ιδ.

2350 5750 2439 5806 W.
2474 5750 2693 5807 Lowra.
