4124 6332
302 349 447 415 9661

1225 356 1613 418 HISTORIA;
1650 357 2249 420 ΕΕΟιΕΒΙΛΞΤΙΟιΕ
2288 359 2522 420 LIBER
2560 358 2676 420 III.

3441 362 3584 427 2662

308 465 509 519 Νικίου
527 462 586 516 δὲ
605 462 927 527 Λαοδικείας
954 463 1052 535 τῆς
1073 464 1295 534 Συρίας,
1329 469 1423 520 καὶ
1451 467 1630 522 ἀλλων
1654 468 1891 522 ἄλλοθεν·

2003 483 2268 537 personas
2320 485 2458 538 quas
2503 486 2669 539 supra
2718 470 3023 534 nominavi,
3060 471 3163 526 sub
3223 473 3583 529 anathemate

307 551 391 612 ὧν
417 556 516 619 τάς
542 555 723 618 αἰτίας
752 555 852 624 τῆς
882 555 1017 627 πρὸς
1039 556 1336 610 Φλαόιανδν
1373 559 1747 628 μικροψυχίας
1774 559 1896 612 ἑτέ-

308 668 449 723 ρων.
478 649 596 702 ἀλλ’
619 649 717 717 οὐχ
747 647 906 718 ἡμῶν
937 650 1302 719 διηγήσασθαι
1323 666 1337 681 ο
1363 651 1516 715 τέλος
1540 652 1771 721 νομίσας
1808 653 1896 708 διὰ

307 740 539 801 τούτους
564 737 872 809 εἰρηνεύειν
911 738 1022 808 (51)
1058 740 1255 814 αὐτοὺς
1277 781 1292 804 ,
1325 735 1468 804 εἶξεν
1501 742 1680 794 αὐτῶν
1708 745 1773 812 τῇ
1810 761 1898 811 φι·

311 827 576 898 Αονεικίᾳ.
608 827 720 880 Καὶ
748 827 1044 897 ἐγγράφως
1069 828 1138 881 τὰ
1166 828 1436 898 πρόσωπα
1462 827 1894 899 ἀναθεματίσας,

308 919 610 972 ἀπέστειλε
631 918 709 989 τῷ
736 918 949 988 βασιλεῖ
974 933 988 947 ·
1015 919 1110 971 καὶ
1137 919 1298 972 αὑτὸν
1325 922 1434 990 γάρ
1460 922 1579 974 κατ’
1609 921 1777 976 αὐτοῦ
1804 941 1897 975 κε-

308 1010 604 1078 κινήκασιν
657 1009 732 1073 ὡς
780 1011 851 1063 τὰ
895 1009 1194 1080 Νεστορίου
1255 1011 1678 1082 πρεσϐεύοντος.
1747 1012 1898 1082 Μηδὲ

306 1100 495 1168 τούτῳ
520 1094 612 1152 οὖν
644 1101 938 1170 ἀρκεσθεὶς
977 1102 1006 1153 ό
1035 1099 1262 1164 Ξεναῖας
1287 1142 1301 1166 ,
1335 1105 1433 1172 τῆς
1475 1104 1692 1157 συνόδου
1724 1103 1899 1172 αὐτῆς

307 1191 477 1244 πάλιν
508 1191 955 1260 ἀναθεματισμὸν
985 1231 1000 1251 ,
1036 1192 1130 1244 καὶ
1159 1193 1270 1246 τῶν
1298 1193 1390 1246 δύο
1439 1195 1630 1262 φύσεις
1660 1197 1753 1249 ἐπὶ
1801 1195 1895 1249 τοῦ

307 1283 518 1353 Κυρίου
546 1283 884 1353 εἰρηκότων,
931 1286 1031 1354 τῆς
1073 1285 1276 1353 σαρκὸς
1320 1287 1414 1338 καὶ
1463 1288 1561 1356 τῆς
1598 1287 1852 1358 Θεότητος
1877 1331 1892 1354 ,

305 1375 514 1445 ἀπῄτει
545 1376 634 1428 τὸν
663 1375 988 1429 Φλαϐιανόν.
1021 1377 1112 1446 Μὴ
1147 1377 1558 1441 ὑπακούσαντος
1581 1381 1638 1432 δὲ
1661 1422 1674 1439 ,
1703 1380 1896 1451 ὥσπερ

303 1466 680 1538 Νεστοριανοῦ
711 1468 874 1521 πάλιν
904 1469 1224 1540 κατηγόρει.
1261 1471 1477 1523 Πολλῶν
1504 1473 1560 1524 δὲ
1588 1473 1680 1525 ἐπὶ
1719 1473 1896 1551 τούτῳ

305 1557 712 1626 κεκινημένων,
742 1559 952 1612 καὶτοῦ
977 1560 1322 1630 πατριάρχου
1356 1561 1468 1629 (52)
1510 1563 1726 1614 ἔκθεσιν
1767 1565 1896 1631 περὶ

307 1647 551 1711 πίστεως
609 1651 983 1718 πεποιημένου
1013 1690 1027 1713 ,
1073 1653 1131 1703 ὲν
1245 1654 1394 1723 ιπρὸς
1446 1654 1762 1724 καθαίρεσιν
1796 1657 1895 1724 μὲν

303 1740 610 1807 Νεπορίου
634 1743 727 1795 καὶ
768 1743 1042 1812 Εύτυχοῦς
1072 1746 1171 1814 τὴν
1217 1745 1436 1799 σύνοδον
1465 1748 1718 1817 δέχεσθαι
1747 1750 1894 1819 ὡμο-

303 1831 481 1900 λόγει,
508 1834 582 1902 μὴ
625 1833 809 1902 μέντοι
835 1835 913 1897 εἰς
945 1836 1068 1904 ὅρον
1095 1837 1187 1888 καὶ
1226 1838 1573 1891 διδασκαλίαν
1615 1841 1850 1904 πίστεως
1874 1882 1888 1907 ,

303 1924 475 1978 πάλιν
502 1923 577 1986 ὡς
608 1924 676 1977 τὰ
703 1926 1000 1994 Nec-sopiat:
1027 1929 1274 1991 ὑπούλως
1298 1932 1622 1998 φρονοῦντος
1653 1932 1892 2002 ἐπελαμ-

306 2016 558 2079 ϐάνοντο,
599 2019 649 2069 εἰ
676 2018 756 2094 ,μὴ
786 2019 878 2071 καὶ
907 2020 998 2071 τὸν
1039 2021 1484 2091 ἀναθεματισμὸν
1516 2024 1582 2075 αὑ
1598 2024 1685 2091 τῆς
1721 2041 1892 2094 προσ-

303 2107 432 2176 θείη
472 2108 572 2177 τῆς
610 2109 849 2174 συνόδου,
878 2110 1099 2163 καὶτῶν
1121 2111 1212 2164 δύο
1237 2116 1425 2180 φύσεις
1452 2117 1543 2166 ἐπὶ
1565 2113 1657 2165 τοῦ
1686 2117 1891 2186 Κυρίου

305 2201 613 2270 εἰρηκότων
644 2202 846 2271 σαρκὸς
885 2203 982 2254 καὶ
1022 2203 1302 2273 θεότητος.
1336 2206 1794 2273 Προσυπάγονται
1835 2208 1892 2262 δὲ

303 2291 534 2353 πολλαῖς
565 2291 738 2359 λόγων
767 2292 1002 2354 ἀπάταις
1035 2293 1128 2346 καὶ
1165 2294 1290 2356 τοὺς
1316 2294 1615 2365 Ἰσαυρίους
1637 2298 1768 2365 (53)*
1798 2301 1892 2350 καὶ

304 2382 638 2450 ποιήσαντες
683 2385 1063 2452 γραμματεῖον
1113 2383 1244 2453 περὶ
1287 2385 1529 2449 πίστεως
1556 2428 1570 2450 ,
1628 2389 1686 2440 ὲν
1719 2385 1762 2454 ᾧ
1794 2391 1894 2459 τὴν

305 2473 527 2525 σύνοδον
557 2474 696 2542 μετὰ.
717 2473 826 2526 τῶν
856 2474 949 2526 δύο
990 2474 1180 2542 φύσεις
1207 2477 1528 2544 εἰρηκότων,
1558 2479 1592 2547 ἢ
1625 2480 1893 2550 ἰδιότητας

301 2564 844 2632 ἀναθεματίσαντες,
901 2567 1203 2618 Φλαδιανοῦ
1255 2569 1356 2635 μὲν
1423 2571 1751 2638 ἀφίστανται
1799 2575 1894 2626 καὶ

303 2657 645 2711 Μακεδονίου
680 2673 693 2686 °
739 2658 920 2720 ἄλλοις
971 2659 1028 2711 δὲ
1070 2661 1388 2714 σπένδονται
1416 2663 1767 2732 ύπογράψασι
1819 2663 1894 2734 τῷ

304 2749 700 2818 γραμματείῳ.
731 2749 822 2802 Ἑν
846 2749 1057 2813 τούτοις
1104 2751 1314 2804 καὶτὸν
1358 2754 1755 2824 Ἰεροσολύμων
1785 2757 1893 2808 ἀπ-

301 2839 474 2910 ⁴ᾔτουν
502 2841 778 2912 ἔγγραφον
800 2845 928 2912 περὶ
950 2844 1278 2907 πίστεως·ὃς
1295 2847 1586 2913 ἐκθέμενος
1608 2848 1893 2900 ἀπέστειλε

301 2929 386 2998 τῷ
438 2929 668 2998 βασιλεῖ,
723 2931 792 2982 δι’
825 2931 1006 2984 αὐτῶν
1051 2933 1159 2986 τῶν
1191 2936 1300 2986 ἀπὸ
1352 2940 1667 3006 Διοσκόρου.
1713 2939 1894 3009 Ὅπερ

302 3020 464 3073 αὐτοὶ
496 3021 592 3089 μὲν
614 3021 986 3092 προφέρουσιν
1009 3024 1143 3095 (5ὶ),
1165 3026 1612 3096 ἀναθεματισμὸν
1636 3031 1894 3099 περιέχον

302 3111 417 3163 τῶν
443 3111 534 3162 δύο
571 3111 760 3178 φύσεις
793 3113 1114 3183 εἰρηκότων.
1143 3117 1316 3178 Αὐτὸς
1357 3118 1412 3170 δὲ
1439 3119 1466 3169 ὁ
1506 3119 1896 3189 Ἱεροσολύμων

301 3200 654 3252 νενοθεῦσθαι
682 3203 812 3272 παρ’
840 3203 1020 3255 αὐτῶν
1041 3205 1543 3276 διαϐεϐαιούμενος,
1585 3209 1713 3263 ἀλλο
1749 3228 1886 3280 προ-

301 3293 466 3362 φέρει
486 3292 610 3362 δίχα
633 3295 879 3347 τοιούτου
906 3296 1379 3369 ἀναϐεματισμοῦ.
1414 3302 1526 3352 Καὶ
1563 3303 1622 3353 ού
1654 3303 1843 3371 Θαῦμα
1869 3319 1884 3334 ⁶

303 3385 406 3436 καὶ⁵
429 3384 537 3453 γὰρ
560 3388 653 3438 καὶ
687 3385 881 3452 λόγους
915 3387 1175 3456 Πατέρων
1210 3389 1473 3453 πολλάκις
1507 3392 1885 3448 νενοθεύκασι’

303 3472 536 3536 πολλοὺς
565 3475 624 3526 δὲ
653 3474 1030 3544 Ἀπολινατίου
1057 3477 1268 3542 λόγους,
1297 3479 1602 3552 Ἀθανασίῳ
1627 3483 1721 3535 καὶ
1748 3485 1890 3554 Γρη-

302 3568 480 3638 γορίῳ
512 3569 589 3638 τῷ
620 3567 1057 3639 Θαυματουργῷ,
1085 3572 1180 3624 καὶ
1211 3571 1417 3642 Ἰουλίῳ
1446 3573 1597 3642 (55),
1643 3575 1732 3628 διά
1774 3576 1886 3630 τῶν

301 3660 632 3729 ἐπιγραφῶν
683 3661 1103 3717 ἀνατεθείκασιν
1136 3679 1149 3693 ·
1179 3661 1262 3726 οἷς
1309 3666 1546 3736 μάλιστα
1588 3670 1717 3731 τοὺς
1756 3669 1890 3722 πολ-

302 3752 437 3817 λοὺς
467 3754 604 3824 πρὸς
647 3753 747 3818 τὰς
784 3755 921 3818 ἰδίας
951 3757 1212 3820 ἀσεϐείας
1269 3759 1707 3831 σφετερίξονται.
1755 3761 1890 3813 Ἀπ-

303 3845 470 3916 ῄτουν
494 3846 549 3898 δὲ
583 3848 678 3898 καὶ
707 3847 1042 3900 Μακεδόνιον
1082 3849 1358 3918 ἔγγραφον
1393 3854 1522 3922 περὶ
1553 3853 1808 3916 πίστεωςο
1835 3853 1894 3918 ὃς

303 3937 409 3990 καὶ
443 3937 657 4000 ἐξέθετο
685 3937 786 4008 τὴν
818 3938 929 3991 τῶν
969 3945 1077 4009 τιη¹
1110 3941 1204 3992 καὶ
1233 3941 1341 3993 τῶν
1386 3942 1464 4011 ρν¹
1493 3944 1654 4012 μόνον
1689 3946 1890 3998 εἰδέναι

306 4029 494 4081 πίστιν
521 4028 836 4082 διαϐεϐαιού
846 4047 1028 4100 μενος,
1063 4031 1476 4100 ἀναθεματίζων
1493 4035 1550 4087 δὲ
1568 4035 1886 4106 Νεστόριον,

305 4121 404 4172 καὶ
427 4119 663 4190 Εὐτυχῆ,
695 4122 791 4173 καὶ
820 4121 948 4184 τοὺς
971 4121 1066 4173 δύο
1092 4123 1241 4185 υἱοὺς
1275 4122 1307 4191 ἢ
1339 4124 1610 4193 Χριστοὺς
1631 4125 1889 4193 δογματίο

306 4210 527 4278 ζοντας,
563 4213 597 4282 ἢ
631 4214 729 4279 τὰς
761 4213 953 4282 φύσεις
981 4214 1329 4284 διαιροῦντας
1363 4231 1378 4246 ο
1412 4217 1550 4285 μήτε
1591 4216 1648 4268 δὲ
1683 4219 1781 4286 τῆς
1829 4217 1888 4270 ὲν

2001 562 2312 617 damnaret.
2367 563 2580 629 Quibus
2637 580 2763 617 cum
2813 565 3109 618 Flavianus
3145 566 3440 636 episcopus
3484 567 3583 622 diu

1999 656 2348 725 multumque
2389 657 2703 720 restitisset,
2737 657 2944 726 aliique
2981 674 3178 713 rursus
3203 674 3328 713 cum
3371 659 3584 714 Xenaia

1997 749 2267 803 adversus
2314 747 2470 801 illum
2521 748 2977 814 insurrexissent,
3029 749 3325 804 Eleusinus
3368 752 3586 807 scilicet

1997 841 2224 910 quidam
2261 838 2622 910 Cappadocia
2646 840 2904 894 secunda
2935 841 3252 910 episcopus,
3284 841 3444 912 363
3485 843 3584 896 Ni-

1997 935 2112 987 cias
2140 931 2425 985 Laodicea
2453 946 2575 1000 qua
2605 940 2691 984 est
2721 930 2777 983 in
2822 928 2999 1001 Syria,
3046 940 3102 984 et
3138 947 3205 985 ex
3266 934 3392 986 aliis
3449 933 3586 991 locis

1997 1021 2091 1074 alii
2144 1037 2430 1090 :quorum
2481 1020 2593 1074 odii
2646 1019 2914 1074 adversus
2966 1020 3281 1075 Flavianum
3333 1038 3583 1091 quanam

1999 1129 2177 1168 causa
2204 1113 2430 1175 fuerint,
2476 1111 2624 1165 haud
2653 1121 2910 1166 nostrum
2953 1120 3056 1172 est,
3092 1112 3186 1166 sed
3233 1113 3464 1167 aliorum
3493 1130 3587 1168 ex-

1999 1217 2205 1270 ponere
2237 1220 2250 1254 :
2280 1201 2499 1255 tandem
2529 1201 2654 1256 illos
2686 1201 2792 1255 hoc
2823 1201 2971 1255 facto
3016 1203 3308 1270 quieturos
3342 1219 3465 1258 esse
3501 1222 3588 1258 ar—

2000 1291 2259 1354 bitratus,
2280 1290 2447 1344 cessit
2479 1289 2699 1343 illorum
2723 1289 3085 1343 contentioni.
3111 1288 3358 1358 Cumque
3392 1306 3588 1358 supra-

2001 1384 2178 1437 dictas
2213 1398 2479 1452 personas
2512 1383 2719 1451 scripto
2746 1382 3288 1444 anathematizasset,
3334 1383 3587 1437 libellum

1999 1491 2160 1528 suum
2185 1474 2252 1527 ad
2287 1474 2677 1542 imperatorem
2704 1474 2855 1527 misit
2884 1490 2896 1525 :
2923 1489 3048 1526 nam
3076 1473 3299 1526 ethunc
3321 1473 3589 1528 adversus

1999 1566 2342 1627 Flavianum,
2370 1575 2630 1632 tanquam
2651 1565 2969 1620 Nestoriani
2991 1567 3260 1634 dogmatis
3278 1581 3590 1636 propugna-

2000 1666 2199 1722 torem,
2225 1665 2668 1710 commoverant.
2693 1655 2800 1709 Sed
2834 1672 3016 1724 neque
3062 1657 3164 1710 hac
3211 1673 3268 1711 re
3294 1667 3589 1711 contentus

1999 1749 2257 1810 Xenaias,
2284 1749 2465 1818 exegit
2490 1749 2692 1802 iterum
2734 1765 2762 1801 a
2800 1749 3083 1809 Flaviano,
3118 1757 3179 1801 ut
3209 1758 3265 1802 et
3315 1750 3587 1818 synodum

1925 1813 1964 1868 Β
2003 1839 2199 1906 ipsam,
2235 1847 2289 1893 et
2317 1854 2413 1892 eos
2436 1838 2529 1908 qui
2566 1839 2705 1892 duas
2736 1848 2964 1892 naturas
2991 1839 3046 1892 in
3078 1837 3301 1892 Christo
3323 1839 3591 1907 pradica-

1999 1939 2214 1992 verant,
2239 1931 2469 1984 alteram
2497 1929 2700 1991 carnis,
2720 1931 2945 1984 alteram
2976 1930 3220 1994 deitatis,
3249 1931 3586 1986 anathemati

2001 2023 2320 2090 subjiceret.
2377 2021 2481 2087 Qui
2540 2036 2663 2076 cum
2693 2020 2745 2074 id
2784 2021 2966 2074 facere
3016 2033 3362 2086 recusasset,
3395 2039 3590 2078 rursus

2000 2114 2239 2169 Xenaias
2290 2130 2417 2167 eum
2482 2122 2542 2166 ut
2602 2113 2988 2166 Nestorianum
3043 2115 3340 2168 accusavit.
3405 2114 3591 2170 Multis

2007 2204 2211 2259 deinde
2254 2204 2493 2274 agitatis,
2527 2219 2650 2257 cum
2689 2204 3002 2271 patriarcha
3030 2205 3430 2271 expositionem
3461 2204 3589 2259 fidei

2001 2295 2290 2356 edidisset,
2320 2295 2372 2346 in
2404 2310 2509 2362 qua
2537 2295 2808 2363 synodum
2840 2293 2893 2346 in
2921 2308 2987 2346 eo
3019 2294 3244 2361 quidem
3283 2293 3430 2362 quod
3466 2309 3589 2360 spe-

2001 2396 2114 2440 ctat
2140 2386 2204 2440 ad
2235 2386 2639 2454 depositionem
2660 2385 2899 2438 Nestorii
2925 2394 3088 2453 atque
3114 2385 3400 2454 Eutychis,
3422 2384 3591 2438 susci-

2002 2496 2133 2550 pere
2165 2495 2221 2532 se
2251 2477 2613 2547 profitebatur
2645 2496 2656 2530 :
2689 2486 2957 2546 quantum
3009 2493 3142 2530 vero
3188 2477 3257 2531 ad
3305 2477 3587 2531 deﬁnitio-

2004 2588 2128 2625 nem
2161 2580 2214 2623 et
2237 2570 2546 2623 doctrinam
2577 2568 2726 2631 ﬁdei,
2776 2583 3123 2636 nequaquam
3154 2585 3165 2618 :
3196 2584 3388 2620 rursus
3431 2568 3587 2623 illum

2005 2672 2264 2732 tanquam
2292 2662 2624 2716 Nestoriano
2651 2660 2893 2730 dogmati
2927 2660 3142 2712 occulte
3185 2659 3457 2714 faventem
3505 2659 3591 2712 in-

2003 2755 2357 2814 simularunt,
2384 2752 2490 2805 nisi
2515 2753 2686 2820 ipsam
2713 2766 2934 2820 quoque
2970 2748 3262 2819 synodum,
3289 2759 3344 2801 et
3371 2763 3467 2802 eos
3491 2750 3587 2818 qui

2004 2847 2142 2900 duas
2174 2847 2229 2899 in
2278 2845 2500 2900 Christo
2541 2853 2766 2895 naturas
2796 2842 3081 2903 dixerunt,
3125 2841 3352 2894 alteram
3379 2842 3587 2906 carnis,

2003 2938 2231 2991 alteiam
2275 2933 2518 2995 deitatis,
2580 2931 2921 2985 anathemati
2972 2919 3303 2998 'subjiceret.
3371 2930 3589 2985 Isauros

2003 3042 2266 3098 praterea
2291 3024 2582 3094 multiplici
2614 3024 2907 3077 verborum
2961 3021 3155 3076 fraude
3197 3022 3484 3090 deceptos,
3528 3021 3582 3075 in

2005 3119 2337 3173 sententiam
2389 3133 2545 3171 suam
2592 3122 3008 3185 pertraxerunt.
3059 3113 3126 3167 Et
3177 3112 3588 3181 conscriptione

2007 3211 2133 3264 fidei
2173 3210 2342 3272 edita,
2378 3210 2431 3262 in
2463 3224 2570 3276 qua
2598 3207 2869 3278 synodum
2905 3223 3011 3259 una
3060 3221 3183 3259 cum
3221 3205 3288 3257 iis
3323 3204 3416 3272 qui
3450 3204 3588 3258 duas

2008 3305 2063 3357 in
2096 3303 2318 3358 Christo
2361 3312 2590 3356 naturas
2617 3316 2681 3354 ac
2711 3301 3088 3369 proprietates
3132 3313 3255 3351 esse
3304 3296 3584 3355 dixerunt.

2005 3396 2108 3451 sub
2129 3395 2481 3450 anathemate
2523 3394 2882 3453 damnabant,
2924 3407 2953 3444 a
2983 3389 3226 3444 Flaviani
3265 3389 3488 3458 quidem
3528 3396 3586 3440 et

2005 3482 2306 3538 Macedonii
2360 3481 2752 3536 communione
2820 3495 2942 3534 sese
2986 3479 3327 3546 abrumpunt
3384 3493 3398 3528 :
3458 3491 3585 3529 cum

2004 3575 2129 3629 aliis
2142 3590 2272 3628 vero
2287 3573 2382 3643 qui
2399 3571 2798 3641 conscriptioni
2830 3571 3076 3640 ipsorum
3101 3567 3581 3638 subscripsissent,

1999 3665 2224 3720 {aderis
2275 3664 2592 3718 societatem
2664 3662 2876 3715 ineunt.
2933 3660 3079 3713 Inter
3115 3659 3244 3712 'hac
3305 3656 3587 3726 postulant

1999 3755 2168 3811 etiam
2214 3753 2282 3808 ab
2310 3753 2566 3823 episcopo
2611 3750 3137 3819 Hierosolymorum,
3173 3755 3236 3801 ut
3289 3747 3584 3800 formulam

2001 3845 2130 3900 fidei
2157 3860 2268 3900 sua
2294 3843 2625 3898 conscribat.
2661 3841 2834 3907 Quam
2860 3841 2950 3894 ille
2986 3856 3113 3894 cum
3143 3839 3432 3899 edidisset,
3484 3853 3585 3908 per

2001 3946 2308 3993 sectatores
2330 3935 2579 3991 Dioscori
2621 3934 2772 3988 misit
2822 3933 2889 3988 ad
2937 3934 3352 4002 imperatorem.
3381 3931 3469 3984 -Et
3519 3946 3585 3984 ea

1998 4031 2224 4101 quidem
2250 4045 2413 4099 quam
2436 4028 2540 4097 ipsi
2562 4027 2874 4097 proferunt,
2903 4023 3429 4079 anathematismum
3453 4036 3587 4076 con-

1997 4123 2139 4178 tinet
2175 4137 2371 4177 eorum
2423 4121 2518 4191 qui
2553 4120 2691 4174 duas
2717 4119 2774 4172 in
2797 4117 3021 4172 Christo
3073 4125 3298 4170 naturas
3325 4114 3583 4184 pradica-

1995 4222 2151 4270 runt.
2173 4215 2296 4284 Ipse
2327 4229 2459 4268 vero
2484 4210 2994 4282 Hierosolymorum
3015 4207 3339 4277 episc0pus,
3370 4218 3494 4258 eam
3515 4201 3585 4257 ab

1473 4373 1745 4428 VALESII
1804 4371 2374 4429 ANNOTATIONES.

305 4511 497 4584 carius
519 4511 594 4584 ita
621 4511 810 4566 vertit.
841 4511 1154 4584 Anastasius
1186 4515 1356 4584 quiete
1380 4516 1576 4584 potitus
1604 4532 1633 4566 α
1659 4513 1882 4584 praliis,

307 4581 682 4651 Mandonium
708 4583 1072 4650 patriarcham
1104 4581 1340 4637 avertere
1370 4581 1434 4637 ab
1474 4585 1764 4637 orthodoxa
1782 4583 1886 4651 ﬁde

304 4650 607 4721 satagebat.
642 4651 799 4705 Multi
843 4661 1021 4724 autem
1065 4656 1427 4724 episcoporum
1456 4655 1738 4709 Anastasio
1763 4671 1888 4724 gra-

1999 4513 2201 4566 Verum
2243 4509 2556 4580 Antiquarii
2593 4509 2722 4582 dum
2756 4507 2828 4582 _in
2873 4503 3169 4582 scribendo
3198 4511 3580 4582 properarent,

1995 4582 2197 4635 iterum
2231 4582 2334 4636 hoc
2373 4576 2493 4634 loco
2537 4579 2862 4648 particulam
2897 4576 3214 4648 negativam
3248 4576 3577 4648 omiserunt.

1995 4652 2169 4705 Porro
2217 4667 2315 4720 per
2360 4643 2551 4703 vocem
2582 4650 2670 4702 διὰ
2701 4649 2922 4720 τούτους
2943 4643 3246 4712 ,ἶηιειιίεἰι
3271 4643 3580 4720 ριίοόοτυῃι

308 4712 454 4776 ιὶαπῖ
474 4731 808 4791 ρνανειαηεεε,
839 4712 1254 4777 (ΣΙιαίεεάόηεηεί
1288 4725 1597 4777 resistebant
1625 4712 1846 4778 concilio
1867 4764 1882 4788 ,
1911 4724 1965 4783 D
1993 4712 2343 4785 Tarsensem,
2377 4720 2727 4775 Theodorum
2761 4718 3232 4791 Mopsuestennm,
3271 4712 3578 4791 theodori-

344 4808 536 4845 uorum
579 4794 778 4862 primus
831 4801 949 4845 erat
1000 4793 1286 4862 Eleusium
1327 4793 1666 4862 Sasignensis.
1696 4796 1884 4850 Graca

359 4859 669 4935 beophahjs
689 4864 777 4935 _sic
808 4863 1035 4935 habent,
1061 4859 1138 4916 ὧν
1177 4867 1395 4935 πρῶτος
1441 4860 1512 4935 ἦν
1545 4864 1825 4935 Ἐλεύσιος
1855 4867 1884 4916 ό

306 4933 562 5002 ἀσήμων.
599 4932 706 4987 Sed
761 4934 1112 4987 scribendum
1157 4932 1262 4998 est,
1308 4932 1632 4995 Ἐλευσίνιος
1667 4934 1696 4986 ὁ
1721 4935 1886 4987 Σασί-

405 5020 455 5065 ν,
491 5003 958 5072 quemadmodum
990 5005 1256 5059 scribitur
1287 5004 1342 5057 in
1366 5003 1562 5058 codice
1596 5004 1884 5060 Vaticano.

392 5082 476 5126 rte
520 5073 775 5127 monachi
852 5074 1152 5128 Palastina
1215 5072 1488 5128 afﬁrmant
1565 5073 1886 5129 Eleusinum

310 5143 465 5197 hunc
521 5144 843 5213 episcopum
889 5143 1058 5199 fuisse
1090 5147 1344 5199 secunda
1373 5143 1756 5213 Cappadocia.
1792 5145 1890 5199 Est

312 5160 465 5197 nunc
521 5160 550 5196 e
594 5160 843 5213 iscopum
889 5160 1058 5199 luisse
1090 5160 1344 5199 secunda
1373 5160 1756 5213 mppaoocra.
1792 5160 1890 5199 nst

308 5221 498 5267 autem
544 5160 756 5268 gasima
818 5213 954 5267 urbs
1003 5214 1362 5284 Cappadocia
1421 5214 1696 5277 secunda,
1729 5215 1890 5284 cujus

309 5283 444 5337 olim
485 5285 779 5354 episcopus
805 5284 910 5338 fuit
937 5283 1234 5354 Gregorius
1263 5284 1660 5348 Nazianzenus,
1691 5283 1887 5354 quem-

309 5353 614 5476 aduliodum
647 5353 850 5410 docent
869 5353 1090 5410 Notitia
1119 5364 1356 5420 veteres,
1378 5363 1434 5410 et
1465 5354 1734 5424 imprimis
1757 5353 1888 5410 Hie-

309 5437 410 5476 roc
431 5438 515 5476 es.

309 5437 515 5478 ιὀειεε.

384 5493 500 5563 (51)
540 5495 643 5548 Διὰ
669 5495 921 5561 τούτους
945 5496 1300 5564 εἰρηνεύειν.
1341 5494 1704 5549 Scribendum
1731 5493 1890 5548 vide-

308 5571 404 5618 tur
432 5564 793 5644 εἰρηνεύσειν,
827 5573 923 5644 aut
960 5566 1173 5644 potius‘
1193 5564 1444 5644 addenda
1494 5573 1579 5644 est
1623 5564 1892 5644 particula

306 5635 568 5705 negativa
590 5635 696 5690 hoc
718 5636 883 5690 modo
903 5635 1129 5705 νομίσας
1147 5635 1235 5688 διὰ
1255 5637 1476 5698 τούτους
1497 5638 1569 5704 μὴ
1591 5635 1892 5703 εἰρηνεύειν

306 5705 528 5776 αύτούς.
551 5704 609 5759 id
637 5714 741 5770 est,
765 5704 982 5761 illorum
1012 5708 1188 5776 gratia
1215 5707 1354 5772 ipsos
1387 5722 1490 5776 non
1511 5706 1775 5776 quiescere
1796 5720 1892 5776 ar-

306 5771 560 5831 bitratus.
605 5776 719 5833 Nec
752 5777 949 5834 dubito
987 5771 1121 5848 q'uin
1152 5771 1420 5848 Evagrius
1467 5771 1540 5831 ita
1586 5772 1890 5844 scripserit.

1993 4801 2111 4844 tum
2143 4801 2200 4845 et
2236 4779 2465 4845 caeteros
2506 4805 2672 4859 supra
2719 4779 3072 4842 memoratos.
3114 4779 3251 4839 Vide
3286 4781 3580 4850 TbeOpha-

1992 4861 2457 4995 neigé)pkct?1toﬁ
2478 4928 2862 4996 πατριάρχου.
2905 4925 3224 4979 Flavianum
3242 4920 3578 4996 Antiochenf

1994 4991 2110 5057 sem
2139 5001 2460 5070 episcopum
2491 4991 2762 5066 intelligit.
2790 4996 2945 5070 Quod
2977 5010 3087 5070 non
3125 5008 3436 5070 monerem,
3469 4991 3574 5046 nisi

1996 5073 2052 5126 in
2078 5063 2850 5144 versioneChristophorsoni
2883 5065 3140 5144 mendum
3170 5063 3442 5144 subesset.

2069 5142 2182 5210 (55)
2221 5141 2331 5195 Καὶ
2355 5141 2496 5204 τοὺς
2527 5132 2883 5205 Ἰσαυριόυς.
2928 5134 3150 5189 Rectius
3174 5134 3228 5187 in
3259 5132 3576 5200 Nicephoro

1995 5212 2259 5266 seribitur
2293 5211 2433 5263 Ἰσαύ
2443 5226 2588 5280 ρους.

2067 5281 2178 5351 (54)
2206 5283 2391 5347 Ὅπερ
2423 5269 2746 5351 ἀύτοίγμέξν
2787 5274 3212 5351 προφέρουσιν.
3253 5269 3573 5351 _Snpplenda

1992 5340 2214 5406 videtur
2260 5340 2576 5420 corijunctio
2609 5340 2661 5402 in
2698 5340 2845 5401 hunc
2891 5340 3113 5398 modum
3135 5385 3150 5406 ,
3182 5343 3275 5394 καὶ
3308 5341 3445 5409 ὅπερ
3473 5340 3576 5408 μὲν

1993 5423 2148 5475 αὐτοὶ
2178 5423 2563 5492 προφέρουσιν,
2594 5430 2715 5492 εις,-
2743 5487 2754 5492 _
2845 5484 2864 5492 _
3023 5483 3035 5492 _
3202 5481 3216 5492 _
3401 5477 3432 5492 _.
3520 5478 3531 5489 .

2062 5492 2175 5560 (55)
2216 5481 2324 5545 Καὶ
2361 5481 2631 5560 "leviter,
2660 5487 2808 5560 Vide
2845 5483 3134 5560 Leontium
3184 5481 3252 5560 de
3302 5481 3467 5560 sectis
3518 5481 3572 5531 in

1991 5551 2209 5615 actione
2241 5570 2450 5614 octava.
2471 5551 2573 5612 Ubi
2603 5555 3092 5624 docetAcepbalos
3121 5551 3383 5620 epistolas
3403 5563 3574 5616 quas-

1991 5631 2117 5684 dam
2163 5631 2310 5685 Julio
2338 5631 2600 5700 episcop.
2650 5629 2806 5682 Rom.
2839 5623 3131 5688 tribuisse,
3164 5636 3285 5692 qua
3331 5633 3392 5673 re
3442 5633 3570 5670 vera

1991 5708 2152 5757 erant
2173 5698 2522 5770 Apollinaris.
