4124 6332
386 406 528 473 9ἒ89

1325 408 1709 470 HISTORIA!
1749 406 2345 469 ECCLESIASTlC/E
2383 396 2615 466 LIBER
2656 402 2768 467 ΙΙΙ.

3500 413 3643 477 2690

392 518 630 589 πομένη.
672 517 962 586 ’Δρμὲνειά
984 534 1042 570 τε
1061 519 1155 571 καὶ
1182 518 1251 572 τὰ
1268 517 1636 589 πλησιάζοντα
1669 516 1795 586 ἔθνη
1840 516 1957 569 Ῥω

2075 513 2369 586 Egyptum
2426 516 2590 582 rexit,
2645 528 2705 574 ut
2757 518 2827 574 ab
2881 520 3239 577 historiarum
3293 524 3657 592 scriptoribus

392 610 576 679 ναίοις
607 609 936 680 προσετέθη,
978 608 1099 680 μεθ’
1136 609 1338 682 ἑτέρων
1372 613 1626 679 ἱστορεῖς.
1662 608 1877 679 Μικροῦ
1908 608 1967 659 δέ

389 717 459 767 με
489 700 735 754 διέλαθεν
768 698 804 753 ἃ
833 701 898 753 σὺ
945 700 1171 770 γράφεις
1214 702 1305 753 τὸν
1335 702 1748 754 Κωνσταντῖνον
1798 717 1966 753 κατα-

387 791 723 863 πράξασθαι,
758 791 903 860 μάλα
945 792 1217 859 γεννικῶς
1259 796 1351 847 καὶ
1391 793 1651 862 ἀνδρείως
1683 793 1782 861 τῆς
1829 793 1966 846 Ῥω-

389 884 568 953 μαίων
626 884 1039 954 ἐξηγησάμενον
1113 887 1291 957 ἀρχῆς
1351 887 1489 955 μετὰ
1538 886 1637 955 τῆς
1690 884 1965 956 ἡμετέρας

385 975 710 1047 θρησκείας,
748 976 843 1029 καὶ
886 972 975 1028 οἷα
1015 975 1286 1029 πέπονθεν
1336 976 1622 1039 Ἰουλιανὸς
1667 979 1695 1030 ὁ
1732 978 1823 1038 σὸς
1872 977 1965 1037 καὶ

382 1068 499 1121 τῶν
528 1065 635 1119 σῶν
661 1066 865 1138 ὀργίων
895 1066 1190 1137 θιασώτης,
1220 1066 1524 1137 τηλικαῦτα
1565 1067 1856 1136 τραύματα
1893 1071 1961 1137 τῇ

384 1158 637 1229 πολιτείᾳ
669 1158 1099 1222 καταλελοιπώς.
1131 1160 1192 1211 Εἰ
1227 1158 1284 1211 δέ
1331 1177 1384 1211 τι
1413 1159 1523 1211 τῶν
1555 1156 1958 1227 προφητευθὲν-

380 1264 495 1303 των
536 1251 663 1317 περὶ
720 1248 821 1318 τῆς
872 1248 969 1301 τοῦ
1019 1250 1229 1319 κόσμου
1273 1249 1529 1317 τελευτῆς
1588 1248 1621 1318 ἢ
1676 1247 1962 1317 προοίμιον

384 1341 632 1411 εἰληφεν,
691 1340 724 1411 ἢ
764 1343 858 1393 καὶ
902 1341 964 1393 τὸ
1014 1342 1187 1412 πέρας
1233 1341 1465 1405 δέξεται,
1515 1339 1759 1409 μείζονάς
1814 1341 1962 1391 ἔστιν

380 1432 720 1503 οἰκονομίας,
761 1430 796 1501 ἦ
849 1432 992 1485 κατὰ
1045 1432 1127 1485 σέ.
1194 1431 1572 1499 Ἐξετάσωμεν
1618 1430 1675 1481 δὲ
1701 1432 1749 1481 εἰ
1790 1429 1959 1490 δοκεῖ,

379 1528 531 1587 ὅπως
553 1525 603 1577 οἱ
632 1524 699 1576 τὰ
745 1522 1015 1591 Ἑλλήνων
1060 1522 1501 1593 πρεσϐεύσαντες
1553 1522 1815 1591 βασιλεῖς,
1868 1522 1961 1574 καὶ

378 1622 530 1683 ὅπως
584 1622 634 1672 οἱ
672 1618 749 1673 τὰ.
790 1618 885 1672 τοῦ
918 1619 1159 1689 Χριστοῦ
1217 1616 1583 1681 ζηλώσαντες,
1652 1619 1751 1688 τὴν
1811 1618 1959 1688 βασι-

378 1711 536 1764 λείαν
572 1708 861 1763 ἀπέθεντο.
890 1710 965 1762 Οὐ
1017 1707 1235 1779 πρῶτος
1293 1710 1452 1770 Γάϊος
1504 1708 1719 1771 Ἰούλιος
1746 1711 1961 1777 Καῖσαρ

384 1802 762 1872 μοναρχήσας,
812 1798 1192 1869 δολοφονηθεὶς
1244 1800 1335 1853 τὸν
1378 1799 1493 1867 βίον
1553 1798 1962 1868 κατέστρεψεν;

2075 602 2341 658 traditum
2378 610 2481 660 est.
2510 602 2628 657 Jam
2650 620 2784 659 vero
2807 618 2942 677 quot
2976 610 3230 680 regiones
3248 610 3518 680 adempta:
3545 611 3655 667 sint

2074 692 2258 750 Persis
2290 708 2320 748 a
2344 693 2605 749 Ventidio
2634 704 2691 750 et
2717 712 2747 749 a
2774 696 3095 754 Corbulone
3142 699 3379 756 Neronis
3409 703 3582 756 duce:
3623 718 3654 758 a

2074 784 2282 840 Severo
2319 786 2450 839 item
2481 801 2546 840 ac
2574 787 2811 855 Trajano
2834 798 2892 844 et
2920 788 3096 853 Caro;
3128 806 3158 845 a
3191 790 3383 847 Cassio
3433 809 3655 863 quoque

2073 885 2129 931 et
2154 876 2456 932 Odaenatho
2485 878 2813 949 Palmyreno
2846 890 2902 935 et
2946 882 3242 953 Apollonio
3290 894 3347 939 et
3397 885 3466 938 ab
3498 886 3652 940 aliis:

2076 969 2297 1039 quoties
2330 980 2598 1038 praeterea
2618 971 2870 1027 Seleucia
2899 983 2957 1028 et
2977 974 3279 1046 Ctesiphon
3301 978 3467 1031 urbes
3481 988 3656 1045 capta:

2070 1062 2217 1125 sint;
2249 1064 2469 1131 quoties
2498 1063 2728 1126 Nisibis,
2762 1080 2911 1120 nunc
2940 1066 3005 1121 ad
3047 1068 3346 1132 Romanos,
3404 1084 3554 1122 nunc
3586 1068 3652 1122 ad

2070 1153 2265 1209 Persas
2325 1156 2633 1219 transiens;
2687 1156 2942 1211 Armenia
3002 1158 3245 1227 denique
3290 1174 3355 1214 ac
3410 1159 3654 1214 ﬁnitima:

2069 1254 2262 1314 gentes
2297 1246 2546 1301 Romano
2578 1248 2811 1317 imperio
2852 1248 3128 1319 adjuncta:
3155 1250 3389 1317 fuerint;
3425 1262 3481 1305 tu
3546 1268 3653 1307 una

2070 1352 2194 1391 cum
2240 1337 2469 1407 reliquis
2497 1339 2867 1407 scriptoribus
2898 1341 3095 1394 refers.
3134 1340 3239 1395 Sed
3300 1357 3440 1411 pene
3461 1343 3656 1397 omise-

2073 1443 2188 1481 rant
2221 1443 2283 1480 ea
2318 1444 2439 1496 qme
2460 1436 2515 1481 tu
2554 1430 2755 1482 scribis
2786 1430 3037 1483 confecta
3058 1440 3180 1484 esse
3204 1447 3233 1484 a
3266 1430 3653 1492 Constantino,

2070 1518 2165 1588 qui
2191 1533 2315 1573 cum
2342 1529 2584 1573 nostram
2610 1521 2933 1589 religionem
2960 1521 3335 1589 profiteretur,
3362 1522 3652 1589 imperium

2070 1606 2379 1660 Romanum
2426 1616 2651 1661 strenue
2709 1624 2773 1661 ac
2827 1608 3047 1661 fortiter
3090 1609 3551 1662 administtavit:
3598 1618 3657 1665 et

2068 1707 2271 1768 quanta
2321 1713 2618 1767 perpessus
2666 1700 2739 1753 sit
2789 1699 3042 1753 Julianus
3089 1708 3252 1763 tuus,
3328 1700 3651 1754 corumdem

2071 1798 2253 1843 tecum
2286 1788 2675 1858 mysteriorum
2724 1788 3020 1858 particeps,
3066 1789 3161 1859 qui
3223 1798 3303 1844 tot
3352 1805 3415 1845 ac
3474 1799 3653 1846 tantas

375 1894 443 1945 ού
476 1892 729 1961 δεύτερον
765 1891 862 1944 τὸν
892 1890 1116 1958 ἔκγονον
1139 1890 1391 1960 Τιϐερίου
1428 1890 1589 1942 Γάϊον
1612 1888 1722 1941 τῶν
1752 1890 1809 1941 ἐν
1849 1891 1957 1952 τοῖς

2066 1880 2462 1934 eladesintulit
2493 1880 2831 1950 reipublicae.
2869 1880 3064 1936 Utrum
3104 1896 3236 1935 vero
3282 1896 3476 1936 eorum
3528 1897 3652 1952 qua

379 1983 794 2053 στρατεύμασιν
828 1981 960 2034 ἔνιοι
1019 1980 1196 2049 ξίφεσι
1236 1981 1625 2050 διεχρήσαντο;
1674 1981 1734 2033 ού
1770 1981 1961 2045 Νέρων

377 2074 518 2143 πρός
550 2090 698 2136 τινος
736 2072 846 2124 τῶν
886 2072 1105 2124 οἰκείων
1164 2071 1446 2141 ἀνῃρέθης
1488 2071 1560 2129 ,οὐ
1628 2071 1839 2133 Γάλϐας
1894 2072 1963 2122 τὰ

383 2167 736 2237 καραπλήσια
798 2166 1099 2229 πέπονθεν;
1150 2164 1332 2218 Ὄθων
1360 2181 1418 2217 τε
1454 2164 1571 2216 ica)..-
1602 2163 1873 2225 Βιτελλιος
1907 2163 1956 2215 οἰ

374 2258 529 2327 τρεῖς
557 2254 980 2326 βασιλεύσαντες
1010 2254 1205 2325 μόνους
1233 2253 1530 2307 ἑκκαίδεκα
1569 2254 1765 2323 μῆνας.
1800 2254 1959 2307 Τῖτον

374 2348 438 2401 δὲ
478 2346 984 2418 βασιλεύσαντα,.οὐ
1016 2346 1343 2417 Δομετιανὸς
1394 2347 1710 2416 φαρμάκοις
1734 2344 1961 2415 ἀδελφὺν

372 2438 511 2493 θντα
555 2454 621 2507 γε
678 2437 868 2503 αὐτοῦ,
916 2437 1166 2503 άνείλεν;
1202 2438 1262 2491 οὐ
1312 2438 1640 2507 Δομετιανὸς
1698 2436 1835 2507 πρὸς
1866 2435 1959 2489 τοῦ

374 2529 651 2598 Στεφάνου
683 2528 934 2593 δειλαίως
950 2530 1058 2581 τῶν
1088 2529 1342 2583 ἐντεῦθεν
1373 2528 1609 2599 μετέστη
1634 2545 1650 2594 ;
1693 2529 1759 2581 Τί
1786 2527 1842 2581 δὲ
1865 2528 1963 2582 καὶ

372 2617 507 2685 περὶ
535 2616 780 2686 Κομόδου
796 2617 903 2687 φής
933 2632 949 2682 ;
973 2618 1085 2686 Οὐχ
1114 2612 1267 2680 οὗτος
1294 2618 1398 2670 ὑπὸ
1418 2618 1731 2688 Ναρκίσσου
1747 2617 1960 2687 τδνβίον

372 2707 679 2772 ἁπέλιπενίς
744 2706 1015 2777 Περτίναξ
1038 2707 1107 2774 ⁸⁸,
1130 2710 1226 2761 καὶ
1243 2710 1549 2775 Ἰουλιανὸς,
1566 2711 1626 2763 οὐ
1653 2709 1761 2762 τῶν
1780 2711 1961 2762 αὐτῶν

370 2795 594 2865 ετυχονς
636 2797 953 2861 ’Λντωνῖνος
987 2798 1043 2850 δὲ
1072 2800 1101 2852 ὁ
1132 2801 1398 2869 Σευήρου,
1417 2801 1477 2853 οὐ
1511 2800 1679 2853 Γέταν
1695 2802 1786 2853 τὸν
1806 2800 1960 2857 ἀδελ-

369 2886 476 2954 φὸν
527 2886 838 2958 διέφθειρε,
901 2887 973 2941 τὰ
1022 2890 1379 2960 παραπλήσια
1417 2892 1512 2944 καὶ
1560 2892 1723 2955 αὐτὸς
1771 2892 1959 2945 παθὼν

371 2973 482 3026 ὑπὸ
508 2974 849 3047 Μαρτιαλίου
875 2993 891 3043 ;
919 2977 985 3029 Τί
1017 2977 1074 3030 δὲ
1105 2978 1201 3031 καὶ
1242 2979 1545 3049 Μακρῖνος,
1588 2982 1649 3033 οὐ
1681 2983 1809 3051 περί¹
1850 2981 1955 3035 Βυ-

370 3061 591 3123 ζάντιον
638 3064 995 3136 αἰχμαλώτου
1053 3067 1210 3137 δίκην
1264 3069 1603 3139 περιαχθεὶς,
1667 3073 1807 3142 πρὸς
1848 3073 1956 3124 civ

371 3156 656 3265 ῗῗετέρων
698 3158 1051 3228 στρατιωτῶν
1108 3161 1508 3232 ὲμιαιφονήθης
1548 3163 1657 3217 Καὶ
1686 3164 1954 3235 Αὐρήλιος
1981 3208 2023 3265 c

366 3245 428 3299 δὲ
468 3245 785 3312 ’Δντωνῖνος
815 3252 844 3303 ὁ
890 3249 951 3315 ἐξ
1018 3251 1273 3323 Ἐμέσης,
1305 3252 1365 3306 οὐ
1412 3254 1550 3322 μετὰ
1592 3256 1691 3325 τῆς
1746 3256 1954 3328 μητρὸς

367 3336 727 3405 atauo-pem;
762 3338 822 3390 Ὀ
851 3337 909 3390 δέ
934 3354 999 3406 γε
1033 3339 1151 3408 μετ’
1169 3340 1331 3393 αὑτὸν
1373 3340 1746 3411 Ἀλέξανδρος,
1780 3343 1844 3395 οὐ
1876 3341 1955 3413 τῷ

370 3424 524 3494 αὐτῷ
559 3426 657 3478 σὺν
696 3430 761 3498 τῇ
818 3428 990 3498 μητρὶ
1040 3430 1430 3497 περιπέπτωκε
1461 3431 1739 3502 δράματι;
1782 3434 1847 3487 Τί
1885 3434 1953 3487 ἂν

366 3515 620 3585 εἰποιμεν
642 3517 738 3570 καὶ
762 3520 892 3589 περὶ
910 3519 1241 3594 Μαξιμίνου,
1268 3521 1404 3590 πρὸς
1432 3522 1530 3591 τῆς
1546 3506 1754 3587 οἰκείας
1783 3540 1953 3594 στρα-

369 3608 495 3667 τιᾶς
549 3609 1024 3679 ἁναιρεθέντος,ἥ
1092 3611 1385 3682 Γορδιανοῦ
1450 3613 1949 3684 ἰπιϐουλεύμασμ⁸

364 3698 641 3752 ⁴ιιλίπτιου
678 3701 782 3753 ὑπὸ
823 3701 934 3753 τῶν
973 3702 1192 3755 οἰκείων
1231 3705 1582 3772 στρατιωτῶν
1618 3698 1716 3775 τήν
1748 3708 1952 3762 τέλειον

369 3790 695 3855 {imm/ivro;
724 3793 972 3862 ἡμέραν;
994 3794 1137 3861 Λέγε
1160 3793 1218 3846 δὲ
1265 3794 1354 3857 σὺ,
1385 3796 1533 3859 ὅπως
1576 3784 1949 3864 τεῡίλιππος,

366 3881 523 3935 καὶό
558 3884 676 3953 μετ’
727 3884 891 3936 αὑτὸν
948 3884 1159 3948 Δέκιος,
1216 3888 1315 3957 οὐχ
1369 3887 1476 3940 ὑπὸ
1525 3886 1635 3940 τῶν
1674 3890 1952 3959 πολεμίων

364 3971 741 4051 διεςθάρῃσαν
768 3991 783 4041 ;
822 3975 918 4028 καὶ
955 3975 1154 4040 Γάλλος
1196 3977 1253 4030 δὲ
1284 3980 1377 4031 καὶ
1407 3977 1818 4045 Βουλουσιανὸς,
1850 3982 1949 4052 οὐχ

366 4064 473 4115 ὑπὸ
500 4064 611 4116 τῶν
650 4066 867 4119 οἰκείων
909 4066 1193 4138 δυνάμεων
1240 4068 1340 4139 τῆς
1366 4070 1517 4139 σφῶν
1539 4070 1685 4140 ζωῆς
1709 4072 1949 4143 ἐξώσθη-

370 4171 470 4207 σαν
494 4172 509 4216 ;
534 4156 598 4209 Τί
618 4156 731 4217 δαὶ,
757 4158 849 4210 καὶ
880 4159 1218 4228 Αἰμιλιανὸς,
1251 4163 1311 4214 οὺ
1346 4165 1461 4225 τοῖς
1502 4164 1688 4227 αὐτοῖς
1722 4168 1955 4234 περιπέ-

368 4261 619 4312 πτωκενς
655 4246 1023 4317 Οὐαλεριανὸς
1053 4249 1133 4314 δὲ,
1168 4250 1229 4302 οὐ
1263 4250 1600 4321 δορυάλωτος
1635 4253 1947 4322 γενόμενος,

366 4337 394 4384 ὑ
408 4334 473 4387 πὸ
511 4335 741 4407 Περσῶν
774 4338 1105 4410 περιήγετος
1139 4340 1433 4412 Γαλλιήνου
1458 4341 1514 4394 δὲ
1564 4342 1951 4413 ὃολοιξονηθέν-

361 4442 477 4488 τος,
513 4425 607 4478 καὶ
640 4427 884 4496 Καρίνου
911 4430 1368 4497 σφαγιασθέντος,
1393 4434 1451 4493 ὲς
1472 4432 1852 4501 Διοκλητιανον
1882 4433 1946 4486 τὰ

2063 1973 2131 2026 de
2165 1972 2356 2025 mundi
2378 1971 2531 2025 exitu
2556 1972 2816 2041 praedicta
2844 1980 2993 2035 sunt,
3029 1982 3124 2026 aut
3144 1973 3365 2041 aliquod
3381 1975 3493 2043 jam
3522 1990 3651 2043 pro-

2067 2062 2282 2117 ludium
2310 2063 2610 2132 acceperit,
2642 2071 2738 2115 aut
2770 2062 2934 2116 linem
2966 2064 3267 2118 sortiturus
3311 2066 3404 2129 sit,
3436 2066 3655 2121 altioris

2062 2163 2149 2207 est
2188 2153 2643 2223 dispensationis,
2675 2171 2837 2222 quam
2866 2163 2926 2209 ut
2979 2171 3037 2209 tu
3074 2172 3269 2226 capere
3302 2158 3500 2227 possis.
3542 2157 3654 2213 Ex—

2063 2244 2371 2315 pendamus
2400 2254 2608 2309 autem,
2638 2250 2681 2298 si
2716 2247 2917 2315 placet,
2941 2262 3180 2316 quonam
3209 2246 3374 2301 modo
3408 2248 3650 2316 impera-

2063 2345 2216 2391 tores
2244 2336 2341 2405 qui
2387 2336 2679 2405 gentilium
2733 2338 3187 2406 superstitio'nem
3224 2337 3647 2407 profitebantur,

2060 2438 2117 2484 et
2149 2443 2389 2498 quonam
2444 2428 2610 2483 modo
2630 2431 2723 2497 qui
2772 2430 3099 2494 religionem
3152 2429 3361 2485 Christi
3408 2430 3647 2500 amplexi

2061 2529 2214 2586 sunt,
2252 2522 2521 2591 regnandi
2580 2523 2746 2575 simul
2801 2538 2866 2577 ac
2902 2522 3125 2577 vivendi
3176 2523 3341 2577 finem
3384 2523 3642 2577 fecerint.

2063 2612 2261 2667 Annon
2291 2612 2457 2667 Caius
2498 2614 2681 2667 Julius
2725 2612 2928 2677 Caesar,
2961 2616 3057 2684 qui
3104 2615 3319 2683 primus
3369 2614 3647 2683 singulare

2059 2701 2353 2771 imperium
2411 2702 2674 2765 obtinuit,
2737 2719 2845 2773 per~
2883 2703 3137 2757 fraudem
3211 2715 3378 2773 atque
3418 2704 3650 2759 insidias

2028 2820 2031 2821 ν
2060 2790 2414 2858 interfectus,
2446 2809 2511 2847 ex
2540 2793 2645 2848 hac
2676 2794 2798 2847 luce
2832 2793 3122 2863 migravit?
3170 2794 3367 2848 Annon
3402 2794 3645 2849 alterum

2057 2882 2253 2938 Caium
2319 2883 2529 2937 Tiberii
2581 2891 2863 2953 nepotem,
2910 2885 3135 2953 quidam
3201 2884 3409 2938 milites
3450 2884 3650 2952 gladiis

2057 2976 2473 3030 obtruncarunt
2496 2976 2519 3028 ?
2542 2976 2803 3045 Nunquid
2828 2976 2974 3030 Nero
3011 2992 3040 3029 a
3072 2975 3309 3044 quodam
3339 2991 3407 3029 ex
3460 2976 3649 3030 dome—

2059 3068 2219 3122 sticis
2250 3066 2564 3121 trucidatus
2583 3065 2701 3120 est?
2740 3065 2936 3119 Annon
2958 3065 3131 3120 Galba
3161 3064 3397 3118 similem
3431 3064 3645 3118 exitum

2058 3162 2185 3216 vitas
2230 3159 2427 3214 habuit
2463 3177 2477 3212 :
2519 3157 2665 3214 Otho
2692 3154 2851 3211 'item
2896 3172 2962 3211 ac
2986 3157 3245 3212 Vitellius
3282 3174 3297 3209 :
3358 3158 3453 3226 qui
3509 3166 3651 3220 tres.

2056 3251 2298 3307 sedecim
2363 3249 2633 3304 duntaxat
2697 3249 2972 3302 mensium
3045 3247 3225 3317 spatio
3283 3246 3645 3316 imperarunt.

2056 3343 2243 3397 Titum
2269 3356 2495 3412 quoque
2540 3341 2935 3408 imperatorem
2992 3338 3245 3407 nunquid
3301 3337 3650 3392 Domitianus

2053 3436 2175 3506 ejus
2203 3434 2377 3489 frater
2406 3448 2621 3489 veneno
2640 3430 2956 3487 interfecit?
2987 3430 3108 3499 Ipse
3131 3443 3264 3482 vero
3300 3428 3650 3483 Domitianus

2054 3524 2305 3595 nunquid
2326 3540 2356 3578 a
2376 3523 2664 3593 Stephano
2680 3529 2927 3583 necatus,
2954 3519 3259 3575 miserabili
3279 3520 3431 3573 exitu
3456 3516 3649 3588 periit?

2054 3617 2196 3685 Quid
2221 3615 2291 3671 de
2322 3613 2628 3671 Commodo
2654 3610 2850 3667 dices?
2881 3610 3077 3665 Annon
3104 3608 3184 3663 illi
3226 3607 3390 3678 377
3419 3607 3643 3662 Narcis-

2054 3724 2152 3765 sus
2184 3706 2459 3762 violentas
2485 3720 2686 3760 manus
2729 3702 2950 3760 intulit?
3009 3702 3268 3757 Pertinax
3317 3715 3547 3769 quoque
3587 3705 3671 3755 et.

2050 3800 2331 3861 Julianus,
2377 3797 2629 3866 nunquid
2665 3795 2866 3851 similia
2918 3794 3061 3864 passi
3106 3792 3275 3847 sunt?
3330 3790 3449 3847 Jam
3509 3805 3643 3845 vero

2051 3893 2362 3948 Antoninus
2386 3889 2574 3945 Severi
2608 3887 2776 3945 ﬁlius,
2801 3901 2985 3940 nonne
3007 3884 3198 3940 Getam
3222 3884 3445 3938 fratrem
3466 3881 3647 3935 inter-

2050 3982 2203 4042 fecit,
2228 3990 2285 4036 et
2316 3980 2434 4050 ipse
2467 3986 2658 4049 postea
2696 3976 2863 4031 simili
2906 3975 3102 4029 mortis
3132 3989 3333 4045 genere
3390 3972 3649 4027 sublatus

2050 4082 2136 4126 est
2165 4090 2195 4125 ιι
2223 4068 2514 4124 Martiale?
2550 4066 2692 4133 Quid
2716 4066 3015 4128 Macrinus,
3043 4079 3227 4118 nonne
3257 4064 3403 4117 circa
3428 4061 3640 4131 Byzan-

2054 4161 2190 4215 tium
2227 4158 2430 4228 captivi
2464 4157 2638 4210 instar
2656 4154 3097 4217 circumductus,
3124 4168 3152 4206 a
3206 4152 3322 4207 suis
3372 4150 3644 4204 militibus

2053 4252 2263 4307 nefarie
2290 4249 2603 4303 trucidatus
2658 4248 2779 4302 est?
2833 4246 3093 4301 Aurelius
3147 4244 3277 4298 item
3326 4241 3650 4296 Antoninus

2049 4353 2208 4398 ortus
2236 4358 2302 4397 ex
2330 4342 2468 4397 urbe
2499 4342 2719 4404 Emesa,
2745 4353 2930 4392 nonne
2961 4352 3069 4391 una
3115 4350 3239 4391 cum
3282 4344 3459 4387 matre
3504 4348 3643 4386 con-

2050 4437 2235 4490 fossus
2284 4432 2535 4487 interiit?
2588 4433 2653 4485 Et
2707 4430 2800 4499 qui
2855 4429 2933 4483 illi
2981 4426 3250 4483 successit
3297 4424 3637 4483 Alexander.

365 4514 671 4586 πράγματα
708 4518 995 4587 περιέστη,
1025 4519 1121 4573 καὶ
1144 4519 1239 4584 οὓς
1268 4520 1429 4585 αὐτὸς
1460 4522 1635 4575 εἵλετο
1661 4524 1946 4595 συνάρχειν

2058 4540 2237 4580 nouue
2268 4523 2435 4577 simili
2468 4522 2620 4577 exitu
2650 4536 2756 4575 una
2792 4536 2915 4578 cum
2950 4528 3124 4574 matre
3181 4518 3426 4573 interiit?
3482 4517 3623 4584 Qui]

362 4607 549 4677 αὐτῷ·
582 4608 643 4673 ἐξ
667 4602 743 4662 ὧν
790 4609 1104 4681 Ἐρκούλιος
1130 4612 1476 4682 Μαξιμιανδς
1523 4614 1614 4666 καὶ
1647 4615 1944 4679 angam;

358 4705 389 4752 ὁ
416 4699 611 4754 τούτου
646 4704 797 4767 παῖς,
828 4703 925 4755 καὶ
947 4703 1220 4768 Λικίννιος
1249 4704 1328 4767 δὲ,
1356 4707 1411 4767 ες
1432 4704 1633 4776 ἔσχατα
1656 4706 1947 4778 διεφθάρη-

362 4789 713 4858 σαν.Ἐξὸτου
740 4794 798 4847 δὲ
832 4796 1243 4859 Κωνσταντῑνος
1272 4799 1301 4849 ὁ
1356 4798 1710 4868 παναοξδιμος
1748 4816 1943 4869 παρει-

2047 4617 2227 4671 dicam
2261 4615 2329 4670 de
2358 4614 2679 4677 Maximino,
2715 4613 2865 4682 quia
2890 4612 3131 4683 propriis
3168 4610 3436 4665 militibus
3484 4611 3622 4665 intc-

2046 4720 2297 4778 remptus
2329 4707 2451 4761 est?
2482 4706 2624 4772 Quid
2648 4705 2716 4760 de
2746 4705 3050 4766 Gordiano,
3093 4705 3187 4775 qui
3225 4703 3446 4757 insidiis
3498 4702 3619 4789 Plii-

2044 4804 2179 4875 lippi
2204 4820 2231 4876 τι
2263 4801 2536 4855 militibus
2553 4799 2669 4854 suis
2688 4808 2919 4853 necatus
2943 4798 3201 4852 ultimum
3225 4796 3371 4851 diem
3397 4792 3638 4849 clausit?

357 4885 524 4957 λήψει
577 4886 678 4958 τὴν
740 4886 937 4958 ἀρχὴν,
992 4889 1086 4941 καὶ
1133 4888 1234 4961 τὴν
1269 4889 1558 4960 ἐπώνυμον
1598 4890 1747 4961 αὐτῷ
1790 4892 1943 4945 πόλιν

2058 4897 2161 4952 lam
2191 4908 2325 4947 vero
2381 4891 2671 4960 Philippus
2714 4899 2771 4945 ot
2817 4889 3039 4950 Decius,
3096 4888 3187 4943 dic
3228 4886 3389 4950 mihi,
3422 4884 3636 4957 quzesii,

358 4978 693 5047 δειμάμενος
721 4978 803 5049 τῷ
834 4979 1057 5050 Χριστῷ
1086 4980 1461 5048 ἀνατέθεικεν,
1493 4981 1732 5051 ᾶθρειδή
1774 4999 1863 5049 μοι
1896 4984 1950 5036 εἴ

358 5086 445 5131 τις
470 5069 581 5122 τῶν
620 5071 681 5122 ὲν
704 5070 844 5139 αὐτῇ
876 5069 1164 5139 βασιλέων,
1203 5072 1496 5129 Ἰουλιανοῦ
1522 5073 1647 5144 δίχα
1673 5074 1768 5126 τοῦ
1808 5076 1949 5145 ἰερο-

359 5159 570 5226 φάντου
596 5177 694 5213 σου
720 5162 818 5214 καὶ
843 5160 1135 5232 βασιλέως,
1168 5161 1203 5234 ἢ
1243 5163 1381 5234 πρὸς
1401 5163 1512 5217 τῶν
1540 5164 1811 5235 οἰκείωνῆ
1842 5165 1951 5217 τῶν

357 5251 623 5306 ἐναντίων
651 5251 948 5323 διεφθάρη,
969 5252 1004 5323 ἢ
1030 5254 1169 5317 ὅλως
1205 5252 1472 5326 τύραννος
1512 5254 1780 5325 βασιλέως
1812 5272 1933 5309 κατ-

359 5342 782 5410 εδυνάστευσεν,
829 5343 863 5413 ἢ
913 5346 1073 5414 μόνον
1137 5343 1464 5401 Βασιλίσκου
1488 5349 1605 5427 (962
1645 5347 1949 5415 ἑξὼσαντος

2050 5000 2233 5040 annon
2271 4983 2340 5039 ab
2371 4980 2625 5037 hostibus
2656 4978 2933 5036 interfecti
2958 4978 3125 5035 sunt?
3156 4977 3346 5032 Gallus
3377 4986 3558 5031 autem
3578 4986 3640 5031 et:

2048 5076 2388 5133 Volusianus
2440 5088 2628 5129 nonne
2663 5088 2693 5127 a
2727 5072 2845 5127 suis
2872 5071 3214 5127 exercitibus
3239 5078 3370 5125 sunt
3411 5069 3589 5124 necati
3611 5067 3648 5121 τ

2047 5167 2383 5224 Εωὶιίσηυδ
2438 5180 2662 5236 quoque
2714 5178 2902 5219 nonne
2962 5163 3129 5218 simili
3186 5162 3339 5217 exitu
3396 5156 3649 5214 interiit?

2047 5257 2168 5313 Jam
2206 5255 2554 5318 Valerianus,
2590 5268 2777 5309 nonne
2809 5254 2865 5307 in
2904 5253 3091 5323 pra'lio
3118 5262 3334 5323 captus,
3362 5266 3392 5305 ο
3453 5248 3647 5305 Persis

2048 5346 2469 5401 circumductus
2504 5342 2635 5400 est?
2658 5344 2905 5415 Denique
2945 5344 3198 5401 Gallieno
3232 5360 3329 5416 per
3383 5340 3636 5397 fraudem

1639 5462 1877 5518 VARIA“.
1913 5459 2312 5517 ιεσιίυΝι-ςε,

498 5556 560 5611 C.
582 5554 646 5611 C.
666 5556 937 5628 Περτίναξ
964 5574 1045 5611 τε.
1123 5558 1245 5615 “C.
1273 5558 1335 5617 C.
1392 5559 1844 5629 ἱπιὸουλεύματι.

1566 5673 1835 5729 VALESlI
1877 5668 2433 5725 ANNOTATIO’NES.

436 5764 549 5831 (93)
614 5765 695 5817 ἮΔ
755 5767 949 5834 μόνον
1005 5767 1401 5821 Βασιλξσκου.
1460 5769 1517 5822 ln
1566 5782 1712 5821 mani

364 5851 519 5890 σκου.
548 5834 759 5888 Mallem
793 5845 976 5890 tamen
997 5835 1203 5902 dicere,
1240 5838 1376 5907 πλὴν
1410 5840 1573 5907 μόνον
1605 5847 1712 5889 etc.

755 5767 949 5834 μόνον
1005 5767 1401 5821 Βασιλξσκου.
1460 5769 1517 5822 ln
1566 5766 1946 5834 manuscripto

2058 5761 2179 5816 dice
2212 5760 2521 5815 Telleriano
2582 5762 2852 5829 scriptum
2913 5754 3181 5827 inveni,ﬂ
3221 5751 3384 5821 μόνον
3418 5745 3639 5804 Baetu-
