4124 6332
251 429 391 495 ξτυι

327 540 421 606 (τ’.
466 538 599 609 Περὶ
637 535 964 606 Ἕιρραιμὶου
990 534 1082 586 τοῦ
1119 534 1257 601 μετὰ
1289 529 1619 601 Εὐφράσιον.

326 634 400 686 Ζ’.
448 633 582 702 Περὶ
635 630 861 698 Ζωοι;;.ἄ
909 628 1004 681 κα)⁵
1064 625 1310 678 Ἰωάννου
1350 623 1456 676 τῶν
1490 620 1837 691 θαυματουρ-

249 722 388 792 γῶν.

326 816 410 867 II’.
452 814 587 882 "sp".
618 812 920 866 καθολικῶν
957 810 1315 880 παθημάτων.

322 903 403 957 9’.
447 903 533 967 '0;
569 903 853 964 Ἰουστῖνος
883 900 964 953 ἔτι
983 899 1092 964 ζῶν
1115 894 1541 968 συμϐασιλεύειν
1567 891 1719 961 αύτῷ
1745 890 1837 946 τὸν

265 994 642 1047 Ἰουστινιανὸν
673 992 868 1045 εἵλετο.

324 1088 382 1139 l'.
419 1087 542 1136 Ὅτι
579 1081 958 1144 Ἰοοστινιανὸς
1012 1082 1131 1151 μὲν,
1174 1080 1302 1142 τοὺς
1344 1077 1443 1144 τὴν
1474 1073 1835 1145 Χαλκηδόνιον

249 1177 477 1230 σύνοδον
538 1175 969 1245 ἀποδεχομένους
1017 1174 1241 1243 ἠγάπα·
1299 1167 1553 1238 Θεοδώρα
1607 1166 1664 1219 δὲ
1710 1165 1836 1229 τοὺς

254 1271 537 1331 ἐναντίους
564 1267 685 1321 ἔστε
696 1286 847 1338 ργεν.

326 1364 429 1413 IA'.
500 1360 590 1423 '0;
656 1360 923 1429 Ἀνθιμον
972 1356 1066 1410 τὸν
1123 1351 1753 1415 Κωνσταντινοοπόλεως
1806 1351 1836 1404 ὁ

249 1454 494 1525 Σευῆρος
546 1452 853 1523 διέστρεψε,
904 1449 998 1503 καὶ
1058 1447 1341 1500 Θεοδόσιον
1404 1444 1499 1497 τὸν
1576 1443 1833 1508 Ἀλεξαν-

246 1545 440 1615 δρείας
490 1542 584 1607 οὓς
631 1544 661 1595 ό
734 1542 989 1612 βασιλεὺς
1045 1537 1327 1605 ἐξελάσας,
1392 1535 1615 1605 ἐτέρους
1699 1551 1835 1588 κατ-

246 1638 383 1704 εστη
393 1654 503 1689 σεν.

323 1729 424 1785 ΙΒ¹.
466 1728 559 1781 Ἐκ
583 1727 680 1796 τῆς
711 1724 953 1795 ἱστορίας
984 1720 1293 1795 Προκοπίου
1326 1717 1655 1787 Καισαρέως
1704 1716 1832 1785 περὶ

242 1819 509 1875 Καόάδου
546 1820 638 1872 τοῦ
670 1817 899 1889 Περσῶν
947 1815 1234 1885 βασιλέως,
1274 1814 1366 1866 καὶ
1421 1810 1665 1879 Χοσρόου
1713 1807 1830 1862 υἱοῦ

242 1911 438 1965 αὑτοῦ.

322 2002 420 2056 Il".
449 2001 584 2072 Περὶ
628 1998 1093 2070 Ἀλαμουνδάρου,
1118 1996 1215 2050 καὶ
1257 1993 1577 2064 Ἀζαρέτοο,
1606 1994 1701 2047 καὶ
1730 1993 1831 2061 τῆς

242 2098 308 2149 ἐν
352 2093 636 2165 Βυζαντίῳ
697 2092 963 2157 στάσεως,
1011 2089 1115 2160 τῆς
1165 2089 1396 2164 ἐπίκλην
1455 2086 1727 2157 λαϐούσης
1769 2084 1831 2139 τὸ

242 2187 421 2241 Νίκα.

320 2279 422 2330 ΙΔ’.
457 2276 595 2345 Περὶ
640 2273 942 2343 Ὀνωρίχου
966 2271 1063 2325 τοῦ
1113 2271 1389 2325 Βανδίλων
1418 2271 1699 2342 ἄρχοντος,
1736 2271 1833 2324 καὶ

242 2368 358 2421 τῶν
391 2366 954 2436 γλωσσοτομηθέντων
982 2362 1322 2433 Χριστιανῶν
1357 2362 1485 2434 παρ’
1538 2361 1722 2415 αὑτοῦ.

317 2461 423 2514 IE'.
456 2458 590 2529 Περὶ
631 2457 937 2510 Καδαώνου
958 2455 1054 2509 τοῦ
1090 2455 1465 2525 Μαυρουσίου.

320 2553 439 2617 ις’.
462 2550 595 2620 Περὶ
613 2549 708 2618 τῆς
737 2548 1097 2617 Βελισσαρίου
1131 2548 1271 2600 κατὰ
1300 2546 1571 2602 Βανδίλων
1604 2548 1835 2619 ἐκστρα-

240 2642 420 2706 τείας,
450 2642 548 2693 καὶ
578 2640 676 2710 τῆς
704 2639 911 2693 τούτων
950 2638 1402 2707 ἐξολοθρεύσεως.

317 2733 422 2787 IZ'.
462 2734 597 2805 Περὶ
626 2731 733 2784 τῶν
785 2730 893 2783 ἀπὸ
939 2730 1203 2800 ’Δφρικῆς
1254 2730 1519 2784 ἐλθόντων
1554 2730 1829 2803 λαφύρων.

316 2828 428 2879 IH'.
462 2825 599 2896 Περὶ
646 2825 757 2876 τῶν
811 2823 919 2876 ἀπὸ
971 2821 1269 2892 προσώπου
1319 2821 1496 2893 Ἰησοῦ
1527 2821 1644 2876 υἱοῦ
1676 2824 1832 2894 Ναυῆ

240 2919 643 2985 ἀποφυγόντων
671 2915 955 2969 Φοινίκων.

316 3012 421 3064 ιθι.
494 3010 629 3081 Περὶ
678 3008 1003 3079 Θευδερίχου
1065 3011 1161 3063 τοῦ
1209 3006 1411 3059 Γότθου
1456 3008 1553 3060 καὶ
1607 3006 1715 3060 τῶν
1772 3008 1830 3061 ἐν

253 3101 451 3173 Ῥώμῃ
517 3100 839 3168 σομῦάντων
893 3099 985 3151 ὑπ’
1042 3096 1211 3152 αὑτοῦ
1266 3098 1395 3168 ἄχρι
1460 3098 1568 3151 τῶν
1623 3098 1833 3168 χρό-Αον

254 3186 662 3250 ἰουστινιανοῦ,
695 3188 788 3240 καὶ
817 3187 892 3249 ὡς
926 3187 1087 3240 πάλιν
1118 3189 1150 3256 ὴ
1189 3186 1375 3256 Ῥώμη
1403 3187 1509 3239 ὑπὸ
1544 3186 1835 3259 Ῥωμαίοις

240 3279 498 3347 γέγονεν,
530 3276 835 3345 Οὑῖτίγιδος
869 3279 1131 3347 φυγόντος
1153 3278 1256 3330 ὑπὸ
1286 3278 1476 3333 αὐτοῦ.

316 3369 405 3426 K'.
471 3372 558 3434 '0;
590 3372 641 3424 οἱ
697 3372 986 3442 λεγόμενοι
1023 3372 1295 3443 Ἔρουλοι,
1354 3376 1413 3426 ἐν
1455 3375 1568 3438 τοῖς
1623 3372 1834 3444 χρόνοις

252 3462 640 3518 ’1ουστινιανοῦ
677 3458 1109 3532 ἐχριστιάνισαν.

318 3553 455 3609 KA'.
500 3554 586 3617 '0;
612 3556 773 3607 πάλιν
805 3555 910 3608 ὑπὸ
942 3554 1165 3618 Γότθοις
1211 3557 1504 3623 γεγονυῖαν
1556 3555 1656 3625 τὴν
1699 3554 1836 3608 Ῥώ-

240 3663 385 3719 μην,
415 3642 567 3707 αὖθις
597 3649 626 3700 ό
659 3646 976 3718 Βελισάριος
1002 3646 1338 3700 ἀνεσώσατο.

318 3740 455 3795 KB’.
504 3738 593 3804 '0;
622 3740 717 3793 καὶ
762 3738 1023 3807 Ἀϐασγοὶ
1048 3738 1355 3810 τηνικαῦτα
1406 3740 1834 3812 ἐχριστιάνισαν.

320 3919 456 3973 KI".
500 3918 588 3983 Ὠς
620 3920 715 3973 καὶ
746 3920 796 3972 οί
827 3919 917 3973 τὸν
958 3918 1161 3972 Τάναϊν
1195 3918 1495 3983 οἰκοῦντες,
1533 3918 1838 3987 τηνικαῦτα

239 4012 695 4084 ἐχριστιάνισανυ
755 4014 852 4064 καὶ
901 4011 1030 4080 περὶ
1083 4009 1323 4079 σεισμῶν
1375 4011 1433 4063 ἐν
1474 4009 1683 4065 Ἑλλάδι
1742 4010 1839 4064 καὶ

252 4107 459 4178 Ἀχαΐᾳ
488 4104 813 4175 γεγονότων.

324 4285 451 4337 KA'.
487 4283 623 4354 Περὶ
673 4280 899 4353 Ναρσοῦ
928 4281 1023 4335 τοῦ
1055 4281 1367 4354 στρατηγοῦ
1400 4280 1494 4335 καὶ
1528 4280 1837 4351 θεοφιλείας

235 4374 439 4431 αὑτοῦ.

321 4480 456 4539 κε’.
504 4482 593 4545 '0;
620 4484 650 4536 ὁ
694 4482 942 4552 Χοσρόης
984 4480 1163 4551 φθόνῳ
1208 4482 1399 4545 τακεὶς
1428 4483 1522 4536 ἐπὶ
1574 4486 1697 4547 ταῖς
1749 4484 1840 4537 εύ-

240 4574 516 4645 ημερίαις
563 4572 963 4638 Ὶουστινιανοῦ,
992 4572 1136 4625 κατὰ
1177 4572 1466 4643 Ῥωμαίων
1485 4574 1835 4643 ἐστράτευσε,

241 4666 349 4719 καὶ
380 4664 640 4727 πλείστας
678 4661 853 4722 πόλεις
890 4662 1110 4715 καθεῖλε
1154 4663 1490 4733 Ῥωμαῐκὰς,
1521 4666 1578 4717 ἐν
1628 4659 1717 4727 αἶς
1746 4664 1842 4717 καὶ

238 4758 352 4828 τὴν
383 4756 627 4826 μεγάλην
663 4755 1018 4829 Ἀντιόχειαν,

323 4850 474 4915 KQ".
510 4848 644 4919 IIsz
674 4846 770 4899 τοῦ
806 4846 1092 4914 γεγονότος
1126 4844 1411 4915 θαύματος
1456 4848 1516 4899 ἐν
1566 4845 1842 4917 Ἀπαμεία

239 4941 348 4995 τοῦ
382 4940 568 5009 τιμίου
599 4938 692 4991 καὶ
713 4936 982 5001 ζωοποιοῦ
1024 4936 1186 5003 ξύλου
1209 4936 1307 4989 τοῦ
1342 4937 1602 5009 σταυροῦ.

324 5029 455 5085 ΚΖ’.
483 5032 620 5101 Περὶ
656 5030 752 5100 τῆς
779 5031 857 5091 είς
887 5028 1149 5082 Ἔδεσσαν
1182 5031 1542 5102 ἐκστρατείας
1570 5032 1814 5104 Χοσρόου

322 5214 462 5269 KII'.
481 5213 550 5265 I'Ia
561 5212 617 5282 ρὶ
633 5211 725 5265 τοῦ
743 5211 1028 5279 γεγονότος
1050 5212 1107 5263 ἐν
1119 5211 1346 5280 Σεργίου
1368 5211 1521 5266 πόλει
1539 5212 1838 5283 θαύματος.

325 5308 458 5359 103'.
488 5306 623 5375 Περὶ
653 5304 747 5357 τοῦ
778 5304 1029 5374 λοιμικοῦ
1062 5304 1289 5366 πάθους.

322 5398 405 5450 A'.
478 5397 612 5466 Περὶ
700 5396 795 5466 τῆς
858 5395 1319 5466 φιλοχρηματίας,
1370 5396 1464 5451 καί⁵
1532 5397 1839 5467 ἀπληστίας

256 5493 365 5543 ’1ου
374 5490 663 5543 στινιανοῦ.

322 5584 452 5639 AA'.
512 5586 644 5656 Περὶ
692 5584 785 5637 τοῦ
822 5584 1060 5653 μεγάλου
1092 5584 1223 5638 ναοῦ
1256 5586 1353 5655 τῆς
1399 5586 1583 5651 Ἀγίας
1616 5588 1836 5655 Σοφίας,

245 5676 350 5732 καὶ
377 5677 488 5730 τῶν
534 5677 734 5746 ’Λγίων
780 5678 1145 5730 ’Λποστόλων.

323 5769 451 5824 AB’.
507 5770 639 5839 Περὶ
691 5774 787 5838 τῆς
837 5774 893 5823 ἐν
930 5771 1219 5840 τῷΚοανῴ
1268 5773 1518 5842 χρώματι

248 5862 390 5920 lio);
420 5860 619 5931 μανίας
653 5864 855 5931 μᾶλλον
886 5864 915 5932 ἦ
948 5864 1151 5930 ιςεὲίας,

1559 5774 1651 5825 ττιῦ
1688 5774 1840 5843 βασι·

1152 418 1536 479 ΙΙΙΞΤΟΙΗᾸΞ
1577 416 2171 477 ΕΩΕἱΕΞῐΑὸΤίΕΕ
2223 416 2454 475 LIBER
2498 416 2590 475 iV.

3363 417 3505 480 9.702

2015 528 2100 580 VI.
2130 529 2205 581 Ile
2242 529 2555 594 Ὴιιῖιΐξιιιήἷο
2587 528 2620 580 ζῖ
2667 525 2871 596 ρῖιιαειτ-λῖ
2914 542 3255 583 successore.

2012 618 2121 671 VII.
2171 619 2244 673 De
2277 618 2489 672 Zusima
2523 630 2579 674 ct
2609 619 2819 674 Joanne
2865 618 2957 689 qui
2984 619 3269 674 miraculis
3305 618 3520 673 clarue~

1940 719 2087 763 I‘UIII.

2008 801 2143 854 VIII.
2171 802 2245 855 De
2270 802 2438 857 totius
2459 803 2609 857 orbis
2647 804 3073 859 calamitatibus.

2008 891 2099 945 IX.
2149 891 2437 958 Quomodo
2482 894 2735 949 Justinus
2772 896 2952 949 adhuc
2992 894 3207 958 vivens,
3253 892 3517 962 collegam

1939 982 2153 1051 imperii
2177 983 2547 1038 Iustinianum
2575 987 2887 1056 assumpsit.

2007 1073 2074 1127 X.
2108 1073 2357 1140 Qualiter
2394 1075 2740 1130 Iustinianus
2769 1077 2994 1147 quidem
3026 1091 3122 1130 eos
3169 1074 3389 1129 amabat
3424 1074 3517 1141 qui

1935 1166 2438 1221 Ultalcedonensem
2470 1167 2738 1238 synodum
2780 1168 3251 1237 amplecterentur
3283 1184 3296 1219 :
3336 1165 3521 1219 Theo-

1936 1258 2071 1314 dora
2098 1274 2229 1313 vero
2264 1275 2360 1314 eos
2387 1264 2481 1329 qui
2511 1260 2781 1331 synodum
2812 1260 2957 1314 illam
2994 1259 3393 1329 improbarent.

2006 1351 2097 1406 XI.
2130 1353 2418 1419 Quomodo
2449 1353 2686 1408 Severus
2704 1352 3024 1406 Anthimum
3056 1351 3521 1419 Constantinopo-

1935 1444 2003 1501 lis
2016 1444 2333 1514 episcopum
2355 1454 2410 1499 et
2433 1434 2805 1500 Theodosium
2828 1444 3146 1513 episcopum
3178 1440 3521 1495 Alexandriae

1935 1539 2283 1606 pervenerit,
2322 1539 2524 1607 quibus
2556 1538 2687 1593 sede
2727 1553 2827 1592 sua
2868 1536 3145 1606 expulsis,
3173 1535 3522 1590 Iustinianns

1935 1631 2073 1685 alios
2094 1632 2404 1686 substituit.

2005 1720 2122 1776 XII.
2151 1723 2225 1778 De
2272 1722 2488 1777 Gavade
2522 1723 2812 1777 Persarum
2846 1737 2993 1792 rege,
3042 1730 3097 1775 et
3145 1721 3213 1774 de
3260 1719 3370 1773 ﬁlio
3399 1720 3522 1788 θίγε

1933 1813 2214 1881 Chosroe,
2272 1830 2342 1868 ex
2400 1814 2557 1868 libris
2621 1814 2989 1868 historiarum
3033 1813 3288 1881 Procopii
3339 1810 3523 1865 Caesa-

1935 1906 2155 1962 riensis.

2002 1998 2141 2053 XIII.
2172 2000 2247 2053 De
2270 1998 2645 2054 Alamundaro
2674 2007 2730 2054 et
2762 1998 2993 2053 Azareto
3030 2015 3043 2051 :
3076 1998 3222 2052 etde
3245 1998 3520 2053 seditione

1933 2097 2056 2159 qna:
2076 2099 2197 2145 orta
2214 2099 2302 2145 est
2316 2089 2815 2161 Constantinopoli,
2842 2090 2931 2146 cui
2953 2105 3253 2161 cognomen
3280 2090 3517 2143 inditum

1936 2181 2039 2237 fuit
2060 2182 2221 2237 Νίκα.

2004 2275 2143 2331 XIV.
2170 2276 2246 2331 De
2271 2276 2550 2331 Hunerico
2599 2276 2967 2331 Vandalorum
2995 2290 3141 2345 rege,
3171 2284 3228 2329 et
3262 2275 3329 2328 de
3352 2272 3519 2327 Chri-

1934 2368 2127 2423 stianis
2154 2368 2358 2437 quibus
2390 2367 2629 2437 linguam
2656 2366 3074 2438 prazcidijussit.

2005 2459 2121 2513 XV.
2153 2460 2227 2513 De
2254 2458 2509 2513 Cabaone
2536 2458 2745 2513 Mauro.

2006 2548 2143 2605 XVI.
2170 2551 2244 2605 De
2274 2550 2523 2605 Belisarii
2556 2550 2908 2619 expeditione
2938 2549 3205 2603 adversus
3223 2547 3517 2611 Vandalos,

1935 2658 2240 2712 eorumque
2275 2643 2675 2697 internecione.

2008 2734 2168 2789 XVII.
2204 2735 2277 2788 De
2307 2734 2497 2803 spoliis
2530 2749 2652 2803 qua:
2684 2734 2853 2787 relata
2877 2741 3007 2787 sunt
3035 2749 3103 2787 ex
3132 2733 3338 2786 Alrica.

2007 2826 2195 2881 XVIII.
2226 2827 2301 2881 De
2325 2826 2686 2881 Phtnnicibus
2708 2826 2802 2896 qui
2828 2825 3001 2897 rogati
3035 2836 3165 2880 sunt
3194 2840 3225 2879 a
3248 2826 3377 2880 Iesu
3409 2824 3522 2878 lilio

1938 2917 2108 2973 Nave.

2011 3008 2153 3064 XIX.
2190 3011 2266 3065 De
2299 3012 2647 3066 Theodorico
2681 3011 2990 3067 Gothorum
3039 3027 3186 3081 rege,
3230 3020 3285 3065 et
3331 3010 3400 3063 de
3438 3010 3526 3065 his

1940 3118 2061 3172 quae
2092 3104 2185 3158 illo
2214 3114 2475 3175 regnante
2504 3120 2678 3174 usque
2710 3104 2777 3158 ad
2808 3103 3102 3158 Iustiniani
3134 3115 3383 3171 tempora
3417 3102 3527 3157 R0-

1943 3212 2043 3252 maa
2063 3197 2383 3252 acciderunt
2410 3216 2422 3250 :
2458 3207 2626 3268 utque
2648 3197 2819 3251 Roma
2846 3197 3044 3251 iterum
3073 3197 3127 3250 in
3151 3197 3526 3251 Romanorum

1941 3298 2269 3358 potestatem
2302 3290 2518 3344 venerit
2544 3305 2668 3343 cum
2700 3290 2905 3360 Vitiges
2940 3289 3092 3342 illinc
3117 3288 3439 3357 aufugisset.
3580 3272 3583 3275 I

2012 3382 2129 3438 XX.
2166 3384 2451 3449 Quomodo
2481 3384 2774 3438 IUstiniani
2810 3384 3149 3453 temporibus
3182 3383 3333 3437 Eruli
3364 3382 3529 3438 Chri-

1943 3476 2173 3529 stianam
2204 3477 2364 3533 [idem
2388 3477 2621 3547 amplexi
2648 3477 2779 3531 sint.

2015 3566 2467 3634 XXl.Quomodo
2508 3568 2806 3623 Belisarius
2844 3569 3038 3623 urbem
3087 3569 3320 3622 Romam
3363 3583 3529 3637 quam

1944 3655 2106 3711 Gothi
2142 3659 2341 3711 iterum
2371 3668 2634 3727 ceperant
2666 3660 3033 3728 recuperavit.

2016 3748 2179 3803 XXII.
2211 3749 2497 3815 Quomodo
2525 3751 2719 3804 iisdem
2741 3751 3081 3819 temporibus
3097 3751 3531 3822 Abasgiquoqne

1944 3836 2314 3893 Christianam
2361 3838 2521 3893 Iidem
2556 3839 2791 3908 amplexi
2817 3846 2965 3893 sunt.

2017 3931 2208 3986 XXIII.
2247 3931 2533 3997 Quomodo
2572 3935 2739 3984 etiam
2774 3930 3003 3984 Barbari
3048 3930 3143 3998 qui
3178 3930 3408 3984 Tanaim
3441 3945 3532 3983 ac-

1946 4024 2157 4083 colunt,
2201 4023 2570 4079 Christianam
2609 4024 2927 4093 religionem
2960 4024 3189 4089 amplexi
3224 4024 3353 4077 sint.
3394 4023 3533 4077 Item

1948 4117 2015 4171 de
2054 4127 2215 4172 terrae
2237 4116 2481 4172 motibus
2514 4117 2610 4186 qui
2637 4117 2694 4170 in
2719 4115 2928 4171 Graecia
2964 4124 3019 4169 et
3048 4115 3248 4169 Achaia
3289 4117 3535 4186 contige-

1950 4219 2097 4265 runt.

2019 4301 2182 4372 383
2217 4300 2409 4356 XXIV.
2443 4302 2520 4356 De
2558 4301 2729 4356 Narse
2771 4299 3033 4371 magistro
3074 4300 3334 4365 mititum,
3365 4308 3422 4354 et
3463 4300 3533 4353 de

1949 4397 2194 4468 ejusdem
2221 4398 2443 4465 pietate.

2017 4488 2179 4542 XXV.
2214 4487 2500 4554 Quomodo
2538 4485 2836 4541 Cbrosroes
2862 4486 2934 4541 ob
2975 4502 3063 4541 res
3095 4502 3353 4558 prospere
3384 4501 3412 4539 a
3439 4486 3538 4541 Iu-

1947 4579 2185 4634 stiniano
2208 4590 2394 4649 gestas
2423 4578 2629 4633 invidia
2651 4578 2966 4633 stimulatus
2988 4580 3187 4633 bellum
3218 4578 3401 4631 intulit
3429 4580 3537 4632 Ro-

1946 4670 2147 4733 manis,
2186 4671 2495 4739 multasque
2525 4670 2689 4725 urbes
2721 4671 2936 4739 imperii
2978 4670 3241 4733 Romani,
3282 4679 3445 4740 atque
3477 4671 3533 4723 in

1949 4762 2035 4816 his
2060 4777 2311 4832 magnum
2342 4763 2690 4817 Antiochiam
2725 4763 3013 4817 destruxit.

2016 4858 2206 4913 XXVI.
2248 4860 2321 4912 De
2347 4859 2571 4928 pretiosi
2604 4874 2666 4912 ac
2694 4856 2895 4910 viviﬁci
2929 4857 3059 4926 ligni
3107 4865 3308 4911 sanetae
3351 4856 3533 4910 ClllClS

1948 4949 2218 5003 miraculo
2246 4949 2392 5017 quod
2420 4950 2656 5017 Apamia:
2685 4948 2890 5003 factum
2920 4959 3024 5003 est.

2021 5040 2233 5096 XXVII.
2274 5042 2346 5095 De
2376 5040 2639 5096 Cbosrois
2680 5042 3032 5111 expeditione
3068 5042 3333 5096 adversus
3360 5040 3530 5095 Edes-

1950 5147 2087 5187 sam.

2015 5224 2252 5279 XXVIII.
2286 5226 2360 5279 De
2393 5218 2661 5279 miraculo
2687 5225 2832 5294 quod
2858 5224 3060 5279 factum
3090 5236 3174 5278 est
3200 5222 3527 5295 Sergiopoli.

2018 5315 2208 5371 XXIX.
2244 5318 2319 5372 De
2348 5318 2628 5386 pestilenti
2658 5317 2873 5371 morbo.

2016 5404 2181 5459 XXX.
2217 5407 2293 5460 De
2322 5405 2639 5475 inexplebili
2676 5406 2905 5460 avaritia
2934 5407 3255 5463 Iustiniani.

2014 5585 2204 5640 XXXI.
2236 5588 2311 5641 De
2338 5602 2532 5657 magna
2560 5588 2790 5642 ecclesia
2823 5588 3037 5644 Sanctae
3068 5587 3282 5659 Sophia'
3314 5596 3365 5639 et
3390 5586 3527 5639 San-

1944 5688 2161 5732 ctorum
2190 5680 2601 5750 Apostolorum.

2015 5771 2226 5826 XXXII.
2264 5772 2336 5825 De
2366 5772 2657 5827 Iustiniani
2678 5772 2861 5827 furore
2893 5775 3073 5842 potius
3105 5788 3265 5842 quam
3294 5772 3529 5824 benevo—

1948 5862 2110 5916 lentia
2148 5879 2273 5935 (νεα
2318 5864 2612 5919 Iac-tionem
2641 5864 2996 5920 Venetorum.
