4124 6332
613 371 752 436 2711

1822 334 2142 444 ΕΫΑῦΙὶΙΙ
2182 382 2670 449 SCHOLASTICI

3734 384 3872 449 2712

612 489 672 535 et
713 480 867 548 quasi
919 482 1207 537 exordium
1254 492 1612 539 venturarum
1660 487 2058 544 calamitatum.
2103 490 2203 545 Et-

2313 493 2482 546 τάτων
2517 494 2742 556 κλὸνων,
2769 494 2865 547 xai.
2894 493 3185 563 προοίμιον
3235 495 3348 558 τοῖς
3386 494 3681 564 παθήμασι
3729 513 3861 564 παρ-

611 572 764 626 enim
799 570 955 625 brevi
987 581 1111 641 post
1146 582 1411 643 tempore.
1451 591 1598 630 anno
1643 578 1857 646 imperii
1901 578 2071 650 388
2108 594 2197 635 se-

613 662 823 732 ptimo,
877 676 1065 717 mense
1113 662 1362 731 decimo;
1413 667 1620 721 mensis
1666 666 1980 732 Artemisii,
2032 683 2197 739 quem

612 752 816 810 Maium
866 754 1100 811 Romani
1154 766 1370 823 vocant,
1420 758 1508 813 die
1558 774 1707 814 nono
1756 776 1820 815 ac
1866 762 2132 819 vicesimo
2180 782 2195 818 :

614 857 770 902 sexta
811 845 950 903 feria
997 848 1387 913 hebdomadis,
1433 860 1569 906 aestu
1619 852 1872 908 meridiei
1902 853 2198 911 ferventis-

616 942 781 1008 simo,
824 945 1111 1000 succussio
1154 952 1210 999 et
1242 953 1405 1001 terra:
1438 955 1621 1002 motus
1645 948 1767 1003 urbi
1791 952 2196 1019 supervenien-

620 1040 726 1096 tes,
755 1048 895 1103 pene
939 1034 1251 1089 universam
1285 1042 1724 1107 prostraverunt.
1752 1035 2000 1092 Posthzec
2036 1052 2199 1091 secu-

620 1133 713 1179 tus
752 1132 837 1178 est
884 1124 1042 1194 ignis,
1073 1126 1229 1195 quasi
1264 1126 1631 1181 calamitatem
1661 1141 1787 1182 cum
1821 1127 1931 1182 illis
1965 1128 2201 1197 partitus

617 1224 786 1269 esset.
819 1215 1170 1287 Quaecunque
1195 1219 1340 1273 enim
1367 1220 1485 1274 loca
1513 1234 1543 1273 a
1568 1220 1924 1277 succussione
1953 1230 2009 1278 et
2039 1230 2201 1277 terra

617 1318 772 1363 motu
802 1309 1065 1364 subversa
1096 1324 1205 1364 non
1233 1310 1470 1376 fuerant,
1514 1312 1655 1382 ignis
1683 1313 1987 1383 depascens
2032 1314 2087 1368 in
2114 1315 2198 1368 ci-

616 1415 810 1455 nerem
862 1415 925 1456 ac
957 1400 1171 1456 favillas
1209 1400 1438 1472 redegit.
1488 1402 1665 1458 Porro
1712 1414 1835 1473 quae
1879 1404 2033 1459 urbis
2080 1406 2200 1460 loca

617 1489 947 1545 labefactata
975 1482 1203 1555 fuerint,
1235 1499 1290 1547 et
1312 1501 1445 1561 quot
1477 1493 1764 1549 hominum
1797 1494 1972 1549 millia
2012 1496 2203 1551 incen-

618 1582 715 1637 dio
758 1596 823 1637 ac
855 1591 1016 1637 terrae
1061 1583 1339 1648 motibus,
1392 1585 1536 1639 sicut
1592 1586 1888 1641 verisimile
1931 1596 2035 1651 est,
2071 1602 2203 1657 per-

620 1673 789 1727 ierint
816 1690 830 1726 :
858 1689 981 1743 quin
1012 1674 1142 1727 item
1186 1674 1506 1730 admiranda
1530 1676 1868 1747 contigerint
1895 1686 1952 1731 et
1979 1694 2201 1732 omnem

619 1764 842 1820 dicendi
875 1766 983 1820 vim
1019 1766 1179 1837 longe
1210 1769 1530 1836 superantia
1564 1784 1579 1821 :
1612 1768 1831 1838 lugubri
1862 1770 2004 1840 stylo
2033 1771 2202 1824 Joan-

2298 585 2564 654 ιχόμενοι.
2593 585 2748 639 Μετὰ
2761 584 2871 656 γὰρ
2889 586 3095 657 βραχύν
3112 602 3238 639 τινα
3252 585 3465 657 καιρὸν,
3485 588 3543 639 ὲν
3562 584 3642 658 τῷ
3664 587 3877 659 ἑϐδόμῳ

2298 678 2409 729 ετει
2435 678 2531 747 τῆς
2563 675 2729 730 αὑτοῦ
2755 676 3057 747 βασιλείας,
3085 678 3213 748 μηνὶ
3245 676 3458 747 δεκάτῳ
3494 677 3629 747 (9.5),
3662 677 3767 731 ἀνὰ
3787 680 3877 732 τὸν

2311 766 2657 839 ’Δρτεμισιον
2690 767 2834 838 μῆνα
2865 767 2987 837 ἦτοι
3038 768 3234 834 Μάιον,
3278 768 3476 839 ὲννάτῃ
3525 769 3622 821 καὶ
3652 769 3876 839 εἰκοστῇ

2298 857 2464 912 αὐτοῦ
2495 859 2679 928 ἡμέρᾳ
2701 860 2824 913 κατ’
2848 858 2984 911 αὐτὸ
3008 859 3110 928 τῆς
3143 859 3491 931 μεσημϐρίας
3518 860 3579 912 τὸ
3602 858 3879 927 σταθερώ-

2297 965 2482 1012 τατον,
2504 948 2602 1019 τῆς
2626 949 2791 1019 ἕκτης
2809 948 3025 1021 ἡμέρας
3050 950 3151 1017 τῆς
3185 948 3528 1021 καλουμένης
3558 948 3875 1020 ἑϐδομάδος,

2302 1038 2545 1110 βρασμδς
2572 1041 2667 1093 καὶ
2722 1040 2949 1111 σεισμὸς
2992 1039 3313 1104 ἐπελθόντες
3338 1043 3408 1111 τῇ
3451 1039 3626 1101 πόλει,
3677 1039 3879 1110 μικροῦ

2300 1134 2481 1185 πᾶσαν
2507 1131 2913 1203 ἀνατρέψαντες
2942 1134 3259 1204 κατήγαγον
3277 1149 3294 1165 ·
3313 1127 3395 1196 οἷς
3418 1135 3512 1187 καὶ
3540 1132 3655 1201 πῦρ
3670 1134 3877 1196 εἵπετο,

2299 1219 2489 1291 ὥσπερ
2521 1221 2620 1291 τὴν
2646 1224 2933 1294 συμφορὰν
2980 1222 3097 1292 μετ’
3128 1222 3308 1275 αὐτῶν
3328 1222 3770 1293 διανειμάμενον.
3812 1223 3881 1276 ’Δ

2300 1312 2411 1383 γὰρ
2462 1314 2658 1367 ἐκεῖνοι
2694 1315 2755 1367 οὐ
2790 1314 3110 1380 κατέλαϐον,
3154 1314 3216 1367 τὸ
3260 1314 3370 1385 πῦρ
3435 1315 3882 1385 ἀμφινεμόμενον

2302 1402 2688 1474 ἐξηνθράκωσέ
2721 1421 2803 1470 τε,
2826 1406 2924 1459 καὶ
2952 1405 3330 1475 ἀπετέφρωσε.
3364 1406 3475 1459 Καὶ
3508 1406 3611 1459 ὅσα
3647 1406 3746 1476 μὲν
3781 1406 3884 1476 τῆς

2302 1496 2511 1559 πόλεως
2546 1495 2834 1562 πέπονθεν,
2858 1497 2972 1550 ὅσοι
3000 1512 3057 1549 τε
3084 1496 3178 1549 τοῦ
3200 1495 3372 1566 πυρὸς
3399 1496 3496 1549 καὶ
3513 1495 3623 1548 τῶν
3640 1496 3884 1567 σεισμῶν

2303 1588 2462 1656 ἔργον
2501 1588 2813 1655 γεγόνασιν,
2847 1586 2923 1651 ὡς
2943 1587 3005 1640 τὸ
3037 1586 3186 1650 εἰκὸς
3213 1586 3464 1651 ὑπέθετο,
3496 1586 3658 1640 ὁποῖά
3689 1604 3750 1640 τε
3776 1604 3885 1640 πα-

2306 1678 2501 1749 ράδοξα
2538 1680 2632 1731 καὶ
2680 1679 2842 1749 λόγου
2888 1681 3125 1749 κρείττω
3173 1679 3513 1750 συμϐέϐηκε,
3559 1680 3887 1750 περιπαθῶς

2304 1769 2586 1838 ἀφήγηται
2631 1769 2852 1841 Ἰωάννῃ
2883 1769 2963 1839 τῷ
2998 1770 3212 1841 ῥήτορι,
3242 1763 3346 1824 ὦδε
3381 1770 3484 1840 τῆς
3513 1769 3760 1840 ἱστορίας
3782 1785 3887 1823 xa-

619 1872 721 1909 nes
754 1856 943 1911 rhetor
974 1857 1247 1927 exposuit,
1279 1873 1343 1911 ea
1374 1859 1689 1913 narratione
1720 1859 2007 1914 historiam
2046 1876 2201 1915 suam

2313 1859 2616 1931 ταλήξαντι.
2655 1861 2901 1933 Τελευτᾷ
2932 1862 2977 1914 δ’
3015 1857 3111 1916 οὖν
3145 1861 3258 1934 (26)
3289 1861 3737 1932 δγκαταληφθεὶς
3770 1864 3888 1925 τοῖς

620 1947 906 2003 claudens.
975 1949 1260 2004 Postremo
1314 1950 1655 2020 Euphrasius
1715 1966 1933 2022 quoque
2009 1952 2199 2007 eadem

620 2039 781 2094 ruina
816 2056 1133 2110 oppressus,
1161 2041 1317 2096 urbis
1344 2042 1710 2096 Calamitatem
1744 2043 1913 2107 auxit,
1940 2057 2067 2097 cum
2100 2059 2202 2099 ne-

620 2148 713 2187 mo
748 2143 1062 2203 superesset
1087 2134 1181 2204 qui
1210 2150 1298 2188 res
1320 2134 1663 2189 necessarias
1684 2135 2022 2205 provideret.

1315 2247 1420 2302 AP.
1466 2246 1552 2302 Vl.

1315 2247 1356 2301 A
1408 2290 1420 2302 .
1508 2246 1552 2302 Ι.

869 2338 946 2391 De
980 2246 1605 2409 EphrwmioCESphtasii
1640 2357 1954 2396 successore.

698 2428 901 2481 Verum
934 2426 1191 2482 salutaris
1219 2427 1319 2489 Dei
1332 2427 1704 2497 providentia,
1733 2445 1875 2499 qua,
1909 2438 2203 2501 antequam

624 2518 806 2584 feriat,
840 2518 1079 2573 remedia
1126 2533 1324 2587 parare
1370 2519 1532 2584 solet,
1564 2528 1620 2574 et
1667 2520 1763 2574 irae
1806 2535 1917 2576 suae
1962 2521 2203 2592 gladium

626 2611 919 2667 clementia
964 2611 1135 2677 acuit,
1169 2620 1227 2666 et
1262 2610 1566 2681 desperatis
1595 2611 1781 2677 rebus,
1812 2613 2206 2670 misericordiae

627 2716 740 2755 sure
771 2701 919 2755 fores
941 2701 1143 2771 aperit,
1172 2702 1543 2772 Ephraemium
1575 2710 1707 2756 tunc
1736 2703 1993 2759 comitem
2018 2704 2204 2759 orien-

627 2796 701 2848 tis
733 2794 1015 2860 excitavit,
1042 2803 1104 2848 ut
1132 2794 1283 2849 omni
1324 2808 1455 2848 cura
1489 2809 1553 2847 ac
1585 2794 1959 2850 sollicitudine
1988 2797 2206 2866 prospi-

625 2894 798 2952 ceret,
831 2902 901 2940 ne
946 2900 1013 2940 ex
1062 2886 1230 2940 rebus
1276 2886 1606 2941 necessariis
1644 2887 1943 2956 quidquam
1996 2888 2205 2944 civitati

626 2978 868 3032 deesset.
911 2976 1082 3043 Quem
1130 2977 1387 3031 admirati
1434 2977 1576 3032 hanc
1622 2978 1693 3032 ob
1745 2993 1966 3035 causam
2010 2980 2207 3035 Antio-

625 3068 813 3133 cheni,
858 3070 1176 3139 episcopum
1226 3070 1378 3124 urbis
1410 3071 1688 3125 communi
1735 3070 1995 3143 suﬂ'ragio
2025 3073 2207 3144 elege-

629 3170 780 3216 runt.
832 3162 1000 3231 Igitur
1044 3162 1388 3233 Ephrzemius
1430 3162 1785 3233 apostolicam
1833 3164 2041 3230 sedem,
2082 3175 2206 3220 tan-

628 3267 793 3321 quam
821 3253 1106 3323 praemium
1132 3268 1195 3307 ac
1219 3254 1528 3307 mercedem
1553 3270 1666 3308 suae
1690 3269 1816 3324 erga
1842 3254 2033 3310 urbem
2058 3256 2206 3311 illam

630 3343 993 3411 providentia:
1039 3344 1267 3398 sortitus
1312 3351 1416 3398 est.
1471 3345 1684 3415 Elapsis
1741 3346 1938 3402 deinde
1983 3348 2209 3419 triginta

632 3435 948 3500 mensibus,
1007 3436 1200 3492 eadem
1256 3436 1450 3493 civitas
1514 3447 1675 3493 terrae
1729 3439 1971 3495 motibus
2026 3440 2210 3496 denuo

2308 1951 2567 2022 πτώμασι
2597 1954 2692 2005 καὶ
2720 1955 2747 2006 ὁ
2779 1953 3108 2024 Εὐφράσιος,
3160 1954 3294 2026 ἄλλη
3349 1953 3449 2024 τῆς
3497 1952 3709 2017 πόλεως
3740 1968 3889 2023 συμ-

2306 2047 2469 2117 φορὰ,
2510 2049 2595 2101 ἵνα
2632 2048 2708 2119 μὴ
2740 2048 2847 2101 τῶν
2868 2048 3191 2120 ἐπιτηδείων
3220 2051 3248 2102 6
3276 2047 3524 2119 προνοῶν

2906 2245 3162 2301 ΚΕΦΛΔ.
3188 2242 3281 2312 (τ’.

2474 2337 2615 2406 Περὶ
2657 2336 2999 2406 Ἐςρραιμίου
3034 2336 3139 2389 τοῦ
3164 2336 3314 2405 μετὰ
3348 2334 3721 2404 Εὐφράσιον.

2386 2422 2529 2482 Ἀλλ’
2562 2430 2594 2500 ἡ
2625 2427 2733 2481 τῶν
2769 2427 3073 2498 ἀνθρώπων
3126 2426 3363 2498 σώτειρα
3414 2426 3510 2479 τοῦ
3545 2425 3683 2478 Θεοῦ
3719 2423 3886 2496 aenos,-

2310 2520 2487 2591 μονία,
2516 2522 2550 2589 ἡ
2580 2520 2687 2591 πρὸ
2714 2520 2814 2589 τῆς
2854 2520 3074 2590 πληγῆς
3111 2519 3179 2573 τὰ
3236 2519 3501 2589 φάρμακα
3548 2517 3890 2582 πλάττουσα,

2306 2611 2401 2664 καὶ
2421 2610 2803 2681 φιλανθρωπία
2821 2610 2881 2661 τὸ
2910 2609 3063 2677 ξίφος
3084 2610 3182 2680 τῆς
3206 2610 3377 2681 ὀργῆς
3398 2609 3663 2679 θήγουσα,
3698 2611 3731 2679 ἠ
3752 2608 3891 2677 παρ’

2308 2705 2475 2775 αὐτὴν
2505 2705 2604 2777 τὴν
2666 2704 2984 2771 ἀπόγνωσιν
3043 2707 3145 2773 τὴν
3175 2703 3384 2756 οἰκείαν
3417 2701 3718 2771 ἁνοιγνῦσα
3748 2718 3898 2771 συμ-

2309 2797 2561 2863 πάθειαν,
2596 2797 2923 2867 Ἐφραίμιον
2968 2795 3292 2866 διανέστησε
3341 2795 3441 2863 τῆς
3482 2794 3656 2866 Ἐᾠας
3710 2791 3897 2863 ἀρχῆς

2307 2886 2407 2950 τὰς
2436 2886 2595 2957 ἡνίας
2618 2887 2873 2941 διέποντα
2906 2887 3041 2958 (27),
3082 2888 3266 2940 πᾶσαν
3301 2884 3687 2951 ἀναζὼσασθαι
3722 2901 3899 2956 φρον-

2308 2978 2451 3044 τίδα,
2506 2980 2673 3051 μηδὲν
2706 2979 2817 3033 τῶν
2868 2978 3195 3049 ἐπιτηδείων
3255 2977 3531 3031 ἐπιλιπεῖν
3581 2977 3681 3047 τὴν
3710 2976 3895 3031 πόλιν.

2316 3071 2411 3125 "Ov
2461 3072 2756 3125 κάντεῦθεν
2801 3072 3145 3141 ἀγασάμενοι
3192 3072 3509 3141 Ἀντιοχέων
3554 3071 3765 3137 παῖδες,
3828 3071 3899 3133 ἐς

2312 3165 2463 3235 ἱερέα
2504 3166 2865 3237 ψηφίζονταν
2917 3165 3014 3219 καὶ
3064 3164 3157 3219 τὸν
3214 3163 3577 3218 ἁποστολικδν
3628 3163 3900 3234 λαγχάνει

2314 3258 2501 3329 θρόνον
2532 3260 2633 3329 (u),
2678 3258 2868 3329 ὥσπερ
2903 3257 3094 3329 μισθὸν
3142 3256 3238 3311 καὶ
3271 3257 3444 3329 γέρας
3480 3257 3579 3327 τῆς
3618 3255 3897 3324 τοσαύτης

2316 3351 2571 3421 προνοίας
2598 3349 2789 3404 τοῦτον
2832 3348 3278 3421 κληρωσάμενος.
3314 3347 3557 3403 Πέπονθε
3592 3348 3689 3400 καὶ
3732 3344 3900 3409 αὖθις

2317 3444 2424 3497 ὑπὸ
2455 3443 2699 3514 σεισμῶν
2728 3443 2867 3513 μετὰ
2900 3443 3074 3514 μῆνας
3102 3439 3168 3495 λ’.
3188 3441 3323 3495 Τότε
3349 3440 3444 3494 καὶ
3458 3439 3754 3503 Θεούπολις
3776 3437 3897 3510 (28)

1837 3555 2111 3611 VALESII
2147 3556 2706 3615 ANNOTATIONES.

706 3646 816 3715 (9.5)
850 3646 1001 3715 Μηνὶ
1033 3648 1279 3713 δεκάτῳ.
1337 3648 1494 3704 Hunc
1552 3650 1734 3705 locum
1783 3665 1892 3704 non
1940 3650 2215 3705 intellexit

632 3716 1190 3790 Cltristophorsonus,
1217 3729 1277 3772 ut
1306 3735 1371 3773 ex
1396 3720 1649 3774 versione
1679 3720 1799 3790 ejus
1838 3729 2085 3790 apparet.
2121 3721 2212 3775 Sic

632 3788 780 3841 enim
813 3788 999 3871 vertit.
1048 3788 1202 3871 Anno
1250 3790 1649 3871 septimo‘regni
1709 3788 1969 3871 ejusdem.
1992 3789 2212 3871 {ustim}

634 3873 814 3910 mense
845 3858 1063 3920 decimo,
1101 3859 1385 3913 Artemisio
1414 3858 1673 3922 videlicet,
1719 3858 1771 3912 id
1816 3866 1889 3912 est
1913 3858 2076 3923 Maio,
2105 3869 2213 3914 etc.

635 3928 857 3998 Putavit
880 3928 1093 3983 scilicet
1111 3928 1647 3998 Christopliorsonus
1673 3928 2214 3989 mensemdecimum

635 3996 729 4049 hic
766 3999 952 4051 vocari
984 3996 1362 4053 Artemisium.
1389 3998 1495 4053 Sed
1528 4015 1637 4053 non
1677 3999 1751 4052 ila
1793 4014 1851 4053 se
1884 4014 1972 4052 res
2025 4000 2211 4054 habet.

636 4066 827 4136 Neque
860 4068 1007 4121 enim
1043 4068 1373 4123 Artemisius
1394 4068 1645 4123 decimus
1674 4068 1781 4123 fuit
1810 4068 2014 4123 mensis
2041 4068 2218 4124 Mace-

637 4137 867 4209 donum.
932 4136 1047 4191 Hoc
1104 4138 1273 4209 igitur
1328 4148 1541 4192 tantum
1600 4139 1737 4193 dicit
1788 4138 2054 4209 Evagrius
2111 4140 2217 4194 hoc

637 4206 782 4289 loco,
802 4217 964 4263 terra:
989 4206 1199 4261 motum
1218 4210 1376 4289 illum
1413 4208 1720 4289 Antiochia:
1738 4208 2049 4289 contigisse
2070 4224 2217 4289 anno

639 4278 897 4345 septimo,
969 4293 1154 4332 mense
1198 4278 1416 4333 decimo
1469 4279 1685 4347 imperii
1732 4278 1957 4333 Justini.
2016 4279 2096 4333 Ac
2147 4279 2216 4334 de

640 4362 785 4401 anno
810 4348 1030 4417 quidem
1064 4347 1205 4402 infra
1237 4348 1570 4412 videbimus,
1605 4364 1673 4401 an
1708 4357 1855 4402 recte
1895 4358 2216 4403 numeretur

640 4419 933 4487 septimus.
969 4418 1169 4472 Mensis
1204 4432 1338 4473 vero
1378 4419 1627 4473 decimus
1676 4429 1827 4472 reete
1876 4419 2105 4487 ponitur
2142 4419 2213 4473 ab

640 4476 896 4555 Evagrio.
918 4488 1053 4542 Nam
1080 4496 1241 4543 terra!
1262 4496 1443 4543 motus
1472 4490 1563 4543 ille
1586 4488 1820 4557 contigit
1845 4476 2031 4557 mense
2053 4488 2213 4554 Maio,
2242 4476 2294 4535 D

644 4567 705 4611 ut
766 4567 997 4611 testatur
1049 4558 1316 4628 Evagrius
1362 4567 1419 4613 et
1472 4556 1861 4628 Theophanes.
1904 4556 2005 4611 llic
2034 4566 2220 4614 autem

642 4628 849 4681 mensis
869 4628 1118 4682 decimus
1136 4638 1257 4682 erat
1297 4629 1511 4698 imperii
1537 4629 1763 4683 Justini.
1787 4628 2037 4698 Justinus
2052 4630 2216 4698 enim

645 4698 943 4765 imperium
974 4699 1290 4765 auspicatus
1310 4696 1393 4753 est.
1422 4699 1511 4753 die
1536 4715 1684 4753 nono
1712 4698 1918 4751 mensis
1953 4696 2105 4760 Julii,
2162 4707 2224 4751 ut

642 4777 800 4821 notat
832 4777 1025 4822 auctor
1051 4768 1299 4822 (Πινοηὶσί
1335 4768 1704 4824 Alexandrini.
1732 4768 1965 4822 Proinde
1982 4782 2220 4836 sequen-

646 4838 718 4889 tis
747 4840 874 4890 attni
914 4842 1118 4892 mensis
1148 4840 1342 4902 Maius,
1371 4840 1622 4893 decimus
1642 4848 1727 4892 est
1747 4838 1963 4906 imperii
1988 4836 2217 4892 Justini.

645 4908 1105 4977 Ethzecquidem
1151 4911 1217 4962 de
1277 4925 1466 4963 mense
1550 4907 1951 4962 dubitationem
2014 4907 2220 4961 nullam

645 4978 967 5030 admittunt.
994 4978 1074 5032 Ad
1108 4979 1480 5048 annumquod
1514 4988 1747 5047 spectat,
1781 4978 1919 5031 male
1953 4978 2221 5048 Evagrins

645 5057 840 5102 noster
870 5048 1017 5101 hunc
1067 5058 1229 5103 terra:
1266 5047 1473 5102 motum
1501 5050 1669 5102 refert
1696 5064 1839 5101 anno
1870 5049 2089 5116 imperii
2120 5047 2221 5101 Ju-

646 5119 777 5171 stini
808 5118 1062 5186 septimo,
1094 5134 1215 5172 cum
1248 5129 1503 5173 octavum
1541 5119 1726 5187 potius
1780 5119 1964 5172 dicere
1993 5117 2222 5171 debuis-

647 5197 750 5241 set.
785 5187 884 5241 llic
924 5190 1071 5242 cuint
1117 5200 1278 5244 terra:
1317 5198 1493 5245 tnotns
1523 5189 1757 5257 contigit
1802 5188 2107 5241 indictione
2166 5188 2227 5248 4,

647 5258 874 5327 Olybrio
895 5260 1013 5311 solo
1041 5270 1248 5321 ι·οε.,ιιι
1274 5267 1509 5313 testatur
1540 5257 2118 5327 Marcellinuscomcs,
2146 5266 2223 5327 et

649 5328 1014 5397 Theophanes
1046 5330 1097 5381 itt
1126 5330 1411 5383 Chronico:
1447 5328 1536 5398 qui
1563 5328 1857 5382 fnitannus
1877 5326 2219 5398 Citristifiiﬁ.

649 5402 773 5463 uno
824 5399 1046 5467 quidem
1093 5414 1237 5453 anno
1294 5397 1522 5453 octavos
1580 5398 1828 5466 ejusdem
1878 5397 2095 5465 imperii
2152 5397 2223 5451 ad

649 5484 896 5523 mensem
930 5485 1103 5537 usque
1128 5470 1332 5523 Julium
1371 5469 1645 5521 currebat.
1692 5469 1812 5521 Non
1858 5480 2004 5520 recte
2034 5468 2223 5537 (igitur

652 5537 923 5593 Barouius
957 5536 1100 5595 hunc
1143 5550 1300 5593 terra:
1343 5549 1541 5593 motum
1601 5540 1790 5592 retulit
1843 5554 1987 5591 anno
2016 5536 2220 5591 Christi

2319 3650 2442 3715 5‘25,
2474 3652 2544 3705 ab
2570 3651 2806 3721 Evagrio
2836 3651 2890 3705 in
2915 3664 3161 3721 errorem
3188 3648 3468 3721 inductus.
3488 3647 3664 3721 Porro
3688 3648 3751 3721 in
3786 3664 3897 3721 ms.

2318 3723 2506 3775 codice
2540 3718 2894 3779 Florentino.
2951 3721 3018 3773 ad
3057 3720 3172 3773 haec
3203 3719 3411 3789 Evagrii
3445 3718 3612 3772 verba
3648 3718 3700 3771 id
3729 3719 3900 3789 scho-

2315 3792 2453 3845 lium
2481 3792 2803 3845 adnotatum
2842 3798 2964 3845 erat
2998 3791 3052 3842 in
3085 3788 3353 3859 margine,
3378 3790 3500 3841 Ὀτι
3534 3791 3561 3840 ὁ
3594 3790 3771 3849 Maio;
3808 3788 3901 3840 δέ-

2319 3878 2483 3923 κατος
2503 3860 2865 3931 μὴνᾲλέγεται.
2886 3860 2940 3913 Id
2957 3866 3043 3931 est
3077 3858 3427 3931 Nota’Haiunt
3438 3859 3619 3931 vocari
3633 3859 3904 3931 decimum

2322 3927 2576 3985 mensem.
2608 3929 2715 3985 Sed
2747 3930 2957 3984 fallitur
2989 3928 3080 3982 hic
3115 3929 3367 3998 quisquis
3405 3928 3512 3998 fuit
3533 3927 3899 3998 ischoliastes.

2320 4000 2511 4069 Neque
2543 3999 2690 4054 enim
2743 4000 2917 4054 Maius
2942 3997 3273 4069 simpliciter
3304 4006 3365 4069 et
3394 3997 3647 4051 absolute
3686 3999 3903 4053 mensis

2319 4070 2573 4125 decimus
2606 4070 2809 4125 dicitur
2857 4069 2925 4122 ab
2971 4068 3227 4139 Evagrio,
3278 4068 3372 4122 sed
3424 4075 3638 4139 tantum
3688 4069 3904 4123 mensis

2321 4140 2583 4209 decimus
2606 4139 2824 4209 imperii
2855 4137 3380 4209 Justiniliutgsupra
3408 4137 3542 4191 dixi.

2392 4210 2503 4282 (26)
2545 4204 2903 4282 Τελέυτᾳῖον
2929 4204 3417 4282 δὲ-οὗνεῐξοοιίιιε
3460 4209 3513 4282 in
3545 4220 3650 4260 ms.
3699 4205 3904 4282 codice

2320 4276 2637 4334 Florentino
2658 4278 2923 4333 scribitur
2951 4278 3179 4347 τελευτᾷ
3203 4276 3282 4347 δέ,
3318 4285 3428 4331 etc.
3483 4276 3759 4347 Pori-ode
3793 4277 3903 4331 hoc

2318 4357 2479 4405 terra:
2509 4358 2659 4403 motu
2699 4364 2809 4418 quo
2834 4347 3124 4402 Antiochia
3149 4345 3342 4418 eversa
3369 4355 3454 4418 est
3477 4345 3680 4402 Justini
3719 4346 3904 4418 impe-

2324 4420 2530 4473 ratoris
2571 4415 2941 4488 temporibus,
2994 4426 3195 4486 praeter
3239 4415 3633 4488 Theophanem
3678 4432 3742 4470 ac
3771 4417 3904 4488 _Ce-

2321 4489 2579 4553 drenum,
2611 4486 2857 4557 loquitur
2891 4488 3069 4557 etiam
3089 4488 3426 4557 Procopius,
3470 4487 3523 4546 in
3557 4487 3655 4557 lib.
3705 4504 3718 4540 ι
3762 4486 3902 4539 Per-

2322 4560 2576 4619 sicorum,
2628 4556 2753 4629 pag.
2808 4557 2877 4611 67
2917 4565 2974 4611 et
3012 4556 3102 4629 68,
3160 4556 3255 4629 ubi
3310 4564 3559 4629 trecenta
3607 4556 3901 4610 hominum

2327 4630 2499 4683 millia
2546 4626 2805 4684 eO'tei-rze
2838 4636 2990 4680 motu
3011 4626 3290 4680 interiisse
3324 4626 3541 4680 scribit.

2397 4700 2510 4763 (2'7)
2572 4699 2914 4765 Ἐ’ςρραὶμιον
2960 4696 3072 4762 τῆς
3111 4693 3296 4765 ’ᾼΕῴας
3340 4695 3537 4763 ἀρχῆς
3581 4695 3760 4760 ἡνίας
3812 4694 3901 4748 δι-

2397 4716 2510 4763 αί)
2576 4716 2623 4749 ’δ
2670 4716 2914 4765 ραιμιον
2960 4716 3072 4762 της
3127 4716 3296 4758 Ismuc
3340 4716 3537 4763 αρκης
3581 4716 3760 4760 ηνιας
3812 4716 3901 4748 οι-

2324 4769 2568 4822 έποντα.
2592 4716 2787 4829 Ιιῗθει,
2820 4767 3075 4820 Comitem
3101 4762 3353 4836 Orientis,
3383 4766 3478 4818 sub
3522 4767 3689 4836 cujus-
3723 4768 3904 4836 dispo-

2322 4841 2514 4893 sitione
2543 4846 2696 4891 erant
2719 4837 3001 4903 provinciae
3024 4850 3202 4888 omnes
3221 4833 3473 4895 Orientis,
3500 4846 3558 4889 ut
3582 4833 3753 4889 docet
3796 4833 3906 4889 No-

2326 4910 2445 4962 titia
2467 4908 2677 4977 imperii
2703 4905 2952 4977 Romani.
2980 4904 3091 4977 iiac
3116 4904 3711 4977 dignitate‘praeditum‘
3730 4905 3905 4960 fuisse

2326 4974 2723 5047 Epltrmmium,
2742 4975 2904 5047 docet
2929 4975 3097 5029 etiam
3121 4974 3362 5047 Joannes
3392 4974 3669 5047 Moschus,
3698 4975 3757 5028 in
3782 4990 3903 5044 cap.

2324 5042 2392 5103 57
2427 5046 2764 5102 Limonarii:
2802 5045 2880 5098 Eo
2915 5052 3167 5114 tempore,
3194 5042 3395 5114 inquit,
3436 5046 3520 5097 vir
3578 5042 3907 5109 clememfet

2326 5118 2694 5171 misericordiw
2745 5115 2985 5180 operibus
3023 5112 3031 5114 “
3062 5113 3265 5166 deditus
3304 5112 3669 5183 ⁸ΕρΙινιεηιὶιιε
3736 5130 3906 5167 comes

2325 5187 2552 5241 Orientis
2584 5195 2720 5245 erat.
2757 5201 2819 5237 ac
2843 5201 2936 5253 per
2958 5185 3131 5251 ipsum
3181 5181 3407 5250 mdiﬁcia
3432 5183 3640 5253 publica
3682 5200 3907 5253 repara-

2325 5258 2520 5311 bantur
2570 5274 2588 5310 :
2634 5257 2816 5310 civitas
2877 5254 3015 5306 enim
3064 5262 3220 5305 terra:
3257 5263 3400 5305 metu
3432 5254 3712 5308 ceciderat.
3760 5253 3907 5308 ldem

2325 5343 2546 5396 quoque
2580 5335 2817 5396 testatur
2846 5323 3082 5376 Photius
3108 5324 3162 5375 in
3197 5322 3539 5396 Bibliotheca,
3571 5323 3850 5396 cap.2‘28.

2398 5392 2510 5465 (23)
2558 5398 2695 5451 Τότε
2720 5395 2817 5447 καὶ
2842 5396 3193 5465 Θεούπολις.
3222 5392 3438 5465 Mallem
3475 5393 3907 5465 legeregiizegra‘.

2326 5462 2644 5529 ese-seem,
2676 5462 3145 5534 quemadmodum
3176 5463 3443 5516 scribitur
3471 5462 3755 5534 in’codice
3786 5463 3909 5518 Telo

2326 5537 2560 5601 lcriano,
2601 5546 2657 5591 et
2690 5533 2743 5589 in
2780 5534 3115 5603 Nicephoro,
3149 5533 3241 5602 qui
3275 5541 3542 5601 regnante
3591 5533 3907 5589 Justiniano

2079 5655 2216 5709 VAB
2229 5655 2384 5709 lORU
2397 5656 2462 5707 .\l.

724 5749 807 5817 (ιι)
852 5748 963 5801 Τὸν
991 5747 1402 5803 ἀποστολικὸν
1428 5749 1715 5817 λαγχάνει
1748 5749 1984 5814 θρόνον.
2036 5747 2223 5813 Quan-

658 5835 822 5890 quam
850 5820 1192 5889 l‘lnphrasius
1224 5822 1389 5891 periit
1416 5830 1575 5874 terrm
1608 5828 1757 5873 motu
1797 5820 1922 5872 anni
1975 5819 2074 5870 3‘26
2097 5855 2110 5881 ,
2143 5832 2228 5872 or-

2332 5746 2541 5800 dinatio
2572 5756 2753 5799 tamen
2781 5743 3075 5812 Ephrmmii
3105 5742 3158 5795 in
3198 5742 3326 5796 anni
3354 5744 3640 5813 sequentis
3688 5744 3907 5802 initium

2341 5817 2668 5880 diﬂ'creutla,
2712 5814 2889 5884 inquit
2918 5823 3027 5867 ant.
3059 5814 3206 5882 Pagi,
3240 5814 3304 5871 ad
3338 5830 3466 5868 ann.
3495 5814 3619 5880 526,
3647 5830 3705 5870 ιι,
3741 5816 3825 5872 12.
