4124 6332
283 383 425 449 ΞἹὶίῖ

1203 395 1592 460 ΗΙΒΤΟΒῙΛΕ
1628 398 2225 468 ΕΟΟΙιΕδῐΑΞΤΙΕᾹί
2265 405 2499 465 LIBER
2540 406 2636 467 IV.

3424 406 3567 473 271‘

281 504 315 568 η
352 503 656 596 Ἀντιόχουο
684 508 1104 582 προσηγορεύθη
1143 514 1321 579 πόλις,
1356 518 1451 571 καὶ
1505 518 1674 591 ἄλλης
1717 538 1855 591 προ-

1974 533 2213 595 ιιιαεεοιιι
2243 532 2347 579 est.
2386 524 2506 590 Quo
2530 512 2757 594 quidem
2806 532 3057 595 tempore
3101 525 3403 596 Theopolis
3437 545 3564 584 mu-

268 596 424 660 νοξας
456 595 593 665 πρὸς
622 598 716 652 τοῦ
747 598 1018 669 βασιλέως
1048 603 1309 674 τυχοῦσα.

894 804 1149 865 ΚΕΦΔΔ.
1174 810 1253 866 Z'.

894 808 1077 860 ΚΕΦΔ
1134 848 1149 865 .
1217 810 1253 866 ⁸.

311 890 452 961 Περὶ
480 890 726 962 Ζωσιμᾶ
751 895 850 949 καὶ
870 808 1156 954 Ἰωάννὲυ
1174 810 1306 955 ἰῶν
1334 902 1826 976 θαυματουρτῶν.

341 1005 492 1060 Ἀλλ’
524 1007 649 1061 ἐπεὶ
680 1006 792 1061 τῶν
812 1007 860 1040 ⁸⁸
890 1010 1200 1083 εἰρημένων
1215 1013 1574 1087 ιμνήσθημεν
1602 1016 1867 1089 παθημά-

272 1115 404 1163 των,
442 1098 577 1168 φέρι
599 1098 695 1153 καὶ
722 1098 886 1171 ῑτερα
907 1102 1046 1157 ἄττα
1061 1103 1170 1159 τῶν
1186 1104 1483 1175 ἀξιολόγων
1539 1109 1619 1181 τῷ
1642 1111 1871 1181 παρόντι

281 1188 616 1261 προσθῶμεν
677 1189 848 1260 πόνῳ,
889 1183 1037 1265 ἅπερ
1088 1195 1149 1259 ἐς
1188 1196 1338 1267 ἡμᾶς
1376 1200 1443 1253 ἐκ
1491 1201 1604 1254 τῶν
1648 1203 1870 1274 ἱστορη-

278 1285 491 1337 σάντων
522 1283 830 1355 ἀνήνεκται.
855 1288 1117 1358 Ζωσιμᾶς
1147 1290 1311 1361 ἀνὴρ,
1355 1294 1511 1360 γένος
1541 1294 1744 1360 Φοίνιξ.
1771 1297 1871 1367 τῆς

272 1376 582 1448 ὶεγομένης
632 1377 905 1448 παραλίας
928 1418 943 1444 ,
976 1378 1171 1450 κώμην
1227 1382 1421 1453 Σίνδην
1463 1386 1697 1456 πατρίδα
1733 1386 1870 1458 κλη-

273 1469 619 1539 μυσάμενος,
684 1470 976 1540 διέχουσαν
1016 1474 1117 1543 τῆς
1153 1472 1265 1526 τῶν
1312 1475 1528 1545 Τυρίων
1571 1476 1689 1531 οὔτι
1740 1494 1871 1532 στα-

276 1559 422 1623 δίους
468 1566 536 1623 κ’,
562 1560 655 1613 τὸν
692 1562 904 1632 μονήρη
941 1563 1241 1618 διαθλεύων
1269 1564 1316 1599 ⁹⁶
1365 1565 1501 1637 βίον.
1532 1563 1701 1631 Οὗτος
1746 1570 1871 1634 ταῖς

274 1665 335 1701 τε
384 1650 609 1718 ἀφέξεσι
654 1652 751 1705 καὶ
788 1652 1043 1721 μεθέξεσι
1074 1655 1186 1709 τῶν
1214 1655 1457 1726 τροφῶν.
1490 1658 1585 1711 καὶ
1623 1660 1745 1723 ταῖς
1773 1659 1869 1713 ἄλ-

278 1742 397 1803 λαις
446 1743 673 1813 ἀρεταῖς
712 1742 807 1796 τοῦ
838 1743 979 1814 βίου,
1009 1740 1102 1797 τὸν
1132 1746 1265 1801 Θεὸν
1296 1748 1735 1821 ὲσοικισάμενος,
1792 1750 1870 1815 ώς

1964 626 2079 673 tato
2121 618 2348 671 nomine
2390 618 2661 687 appellata
2689 624 2795 680 est,
2827 625 2881 670 et
2912 617 3212 687 imperator.
3248 619 3401 674 omni
3432 634 3565 675 cura

1964 726 2030 766 ac
2060 710 2347 782 diligentia
2386 710 2437 765 ei
2470 710 2775 779 prospexit.

2493 818 2661 889 339
2706 818 2863 874 CAP.
2909 820 3026 875 vu.

2035 910 2115 967 De
2144 910 2359 967 Zosima
2389 919 2442 964 et
2460 910 2670 965 Joanne
2699 912 2791 980 qui
2830 910 3108 966 miraculis
3150 919 3489 967 claruerunt.

2037 1023 2149 1081 Sed
2184 1024 2447 1096 quoniam
2496 1023 2850 1093 superiorum
2900 1023 3275 1078 calamitatum
3323 1023 3564 1078 mentio—

1970 1131 2097 1173 nem
2142 1118 2398 1183 fecimus,
2431 1133 2581 1173 nunc
2629 1117 2735 1171 alia
2777 1116 3026 1186 qua-dam
3059 1116 3213 1186 operi
3242 1125 3435 1171 nostro
3476 1124 3563 1169 at-

1971 1219 2242 1275 texamus,
2271 1218 2579 1265 memoratu
2626 1210 2682 1264 in
2732 1208 2932 1278 primis
2959 1209 3146 1279 digna,
3183 1223 3307 1278 quae
3349 1207 3418 1262 ab
3457 1207 3568 1262 illis

1973 1302 2109 1372 ipsis
2150 1302 2246 1373 qui
2277 1317 2341 1357 ea
2390 1301 2648 1357 viderant
2678 1301 3016 1370 accepimus.
3062 1300 3312 1355 Zosimas
3339 1299 3566 1369 quidem

1970 1396 2075 1451 fuit
2124 1395 2450 1459 monachus,
2493 1404 2651 1449 ortus
2697 1409 2765 1448 ex
2807 1394 3071 1448 Phtenice
3120 1408 3242 1462 qua:
3288 1391 3569 1445 maritima

1971 1487 2179 1542 dicitur
2206 1504 2219 1539 :
2249 1486 2487 1541 Patriam
2512 1485 2709 1539 habuit
2733 1468 2981 1549 Sinde'm,
3004 1484 3186 1539 vicum
3216 1482 3311 1552 qui
3336 1482 3406 1536 ab
3429 1481 3566 1535 urbe

1972 1577 2119 1651 Tyro
2160 1577 2352 1649 viginti
2404 1577 2519 1632 fere
2570 1576 2763 1631 stadiis
2809 1575 2998 1631 distat.
3048 1576 3101 1629 ls
3149 1584 3264 1629 tum
3314 1573 3568 1628 ciborum

1972 1671 2305 1727 abstinentia
2339 1679 2395 1726 et
2423 1685 2548 1734 usu,
2584 1678 2703 1724 tum
2747 1668 2871 1723 aliis
2905 1667 3227 1731 virtutibus,
3278 1668 3350 1722 ita
3392 1666 3568 1720 Deum

1973 1763 2079 1818 sibi
2102 1762 2520 1825 conciliaverat,
2551 1770 2615 1815 ut
2648 1776 2758 1815 non
2786 1760 2950 1815 modo
2968 1775 3031 1814 ea
3059 1775 3181 1828 quae
3202 1758 3384 1812 futura
3406 1765 3570 1811 erant

278 1833 352 1901 μὴ
376 1833 729 1932 μόνονξιορᾷν
740 1834 811 1888 τὰ
828 1836 1267 1905 μέλλοντα,ἀλλά
1282 1841 1377 1892 καὶ
1389 1840 1571 1919 πάσης
1592 1842 1867 1907 ἀπαθείας

1974 1855 2332 1926 praevideret.
2377 1869 2571 1909 verum
2617 1854 2784 1908 etiam
2824 1852 2894 1907 ab
2948 1852 3097 1907 omni
3146 1848 3569 1920 perturbatione

280 1923 345 1993 κά
356 1938 439 1991 ριν
466 1922 669 1985 λαϐεῖν,
687 1924 852 1990 συνῆν
876 1926 985 1979 τῶν
1001 1943 1107 1980 τινι
1125 1930 1288 2000 ὲπισή
1300 1930 1529 2000 μωνάνά
1546 1930 1643 2003 τὴν
1660 1932 1869 1986 Καίσα-

276 2032 371 2083 ρος
401 2014 557 2068 πόλιν
580 2015 715 2087 (29),
738 2017 772 2087 ἢ
798 2019 927 2086 μιᾶς
944 2018 1053 2071 τῶν
1072 2019 1448 2075 Παλαιστίνων
1467 2023 1704 2093 ὴγεῖται’
1723 2019 1791 2095 ἦν
1813 2023 1871 2078 δὲ

277 2106 385 2174 ἄρα
400 2100 555 2171 οὗτος
570 2108 946 2178 Ἀρκεσίλαος,
961 2109 1100 2182 ἀνὴρ
1118 2113 1451 2184 εὐπατρίδης
1465 2131 1524 2168 τε
1549 2114 1645 2167 καὶ
1666 2114 1870 2184 λόγιος,

277 2192 336 2247 εὖ
362 2214 419 2249 τε
437 2192 767 2269 ἀξιωμάτων
788 2201 885 2253 καὶ
914 2201 1022 2255 τῶν
1038 2201 1243 2255 λοιπῶν
1277 2201 1387 2256 τῶν
1413 2204 1759 2273 κοσμούντων
1775 2207 1874 2260 ἀν-

275 2286 404 2356 δρὸς
420 2287 533 2357 βίον
551 2284 900 2359 ἥκων.οὖτος
920 2293 1216 2363 ὁΖωσιμᾶς
1238 2297 1297 2347 ὲν
1318 2294 1395 2365 τῷ
1416 2298 1616 2366 ἀκαρεῖ
1637 2298 1735 2366 τῆς
1753 2297 1875 2349 ‘Av-

274 2379 458 2447 τιόχου
483 2379 745 2444 πτώσεως
768 2379 969 2451 ἀθρόον
1001 2384 1434 2451 ὲπιστυγνάσας,
1472 2374 1874 2457 ὀλοφυρόμενός

275 2474 461 2531 τε,καὶ
482 2471 672 2542 μύχιον
689 2473 1022 2544 ἀνοιμώξας,
1044 2476 1260 2547 δάκρυά.
1279 2494 1337 2530 τε
1357 2477 1596 2532 τοσαῦτα
1620 2478 1872 2543 σπείσας,

272 2564 354 2628 ὡς
368 2564 462 2617 καὶ
484 2564 580 2637 τὴν
606 2565 711 2635 γῆν
732 2567 1040 2640 ὲπισρέεαι,
1061 2568 1427 2643 θυμιατήριον
1441 2572 1766 2645 ἐξῃτήσατο,
1782 2573 1875 2626 καὶ

272 2656 460 2709 πάντα
488 2655 579 2709 τὸν
616 2657 793 2730 χῶρον
823 2660 881 2713 ἐν
909 2653 954 2728 ᾧ
986 2661 1446 2733 καθειστήκεισαν
1482 2664 1871 2735 ἐπιθυμιάσας,

273 2747 375 2801 ἰπὶ
398 2748 504 2818 γῆς
533 2751 727 2807 ἑαυτὸν
765 2751 969 2823 ῥίπτει,
1008 2758 1343 2826 προσευχαῖς
1374 2773 1433 2809 τε
1468 2757 1562 2810 καὶ
1586 2757 1759 2821 λιταῖς
1784 2758 1874 2810 τὸν

273 2836 418 2889 Θεὸν
465 2838 797 2908 ίλεούμενος.
856 2837 991 2896 Εἶτα
1038 2844 1449 2915 πυνθανομένου
1494 2844 1587 2898 τοῦ
1620 2846 1876 2915 Ἀρκεσι-

276 2932 438 2991 λάου.
477 2932 532 2983 τί
564 2932 673 3001 ἄρα
693 2933 756 2985 τὸ
795 2932 939 2987 οὕτω
968 2934 1304 3007 διαταράξαν
1336 2936 1446 3007 εἴη,
1477 2936 1777 3010 διαρρήδην
1800 2930 1875 2990 εἷ-

278 3041 377 3085 πε,
410 3023 509 3095 τὴν
540 3025 678 3096 ἠχὴν
702 3027 803 3096 τῆς
828 3028 1103 3099 Ἀντιόχου
1146 3029 1410 3094 πτώσεως
1448 3030 1647 3084 αὐτίκα
1673 3030 1741 3084 τά
1762 3024 1877 3084 ὦτά

274 3108 331 3171 δι
378 3115 810 3187 περιϐομὸῆσαι.
868 3119 1033 3173 Ὥστε
1075 3120 1167 3175 τὸν
1226 3122 1581 3193 ’Δρκισίλαον
1624 3123 1721 3177 καὶ
1749 3124 1878 3186 τοὺς

1974 1949 2144 2004 animi
2179 1964 2279 2019 per
2305 1946 2405 2002 Dei
2438 1946 2670 2018 gratiam
2715 1946 2860 2000 liber
2891 1951 3058 2000 esset.
3089 1943 3227 1999 Cum
3262 1942 3429 2012 igitur
3466 1940 3568 1995 ali-

1973 2039 2197 2110 quando
2234 2029 2381 2093 esset
2424 2038 2480 2092 in
2524 2037 2661 2091 urbe
2692 2035 2939 2091 Caesarea
2966 2050 3089 2104 quze
3133 2021 3456 2101 metropolis
3484 2038 3570 2085 est

1974 2131 2141 2185 unius
2169 2146 2199 2185 e
2233 2130 2414 2185 tribus
2460 2128 2789 2191 Palaestinis,
2828 2127 2883 2181 in
2923 2126 3136 2181 aedibus
3182 2122 3569 2195 spectatissimi

1974 2220 2259 2291 cujusdam
2305 2219 2413 2275 viri
2446 2237 2459 2271 :
2498 2218 2544 2272 is
2582 2227 2701 2272 erat
2735 2216 3070 2279 Arcesilaus,
3115 2214 3203 2267 vir
3263 2211 3471 2266 nobilis
3512 2217 3571 2265 et

1972 2310 2250 2375 eruditus,
2292 2310 2385 2381 qui
2418 2319 2475 2364 et
2508 2308 2818 2363 honoribus
2859 2322 3000 2377 quos
3042 2313 3309 2377 gesserat,
3339 2312 3396 2357 et
3437 2302 3570 2357 reli-

1974 2403 2101 2472 quis
2142 2402 2269 2457 vitte
2312 2400 2653 2456 ornamentis
2710 2401 3045 2468 conspicuus
3105 2397 3460 2453 habebatur:
3502 2410 3571 2447 eo

1976 2495 2096 2565 ipso
2130 2493 2395 2564 temporis
2440 2492 2674 2546 articulo
2718 2506 2830 2561 quo
2872 2490 3166 2545 Antiochia
3214 2497 3377 2543 terrae
3418 2496 3571 2541 motu

1975 2588 2245 2644 subversa
2292 2596 2398 2648 est,
2452 2593 2681 2655 repente
2734 2593 2947 2639 mutato
2996 2586 3151 2639 vultu
3204 2583 3573 2654 ingemiscens

1976 2687 2141 2747 atque
2181 2676 2353 2731 altum
2383 2676 2691 2744 suspirans,
2729 2682 2937 2728 tantam
2967 2674 3331 2744 lacrymarum
3358 2673 3571 2742 cupiam

1975 2768 2193 2829 effudit,
2228 2773 2289 2820 ut
2332 2766 2510 2820 solum
2555 2764 2948 2819 madefaceret.
3004 2763 3177 2819 Simul
3227 2762 3575 2818 thuribulum

1975 2855 2251 2923 poposcit,
2285 2867 2494 2922 perque
2524 2852 2848 2907 universum
2893 2853 3077 2907 locum
3110 2854 3164 2907 in
3199 2868 3309 2922 quo
3335 2852 3573 2915 stabant,

1977 2958 2103 2998 cum
2138 2943 2264 2997 thus
2298 2942 2651 3005 adolevisset,
2688 2944 2841 2998 humi
2872 2959 2931 2998 se
2961 2944 3283 3013 prostravit,
3318 2943 3576 3012 precibus

1977 3048 2042 3087 ac
2084 3031 2597 3101 supplicationibus
2641 3033 2815 3087 Deum
2868 3032 3211 3101 placaturus.
3260 3032 3577 3087 Sciscitanti

1979 3126 2182 3182 deinde
2210 3126 2514 3191 Arcesilae,
2552 3126 2819 3197 quidnam
2848 3137 2997 3183 esset
3027 3127 3176 3197 quod
3206 3128 3360 3182 illum
3393 3135 3575 3181 tanto-

277 3210 734 3278 παρατετυχότας
750 3212 1240 3282 ἐκπεπληγμένους
1253 3214 1569 3284 ἀναγράψαι
1582 3214 1681 3285 τὴν
1697 3214 1868 3285 ὥραν,

1978 3232 2108 3289 pere
2182 3218 2605 3285 conturbasset,
2667 3218 2876 3274 diserte
2950 3219 3241 3289 respondit
3302 3220 3576 3290 fragorem

277 3300 465 3371 εὑρεῖν
492 3318 551 3354 τε
586 3302 644 3366 ὲς
676 3301 906 3374 ὕστερον
940 3304 1114 3370 οὕτως
1144 3306 1221 3370 ὡς
1248 3309 1276 3360 ὁ
1305 3307 1559 3377 Ζωσιμᾶς
1586 3306 1875 3376 ἀπεφήνα-

278 3410 370 3448 το.
404 3393 503 3446 Διά
534 3392 727 3448 τούτου
763 3394 959 3449 πολλαί
984 3413 1046 3449 τε
1083 3398 1178 3451 καὶ
1208 3397 1397 3468 ἕτεραι
1429 3397 1753 3469 θεοσημεῖαι
1779 3414 1876 3465 γε-

279 3484 531 3555 γόνασιν,
563 3479 640 3542 ὧν
670 3486 731 3540 τὸ
778 3486 983 3557 πλῆθος
1027 3491 1245 3558 παρεὶς,
1273 3490 1397 3543 ἐπεὶ
1430 3490 1525 3545 καὶ
1571 3490 1879 3562 κρείττινος

366 3727 411 3757 ¹¹¹⁹
430 3722 492 3780 C.
525 3722 589 3780 C.
619 3725 838 3798 ἐπειδή.
917 3728 963 3760 ’⁸
979 3727 1451 3801 διαθριαμσεύων.

1982 3310 2197 3365 ruentis
2244 3310 2554 3365 Antiochiae
2590 3310 2820 3367 auribus
2859 3312 2975 3367 suis
3019 3312 3187 3366 modo
3238 3311 3577 3367 insonuisse.

1981 3402 2136 3457 Adeo
2172 3410 2235 3457 ut
2264 3403 2581 3458 Arcesilaus
2624 3412 2682 3457 et
2725 3404 2820 3473 qui
2870 3413 2987 3459 tum
3038 3405 3306 3469 aderant,
3352 3412 3577 3472 stupore

1984 3492 2252 3563 perculsi,
2275 3492 2469 3549 horam
2496 3493 2907 3561 adnotaverint,
2940 3505 3243 3567 posteaque
3266 3495 3578 3569 deprehen-

1572 3634 1808 3691 VARUE
1840 3634 2254 3694 LECTIONES.

1496 3846 1768 3903 VALESII
1803 3849 2367 3906 ANNOTATIONES.

286 3944 351 4003 id
378 3948 807 4012 cognomentum
837 3940 1150 3999 Antiochia;
1202 3943 1447 3999 inditum
1486 3960 1609 4001 esse
1663 3945 1882 4001 scribit.

288 4015 447 4087 Idem
474 4012 640 4087 etiam
667 4019 903 4087 tes_tatur
927 4013 1270 4087 _Stephanu§
1321 4015 1619 4087 Byzantius
1652 4015 1709 4070 in
1730 4031 1886 4087 voce

286 4082 610 4157 Θεούπολις,
640 4090 698 4135 et
730 4081 1102 4151 Theophanes
1128 4081 1497 4157 in_Ctironico.
1525 4084 1769 4157 Contigit
1793 4088 1887 4143 hic

289 4153 575 4230 posterior
600 4162 761 4230 terrae
790 4163 980 4230 _t_no_tus
1035 4155 1244 4230 mensis
1262 4155 1595 4230 Novembris
1617 4153 1716 4212 die
1736 4173 1886 4230 nono

290 4223 363 4285 ac
384 4224 670 4287 vicesimo,
709 4223 1016 4279 indictione
1037 4226 1294 4298 septima,
1334 4227 1563 4298 biennio
1586 4236 1712 4297 post
1735 4229 1889 4298 prio-

294 4314 419 4354 rem
447 4302 609 4349 terra‘.
639 4303 959 4370 m_otum._u_t
986 4295 1182 4349 scribit
1244 4295 1393 4370 idem
1431 4295 1701 4370 _Theoph.
1735 4295 1883 4370 pag.

295 4370 429 4429 151,
459 4380 557 4421 seu
582 4364 772 4433 potius
814 4365 1041 4434 triginta
1085 4367 1372 4422 mensibus
1397 4364 1662 4437 elapsis‘a
1692 4364 1885 4438 priore

296 4441 398 4496 illo
454 4446 613 4491 terra:
646 4445 825 4494 motu,
873 4444 935 4488 ut
986 4446 1138 4491 recte
1192 4438 1389 4509 scribit
1443 4438 1732 4509 Evagrius.
1768 4439 1887 4509 ,Tot

294 4511 454 4567 enim
491 4513 857 4559 numerantur
897 4520 1115 4562 menses
1181 4522 1212 4562 a
1254 4508 1344 4562 die
1387 4510 1458 4564 '29
1491 4508 1697 4563 mensis
1734 4508 1881 4575 Maii,

300 4565 453 4637 anno
501 4575 707 4630 Christi
763 4576 888 4638 525,
918 4576 987 4629 ad
1050 4578 1196 4632 diem
1230 4578 1301 4634 ‘29
1354 4579 1704 4643 Novembris,
1752 4565 1882 4635 anni
1918 4565 1961 4620 θ

296 4648 509 4707 Christi
536 4646 660 4719 528.
694 4645 817 4711 Quo
847 4647 1070 4715 quidem
1118 4664 1266 4703 anno
1320 4649 1554 4705 indictio
1588 4652 1823 4719 septima
1852 4668 1884 4707 a

301 4716 620 4790 Septembri
671 4732 868 4790 mense
900 4720 1181 4790 numerari
1206 4729 1476 4789 cmperat.
1533 4720 1611 4774 Ex
1641 4716 1751 4789 quo
1782 4737 1884 4790 ap-

302 4786 466 4864 paret
493 4786 842 4864 verissimum
868 4802 989 4843 esse
1024 4789 1078 4842 id
1104 4790 1251 4858 quod
1279 4786 1538 4864 superius
1564 4786 1881 4864 observavi,

304 4857 553 4932 priorem
595 4857 979 4932 _ill_um_terrm
1013 4857 1224 4913 motum
1262 4857 1577 4932 Antiochia:
1614 4862 1883 4917 accidisse

304 4928 455 4985 {anno
476 4928 684 4985 Christi
711 4928 835 4990 526,
868 4944 979 4982 non
1018 4939 1224 4995 autem,
1277 4941 1338 4984 ut
1374 4931 1644 4985 Baronius
1691 4932 1884 4986 existi-

306 5000 499 5061 mavit.
531 4998 656 5053 525.
694 4998 1067 5053 Posteriorem
1097 5008 1279 5058 tamen
1310 5010 1473 5057 terra;
1500 5010 1709 5055 motum
1736 5011 1884 5058 recte

304 5070 580 5141 Baronius
634 5068 829 5141 retulit
895 5084 1038 5141 anno
1064 5069 1267 5125 Christi
1324 5072 1448 5133 5:28,
1507 5071 1651 5141 quod
1689 5088 1882 5127 verum

305 5150 415 5197 est.
451 5140 584 5193 Nam
609 5154 736 5193 cum
765 5138 981 5212 Evagrii
1003 5142 1247 5212 calculos
1274 5138 1562 5212 sequatur,
1590 5158 1717 5197 eum
1772 5150 1885 5197 ter-

306 5219 610 5282 rremotum
632 5224 783 5264 anno
806 5210 909 5264 517
962 5210 1168 5265 referre
1219 5210 1543 5266 debuerat:
1605 5213 1883 5282 siquidem

307 5282 466 5407 [Sor
488 5280 581 5361 ille
602 5288 765 5361 terra;
796 5289 979 5361 motus
999 5282 1327 5349 Antiochize,
1357 5299 1504 5337 anno
1525 5283 1628 5338 525
1678 5280 1884 5340 natalis

397 5365 585 5404 mImCI
619 5359 963 5407 contulisset.

397 5350 585 5404 minici
619 5351 963 5420 contigisset.

384 5420 495 5489 (29)
546 5420 690 5491 fibr-
749 5438 865 5473 τινι
898 5420 1212 5489 ἐπισήμων
1273 5424 1390 5477 ἀνὰ
1434 5422 1548 5490 τὴν
1580 5426 1884 5491 Καίσαρος

308 5491 517 5548 πόλιν.
544 5490 830 5562 Musculus
863 5491 964 5546 has
1012 5503 1323 5562 postremas
1374 5510 1538 5547 voces
1595 5490 1783 5548 retulit
1812 5490 1881 5550 ad

312 5562 644 5616 vocabulum
671 5561 985 5635 ﬁfiﬂ'ﬂtttuv.
1018 5561 1111 5635 Sic
1158 5564 1308 5617 enim
1342 5565 1544 5619 vertit:
1602 5564 1701 5618 Hic
1750 5567 1884 5635 jun-

312 5638 428 5686 ctus
451 5639 568 5683 erat
595 5630 755 5684 nobili
805 5632 1017 5685 cuidam
1070 5632 1405 5689 Cmsariensi.
1454 5636 1630 5689 Aliter
1700 5630 1885 5693 tamen

316 5716 434 5757 haec
466 5700 632 5755 verba
681 5703 1359 5774 construxitNicephorus
1393 5714 1449 5759 et
1492 5705 1885 5774 Cliristophor-

313 5786 510 5844 sonus,
536 5777 591 5823 ct
622 5787 685 5826 ca
712 5772 987 5844 retulitad
1016 5772 1246 5828 verbum
1280 5779 1465 5843 συνῆν.
1508 5777 1652 5843 quod
1680 5772 1883 5844 pitecu-

318 5841 421 5896 dit.
450 5841 626 5909 Quam
648 5842 871 5911 quidem
898 5846 1229 5899 sententiam
1258 5841 1429 5915 magis
1460 5841 1655 5915 probo.
1680 5841 1879 5901 Ἰῖυιιί-

1991 3947 2263 4001 tationem
2285 3957 2469 4001 tamen
2500 3945 2665 4001 aliert
2685 3944 2741 4000 id
2772 3943 2923 4015 quod
2950 3944 3206 4014 sequitur
3229 3943 3286 3999 in
3315 3943 3578 4015 Evagrio,

1990 4016 2267 4072 Zosimam
2301 4017 2515 4072 scilicet
2555 4016 2625 4070 ab
2654 4016 2974 4071 astantibus
3036 4017 3350 4085 postulasse
3404 4016 3585 4071 thuri-

1992 4086 2210 4142 bulum.
2244 4086 2383 4141 Nam
2437 4088 2484 4141 si
2511 4086 2761 4142 Zosimas
2808 4094 2932 4141 erat
2999 4085 3053 4140 in
3097 4085 3264 4140 domo
3312 4086 3581 4145 Arcesilai

1990 4157 2139 4221 laici,
2177 4156 2458 4226 quomodo
2489 4157 2841 4212 thuribulum
2878 4156 2993 4211 illic
3026 4157 3334 4226 qumrebat,
3370 4171 3497 4226 cum
3525 4158 3585 4213 in

1991 4227 2159 4282 domo
2190 4224 2317 4283 laici
2350 4228 2521 4283 moris
2544 4244 2654 4282 non
2686 4228 2757 4283 sit
2786 4226 2992 4281 habere
3018 4224 3304 4281 thuribula
3326 4230 3348 4280 ἰ’
3368 4224 3586 4296 ίὸςίριι-

1992 4300 2125 4354 dum
2159 4307 2345 4353 tamen
2371 4307 2457 4353 est
2500 4300 2672 4353 moris
2698 4298 2855 4352 illum
2892 4297 3063 4352 fuisse
3094 4306 3155 4351 ut
3180 4297 3487 4351 Christiani
3524 4299 3580 4353 in

1995 4370 2231 4439 privatis
2264 4369 2480 4425 aedibus
2506 4370 2796 4424 incensum
2823 4368 3116 4430 haberent,
3156 4379 3213 4421 et
3270 4377 3399 4421 ante
3450 4384 3583 4439 ora-

1995 4438 2202 4496 tionem
2259 4440 2672 4494 thurilicatione
2721 4448 3049 4503 uterentur;
3114 4438 3585 4507 quemadmodum

1995 4510 2519 4566 observatloannes
2554 4510 2726 4576 Bona,
2754 4511 2807 4563 in
2828 4510 2925 4563 lib.
2966 4526 3002 4563 ιι
3053 4507 3251 4561 Rerum
3301 4508 3585 4578 liturgica-

1993 4598 2134 4645 rum,
2170 4596 2293 4651 cap.
2320 4581 2374 4645 9,
2414 4581 2569 4634 nullo
2602 4591 2783 4634 tamen
2810 4581 2932 4649 ejus
2971 4580 3047 4632 rei
3074 4580 3584 4651 prolatotestimo-

1988 4654 2103 4705 nio.
2160 4650 2247 4705 De
2291 4650 2447 4705 laicis
2496 4652 2551 4705 in
2605 4651 2838 4705 ecclesia
2896 4654 3025 4704 thus
3051 4650 3411 4703 ari-olentibus
3451 4660 3584 4705 ante

1988 4722 2300 4776 orationem
2326 4722 2588 4776 locusest
2614 4720 2849 4791 insignis
2887 4720 3029 4774 infra
3060 4722 3116 4773 in
3159 4719 3258 4773 lib.
3286 4720 3479 4791 vtubi
3511 4721 3583 4776 de

1988 4793 2161 4861 signis
2196 4792 2416 4861 imperii
2444 4807 2567 4861 qua:
2610 4789 2873 4845 Mauricio
2925 4791 3301 4860 contigerunt.
3343 4789 3582 4861 Chorip-

1987 4879 2092 4932 pus
2117 4863 2167 4915 in
2196 4863 2294 4916 lib.
2322 4878 2359 4916 ιι
2389 4862 2463 4914 De
2490 4862 2734 4916 laudibus
2758 4861 2960 4915 Justini
3009 4863 3267 4915 minoris:

2130 4954 2284 5008 Ilicet
2308 4954 2533 5023 angelici
2557 4971 2777 5023 pergens
2796 4955 2865 5006 ad
2895 4953 3082 5007 limina
3126 4953 3331 5023 templi,

2125 5025 2391 5152 ὗιὲιριὶξιιίι
2424 5028 2514 5096 pia
2538 5027 2695 5079 thura
2721 5026 2868 5094 focis,
2901 5040 3154 5095 cerasque
3191 5026 3449 5077 micantes

2205 5104 2260 5149 tu
2288 5107 2349 5150 tt.
2382 5136 2396 5150 .

1987 5214 2045 5268 ln
2072 5214 2188 5267 Vita
2219 5214 2505 5284 Paphnutii
2533 5213 2737 5267 abbatis
2767 5229 2889 5282 quae
2918 5221 3099 5284 exstat
3130 5212 3279 5266 inter
3301 5211 3446 5265 Vitas
3473 5210 3585 5266 Pa-

1988 5295 2151 5347 trum,
2181 5283 2307 5356 pag.
2340 5284 2486 5356 7105,
2526 5284 2853 5356 Onuphrius
2900 5283 3075 5356 abbas
3125 5283 3245 5356 haec
3286 5284 3579 5356 mandasse

1986 5352 2197 5409 dicitur
2224 5352 2538 5424 Paphnutio
2566 5372 2578 5406 :
2617 5352 2673 5408 Si
2711 5356 2826 5424 quis
2852 5371 2945 5407 nec
2976 5354 3300 5407 oblationem
3324 5369 3415 5405 nec
3442 5352 3584 5405 elec-

1988 5443 2264 5495 mosynam
2286 5435 2455 5495 potest
2487 5426 2694 5495 offerre,
2722 5441 2817 5494 pro
2848 5426 3111 5478 charitate
3163 5439 3280 5477 mea
3308 5425 3582 5495 incensam

1986 5492 2214 5550 Domino
2243 5492 2349 5549 D'eo
2386 5492 2566 5549 nostro
2616 5497 2670 5549 in
2710 5492 2927 5547 odorem
2972 5496 3255 5549 suavitatis
3302 5492 3579 5545 arcuiidat.

1986 5568 2056 5621 Et
2086 5567 2251 5635 paulo
2283 5576 2441 5631 post:
2485 5565 2542 5620 Si
2574 5568 2846 5619 incensum
2878 5581 2969 5617 nec
3003 5566 3118 5635 quis
3146 5564 3322 5625 habet,
3372 5578 3459 5615 nec
3492 5562 3580 5627 fa-

1986 5637 2197 5690 cultatis
2228 5636 2436 5706 aliquid
2499 5636 2637 5688 unde
2697 5636 2863 5689 Deum
2911 5635 3127 5706 placare
3171 5642 3362 5706 potest,
3391 5641 3581 5699 surgat

1988 5710 2056 5759 ml
2088 5704 2497 5765 immolandum,
2526 5717 2573 5757 et
2599 5723 2785 5759 manus
2803 5722 2930 5758 suas
2982 5705 3050 5756 ad
3079 5704 3362 5755 Dominum
3391 5714 3579 5752 mrtcn-

1987 5778 2100 5839 (lat,
2136 5787 2215 5827 ιρι*
2254 5777 2581 5829 ﬂaminicam
2608 5775 2914 5827 Orationem
2960 5793 3054 5844 pro
3104 5789 3182 5825 mc
3212 5790 3330 5844 rum
3371 5774 3579 5826 intenta

1991 5856 2159 5901 νηί-ηις
2191 5855 2237 5899 ct
2266 5846 2320 5899 in
2350 5847 2561 5899 nomine
2595 5845 2649 5900 S.
2695 5842 2967 5899 Trinitatis
3011 5842 3258 5912 psallat.)
