4124 6332
575 353 724 419 ’2715

1803 355 2122 420 EVAGRII
2160 354 2652 420 SCHOLASTICI

3713 358 3859 426 2716

582 465 769 520 derint
820 481 931 519 rem
985 464 1058 518 ita
1109 464 1375 520 accidisse
1411 475 1472 519 ut
1526 464 1772 520 Zosimas
1820 466 2170 536 praedixerat.

2289 470 2452 523 εἰπεῖν
2503 468 2741 540 ἀριθμοῦ
2770 472 3134 542 τυγχάνουσιν
3183 467 3361 538 οὖσαι,
3396 481 3514 526 ἐνια
3540 470 3700 538 λέξω.
3728 473 3865 526 2w-

581 554 702 613 Alia
723 570 944 626 quoque
967 555 1240 625 permulta
1267 556 1418 626 signa
1441 556 1510 610 ab
1533 555 1728 610 eodem
1754 554 2020 610 divinitus
2044 570 2172 626 per-

582 655 795 716 petrata
820 656 970 702 sunt.
994 646 1242 714 Quorum
1274 647 1689 702 multitudinem
1720 647 2169 718 praetermittens,

583 738 805 809 quando
836 738 1062 809 quidem
1111 754 1378 794 numerus
1409 754 1604 794 eorum
1643 738 1772 793 iniri
1812 753 1923 792 non
1968 746 2169 808 potest,

583 845 758 901 pauca
781 831 939 885 exiis
964 831 1434 886 commemorabo.
1465 831 1662 886 Iisdem
1690 829 2034 900 temporibus
2053 832 2175 900 qui-

585 921 692 976 bus
722 919 989 981 Zosimas.
1021 922 1210 977 ﬂoruit
1247 923 1334 977 vir
1367 922 1611 992 quidam,
1644 923 1885 978 Joannes
1923 922 2172 987 nomine,

584 1013 967 1082 paribus.cum
993 1013 1210 1069 Zosima
1239 1015 1506 1069 virtutum
1533 1015 1874 1069 ornamentis
1897 1014 2130 1085 insignis
2157 1030 2170 1066 :

586 1103 679 1171 qui
731 1105 787 1158 in
828 1102 1077 1159 Chuziba
1110 1105 1283 1168 laura,
1315 1120 1438 1175 quae
1472 1105 1575 1159 sita
1609 1113 1696 1160 est
1734 1105 1788 1158 in
1825 1104 2173 1162 extremitate

585 1194 751 1264 390
778 1195 935 1250 vallis
961 1195 1028 1249 ad
1056 1195 1541 1265 septentrionalem
1573 1202 1782 1264 partem
1813 1196 1916 1250 vite
1941 1194 2176 1265 publica:

586 1299 709 1355 quae
753 1285 823 1339 ab
872 1284 1266 1356 Hierosolymis
1313 1284 1468 1340 ducit
1517 1285 1960 1349 Hierichuntem,
2006 1285 2174 1340 vitam

585 1377 945 1431 monasticam
983 1383 1039 1431 et
1071 1375 1141 1430 ab
1175 1375 1325 1430 omni
1358 1377 1586 1431 materia
1611 1385 1880 1432 secretam
1907 1391 2175 1432 exercue-

587 1475 690 1532 rat,
724 1475 780 1520 et
813 1468 906 1537 qui
935 1483 1104 1537 supra
1141 1476 1455 1523 memoratae
1483 1468 1638 1522 urbis
1660 1467 1928 1524 Caesareae
1954 1468 2174 1539 episco-

586 1570 774 1630 patum
807 1556 1070 1614 obtinuit.
1105 1560 1204 1615 Hic
1239 1561 1406 1631 igitur
1433 1558 1675 1614 Joannes
1701 1557 2014 1625 Cbuzibita,
2047 1575 2175 1615 cum

588 1652 890 1721 supradicti
921 1652 1184 1710 Arcesilai
1219 1637 1448 1707 uxorem
1476 1651 1631 1707 radio
1675 1653 1915 1706 textorio
1942 1651 2176 1708 alterum

589 1745 691 1800 sibi
727 1746 948 1799 oculum
988 1745 1248 1800 etfodisse
1280 1745 1587 1810 didicisset,
1618 1759 1786 1801 cursu
1817 1745 1886 1800 ad
1927 1746 2047 1816 ejus
2073 1746 2175 1801 do-

590 1852 740 1890 mum
788 1837 1108 1901 contendit,
1152 1837 1399 1892 vnlneris
1449 1831 1778 1906 inspiciendi
1835 1851 2022 1892 causa.
2073 1833 2174 1911 Ubi

589 1941 721 1981 vero
753 1925 1141 1980 animadvertit
1190 1926 1452 1996 pupillam
1506 1925 1808 1992 excidisse,
1851 1935 1907 1981 et
1954 1920 2176 1982 oculuin

590 2019 814 2087 penitus
840 2018 1160 2083 difﬂuxisse,
1198 2017 1429 2073 medico
1456 2017 1674 2072 cuidam
1710 2018 1805 2088 qui
1851 2018 1985 2074 illuc
2003 2018 2176 2074 adve-

594 2119 772 2174 nerat,
811 2111 1076 2180 praecepit
1132 2120 1193 2165 ut
1237 2109 1521 2181 spongiam
1566 2109 1813 2175 aﬂ'erret,
1857 2119 1914 2166 et
1953 2112 2175 2166 oculum

593 2202 887 2271 dilapsum,
920 2201 1258 2271 quoad'ﬁeri
1285 2212 1488 2272 posset,
1520 2202 1575 2256 in
1609 2202 1796 2257 sedem
1826 2218 1980 2258 suam
2012 2219 2175 2274 repo-

596 2304 754 2350 neret
799 2313 814 2348 :
864 2296 1147 2366 spongiam
1195 2295 1436 2365 denique
1489 2294 1936 2365 circumpositam
1993 2294 2177 2351 fasciis

595 2385 862 2456 alligaret.
899 2386 1108 2440 Aberat
1135 2395 1268 2440 tunc
1310 2386 1449 2440 forte
1481 2387 1812 2442 Arcesilaus.
1844 2386 2178 2442 Versabatur

597 2475 743 2529 enim
777 2491 844 2530 eo
879 2485 1125 2546 tempore
1155 2491 1278 2532 cum
1310 2475 1546 2540 Zosima,
1580 2477 1633 2530 in
1667 2479 1788 2547 ejus
1822 2478 2176 2543 monasterio,

598 2567 745 2636 quod
780 2568 944 2622 situm
971 2577 1090 2623 erat
1125 2569 1180 2623 in
1208 2570 1332 2624 vico
1374 2568 1768 2636 Sindenorum,
1809 2569 1905 2638 qui
1947 2569 2016 2624 ab
2043 2569 2179 2624 urbe

2274 562 2492 632 ήκμαζε
2515 561 2594 632 τῷ
2618 563 2844 632 Ζωσιμᾷ
2867 561 3291 633 ἀνὴρ,’1ωάννης
3314 562 3575 632 τοῦνομα,
3591 565 3716 626 ταῖς
3737 564 3869 635 ἀρτ-

2272 655 2394 715 ταίς
2424 651 2806 723 παραπλήσιος
2831 655 2890 706 ἐν
2909 653 3153 725 Χουζιδᾷ
3183 653 3295 726 (30)
3329 656 3396 724 τῇ
3427 654 3646 725 Λαύρᾳ.
3671 655 3869 708 Kstth

2273 746 2329 798 δὲ
2365 743 2506 814 πρὸς
2531 746 2599 815 τῇ
2630 745 2861 815 ἐσχατιᾷ
2887 745 2984 815 τῆς
3025 745 3328 815 χαράδρας,
3377 743 3482 798 ἀνά
3528 745 3592 798 τδ
3612 744 3867 816 ἀρκτῷον

2277 837 2444 906 μέρος
2469 837 2568 907 τῆς
2595 836 2900 908 λεωφόρου,
2935 838 3036 907 τῆς
3070 838 3351 908 φερούσης
3381 838 3513 900 τοὺς
3539 837 3866 908 διαπορευο-

2277 928 2474 997 μένους
2504 927 2564 995 te
2613 927 3009 1000 Ἰεροσολύμων
3032 928 3126 980 ἐπὶ
3164 927 3263 997 τὴν
3299 925 3655 996 Ἱεριχονοίων
3688 926 3868 994 πόλιν,

2273 1017 2366 1070 τὸν
2400 1018 2608 1089 μονήρη
2641 1033 2702 1070 τε
2748 1017 2844 1070 καὶ
2892 1016 3054 1070 ἀῠλον
3089 1016 3456 1078 διαπαλαίσας
3484 1014 3620 1086 βίον,
3640 1016 3871 1068 ἐπισκο-

2275 1109 2460 1178 πήσας
2492 1107 2550 1160 δέ
2595 1107 2696 1178 τὴν
2744 1107 3044 1178 εἰρημένην
3091 1123 3183 1175 μοι
3220 1106 3504 1178 Καίσαρος
3539 1106 3696 1160 πόλιν
3726 1106 3866 1174 (51).

2277 1192 2446 1264 Οὗτος
2474 1199 2504 1251 ὁ
2526 1197 2826 1268 Ἰωάννηςὸ
2856 1196 3206 1267 Χουζιδίτης,
3236 1197 3360 1249 ἐπεὶ
3382 1197 3479 1267 τὴν
3510 1196 3872 1267 ’Δρκεσιλάου

2275 1290 2371 1344 τοῦ
2415 1289 2746 1361 λελεγμένου
2797 1305 2888 1359 μοι
2928 1290 3166 1356 γυναῖκα
3205 1289 3436 1358 ἠκηκόει
3485 1288 3716 1358 θάτερον
3757 1291 3871 1343 τοτν

2276 1381 2578 1452 ὀφθαλμοῖν
2605 1381 2710 1434 ὑπὸ
2733 1380 2984 1452 κερκίδος
2999 1379 3324 1444 ἐκκοπέντα,
3347 1379 3602 1450 δρομαῖος
3614 1381 3705 1451 ᾔει
3730 1380 3871 1452 πρὸς

2277 1473 2450 1545 αὐτὴν
2469 1473 2531 1526 τδ
2558 1473 2730 1538 πάθος
2754 1471 3210 1543 ἐπισκεψόμενος.
3254 1471 3341 1535 Ὠς
3382 1471 3431 1526 δ’
3477 1468 3572 1526 οὖν
3605 1473 3870 1526 ἐθεάσατο

2277 1561 2379 1632 τήν
2409 1578 2470 1614 τε
2505 1561 2675 1634 κόρην
2705 1563 3072 1624 ἐκπεσοῦσαν,
3118 1561 3300 1615 τέλεόν
3332 1579 3391 1615 τε
3445 1562 3538 1615 τὸν
3586 1562 3870 1633 ὀφθαλμὸν

2278 1653 2627 1726 διαῤῥυέντα,
2658 1654 2899 1722 σπόγγον
2933 1653 3215 1708 ἐπιτάττει
3237 1655 3331 1706 τὸν
3362 1654 3472 1706 τινὶ
3501 1670 3868 1725 παρεφομαρ-

2279 1744 2516 1813 τούντων
2562 1744 2634 1815 (ο)
2672 1745 2874 1814 ἰατρῶν
2899 1747 3164 1813 ἐνεγκεῖν,
3193 1746 3489 1813 ἐσαγαγεῑν
3508 1762 3570 1798 τε
3611 1745 3677 1798 τδ
3721 1746 3872 1814 διαῤ-

2206 1804 2252 1864 Β
2284 1809 2438 1907 ῥυὲν.
2467 1835 2543 1899 ὡς
2568 1804 2668 1890 έν
2717 1804 2956 1902 δύναιτο,
2998 1804 3095 1890 καὶ
3132 1804 3224 1889 τὸν
3274 1804 3516 1906 σπόγγον
3573 1804 3871 1906 περιθέντσ.

2281 1928 2592 1999 τελαμῶσιν
2657 1929 2947 1996 ἀναδῆσαι,
2999 1926 3115 1983 οὔτι
3166 1928 3433 1999 παρόντος
3487 1925 3869 1998 Ἀρκεσιλάω.

2287 2011 2486 2093 Ἔτυχε
2536 2021 2648 2092 γὰρ
2708 2020 2787 2092 τῷ
2841 2022 3068 2092 Ζωσιμᾷ
3129 2019 3318 2092 παρὼν
3367 2023 3426 2074 ἐν
3452 2018 3530 2090 τῷ
3555 2021 3677 2072 κατ’
3706 2020 3865 2073 αὑτὸν

2284 2117 2711 2188 φροντιστηρίῲ,
2741 2117 2877 2188 ὅπερ
2906 2118 2999 2170 ἐπὶ
3015 2117 3116 2187 τῆς
3143 2115 3416 2187 Σινδηνῶν
3444 2115 3625 2170 ἔκειτο
3653 2115 3866 2186 κώμης.

2283 2208 2581 2279 διεστώσης
2612 2211 2710 2280 τῆς
2746 2208 3027 2280 Καίσαρος
3057 2209 3305 2270 σταδίους
3346 2208 3583 2279 μάλιστα
3603 2223 3872 2261 πεντακοο

2288 2299 2459 2364 σίους,
2499 2299 2751 2370 δρομαῖοι
2771 2299 2950 2353 τοίνυν
2980 2300 3133 2364 παρά
3177 2299 3270 2352 τὸν
3293 2281 3651 2369 ’Ἀρκεσίλαον
3676 2295 3872 2364 ἐκτρέ-

2288 2392 2504 2462 χουσιν“
2530 2392 2579 2443 οἰ
2625 2391 2802 2446 ταῦτα
2847 2388 3280 2459 διαγγέλλοντες.
3322 2388 3580 2458 Καθῆστο
3628 2386 3687 2440 δὲ
3731 2387 3874 2458 πρὸς

2286 2484 2543 2551 Ζωσιμᾶν
2593 2485 2622 2536 ὁ
2665 2483 3016 2553 Ἀρκεσίλαος
3066 2483 3164 2545 τὰς
3212 2481 3479 2546 διαλέξεις
3523 2480 3877 2549 ποιούμενοςο

2285 2575 2423 2644 ὅπερ
2469 2573 2656 2646 ἐπειδὴ
2699 2575 2916 2643 διέγνω.
2943 2573 3226 2642 διωλύγιον
3267 2571 3604 2636 ἀνεκὼκυσε,
3644 2573 3741 2626 καὶ
3773 2572 3878 2636 τὰς

598 2660 844 2715 (Ζεεευιθο
895 2662 1211 2732 quingentis
1261 2661 1486 2717 circiter
1535 2661 1728 2727 stadiis
1764 2661 1950 2717 distat.
1985 2662 2180 2718 Statim

2289 2664 2482 2734 τρίχας
2510 2664 2775 2717 ἐκτίλλων
2803 2664 2899 2717 καὶ
2922 2663 3188 2728 διασπῶν,
3221 2665 3279 2727 ἐς
3305 2663 3536 2732 οὐρανὸν
3560 2663 3874 2732 ἀνέπεμπε.

601 2752 769 2822 igitur
807 2753 1226 2808 contentissimo
1258 2768 1422 2808 cursu
1455 2763 1756 2824 properant
1789 2754 1883 2824 qui
1929 2754 2046 2809 hac
2076 2755 2182 2809 Ar~

2289 2755 2397 2810 Τοῦ
2427 2755 2484 2808 δὲ
2511 2757 2740 2826 Ζωσιμᾶ
2770 2755 3182 2825 πυνθανομένου
3219 2755 3316 2824 τὴν
3338 2755 3537 2817 αἰτίαν,
3563 2753 3624 2806 τὺ
3661 2752 3878 2821 συμϐὰν

600 2843 807 2899 cesilao
847 2846 1188 2900 nuntiarent.
1218 2845 1455 2901 Sedebat
1488 2847 1532 2901 is
1556 2847 1712 2917 juxta
1745 2847 2040 2909 Zositnam,
2066 2862 2185 2902 ser-

2290 2851 2320 2901 ὁ
2347 2845 2696 2914 Ἀρκεσίλαος
2735 2845 2910 2914 ἔλεγε,
2947 2847 3067 2907 ταῖς
3099 2847 3365 2913 οἰμωγαῖς
3395 2845 3616 2906 καὶτοῖς
3645 2842 3883 2911 δάκρυσι

601 2952 822 2991 monem
867 2953 990 2992 cum
1040 2953 1108 2993 eo
1157 2937 1468 2993 conferens.
1525 2937 1628 3004 Qui
1679 2937 1842 2993 simul
1889 2953 1953 2992 ac
1995 2953 2184 2993 casum

2293 2938 2464 3008 συχνά
2494 2937 2944 3006 διακοπτόμενος.
2982 2937 3170 3006 Ἀφεὶς
3193 2932 3285 2990 οὖν
3315 2935 3505 2988 τοῦτον
3530 2936 3558 2987 ὁ
3589 2935 3874 3002 Ζωσιμᾶς,

577 3071 580 3074 .
604 3028 794 3083 uxoris
813 3044 924 3084 sua:
947 3028 1161 3092 didicit,
1183 3029 1424 3099 graviter
1441 3029 1648 3100 ejulare
1668 3028 1857 3099 coepit,
1881 3037 1937 3084 et
1955 3030 2184 3100 capillos

2292 3030 2455 3092 αὐτὸς
2488 3029 2609 3082 καθ’
2637 3029 2830 3082 ἑαυτὸν
2858 3029 2916 3092 ἐς
2956 3045 3010 3082 τι
3043 3028 3318 3098 δωμάτιον
3349 3025 3595 3094 ἐστρέχει
3639 3022 3772 3076 ἔνθα
3799 3021 3882 3091 τῷ

605 3121 814 3176 vellens
856 3136 920 3174 ac
964 3119 1308 3190 discerpens,
1340 3120 1396 3175 in
1440 3135 1621 3176 aerem
1659 3121 1908 3192 projecit.
1940 3122 2184 3177 Interro-

2292 3122 2430 3192 Θεῷ,
2461 3123 2535 3185 ὡς
2569 3121 2789 3192 θεμιτὸν
2818 3124 2931 3185 τοῖς
2959 3119 3242 3184 τοιούτοις,
3281 3117 3624 3188 ἐνετύγχανε.
3650 3114 3815 3185 ⁷Μετὰ
3833 3114 3888 3170 δ’

605 3213 754 3283 ganti
784 3223 966 3267 autem
1002 3213 1233 3268 Zosimae
1273 3227 1493 3268 causam
1537 3213 1676 3268 tanti
1719 3215 1923 3276 luctus,
1969 3214 2187 3270 Arcesi—

2294 3210 2362 3268 αὖ
2394 3231 2516 3268 τινα
2549 3209 2740 3283 καιρὸν
2762 3210 3102 3278 προσελθὼν,
3131 3204 3321 3282 ἔχαιρέ
3349 3227 3408 3264 τε
3430 3209 3528 3263 καὶ
3553 3203 3728 3279 σεμνά
3757 3224 3889 3277 μει-

608 3306 729 3360 laus
756 3305 808 3360 id
839 3305 986 3376 quod
1031 3307 1310 3361 acciderat
1339 3305 1614 3375 exposuit,
1648 3305 1904 3361 lamentis
1945 3321 2008 3360 ac
2051 3305 2187 3361 ﬂeti-

2292 3305 2444 3369 διῶν,
2480 3303 2618 3374 πρὸς
2644 3303 3000 3372 Ἀρκεσίλαον
3026 3301 3180 3370 ἔλεγε
3210 3302 3311 3372 τὴν
3335 3302 3492 3371 χεῖρα
3524 3297 3888 3367 καταψύχων,

608 3397 714 3451 bus
764 3412 1075 3452 sermonem
1127 3397 1328 3452 crebro
1380 3397 1813 3467 interrumpens.
1859 3397 1984 3451 Mox
2029 3397 2187 3468 igitur

2294 3399 2452 3453 ἄπιθι
2481 3399 2692 3469 χαίρων
2715 3395 2894 3451 ἄπιθι.
2935 3396 2998 3450 Ἦ
3019 3396 3177 3466 χάρις
3212 3394 3288 3464 τῷ
3320 3393 3618 3463 Χουζιϐίτῃ
3647 3393 3886 3447 δέδοται.

609 3487 875 3552 Zosimas,
899 3490 1094 3544 relicto
1124 3489 1233 3544 illic
1258 3489 1562 3553 Arcesilao,
1584 3489 1654 3544 ad
1678 3489 1996 3544 cubiculum
2021 3489 2187 3559 quod-

2294 3489 2441 3558 ’ἰάθη
2479 3507 2574 3542 σου
2596 3490 2658 3542 τὺ
2687 3488 2931 3557 γύναιον,
2957 3487 3128 3558 ἄμφω
3149 3485 3230 3539 τὼ
3259 3485 3525 3555 ὀφθαλμὼ
3559 3485 3695 3555 ἔχει,
3729 3485 3890 3538 οὐδὲν

609 3580 731 3633 dam
764 3581 1070 3643 contendit.
1103 3581 1159 3634 in
1191 3596 1302 3650 quo
1329 3581 1500 3645 solus,
1533 3580 1609 3634 uti
1635 3596 1752 3634 mos
1773 3579 2187 3650 estbujusmodi

2303 3581 2600 3650 ἰσχυσάσης
2630 3579 2727 3646 τῆς
2747 3560 3034 3649 συμφορᾶς
3063 3576 3378 3645 ἀφελέσθαι,
3406 3576 3550 3628 οὕτω
3571 3575 3666 3628 τοῦ
3687 3576 3893 3639 Χουζιο

611 3673 768 3735 viris,
817 3675 987 3727 Deum
1041 3675 1247 3743 alloqui
1297 3681 1681 3729 consueverat.
1732 3672 2028 3743 Aliquanto
2072 3681 2187 3741 posl

2303 3669 2454 3722 δίτου
2504 3667 2880 3738 βουληθέντος.
2917 3667 3097 3737 Ὅπερ
3124 3668 3220 3720 καὶ
3247 3666 3472 3734 γέγονεν
3506 3667 3714 3736 ἀμφοῖν
3771 3669 3893 3718 τοῖν

612 3765 908 3836 digressus,
947 3765 1107 3820 hilari
1136 3766 1290 3820 vultu
1334 3781 1399 3820 ac
1441 3765 1685 3819 modeste
1732 3763 2048 3826 subridens,
2078 3778 2187 3818 ma-

2301 3761 2531 3815 δικαίοιν
2577 3759 2698 3813 κατ’
2743 3759 2875 3815 αὐτὸ
2908 3759 3544 3831 θαυματουργησάντοιν.
3576 3758 3768 3828 Τούτῳ
3807 3759 3896 3830 τῷ

614 3873 860 3928 numque.
901 3857 1163 3913 Arcesilai
1196 3858 1423 3927 palpans
1451 3875 1463 3912 :
1493 3857 1615 3920 Abi,
1642 3856 1842 3926 inquit,
1889 3855 1979 3909 abi
2019 3855 2187 3910 laetus.

2297 3854 2544 3923 Ζωσιμᾷ,
2578 3853 2672 3905 καί
2719 3869 2850 3905 ποτε
2886 3852 2981 3903 ἐπὶ⁵
3013 3854 3114 3920 τὴν
3155 3851 3434 3921 Καίσαρος
3471 3852 3624 3912 ἰόντι,
3669 3851 3895 3922 ὀνάριόν

615 3947 801 4004 Gratia
849 3949 976 4004 data
1017 3958 1099 4005 est
1146 3949 1475 4005 Chuzibitaz.
1517 3949 1717 4003 Sanata
1766 3957 1851 4003 est
1901 3962 2041 4002 uxor
2085 3955 2187 4002 tua.

2296 3961 2355 3996 τε
2392 3945 2828 4015 παρασυρομένῳ
2866 3946 2922 3994 ἐν
2945 3937 2989 4012 ᾧ
3025 3945 3132 3996 τῶν
3175 3945 3299 3998 τινὰ
3331 3946 3381 3997 οἰ
3421 3945 3747 4016 ἐπιτηδείων
3787 3947 3895 3997 ἐττ-

617 4040 924 4111 l‘trumqne
972 4043 1193 4096 oculum
1240 4042 1408 4098 habet
1453 4040 1818 4107 incolumem,
1871 4039 2083 4094 nullum
2133 4055 2187 4094 ex

2300 4037 2580 4107 εδέϐ).ητο,
2611 4037 2750 4090 λέων
2779 4037 2978 4100 ἔπεισι,
3011 4037 3103 4089 καὶ
3127 4037 3219 4089 τὸν
3251 4036 3372 4090 ὄνον
3398 4037 3674 4107 ἀρπάσας,
3693 4036 3891 4108 ἀπῄει.

617 4149 744 4188 casu
790 4135 882 4189 illo
930 4135 1321 4191 detrimentum
1371 4152 1559 4206 passa,
1607 4135 1827 4206 quando
1879 4135 1953 4188 ita
1995 4134 2187 4204 placuit

2314 4132 2371 4185 Ὀ
2393 4133 2448 4186 δὲ
2486 4132 2744 4201 Ζωσιμᾶς
2778 4130 2882 4185 ἀνὰ
2908 4130 3006 4200 τὴν
3039 4128 3172 4200 ὓλην
3201 4129 3386 4184 εἵπετο
3411 4147 3424 4162 ·
3461 4132 3656 4203 μέχρις
3678 4126 3738 4186 oi!
3773 4130 3896 4184 δια-

1822 4274 2091 4328 VALESII
2132 4271 2700 4328 ANNOTATIONES.

694 4371 803 4442 (50)
846 4370 1113 4440 Χουζῢκᾷ.
1150 4373 1242 4426 Sic
1282 4371 1466 4442 etiam
1503 4369 1711 4442 legitur
1766 4367 2194 4442 in_Nieephoro-
2233 4370 2274 4423 D
2305 4364 2736 4442 quanturinl‘ra.
2771 4365 3122 4435 Nicephorus
3153 4372 3339 4419 tamen
3372 4364 3651 4434 vulgatam
3691 4365 3896 4423 distic-

621 4437 854 4511 c-amqne
883 4437 1210 4511 scripturam
1266 4440 1497 4495 retinuit
1542 4440 1809 4511 Ortelius__
1836 4439 1891 4491 in
1932 4437 2196 4511 Thesaaro

625 4508 1012 4583 geographirof
1053 4513 1159 4566 Sed
1182 4513 1238 4565 in
1272 4512 1484 4580 optimo
1506 4509 1723 4583 ‘codice
1758 4508 2081 4583 Florentino
2112 4509 2199 4561 le-

623 4579 771 4650 gitur
801 4583 1064 4652 Χουζιὸᾷ,
1090 4579 1521 4652 τοοιίυδίρτοουί
1555 4579 1761 4652 dubio;
1792 4580 1872 4632 sic
1897 4580 2044 4652 enim
2078 4593 2199 4652 eam

623 4648 836 4709 laurum.
863 4648 1029 4707 vocat
1057 4653 1296 4707 Joannes
1335 4648 1593 4705 Moschus
1614 4690 1628 4708 .
1679 4651 1734 4704 in
1768 4664 1888 4716 cap.
1920 4649 2009 4702 EH.
2069 4648 2203 4702 Cum

627 4732 804 4778 autem
833 4726 1056 4777 uenisset
1115 4725 1169 4776 in
1231 4739 1484 4781 eremum.
1519 4733 1564 4774 et
1601 4729 1905 4774 moraretur
1957 4720 2014 4771 in
2057 4717 2204 4771 cellis

627 4794 839 4854 Cusiim,
863 4794 1044 4847 eadem
1065 4794 1416 4847 miserationis
1445 4792 1663 4860 faciebat
1703 4807 1885 4857 Opera.
1915 4789 2033 4858 Ibat
2066 4791 2206 4842 enim

649 4866 878 4917 mruiam
908 4880 1023 4933 qua:
1049 4865 1190 4916 ducit
1214 4881 1245 4916 a
1272 4864 1510 4933 Jordane
1541 4863 1610 4914 ad
1640 4871 1883 4933 sanctam
1916 4862 2199 4933 ciuitatem.

657 4935 731 4988 lbi
759 4930 1060 4989 notandum
1095 4946 1180 4988 est
1205 4934 1419 4988 cellasa
1461 4932 1679 4985 Moscho
1702 4931 1836 4994 dici,
1863 4947 2027 5000 quam
2079 4930 2202 4982 lau-

633 5021 745 5058 ram
783 5014 942 5059 vocat
977 5005 1264 5071 Evagrins.
1309 5004 1471 5058 Certe
1517 5003 1669 5055 laura
1712 5002 1848 5055 nihil
1884 5001 2032 5055 aliud
2083 5009 2206 5053 erat

629 5091 793 5142 «piam
846 5077 996 5130 cellze
1029 5075 1429 5128 monachorum
1465 5073 1593 5126 hinc
1651 5072 1779 5126 inde
1816 5072 2102 5139 dispersae,
2149 5078 2208 5122 ut

633 5161 799 5213 supra
847 5146 1054 5200 notavi.
1103 5145 1358 5198 Moschus
1410 5145 1680 5206 lamen,‘n
1741 5156 1861 5211 cap.
1916 5142 2005 5202 ‘24.
2047 5152 2211 5213 vocat

632 5211 943 5270 rrehobinm
981 5216 1260 5270 Chusiha:
1329 5215 1387 5266 ὐ
1421 5213 1592 5282 ἁόὅᾱίς
1658 5213 1951 5282 Γρηγὸριος
2005 5214 2032 5262 ὁ
2104 5211 2212 5282 ἁπρ

633 5286 942 5353 Σχολαρίων
995 5287 1180 5352 ἔλεγεν
1222 5289 1374 5352 ἡμῖν,
1429 5285 1510 5336 ὅτι
1542 5279 1608 5351 ἦν
1661 5279 1762 5344 τις
1789 5279 2014 5347 ἀδελφὸς
2047 5284 2104 5333 ὲν
2133 5280 2211 5348 τῷ

635 5357 883 5424 xciv-365(3)
914 5357 1005 5408 τοῦ
1039 5357 1296 5425 Χουζεῦᾷ.
1325 5355 1596 5408 Czcterum
1624 5353 1738 5406 haec
1764 5355 1953 5415 verba,
1989 5356 2044 5405 ἐν
2078 5353 2212 5403 Χου-

635 5426 756 5497 ζιὸξῖ
789 5430 851 5497 τῇ
888 5428 1085 5497 λαύρα,
1144 5424 1425 5496 iungenda
1490 5433 1619 5477 sunt
1683 5438 1806 5476 cum
1838 5424 1904 5478 iis
1962 5439 2089 5494 quae
2121 5436 2210 5475 sc-

2305 4439 2545 4495 ctionetn
2580 4444 2789 4489 tuetur.

2379 4509 2490 4576 (5H
2550 4505 3002 4572 Ἑπισκοπήσας
3053 4505 3121 4559 δὲ
3173 4503 3290 4570 τὴν
3353 4505 3655 4572 Καίσαρος
3683 4507 3887 4563 πόλιν.

2311 4581 2410 4634 Hic
2436 4578 2677 4632 Joannes
2718 4577 2890 4630 abbas
2940 4577 3182 4646 primum
3211 4576 3315 4631 fuit
3347 4590 3410 4629 ac
3457 4577 3747 4645 presbyter
3772 4594 3886 4634 mo-

2309 4648 2537 4704 nasterii
2571 4646 2837 4705 Chusiha.
2881 4645 2954 4700 ex’
2981 4663 3092 4716 quo
3119 4647 3285 4718 etiam
3336 4645 3660 4718 Qhuzibites
3689 4663 3890 4718 cogno-

2313 4721 2555 4774 minatus
2606 4725 2711 4770 est.
2738 4718 2932 4771 Postea
2984 4714 3116 4788 vero
3173 4714 3537 4788 Czesariensis
3596 4714 3893 4788 episcopus

2315 4790 2492 4844 factus
2533 4798 2636 4854 est.
2699 4796 2762 4839 ut
2811 4796 3011 4856 praeter
3073 4787 3370 4857 Evagrinm
3429 4787 3592 4840 docet
3649 4787 3895 4843 Joannes

2312 4860 2580 4941 Mpfchus‘
2603 4857 2874 4941 inucapitc
2905 4858 3007 4941 2i}
3041 4859 3150 4941 καὶ
3181 4861 3236 4908 ὲν
3261 4857 3339 4924 τῷ
3366 4858 3767 4941 προσκομίςειν
3799 4859 3893 4941 cev

2313 4930 2486 4982 ἁεϐἅν
2532 4929 2623 4980 τὸν
2663 4929 2916 4999 Ἰωάννην
2944 4929 3033 4979 τὸν
3066 4928 3187 4999 τότε
3217 4928 3593 4999 πρεσϐύτερον
3637 4929 3767 4981 ὄντα
3801 4929 3892 4981 τὸν

2315 4999 2542 5067 ἐπίκλην
2556 4997 2940 5066 Χοζεὸίτην.ὃ;
2959 5002 3051 5050 καὶ
3071 4997 3198 5068 {ista
3209 5016 3298 5067 ρον
3312 4997 3540 5065 γέγονεν
3558 4999 3895 5068 Καισαρείας

2307 5071 2407 5137 τῆς
2452 5069 2594 5122 κατά
2643 5069 3010 5135 Παλαιστίνην
3038 5067 3368 5138 ἐπίσκοπος,
3400 5069 3490 5138 silv
3530 5067 3750 5138 μονήρη
3779 5069 3895 5121 δια·-

2311 5135 2584 5202 παλαίσας
2646 5137 3063 5208 ﬂiov.Ejusdem
3107 5137 3340 5208 Joannis
3407 5135 3742 5204 Chuzihitzie,
3780 5138 3897 5193 Ca:-

2309 5210 2573 5265 saricnsis
2600 5207 2868 5278 episcopi,
2910 5209 3120 5261 mentio
3156 5207 3214 5278 iit
3266 5210 3322 5262 in
3382 5208 3702 5278 Mcnologio,
3729 5208 3821 5262 die
3863 5209 3896 5261 3

2308 5291 2364 5334 et
2393 5280 2463 5334 ‘28
2483 5277 2762 5342 Octobris,
2794 5277 2891 5332 ’uhi
2918 5279 3087 5332 etiam
3145 5277 3383 5333 Chuziba
3453 5277 3690 5332 vocatur
3735 5279 3896 5333 locus

2310 5351 2508 5408 eremi.
2537 5352 2591 5404 in
2614 5367 2726 5419 quo
2759 5351 3160 5404 monasterium
3189 5355 3310 5420 eius
3346 5349 3514 5402 silum
3552 5347 3681 5401 fuit.

2060 5556 2443 5614 VARlOliUll.
2509 5592 2511 5594 η

705 5657 776 5717 (υ)
848 5653 957 5706 Τὸν
1010 5671 1123 5706 τινι
1191 5653 1829 5721 πίιρεςρομαρτούντων.
1890 5651 2204 5719 chendum

634 5725 739 5776 τῶν
768 5726 940 5777 τινὶ...
992 5724 1259 5779 Usilatins
1314 5725 1598 5776 diceretur
1655 5725 1759 5775 τινὶ
1814 5725 1918 5775 τῶν
1956 5739 2206 5790 παρεφ...

637 5796 818 5849 Altera
851 5805 1032 5849 antem
1067 5794 1280 5862 phrasis
1308 5793 1450 5862 apud
1474 5794 1764 5864 Evagrium
1819 5811 1966 5862 sa‘pc
2019 5809 2211 5846 m_‘t.‘tlt'~

2323 5651 2413 5704 rit.
2435 5650 2555 5722 Vill.
2581 5650 2720 5703 infra
2752 5651 2804 5704 in
2839 5651 2946 5705 hoc
2967 5652 3320 5722 capitc:'l‘d'w
3343 5656 3464 5705 τινά
3494 5651 3544 5722 οἰ
3576 5652 3900 5720 ἐπιτηδείων

2322 5721 2687 5793 ἐπεϐέϐλητο·
2727 5732 2781 5773 (ιι.
2817 5739 2934 5789 rap.
2968 5721 3084 5776 2‘27:
3125 5722 3245 5775 Τῶν
3294 5740 3413 5775 τινα
3456 5721 3553 5792 τῆς
3614 5723 3786 5793 αὐλῆς
3815 5725 3898 5776 rb.

2323 5791 2550 5859 νούχων.
2593 5794 2608 5848 ι’
2633 5792 2714 5844 \V.
2745 5793 2983 5862 LOW’HI'.)
