4124 6332
638 364 789 431 ’97ἷ9

1851 364 2166 426 EVAGRII
2206 363 2696 425 SCHOLASTICI

3768 365 3921 433 2720

645 491 779 539 tres.
808 475 1154 532 Justinianus
1198 474 1406 531 sororis
1456 476 1578 545 ejus
1626 473 1793 537 ﬁlius.
1838 490 1945 529 una
1977 490 2101 530 cum
2134 475 2225 530 illo

2333 474 2713 539 ’1ουστινιανὸς
2753 474 3072 544 ἀδελφιδοῦς
3099 475 3268 531 αὐτοῦ
3303 475 3717 547 συμϐασιλεύει,
3746 481 3923 553 ἁναρο

643 568 972 638 imperavit;
1004 566 1285 637 Augustus
1312 575 1666 636 nuncupatus
1694 566 1785 621 die
1815 567 1992 636 primo
2022 566 2228 623 mensis

642 658 927 721 Xanthici.
961 658 1015 711 id
1058 668 1144 713 est
1187 657 1451 712 Kalendis
1479 658 1704 728 Aprilis.
1738 673 1884 712 anno
1913 658 2069 713 urbis
2111 659 2226 712 An-

644 752 865 806 tiochiet
912 750 1359 820 quingentesimo
1398 751 1805 820 septuagesimo
1838 751 2055 821 quinto.
2090 750 2227 817 Qui-

642 844 749 897 bus
800 843 873 898 ita
919 844 1158 913 peractis
1199 842 1453 898 Justinus
1496 859 1563 897 ex
1604 843 1765 914 392
1813 844 1917 899 hoc
1960 859 2128 915 regno
2160 844 2228 899 ad

643 928 871 982 eteleste
900 928 1195 998 imperium
1228 929 1507 1000 migravit,
1538 930 1691 985 fatali
1719 940 1894 987 morte
1934 931 2230 988 defunctus

643 1024 825 1091 primo
849 1021 937 1077 die
965 1022 1171 1077 mensis
1201 1022 1323 1087 Loi,
1350 1024 1405 1079 id
1430 1031 1516 1079 est
1537 1022 1798 1080 Kalendis
1819 1025 2071 1097 Augusti.
2101 1042 2225 1081 cum

644 1116 989 1185 imperasset.
1041 1131 1151 1170 una
1203 1116 1428 1186 quidem
1476 1131 1601 1170 cum
1647 1116 1960 1173 Iustiniano
2009 1133 2230 1175 menses

643 1213 911 1271 quatuor;
942 1205 997 1258 in
1035 1204 1358 1260 universum
1390 1221 1525 1260 vero
1554 1215 1663 1261 tam
1692 1207 1861 1273 solus,
1905 1223 2071 1278 quam
2100 1224 2227 1264 cum

641 1296 873 1365 collega,
926 1311 1025 1366 per
1057 1312 1233 1351 annos
1276 1311 1477 1351 novem
1524 1312 1589 1352 ac
1624 1298 1747 1354 dies
1778 1309 1892 1355 tres
1935 1300 2227 1370 imperium

642 1410 659 1437 ι
682 1385 993 1439 btinuisset.
1024 1386 1196 1441 Porro
1228 1402 1357 1441 cum
1388 1387 1735 1443 Justinianus
1774 1390 1886 1461 jam
1919 1391 2071 1445 solus
2103 1393 2229 1446 uni-

645 1492 691 1527 νε
716 1491 864 1527 rsum
902 1476 1193 1546 intjerium
1228 1478 1528 1548 regendum
1574 1480 1931 1549 suscepisset,
1961 1490 2021 1537 et
2058 1482 2226 1538 Chal-

641 1566 970 1621 cedonensns
1002 1569 1241 1637 synodus
1265 1585 1331 1623 ex
1362 1580 1639 1640 praecepto
1680 1570 1880 1626 Justini
1922 1572 2225 1643 imperato-

642 1659 740 1716 ris.
771 1659 913 1712 sicut
944 1669 1103 1715 antea
1132 1661 1321 1725 retuli.
1369 1678 1469 1732 per
1499 1678 1694 1718 omnes
1720 1664 1999 1719 Ecclesias
2023 1666 2226 1736 pradi-

640 1758 897 1811 caretur.
950 1751 1331 1807 ecclesiastica
1382 1768 1489 1823 pax
1538 1755 1597 1809 in
1652 1754 1981 1825 quibusdam
2044 1756 2227 1812 adhuc

2333 566 2517 637 ῥηθεὶς
2550 569 2615 637 τῇ
2640 565 2832 638 πρώτῃ
2854 566 2947 620 τοῦ
2964 566 3245 621 Ξανθικοῦ
3268 568 3437 638 ἡγουν
3456 569 3773 640 ’Δπριλλίου
3809 589 3927 643 μη·-

2332 660 2441 724 νὸς,
2470 658 2573 712 ἀνὰ
2596 658 2659 711 τὸ
2684 658 2939 727 πέμπτον
2972 660 3067 712 καὶ
3095 659 3498 730 ἑϐδομηκοστὸν
3530 662 3626 715 καὶ
3654 679 3925 717 πεντακο-

2335 751 2551 804 σιοστὸν
2582 751 2702 813 ἔτος
2733 752 2830 803 τοῦ
2866 751 3260 822 χρηματισμοῦ
3286 755 3385 824 τῆς
3418 754 3772 824 Ἀντιοχείας.
3805 756 3923 809 Καὶ

2330 840 2541 893 τούτων
2562 834 2665 894 ὦδε
2688 842 3088 912 προελθόντων,
3124 843 3409 907 Ἰουστῑνος
3442 844 3772 913 μεθίσταται
3820 845 3924 915 τῆς

2330 934 2580 989 ὶντεῦθεν
2610 934 2909 1006 βασιλείας,
2942 934 3193 989 ὑπελθὼν
3232 935 3334 1007 τὴν
3383 936 3589 991 τέλειον
3624 937 3673 970 ’⁸
3701 936 3921 1008 ἡμέραν

2328 1027 2431 1081 ἀνὰ
2454 1026 2554 1099 τὴν
2599 1026 2825 1098 πρώτην
2851 1028 3066 1098 ἡμέραν
3115 1025 3209 1079 τοῦ
3241 1026 3417 1090 Λώου.
3447 1028 3541 1082 τοῦ
3570 1028 3666 1083 καὶ
3706 1027 3923 1095 Αὐγού-

2331 1136 2456 1173 στου
2487 1118 2677 1190 μηνὸς,
2727 1118 3174 1189 συμϐασιλεύσας
3208 1119 3308 1189 μὲν
3343 1120 3711 1189 Ἰουστινιανῷ
3741 1121 3921 1191 μῆνας

2327 1212 2616 1284 τέτταρας,
2646 1214 2716 1266 τὰ
2743 1212 2839 1266 δλα
2866 1211 2923 1265 δὲ
2953 1211 3048 1283 ἔτη
3075 1211 3173 1281 τὴν
3193 1211 3629 1283 αύτοκρατορίαν
3653 1210 3766 1282 ('55)
3796 1212 3920 1265 δια-

2327 1301 2495 1366 νύσας
2524 1302 2702 1374 ἀρχὴν
2724 1302 2881 1355 ιννὲα
2903 1301 3039 1371 πρὸς
3065 1302 3243 1369 τρισὶν
3272 1300 3509 1370 ἡμέραις
3533 1299 3645 1369 (56)
3664 1297 3761 1368 (η’
3785 1298 3923 1352 Ἰου-

2330 1396 2601 1451 στινιανοῦ
2645 1396 2701 1449 δὲ
2755 1396 2917 1466 μόνου
2968 1396 3068 1466 τὴν
3104 1394 3232 1462 ὅλην
3260 1394 3435 1465 ἀρχὴν
3484 1393 3583 1457 τῆς
3625 1392 3921 1462 Ῥωμαίων

2327 1485 2683 1555 ἐπικρατείας
2718 1484 3097 1556 περιθεμένου.
3129 1483 3229 1553 ἥδη
3261 1500 3321 1535 τε
3343 1482 3444 1552 τῆς
3496 1482 3555 1534 ἐν
3598 1480 3917 1551 Χαλκηδόνι

2330 1577 2548 1630 συνόδου
2573 1577 2985 1649 κηρυττομένης
3010 1575 3113 1629 ἀνὰ
3142 1574 3240 1638 τὰς
3271 1573 3583 1641 ἁγιωτάτας
3618 1572 3922 1641 ἐκκλησίας

2328 1664 2662 1736 κελεύμασιν
2696 1666 2988 1720 Ίουστίνου
3015 1662 3161 1716 καθά
3188 1679 3279 1733 μοι
3311 1662 3588 1733 διήγηται,
3624 1662 3707 1714 ἔτι
3728 1661 3799 1714 τὰ
3817 1661 3920 1727 τῆς

2327 1758 2789 1831 ἑκκλησιαστικῆς
2821 1760 3213 1820 καταστάσεως
3250 1756 3308 1809 ἐν
3336 1773 3447 1809 τισι
3478 1756 3590 1809 τῶν
3624 1752 3910 1824 ἐπαρχιῶν

640 1841 941 1909 provinciis
968 1843 1331 1910 turbabatur;
1362 1848 1643 1916 praecipue
1667 1863 1801 1903 vero
1828 1847 2221 1904 Constantino-

2329 1851 2712 1922 περιεδονεῖτο,
2743 1850 2837 1903 καὶ
2872 1849 3113 1919 μάλιστά
3142 1865 3205 1916 γε
3226 1847 3368 1902 κατὰ
3406 1846 3505 1918 τὴν
3536 1845 3802 1915 βασιλέως
3824 1844 3923 1896 καὶ

640 1932 752 1999 poli
783 1940 840 1985 et
872 1934 1258 1989 Alexandriae:
1300 1935 1967 2008 Constantinopolitanatn
1998 1940 2221 2010 quidem

639 2023 941 2078 Ecclesiam
996 2026 1419 2082 administrante
1462 2027 1748 2092 Anthimo,
1795 2022 2220 2086 Alexandrinam

637 2129 774 2167 vero
810 2115 1145 2171 Theodosio.
1186 2116 1365 2172 Ambo
1392 2118 1543 2173 enim
1572 2120 1663 2175 isti
1693 2134 1859 2176 uuam
1904 2120 1961 2176 in
2000 2120 2221 2177 Christo

638 2215 892 2258 naturam
927 2207 1109 2262 inesse
1140 2207 1487 2263 asserebant.

1307 2321 1459 2377 CAP.
1496 2322 1565 2378 X.

642 2410 885 2490 Qualiter
913 2414 1251 2490 Justmianus
1286 2416 1495 2485 quidem
1518 2433 1617 2490 _eos
1644 2418 1861 2471 amabat
1888 2421 1978 2490 qui
1988 2418 2225 2490 Chalce-

736 2483 1013 2535 donensem
1063 2483 1323 2552 synodum
1380 2486 1831 2554 amplecterentur
1876 2483 1910 2543 ε’
1953 2489 2221 2543 Theodora

734 2567 855 2605 vero
886 2570 970 2605 eos
998 2555 1087 2622 qui
1116 2554 1375 2625 synodum
1403 2554 1558 2610 illam
1588 2558 1973 2627 improbarent.

730 2664 796 2717 Et
830 2664 1178 2723 Justinianus
1212 2668 1467 2738 quidem,
1506 2686 1604 2726 eos
1648 2670 1742 2740 qui
1787 2670 2221 2730 Chalcedonensi

639 2754 848 2825 synodo
870 2767 1267 2821 convenerant.
1299 2768 1354 2815 et
1379 2777 1723 2832 quaecunque
1752 2762 1821 2817 ab
1849 2764 1960 2817 illis
2003 2763 2223 2827 fuerant

639 2848 916 2916 exposita,
973 2850 1176 2905 acriter
1228 2849 1580 2907 defendebat.
1644 2853 1776 2923 Ejus
1831 2868 1965 2907 vero
2019 2858 2223 2926 conjux

642 2939 931 2995 Theodora
958 2940 1028 2995 ab
1068 2942 1287 2997 illorum
1332 2944 1588 3013 partibus
1630 2944 1809 2998 stabat
1840 2944 1935 3013 qui
1972 2959 2137 2998 unam
2165 2948 2221 2999 in

638 3030 864 3085 Christo
888 3042 1139 3087 naturam
1172 3041 1483 3089 assererem
1516 3072 1534 3100 ,
1570 3035 1687 3089 sive
1717 3034 1865 3104 quod
1898 3034 1998 3104 ipsi
2030 3050 2222 3091 revera

640 3122 715 3175 iia
758 3122 1090 3191 sentiebant;
1150 3140 1273 3197 nam
1316 3126 1758 3196 quotiescunque
1790 3128 1969 3196 agitur
1995 3128 2064 3182 de
2090 3128 2218 3195 fide,

2321 1944 2469 2023 κατα
2497 1943 2603 2012 τὴν
2630 1940 2983 2012 Ἀλεξάνδρου
3012 1940 3165 1993 πόλιν
3184 1954 3198 1969 ·
3224 1939 3324 2009 τῆς
3366 1938 3465 2007 μὲν
3520 1936 3793 2007 βασιλίδος
3816 1935 3929 2005 τὴνΔ

2321 2034 2628 2106 ἐπισκοπὴν
2650 2033 3082 2104 πρυτανεύοντος
3101 2031 3367 2101 Ἀνθίμου
3406 2029 3511 2099 (a),
3544 2028 3649 2097 τῆς
3679 2028 3736 2080 δι
3767 2027 3923 2080 Ἀλε-

2322 2125 2596 2195 ξανδρέων
2624 2123 2954 2193 Ἐκκλησίας
3005 2121 3313 2192 ἡγουμένου
3359 2120 3667 2209 Θεοδοσίου.
3714 2118 3923 2190 Ἄμφω

2320 2234 2381 2272 τε
2410 2216 2519 2287 γὰρ
2541 2217 2640 2287 τὴν
2676 2217 2805 2287 μίαν
2835 2212 3162 2282 ὲδοξαξέτην
3185 2212 3372 2282 φύσιν.

2937 2328 3194 2382 ΚΕΦΔΛ.
3245 2328 3306 2381 ι’.

2323 2422 2456 2477 Ὀτι
2490 2419 2930 2486 Ἰουστινιανὸς
2972 2419 3090 2488 μὲν
3150 2418 3294 2483 τοὺς
3344 2418 3480 2488 τὴν-⁸
3508 2414 3924 2488 Halmom-(.3?

2392 2492 2660 2546 σύνοδον
2706 2485 3191 2557 ἀποδεχομένους
3239 2486 3443 2557 ἠγάπα
3468 2502 3483 2517 ·
3550 2485 3820 2554 Θεοδώρα
3850 2485 3924 2538 δὲ

2390 2563 2535 2628 τοὺς
2559 2562 2876 2627 ἐναντίους
2900 2559 3207 2628 ἔστεργεν.

2395 2674 2772 2738 Ἰούστινιανὸς
2827 2673 2928 2744 μὲν
2971 2668 3065 2727 οὖν
3105 2672 3215 2726 τῶν
3248 2673 3306 2724 ὲν
3355 2672 3664 2742 Καλχηδόνι
3692 2671 3923 2740 συνελη-

2324 2765 2699 2830 λυθότων,καὶ
2746 2765 2857 2818 τῶν
2880 2765 3011 2833 παρ’
3058 2764 3239 2817 αὐτῶν
3287 2763 3710 2834 ἐκτεθειμίνων,
3769 2762 3921 2833 μάλα

2324 2858 2589 2928 γεννικῶς
2622 2858 2923 2928 ἀντείχετο.
2965 2856 3219 2927 Θεοδώρα
3253 2855 3327 2925 (b)
3356 2856 3413 2907 δὲ
3442 2856 3473 2923 ἡ
3518 2854 3711 2907 τούτου
3740 2854 3921 2908 σύνοι-

2325 2962 2441 3008 κος,
2464 2945 2574 2997 τῶν
2611 2946 2742 3015 μίαν
2770 2946 2933 3013 φύσιν
2964 2944 3257 3013 λεγόντων,
3290 2944 3399 2997 εἴτε
3439 2946 3534 2997 καὶ
3563 2944 3677 2995 τῶν
3697 2944 3917 3015 ἀληθῶς

2323 3037 2498 3101 οὕτως
2551 3037 2784 3108 ἐχόντων
2832 3037 2969 3107 (57).
3043 3036 3235 3089 Ἢνίκα
3272 3036 3384 3105 γὰρ
3421 3037 3449 3088 ὁ
3494 3034 3625 3106 περὶ
3676 3036 3920 3101 πίστεως

2325 3128 2613 3197 πρόκειται
2635 3127 2794 3194 λόγος
2821 3125 3057 3197 πατέρες
3072 3142 3131 3178 τε
3154 3125 3290 3197 πρὸς
3322 3124 3536 3191 παῖδας,
3563 3125 3751 3187 παῖδές
3762 3142 3822 3179 τε
3843 3126 3915 3180 αὖ

640 3224 825 3283 patres
870 3230 897 3268 a
948 3216 1073 3271 ﬁliis
1112 3224 1170 3269 ct
1208 3215 1305 3271 lilii
1357 3217 1626 3271 dissident
1670 3233 1702 3272 a
1748 3219 2106 3289 parentibus:
2160 3230 2216 3275 et

2327 3219 2457 3290 πρὸς
2486 3228 2611 3282 τοὺς
2639 3220 2845 3288 φύντας
2868 3218 3187 3282 διίστανται,
3210 3218 3349 3289 γυνή
3387 3234 3445 3271 τε
3486 3219 3619 3289 πρὸς
3658 3218 3751 3271 τδν
3782 3219 3917 3272 [διον

641 3322 780 3360 uxor
810 3307 1032 3377 quidem
1063 3325 1094 3363 a
1124 3309 1347 3375 marito,
1381 3310 1614 3365 maritus
1646 3325 1783 3365 vero
1813 3310 1883 3365 ab
1922 3327 2093 3367 uxore
2124 3328 2223 3369 sua

2328 3312 2597 3381 γαμετήν·
2623 3312 2763 3381 ἁνήρ
2787 3326 2846 3363 τε
2878 3308 2949 3364 αὖ
2970 3308 3132 3363 πάλιν
3155 3308 3293 3380 πρὸς
3312 3308 3413 3380 τὴν
3449 3309 3588 3363 ἰδίαν
3634 3316 3912 3383 γαμετήν·

639 3396 894 3451 dissentit
935 3416 948 3452 :
1008 3400 1130 3455 sive
1178 3414 1278 3469 per
1326 3400 1620 3471 quamdam
1678 3399 2086 3456 simulationem
2146 3401 2221 3456 ita

2330 3402 2442 3455 εἴτε
2474 3401 2738 3456 καὶκατὰ
2765 3418 2888 3455 τινα
2921 3400 3273 3469 συγκείμενοι
3311 3401 3632 3470 οἰκονομίαν
3673 3402 3806 3473 (38).
3846 3404 3916 3456 ἶν’

1933 3541 2020 3597 VA
2030 3539 2168 3595 Rle
2201 3540 2610 3597 LECTIONES.
2670 3548 2675 3551 ’

1849 3680 2128 3737 VALESII
2159 3681 2605 3737 ANNOTATION
2614 3681 2715 3736 ES.

725 3611 773 3645 "
790 3611 1029 3669 τελείαν.

639 3785 761 3847 etor
798 3775 1042 3832 Chronici
1101 3777 1452 3832 Alexandrini
1498 3792 1599 3847 pro
1629 3778 1794 3833 tribus
1843 3779 2021 3833 diebus
2050 3778 2221 3832 habet

640 3846 894 3916 quinque,
930 3848 1303 3920 Iustinianum
1350 3846 1511 3902 enim
1548 3863 1576 3901 a
1636 3848 1854 3920 Iustino
1902 3850 2211 3918 Augustum

641 3919 851 3971 factum
881 3934 1001 3974 esse
1039 3918 1254 3977 scribit.
1288 3926 1413 3987 post
1465 3933 1640 3973 annos
1688 3918 1820 3973 Octo
1871 3934 1935 3973 ac
1993 3933 2215 3972 menses

641 4002 841 4059 novent
865 4029 881 4054 ,
913 4006 977 4044 ac
1011 3989 1131 4043 dies
1158 3988 1403 4059 quinque
1435 3988 1654 4059 imperii
1680 3989 1907 4051 Justini.
1961 3988 2221 4059 Kalendis

640 4057 866 4123 Aprilis,
894 4057 1463 4114 Mavortio‘consule:
1500 4058 1592 4126 qui
1630 4058 1737 4113 fuit
1787 4074 1965 4113 annus
2012 4058 2219 4113 Christi

639 4126 1002 4200 527._Verum
1027 4139 1220 4200 auctor
1250 4128 1400 4183 illius
1423 4126 1685 4200 Chronici
1706 4143 1734 4182 a
1778 4130 2077 4200 semetipso
2106 4130 2221 4200 dis-

642 4196 843 4268 sentit;
880 4214 1007 4254 nam
1072 4199 1351 4254 Justinum
1402 4197 1628 4267 quidem
1677 4196 1993 4268 imperium'
2025 4198 2218 4253 iniisse

640 4266 839 4323 scribit
860 4269 949 4324 die
988 4285 1135 4324 nono
1152 4268 1357 4323 mensis
1392 4266 1546 4330 .lulii.
1590 4284 1735 4321 anno
1758 4266 1770 4268 ⁷
1791 4270 2001 4325 Natalis
2027 4270 2218 4323 Domi-

642 4337 750 4410 nici
783 4338 907 4394 5l8.
931 4340 976 4394 A
1000 4356 1112 4410 quo
1143 4348 1392 4407 tempore
1424 4338 1488 4393 ad
1517 4338 1789 4410 Kalendas
1828 4339 2036 4409 Aprilis
2086 4340 2217 4410 anni

642 4407 769 4471 5:27,
800 4411 928 4463 anni
960 4407 1088 4465 sunt
1114 4419 1260 4471 octo.
1290 4424 1353 4462 ac
1406 4424 1627 4462 menses
1650 4407 1907 4471 totidem.
1936 4426 2062 4464 cum
2094 4409 2216 4463 die-

640 4476 747 4551 bus
777 4495 888 4551 uno
918 4490 973 4534 et
997 4481 1213 4551 viginti.
1262 4478 1419 4551 Quod
1468 4479 1511 4551 si
1564 4479 1878 4533 Cedrenum
1930 4481 2218 4551 sequimur

2318 3776 2569 3848 ejusdem
2609 3776 2739 3831 anni
2768 3818 2781 3838 ,
2809 3776 3076 3848 transaeti
3117 3776 3555 3848 fuerintinovem
3599 3777 3731 3831 anni
3783 3795 3909 3834 eum

2320 3846 2433 3901 uno
2478 3848 2779 3918 mense‘ac
2827 3846 3025 3918 diebus
3072 3847 3273 3918 tribus.
3330 3847 3412 3901 Ex
3454 3862 3565 3916 quo
3626 3848 3909 3918 colligitur

2318 3918 2615 3972 exordium
2648 3917 2867 3986 imperii
2898 3917 3101 3971 Justini
3136 3917 3261 3972 duci
3293 3933 3323 3971 a
3350 3917 3439 3971 die
3466 3918 3731 3973 vicesimo
3758 3930 3912 3975 octa-

2319 4004 2389 4041 vo
2415 3988 2623 4042 mensis
2646 3987 2821 4053 Junii,
2846 3988 2999 4057 juxta
3034 3986 3252 4057 Evagrii
3305 3988 3657 4041 sententiam.

2323 4058 2432 4127 (5'7)
2476 4057 2611 4111 Εἴτε
2641 4057 2739 4110 καὶ
2774 4056 2894 4127 τῶν
2924 4056 3171 4123 ἀληθῶς(
3193 4057 3698 4127 οὕτως-ἐχόντων.
3754 4056 3909 4112 Scri-

2319 4126 2563 4182 bendum
2595 4137 2732 4195 puto
2753 4126 2864 4179 εἴτε
2900 4129 2996 4179 καὶ
3025 4127 3205 4179 αὐτῶν
3234 4126 3469 4194 ἀληθῶς,
3507 4136 3640 4192 etc.;
3671 4127 3730 4181 id
3756 4129 3907 4183 enim

2318 4213 2518 4252 sensus
2544 4197 2807 4266 postulat.
2861 4196 3213 4320 Nicephorus
3285 4196 3527 4265 quidem.
3570 4198 3737 4267 hujus
3795 4199 3904 4254 loci

2319 4281 2544 4320 sensum
2601 4267 2831 4320 minime
2872 4266 3007 4320 intel
3034 4268 3167 4320 exit.
3228 4266 3516 4320 Musculus
3580 4284 3720 4320 vero
3774 4285 3904 4320 eum

2319 4281 2544 4321 sensum
2601 4267 2831 4321 minime
2872 4266 3167 4322 intellexit.
3228 4266 3516 4322 Musculus
3580 4266 3720 4323 vero
3774 4285 3907 4323 eum

2317 4339 2525 4406 optime
2591 4336 2850 4406 exposuit
2906 4338 3015 4391 hoc
3046 4337 3232 4391 modo.
3291 4335 3413 4391 Sive
3438 4348 3620 4392 autem
3666 4339 3745 4391 sic
3787 4356 3909 4393 uere

2315 4408 2633 4469 sentiebant,
2680 4408 2788 4479 sive
2808 4409 2889 4479 sic,
2914 4408 3311 4478 dispensatione
3339 4408 3575 4479 quadam
3596 4410 3740 4461 inter
3764 4410 3907 4479 ipsos

2316 4487 2652 4531 convenerat.
2686 4478 2991 4531 Musculum
3020 4489 3249 4533 secutus
3294 4487 3381 4531 est
3439 4477 3909 4547 Christophorso-

641 4547 1150 4630 quiﬁustin‘ianiim
1176 4566 1205 4603 a
1232 4548 1449 4606 Iustino
1468 4550 1788 4630 Augustum.
1828 4565 1965 4630 esse
2004 4547 2211 4630 factum
2245 4574 2290 4630 Ι)
2320 4564 2447 4630 nus,
2469 4559 2525 4601 et
2560 4564 2760 4630 novatn
2817 4548 3105 4630 periodqu
3142 4549 3209 4602 ab
3255 4547 3343 4603 his
3391 4548 3581 4630 verbis
3603 4549 3907 4630 inchoavit

642 4620 813 4698 tradit
850 4623 911 4698 μ
942 4622 1169 4698 Aprilis,
1197 4629 1307 4673 tum
1349 4620 1688 4695 computatio
1719 4619 2014 4674 Alexandri
2039 4620 2211 4675 Chro-

642 4691 746 4742 nici
786 4694 892 4746 erit
924 4691 1254 4745 certissima.

721 4761 831 4821 (55)
905 4762 1026 4828 Τὴν
1078 4760 1570 4827 αὐτοκρατορίαν.
1630 4760 1688 4813 lu
1752 4774 1857 4813 ms.
1902 4759 2029 4815 cod.
2071 4759 2213 4815 Tell.

642 4833 911 4902 scriptum
946 4833 1155 4897 inveni,
1183 4832 1281 4902 τὴν
1311 4831 1738 4899 αὑτοκρατικὴν,
1760 4840 1893 4895 etc.,
1924 4830 2072 4900 quod
2105 4846 2220 4884 ma-

680 4901 723 4953 is
749 4902 944 4968 placet.

1023 4970 1200 5025 ἐννέα
1227 4971 1376 5039 πρὸς
1416 4969 1613 5038 τρισὶν
1639 4970 1905 5041 ἡμέραις.
1941 4972 2018 5025 Ex
2044 4970 2220 5041 ipsius
2246 4988 2249 4989 '

642 5040 858 5110 Evagrii
886 5042 1101 5096 calculo
1134 5042 1267 5096 satis
1323 5050 1551 5110 apparet
1584 5040 1899 5095 addendum
1949 5043 2042 5097 hic
2070 5040 2220 5095 esse

640 5125 885 5180 mensem
915 5127 1103 5167 unum.
1140 5113 1275 5166 Nam
1307 5126 1431 5165 cum
1463 5111 1628 5180 paulo
1663 5122 1788 5165 ante
1833 5112 2059 5177 dixerit,
2112 5112 2219 5165 Ka-

640 5179 821 5235 lendis
852 5184 1059 5250 Aprilis
1111 5183 1275 5248 hujus
1323 5179 1750 5235 anni’exactum
1811 5183 1979 5237 fuisse
2013 5195 2219 5236 annum

641 5262 895 5305 octavum
927 5254 1141 5320 imperii
1175 5252 1399 5314 .lustini,
1428 5262 1483 5305 et
1505 5267 1702 5305 novem
1741 5252 1964 5320 insuper
2004 5266 2223 5306 menses

638 5335 704 5377 ac
736 5321 854 5377 dies
894 5333 1038 5387 tres;
1078 5337 1423 5393 consequens
1464 5330 1550 5377 est
1587 5329 1648 5375 ut
1679 5320 1940 5377 Kalendis
1987 5320 2219 5393 Augusti

2322 4618 2431 4672 hoc
2462 4618 2663 4672 modo:
2698 4616 2831 4671 Sive
2852 4618 3016 4687 igitur
3064 4623 3140 4671 ita
3194 4634 3375 4671 revera
3426 4619 3746 4683 sentiebant,
3794 4630 3901 4675 etc.

2324 4688 2436 4744 Nos
2469 4704 2602 4742 vero
2619 4689 2735 4743 haec
2765 4704 2887 4742 cum
2914 4688 3780 4758 praecedentibusconjunximus.

2398 4759 2512 4827 (58)
2551 4759 2689 4812 Κατ’
2723 4759 3091 4825 οἰκονομίαν.
3135 4758 3415 4812 Museulus
3474 4760 3698 4828 quidem
3728 4761 3905 4814 inter-

2368 4837 2596 4893 retatur,
2644 4844 2739 4898 per
2786 4829 3251 4899 dispensationem.
3312 4828 3469 4893 Quod
3529 4846 3641 4883 non
3700 4831 3899 4899 probo.

2368 4845 2596 4893 retatur,
2644 4845 2739 4898 per
2786 4845 3251 4897 dispensationem.
3312 4845 3469 4893 unua
3529 4846 3641 4883 non
3700 4845 3899 4899 prono.

2327 4845 2569 4954 goannes
2594 4907 2777 4953 autem
2804 4898 3023 4968 Langus
3053 4898 3241 4964 vertit,
3270 4915 3334 4951 ea:
3363 4902 3670 4968 composito.
3733 4899 3900 4954 Chri-

2323 4969 2726 5037 stophorsonus
2755 4978 2962 5031 autem,
2993 4969 3171 5039 dedita
3222 4970 3540 5039 opera._Ego
3566 4986 3661 5039 per
3681 4970 3907 5023 simula-

2323 5036 2515 5110 tionem
2539 5040 2708 5093 malui
2737 5046 2975 5092 vertere.
3017 5038 3329 5110 Opponitur
3348 5036 3495 5093 enini
3521 5036 3589 5110 τῇ
3647 5041 3901 5110 ἀληθείᾳ.

2320 5112 2425 5165 Per
2458 5109 2709 5179 fraudem
2739 5109 2907 5179 igitur
2938 5124 3001 5161 ac
3020 5109 3443 5179 simulationem
3479 5109 3532 5163 id
3554 5118 3756 5175 actqu
3784 5126 3905 5166 esse

2322 5181 2469 5234 inter
2495 5178 2869 5233 Justinian’um
2906 5194 2969 5231 ac
3017 5178 3366 5233 Theodoram
3422 5180 3681 5233 nonnulli
3718 5181 3906 5235 existi-

2321 5259 2565 5314 marunt,
2600 5258 2660 5301 ut
2698 5250 2837 5301 alter
2858 5248 3179 5313 Catholicis,
3212 5250 3352 5303 alter
3389 5250 3687 5319 Acephalis
3720 5252 3903 5306 adhae-

2322 5329 2491 5387 reret,
2522 5320 2728 5375 Gallice
2754 5319 3084 5384 dixerimus,
3112 5333 3217 5385 par
3247 5319 3523 5390 politique.

2067 5435 2456 5491 VARlOBUM.

711 5530 783 5598 (τ)
826 5530 979 5597 Πρὸς
1009 5529 1207 5598 τρισὶν
1230 5528 1497 5597 ἡμέραις.
1550 5528 1753 5582 lterum
1788 5543 1889 5598 pro
1920 5528 2118 5598 τρισίν,
2150 5528 2220 5580 25

638 5599 772 5670 legit
808 5601 1002 5667 Pagius
1039 5602 1171 5655 Ibid.
1202 5600 1311 5667 (ιν,
1357 5600 1597 5670 Ιιωνιιι.)

712 5668 790 5735 in)
860 5671 1234 5735 Ἀνσίμου-
1271 5669 1612 5721 Θεοδοσίου.
1670 5668 1919 5723 Ordinati
1974 5678 2102 5721 sunt
2158 5668 2211 5721 hi

643 5739 883 5813 episcopi
919 5757 1062 5813 anno
1095 5742 1216 5793 555i.

713 5811 784 5880 (1))
829 5811 1115 5879 Θεοδιὲγα.
1158 5810 1412 5865 Pluribus
1446 5809 1497 5863 in
1526 5824 1645 5863 eam
1679 5809 1956 5863 invehitur
2014 5809 2207 5863 Proco-

2327 5525 2452 5594 pius
2480 5524 2533 5578 in
2569 5525 2800 5579 Historia
2823 5540 3046 5586 arcana,
3072 5524 3164 5578 ubi
3197 5534 3523 5579 narrateam
3548 5522 3716 5578 ﬁliam
3739 5523 3904 5578 fuisse

2328 5596 2635 5663 cujusdam,
2672 5598 2764 5664 qui
2798 5595 3042 5663 Byzantii
3073 5597 3265 5647 hostiis
3310 5596 3375 5647 ad
3417 5594 3904 5663 amphitheatrales

2328 5666 2683 5718 l'rasinornnl
2740 5667 3066 5718 wnaliuncs
3129 5665 3343 5718 alendis
3416 5668 3712 5735 μηρία-ωε
3770 5677 3903 5726 erat.

2329 5752 2487 5804 quem
2526 5744 2719 5789 vocant
2751 5736 3057 5797 Iit-sarium,
3090 5751 3211 5803 pag.
3245 5737 3329 5788 (lu.

3790 5833 3821 5845 ς
