  <div class='ocr_page' id='page_1' title='image "/cluster/home/n/w/nwhite01/storage/ocr_20150623/86 pars.2/pst.000005712885/532.png"; bbox 0 0 4124 6332; ppageno 0'>
   <div class='ocr_carea' id='block_1_1' title="bbox 255 381 402 448">
    <p class='ocr_par' dir='ltr' id='par_1_1' title="bbox 255 381 402 448">
     <span class='ocr_line' id='line_1_1' title="bbox 255 381 402 448; baseline 0.02 -3"><span class='ocrx_word' id='word_1_1' title='bbox 255 381 402 448; x_wconf 76' lang='grc'><strong>2725</strong></span> 
     </span>
    </p>
   </div>
   <div class='ocr_carea' id='block_1_2' title="bbox 1193 381 2640 442">
    <p class='ocr_par' dir='ltr' id='par_1_2' title="bbox 1193 381 2640 442">
     <span class='ocr_line' id='line_1_2' title="bbox 1193 381 2640 442; baseline 0 -2"><span class='ocrx_word' id='word_1_2' title='bbox 1193 382 1580 442; x_wconf 76' lang='lat' dir='ltr'><strong>HISTORle</strong></span> <span class='ocrx_word' id='word_1_3' title='bbox 1621 381 2218 439; x_wconf 79' lang='lat' dir='ltr'><strong>ECCl.ESl.-\ST1C.E</strong></span> <span class='ocrx_word' id='word_1_4' title='bbox 2269 381 2500 441; x_wconf 76' lang='lat' dir='ltr'><strong>LIBER</strong></span> <span class='ocrx_word' id='word_1_5' title='bbox 2550 383 2640 442; x_wconf 83' lang='lat' dir='ltr'><strong>iV.</strong></span> 
     </span>
    </p>
   </div>
   <div class='ocr_carea' id='block_1_3' title="bbox 3399 380 3539 447">
    <p class='ocr_par' dir='ltr' id='par_1_3' title="bbox 3399 380 3539 447">
     <span class='ocr_line' id='line_1_3' title="bbox 3399 380 3539 447; baseline 0.021 -3"><span class='ocrx_word' id='word_1_6' title='bbox 3399 380 3539 447; x_wconf 68' lang='lat'><strong>2726</strong></span> 
     </span>
    </p>
   </div>
   <div class='ocr_carea' id='block_1_4' title="bbox 259 487 1848 563">
    <p class='ocr_par' dir='ltr' id='par_1_4' title="bbox 259 487 1848 563">
     <span class='ocr_line' id='line_1_4' title="bbox 259 487 1848 563; baseline -0.001 -17"><span class='ocrx_word' id='word_1_7' title='bbox 259 496 394 547; x_wconf 84' lang='grc' dir='ltr'>σιῶν</span> <span class='ocrx_word' id='word_1_8' title='bbox 433 493 823 563; x_wconf 78' lang='grc' dir='ltr'>κηρύττεσθαι,</span> <span class='ocrx_word' id='word_1_9' title='bbox 861 493 1084 563; x_wconf 85' lang='grc' dir='ltr'>πρώτην</span> <span class='ocrx_word' id='word_1_10' title='bbox 1111 492 1207 562; x_wconf 79' lang='grc' dir='ltr'>μὲν</span> <span class='ocrx_word' id='word_1_11' title='bbox 1233 493 1333 563; x_wconf 81' lang='grc' dir='ltr'>τὴν</span> <span class='ocrx_word' id='word_1_12' title='bbox 1360 494 1416 544; x_wconf 82' lang='grc' dir='ltr'>ὲν</span> <span class='ocrx_word' id='word_1_13' title='bbox 1468 491 1695 561; x_wconf 56' lang='lat' dir='ltr'><strong>Nimia,</strong></span> <span class='ocrx_word' id='word_1_14' title='bbox 1730 487 1848 544; x_wconf 80' lang='grc' dir='ltr'>εἶτα</span> 
     </span>
    </p>
   </div>
   <div class='ocr_carea' id='block_1_5' title="bbox 1953 487 3541 563">
    <p class='ocr_par' dir='ltr' id='par_1_5' title="bbox 1956 491 3541 563">
     <span class='ocr_line' id='line_1_5' title="bbox 1956 491 3541 563; baseline 0.006 -22"><span class='ocrx_word' id='word_1_15' title='bbox 1956 491 2278 559; x_wconf 74' lang='lat' dir='ltr'><strong>patr&#39;arciue</strong></span> <span class='ocrx_word' id='word_1_16' title='bbox 2334 491 2478 544; x_wconf 87' lang='lat' dir='ltr'><strong>inter</strong></span> <span class='ocrx_word' id='word_1_17' title='bbox 2527 507 2583 544; x_wconf 90' lang='lat' dir='ltr'><strong>se</strong></span> <span class='ocrx_word' id='word_1_18' title='bbox 2629 501 3054 555; x_wconf 86' lang='lat' dir='ltr'><strong>consenserunt,</strong></span> <span class='ocrx_word' id='word_1_19' title='bbox 3102 502 3159 547; x_wconf 88' lang='lat' dir='ltr'><strong>et</strong></span> <span class='ocrx_word' id='word_1_20' title='bbox 3202 493 3541 563; x_wconf 80' lang='lat' dir='ltr'><strong>singularum</strong></span> 
     </span>
    </p>
   </div>
   <div class='ocr_carea' id='block_1_6' title="bbox 255 583 1844 655">
    <p class='ocr_par' dir='ltr' id='par_1_6' title="bbox 255 583 1844 655">
     <span class='ocr_line' id='line_1_6' title="bbox 255 583 1844 655; baseline -0.003 -19"><span class='ocrx_word' id='word_1_21' title='bbox 255 584 360 655; x_wconf 74' lang='grc' dir='ltr'>τὴν</span> <span class='ocrx_word' id='word_1_22' title='bbox 384 587 440 637; x_wconf 78' lang='grc' dir='ltr'>ὲν</span> <span class='ocrx_word' id='word_1_23' title='bbox 467 583 1065 644; x_wconf 77' lang='grc' dir='ltr'>Κωνσταντινουπόλει,</span> <span class='ocrx_word' id='word_1_24' title='bbox 1098 583 1292 653; x_wconf 79' lang='grc' dir='ltr'><strong>τρίτην</strong></span> <span class='ocrx_word' id='word_1_25' title='bbox 1314 584 1414 649; x_wconf 74' lang='grc' dir='ltr'>τὴν</span> <span class='ocrx_word' id='word_1_26' title='bbox 1445 586 1502 635; x_wconf 81' lang='grc' dir='ltr'>ὲν</span> <span class='ocrx_word' id='word_1_27' title='bbox 1545 583 1757 649; x_wconf 80' lang='grc' dir='ltr'><strong>Ἐφέσῳ</strong></span> <span class='ocrx_word' id='word_1_28' title='bbox 1784 585 1844 632; x_wconf 66' lang='grc' dir='ltr'>τὸ</span> 
     </span>
    </p>
   </div>
   <div class='ocr_carea' id='block_1_7' title="bbox 258 667 1848 747">
    <p class='ocr_par' dir='ltr' id='par_1_7' title="bbox 258 667 1848 747">
     <span class='ocr_line' id='line_1_7' title="bbox 258 667 1848 747; baseline -0.002 -19"><span class='ocrx_word' id='word_1_29' title='bbox 258 677 552 747; x_wconf 73' lang='grc' dir='ltr'>πρότερον,</span> <span class='ocrx_word' id='word_1_30' title='bbox 575 667 837 747; x_wconf 81' lang='grc' dir='ltr'>τέταρτον</span> <span class='ocrx_word' id='word_1_31' title='bbox 866 675 964 745; x_wconf 83' lang='grc' dir='ltr'>τὴν</span> <span class='ocrx_word' id='word_1_32' title='bbox 990 677 1047 727; x_wconf 80' lang='grc' dir='ltr'>ἒν</span> <span class='ocrx_word' id='word_1_33' title='bbox 1075 675 1381 744; x_wconf 78' lang='grc' dir='ltr'><strong>Καλχηδόνι</strong></span> <span class='ocrx_word' id='word_1_34' title='bbox 1399 693 1410 704; x_wconf 71' lang='grc' dir='ltr'><strong>ν</strong></span> <span class='ocrx_word' id='word_1_35' title='bbox 1448 676 1638 743; x_wconf 83' lang='grc' dir='ltr'>γέγονε</span> <span class='ocrx_word' id='word_1_36' title='bbox 1660 675 1716 727; x_wconf 80' lang='grc' dir='ltr'>δὲ</span> <span class='ocrx_word' id='word_1_37' title='bbox 1753 675 1848 726; x_wconf 60' lang='grc' dir='ltr'>καὶ</span> 
     </span>
    </p>
   </div>
   <div class='ocr_carea' id='block_1_8' title="bbox 257 762 1844 833">
    <p class='ocr_par' dir='ltr' id='par_1_8' title="bbox 257 762 1844 833">
     <span class='ocr_line' id='line_1_8' title="bbox 257 762 1844 833; baseline -0.002 -18"><span class='ocrx_word' id='word_1_38' title='bbox 257 764 490 833; x_wconf 80' lang='grc' dir='ltr'><strong>πέμπτη</strong></span> <span class='ocrx_word' id='word_1_39' title='bbox 528 763 744 826; x_wconf 82' lang='grc' dir='ltr'><strong>σύνοδος</strong></span> <span class='ocrx_word' id='word_1_40' title='bbox 775 763 917 816; x_wconf 72' lang='grc' dir='ltr'>κατὰ</span> <span class='ocrx_word' id='word_1_41' title='bbox 947 764 1199 815; x_wconf 77' lang='grc' dir='ltr'>κέλευσιν</span> <span class='ocrx_word' id='word_1_42' title='bbox 1234 762 1643 815; x_wconf 80' lang='grc' dir='ltr'>Ίουστινιανοῦ.</span> <span class='ocrx_word' id='word_1_43' title='bbox 1704 763 1844 829; x_wconf 78' lang='grc' dir='ltr'>Περὶ</span> 
     </span>
    </p>
   </div>
   <div class='ocr_carea' id='block_1_9' title="bbox 253 850 1843 924">
    <p class='ocr_par' dir='ltr' id='par_1_9' title="bbox 253 850 1843 924">
     <span class='ocr_line' id='line_1_9' title="bbox 253 850 1843 924; baseline 0 -20"><span class='ocrx_word' id='word_1_44' title='bbox 253 850 327 924; x_wconf 74' lang='grc' dir='ltr'>ἦς</span> <span class='ocrx_word' id='word_1_45' title='bbox 353 855 420 907; x_wconf 82' lang='grc' dir='ltr'>τὰ</span> <span class='ocrx_word' id='word_1_46' title='bbox 447 854 754 924; x_wconf 77' lang='grc' dir='ltr'>πρόσφορα,</span> <span class='ocrx_word' id='word_1_47' title='bbox 807 856 864 906; x_wconf 85' lang='grc' dir='ltr'>ὲν</span> <span class='ocrx_word' id='word_1_48' title='bbox 895 857 1008 915; x_wconf 81' lang='grc' dir='ltr'>τοῖς</span> <span class='ocrx_word' id='word_1_49' title='bbox 1047 853 1382 923; x_wconf 80' lang='grc' dir='ltr'><strong>προσφόροις</strong></span> <span class='ocrx_word' id='word_1_50' title='bbox 1445 853 1555 921; x_wconf 78' lang='grc' dir='ltr'><strong>ἐρῶ</strong></span> <span class='ocrx_word' id='word_1_51' title='bbox 1608 857 1843 920; x_wconf 73' lang='grc' dir='ltr'>καιροῖς,</span> 
     </span>
    </p>
   </div>
   <div class='ocr_carea' id='block_1_10' title="bbox 255 939 1845 1016">
    <p class='ocr_par' dir='ltr' id='par_1_10' title="bbox 255 939 1845 1016">
     <span class='ocr_line' id='line_1_10' title="bbox 255 939 1845 1016; baseline -0.002 -19"><span class='ocrx_word' id='word_1_52' title='bbox 255 947 405 1007; x_wconf 83' lang='grc' dir='ltr'>τέως</span> <span class='ocrx_word' id='word_1_53' title='bbox 451 947 561 997; x_wconf 84' lang='grc' dir='ltr'>τῶν</span> <span class='ocrx_word' id='word_1_54' title='bbox 610 946 713 998; x_wconf 82' lang='grc' dir='ltr'>ἀνὰ</span> <span class='ocrx_word' id='word_1_55' title='bbox 748 939 916 1014; x_wconf 85' lang='grc' dir='ltr'>μέρος</span> <span class='ocrx_word' id='word_1_56' title='bbox 969 945 1320 1016; x_wconf 61' lang='grc' dir='ltr'>πραχθέντων</span> <span class='ocrx_word' id='word_1_57' title='bbox 1360 946 1465 996; x_wconf 64' lang='grc' dir='ltr'><strong>ὑπὸ</strong></span> <span class='ocrx_word' id='word_1_58' title='bbox 1517 947 1627 1006; x_wconf 84' lang='grc' dir='ltr'>τοῖς</span> <span class='ocrx_word' id='word_1_59' title='bbox 1664 945 1845 1006; x_wconf 79' lang='grc' dir='ltr'>αὐτοῖς</span> 
     </span>
    </p>
   </div>
   <div class='ocr_carea' id='block_1_11' title="bbox 255 1034 1846 1106">
    <p class='ocr_par' dir='ltr' id='par_1_11' title="bbox 255 1034 1846 1106">
     <span class='ocr_line' id='line_1_11' title="bbox 255 1034 1846 1106; baseline -0.001 -18"><span class='ocrx_word' id='word_1_60' title='bbox 255 1037 498 1104; x_wconf 78' lang='grc' dir='ltr'><strong>χρόνοις,</strong></span> <span class='ocrx_word' id='word_1_61' title='bbox 549 1036 707 1102; x_wconf 78' lang='grc' dir='ltr'>λόγου</span> <span class='ocrx_word' id='word_1_62' title='bbox 766 1054 827 1089; x_wconf 88' lang='grc' dir='ltr'><strong>τε</strong></span> <span class='ocrx_word' id='word_1_63' title='bbox 858 1037 1023 1100; x_wconf 81' lang='grc' dir='ltr'>ἀξίων</span> <span class='ocrx_word' id='word_1_64' title='bbox 1056 1036 1444 1098; x_wconf 74' lang='grc' dir='ltr'><strong>καθεστώτων,</strong></span> <span class='ocrx_word' id='word_1_65' title='bbox 1499 1038 1565 1106; x_wconf 75' lang='grc' dir='ltr'>τῇ</span> <span class='ocrx_word' id='word_1_66' title='bbox 1593 1034 1846 1105; x_wconf 81' lang='grc' dir='ltr'>παρούσῃ</span> 
     </span>
    </p>
   </div>
   <div class='ocr_carea' id='block_1_12' title="bbox 257 1128 990 1198">
    <p class='ocr_par' dir='ltr' id='par_1_12' title="bbox 257 1128 990 1198">
     <span class='ocr_line' id='line_1_12' title="bbox 257 1128 990 1198; baseline 0 -18"><span class='ocrx_word' id='word_1_67' title='bbox 257 1128 741 1196; x_wconf 67' lang='grc' dir='ltr'>συνυφαινομένων</span> <span class='ocrx_word' id='word_1_68' title='bbox 762 1128 990 1198; x_wconf 79' lang='grc' dir='ltr'><strong>ἱστορίᾳ.</strong></span> 
     </span>
    </p>
   </div>
   <div class='ocr_carea' id='block_1_13' title="bbox 255 1219 1422 1293">
    <p class='ocr_par' dir='ltr' id='par_1_13' title="bbox 255 1219 1422 1293">
     <span class='ocr_line' id='line_1_13' title="bbox 255 1219 1422 1293; baseline 0.002 -19"><span class='ocrx_word' id='word_1_69' title='bbox 255 1238 384 1290; x_wconf 63' lang='lat' dir='ltr'><strong>qua:</strong></span> <span class='ocrx_word' id='word_1_70' title='bbox 413 1232 548 1276; x_wconf 88' lang='lat' dir='ltr'><strong>tunc</strong></span> <span class='ocrx_word' id='word_1_71' title='bbox 581 1221 848 1290; x_wconf 88' lang='lat' dir='ltr'><strong>temporis</strong></span> <span class='ocrx_word' id='word_1_72' title='bbox 881 1219 1200 1292; x_wconf 77' lang='lat' dir='ltr'><strong>singillatim</strong></span> <span class='ocrx_word' id='word_1_73' title='bbox 1268 1228 1422 1293; x_wconf 83' lang='lat' dir='ltr'><strong>gesta</strong></span> 
     </span>
    </p>
   </div>
   <div class='ocr_carea' id='block_1_14' title="bbox 257 1326 587 1370">
    <p class='ocr_par' dir='ltr' id='par_1_14' title="bbox 257 1326 587 1370">
     <span class='ocr_line' id='line_1_14' title="bbox 257 1326 587 1370; baseline -0.009 0"><span class='ocrx_word' id='word_1_74' title='bbox 257 1326 587 1370; x_wconf 72' lang='lat' dir='ltr'><strong>attexamus.</strong></span> 
     </span>
    </p>
   </div>
   <div class='ocr_carea' id='block_1_15' title="bbox 846 1435 1242 1489">
    <p class='ocr_par' dir='ltr' id='par_1_15' title="bbox 846 1435 1242 1489">
     <span class='ocr_line' id='line_1_15' title="bbox 846 1435 1242 1489; baseline 0.003 -3"><span class='ocrx_word' id='word_1_75' title='bbox 846 1435 890 1486; x_wconf 82' lang='grc' dir='ltr'>Κ</span> <span class='ocrx_word' id='word_1_76' title='bbox 905 1436 1101 1489; x_wconf 73' lang='grc' dir='ltr'><strong>ΕΦΑΛ.</strong></span> <span class='ocrx_word' id='word_1_77' title='bbox 1141 1435 1242 1489; x_wconf 83' lang='lat' dir='ltr'><strong>lB&#39;.</strong></span> 
     </span>
    </p>
   </div>
   <div class='ocr_carea' id='block_1_16' title="bbox 276 1522 1844 1596">
    <p class='ocr_par' dir='ltr' id='par_1_16' title="bbox 276 1522 1844 1596">
     <span class='ocr_line' id='line_1_16' title="bbox 276 1522 1844 1596; baseline 0.001 -19"><span class='ocrx_word' id='word_1_78' title='bbox 276 1522 376 1578; x_wconf 85' lang='grc' dir='ltr'><strong>Ἐκ</strong></span> <span class='ocrx_word' id='word_1_79' title='bbox 419 1525 527 1592; x_wconf 83' lang='grc' dir='ltr'>τῆς</span> <span class='ocrx_word' id='word_1_80' title='bbox 572 1528 843 1596; x_wconf 73' lang='grc' dir='ltr'><strong>ἱστορίας</strong></span> <span class='ocrx_word' id='word_1_81' title='bbox 893 1528 1234 1594; x_wconf 83' lang='grc' dir='ltr'>Προκοπίου</span> <span class='ocrx_word' id='word_1_82' title='bbox 1281 1529 1647 1594; x_wconf 77' lang='grc' dir='ltr'>Καισαρέως.</span> <span class='ocrx_word' id='word_1_83' title='bbox 1713 1527 1844 1595; x_wconf 73' lang='grc' dir='ltr'>περὶ</span> 
     </span>
    </p>
   </div>
   <div class='ocr_carea' id='block_1_17' title="bbox 331 1596 1848 1722">
    <p class='ocr_par' dir='ltr' id='par_1_17' title="bbox 331 1596 1848 1722">
     <span class='ocr_line' id='line_1_17' title="bbox 331 1596 1848 1665; baseline -0.002 -14"><span class='ocrx_word' id='word_1_84' title='bbox 331 1597 610 1651; x_wconf 79' lang='grc' dir='ltr'>Καόἀδου</span> <span class='ocrx_word' id='word_1_85' title='bbox 651 1598 759 1651; x_wconf 79' lang='grc' dir='ltr'>τοῦ</span> <span class='ocrx_word' id='word_1_86' title='bbox 805 1596 1056 1665; x_wconf 78' lang='grc' dir='ltr'>Περσῶν</span> <span class='ocrx_word' id='word_1_87' title='bbox 1077 1596 1410 1662; x_wconf 78' lang='grc' dir='ltr'>βασιλέως,</span> <span class='ocrx_word' id='word_1_88' title='bbox 1438 1600 1536 1650; x_wconf 82' lang='grc' dir='ltr'>καί</span> <span class='ocrx_word' id='word_1_89' title='bbox 1574 1599 1848 1664; x_wconf 75' lang='grc' dir='ltr'>Χοσρόου</span> 
     </span>
     <span class='ocr_line' id='line_1_18' title="bbox 335 1668 709 1722; baseline -0.005 0"><span class='ocrx_word' id='word_1_90' title='bbox 335 1668 473 1722; x_wconf 83' lang='grc' dir='ltr'>υίοῦ</span> <span class='ocrx_word' id='word_1_91' title='bbox 501 1668 709 1721; x_wconf 85' lang='grc' dir='ltr'>αὐτοῦ.</span> 
     </span>
    </p>
   </div>
   <div class='ocr_carea' id='block_1_18' title="bbox 1955 582 3544 651">
    <p class='ocr_par' dir='ltr' id='par_1_18' title="bbox 1955 582 3544 651">
     <span class='ocr_line' id='line_1_19' title="bbox 1955 582 3544 651; baseline 0.004 -17"><span class='ocrx_word' id='word_1_92' title='bbox 1955 582 2170 635; x_wconf 81' lang='lat' dir='ltr'><strong>urbium</strong></span> <span class='ocrx_word' id='word_1_93' title='bbox 2231 584 2473 651; x_wconf 65' lang='lat' dir='ltr'><strong>episcopi</strong></span> <span class='ocrx_word' id='word_1_94' title='bbox 2528 583 2794 636; x_wconf 80' lang='lat' dir='ltr'><strong>exarchos</strong></span> <span class='ocrx_word' id='word_1_95' title='bbox 2845 598 2974 637; x_wconf 82' lang='lat' dir='ltr'><strong>suos</strong></span> <span class='ocrx_word' id='word_1_96' title='bbox 3027 584 3203 637; x_wconf 88' lang='lat' dir='ltr'><strong>secuti</strong></span> <span class='ocrx_word' id='word_1_97' title='bbox 3268 595 3436 640; x_wconf 88' lang='lat' dir='ltr'><strong>sunt:</strong></span> <span class='ocrx_word' id='word_1_98' title='bbox 3487 594 3544 639; x_wconf 78' lang='lat' dir='ltr'><strong>et</strong></span> 
     </span>
    </p>
   </div>
   <div class='ocr_carea' id='block_1_19' title="bbox 1953 673 3544 747">
    <p class='ocr_par' dir='ltr' id='par_1_19' title="bbox 1953 673 3544 747">
     <span class='ocr_line' id='line_1_20' title="bbox 1953 673 3544 747; baseline 0.004 -22"><span class='ocrx_word' id='word_1_99' title='bbox 1953 682 2190 741; x_wconf 87' lang='lat' dir='ltr'><strong>quatuor</strong></span> <span class='ocrx_word' id='word_1_100' title='bbox 2241 674 2434 743; x_wconf 76' lang='lat' dir='ltr'><strong>synodi</strong></span> <span class='ocrx_word' id='word_1_101' title='bbox 2478 676 2530 726; x_wconf 90' lang='lat' dir='ltr'><strong>in</strong></span> <span class='ocrx_word' id='word_1_102' title='bbox 2574 673 2834 727; x_wconf 77' lang='lat' dir='ltr'><strong>Eeclesiis</strong></span> <span class='ocrx_word' id='word_1_103' title='bbox 2869 684 3000 727; x_wconf 85' lang='lat' dir='ltr'><strong>sunt</strong></span> <span class='ocrx_word' id='word_1_104' title='bbox 3039 676 3390 744; x_wconf 48' lang='lat' dir='ltr'><strong>praedicata:</strong></span> <span class='ocrx_word' id='word_1_105' title='bbox 3434 678 3544 747; x_wconf 86' lang='lat' dir='ltr'><strong>pri-</strong></span> 
     </span>
    </p>
   </div>
   <div class='ocr_carea' id='block_1_20' title="bbox 1955 766 3540 836">
    <p class='ocr_par' dir='ltr' id='par_1_20' title="bbox 1955 766 3540 836">
     <span class='ocr_line' id='line_1_21' title="bbox 1955 766 3540 836; baseline 0.003 -18"><span class='ocrx_word' id='word_1_106' title='bbox 1955 781 2062 827; x_wconf 90' lang='lat' dir='ltr'><strong>ma,</strong></span> <span class='ocrx_word' id='word_1_107' title='bbox 2121 782 2244 834; x_wconf 61' lang='lat' dir='ltr'><strong>quae</strong></span> <span class='ocrx_word' id='word_1_108' title='bbox 2283 766 2483 821; x_wconf 67' lang='lat' dir='ltr'><strong>Nictem‘</strong></span> <span class='ocrx_word' id='word_1_109' title='bbox 2525 766 2804 820; x_wconf 85' lang='lat' dir='ltr'><strong>celebrata</strong></span> <span class='ocrx_word' id='word_1_110' title='bbox 2853 776 2980 820; x_wconf 86' lang='lat' dir='ltr'><strong>est:</strong></span> <span class='ocrx_word' id='word_1_111' title='bbox 3033 767 3158 836; x_wconf 78' lang='lat' dir='ltr'><strong>pust</strong></span> <span class='ocrx_word' id='word_1_112' title='bbox 3207 769 3349 823; x_wconf 91' lang='lat' dir='ltr'><strong>banc</strong></span> <span class='ocrx_word' id='word_1_113' title='bbox 3395 770 3540 824; x_wconf 87' lang='lat' dir='ltr'><strong>Con-</strong></span> 
     </span>
    </p>
   </div>
   <div class='ocr_carea' id='block_1_21' title="bbox 1955 856 3542 928">
    <p class='ocr_par' dir='ltr' id='par_1_21' title="bbox 1955 856 3542 928">
     <span class='ocr_line' id='line_1_22' title="bbox 1955 856 3542 928; baseline 0.001 -17"><span class='ocrx_word' id='word_1_114' title='bbox 1955 858 2447 926; x_wconf 85' lang='lat' dir='ltr'><strong>stantinOpolilaua</strong></span> <span class='ocrx_word' id='word_1_115' title='bbox 2480 877 2491 908; x_wconf 92' lang='lat'>:</span> <span class='ocrx_word' id='word_1_116' title='bbox 2530 857 2733 911; x_wconf 84' lang='lat' dir='ltr'><strong>dehinc</strong></span> <span class='ocrx_word' id='word_1_117' title='bbox 2777 856 3054 925; x_wconf 83' lang='lat' dir='ltr'><strong>Ephesina</strong></span> <span class='ocrx_word' id='word_1_118' title='bbox 3110 859 3298 926; x_wconf 91' lang='lat' dir='ltr'><strong>prior:</strong></span> <span class='ocrx_word' id='word_1_119' title='bbox 3344 871 3542 928; x_wconf 91' lang='lat' dir='ltr'><strong>quarto</strong></span> 
     </span>
    </p>
   </div>
   <div class='ocr_carea' id='block_1_22' title="bbox 1954 947 3540 1020">
    <p class='ocr_par' dir='ltr' id='par_1_22' title="bbox 1954 947 3540 1020">
     <span class='ocr_line' id='line_1_23' title="bbox 1954 947 3540 1020; baseline -0.001 -19"><span class='ocrx_word' id='word_1_120' title='bbox 1954 949 2076 1002; x_wconf 91' lang='lat' dir='ltr'><strong>loco</strong></span> <span class='ocrx_word' id='word_1_121' title='bbox 2129 947 2618 1002; x_wconf 85' lang='lat' dir='ltr'><strong>Chalcedonensis.</strong></span> <span class='ocrx_word' id='word_1_122' title='bbox 2673 948 2797 1002; x_wconf 83' lang='lat' dir='ltr'><strong>Fuit</strong></span> <span class='ocrx_word' id='word_1_123' title='bbox 2840 949 3005 1002; x_wconf 87' lang='lat' dir='ltr'><strong>etiam</strong></span> <span class='ocrx_word' id='word_1_124' title='bbox 3059 949 3251 1018; x_wconf 87' lang='lat' dir='ltr'><strong>quinta</strong></span> <span class='ocrx_word' id='word_1_125' title='bbox 3301 953 3540 1020; x_wconf 78' lang='lat' dir='ltr'><strong>synodus</strong></span> 
     </span>
    </p>
   </div>
   <div class='ocr_carea' id='block_1_23' title="bbox 1952 1038 3509 1109">
    <p class='ocr_par' dir='ltr' id='par_1_23' title="bbox 1952 1038 3509 1109">
     <span class='ocr_line' id='line_1_24' title="bbox 1952 1038 3509 1109; baseline 0.001 -17"><span class='ocrx_word' id='word_1_126' title='bbox 1952 1038 2249 1092; x_wconf 68' lang='lat' dir='ltr'><strong>Iustiniani</strong></span> <span class='ocrx_word' id='word_1_127' title='bbox 2283 1039 2551 1108; x_wconf 87' lang='lat' dir='ltr'><strong>principis</strong></span> <span class='ocrx_word' id='word_1_128' title='bbox 2596 1039 2752 1108; x_wconf 85' lang='lat' dir='ltr'><strong>jussu</strong></span> <span class='ocrx_word' id='word_1_129' title='bbox 2800 1050 3151 1109; x_wconf 86' lang='lat' dir='ltr'><strong>congregata.</strong></span> <span class='ocrx_word' id='word_1_130' title='bbox 3193 1041 3268 1094; x_wconf 90' lang='lat' dir='ltr'><strong>De</strong></span> <span class='ocrx_word' id='word_1_131' title='bbox 3310 1057 3418 1106; x_wconf 86' lang='lat' dir='ltr'><strong>qua</strong></span> <span class='ocrx_word' id='word_1_132' title='bbox 3456 1041 3509 1094; x_wconf 93' lang='lat' dir='ltr'><strong>di</strong></span> 
     </span>
    </p>
   </div>
   <div class='ocr_carea' id='block_1_24' title="bbox 1959 1131 3543 1200">
    <p class='ocr_par' dir='ltr' id='par_1_24' title="bbox 1959 1131 3543 1200">
     <span class='ocr_line' id='line_1_25' title="bbox 1959 1131 3543 1200; baseline -0.001 -16"><span class='ocrx_word' id='word_1_133' title='bbox 1959 1145 2074 1184; x_wconf 85' lang='lat' dir='ltr'><strong>eam</strong></span> <span class='ocrx_word' id='word_1_134' title='bbox 2114 1146 2214 1184; x_wconf 91' lang='lat' dir='ltr'><strong>suo</strong></span> <span class='ocrx_word' id='word_1_135' title='bbox 2263 1132 2386 1184; x_wconf 93' lang='lat' dir='ltr'><strong>loco</strong></span> <span class='ocrx_word' id='word_1_136' title='bbox 2432 1145 2497 1184; x_wconf 90' lang='lat' dir='ltr'><strong>ea</strong></span> <span class='ocrx_word' id='word_1_137' title='bbox 2538 1147 2661 1200; x_wconf 72' lang='lat' dir='ltr'><strong>quae.</strong></span> <span class='ocrx_word' id='word_1_138' title='bbox 2705 1131 2939 1185; x_wconf 90' lang='lat' dir='ltr'><strong>dicenda</strong></span> <span class='ocrx_word' id='word_1_139' title='bbox 2997 1138 3148 1185; x_wconf 89' lang='lat' dir='ltr'><strong>sunt.</strong></span> <span class='ocrx_word' id='word_1_140' title='bbox 3206 1131 3432 1185; x_wconf 87' lang='lat' dir='ltr'><strong>Interim</strong></span> <span class='ocrx_word' id='word_1_141' title='bbox 3478 1146 3543 1184; x_wconf 90' lang='lat' dir='ltr'><strong>ea</strong></span> 
     </span>
    </p>
   </div>
   <div class='ocr_carea' id='block_1_25' title="bbox 1498 1225 3545 1297">
    <p class='ocr_par' dir='ltr' id='par_1_25' title="bbox 1498 1225 3545 1297">
     <span class='ocr_line' id='line_1_26' title="bbox 1498 1225 3545 1297; baseline 0.004 -21"><span class='ocrx_word' id='word_1_142' title='bbox 1498 1231 1648 1286; x_wconf 85' lang='lat' dir='ltr'><strong>sunt,</strong></span> <span class='ocrx_word' id='word_1_143' title='bbox 1721 1232 1778 1277; x_wconf 83' lang='lat' dir='ltr'><strong>et</strong></span> <span class='ocrx_word' id='word_1_144' title='bbox 1838 1226 2364 1281; x_wconf 86' lang='lat' dir='ltr'><strong>commemoratione</strong></span> <span class='ocrx_word' id='word_1_145' title='bbox 2416 1227 2577 1297; x_wconf 81' lang='lat' dir='ltr'><strong>digna</strong></span> <span class='ocrx_word' id='word_1_146' title='bbox 2618 1241 2740 1281; x_wconf 83' lang='lat' dir='ltr'><strong>esse</strong></span> <span class='ocrx_word' id='word_1_147' title='bbox 2784 1225 3068 1293; x_wconf 85' lang='lat' dir='ltr'><strong>videntur,</strong></span> <span class='ocrx_word' id='word_1_148' title='bbox 3123 1227 3256 1282; x_wconf 87' lang='lat' dir='ltr'><strong>huic</strong></span> <span class='ocrx_word' id='word_1_149' title='bbox 3301 1227 3545 1284; x_wconf 62' lang='lat' dir='ltr'><strong>historiae</strong></span> 
     </span>
    </p>
   </div>
   <div class='ocr_carea' id='block_1_26' title="bbox 2582 1439 2902 1494">
    <p class='ocr_par' dir='ltr' id='par_1_26' title="bbox 2582 1439 2902 1494">
     <span class='ocr_line' id='line_1_27' title="bbox 2582 1439 2902 1494; baseline -0.006 0"><span class='ocrx_word' id='word_1_150' title='bbox 2582 1439 2736 1494; x_wconf 82' lang='lat' dir='ltr'><strong>CAP.</strong></span> <span class='ocrx_word' id='word_1_151' title='bbox 2782 1439 2902 1493; x_wconf 79' lang='lat' dir='ltr'><strong>XII.</strong></span> 
     </span>
    </p>
   </div>
   <div class='ocr_carea' id='block_1_27' title="bbox 1953 1528 3542 1602">
    <p class='ocr_par' dir='ltr' id='par_1_27' title="bbox 1953 1528 3542 1602">
     <span class='ocr_line' id='line_1_28' title="bbox 1953 1528 3542 1602; baseline 0.001 -19"><span class='ocrx_word' id='word_1_152' title='bbox 1953 1528 2030 1583; x_wconf 83' lang='lat' dir='ltr'><strong>De</strong></span> <span class='ocrx_word' id='word_1_153' title='bbox 2066 1529 2276 1602; x_wconf 73' lang='lat' dir='ltr'><strong>Cavnde</strong></span> <span class='ocrx_word' id='word_1_154' title='bbox 2307 1529 2591 1602; x_wconf 80' lang='lat' dir='ltr'><strong>Persarum</strong></span> <span class='ocrx_word' id='word_1_155' title='bbox 2638 1549 2776 1602; x_wconf 78' lang='lat' dir='ltr'><strong>rege,</strong></span> <span class='ocrx_word' id='word_1_156' title='bbox 2806 1532 2946 1584; x_wconf 79' lang='lat' dir='ltr'><strong>etde</strong></span> <span class='ocrx_word' id='word_1_157' title='bbox 2983 1531 3097 1602; x_wconf 70' lang='lat' dir='ltr'><strong>ﬁlio</strong></span> <span class='ocrx_word' id='word_1_158' title='bbox 3131 1530 3244 1590; x_wconf 75' lang='lat' dir='ltr'><strong>eius</strong></span> <span class='ocrx_word' id='word_1_159' title='bbox 3293 1528 3542 1594; x_wconf 77' lang='lat' dir='ltr'><strong>Chosroc,</strong></span> 
     </span>
    </p>
   </div>
   <div class='ocr_carea' id='block_1_28' title="bbox 2097 1599 3400 1671">
    <p class='ocr_par' dir='ltr' id='par_1_28' title="bbox 2097 1599 3400 1671">
     <span class='ocr_line' id='line_1_29' title="bbox 2097 1599 3400 1671; baseline 0.002 -20"><span class='ocrx_word' id='word_1_160' title='bbox 2097 1616 2161 1652; x_wconf 77' lang='lat' dir='ltr'><strong>ex</strong></span> <span class='ocrx_word' id='word_1_161' title='bbox 2193 1601 2342 1652; x_wconf 78' lang='lat' dir='ltr'><strong>libris</strong></span> <span class='ocrx_word' id='word_1_162' title='bbox 2376 1599 2719 1654; x_wconf 73' lang='lat' dir='ltr'><strong>historiarum</strong></span> <span class='ocrx_word' id='word_1_163' title='bbox 2757 1601 3007 1671; x_wconf 81' lang='lat' dir='ltr'><strong>Proc0pii</strong></span> <span class='ocrx_word' id='word_1_164' title='bbox 3036 1599 3400 1655; x_wconf 73' lang='lat' dir='ltr'><strong>Ca&#39;sariensis.</strong></span> 
     </span>
    </p>
   </div>
   <div class='ocr_carea' id='block_1_29' title="bbox 335 1763 1848 1855">
    <p class='ocr_par' dir='ltr' id='par_1_29' title="bbox 335 1781 1848 1855">
     <span class='ocr_line' id='line_1_30' title="bbox 335 1781 1848 1855; baseline -0.001 -21"><span class='ocrx_word' id='word_1_165' title='bbox 335 1784 655 1855; x_wconf 82' lang='grc' dir='ltr'><strong>Γέγραπται</strong></span> <span class='ocrx_word' id='word_1_166' title='bbox 681 1781 976 1852; x_wconf 79' lang='grc' dir='ltr'>Προκοπίῳ</span> <span class='ocrx_word' id='word_1_167' title='bbox 1018 1781 1095 1852; x_wconf 80' lang='grc' dir='ltr'><strong>τῷ</strong></span> <span class='ocrx_word' id='word_1_168' title='bbox 1129 1783 1316 1852; x_wconf 69' lang='grc' dir='ltr'>ῥήτορι</span> <span class='ocrx_word' id='word_1_169' title='bbox 1364 1783 1430 1833; x_wconf 74' lang='grc' dir='ltr'><strong>τὰ</strong></span> <span class='ocrx_word' id='word_1_170' title='bbox 1471 1782 1613 1835; x_wconf 82' lang='grc' dir='ltr'><strong>κατὰ</strong></span> <span class='ocrx_word' id='word_1_171' title='bbox 1658 1781 1848 1833; x_wconf 82' lang='grc' dir='ltr'>Βελισ-</span> 
     </span>
    </p>
   </div>
   <div class='ocr_carea' id='block_1_30' title="bbox 1953 1763 3546 1855">
    <p class='ocr_par' dir='ltr' id='par_1_30' title="bbox 2025 1778 3546 1850">
     <span class='ocr_line' id='line_1_31' title="bbox 2025 1778 3546 1850; baseline 0.001 -18"><span class='ocrx_word' id='word_1_172' title='bbox 2025 1778 2328 1849; x_wconf 87' lang='lat' dir='ltr'><strong>Procopius</strong></span> <span class='ocrx_word' id='word_1_173' title='bbox 2359 1780 2569 1845; x_wconf 81' lang='lat' dir='ltr'><strong>rhetor,</strong></span> <span class='ocrx_word' id='word_1_174' title='bbox 2605 1796 2692 1835; x_wconf 90' lang='lat' dir='ltr'><strong>res</strong></span> <span class='ocrx_word' id='word_1_175' title='bbox 2742 1796 2768 1834; x_wconf 91' lang='lat' dir='ltr'><strong>a</strong></span> <span class='ocrx_word' id='word_1_176' title='bbox 2821 1780 3084 1835; x_wconf 87' lang='lat' dir='ltr'><strong>Belisario</strong></span> <span class='ocrx_word' id='word_1_177' title='bbox 3119 1780 3546 1850; x_wconf 88' lang='lat' dir='ltr'><strong>gestas-descri-</strong></span> 
     </span>
    </p>
   </div>
   <div class='ocr_carea' id='block_1_31' title="bbox 265 1872 1848 1944">
    <p class='ocr_par' dir='ltr' id='par_1_31' title="bbox 265 1872 1848 1944">
     <span class='ocr_line' id='line_1_32' title="bbox 265 1872 1848 1944; baseline -0.003 -16"><span class='ocrx_word' id='word_1_178' title='bbox 265 1873 456 1942; x_wconf 79' lang='grc' dir='ltr'>σάριον</span> <span class='ocrx_word' id='word_1_179' title='bbox 510 1874 619 1944; x_wconf 82' lang='lat' dir='ltr'><strong>(c)°</strong></span> <span class='ocrx_word' id='word_1_180' title='bbox 656 1874 731 1934; x_wconf 86' lang='grc' dir='ltr'>ὡς</span> <span class='ocrx_word' id='word_1_181' title='bbox 765 1872 1025 1941; x_wconf 80' lang='grc' dir='ltr'>Καΰὰδης</span> <span class='ocrx_word' id='word_1_182' title='bbox 1079 1874 1106 1925; x_wconf 87' lang='grc' dir='ltr'>ὁ</span> <span class='ocrx_word' id='word_1_183' title='bbox 1156 1872 1383 1942; x_wconf 80' lang='grc' dir='ltr'>Περσῶν</span> <span class='ocrx_word' id='word_1_184' title='bbox 1440 1872 1692 1941; x_wconf 81' lang='grc' dir='ltr'>βασιλεὺς</span> <span class='ocrx_word' id='word_1_185' title='bbox 1743 1873 1848 1924; x_wconf 81' lang='grc' dir='ltr'><strong>Χο-</strong></span> 
     </span>
    </p>
   </div>
   <div class='ocr_carea' id='block_1_32' title="bbox 265 1963 1849 2039">
    <p class='ocr_par' dir='ltr' id='par_1_32' title="bbox 265 1963 1849 2039">
     <span class='ocr_line' id='line_1_33' title="bbox 265 1963 1849 2039; baseline -0.003 -21"><span class='ocrx_word' id='word_1_186' title='bbox 265 1966 404 2039; x_wconf 80' lang='grc' dir='ltr'>σρόῃ</span> <span class='ocrx_word' id='word_1_187' title='bbox 428 1963 504 2035; x_wconf 82' lang='grc' dir='ltr'><strong>τῷ</strong></span> <span class='ocrx_word' id='word_1_188' title='bbox 534 1965 683 2018; x_wconf 76' lang='grc' dir='ltr'>παιδὶ</span> <span class='ocrx_word' id='word_1_189' title='bbox 724 1966 976 2036; x_wconf 84' lang='grc' dir='ltr'>νεωτέρῳ</span> <span class='ocrx_word' id='word_1_190' title='bbox 1020 1964 1128 2016; x_wconf 82' lang='grc' dir='ltr'><strong>τῶν</strong></span> <span class='ocrx_word' id='word_1_191' title='bbox 1171 1964 1348 2017; x_wconf 79' lang='grc' dir='ltr'>ἄλλων</span> <span class='ocrx_word' id='word_1_192' title='bbox 1380 1963 1511 2015; x_wconf 82' lang='grc' dir='ltr'><strong>υίὼν</strong></span> <span class='ocrx_word' id='word_1_193' title='bbox 1545 1964 1655 2015; x_wconf 75' lang='grc' dir='ltr'>ὄντι</span> <span class='ocrx_word' id='word_1_194' title='bbox 1691 1980 1849 2030; x_wconf 79' lang='grc' dir='ltr'>περι-</span> 
     </span>
    </p>
   </div>
   <div class='ocr_carea' id='block_1_33' title="bbox 265 2054 1846 2139">
    <p class='ocr_par' dir='ltr' id='par_1_33' title="bbox 265 2054 1846 2139">
     <span class='ocr_line' id='line_1_34' title="bbox 265 2054 1846 2139; baseline -0.002 -29"><span class='ocrx_word' id='word_1_195' title='bbox 265 2056 443 2111; x_wconf 78' lang='grc' dir='ltr'>θεῖναι</span> <span class='ocrx_word' id='word_1_196' title='bbox 473 2057 572 2127; x_wconf 83' lang='grc' dir='ltr'>τὴν</span> <span class='ocrx_word' id='word_1_197' title='bbox 603 2055 884 2126; x_wconf 86' lang='grc' dir='ltr'>βασιλείαν</span> <span class='ocrx_word' id='word_1_198' title='bbox 924 2055 1226 2124; x_wconf 60' lang='grc' dir='ltr'>βουληθεὶς,</span> <span class='ocrx_word' id='word_1_199' title='bbox 1269 2055 1516 2126; x_wconf 77' lang='grc' dir='ltr'>βούλεται</span> <span class='ocrx_word' id='word_1_200' title='bbox 1550 2055 1698 2139; x_wconf 60' lang='grc' dir='ltr'>ῥ’)στε</span> <span class='ocrx_word' id='word_1_201' title='bbox 1736 2054 1846 2124; x_wconf 72' lang='grc'><strong>(47)</strong></span> 
     </span>
    </p>
   </div>
   <div class='ocr_carea' id='block_1_34' title="bbox 265 2147 1849 2219">
    <p class='ocr_par' dir='ltr' id='par_1_34' title="bbox 265 2147 1849 2219">
     <span class='ocr_line' id='line_1_35' title="bbox 265 2147 1849 2219; baseline -0.003 -17"><span class='ocrx_word' id='word_1_202' title='bbox 265 2148 349 2219; x_wconf 83' lang='grc' dir='ltr'><strong>τῷ</strong></span> <span class='ocrx_word' id='word_1_203' title='bbox 372 2148 583 2218; x_wconf 84' lang='grc' dir='ltr'>βασιλεῖ</span> <span class='ocrx_word' id='word_1_204' title='bbox 615 2148 906 2217; x_wconf 82' lang='grc' dir='ltr'>Ῥωμαίων</span> <span class='ocrx_word' id='word_1_205' title='bbox 925 2149 979 2210; x_wconf 78' lang='grc' dir='ltr'>ἐς</span> <span class='ocrx_word' id='word_1_206' title='bbox 1012 2148 1167 2201; x_wconf 79' lang='grc' dir='ltr'>θετὸν</span> <span class='ocrx_word' id='word_1_207' title='bbox 1195 2148 1308 2200; x_wconf 81' lang='grc' dir='ltr'>υίὸν</span> <span class='ocrx_word' id='word_1_208' title='bbox 1358 2147 1654 2202; x_wconf 73' lang='grc' dir='ltr'>ἐπιδιδόναι</span> <span class='ocrx_word' id='word_1_209' title='bbox 1682 2148 1728 2190; x_wconf 63' lang='grc'><strong>⁸³</strong></span> <span class='ocrx_word' id='word_1_210' title='bbox 1758 2151 1849 2199; x_wconf 85' lang='grc' dir='ltr'>τὸν</span> 
     </span>
    </p>
   </div>
   <div class='ocr_carea' id='block_1_35' title="bbox 263 2236 1849 2311">
    <p class='ocr_par' dir='ltr' id='par_1_35' title="bbox 263 2236 1849 2311">
     <span class='ocr_line' id='line_1_36' title="bbox 263 2236 1849 2311; baseline -0.001 -18"><span class='ocrx_word' id='word_1_211' title='bbox 263 2240 541 2311; x_wconf 76' lang='grc' dir='ltr'>Χοσρόην,</span> <span class='ocrx_word' id='word_1_212' title='bbox 592 2239 678 2292; x_wconf 79' lang='grc' dir='ltr'>ἶνα</span> <span class='ocrx_word' id='word_1_213' title='bbox 710 2238 962 2292; x_wconf 62' lang='grc' dir='ltr'>ἐντεῦθεν</span> <span class='ocrx_word' id='word_1_214' title='bbox 998 2237 1383 2307; x_wconf 79' lang='grc' dir='ltr'>ἀσφαλέστατα</span> <span class='ocrx_word' id='word_1_215' title='bbox 1436 2236 1586 2306; x_wconf 79' lang='grc' dir='ltr'><strong>αὑτῷ</strong></span> <span class='ocrx_word' id='word_1_216' title='bbox 1636 2240 1669 2307; x_wconf 81' lang='grc' dir='ltr'>ὴ</span> <span class='ocrx_word' id='word_1_217' title='bbox 1705 2237 1849 2308; x_wconf 80' lang='grc' dir='ltr'><strong>ἀρχὴ</strong></span> 
     </span>
    </p>
   </div>
   <div class='ocr_carea' id='block_1_36' title="bbox 264 2329 1848 2401">
    <p class='ocr_par' dir='ltr' id='par_1_36' title="bbox 264 2329 1848 2401">
     <span class='ocr_line' id='line_1_37' title="bbox 264 2329 1848 2401; baseline -0.003 -15"><span class='ocrx_word' id='word_1_218' title='bbox 264 2330 562 2401; x_wconf 87' lang='grc' dir='ltr'>διατεθείη.</span> <span class='ocrx_word' id='word_1_219' title='bbox 621 2330 841 2401; x_wconf 79' lang='grc' dir='ltr'>Ἐπειδὴ</span> <span class='ocrx_word' id='word_1_220' title='bbox 891 2329 1074 2386; x_wconf 79' lang='grc' dir='ltr'>τοίνυν</span> <span class='ocrx_word' id='word_1_221' title='bbox 1136 2330 1311 2399; x_wconf 83' lang='grc' dir='ltr'>τούτῳ</span> <span class='ocrx_word' id='word_1_222' title='bbox 1358 2330 1683 2401; x_wconf 77' lang='grc' dir='ltr'>διήμαρτον,</span> <span class='ocrx_word' id='word_1_223' title='bbox 1733 2332 1848 2382; x_wconf 77' lang='lat' dir='ltr'><strong>eia-</strong></span> 
     </span>
    </p>
   </div>
   <div class='ocr_carea' id='block_1_37' title="bbox 266 2420 1849 2494">
    <p class='ocr_par' dir='ltr' id='par_1_37' title="bbox 266 2420 1849 2494">
     <span class='ocr_line' id='line_1_38' title="bbox 266 2420 1849 2494; baseline -0.015 0"><span class='ocrx_word' id='word_1_224' title='bbox 266 2424 484 2494; x_wconf 58' lang='grc' dir='ltr'>ηγήσειτ</span> <span class='ocrx_word' id='word_1_225' title='bbox 507 2422 776 2491; x_wconf 78' lang='grc' dir='ltr'><strong>Πρόκλου,</strong></span> <span class='ocrx_word' id='word_1_226' title='bbox 806 2422 864 2484; x_wconf 82' lang='grc' dir='ltr'>ὃς</span> <span class='ocrx_word' id='word_1_227' title='bbox 889 2422 1244 2492; x_wconf 83' lang='grc' dir='ltr'>παρεδρεύων</span> <span class='ocrx_word' id='word_1_228' title='bbox 1267 2420 1632 2490; x_wconf 83' lang='grc' dir='ltr'>Ίουστινιανῷ</span> <span class='ocrx_word' id='word_1_229' title='bbox 1673 2420 1849 2474; x_wconf 86' lang='grc' dir='ltr'>κοιαί-</span> 
     </span>
    </p>
   </div>
   <div class='ocr_carea' id='block_1_38' title="bbox 265 2513 1850 2586">
    <p class='ocr_par' dir='ltr' id='par_1_38' title="bbox 265 2513 1850 2586">
     <span class='ocr_line' id='line_1_39' title="bbox 265 2513 1850 2586; baseline -0.001 -18"><span class='ocrx_word' id='word_1_230' title='bbox 265 2532 417 2585; x_wconf 88' lang='grc' dir='ltr'>στωρ</span> <span class='ocrx_word' id='word_1_231' title='bbox 458 2515 833 2586; x_wconf 81' lang='grc' dir='ltr'>καθειστήκει,</span> <span class='ocrx_word' id='word_1_232' title='bbox 883 2515 976 2568; x_wconf 72' lang='grc' dir='ltr'><strong>ἐπὶ</strong></span> <span class='ocrx_word' id='word_1_233' title='bbox 1014 2517 1187 2585; x_wconf 78' lang='grc' dir='ltr'>μείζω</span> <span class='ocrx_word' id='word_1_234' title='bbox 1211 2515 1312 2586; x_wconf 77' lang='grc' dir='ltr'>τὴν</span> <span class='ocrx_word' id='word_1_235' title='bbox 1359 2514 1496 2583; x_wconf 77' lang='grc' dir='ltr'>πρὸς</span> <span class='ocrx_word' id='word_1_236' title='bbox 1544 2513 1850 2583; x_wconf 81' lang='grc' dir='ltr'>Ῥωμαίους</span> 
     </span>
    </p>
   </div>
   <div class='ocr_carea' id='block_1_39' title="bbox 263 2603 1848 2676">
    <p class='ocr_par' dir='ltr' id='par_1_39' title="bbox 263 2603 1848 2676">
     <span class='ocr_line' id='line_1_40' title="bbox 263 2603 1848 2676; baseline -0.002 -18"><span class='ocrx_word' id='word_1_237' title='bbox 263 2606 466 2676; x_wconf 77' lang='grc' dir='ltr'>ἔχθραν</span> <span class='ocrx_word' id='word_1_238' title='bbox 494 2606 782 2676; x_wconf 76' lang='grc' dir='ltr'>ἐξήγαγον.</span> <span class='ocrx_word' id='word_1_239' title='bbox 831 2605 1250 2659; x_wconf 81' lang='grc' dir='ltr'>Φιλοπονώτατα</span> <span class='ocrx_word' id='word_1_240' title='bbox 1301 2604 1594 2675; x_wconf 80' lang='grc' dir='ltr'>τοιγαροῦν</span> <span class='ocrx_word' id='word_1_241' title='bbox 1622 2603 1848 2674; x_wconf 78' lang='grc' dir='ltr'><strong>κομψῶς</strong></span> 
     </span>
    </p>
   </div>
   <div class='ocr_carea' id='block_1_40' title="bbox 260 2695 1847 2769">
    <p class='ocr_par' dir='ltr' id='par_1_40' title="bbox 260 2695 1847 2769">
     <span class='ocr_line' id='line_1_41' title="bbox 260 2695 1847 2769; baseline -0.002 -17"><span class='ocrx_word' id='word_1_242' title='bbox 260 2717 324 2752; x_wconf 88' lang='grc' dir='ltr'><strong>τε</strong></span> <span class='ocrx_word' id='word_1_243' title='bbox 360 2701 455 2751; x_wconf 70' lang='grc' dir='ltr'><strong>καὶ</strong></span> <span class='ocrx_word' id='word_1_244' title='bbox 487 2698 683 2766; x_wconf 81' lang='grc' dir='ltr'>λογίως</span> <span class='ocrx_word' id='word_1_245' title='bbox 711 2698 1020 2751; x_wconf 80' lang='grc' dir='ltr'>ὲκτέθειται</span> <span class='ocrx_word' id='word_1_246' title='bbox 1071 2697 1150 2769; x_wconf 81' lang='grc' dir='ltr'>τῷ</span> <span class='ocrx_word' id='word_1_247' title='bbox 1184 2695 1334 2766; x_wconf 78' lang='grc' dir='ltr'>αὐτῷ</span> <span class='ocrx_word' id='word_1_248' title='bbox 1371 2697 1683 2766; x_wconf 83' lang='grc' dir='ltr'>Προκοπίῳ,</span> <span class='ocrx_word' id='word_1_249' title='bbox 1712 2697 1747 2751; x_wconf 79' lang='grc' dir='ltr'>ἃ</span> <span class='ocrx_word' id='word_1_250' title='bbox 1784 2697 1847 2767; x_wconf 81' lang='grc' dir='ltr'>δὴ</span> 
     </span>
    </p>
   </div>
   <div class='ocr_carea' id='block_1_41' title="bbox 264 2785 1848 2858">
    <p class='ocr_par' dir='ltr' id='par_1_41' title="bbox 264 2785 1848 2858">
     <span class='ocr_line' id='line_1_42' title="bbox 264 2785 1848 2858; baseline -0.002 -17"><span class='ocrx_word' id='word_1_251' title='bbox 264 2788 583 2858; x_wconf 76' lang='grc' dir='ltr'>πέπρακται</span> <span class='ocrx_word' id='word_1_252' title='bbox 615 2788 719 2840; x_wconf 80' lang='grc' dir='ltr'><strong>ὑπὸ</strong></span> <span class='ocrx_word' id='word_1_253' title='bbox 745 2786 1053 2858; x_wconf 82' lang='grc' dir='ltr'>Βελισαρίῳ</span> <span class='ocrx_word' id='word_1_254' title='bbox 1105 2786 1502 2857; x_wconf 73' lang='grc' dir='ltr'>στρατηγοῦντι</span> <span class='ocrx_word' id='word_1_255' title='bbox 1547 2785 1657 2839; x_wconf 83' lang='grc' dir='ltr'><strong>τῶν</strong></span> <span class='ocrx_word' id='word_1_256' title='bbox 1697 2785 1848 2856; x_wconf 74' lang='grc' dir='ltr'>ἑῴων</span> 
     </span>
    </p>
   </div>
   <div class='ocr_carea' id='block_1_42' title="bbox 259 2877 1850 2949">
    <p class='ocr_par' dir='ltr' id='par_1_42' title="bbox 259 2877 1850 2949">
     <span class='ocr_line' id='line_1_43' title="bbox 259 2877 1850 2949; baseline -0.001 -19"><span class='ocrx_word' id='word_1_257' title='bbox 259 2879 550 2947; x_wconf 82' lang='grc' dir='ltr'>δυνάμεων</span> <span class='ocrx_word' id='word_1_258' title='bbox 591 2879 885 2946; x_wconf 85' lang='grc' dir='ltr'>Ῥωμαίοις</span> <span class='ocrx_word' id='word_1_259' title='bbox 921 2896 980 2931; x_wconf 90' lang='grc' dir='ltr'><strong>τε</strong></span> <span class='ocrx_word' id='word_1_260' title='bbox 1006 2879 1099 2932; x_wconf 79' lang='grc' dir='ltr'><strong>καί</strong></span> <span class='ocrx_word' id='word_1_261' title='bbox 1139 2879 1378 2949; x_wconf 81' lang='grc' dir='ltr'>Πέρσαις</span> <span class='ocrx_word' id='word_1_262' title='bbox 1419 2877 1556 2948; x_wconf 76' lang='grc' dir='ltr'>πρὸς</span> <span class='ocrx_word' id='word_1_263' title='bbox 1585 2877 1850 2948; x_wconf 82' lang='grc' dir='ltr'>ἀλλήλους</span> 
     </span>
    </p>
   </div>
   <div class='ocr_carea' id='block_1_43' title="bbox 262 2970 1850 3043">
    <p class='ocr_par' dir='ltr' id='par_1_43' title="bbox 262 2970 1850 3043">
     <span class='ocr_line' id='line_1_44' title="bbox 262 2970 1850 3043; baseline 0.001 -20"><span class='ocrx_word' id='word_1_264' title='bbox 262 2971 585 3040; x_wconf 73' lang='grc' dir='ltr'>πολεμοῦσι.</span> <span class='ocrx_word' id='word_1_265' title='bbox 618 2970 848 3042; x_wconf 87' lang='grc' dir='ltr'>Πρώτην</span> <span class='ocrx_word' id='word_1_266' title='bbox 875 2971 973 3041; x_wconf 84' lang='grc' dir='ltr'>μὲν</span> <span class='ocrx_word' id='word_1_267' title='bbox 998 2970 1092 3024; x_wconf 78' lang='grc' dir='ltr'>οὖν</span> <span class='ocrx_word' id='word_1_268' title='bbox 1116 2971 1272 3040; x_wconf 76' lang='grc' dir='ltr'>νίκην</span> <span class='ocrx_word' id='word_1_269' title='bbox 1289 2971 1578 3043; x_wconf 74' lang='grc' dir='ltr'>Ῥωμαίων</span> <span class='ocrx_word' id='word_1_270' title='bbox 1608 2970 1850 3041; x_wconf 82' lang='grc' dir='ltr'>ἀναγρά-</span> 
     </span>
    </p>
   </div>
   <div class='ocr_carea' id='block_1_44' title="bbox 261 3062 1848 3132">
    <p class='ocr_par' dir='ltr' id='par_1_44' title="bbox 261 3062 1848 3132">
     <span class='ocr_line' id='line_1_45' title="bbox 261 3062 1848 3132; baseline 0 -18"><span class='ocrx_word' id='word_1_271' title='bbox 261 3079 357 3131; x_wconf 77' lang='grc' dir='ltr'><strong>φει</strong></span> <span class='ocrx_word' id='word_1_272' title='bbox 386 3064 517 3132; x_wconf 79' lang='grc' dir='ltr'>περὶ</span> <span class='ocrx_word' id='word_1_273' title='bbox 557 3062 623 3115; x_wconf 63' lang='grc' dir='ltr'>τὰ</span> <span class='ocrx_word' id='word_1_274' title='bbox 654 3064 830 3132; x_wconf 79' lang='grc' dir='ltr'>χωρέα</span> <span class='ocrx_word' id='word_1_275' title='bbox 860 3062 1042 3130; x_wconf 76' lang='grc' dir='ltr'>Δάρας</span> <span class='ocrx_word' id='word_1_276' title='bbox 1070 3080 1129 3116; x_wconf 84' lang='grc' dir='ltr'><strong>τε</strong></span> <span class='ocrx_word' id='word_1_277' title='bbox 1168 3066 1262 3117; x_wconf 76' lang='grc' dir='ltr'><strong>καὶ</strong></span> <span class='ocrx_word' id='word_1_278' title='bbox 1288 3063 1583 3126; x_wconf 75' lang='grc' dir='ltr'>Νισίϐεως,</span> <span class='ocrx_word' id='word_1_279' title='bbox 1615 3062 1848 3115; x_wconf 81' lang='grc' dir='ltr'>Βελισα-</span> 
     </span>
    </p>
   </div>
   <div class='ocr_carea' id='block_1_45' title="bbox 1952 1871 3547 1943">
    <p class='ocr_par' dir='ltr' id='par_1_45' title="bbox 1952 1871 3547 1943">
     <span class='ocr_line' id='line_1_46' title="bbox 1952 1871 3547 1943; baseline 0 -17"><span class='ocrx_word' id='word_1_280' title='bbox 1952 1871 2110 1938; x_wconf 89' lang='lat' dir='ltr'><strong>bens,</strong></span> <span class='ocrx_word' id='word_1_281' title='bbox 2140 1883 2329 1926; x_wconf 89' lang='lat' dir='ltr'><strong>narrat</strong></span> <span class='ocrx_word' id='word_1_282' title='bbox 2364 1872 2636 1927; x_wconf 81' lang='lat' dir='ltr'><strong>Cavadem</strong></span> <span class='ocrx_word' id='word_1_283' title='bbox 2667 1874 2960 1927; x_wconf 85' lang='lat' dir='ltr'><strong>Persarum</strong></span> <span class='ocrx_word' id='word_1_284' title='bbox 3002 1888 3209 1943; x_wconf 87' lang='lat' dir='ltr'><strong>regem,</strong></span> <span class='ocrx_word' id='word_1_285' title='bbox 3246 1888 3370 1927; x_wconf 91' lang='lat' dir='ltr'><strong>cum</strong></span> <span class='ocrx_word' id='word_1_286' title='bbox 3401 1871 3547 1927; x_wconf 88' lang='lat' dir='ltr'><strong>Cho-</strong></span> 
     </span>
    </p>
   </div>
   <div class='ocr_carea' id='block_1_46' title="bbox 1952 1964 3539 2034">
    <p class='ocr_par' dir='ltr' id='par_1_46' title="bbox 1952 1964 3539 2034">
     <span class='ocr_line' id='line_1_47' title="bbox 1952 1964 3539 2034; baseline 0.001 -16"><span class='ocrx_word' id='word_1_287' title='bbox 1952 1964 2064 2018; x_wconf 88' lang='lat' dir='ltr'><strong>sroi</strong></span> <span class='ocrx_word' id='word_1_288' title='bbox 2092 1964 2329 2017; x_wconf 80' lang='lat' dir='ltr'><strong>ﬁliorum</strong></span> <span class='ocrx_word' id='word_1_289' title='bbox 2355 1979 2583 2018; x_wconf 89' lang='lat' dir='ltr'><strong>suorum</strong></span> <span class='ocrx_word' id='word_1_290' title='bbox 2615 1973 2744 2018; x_wconf 88' lang='lat' dir='ltr'><strong>natu</strong></span> <span class='ocrx_word' id='word_1_291' title='bbox 2776 1964 3008 2018; x_wconf 89' lang='lat' dir='ltr'><strong>minimo</strong></span> <span class='ocrx_word' id='word_1_292' title='bbox 3049 1979 3278 2034; x_wconf 76' lang='lat' dir='ltr'><strong>regnum</strong></span> <span class='ocrx_word' id='word_1_293' title='bbox 3318 1965 3539 2020; x_wconf 79' lang='lat' dir='ltr'><strong>tradere</strong></span> 
     </span>
    </p>
   </div>
   <div class='ocr_carea' id='block_1_47' title="bbox 1950 2055 3543 2124">
    <p class='ocr_par' dir='ltr' id='par_1_47' title="bbox 1950 2055 3543 2124">
     <span class='ocr_line' id='line_1_48' title="bbox 1950 2055 3543 2124; baseline 0.001 -16"><span class='ocrx_word' id='word_1_294' title='bbox 1950 2055 2136 2118; x_wconf 87' lang='lat' dir='ltr'><strong>vellet,</strong></span> <span class='ocrx_word' id='word_1_295' title='bbox 2168 2056 2475 2123; x_wconf 87' lang='lat' dir='ltr'><strong>postulasse</strong></span> <span class='ocrx_word' id='word_1_296' title='bbox 2519 2055 2681 2124; x_wconf 82' lang='lat'><strong>395</strong></span> <span class='ocrx_word' id='word_1_297' title='bbox 2726 2055 2795 2109; x_wconf 91' lang='lat' dir='ltr'><strong>ab</strong></span> <span class='ocrx_word' id='word_1_298' title='bbox 2838 2055 3172 2124; x_wconf 74' lang='lat' dir='ltr'><strong>imperatore</strong></span> <span class='ocrx_word' id='word_1_299' title='bbox 3196 2056 3448 2109; x_wconf 74' lang='lat' dir='ltr'><strong>Romano</strong></span> <span class='ocrx_word' id='word_1_300' title='bbox 3483 2065 3543 2109; x_wconf 87' lang='lat' dir='ltr'><strong>ut</strong></span> 
     </span>
    </p>
   </div>
   <div class='ocr_carea' id='block_1_48' title="bbox 1952 2130 3546 2215">
    <p class='ocr_par' dir='ltr' id='par_1_48' title="bbox 1952 2130 3546 2215">
     <span class='ocr_line' id='line_1_49' title="bbox 1952 2130 3546 2215; baseline -0.001 -16"><span class='ocrx_word' id='word_1_301' title='bbox 1952 2159 2077 2199; x_wconf 89' lang='lat' dir='ltr'><strong>eum</strong></span> <span class='ocrx_word' id='word_1_302' title='bbox 2125 2145 2232 2199; x_wconf 87' lang='lat' dir='ltr'><strong>sibi</strong></span> <span class='ocrx_word' id='word_1_303' title='bbox 2281 2143 2453 2200; x_wconf 80' lang='lat' dir='ltr'><strong>lilium</strong></span> <span class='ocrx_word' id='word_1_304' title='bbox 2505 2145 2822 2215; x_wconf 83' lang='lat' dir='ltr'><strong>adoptaret,</strong></span> <span class='ocrx_word' id='word_1_305' title='bbox 2872 2155 2932 2199; x_wconf 91' lang='lat' dir='ltr'><strong>ut</strong></span> <span class='ocrx_word' id='word_1_306' title='bbox 2977 2130 3186 2199; x_wconf 82' lang='lat' dir='ltr'><strong>scilicet</strong></span> <span class='ocrx_word' id='word_1_307' title='bbox 3232 2144 3338 2199; x_wconf 88' lang='lat' dir='ltr'><strong>hoc</strong></span> <span class='ocrx_word' id='word_1_308' title='bbox 3384 2153 3546 2214; x_wconf 89' lang='lat' dir='ltr'><strong>pacto</strong></span> 
     </span>
    </p>
   </div>
   <div class='ocr_carea' id='block_1_49' title="bbox 1951 2236 3544 2309">
    <p class='ocr_par' dir='ltr' id='par_1_49' title="bbox 1951 2236 3544 2309">
     <span class='ocr_line' id='line_1_50' title="bbox 1951 2236 3544 2309; baseline 0.001 -19"><span class='ocrx_word' id='word_1_309' title='bbox 1951 2236 2164 2293; x_wconf 82' lang='lat' dir='ltr'><strong>ﬁrmius</strong></span> <span class='ocrx_word' id='word_1_310' title='bbox 2207 2239 2285 2293; x_wconf 90' lang='lat' dir='ltr'><strong>illi</strong></span> <span class='ocrx_word' id='word_1_311' title='bbox 2335 2255 2563 2309; x_wconf 82' lang='lat' dir='ltr'><strong>regnum</strong></span> <span class='ocrx_word' id='word_1_312' title='bbox 2604 2247 2910 2308; x_wconf 89' lang='lat' dir='ltr'><strong>pararetur.</strong></span> <span class='ocrx_word' id='word_1_313' title='bbox 2948 2237 3054 2294; x_wconf 89' lang='lat' dir='ltr'><strong>Sed</strong></span> <span class='ocrx_word' id='word_1_314' title='bbox 3087 2253 3214 2292; x_wconf 93' lang='lat' dir='ltr'><strong>cum</strong></span> <span class='ocrx_word' id='word_1_315' title='bbox 3265 2239 3544 2307; x_wconf 85' lang='lat' dir='ltr'><strong>repulsam</strong></span> 
     </span>
    </p>
   </div>
   <div class='ocr_carea' id='block_1_50' title="bbox 1950 2328 3544 2399">
    <p class='ocr_par' dir='ltr' id='par_1_50' title="bbox 1950 2328 3544 2399">
     <span class='ocr_line' id='line_1_51' title="bbox 1950 2328 3544 2399; baseline 0 -17"><span class='ocrx_word' id='word_1_316' title='bbox 1950 2344 2147 2398; x_wconf 87' lang='lat' dir='ltr'><strong>passus</strong></span> <span class='ocrx_word' id='word_1_317' title='bbox 2195 2340 2342 2385; x_wconf 88' lang='lat' dir='ltr'><strong>esset</strong></span> <span class='ocrx_word' id='word_1_318' title='bbox 2382 2328 2652 2394; x_wconf 85' lang='lat' dir='ltr'><strong>Cavades,</strong></span> <span class='ocrx_word' id='word_1_319' title='bbox 2703 2345 2868 2383; x_wconf 88' lang='lat' dir='ltr'><strong>suasu</strong></span> <span class='ocrx_word' id='word_1_320' title='bbox 2911 2329 3112 2394; x_wconf 84' lang='lat' dir='ltr'><strong>Procli,</strong></span> <span class='ocrx_word' id='word_1_321' title='bbox 3161 2329 3256 2399; x_wconf 89' lang='lat' dir='ltr'><strong>qui</strong></span> <span class='ocrx_word' id='word_1_322' title='bbox 3304 2340 3544 2399; x_wconf 65' lang='lat' dir='ltr'><strong>quaestor</strong></span> 
     </span>
    </p>
   </div>
   <div class='ocr_carea' id='block_1_51' title="bbox 1951 2420 3546 2491">
    <p class='ocr_par' dir='ltr' id='par_1_51' title="bbox 1951 2420 3546 2491">
     <span class='ocr_line' id='line_1_52' title="bbox 1951 2420 3546 2491; baseline 0.001 -16"><span class='ocrx_word' id='word_1_323' title='bbox 1951 2420 2264 2476; x_wconf 89' lang='lat' dir='ltr'><strong>Justiniano</strong></span> <span class='ocrx_word' id='word_1_324' title='bbox 2321 2421 2558 2491; x_wconf 88' lang='lat' dir='ltr'><strong>principi</strong></span> <span class='ocrx_word' id='word_1_325' title='bbox 2621 2421 2936 2486; x_wconf 88' lang='lat' dir='ltr'><strong>assidebat,</strong></span> <span class='ocrx_word' id='word_1_326' title='bbox 2992 2420 3122 2476; x_wconf 89' lang='lat' dir='ltr'><strong>hinc</strong></span> <span class='ocrx_word' id='word_1_327' title='bbox 3174 2421 3364 2475; x_wconf 90' lang='lat' dir='ltr'><strong>odium</strong></span> <span class='ocrx_word' id='word_1_328' title='bbox 3423 2423 3546 2490; x_wconf 83' lang='lat' dir='ltr'><strong>ejus</strong></span> 
     </span>
    </p>
   </div>
   <div class='ocr_carea' id='block_1_52' title="bbox 1951 2511 3543 2568">
    <p class='ocr_par' dir='ltr' id='par_1_52' title="bbox 1951 2511 3543 2568">
     <span class='ocr_line' id='line_1_53' title="bbox 1951 2511 3543 2568; baseline 0.002 -4"><span class='ocrx_word' id='word_1_329' title='bbox 1951 2511 2215 2566; x_wconf 87' lang='lat' dir='ltr'><strong>adversus</strong></span> <span class='ocrx_word' id='word_1_330' title='bbox 2255 2513 2535 2567; x_wconf 79' lang='lat' dir='ltr'><strong>Romanos</strong></span> <span class='ocrx_word' id='word_1_331' title='bbox 2565 2522 2784 2568; x_wconf 82' lang='lat' dir='ltr'><strong>auctum</strong></span> <span class='ocrx_word' id='word_1_332' title='bbox 2813 2512 3005 2567; x_wconf 79' lang='lat' dir='ltr'><strong>fuisse.</strong></span> <span class='ocrx_word' id='word_1_333' title='bbox 3037 2513 3210 2566; x_wconf 88' lang='lat' dir='ltr'><strong>Porro</strong></span> <span class='ocrx_word' id='word_1_334' title='bbox 3236 2513 3378 2567; x_wconf 86' lang='lat' dir='ltr'><strong>idem</strong></span> <span class='ocrx_word' id='word_1_335' title='bbox 3407 2513 3543 2567; x_wconf 78' lang='lat' dir='ltr'><strong>Pro-</strong></span> 
     </span>
    </p>
   </div>
   <div class='ocr_carea' id='block_1_53' title="bbox 1954 2605 3547 2676">
    <p class='ocr_par' dir='ltr' id='par_1_53' title="bbox 1954 2605 3547 2676">
     <span class='ocr_line' id='line_1_54' title="bbox 1954 2605 3547 2676; baseline -0.001 -16"><span class='ocrx_word' id='word_1_336' title='bbox 1954 2607 2150 2676; x_wconf 86' lang='lat' dir='ltr'><strong>copius</strong></span> <span class='ocrx_word' id='word_1_337' title='bbox 2175 2606 2597 2676; x_wconf 79' lang='lat' dir='ltr'><strong>diligentissime</strong></span> <span class='ocrx_word' id='word_1_338' title='bbox 2618 2606 2782 2658; x_wconf 88' lang='lat' dir='ltr'><strong>simul</strong></span> <span class='ocrx_word' id='word_1_339' title='bbox 2813 2613 2871 2658; x_wconf 91' lang='lat' dir='ltr'><strong>et</strong></span> <span class='ocrx_word' id='word_1_340' title='bbox 2892 2605 3298 2674; x_wconf 86' lang='lat' dir='ltr'><strong>elegantissime</strong></span> <span class='ocrx_word' id='word_1_341' title='bbox 3321 2606 3547 2673; x_wconf 79' lang='lat' dir='ltr'><strong>exponit</strong></span> 
     </span>
    </p>
   </div>
   <div class='ocr_carea' id='block_1_54' title="bbox 1951 2697 3546 2769">
    <p class='ocr_par' dir='ltr' id='par_1_54' title="bbox 1951 2697 3546 2769">
     <span class='ocr_line' id='line_1_55' title="bbox 1951 2697 3546 2769; baseline -0.001 -15"><span class='ocrx_word' id='word_1_342' title='bbox 1951 2715 2018 2754; x_wconf 85' lang='lat' dir='ltr'><strong>ea</strong></span> <span class='ocrx_word' id='word_1_343' title='bbox 2062 2715 2185 2769; x_wconf 74' lang='lat' dir='ltr'><strong>qua:</strong></span> <span class='ocrx_word' id='word_1_344' title='bbox 2236 2708 2390 2769; x_wconf 88' lang='lat' dir='ltr'><strong>gesta</strong></span> <span class='ocrx_word' id='word_1_345' title='bbox 2437 2709 2569 2753; x_wconf 88' lang='lat' dir='ltr'><strong>sunt</strong></span> <span class='ocrx_word' id='word_1_346' title='bbox 2615 2714 2645 2751; x_wconf 89' lang='lat' dir='ltr'><strong>a</strong></span> <span class='ocrx_word' id='word_1_347' title='bbox 2688 2697 2954 2752; x_wconf 86' lang='lat' dir='ltr'><strong>Belisario</strong></span> <span class='ocrx_word' id='word_1_348' title='bbox 2999 2697 3292 2751; x_wconf 81' lang='lat' dir='ltr'><strong>orientalis</strong></span> <span class='ocrx_word' id='word_1_349' title='bbox 3335 2697 3546 2752; x_wconf 65' lang='lat' dir='ltr'><strong>militia:</strong></span> 
     </span>
    </p>
   </div>
   <div class='ocr_carea' id='block_1_55' title="bbox 1951 2788 3543 2862">
    <p class='ocr_par' dir='ltr' id='par_1_55' title="bbox 1951 2788 3543 2862">
     <span class='ocr_line' id='line_1_56' title="bbox 1951 2788 3543 2862; baseline -0.002 -17"><span class='ocrx_word' id='word_1_350' title='bbox 1951 2792 2242 2862; x_wconf 86' lang='lat' dir='ltr'><strong>magistro,</strong></span> <span class='ocrx_word' id='word_1_351' title='bbox 2289 2791 2554 2845; x_wconf 79' lang='lat' dir='ltr'><strong>Romanis</strong></span> <span class='ocrx_word' id='word_1_352' title='bbox 2595 2799 2652 2845; x_wconf 92' lang='lat' dir='ltr'><strong>et</strong></span> <span class='ocrx_word' id='word_1_353' title='bbox 2690 2790 2876 2844; x_wconf 88' lang='lat' dir='ltr'><strong>Persis</strong></span> <span class='ocrx_word' id='word_1_354' title='bbox 2911 2789 3053 2842; x_wconf 86' lang='lat' dir='ltr'><strong>inter</strong></span> <span class='ocrx_word' id='word_1_355' title='bbox 3099 2803 3158 2843; x_wconf 91' lang='lat' dir='ltr'><strong>se</strong></span> <span class='ocrx_word' id='word_1_356' title='bbox 3195 2788 3399 2842; x_wconf 88' lang='lat' dir='ltr'><strong>bellum</strong></span> <span class='ocrx_word' id='word_1_357' title='bbox 3447 2805 3543 2858; x_wconf 80' lang='lat' dir='ltr'><strong>ge-</strong></span> 
     </span>
    </p>
   </div>
   <div class='ocr_carea' id='block_1_56' title="bbox 1951 2879 3545 2952">
    <p class='ocr_par' dir='ltr' id='par_1_56' title="bbox 1951 2879 3545 2952">
     <span class='ocr_line' id='line_1_57' title="bbox 1951 2879 3545 2952; baseline -0.004 -14"><span class='ocrx_word' id='word_1_358' title='bbox 1951 2884 2225 2938; x_wconf 86' lang='lat' dir='ltr'><strong>rentibus.</strong></span> <span class='ocrx_word' id='word_1_359' title='bbox 2260 2882 2499 2938; x_wconf 87' lang='lat' dir='ltr'><strong>Primam</strong></span> <span class='ocrx_word' id='word_1_360' title='bbox 2530 2883 2696 2952; x_wconf 88' lang='lat' dir='ltr'><strong>igitur</strong></span> <span class='ocrx_word' id='word_1_361' title='bbox 2726 2882 3101 2935; x_wconf 84' lang='lat' dir='ltr'><strong>Romauorum</strong></span> <span class='ocrx_word' id='word_1_362' title='bbox 3133 2879 3421 2933; x_wconf 79' lang='lat' dir='ltr'><strong>victoriam</strong></span> <span class='ocrx_word' id='word_1_363' title='bbox 3457 2895 3545 2932; x_wconf 90' lang='lat' dir='ltr'><strong>re-</strong></span> 
     </span>
    </p>
   </div>
   <div class='ocr_carea' id='block_1_57' title="bbox 1949 2972 3548 3036">
    <p class='ocr_par' dir='ltr' id='par_1_57' title="bbox 1949 2972 3548 3036">
     <span class='ocr_line' id='line_1_58' title="bbox 1949 2972 3548 3036; baseline -0.003 -6"><span class='ocrx_word' id='word_1_364' title='bbox 1949 2975 2055 3030; x_wconf 81' lang='lat' dir='ltr'><strong>fert</strong></span> <span class='ocrx_word' id='word_1_365' title='bbox 2113 2975 2261 3030; x_wconf 89' lang='lat' dir='ltr'><strong>circa</strong></span> <span class='ocrx_word' id='word_1_366' title='bbox 2315 2976 2486 3029; x_wconf 89' lang='lat' dir='ltr'><strong>Daras</strong></span> <span class='ocrx_word' id='word_1_367' title='bbox 2536 2989 2601 3028; x_wconf 90' lang='lat' dir='ltr'><strong>ac</strong></span> <span class='ocrx_word' id='word_1_368' title='bbox 2653 2973 2903 3036; x_wconf 87' lang='lat' dir='ltr'><strong>Nisibin,</strong></span> <span class='ocrx_word' id='word_1_369' title='bbox 2963 2988 3089 3027; x_wconf 89' lang='lat' dir='ltr'><strong>cum</strong></span> <span class='ocrx_word' id='word_1_370' title='bbox 3140 2972 3437 3025; x_wconf 76' lang='lat' dir='ltr'><strong>Belisalius</strong></span> <span class='ocrx_word' id='word_1_371' title='bbox 3490 2981 3548 3025; x_wconf 86' lang='lat' dir='ltr'><strong>et</strong></span> 
     </span>
    </p>
   </div>
   <div class='ocr_carea' id='block_1_58' title="bbox 1951 3063 3548 3137">
    <p class='ocr_par' dir='ltr' id='par_1_58' title="bbox 1951 3063 3548 3137">
     <span class='ocr_line' id='line_1_59' title="bbox 1951 3063 3548 3137; baseline -0.005 -15"><span class='ocrx_word' id='word_1_372' title='bbox 1951 3067 2327 3137; x_wconf 82' lang='lat' dir='ltr'><strong>Hermogenes</strong></span> <span class='ocrx_word' id='word_1_373' title='bbox 2362 3067 2616 3120; x_wconf 83' lang='lat' dir='ltr'><strong>Romano</strong></span> <span class='ocrx_word' id='word_1_374' title='bbox 2649 3065 2918 3136; x_wconf 77' lang='lat' dir='ltr'><strong>exercitui</strong></span> <span class='ocrx_word' id='word_1_375' title='bbox 2948 3071 3270 3133; x_wconf 61' lang='lat' dir='ltr'><strong>praeessent.</strong></span> <span class='ocrx_word' id='word_1_376' title='bbox 3305 3063 3548 3133; x_wconf 76' lang='lat' dir='ltr'><strong>Subjnn-</strong></span> 
     </span>
    </p>
   </div>
   <div class='ocr_carea' id='block_1_59' title="bbox 266 3132 1848 3232">
    <p class='ocr_par' dir='ltr' id='par_1_59' title="bbox 266 3150 1848 3225">
     <span class='ocr_line' id='line_1_60' title="bbox 266 3150 1848 3225; baseline 0.002 -20"><span class='ocrx_word' id='word_1_377' title='bbox 266 3153 388 3221; x_wconf 84' lang='grc' dir='ltr'>ρίου</span> <span class='ocrx_word' id='word_1_378' title='bbox 437 3153 793 3223; x_wconf 75' lang='grc' dir='ltr'>Ἑρμογένους</span> <span class='ocrx_word' id='word_1_379' title='bbox 847 3172 906 3207; x_wconf 89' lang='grc' dir='ltr'><strong>τε</strong></span> <span class='ocrx_word' id='word_1_380' title='bbox 958 3150 1026 3208; x_wconf 82' lang='grc' dir='ltr'>αὖ</span> <span class='ocrx_word' id='word_1_381' title='bbox 1056 3154 1124 3208; x_wconf 84' lang='grc' dir='ltr'>τὰ</span> <span class='ocrx_word' id='word_1_382' title='bbox 1160 3155 1452 3225; x_wconf 88' lang='grc' dir='ltr'>Ῥωμαίων</span> <span class='ocrx_word' id='word_1_383' title='bbox 1507 3155 1848 3225; x_wconf 78' lang='grc' dir='ltr'>στρατόπεδα</span> 
     </span>
    </p>
   </div>
   <div class='ocr_carea' id='block_1_60' title="bbox 1953 3132 3546 3232">
    <p class='ocr_par' dir='ltr' id='par_1_60' title="bbox 1953 3132 3546 3232">
     <span class='ocr_line' id='line_1_61' title="bbox 1953 3132 3546 3232; baseline -0.004 -18"><span class='ocrx_word' id='word_1_384' title='bbox 1953 3161 2030 3232; x_wconf 86' lang='lat' dir='ltr'><strong>git</strong></span> <span class='ocrx_word' id='word_1_385' title='bbox 2059 3132 2260 3214; x_wconf 78' lang='lat' dir='ltr'><strong>deinde</strong></span> <span class='ocrx_word' id='word_1_386' title='bbox 2294 3175 2383 3214; x_wconf 91' lang='lat' dir='ltr'><strong>res</strong></span> <span class='ocrx_word' id='word_1_387' title='bbox 2418 3160 2472 3213; x_wconf 91' lang='lat' dir='ltr'><strong>in</strong></span> <span class='ocrx_word' id='word_1_388' title='bbox 2503 3158 2759 3213; x_wconf 73' lang='lat' dir='ltr'><strong>armenia</strong></span> <span class='ocrx_word' id='word_1_389' title='bbox 2789 3132 2991 3228; x_wconf 81' lang='lat' dir='ltr'><strong>gestas,</strong></span> <span class='ocrx_word' id='word_1_390' title='bbox 3024 3157 3356 3226; x_wconf 79' lang='lat' dir='ltr'><strong>quantisque</strong></span> <span class='ocrx_word' id='word_1_391' title='bbox 3383 3132 3546 3208; x_wconf 84' lang='lat' dir='ltr'><strong>malis</strong></span> 
     </span>
    </p>
   </div>
   <div class='ocr_carea' id='block_1_61' title="bbox 260 3241 1848 3317">
    <p class='ocr_par' dir='ltr' id='par_1_61' title="bbox 260 3241 1848 3317">
     <span class='ocr_line' id='line_1_62' title="bbox 260 3241 1848 3317; baseline 0.003 -21"><span class='ocrx_word' id='word_1_392' title='bbox 260 3245 728 3316; x_wconf 83' lang='grc' dir='ltr'>ὃιακοσμούντων.</span> <span class='ocrx_word' id='word_1_393' title='bbox 761 3241 855 3309; x_wconf 76' lang='grc' dir='ltr'>Οἷς</span> <span class='ocrx_word' id='word_1_394' title='bbox 908 3246 1272 3300; x_wconf 77' lang='grc' dir='ltr'>ἑπισυνάπτει</span> <span class='ocrx_word' id='word_1_395' title='bbox 1305 3247 1400 3300; x_wconf 82' lang='grc' dir='ltr'><strong>καὶ</strong></span> <span class='ocrx_word' id='word_1_396' title='bbox 1429 3249 1530 3300; x_wconf 85' lang='grc' dir='ltr'>ὅσα</span> <span class='ocrx_word' id='word_1_397' title='bbox 1560 3247 1702 3300; x_wconf 79' lang='grc' dir='ltr'>κατὰ</span> <span class='ocrx_word' id='word_1_398' title='bbox 1751 3254 1848 3317; x_wconf 83' lang='grc' dir='ltr'>τὴν</span> 
     </span>
    </p>
   </div>
   <div class='ocr_carea' id='block_1_62' title="bbox 275 3333 1850 3410">
    <p class='ocr_par' dir='ltr' id='par_1_62' title="bbox 275 3333 1850 3410">
     <span class='ocr_line' id='line_1_63' title="bbox 275 3333 1850 3410; baseline 0.002 -19"><span class='ocrx_word' id='word_1_399' title='bbox 275 3338 582 3408; x_wconf 82' lang='grc' dir='ltr'>’Δρμενίων</span> <span class='ocrx_word' id='word_1_400' title='bbox 606 3339 795 3406; x_wconf 86' lang='grc' dir='ltr'>γέγονε</span> <span class='ocrx_word' id='word_1_401' title='bbox 826 3337 1032 3409; x_wconf 87' lang='grc' dir='ltr'>χώραν,</span> <span class='ocrx_word' id='word_1_402' title='bbox 1052 3333 1141 3393; x_wconf 80' lang='grc' dir='ltr'><strong>οἷά</strong></span> <span class='ocrx_word' id='word_1_403' title='bbox 1163 3355 1222 3392; x_wconf 87' lang='grc' dir='ltr'><strong>τε</strong></span> <span class='ocrx_word' id='word_1_404' title='bbox 1252 3341 1395 3392; x_wconf 77' lang='grc' dir='ltr'>κατὰ</span> <span class='ocrx_word' id='word_1_405' title='bbox 1423 3340 1522 3410; x_wconf 82' lang='grc' dir='ltr'>τὴν</span> <span class='ocrx_word' id='word_1_406' title='bbox 1564 3339 1850 3409; x_wconf 83' lang='grc' dir='ltr'>Ῥωμαίων</span> 
     </span>
    </p>
   </div>
   <div class='ocr_carea' id='block_1_63' title="bbox 261 3430 1852 3505">
    <p class='ocr_par' dir='ltr' id='par_1_63' title="bbox 261 3430 1852 3505">
     <span class='ocr_line' id='line_1_64' title="bbox 261 3430 1852 3505; baseline 0.003 -23"><span class='ocrx_word' id='word_1_407' title='bbox 261 3430 564 3502; x_wconf 81' lang='grc' dir='ltr'>είργάσατο</span> <span class='ocrx_word' id='word_1_408' title='bbox 607 3430 711 3501; x_wconf 82' lang='grc' dir='ltr'>γῆν</span> <span class='ocrx_word' id='word_1_409' title='bbox 749 3432 1184 3504; x_wconf 77' lang='grc' dir='ltr'>Ἀλαμούνδαρος</span> <span class='ocrx_word' id='word_1_410' title='bbox 1243 3433 1352 3485; x_wconf 82' lang='grc' dir='ltr'><strong>τῶν</strong></span> <span class='ocrx_word' id='word_1_411' title='bbox 1382 3432 1672 3505; x_wconf 85' lang='grc' dir='ltr'>Σκηνητῶν</span> <span class='ocrx_word' id='word_1_412' title='bbox 1704 3434 1852 3503; x_wconf 86' lang='grc' dir='ltr'>Βαρ-</span> 
     </span>
    </p>
   </div>
   <div class='ocr_carea' id='block_1_64' title="bbox 261 3523 1848 3595">
    <p class='ocr_par' dir='ltr' id='par_1_64' title="bbox 261 3523 1848 3595">
     <span class='ocr_line' id='line_1_65' title="bbox 261 3523 1848 3595; baseline 0.001 -20"><span class='ocrx_word' id='word_1_413' title='bbox 261 3523 451 3593; x_wconf 76' lang='grc' dir='ltr'>ϐάρων</span> <span class='ocrx_word' id='word_1_414' title='bbox 480 3523 781 3593; x_wconf 80' lang='grc' dir='ltr'>ἡγούμενος</span> <span class='ocrx_word' id='word_1_415' title='bbox 798 3538 809 3550; x_wconf 92' lang='grc'>·</span> <span class='ocrx_word' id='word_1_416' title='bbox 839 3524 898 3587; x_wconf 84' lang='grc' dir='ltr'>ὃς</span> <span class='ocrx_word' id='word_1_417' title='bbox 925 3525 1018 3578; x_wconf 72' lang='grc' dir='ltr'><strong>καὶ</strong></span> <span class='ocrx_word' id='word_1_418' title='bbox 1043 3525 1420 3595; x_wconf 86' lang='grc' dir='ltr'>Τιμόστρατον</span> <span class='ocrx_word' id='word_1_419' title='bbox 1439 3524 1530 3576; x_wconf 80' lang='grc' dir='ltr'><strong>τὸν</strong></span> <span class='ocrx_word' id='word_1_420' title='bbox 1566 3523 1848 3592; x_wconf 86' lang='grc' dir='ltr'>Ῥουφίνου</span> 
     </span>
    </p>
   </div>
   <div class='ocr_carea' id='block_1_65' title="bbox 260 3614 1847 3688">
    <p class='ocr_par' dir='ltr' id='par_1_65' title="bbox 260 3614 1847 3688">
     <span class='ocr_line' id='line_1_66' title="bbox 260 3614 1847 3688; baseline 0.001 -19"><span class='ocrx_word' id='word_1_421' title='bbox 260 3614 496 3683; x_wconf 79' lang='grc' dir='ltr'>ἀδελφὸν</span> <span class='ocrx_word' id='word_1_422' title='bbox 521 3615 620 3668; x_wconf 75' lang='grc' dir='ltr'>σὺν</span> <span class='ocrx_word' id='word_1_423' title='bbox 647 3619 758 3679; x_wconf 74' lang='grc' dir='ltr'>τοῖς</span> <span class='ocrx_word' id='word_1_424' title='bbox 785 3617 922 3686; x_wconf 80' lang='grc' dir='ltr'>ἀμφ’</span> <span class='ocrx_word' id='word_1_425' title='bbox 953 3617 1117 3670; x_wconf 76' lang='grc' dir='ltr'>αὐτὸν</span> <span class='ocrx_word' id='word_1_426' title='bbox 1149 3616 1514 3688; x_wconf 87' lang='grc' dir='ltr'>στρατιώταις</span> <span class='ocrx_word' id='word_1_427' title='bbox 1541 3615 1847 3686; x_wconf 68' lang='grc' dir='ltr'>ἐζώγρησε,</span> 
     </span>
    </p>
   </div>
   <div class='ocr_carea' id='block_1_66' title="bbox 261 3707 1520 3777">
    <p class='ocr_par' dir='ltr' id='par_1_66' title="bbox 261 3707 1520 3777">
     <span class='ocr_line' id='line_1_67' title="bbox 261 3707 1520 3777; baseline -0.001 -17"><span class='ocrx_word' id='word_1_428' title='bbox 261 3707 362 3760; x_wconf 80' lang='grc' dir='ltr'><strong>καὶ</strong></span> <span class='ocrx_word' id='word_1_429' title='bbox 397 3707 696 3777; x_wconf 81' lang='grc' dir='ltr'>χρημάτων</span> <span class='ocrx_word' id='word_1_430' title='bbox 731 3707 956 3776; x_wconf 80' lang='grc' dir='ltr'>ὓστερον</span> <span class='ocrx_word' id='word_1_431' title='bbox 983 3707 1240 3777; x_wconf 80' lang='grc' dir='ltr'>μεγάλων</span> <span class='ocrx_word' id='word_1_432' title='bbox 1266 3708 1520 3773; x_wconf 81' lang='grc' dir='ltr'>ἀπέδοτο,</span> 
     </span>
    </p>
   </div>
   <div class='ocr_carea' id='block_1_67' title="bbox 876 3821 1256 3875">
    <p class='ocr_par' dir='ltr' id='par_1_67' title="bbox 876 3821 1256 3875">
     <span class='ocr_line' id='line_1_68' title="bbox 876 3821 1256 3875; baseline 0 -2"><span class='ocrx_word' id='word_1_433' title='bbox 876 3821 1128 3875; x_wconf 78' lang='grc' dir='ltr'><strong>ΚΕΦΑΛ.</strong></span> <span class='ocrx_word' id='word_1_434' title='bbox 1145 3821 1256 3874; x_wconf 80' lang='grc' dir='ltr'><strong>ῚΓ’.</strong></span> 
     </span>
    </p>
   </div>
   <div class='ocr_carea' id='block_1_68' title="bbox 261 3911 1852 3983">
    <p class='ocr_par' dir='ltr' id='par_1_68' title="bbox 261 3911 1852 3983">
     <span class='ocr_line' id='line_1_69' title="bbox 261 3911 1852 3983; baseline 0 -16"><span class='ocrx_word' id='word_1_435' title='bbox 261 3912 410 3981; x_wconf 73' lang='grc' dir='ltr'>Περὶ</span> <span class='ocrx_word' id='word_1_436' title='bbox 477 3913 997 3983; x_wconf 64' lang='grc' dir='ltr'>Ἀλαμουνδάχ-ου,</span> <span class='ocrx_word' id='word_1_437' title='bbox 1050 3913 1162 3983; x_wconf 73' lang='grc' dir='ltr'>καί</span> <span class='ocrx_word' id='word_1_438' title='bbox 1210 3911 1530 3982; x_wconf 76' lang='grc' dir='ltr'>Ἀζαρέθου,</span> <span class='ocrx_word' id='word_1_439' title='bbox 1581 3915 1677 3968; x_wconf 77' lang='grc' dir='ltr'><strong>καὶ</strong></span> <span class='ocrx_word' id='word_1_440' title='bbox 1744 3913 1852 3981; x_wconf 78' lang='grc' dir='ltr'>τῆς</span> 
     </span>
    </p>
   </div>
   <div class='ocr_carea' id='block_1_69' title="bbox 335 3982 1850 4108">
    <p class='ocr_par' dir='ltr' id='par_1_69' title="bbox 335 3982 1850 4108">
     <span class='ocr_line' id='line_1_70' title="bbox 337 3982 1850 4108; baseline 0.001 -73"><span class='ocrx_word' id='word_1_441' title='bbox 337 3985 408 4106; x_wconf 53' lang='grc' dir='ltr'><strong>ἐς</strong></span> <span class='ocrx_word' id='word_1_442' title='bbox 432 3983 736 4108; x_wconf 49' lang='grc' dir='ltr'>ᾕρζαντίφ</span> <span class='ocrx_word' id='word_1_443' title='bbox 769 3984 1044 4051; x_wconf 82' lang='grc' dir='ltr'>στάσεως</span> <span class='ocrx_word' id='word_1_444' title='bbox 1098 3982 1210 4052; x_wconf 81' lang='grc' dir='ltr'>τῆς</span> <span class='ocrx_word' id='word_1_445' title='bbox 1236 3983 1498 4052; x_wconf 72' lang='grc' dir='ltr'>ἐπίκλην</span> <span class='ocrx_word' id='word_1_446' title='bbox 1539 3986 1850 4052; x_wconf 67' lang='grc' dir='ltr'>λαϐούσης</span> 
     </span>
     <span class='ocr_line' id='line_1_71' title="bbox 335 4071 605 4108; baseline 0.011 -3"><span class='ocrx_word' id='word_1_447' title='bbox 335 4071 366 4105; x_wconf 84' lang='grc' dir='ltr'><strong>τ</strong></span> <span class='ocrx_word' id='word_1_448' title='bbox 510 4071 605 4108; x_wconf 70' lang='grc' dir='ltr'><strong>ια.</strong></span> 
     </span>
    </p>
   </div>
   <div class='ocr_carea' id='block_1_70' title="bbox 335 4145 1849 4218">
    <p class='ocr_par' dir='ltr' id='par_1_70' title="bbox 335 4145 1849 4218">
     <span class='ocr_line' id='line_1_72' title="bbox 335 4145 1849 4218; baseline 0 -20"><span class='ocrx_word' id='word_1_449' title='bbox 335 4145 669 4214; x_wconf 78' lang='grc' dir='ltr'>Περιπαοῶς</span> <span class='ocrx_word' id='word_1_450' title='bbox 693 4145 922 4218; x_wconf 83' lang='grc' dir='ltr'>διεξίησι</span> <span class='ocrx_word' id='word_1_451' title='bbox 955 4149 1050 4201; x_wconf 83' lang='grc' dir='ltr'><strong>καὶ</strong></span> <span class='ocrx_word' id='word_1_452' title='bbox 1085 4147 1182 4217; x_wconf 84' lang='grc' dir='ltr'>τὴν</span> <span class='ocrx_word' id='word_1_453' title='bbox 1241 4145 1336 4200; x_wconf 79' lang='grc' dir='ltr'><strong>τοῦ</strong></span> <span class='ocrx_word' id='word_1_454' title='bbox 1375 4145 1705 4216; x_wconf 82' lang='grc' dir='ltr'>λελεγμένου</span> <span class='ocrx_word' id='word_1_455' title='bbox 1761 4163 1849 4216; x_wconf 88' lang='grc' dir='ltr'><strong>μοι</strong></span> 
     </span>
    </p>
   </div>
   <div class='ocr_carea' id='block_1_71' title="bbox 274 4233 1849 4307">
    <p class='ocr_par' dir='ltr' id='par_1_71' title="bbox 274 4233 1849 4307">
     <span class='ocr_line' id='line_1_73' title="bbox 274 4233 1849 4307; baseline 0 -19"><span class='ocrx_word' id='word_1_456' title='bbox 274 4233 720 4306; x_wconf 77' lang='grc' dir='ltr'>Ἀλαμουνδαρου</span> <span class='ocrx_word' id='word_1_457' title='bbox 774 4239 870 4291; x_wconf 73' lang='grc' dir='ltr'><strong>καὶ</strong></span> <span class='ocrx_word' id='word_1_458' title='bbox 911 4236 1210 4306; x_wconf 80' lang='grc' dir='ltr'>Ἀζαρέοου</span> <span class='ocrx_word' id='word_1_459' title='bbox 1253 4238 1396 4291; x_wconf 83' lang='grc' dir='ltr'>κατὰ</span> <span class='ocrx_word' id='word_1_460' title='bbox 1429 4238 1529 4306; x_wconf 78' lang='grc' dir='ltr'>τῆς</span> <span class='ocrx_word' id='word_1_461' title='bbox 1563 4235 1849 4307; x_wconf 79' lang='grc' dir='ltr'>Ῥωμαίων</span> 
     </span>
    </p>
   </div>
   <div class='ocr_carea' id='block_1_72' title="bbox 261 4324 1850 4396">
    <p class='ocr_par' dir='ltr' id='par_1_72' title="bbox 261 4324 1850 4396">
     <span class='ocr_line' id='line_1_74' title="bbox 261 4324 1850 4396; baseline 0.003 -23"><span class='ocrx_word' id='word_1_462' title='bbox 261 4324 371 4395; x_wconf 78' lang='grc' dir='ltr'>γῆς</span> <span class='ocrx_word' id='word_1_463' title='bbox 405 4325 610 4394; x_wconf 75' lang='grc' dir='ltr'>ἔφοδον,</span> <span class='ocrx_word' id='word_1_464' title='bbox 639 4328 788 4389; x_wconf 80' lang='grc' dir='ltr'>ὅπως</span> <span class='ocrx_word' id='word_1_465' title='bbox 818 4344 878 4380; x_wconf 87' lang='grc' dir='ltr'><strong>τε</strong></span> <span class='ocrx_word' id='word_1_466' title='bbox 906 4326 1117 4390; x_wconf 81' lang='grc' dir='ltr'>τούτοις</span> <span class='ocrx_word' id='word_1_467' title='bbox 1155 4327 1255 4396; x_wconf 85' lang='grc' dir='ltr'>τὴν</span> <span class='ocrx_word' id='word_1_468' title='bbox 1285 4326 1481 4395; x_wconf 63' lang='grc' dir='ltr'>ἄφοδον</span> <span class='ocrx_word' id='word_1_469' title='bbox 1509 4327 1605 4378; x_wconf 74' lang='grc' dir='ltr'><strong>ἐπὶ</strong></span> <span class='ocrx_word' id='word_1_470' title='bbox 1623 4327 1691 4379; x_wconf 83' lang='grc' dir='ltr'><strong>τὰ</strong></span> <span class='ocrx_word' id='word_1_471' title='bbox 1722 4326 1850 4394; x_wconf 87' lang='grc' dir='ltr'>σφέ-</span> 
     </span>
    </p>
   </div>
   <div class='ocr_carea' id='block_1_73' title="bbox 259 4419 1851 4490">
    <p class='ocr_par' dir='ltr' id='par_1_73' title="bbox 259 4419 1851 4490">
     <span class='ocr_line' id='line_1_75' title="bbox 259 4419 1851 4490; baseline 0.001 -19"><span class='ocrx_word' id='word_1_472' title='bbox 259 4435 402 4490; x_wconf 74' lang='grc' dir='ltr'>τερα</span> <span class='ocrx_word' id='word_1_473' title='bbox 423 4420 765 4490; x_wconf 80' lang='grc' dir='ltr'>ποιουμένοις</span> <span class='ocrx_word' id='word_1_474' title='bbox 794 4421 930 4490; x_wconf 76' lang='grc' dir='ltr'>πρὸς</span> <span class='ocrx_word' id='word_1_475' title='bbox 959 4419 1081 4490; x_wconf 80' lang='grc' dir='ltr'>βίας</span> <span class='ocrx_word' id='word_1_476' title='bbox 1111 4420 1200 4473; x_wconf 82' lang='grc' dir='ltr'><strong>τοῦ</strong></span> <span class='ocrx_word' id='word_1_477' title='bbox 1237 4419 1442 4473; x_wconf 79' lang='grc' dir='ltr'>οἰκείου</span> <span class='ocrx_word' id='word_1_478' title='bbox 1476 4419 1731 4490; x_wconf 80' lang='grc' dir='ltr'>στρατοῦ,</span> <span class='ocrx_word' id='word_1_479' title='bbox 1757 4421 1851 4473; x_wconf 68' lang='grc' dir='ltr'><strong>ἐπὶ</strong></span> 
     </span>
    </p>
   </div>
   <div class='ocr_carea' id='block_1_74' title="bbox 1953 3246 3545 3321">
    <p class='ocr_par' dir='ltr' id='par_1_74' title="bbox 1953 3246 3545 3321">
     <span class='ocr_line' id='line_1_76' title="bbox 1953 3246 3545 3321; baseline -0.005 -15"><span class='ocrx_word' id='word_1_480' title='bbox 1953 3251 2270 3321; x_wconf 85' lang='lat' dir='ltr'><strong>provincias</strong></span> <span class='ocrx_word' id='word_1_481' title='bbox 2329 3252 2706 3305; x_wconf 83' lang='lat' dir='ltr'><strong>Romanorum</strong></span> <span class='ocrx_word' id='word_1_482' title='bbox 2765 3248 3042 3303; x_wconf 85' lang='lat' dir='ltr'><strong>attriverit</strong></span> <span class='ocrx_word' id='word_1_483' title='bbox 3102 3246 3545 3310; x_wconf 83' lang='lat' dir='ltr'><strong>Alamundarus,</strong></span> 
     </span>
    </p>
   </div>
   <div class='ocr_carea' id='block_1_75' title="bbox 1956 3340 3544 3412">
    <p class='ocr_par' dir='ltr' id='par_1_75' title="bbox 1956 3340 3544 3412">
     <span class='ocr_line' id='line_1_77' title="bbox 1956 3340 3544 3412; baseline -0.003 -15"><span class='ocrx_word' id='word_1_484' title='bbox 1956 3345 2301 3402; x_wconf 84' lang='lat' dir='ltr'><strong>Scenitarum</strong></span> <span class='ocrx_word' id='word_1_485' title='bbox 2332 3345 2698 3399; x_wconf 88' lang='lat' dir='ltr'><strong>Barbarorum</strong></span> <span class='ocrx_word' id='word_1_486' title='bbox 2729 3342 2972 3412; x_wconf 88' lang='lat' dir='ltr'><strong>regulus.</strong></span> <span class='ocrx_word' id='word_1_487' title='bbox 3009 3340 3113 3407; x_wconf 83' lang='lat' dir='ltr'><strong>Qui</strong></span> <span class='ocrx_word' id='word_1_488' title='bbox 3149 3341 3315 3395; x_wconf 88' lang='lat' dir='ltr'><strong>etiam</strong></span> <span class='ocrx_word' id='word_1_489' title='bbox 3353 3340 3544 3394; x_wconf 90' lang='lat' dir='ltr'><strong>Timo-</strong></span> 
     </span>
    </p>
   </div>
   <div class='ocr_carea' id='block_1_76' title="bbox 1954 3419 3549 3492">
    <p class='ocr_par' dir='ltr' id='par_1_76' title="bbox 1954 3419 3549 3492">
     <span class='ocr_line' id='line_1_78' title="bbox 1954 3419 3549 3492; baseline -0.004 0"><span class='ocrx_word' id='word_1_490' title='bbox 1954 3446 2190 3492; x_wconf 88' lang='lat' dir='ltr'><strong>stratum</strong></span> <span class='ocrx_word' id='word_1_491' title='bbox 2241 3436 2426 3491; x_wconf 80' lang='lat' dir='ltr'><strong>Ruﬁni</strong></span> <span class='ocrx_word' id='word_1_492' title='bbox 2478 3419 2706 3490; x_wconf 77' lang='lat' dir='ltr'><strong>fratrem</strong></span> <span class='ocrx_word' id='word_1_493' title='bbox 2759 3450 2886 3488; x_wconf 90' lang='lat' dir='ltr'><strong>eum</strong></span> <span class='ocrx_word' id='word_1_494' title='bbox 2945 3434 3224 3488; x_wconf 87' lang='lat' dir='ltr'><strong>universis</strong></span> <span class='ocrx_word' id='word_1_495' title='bbox 3278 3432 3549 3486; x_wconf 82' lang='lat' dir='ltr'><strong>militibus</strong></span> 
     </span>
    </p>
   </div>
   <div class='ocr_carea' id='block_1_77' title="bbox 1953 3521 3547 3598">
    <p class='ocr_par' dir='ltr' id='par_1_77' title="bbox 1953 3521 3547 3598">
     <span class='ocr_line' id='line_1_79' title="bbox 1953 3521 3547 3598; baseline -0.004 -16"><span class='ocrx_word' id='word_1_496' title='bbox 1953 3543 2093 3598; x_wconf 91' lang='lat' dir='ltr'><strong>quos</strong></span> <span class='ocrx_word' id='word_1_497' title='bbox 2121 3527 2403 3590; x_wconf 85' lang='lat' dir='ltr'><strong>ductabat,</strong></span> <span class='ocrx_word' id='word_1_498' title='bbox 2434 3526 2620 3579; x_wconf 88' lang='lat' dir='ltr'><strong>vivum</strong></span> <span class='ocrx_word' id='word_1_499' title='bbox 2657 3525 2828 3594; x_wconf 85' lang='lat' dir='ltr'><strong>cepit,</strong></span> <span class='ocrx_word' id='word_1_500' title='bbox 2870 3539 3176 3596; x_wconf 88' lang='lat' dir='ltr'><strong>magnaque</strong></span> <span class='ocrx_word' id='word_1_501' title='bbox 3208 3521 3458 3592; x_wconf 70' lang='lat' dir='ltr'><strong>pecuniae</strong></span> <span class='ocrx_word' id='word_1_502' title='bbox 3495 3521 3547 3575; x_wconf 65' lang='lat' dir='ltr'><strong>vi</strong></span> 
     </span>
    </p>
   </div>
   <div class='ocr_carea' id='block_1_78' title="bbox 1953 3617 2866 3690">
    <p class='ocr_par' dir='ltr' id='par_1_78' title="bbox 1953 3617 2866 3690">
     <span class='ocr_line' id='line_1_80' title="bbox 1953 3617 2866 3690; baseline -0.007 -14"><span class='ocrx_word' id='word_1_503' title='bbox 1953 3629 2079 3690; x_wconf 86' lang='lat' dir='ltr'><strong>post</strong></span> <span class='ocrx_word' id='word_1_504' title='bbox 2111 3619 2228 3675; x_wconf 65' lang='lat' dir='ltr'><strong>haec</strong></span> <span class='ocrx_word' id='word_1_505' title='bbox 2255 3619 2602 3688; x_wconf 88' lang='lat' dir='ltr'><strong>redemptum</strong></span> <span class='ocrx_word' id='word_1_506' title='bbox 2633 3617 2866 3671; x_wconf 87' lang='lat' dir='ltr'><strong>dimisit.</strong></span> 
     </span>
    </p>
   </div>
   <div class='ocr_carea' id='block_1_79' title="bbox 2577 3817 2916 3874">
    <p class='ocr_par' dir='ltr' id='par_1_79' title="bbox 2577 3817 2916 3874">
     <span class='ocr_line' id='line_1_81' title="bbox 2577 3817 2916 3874; baseline -0.006 0"><span class='ocrx_word' id='word_1_507' title='bbox 2577 3817 2730 3874; x_wconf 85' lang='lat' dir='ltr'><strong>CAP.</strong></span> <span class='ocrx_word' id='word_1_508' title='bbox 2774 3818 2916 3873; x_wconf 80' lang='lat' dir='ltr'><strong>Xlll.</strong></span> 
     </span>
    </p>
   </div>
   <div class='ocr_carea' id='block_1_80' title="bbox 1954 3909 3542 3978">
    <p class='ocr_par' dir='ltr' id='par_1_80' title="bbox 1954 3909 3542 3978">
     <span class='ocr_line' id='line_1_82' title="bbox 1954 3909 3542 3978; baseline -0.004 -11"><span class='ocrx_word' id='word_1_509' title='bbox 1954 3912 2030 3967; x_wconf 85' lang='lat' dir='ltr'><strong>De</strong></span> <span class='ocrx_word' id='word_1_510' title='bbox 2056 3910 2428 3968; x_wconf 80' lang='lat' dir='ltr'><strong>Alamundaro</strong></span> <span class='ocrx_word' id='word_1_511' title='bbox 2453 3918 2502 3963; x_wconf 88' lang='lat' dir='ltr'><strong>et</strong></span> <span class='ocrx_word' id='word_1_512' title='bbox 2530 3911 2795 3964; x_wconf 70' lang='lat' dir='ltr'><strong>Azaretlzo</strong></span> <span class='ocrx_word' id='word_1_513' title='bbox 2822 3927 2839 3963; x_wconf 93' lang='lat'><em>:</em></span> <span class='ocrx_word' id='word_1_514' title='bbox 2861 3919 2909 3962; x_wconf 87' lang='lat' dir='ltr'><strong>et</strong></span> <span class='ocrx_word' id='word_1_515' title='bbox 2940 3909 3004 3962; x_wconf 76' lang='lat' dir='ltr'><strong>de</strong></span> <span class='ocrx_word' id='word_1_516' title='bbox 3027 3909 3286 3962; x_wconf 78' lang='lat' dir='ltr'><strong>seditione</strong></span> <span class='ocrx_word' id='word_1_517' title='bbox 3306 3924 3422 3978; x_wconf 67' lang='lat' dir='ltr'><strong>qum</strong></span> <span class='ocrx_word' id='word_1_518' title='bbox 3452 3925 3542 3962; x_wconf 90' lang='lat' dir='ltr'><strong>or-</strong></span> 
     </span>
    </p>
   </div>
   <div class='ocr_carea' id='block_1_81' title="bbox 2025 3979 3548 4105">
    <p class='ocr_par' dir='ltr' id='par_1_81' title="bbox 2025 3979 3548 4105">
     <span class='ocr_line' id='line_1_83' title="bbox 2025 3979 3548 4105; baseline -0.002 -70"><span class='ocrx_word' id='word_1_519' title='bbox 2025 3991 2094 4105; x_wconf 44' lang='grc' dir='ltr'>ἔρ,</span> <span class='ocrx_word' id='word_1_520' title='bbox 2111 3991 2186 4036; x_wconf 81' lang='lat' dir='ltr'><strong>est</strong></span> <span class='ocrx_word' id='word_1_521' title='bbox 2213 3981 2697 4050; x_wconf 76' lang='lat' dir='ltr'><strong>ConstantinOpoli,</strong></span> <span class='ocrx_word' id='word_1_522' title='bbox 2735 3981 2817 4032; x_wconf 83' lang='lat' dir='ltr'><strong>cui</strong></span> <span class='ocrx_word' id='word_1_523' title='bbox 2855 3997 3144 4050; x_wconf 85' lang='lat' dir='ltr'><strong>cognomen</strong></span> <span class='ocrx_word' id='word_1_524' title='bbox 3173 3981 3404 4033; x_wconf 81' lang='lat' dir='ltr'><strong>inditum</strong></span> <span class='ocrx_word' id='word_1_525' title='bbox 3445 3979 3548 4049; x_wconf 79' lang='lat' dir='ltr'><strong>fuit</strong></span> 
     </span>
     <span class='ocr_line' id='line_1_84' title="bbox 2081 4071 2190 4105; baseline 0 0"><span class='ocrx_word' id='word_1_526' title='bbox 2081 4071 2190 4105; x_wconf 88' lang='grc' dir='ltr'>ικα.</span> 
     </span>
    </p>
   </div>
   <div class='ocr_carea' id='block_1_82' title="bbox 2081 4071 2190 4106">
    <p class='ocr_par' dir='ltr' id='par_1_82' title="bbox 2081 4071 2190 4106">
     <span class='ocr_line' id='line_1_85' title="bbox 2081 4071 2190 4106; baseline 0.009 -1"><span class='ocrx_word' id='word_1_527' title='bbox 2081 4071 2190 4106; x_wconf 88' lang='grc' dir='ltr'>ικα.</span> 
     </span>
    </p>
   </div>
   <div class='ocr_carea' id='block_1_83' title="bbox 2026 4141 3546 4214">
    <p class='ocr_par' dir='ltr' id='par_1_83' title="bbox 2026 4141 3546 4214">
     <span class='ocr_line' id='line_1_86' title="bbox 2026 4141 3546 4214; baseline -0.003 -16"><span class='ocrx_word' id='word_1_528' title='bbox 2026 4145 2175 4198; x_wconf 90' lang='lat' dir='ltr'><strong>ldem</strong></span> <span class='ocrx_word' id='word_1_529' title='bbox 2211 4144 2516 4214; x_wconf 88' lang='lat' dir='ltr'><strong>supradicti</strong></span> <span class='ocrx_word' id='word_1_530' title='bbox 2549 4141 2912 4198; x_wconf 84' lang='lat' dir='ltr'><strong>Alamundari</strong></span> <span class='ocrx_word' id='word_1_531' title='bbox 2957 4152 3013 4198; x_wconf 90' lang='lat' dir='ltr'><strong>et</strong></span> <span class='ocrx_word' id='word_1_532' title='bbox 3052 4141 3312 4196; x_wconf 79' lang='lat' dir='ltr'><strong>Azarethi</strong></span> <span class='ocrx_word' id='word_1_533' title='bbox 3353 4141 3546 4195; x_wconf 90' lang='lat' dir='ltr'><strong>incur-</strong></span> 
     </span>
    </p>
   </div>
   <div class='ocr_carea' id='block_1_84' title="bbox 1956 4229 3547 4308">
    <p class='ocr_par' dir='ltr' id='par_1_84' title="bbox 1956 4229 3547 4308">
     <span class='ocr_line' id='line_1_87' title="bbox 1956 4229 3547 4308; baseline -0.004 -13"><span class='ocrx_word' id='word_1_534' title='bbox 1956 4239 2170 4295; x_wconf 86' lang='lat' dir='ltr'><strong>sionem</strong></span> <span class='ocrx_word' id='word_1_535' title='bbox 2198 4241 2251 4293; x_wconf 91' lang='lat' dir='ltr'><strong>in</strong></span> <span class='ocrx_word' id='word_1_536' title='bbox 2287 4239 2605 4308; x_wconf 89' lang='lat' dir='ltr'><strong>provincias</strong></span> <span class='ocrx_word' id='word_1_537' title='bbox 2630 4237 2850 4308; x_wconf 90' lang='lat' dir='ltr'><strong>imperii</strong></span> <span class='ocrx_word' id='word_1_538' title='bbox 2878 4237 3110 4292; x_wconf 80' lang='lat' dir='ltr'><strong>Romani</strong></span> <span class='ocrx_word' id='word_1_539' title='bbox 3142 4236 3423 4291; x_wconf 90' lang='lat' dir='ltr'><strong>luculente</strong></span> <span class='ocrx_word' id='word_1_540' title='bbox 3451 4229 3547 4290; x_wconf 86' lang='lat' dir='ltr'><strong>ad-</strong></span> 
     </span>
    </p>
   </div>
   <div class='ocr_carea' id='block_1_85' title="bbox 1957 4326 3547 4398">
    <p class='ocr_par' dir='ltr' id='par_1_85' title="bbox 1957 4326 3547 4398">
     <span class='ocr_line' id='line_1_88' title="bbox 1957 4326 3547 4398; baseline -0.002 -15"><span class='ocrx_word' id='word_1_541' title='bbox 1957 4329 2184 4383; x_wconf 88' lang='lat' dir='ltr'><strong>modum</strong></span> <span class='ocrx_word' id='word_1_542' title='bbox 2223 4338 2457 4383; x_wconf 87' lang='lat' dir='ltr'><strong>narrat:</strong></span> <span class='ocrx_word' id='word_1_543' title='bbox 2500 4339 2557 4384; x_wconf 86' lang='lat' dir='ltr'><strong>et</strong></span> <span class='ocrx_word' id='word_1_544' title='bbox 2585 4326 3055 4398; x_wconf 89' lang='lat' dir='ltr'><strong>quemadmodum</strong></span> <span class='ocrx_word' id='word_1_545' title='bbox 3100 4326 3403 4382; x_wconf 88' lang='lat' dir='ltr'><strong>Belisarius</strong></span> <span class='ocrx_word' id='word_1_546' title='bbox 3449 4341 3547 4380; x_wconf 80' lang='lat' dir='ltr'><strong>co-</strong></span> 
     </span>
    </p>
   </div>
   <div class='ocr_carea' id='block_1_86' title="bbox 1956 4420 3550 4493">
    <p class='ocr_par' dir='ltr' id='par_1_86' title="bbox 1956 4420 3550 4493">
     <span class='ocr_line' id='line_1_89' title="bbox 1956 4420 3550 4493; baseline -0.002 -16"><span class='ocrx_word' id='word_1_547' title='bbox 1956 4431 2120 4493; x_wconf 89' lang='lat' dir='ltr'><strong>gente</strong></span> <span class='ocrx_word' id='word_1_548' title='bbox 2150 4424 2332 4492; x_wconf 88' lang='lat' dir='ltr'><strong>ipsum</strong></span> <span class='ocrx_word' id='word_1_549' title='bbox 2360 4423 2631 4486; x_wconf 77' lang='lat' dir='ltr'><strong>exercitu,</strong></span> <span class='ocrx_word' id='word_1_550' title='bbox 2648 4437 2745 4476; x_wconf 86' lang='lat' dir='ltr'><strong>eos</strong></span> <span class='ocrx_word' id='word_1_551' title='bbox 2763 4421 2815 4474; x_wconf 88' lang='lat' dir='ltr'><strong>in</strong></span> <span class='ocrx_word' id='word_1_552' title='bbox 2834 4420 3114 4491; x_wconf 77' lang='lat' dir='ltr'><strong>regionem</strong></span> <span class='ocrx_word' id='word_1_553' title='bbox 3137 4436 3290 4475; x_wconf 89' lang='lat' dir='ltr'><strong>suam</strong></span> <span class='ocrx_word' id='word_1_554' title='bbox 3312 4420 3550 4476; x_wconf 86' lang='lat' dir='ltr'><strong>redeun-</strong></span> 
     </span>
    </p>
   </div>
   <div class='ocr_carea' id='block_1_87' title="bbox 1566 4555 2246 4613">
    <p class='ocr_par' dir='ltr' id='par_1_87' title="bbox 1566 4555 2246 4613">
     <span class='ocr_line' id='line_1_90' title="bbox 1566 4555 2246 4613; baseline 0.013 -10"><span class='ocrx_word' id='word_1_555' title='bbox 1566 4555 1798 4612; x_wconf 66' lang='grc' dir='ltr'><strong>νΑΒῐίΕ</strong></span> <span class='ocrx_word' id='word_1_556' title='bbox 1842 4555 2246 4613; x_wconf 76' lang='lat' dir='ltr'><strong>LEC&#39;I‘IONES.</strong></span> 
     </span>
    </p>
   </div>
   <div class='ocr_carea' id='block_1_88' title="bbox 341 4650 901 4708">
    <p class='ocr_par' dir='ltr' id='par_1_88' title="bbox 341 4650 901 4708">
     <span class='ocr_line' id='line_1_91' title="bbox 341 4650 901 4708; baseline -0.009 2"><span class='ocrx_word' id='word_1_557' title='bbox 341 4655 390 4688; x_wconf 85' lang='grc'><strong>⁸⁸</strong></span> <span class='ocrx_word' id='word_1_558' title='bbox 415 4652 476 4708; x_wconf 89' lang='lat' dir='ltr'><strong>C.</strong></span> <span class='ocrx_word' id='word_1_559' title='bbox 504 4652 566 4708; x_wconf 91' lang='lat' dir='ltr'><strong>C.</strong></span> <span class='ocrx_word' id='word_1_560' title='bbox 602 4650 901 4706; x_wconf 73' lang='grc' dir='ltr'>ἐπιδοῦναι.</span> 
     </span>
    </p>
   </div>
   <div class='ocr_carea' id='block_1_89' title="bbox 1481 4765 2350 4824">
    <p class='ocr_par' dir='ltr' id='par_1_89' title="bbox 1481 4765 2350 4824">
     <span class='ocr_line' id='line_1_92' title="bbox 1481 4765 2350 4824; baseline -0.003 -4"><span class='ocrx_word' id='word_1_561' title='bbox 1481 4765 1756 4821; x_wconf 78' lang='lat' dir='ltr'><strong>VALESII</strong></span> <span class='ocrx_word' id='word_1_562' title='bbox 1791 4766 2240 4824; x_wconf 81' lang='lat' dir='ltr'><strong>ANNOTATION</strong></span> <span class='ocrx_word' id='word_1_563' title='bbox 2250 4769 2350 4823; x_wconf 87' lang='lat' dir='ltr'><strong>ES.</strong></span> 
     </span>
    </p>
   </div>
   <div class='ocr_carea' id='block_1_90' title="bbox 266 4879 1856 4961">
    <p class='ocr_par' dir='ltr' id='par_1_90' title="bbox 266 4879 1856 4961">
     <span class='ocr_line' id='line_1_93' title="bbox 266 4879 1856 4961; baseline -0.008 -18"><span class='ocrx_word' id='word_1_564' title='bbox 266 4903 488 4961; x_wconf 83' lang='lat' dir='ltr'><strong>porum.</strong></span> <span class='ocrx_word' id='word_1_565' title='bbox 527 4886 689 4961; x_wconf 69' lang='lat' dir='ltr'><strong>Tenet</strong></span> <span class='ocrx_word' id='word_1_566' title='bbox 730 4885 870 4961; x_wconf 71' lang='lat' dir='ltr'><strong>enim</strong></span> <span class='ocrx_word' id='word_1_567' title='bbox 901 4884 1064 4937; x_wconf 79' lang='lat' dir='ltr'><strong>vicem</strong></span> <span class='ocrx_word' id='word_1_568' title='bbox 1107 4879 1477 4961; x_wconf 64' lang='lat' dir='ltr'><strong>apostolicam,</strong></span> <span class='ocrx_word' id='word_1_569' title='bbox 1518 4891 1567 4933; x_wconf 84' lang='lat' dir='ltr'><strong>et</strong></span> <span class='ocrx_word' id='word_1_570' title='bbox 1609 4881 1856 4949; x_wconf 68' lang='lat' dir='ltr'><strong>prmidet</strong></span> 
     </span>
    </p>
   </div>
   <div class='ocr_carea' id='block_1_91' title="bbox 268 4952 1331 5026">
    <p class='ocr_par' dir='ltr' id='par_1_91' title="bbox 268 4952 1331 5026">
     <span class='ocr_line' id='line_1_94' title="bbox 268 4952 1331 5026; baseline -0.01 -11"><span class='ocrx_word' id='word_1_571' title='bbox 268 4952 387 5015; x_wconf 68' lang='lat' dir='ltr'><strong>iam</strong></span> <span class='ocrx_word' id='word_1_572' title='bbox 420 4955 850 5026; x_wconf 57' lang='grc' dir='ltr'><strong>ἠεινοροίίιιιιιίεΔ</strong></span> <span class='ocrx_word' id='word_1_573' title='bbox 868 4952 1331 5026; x_wconf 38' lang='grc' dir='ltr'>φιαιιι-ςρίεσορὶε.</span> 
     </span>
    </p>
   </div>
   <div class='ocr_carea' id='block_1_92' title="bbox 344 5019 1852 5098">
    <p class='ocr_par' dir='ltr' id='par_1_92' title="bbox 344 5019 1852 5098">
     <span class='ocr_line' id='line_1_95' title="bbox 344 5019 1852 5098; baseline -0.006 -16"><span class='ocrx_word' id='word_1_574' title='bbox 344 5029 458 5098; x_wconf 77' lang='grc' dir='ltr'>(ιη</span> <span class='ocrx_word' id='word_1_575' title='bbox 495 5019 788 5098; x_wconf 56' lang='lat' dir='ltr'><strong>Boii/teme</strong></span> <span class='ocrx_word' id='word_1_576' title='bbox 817 5019 993 5098; x_wconf 67' lang='grc' dir='ltr'>ῶὰτᾳ.</span> <span class='ocrx_word' id='word_1_577' title='bbox 1036 5019 1156 5077; x_wconf 80' lang='lat' dir='ltr'><strong>Non</strong></span> <span class='ocrx_word' id='word_1_578' title='bbox 1177 5019 1367 5098; x_wconf 72' lang='lat' dir='ltr'><strong>placet</strong></span> <span class='ocrx_word' id='word_1_579' title='bbox 1398 5021 1717 5098; x_wconf 76' lang='lat' dir='ltr'><strong>conjectura</strong></span> <span class='ocrx_word' id='word_1_580' title='bbox 1754 5019 1852 5074; x_wconf 61' lang='lat' dir='ltr'><strong>do.</strong></span> 
     </span>
    </p>
   </div>
   <div class='ocr_carea' id='block_1_93' title="bbox 269 5091 1853 5163">
    <p class='ocr_par' dir='ltr' id='par_1_93' title="bbox 269 5091 1853 5163">
     <span class='ocr_line' id='line_1_96' title="bbox 269 5091 1853 5163; baseline -0.007 -8"><span class='ocrx_word' id='word_1_581' title='bbox 269 5091 491 5155; x_wconf 74' lang='lat' dir='ltr'><strong>ciorum</strong></span> <span class='ocrx_word' id='word_1_582' title='bbox 539 5097 811 5158; x_wconf 88' lang='lat' dir='ltr'><strong>virorum,</strong></span> <span class='ocrx_word' id='word_1_583' title='bbox 865 5093 961 5163; x_wconf 90' lang='lat' dir='ltr'><strong>qui</strong></span> <span class='ocrx_word' id='word_1_584' title='bbox 1015 5108 1121 5162; x_wconf 85' lang='lat' dir='ltr'><strong>pro</strong></span> <span class='ocrx_word' id='word_1_585' title='bbox 1171 5091 1422 5162; x_wconf 80' lang='grc' dir='ltr'>βούλεται</span> <span class='ocrx_word' id='word_1_586' title='bbox 1480 5091 1853 5144; x_wconf 87' lang='lat' dir='ltr'><strong>emendarunt</strong></span> 
     </span>
    </p>
   </div>
   <div class='ocr_carea' id='block_1_94' title="bbox 1968 4869 3550 4955">
    <p class='ocr_par' dir='ltr' id='par_1_94' title="bbox 1968 4869 3550 4955">
     <span class='ocr_line' id='line_1_97' title="bbox 1968 4869 3550 4955; baseline 0.006 -21"><span class='ocrx_word' id='word_1_587' title='bbox 1968 4881 2303 4955; x_wconf 69' lang='grc' dir='ltr'>βουλεύεται.</span> <span class='ocrx_word' id='word_1_588' title='bbox 2325 4883 2516 4955; x_wconf 80' lang='lat' dir='ltr'><strong>Neque</strong></span> <span class='ocrx_word' id='word_1_589' title='bbox 2548 4884 2697 4955; x_wconf 84' lang='lat' dir='ltr'><strong>enim</strong></span> <span class='ocrx_word' id='word_1_590' title='bbox 2726 4883 2918 4955; x_wconf 59' lang='lat' dir='ltr'><strong>Graece</strong></span> <span class='ocrx_word' id='word_1_591' title='bbox 2943 4869 3053 4938; x_wconf 89' lang='lat' dir='ltr'><strong>dici</strong></span> <span class='ocrx_word' id='word_1_592' title='bbox 3085 4896 3265 4952; x_wconf 77' lang='lat' dir='ltr'><strong>potest</strong></span> <span class='ocrx_word' id='word_1_593' title='bbox 3296 4886 3550 4955; x_wconf 69' lang='grc' dir='ltr'>βουλεύει</span> 
     </span>
    </p>
   </div>
   <div class='ocr_carea' id='block_1_95' title="bbox 1962 4952 3550 5029">
    <p class='ocr_par' dir='ltr' id='par_1_95' title="bbox 1962 4952 3550 5029">
     <span class='ocr_line' id='line_1_98' title="bbox 1962 4952 3550 5029; baseline 0.005 -24"><span class='ocrx_word' id='word_1_594' title='bbox 1962 4969 2051 5029; x_wconf 73' lang='grc' dir='ltr'><strong>τᾳι</strong></span> <span class='ocrx_word' id='word_1_595' title='bbox 2085 4952 2246 5029; x_wconf 76' lang='grc' dir='ltr'>ῷστε.</span> <span class='ocrx_word' id='word_1_596' title='bbox 2270 4965 2379 5008; x_wconf 88' lang='lat' dir='ltr'><strong>etc.</strong></span> <span class='ocrx_word' id='word_1_597' title='bbox 2409 4953 2841 5029; x_wconf 61' lang='lat' dir='ltr'><strong>Nicephorusin</strong></span> <span class='ocrx_word' id='word_1_598' title='bbox 2880 4956 2978 5029; x_wconf 81' lang='lat' dir='ltr'><strong>lib.</strong></span> <span class='ocrx_word' id='word_1_599' title='bbox 3014 4971 3140 5029; x_wconf 66' lang='lat' dir='ltr'><strong>xru,</strong></span> <span class='ocrx_word' id='word_1_600' title='bbox 3169 4952 3306 5026; x_wconf 46' lang='lat' dir='ltr'><strong>capJ</strong></span> <span class='ocrx_word' id='word_1_601' title='bbox 3333 4957 3414 5019; x_wconf 87' lang='grc'><strong>10,</strong></span> <span class='ocrx_word' id='word_1_602' title='bbox 3449 4976 3550 5029; x_wconf 87' lang='lat' dir='ltr'><strong>pro</strong></span> 
     </span>
    </p>
   </div>
   <div class='ocr_carea' id='block_1_96' title="bbox 1963 5022 3551 5147">
    <p class='ocr_par' dir='ltr' id='par_1_96' title="bbox 1963 5022 3551 5147">
     <span class='ocr_line' id='line_1_99' title="bbox 1963 5022 3551 5144; baseline 0.006 -68"><span class='ocrx_word' id='word_1_603' title='bbox 1963 5022 2050 5144; x_wconf 66' lang='lat' dir='ltr'><strong>blis</strong></span> <span class='ocrx_word' id='word_1_604' title='bbox 2087 5023 2307 5077; x_wconf 87' lang='lat' dir='ltr'><strong>duobus</strong></span> <span class='ocrx_word' id='word_1_605' title='bbox 2341 5025 2628 5078; x_wconf 81' lang='lat' dir='ltr'><strong>vocabulis</strong></span> <span class='ocrx_word' id='word_1_606' title='bbox 2681 5025 2848 5079; x_wconf 83' lang='lat' dir='ltr'><strong>habet</strong></span> <span class='ocrx_word' id='word_1_607' title='bbox 2885 5027 3160 5092; x_wconf 80' lang='grc' dir='ltr'>διενοεῖτο,</span> <span class='ocrx_word' id='word_1_608' title='bbox 3199 5022 3344 5098; x_wconf 81' lang='lat' dir='ltr'><strong>quod</strong></span> <span class='ocrx_word' id='word_1_609' title='bbox 3378 5022 3551 5101; x_wconf 68' lang='lat' dir='ltr'><strong>magis</strong></span> 
     </span>
     <span class='ocr_line' id='line_1_100' title="bbox 1963 5102 2163 5147; baseline -0.005 0"><span class='ocrx_word' id='word_1_610' title='bbox 1963 5108 1996 5147; x_wconf 86' lang='grc' dir='ltr'>ι)</span> <span class='ocrx_word' id='word_1_611' title='bbox 2019 5102 2163 5147; x_wconf 78' lang='lat' dir='ltr'><strong>aret.</strong></span> 
     </span>
    </p>
   </div>
   <div class='ocr_carea' id='block_1_97' title="bbox 1961 5108 2163 5162">
    <p class='ocr_par' dir='ltr' id='par_1_97' title="bbox 1961 5108 2163 5162">
     <span class='ocr_line' id='line_1_101' title="bbox 1961 5108 2163 5162; baseline 0.01 -18"><span class='ocrx_word' id='word_1_612' title='bbox 1961 5108 2163 5162; x_wconf 77' lang='lat' dir='ltr'><strong>placet.</strong></span> 
     </span>
    </p>
   </div>
   <div class='ocr_carea' id='block_1_98' title="bbox 1717 5234 2101 5292">
    <p class='ocr_par' dir='ltr' id='par_1_98' title="bbox 1717 5234 2101 5292">
     <span class='ocr_line' id='line_1_102' title="bbox 1717 5234 2101 5292; baseline 0 -2"><span class='ocrx_word' id='word_1_613' title='bbox 1717 5234 2101 5292; x_wconf 75' lang='lat' dir='ltr'><strong>VARIORUM.</strong></span> 
     </span>
    </p>
   </div>
   <div class='ocr_carea' id='block_1_99' title="bbox 342 5325 1856 5398">
    <p class='ocr_par' dir='ltr' id='par_1_99' title="bbox 342 5325 1856 5398">
     <span class='ocr_line' id='line_1_103' title="bbox 342 5325 1856 5398; baseline 0 -18"><span class='ocrx_word' id='word_1_614' title='bbox 342 5326 412 5396; x_wconf 78' lang='grc' dir='ltr'>(ε)</span> <span class='ocrx_word' id='word_1_615' title='bbox 451 5328 610 5398; x_wconf 70' lang='grc' dir='ltr'>Κατὰ</span> <span class='ocrx_word' id='word_1_616' title='bbox 637 5325 1062 5398; x_wconf 69' lang='grc' dir='ltr'>Βελισσὰριον.</span> <span class='ocrx_word' id='word_1_617' title='bbox 1100 5326 1330 5380; x_wconf 80' lang='lat' dir='ltr'><strong>Ducebat</strong></span> <span class='ocrx_word' id='word_1_618' title='bbox 1370 5326 1660 5398; x_wconf 79' lang='lat' dir='ltr'><strong>Belisurius</strong></span> <span class='ocrx_word' id='word_1_619' title='bbox 1695 5329 1856 5398; x_wconf 82' lang='lat' dir='ltr'><strong>origi-</strong></span> 
     </span>
    </p>
   </div>
   <div class='ocr_carea' id='block_1_100' title="bbox 268 5396 1854 5468">
    <p class='ocr_par' dir='ltr' id='par_1_100' title="bbox 268 5396 1854 5468">
     <span class='ocr_line' id='line_1_104' title="bbox 268 5396 1854 5468; baseline -0.002 -14"><span class='ocrx_word' id='word_1_620' title='bbox 268 5414 395 5454; x_wconf 81' lang='lat' dir='ltr'><strong>nem</strong></span> <span class='ocrx_word' id='word_1_621' title='bbox 424 5413 489 5450; x_wconf 70' lang='lat' dir='ltr'><strong>ex</strong></span> <span class='ocrx_word' id='word_1_622' title='bbox 526 5396 813 5453; x_wconf 78' lang='lat' dir='ltr'><strong>Germania</strong></span> <span class='ocrx_word' id='word_1_623' title='bbox 839 5413 958 5464; x_wconf 72' lang='lat' dir='ltr'><strong>qum</strong></span> <span class='ocrx_word' id='word_1_624' title='bbox 993 5399 1138 5468; x_wconf 72' lang='lat' dir='ltr'><strong>inter</strong></span> <span class='ocrx_word' id='word_1_625' title='bbox 1173 5398 1402 5468; x_wconf 73' lang='lat' dir='ltr'><strong>Thracas</strong></span> <span class='ocrx_word' id='word_1_626' title='bbox 1427 5406 1476 5450; x_wconf 87' lang='lat' dir='ltr'><strong>et</strong></span> <span class='ocrx_word' id='word_1_627' title='bbox 1509 5397 1721 5468; x_wconf 73' lang='lat' dir='ltr'><strong>&quot;tyrios</strong></span> <span class='ocrx_word' id='word_1_628' title='bbox 1751 5396 1854 5452; x_wconf 73' lang='lat' dir='ltr'><strong>sita</strong></span> 
     </span>
    </p>
   </div>
   <div class='ocr_carea' id='block_1_101' title="bbox 268 5467 1852 5550">
    <p class='ocr_par' dir='ltr' id='par_1_101' title="bbox 268 5467 1852 5550">
     <span class='ocr_line' id='line_1_105' title="bbox 268 5467 1852 5550; baseline 0.001 -29"><span class='ocrx_word' id='word_1_629' title='bbox 268 5476 369 5550; x_wconf 53' lang='lat' dir='ltr'><strong>est,</strong></span> <span class='ocrx_word' id='word_1_630' title='bbox 406 5468 591 5550; x_wconf 87' lang='lat' dir='ltr'><strong>inquit</strong></span> <span class='ocrx_word' id='word_1_631' title='bbox 615 5467 956 5550; x_wconf 56' lang='lat' dir='ltr'><strong>Procopius,</strong></span> <span class='ocrx_word' id='word_1_632' title='bbox 991 5467 1134 5550; x_wconf 40' lang='lat' dir='ltr'><strong>libﬂ</strong></span> <span class='ocrx_word' id='word_1_633' title='bbox 1170 5467 1395 5550; x_wconf 44' lang='lat' dir='ltr'><strong>.Va‘r‘tdaj.</strong></span> <span class='ocrx_word' id='word_1_634' title='bbox 1421 5483 1553 5550; x_wconf 71' lang='lat' dir='ltr'><strong>cap.</strong></span> <span class='ocrx_word' id='word_1_635' title='bbox 1583 5467 1669 5550; x_wconf 66' lang='grc' dir='ltr'>ιι.</span> <span class='ocrx_word' id='word_1_636' title='bbox 1704 5469 1852 5550; x_wconf 76' lang='lat' dir='ltr'><strong>Idem</strong></span> 
     </span>
    </p>
   </div>
   <div class='ocr_carea' id='block_1_102' title="bbox 269 5537 1855 5609">
    <p class='ocr_par' dir='ltr' id='par_1_102' title="bbox 269 5537 1855 5609">
     <span class='ocr_line' id='line_1_106' title="bbox 269 5537 1855 5609; baseline 0.001 -16"><span class='ocrx_word' id='word_1_637' title='bbox 269 5537 572 5609; x_wconf 83' lang='lat' dir='ltr'><strong>Procopius</strong></span> <span class='ocrx_word' id='word_1_638' title='bbox 613 5537 775 5592; x_wconf 86' lang='lat' dir='ltr'><strong>initio</strong></span> <span class='ocrx_word' id='word_1_639' title='bbox 807 5538 933 5609; x_wconf 86' lang='lat' dir='ltr'><strong>libri</strong></span> <span class='ocrx_word' id='word_1_640' title='bbox 965 5554 1021 5609; x_wconf 85' lang='grc' dir='ltr'><strong>ιιι</strong></span> <span class='ocrx_word' id='word_1_641' title='bbox 1063 5537 1140 5590; x_wconf 82' lang='lat' dir='ltr'><strong>De</strong></span> <span class='ocrx_word' id='word_1_642' title='bbox 1168 5538 1305 5591; x_wconf 83' lang='lat' dir='ltr'><strong>bello</strong></span> <span class='ocrx_word' id='word_1_643' title='bbox 1335 5537 1710 5593; x_wconf 53' lang='lat' dir='ltr'><strong>Gal/rflaudes</strong></span> <span class='ocrx_word' id='word_1_644' title='bbox 1736 5539 1855 5609; x_wconf 84' lang='lat' dir='ltr'><strong>ejus</strong></span> 
     </span>
    </p>
   </div>
   <div class='ocr_carea' id='block_1_103' title="bbox 268 5607 1855 5678">
    <p class='ocr_par' dir='ltr' id='par_1_103' title="bbox 268 5607 1855 5678">
     <span class='ocr_line' id='line_1_107' title="bbox 268 5607 1855 5678; baseline 0.003 -18"><span class='ocrx_word' id='word_1_645' title='bbox 268 5608 528 5678; x_wconf 82' lang='lat' dir='ltr'><strong>pluribus</strong></span> <span class='ocrx_word' id='word_1_646' title='bbox 571 5607 946 5678; x_wconf 85' lang='lat' dir='ltr'><strong>persequitur,</strong></span> <span class='ocrx_word' id='word_1_647' title='bbox 977 5608 1166 5677; x_wconf 89' lang='lat' dir='ltr'><strong>aitque</strong></span> <span class='ocrx_word' id='word_1_648' title='bbox 1187 5609 1486 5678; x_wconf 68' lang='lat' dir='ltr'><strong>prteditum</strong></span> <span class='ocrx_word' id='word_1_649' title='bbox 1523 5623 1649 5662; x_wconf 91' lang='lat' dir='ltr'><strong>eum</strong></span> <span class='ocrx_word' id='word_1_650' title='bbox 1681 5607 1855 5664; x_wconf 73' lang='lat' dir='ltr'><strong>fuisse</strong></span> 
     </span>
    </p>
   </div>
   <div class='ocr_carea' id='block_1_104' title="bbox 269 5676 1854 5747">
    <p class='ocr_par' dir='ltr' id='par_1_104' title="bbox 269 5676 1854 5747">
     <span class='ocr_line' id='line_1_108' title="bbox 269 5676 1854 5747; baseline 0.001 -16"><span class='ocrx_word' id='word_1_651' title='bbox 269 5676 540 5747; x_wconf 74' lang='lat' dir='ltr'><strong>singulari</strong></span> <span class='ocrx_word' id='word_1_652' title='bbox 574 5676 972 5747; x_wconf 77' lang='lat' dir='ltr'><strong>continentia,</strong></span> <span class='ocrx_word' id='word_1_653' title='bbox 1006 5676 1384 5732; x_wconf 80' lang='lat' dir='ltr'><strong>muniﬁcentia</strong></span> <span class='ocrx_word' id='word_1_654' title='bbox 1418 5681 1474 5732; x_wconf 91' lang='lat' dir='ltr'><strong>in</strong></span> <span class='ocrx_word' id='word_1_655' title='bbox 1521 5679 1745 5742; x_wconf 87' lang='lat' dir='ltr'><strong>milites,</strong></span> <span class='ocrx_word' id='word_1_656' title='bbox 1797 5679 1854 5732; x_wconf 92' lang='lat' dir='ltr'><strong>in</strong></span> 
     </span>
    </p>
   </div>
   <div class='ocr_carea' id='block_1_105' title="bbox 273 5746 1856 5817">
    <p class='ocr_par' dir='ltr' id='par_1_105' title="bbox 273 5746 1856 5817">
     <span class='ocr_line' id='line_1_109' title="bbox 273 5746 1856 5817; baseline 0.003 -17"><span class='ocrx_word' id='word_1_657' title='bbox 273 5746 446 5802; x_wconf 85' lang='lat' dir='ltr'><strong>rebus</strong></span> <span class='ocrx_word' id='word_1_658' title='bbox 491 5747 752 5801; x_wconf 87' lang='lat' dir='ltr'><strong>omnibus</strong></span> <span class='ocrx_word' id='word_1_659' title='bbox 786 5746 1050 5813; x_wconf 87' lang='lat' dir='ltr'><strong>solertia;</strong></span> <span class='ocrx_word' id='word_1_660' title='bbox 1087 5749 1142 5801; x_wconf 93' lang='lat' dir='ltr'><strong>in</strong></span> <span class='ocrx_word' id='word_1_661' title='bbox 1185 5747 1434 5802; x_wconf 89' lang='lat' dir='ltr'><strong>adversis</strong></span> <span class='ocrx_word' id='word_1_662' title='bbox 1486 5749 1856 5817; x_wconf 85' lang='lat' dir='ltr'><strong>imperturba-</strong></span> 
     </span>
    </p>
   </div>
   <div class='ocr_carea' id='block_1_106' title="bbox 275 5817 1850 5890">
    <p class='ocr_par' dir='ltr' id='par_1_106' title="bbox 275 5817 1850 5890">
     <span class='ocr_line' id='line_1_110' title="bbox 275 5817 1850 5890; baseline 0 -17"><span class='ocrx_word' id='word_1_663' title='bbox 275 5826 394 5873; x_wconf 79' lang='grc' dir='ltr'>ιιιιη</span> <span class='ocrx_word' id='word_1_664' title='bbox 441 5818 686 5873; x_wconf 86' lang='lat' dir='ltr'><strong>animum</strong></span> <span class='ocrx_word' id='word_1_665' title='bbox 751 5817 1096 5884; x_wconf 82' lang='lat' dir='ltr'><strong>ostendisse,</strong></span> <span class='ocrx_word' id='word_1_666' title='bbox 1145 5818 1200 5872; x_wconf 87' lang='lat' dir='ltr'><strong>in</strong></span> <span class='ocrx_word' id='word_1_667' title='bbox 1261 5819 1544 5890; x_wconf 82' lang='lat' dir='ltr'><strong>prosperis</strong></span> <span class='ocrx_word' id='word_1_668' title='bbox 1591 5818 1850 5889; x_wconf 84' lang='lat' dir='ltr'><strong>superbia</strong></span> 
     </span>
    </p>
   </div>
   <div class='ocr_carea' id='block_1_107' title="bbox 1966 5330 3550 5400">
    <p class='ocr_par' dir='ltr' id='par_1_107' title="bbox 1966 5330 3550 5400">
     <span class='ocr_line' id='line_1_111' title="bbox 1966 5330 3550 5400; baseline 0.003 -17"><span class='ocrx_word' id='word_1_669' title='bbox 1966 5345 2074 5384; x_wconf 90' lang='lat' dir='ltr'><strong>non</strong></span> <span class='ocrx_word' id='word_1_670' title='bbox 2116 5330 2342 5384; x_wconf 86' lang='lat' dir='ltr'><strong>elatum.</strong></span> <span class='ocrx_word' id='word_1_671' title='bbox 2387 5331 2573 5385; x_wconf 64' lang='lat' dir='ltr'><strong>(Multa</strong></span> <span class='ocrx_word' id='word_1_672' title='bbox 2607 5333 2674 5386; x_wconf 85' lang='lat' dir='ltr'><strong>de</strong></span> <span class='ocrx_word' id='word_1_673' title='bbox 2719 5332 2981 5385; x_wconf 80' lang='lat' dir='ltr'><strong>Bclisario</strong></span> <span class='ocrx_word' id='word_1_674' title='bbox 3028 5331 3325 5400; x_wconf 72' lang='lat' dir='ltr'><strong>descripsit</strong></span> <span class='ocrx_word' id='word_1_675' title='bbox 3353 5333 3550 5388; x_wconf 62' lang='lat' dir='ltr'><strong>Suidas</strong></span> 
     </span>
    </p>
   </div>
   <div class='ocr_carea' id='block_1_108' title="bbox 1963 5403 3549 5472">
    <p class='ocr_par' dir='ltr' id='par_1_108' title="bbox 1963 5403 3549 5472">
     <span class='ocr_line' id='line_1_112' title="bbox 1963 5403 3549 5472; baseline 0.003 -19"><span class='ocrx_word' id='word_1_676' title='bbox 1963 5411 2388 5472; x_wconf 12' lang='lat' dir='ltr'><strong>exirmcmorato</strong></span> <span class='ocrx_word' id='word_1_677' title='bbox 2441 5403 2694 5471; x_wconf 88' lang='lat' dir='ltr'><strong>Procopii</strong></span> <span class='ocrx_word' id='word_1_678' title='bbox 2737 5403 2926 5472; x_wconf 91' lang='lat' dir='ltr'><strong>libro.)</strong></span> <span class='ocrx_word' id='word_1_679' title='bbox 2960 5403 3549 5458; x_wconf 58' lang='lat' dir='ltr'><strong>Cteterumcxcmcatio</strong></span> 
     </span>
    </p>
   </div>
   <div class='ocr_carea' id='block_1_109' title="bbox 1966 5470 3547 5542">
    <p class='ocr_par' dir='ltr' id='par_1_109' title="bbox 1966 5470 3547 5542">
     <span class='ocr_line' id='line_1_113' title="bbox 1966 5470 3547 5542; baseline 0.003 -18"><span class='ocrx_word' id='word_1_680' title='bbox 1966 5470 2235 5527; x_wconf 88' lang='lat' dir='ltr'><strong>Belisarii.</strong></span> <span class='ocrx_word' id='word_1_681' title='bbox 2258 5473 2608 5542; x_wconf 84' lang='lat' dir='ltr'><strong>eleemosyua</strong></span> <span class='ocrx_word' id='word_1_682' title='bbox 2629 5470 2700 5525; x_wconf 80' lang='lat' dir='ltr'><strong>ab</strong></span> <span class='ocrx_word' id='word_1_683' title='bbox 2722 5488 2789 5526; x_wconf 87' lang='lat' dir='ltr'><strong>eo</strong></span> <span class='ocrx_word' id='word_1_684' title='bbox 2819 5470 3012 5541; x_wconf 86' lang='lat' dir='ltr'><strong>petita,</strong></span> <span class='ocrx_word' id='word_1_685' title='bbox 3035 5474 3252 5542; x_wconf 87' lang='lat' dir='ltr'><strong>aliaque</strong></span> <span class='ocrx_word' id='word_1_686' title='bbox 3283 5473 3334 5526; x_wconf 83' lang='lat' dir='ltr'><strong>id</strong></span> <span class='ocrx_word' id='word_1_687' title='bbox 3352 5488 3547 5541; x_wconf 85' lang='lat' dir='ltr'><strong>genus,</strong></span> 
     </span>
    </p>
   </div>
   <div class='ocr_carea' id='block_1_110' title="bbox 1963 5541 3550 5611">
    <p class='ocr_par' dir='ltr' id='par_1_110' title="bbox 1963 5541 3550 5611">
     <span class='ocr_line' id='line_1_114' title="bbox 1963 5541 3550 5611; baseline 0.001 -17"><span class='ocrx_word' id='word_1_688' title='bbox 1963 5557 2087 5610; x_wconf 76' lang='lat' dir='ltr'><strong>qua:</strong></span> <span class='ocrx_word' id='word_1_689' title='bbox 2128 5556 2195 5595; x_wconf 83' lang='lat' dir='ltr'><strong>ex</strong></span> <span class='ocrx_word' id='word_1_690' title='bbox 2226 5541 2436 5596; x_wconf 84' lang='lat' dir='ltr'><strong>Joanne</strong></span> <span class='ocrx_word' id='word_1_691' title='bbox 2485 5541 2684 5597; x_wconf 83' lang='lat' dir='ltr'><strong>Tzetze</strong></span> <span class='ocrx_word' id='word_1_692' title='bbox 2726 5556 2883 5611; x_wconf 86' lang='lat' dir='ltr'><strong>poeta</strong></span> <span class='ocrx_word' id='word_1_693' title='bbox 2927 5543 3138 5605; x_wconf 64' lang='lat' dir='ltr'><strong>Grmco,</strong></span> <span class='ocrx_word' id='word_1_694' title='bbox 3173 5544 3403 5609; x_wconf 87' lang='lat' dir='ltr'><strong>aliisque</strong></span> <span class='ocrx_word' id='word_1_695' title='bbox 3461 5559 3550 5596; x_wconf 82' lang='lat' dir='ltr'><strong>re-</strong></span> 
     </span>
    </p>
   </div>
   <div class='ocr_carea' id='block_1_111' title="bbox 1964 5612 3552 5679">
    <p class='ocr_par' dir='ltr' id='par_1_111' title="bbox 1964 5612 3552 5679">
     <span class='ocr_line' id='line_1_115' title="bbox 1964 5612 3552 5679; baseline 0 -14"><span class='ocrx_word' id='word_1_696' title='bbox 1964 5612 2307 5666; x_wconf 90' lang='lat' dir='ltr'><strong>centioribus</strong></span> <span class='ocrx_word' id='word_1_697' title='bbox 2354 5614 2628 5667; x_wconf 85' lang='lat' dir='ltr'><strong>Baronius</strong></span> <span class='ocrx_word' id='word_1_698' title='bbox 2666 5614 2882 5678; x_wconf 90' lang='lat' dir='ltr'><strong>recitat,</strong></span> <span class='ocrx_word' id='word_1_699' title='bbox 2908 5623 3217 5668; x_wconf 83' lang='lat' dir='ltr'><strong>commenta</strong></span> <span class='ocrx_word' id='word_1_700' title='bbox 3251 5621 3399 5674; x_wconf 85' lang='lat' dir='ltr'><strong>sunt,</strong></span> <span class='ocrx_word' id='word_1_701' title='bbox 3425 5613 3552 5679; x_wconf 84' lang='lat' dir='ltr'><strong>qui-</strong></span> 
     </span>
    </p>
   </div>
   <div class='ocr_carea' id='block_1_112' title="bbox 1962 5680 3546 5751">
    <p class='ocr_par' dir='ltr' id='par_1_112' title="bbox 1962 5680 3546 5751">
     <span class='ocr_line' id='line_1_116' title="bbox 1962 5680 3546 5751; baseline 0.001 -17"><span class='ocrx_word' id='word_1_702' title='bbox 1962 5680 2085 5744; x_wconf 87' lang='lat' dir='ltr'><strong>bus,</strong></span> <span class='ocrx_word' id='word_1_703' title='bbox 2137 5683 2472 5736; x_wconf 87' lang='lat' dir='ltr'><strong>reclamante</strong></span> <span class='ocrx_word' id='word_1_704' title='bbox 2502 5683 2858 5751; x_wconf 86' lang='lat' dir='ltr'><strong>antiquitate,</strong></span> <span class='ocrx_word' id='word_1_705' title='bbox 2908 5685 3056 5737; x_wconf 88' lang='lat' dir='ltr'><strong>nulla</strong></span> <span class='ocrx_word' id='word_1_706' title='bbox 3093 5684 3229 5738; x_wconf 78' lang='lat' dir='ltr'><strong>ﬁdes</strong></span> <span class='ocrx_word' id='word_1_707' title='bbox 3266 5682 3546 5750; x_wconf 81' lang='lat' dir='ltr'><strong>habenda,</strong></span> 
     </span>
    </p>
   </div>
   <div class='ocr_carea' id='block_1_113' title="bbox 1963 5751 3119 5822">
    <p class='ocr_par' dir='ltr' id='par_1_113' title="bbox 1963 5751 3119 5822">
     <span class='ocr_line' id='line_1_117' title="bbox 1963 5751 3119 5822; baseline 0.003 -17"><span class='ocrx_word' id='word_1_708' title='bbox 1963 5751 2143 5822; x_wconf 86' lang='lat' dir='ltr'><strong>inquit</strong></span> <span class='ocrx_word' id='word_1_709' title='bbox 2180 5756 2307 5806; x_wconf 77' lang='lat' dir='ltr'><strong>Ant.</strong></span> <span class='ocrx_word' id='word_1_710' title='bbox 2347 5754 2496 5821; x_wconf 76' lang='lat' dir='ltr'><strong>Pagi,</strong></span> <span class='ocrx_word' id='word_1_711' title='bbox 2535 5753 2600 5806; x_wconf 89' lang='lat' dir='ltr'><strong>ad</strong></span> <span class='ocrx_word' id='word_1_712' title='bbox 2643 5771 2770 5807; x_wconf 76' lang='lat' dir='ltr'><strong>nun.</strong></span> <span class='ocrx_word' id='word_1_713' title='bbox 2805 5755 2928 5819; x_wconf 61' lang='lat' dir='ltr'><strong>Sol,</strong></span> <span class='ocrx_word' id='word_1_714' title='bbox 2969 5771 3021 5807; x_wconf 86' lang='grc' dir='ltr'>ιι.</span> <span class='ocrx_word' id='word_1_715' title='bbox 3069 5757 3119 5808; x_wconf 82' lang='lat'><strong>7.</strong></span> 
     </span>
    </p>
   </div>
  </div>
