4124 6332
252 397 390 466 27:29

502 603 642 672 Περὶ
668 602 987 658 Καϐαώνου
1012 605 1121 656 τοὺ
1150 604 1571 671 Μαυρουσίου.

320 699 430 753 Καὶ
455 697 646 770 ἕτερον
698 698 756 751 δὲ
784 694 1113 763 ἀξιάγαστον
1143 695 1337 764 ἀνάγει
1368 695 1480 766 (49)
1524 694 1620 749 τοῦ
1653 696 1830 765 σωτῆ-

254 810 344 863 ρος
370 790 504 845 Θεοῦ
544 788 1141 859 θαυματουργήσαντος
1173 788 1259 839 ἐπ’
1285 786 1547 856 ἀνδράσιν
1576 786 1832 856 ὲκφύλοις

254 886 350 953 μὲν
397 882 495 954 τὴν
527 878 847 950 θρησκείαν,
880 878 1005 932 ὅσια
1035 879 1091 931 δὲ
1122 883 1242 930 κατ’
1271 878 1452 930 ἐκεῖνο
1479 879 1672 949 καιροῦ
1701 878 1832 949 δρά-

254 989 396 1025 σασι.
449 969 754 1040 Καϐαώνην
788 968 921 1038 φησὶ
963 968 1072 1021 τῶν
1102 969 1247 1039 ἀμφὶ
1273 966 1533 1037 Τρίπολιν
1584 969 1833 1039 Μαυρου-

252 1062 381 1116 σίων
413 1061 685 1133 ἡγεῖσθαι.
723 1056 889 1122 Οὗτός
920 1076 1086 1130 φησιν
1110 1062 1137 1112 ὁ
1172 1059 1507 1130 Καϐαώνης,
1541 1060 1691 1124 ἀξιον
1726 1059 1833 1129 γὰρ

251 1158 362 1217 τοῖς
408 1152 573 1206 αὐτοῦ
602 1152 908 1222 χρήσασθαι
944 1153 1203 1224 ῥήμασιν,
1233 1152 1535 1221 ἀξιολόγως
1572 1154 1665 1206 καὶ
1704 1156 1834 1222 περὶ

253 1247 458 1299 τούτων
504 1243 879 1315 διηγούμενος,
931 1243 1117 1315 ἐπειδὴ
1164 1244 1251 1297 ἐπ’
1316 1244 1480 1299 αὑτὸν
1536 1244 1829 1316 ἐστρατεῦ-

258 1341 378 1395 σθαι
413 1342 459 1373 ⁸⁷
486 1341 775 1404 Βανδίλους
801 1340 1051 1394 ἐπείθετο
1084 1339 1151 1407 ⁸⁸,
1188 1342 1362 1394 ἐποίει
1407 1342 1605 1396 τοιάδε.
1634 1342 1833 1412 ῐίρῶτα

258 1437 356 1503 μὲν
376 1436 491 1498 τοῖς
511 1434 774 1503 ὑπηκόοις
802 1433 1151 1503 ἐπήγγειλεν,
1185 1433 1401 1495 ἀδικίας
1428 1448 1483 1483 τε
1512 1432 1715 1502 πάσης,
1740 1434 1837 1485 καὶ

258 1525 513 1597 βρώσεως
543 1527 621 1588 είς
648 1525 863 1598 τρυφὴν
914 1526 1177 1595 ἀγούσης,
1204 1525 1301 1578 καὶ
1329 1527 1547 1580 πάντων
1597 1525 1834 1594 μάλιστα

257 1621 532 1689 γυναικῶν
558 1620 841 1684 ξυνουσίας
867 1620 1188 1689 ἀπέχεσθαι.
1222 1621 1620 1690 Χαρακὼματά
1652 1636 1711 1670 τε
1743 1619 1836 1670 δύο

259 1708 590 1779 πηξάμενος,
627 1710 683 1761 ὲν
716 1708 928 1779 θατέρῳ
977 1708 1076 1777 μὲν
1103 1708 1264 1769 αὐτὸς
1310 1709 1408 1762 σὺν
1441 1709 1605 1760 πᾶσιν
1636 1709 1835 1776 ἐστραε-

258 1803 619 1857 τοπεδεὺσατο
647 1805 759 1866 τοῖς
789 1801 1049 1871 ἀνδράσιν
1072 1817 1084 1831 ·
1124 1802 1180 1852 ἐν
1218 1801 1274 1853 δὲ
1304 1799 1368 1870 δὴ
1410 1800 1485 1870 τῷ
1517 1799 1707 1869 ἑτέρῳ,
1738 1798 1837 1861 τὰς

256 1898 520 1963 γυναῖκας
547 1893 824 1963 καθεῖρξε.
856 1891 1097 1947 Θάνατον
1148 1891 1327 1961 δὲτὴν
1375 1876 1834 1959 ζημίανὴπείλη-

260 2006 351 2042 σεν
379 1988 619 2050 ἔσεσθαι,
652 1988 705 2039 εἴ
755 2002 839 2047 τις
873 1985 963 2037 ἐπὶ
989 1983 1047 2037 τὺ
1069 1982 1177 2035 τῶν
1222 1981 1500 2050 γυναικῶν
1529 1982 1840 2051 χαράκωμα

260 2080 349 2133 τοι.
387 2078 542 2133 Μετά
596 2077 672 2141 δὲ,
707 2076 929 2147 πέμψας
953 2077 1009 2137 ἐς
1064 2074 1388 2147 Καρχηδόνα
1432 2074 1836 2137 κατασκόπους,

260 2170 524 2224 ἐπέταττε
548 2169 673 2223 τάδε
701 2186 715 2199 ο
762 2167 1011 2221 Ἐπειδὰν
1051 2169 1099 2220 oi
1134 2166 1377 2222 Βανδίλοι
1403 2167 1495 2219 ἐπὶ
1523 2168 1623 2237 τὴν
1674 2182 1841 2235 στρα-

258 2264 411 2316 τείαν
440 2261 769 2333 βαδίζοντες,
800 2260 857 2324 ἔς
886 2278 1004 2315 τινα
1026 2259 1169 2331 νηὼν
1202 2258 1498 2330 ὑϐρίσωσιν
1524 2258 1583 2311 ὃν
1620 2259 1670 2311 οί
1703 2257 1841 2329 Χρι-

264 2352 767 2418 στιανοὶνσέϐονται,
822 2352 1019 2415 αὐτοὺς
1061 2352 1161 2421 μὲν
1192 2352 1398 2422 ἐφορᾷν
1445 2350 1515 2403 τὰ
1544 2349 1840 2419 γινόμενα·

262 2447 357 2501 ἐὰν
379 2447 439 2501 δέ
459 2448 507 2499 οί
541 2444 785 2499 Βανδίλοι
808 2446 868 2498 τὸ
893 2444 1093 2516 χωρίον
1126 2444 1423 2514 ἀμείψωσι,
1456 2443 1635 2497 πάντα
1669 2443 1842 2495 ποιεῖν

262 2538 521 2592 τάναντία
537 2540 616 2603 είς
639 2537 699 2591 τὸ
713 2537 876 2610 ἱερὸν,
894 2537 955 2601 ἐξ
969 2532 1029 2590 οὗ
1054 2536 1096 2589 δ’
1119 2534 1184 2589 ἂν
1210 2537 1407 2588 ἐκεῖνοι
1430 2533 1748 2603 βαδίσαντες
1765 2531 1845 2583 oi-

266 2646 473 2699 χοντσι.
499 2628 781 2681 Ἐπειπεῖν
795 2627 852 2679 δὲ
868 2626 1027 2680 αὑτὸν
1054 2626 1147 2679 καὶ
1172 2624 1333 2678 τοῦτό
1355 2642 1539 2693 φασιν,
1556 2624 1633 2686 ὡς
1662 2624 1847 2691 ἀγνοοῖ

268 2721 368 2790 μὲν
393 2719 484 2771 τὸν
516 2718 646 2771 Θεὸν
668 2718 726 2771 ὃν
755 2718 1073 2788 Χριστιανοὶ
1097 2716 1369 2769 σέϐονται·
1392 2716 1537 2779 εἰκὸς
1560 2715 1619 2767 δὲ
1654 2715 1839 2781 αὑτὸν,

268 2813 460 2882 φησὶν,
483 2812 640 2879 εἴπερ
669 2809 886 2880 ἰσχυρός
909 2810 1078 2875 ἐστιν,
1108 2808 1181 2872 ὡς
1206 2808 1448 2877 λέγεται,
1469 2808 1723 2862 τίσασθαι
1748 2810 1847 2878 μὲν

266 2899 394 2962 τοὺς
423 2886 761 2968 ὑϐρίζοντας,
782 2896 983 2966 ἀμῦναι
1004 2897 1061 2950 δὲ
1079 2899 1188 2961 τοῖς
1213 2897 1632 2968 θεραπεύουσιν.
1659 2900 1720 2952 0i
1749 2899 1847 2968 μὲν

268 2989 363 3044 οὖν
390 2991 729 3044 κατάσκοποι
788 2991 847 3050 ἐς
878 2989 1204 3059 Καρχηδόνα
1253 2989 1520 3055 ἐλθόντες,
1557 2990 1848 3060 ἐσχόλαζον

267 3082 367 3154 τὴν
401 3080 755 3153 παρασκευὴν
790 3080 894 3132 τῶν
915 3080 1186 3135 Βανδίλων
1217 3080 1502 3152 θεώμενοι.
1535 3082 1754 3152 Ἐπειδὴ
1790 3081 1849 3136 δὲ

1176 398 1561 462 HISTORIA?
1604 387 2201 461 ECCLESIASTH‘L‘E
2242 397 2470 459 LIBER
2513 398 2604 456 ιν.

851 513 1076 565 usus
1089 553 1111 574 ._
1129 513 1227 563 uel.
1858 512 1910 570 Α

3368 396 3504 457 2730

2567 508 2719 560 (jAl’.
2763 505 2878 558 XV.

2437 598 2509 651 De
2534 598 2781 653 Cubaone
2803 596 3011 651 Mauro.

2004 686 2169 744 Aliud
2202 700 2468 760 praeterea
2507 690 2788 760 quidpiam
2826 688 2996 744 refert
3038 688 3402 746 admiratione
3432 692 3513 746 di-

1930 794 2126 849 gnum,
2157 780 2304 850 quod
2344 792 2374 835 a
2419 779 2714 835 Servatore
2764 779 2877 834 Deo
2919 788 3300 850 perpetratum
3332 787 3419 835 e'st
3459 782 3512 835 in

1934 871 2255 926 [nominibus
2302 871 2395 941 qui
2442 887 2472 925 ιι
2524 871 2787 942 religione
2838 871 3061 941 quidem
3113 882 3302 927 nostra
3357 884 3512 929 erant

1933 964 2121 1028 alieni,
2157 964 2246 1034 pie
2283 974 2464 1018 tamen
2497 980 2561 1018 ac
2612 964 2867 1035 religiose
2902 978 2970 1019 eo
3017 973 3264 1034 tempore
3294 980 3352 1019 se
3390 980 3514 1035 ges-

1935 1065 2146 1110 serunt.
2175 1056 2265 1109 Ait
2306 1056 2473 1126 igitur
2504 1056 2816 1111 Cabaonem
2843 1057 3166 1110 Maurorum
3200 1056 3347 1111 circa
3380 1058 3479 1110 Tri
3505 1088 3517 1097 -

1935 1150 2104 1218 polim
2139 1149 2458 1220 degentium
2493 1151 2742 1219 regulum
2802 1149 2995 1205 fuisse.
3040 1149 3143 1204 llic
3186 1149 3513 1209 Cabaon‘es:

1937 1251 2064 1295 utar
2096 1241 2246 1294 enim
2303 1241 2489 1296 verbis
2535 1241 2707 1310 ipsius
2747 1240 3027 1309 Procopii,
3074 1242 3168 1310 qui
3212 1230 3328 1294 haec
3374 1241 3519 1295 sicut

1938 1335 2172 1404 reliqua,
2196 1334 2480 1403 eleganter
2513 1334 2799 1403 exposuit;
2835 1350 2960 1388 cum
3002 1332 3278 1388 Vandalos
3320 1333 3514 1387 adver-

1937 1440 2031 1483 sus
2075 1428 2253 1497 ipsum
2282 1427 2690 1497 expeditionem
2727 1428 3037 1497 suscepisse
3069 1427 3374 1489 didicisset,
3418 1426 3516 1479 ista

1938 1521 2127 1589 gessit.
2155 1520 2398 1573 Primum
2438 1520 2661 1589 quidem
2696 1519 2763 1572 iis
2793 1520 2887 1588 qui
2936 1519 3043 1573 sub
3094 1518 3304 1572 ditione
3348 1518 3519 1586 ipsius

1938 1620 2119 1673 erant,
2156 1610 2418 1679 przccepit
2457 1619 2515 1663 ut
2564 1611 2632 1663 ab
2677 1610 2943 1681 injustitia
3003 1621 3057 1663 et
3111 1610 3179 1663 ab
3229 1609 3521 1678 exquisiti-3

1940 1702 2194 1772 dapibus,
2223 1704 2498 1772 praecipue
2544 1717 2676 1755 vero
2703 1707 2737 1756 'a
2770 1704 3063 1757 mulierum
3117 1701 3520 1756 consuetudin

1942 1796 2308 1849 abstinerent.
2356 1794 2566 1849 Deinde
2611 1800 2791 1848 castra
2838 1794 2950 1848 duo
3002 1801 3262 1853 metatus.
3322 1792 3375 1845 in
3436 1794 3523 1847 his

1942 1888 2164 1957 quidem
2213 1888 2328 1957 ipse
2372 1903 2479 1940 una
2528 1903 2651 1941 eum
2683 1887 2817 1941 viris
2849 1886 3109 1941 omnibus
3140 1886 3345 1940 resedit
3395 1904 3407 1938 :
3466 1888 3518 1939 iu

1944 1979 2050 2033 illis
2103 1995 2233 2033 vero
2303 1978 2564 2033 mulieres
2630 1979 2877 2044 inclusit,
2935 1979 3133 2048 capitis
3191 1976 3519 2049 supplicium

1938 2072 2354 2137 interminatus,
2398 2072 2441 2125 si
2484 2071 2610 2141 quis
2659 2073 2951 2127 mulierum
3005 2081 3185 2127 castra
3244 2073 3520 2141 ingressus

1942 2173 2109 2220 esset.
2148 2164 2397 2220 Posthaec
2422 2164 2872 2233 exploratoribus
2915 2163 3308 2234 Carthaginem
3342 2163 3523 2218 missis

1945 2258 2059 2312 haec
2102 2255 2382 2311 mandavit
2430 2274 2442 2310 :
2489 2257 2558 2313 Ut
2602 2273 2726 2311 cum
2779 2254 3003 2312 Vandali
3061 2258 3114 2310 in
3163 2256 3519 2325 expeditione

1944 2350 2232 2403 constituti
2262 2349 2565 2403 oratorium
2606 2349 2829 2418 aliquod
2856 2365 2921 2403 ex
2954 2349 3021 2403 iis
3055 2365 3179 2418 qua:
3219 2347 3521 2402 Christiani

1944 2450 2305 2505 venerantur,
2347 2440 2640 2504 violarent,
2684 2441 2783 2510 ipsi
2816 2441 3040 2511 quidem
3083 2440 3135 2494 id
3177 2440 3325 2509 quod
3362 2438 3523 2492 fiebat

1947 2533 2307 2602 inspicerent.
2338 2533 2643 2601 Postquam
2690 2541 2876 2587 autem
2909 2532 3135 2586 Vandali
3178 2548 3305 2586 eum
3342 2532 3523 2585 locum

1948 2624 2325 2693 reliquissent,
2364 2625 2467 2694 ipsi
2502 2624 2555 2678 in
2583 2640 2646 2677 ea
2677 2625 2789 2679 aede
2818 2640 2886 2681 ex
2913 2640 3020 2694 qua
3058 2623 3286 2679 Vandali
3316 2623 3526 2678 disces.-

1948 2726 2156 2782 serant,
2185 2717 2464 2771 contraria
2498 2717 2686 2771 omnia
2712 2717 2981 2773 facerent.
3017 2717 3168 2771 istud
3192 2732 3415 2786 quoque
3434 2716 3529 2769 ad-

1945 2810 2146 2880 jecisse
2180 2810 2376 2875 fertur,
2407 2810 2513 2864 sibi
2544 2809 2764 2879 quidem
2794 2810 3046 2879 ignotum
3072 2824 3193 2864 esse
3235 2808 3406 2863 Deum
3432 2809 3529 2878 qui

1951 2919 1980 2956 a
2017 2901 2351 2959 Cbrist’anis
2394 2902 2673 2957 coleretur
2718 2919 2730 2954 :
2766 2900 3068 2955 verisimile
3113 2896 3295 2955 tamen
3332 2900 3530 2962 videri,

1949 3012 2100 3059 eum,
2139 2997 2184 3051 si
2222 3006 2417 3062 potens
2456 2996 2549 3059 sit,
2584 2995 3054 3064 quemadmodum
3088 2996 3318 3058 dicitur,
3360 2996 3532 3051 viola-

1954 3095 2103 3142 tores
2134 3088 2359 3157 quidem
2402 3087 2649 3141 numinis
2694 3087 2777 3141 sui
2815 3088 3085 3150 ulturum,
3127 3088 3373 3142 cultores
3402 3104 3534 3142 vero

266 3177 329 3230 τὸ
365 3176 680 3245 στράτευμα
731 3175 831 3245 τὴν
892 3175 984 3228 ἐπὶ
1032 3175 1293 3245 Τρίπολιν
1346 3174 1540 3246 ᾔεσαν,
1589 3176 1846 3245 σχήματα

1956 3178 2313 3234 defensurum
2345 3177 2901 3247 esse.Exploratores
2934 3180 3119 3249 itaque
3144 3195 3267 3235 cum
3300 3180 3532 3236 Cartha-

268 3266 730 3337 περιϐεϐλημένοι
765 3264 1017 3330 ταπεινὰ,
1073 3266 1313 3319 εἵποντο.
1372 3267 1435 3319 Ol
1488 3265 1543 3318 δὲ
1581 3264 1842 3331 Βανδίλοι,

271 3360 348 3423 t'o;
381 3359 564 3430 ἡμέρᾳ
593 3360 658 3428 τῇ
706 3355 897 3428 πρώτη
942 3356 1234 3427 ἠυλίσαντο
1268 3359 1325 3420 ἐς
1352 3357 1461 3409 τῶν
1504 3357 1849 3426 Χριστιανῶν

269 3453 403 3514 τοὺς
422 3448 577 3511 νεὼς,
608 3449 733 3511 τούς
759 3464 819 3500 τε
870 3448 1089 3511 ἵππους,
1121 3447 1190 3501 τά
1244 3463 1307 3499 τε
1342 3446 1477 3501 ἀλλα
1504 3446 1617 3509 ζῶα
1639 3449 1850 3515 ἐπαγα-

270 3543 462 3609 γόντες
498 3540 707 3608 ὕϐρεώς
761 3556 818 3591 τε
847 3539 1109 3609 οὐδεμιᾶς
1136 3538 1537 3615 ἀπελείποντο..
1568 3541 1663 3591 καὶ
1697 3540 1851 3591 αὐτοὶ

269 3632 544 3703 ἀκολασίᾳ
568 3634 633 3701 τῇ
669 3633 908 3701 σφετέρῃ⁸
940 3632 1264 3701 ἐχρήσαντο,
1303 3629 1429 3694 τούς
1464 3647 1522 3683 τε
1551 3632 1717 3700 ἱερεῖς
1758 3629 1853 3693 οὓς

268 3724 336 3777 ἂν
369 3723 605 3783 λάϐοιεν,
644 3722 940 3792 ἐρράπιζον
980 3738 1061 3783 τε,
1095 3722 1192 3773 καὶ
1234 3721 1506 3785 ξαίνοντες
1566 3722 1706 3772 κατὰ
1757 3719 1851 3772 τοῦ

272 3817 449 3868 νώτου
485 3814 656 3868 πολλὰ
679 3814 969 3885 ὑπηρετεῖν
1013 3813 1198 3882 σφίσιν
1229 3812 1500 3869 ἐκέλευον.
1548 3813 1770 3884 Ἐπειδὴ
1796 3812 1852 3864 δὲ

269 3909 507 3977 τάχιστα
561 3905 771 3960 ἐνθένδε
802 3905 1219 3976 ἀπηλλάγησαν,
1256 3906 1474 3957 ἐποίουν
1533 3905 1583 3957 οἱ
1615 3904 1707 3956 τοῦ
1736 3905 1851 3956 Κα-

271 4000 487 4055 ϐαώνου
522 3999 881 4073 κατάσκοποι,
928 4000 1027 4051 ὃσα
1070 3998 1253 4060 αὐτοῖς
1295 3998 1643 4050 ἐπετέτακτο.
1687 3998 1768 4051 Τά
1793 4014 1853 4049 τε

269 4094 383 4163 γὰρ
401 4094 442 4143 ίε
454 4091 520 4161 ρὰ
543 4090 872 4162 καθῄρουνθθ
894 4091 1113 4151 αὐτίκα,
1138 4090 1238 4159 τήν
1271 4105 1328 4141 τε
1356 4088 1582 4160 κόπρον,
1616 4090 1711 4141 καὶ
1734 4089 1786 4140 εἴ
1804 4106 1856 4143 τι

270 4184 404 4239 ἄλλο
430 4184 528 4252 οὐχ
556 4184 718 4245 ὁσίως
749 4182 1017 4244 ἐπέκειτο,
1056 4182 1153 4233 σὺν
1183 4180 1474 4253 ἐπιμελείᾳ
1506 4182 1850 4250 ἀφελόμενοι,

268 4278 407 4332 τάτε
442 4276 610 4345 λύχνα
638 4275 821 4327 ἔκαιον
847 4274 1083 4335 ἅπαντα,
1115 4274 1207 4326 καὶ
1231 4274 1359 4333 τοὺς
1412 4274 1594 4344 ἱερέας
1619 4274 1757 4327 αἰδοῖ
1797 4292 1856 4326 τε

272 4367 451 4435 πολλῇ
520 4366 955 4436 προσεκύνησαν,
1015 4364 1109 4417 καὶ
1165 4366 1230 4435 τῇ
1298 4364 1434 4437 ἄλλῃ
1486 4365 1854 4436 φιλοςςροσύνη

270 4459 619 4527 ἠσπάσαντο.
672 4456 934 4527 Ἀργύρια
984 4473 1044 4510 τε
1092 4459 1205 4518 τοῖς
1263 4461 1498 4527 πτωχοῖς
1556 4456 1757 4522 δόντες,
1807 4460 1855 4511 οἳ

1958 3272 2140 3342 ginem
2206 3272 2510 3336 venissent,
2587 3272 2697 3327 illic
2753 3273 3109 3342 quieverunt,
3165 3272 3535 3328 Vandalorum

1958 3369 2284 3432 apparatum
2319 3361 2780 3431 contemplantes.
2811 3359 2916 3418 Ubi
2950 3376 3083 3416 vero
3124 3361 3285 3432 397
3315 3363 3535 3416 exerci-

1960 3463 2048 3508 tus
2081 3468 2274 3507 eorum
2323 3452 2591 3523 Tripolim
2640 3468 2833 3507 versus
2868 3454 3144 3523 prolicisci
3190 3455 3379 3524 cmpit,
3433 3456 3533 3524 ipsi

1958 3545 2054 3599 vili
2088 3553 2239 3600 veste
2286 3544 2467 3599 induti
2503 3560 2600 3599 eos
2639 3545 2921 3600 subsecuti
2974 3556 3123 3601 sunt.
3167 3548 3234 3600 At
3284 3547 3537 3605 Vandali.

1962 3637 2144 3705 primo
2177 3635 2362 3691 statim
2394 3635 2484 3689 die
2544 3652 2669 3689 cum
2720 3637 2774 3690 in
2836 3637 3280 3691 Christianorum
3325 3637 3541 3692 aedibus

1962 3731 2141 3784 sacris
2182 3729 2443 3783 stabulati
2486 3736 2672 3783 essent
2702 3744 2811 3782 una
2843 3744 2969 3783 eum
2999 3729 3158 3798 equis
3198 3744 3263 3783 ac
3313 3730 3541 3800 reliquis

1961 3820 2313 3885 animalibus,
2341 3821 2555 3874 nullum
2591 3822 2940 3875 contumeliae
2967 3836 3142 3892 genus
3169 3823 3538 3890 pratermise-

1962 3920 2127 3965 runt:
2157 3911 2251 3965 sed
2284 3921 2395 3964 tum
2435 3911 2536 3980 ipsi
2564 3912 2725 3964 solita
2752 3910 3178 3981 intemperantia
3218 3913 3537 3971 utebantur.

1963 4014 2079 4058 tum
2126 4003 2443 4058 sacerdotes
2484 4002 2927 4058 Christianorum
2984 4020 3351 4075 quoscunque
3395 4024 3543 4059 eom-

1963 4094 2394 4165 preltenderant,
2446 4092 2619 4161 alapis
2662 4091 2969 4154 caedebant,
3019 4104 3076 4148 et
3131 4094 3296 4149 dorsa
3345 4110 3540 4148 comm

1964 4186 2293 4240 verberibus
2317 4184 2632 4249 tundentes,
2657 4185 2972 4239 ministrare
2996 4185 3101 4239 sibi
3128 4201 3225 4241 eos
3246 4186 3539 4257 cogebant.

1966 4278 2357 4346 Exploratores
2391 4287 2576 4332 autem
2617 4276 2911 4343 Cabaonis,
2948 4277 3113 4331 simul
3171 4288 3337 4348 atque
3395 4280 3541 4333 Van-

1964 4371 2073 4424 dali
2103 4370 2258 4423 exiis
2288 4370 2423 4424 locis
2448 4373 2851 4435 abscesserunt,
2884 4371 2936 4424 id
2968 4371 3205 4439 agebant
3231 4371 3379 4441 quod
3411 4372 3542 4441 ipsis

1966 4464 2293 4532 imperatum
2349 4462 2548 4516 fuerat.
2588 4461 2722 4516 Nam
2771 4470 2826 4517 et
2882 4462 3027 4516 aedes
3073 4478 3257 4517 sacras
3285 4465 3543 4533 protinus

272 4552 427 4622 ἀμφὶ
457 4551 525 4602 τὰ
558 4550 677 4620 ἱερὰ
700 4548 870 4603 ταῦτα
902 4549 1190 4619 ἐκάθηντο,
1210 4548 1354 4602 οὕτω
1372 4550 1433 4620 δὴ
1464 4554 1531 4620 τῇ
1562 4550 1670 4602 τῶν
1720 4553 1846 4604 Βαν-

1967 4554 2299 4624 purgabant,
2331 4562 2387 4607 et
2410 4562 2647 4607 stercora
2682 4568 2743 4606 ac
2778 4554 2820 4606 si
2853 4552 2984 4621 quid
3020 4552 3167 4606 aliud
3199 4552 3381 4606 minus
3417 4552 3542 4607 reli-

271 4644 443 4698 δίλων
489 4643 719 4712 στρατιᾷ
770 4642 1004 4693 εἵποντο.
1042 4641 1151 4693 Καὶ
1210 4642 1318 4694 ἀπὸ
1350 4640 1542 4693 τούτου
1587 4643 1729 4695 κατᾶ
1761 4646 1858 4711 τὴν

271 4735 395 4787 ὁδὸν
430 4731 720 4801 σύμπασαν
778 4732 827 4783 οἱ
862 4730 1101 4783 Βανὸίλοι
1143 4732 1280 4785 κατά
1320 4734 1491 4785 ταυτα
1522 4734 1857 4804 ἡμάρτανον,

274 4828 373 4880 γαί
406 4827 455 4878 οἱ
492 4824 825 4877 κατάσκοποι
852 4822 1205 4892 ἐθεράπευον.
1246 4824 1397 4876 Ἐπεὶ
1425 4824 1480 4876 δὲ
1534 4825 1704 4893 ἀγχοῦ
1740 4825 1861 4876 ἔσε-

276 4922 405 4971 σθαι
434 4916 677 4986 ἔμελλον,
707 4916 1151 4987 προτερήσαντες
1185 4917 1232 4968 οἱ
1265 4916 1629 4983 κατάσκοποι,
1658 4917 1859 4984 άγγέλο

272 5011 436 5064 λουσι
465 5008 543 5078 τῷ
575 5008 869 5079 Καϐαιέινῃ,
906 5009 1004 5061 ὃσα
1041 5008 1318 5071 Βανδίλοις
1370 5027 1427 5060 τε
1473 5010 1565 5061 καὶ
1599 5010 1777 5079 σφίσιν
1810 5013 1865 5073 ἐς

272 5103 347 5154 τὰ
388 5101 732 5169 Χριστιανῶν
764 5099 885 5167 ἱερὰ
914 5101 1189 5169 εἴργαστο,
1238 5100 1330 5152 καὶ
1356 5100 1432 5161 ὠς
1487 5101 1651 5167 ἐγγύς
1686 5118 1781 5153 που
1820 5101 1869 5153 οἱ

278 5194 541 5262 πολέμιοι
569 5190 697 5248 εἷεν.
745 5193 801 5244 ’0
828 5193 880 5244 δὲ
900 5192 1162 5254 ἀκούσας,
1199 5194 1253 5253 ἐς
1282 5192 1378 5262 τὴν
1434 5192 1706 5262 ξυμϐολὴν
1735 5192 1869 5245 καθ-

281 5290 496 5339 ίστατο.
549 5286 612 5339 Οἱ
656 5287 755 5353 μὲν
808 5283 901 5338 οὖν
926 5284 1144 5345 πολλοὶ,
1185 5283 1258 5349 ὦς
1291 5301 1457 5354 φησι,
1494 5284 1761 5336 Βανδίλων
1790 5284 1870 5335 δι-

278 5377 626 5448 εφθάρησαν.
654 5379 772 5430 Εἰσὶ
792 5379 844 5432 δὲ
864 5379 912 5431 οἳ
931 5378 1027 5431 καὶ
1049 5378 1153 5430 ὑπὸ
1170 5379 1280 5441 τοῖς
1307 5377 1584 5447 πολεμίοις
1601 5378 1870 5445 ἐγένοντο,

1964 4645 2114 4715 giosc
2152 4645 2425 4715 ingestum
2471 4643 2670 4707 fuerat,
2703 4644 2948 4699 studiose
2980 4643 3325 4705 auferentes,
3360 4643 3541 4697 lucer-

1973 4751 2072 4789 nas
2100 4752 2293 4789 ornnes
2318 4735 2715 4800 accendebant,
2744 4744 2797 4789 et
2822 4735 3140 4789 sacerdotes
3174 4750 3389 4789 summa
3419 4752 3544 4789 cum

1968 4826 2277 4880 reverentia
2312 4827 2636 4887 salutantes,
2675 4827 2821 4880 onmi
2859 4827 3131 4896 obsequio
3163 4836 3329 4896 atque
3356 4826 3547 4880 huma~

1970 4920 2144 4973 nitate
2182 4919 2682 4988 prosequebantur.
2726 4919 3072 4988 Pauperibus
3117 4918 3355 4987 denique
3402 4919 3548 4971 circa

1968 5010 2114 5064 :edes
2158 5011 2278 5064 illas
2310 5011 2639 5066 sedentibus
2694 5012 2957 5081 pecunias
3010 5011 3239 5065 dabant.
3292 5010 3447 5064 Hunc
3492 5010 3546 5062 in

1972 5102 2191 5155 modum
2260 5104 2563 5156 exercitum
2621 5102 2988 5157 Vandalorum
3042 5100 3437 5172 sequebantur.
3485 5101 3552 5155 Et

1972 5192 2200 5246 Vandali
2250 5193 2494 5263 quidem,
2542 5210 2605 5247 ex
2662 5210 2729 5249 eo
2784 5204 3028 5264 tempore
3078 5210 3179 5263 per
3230 5194 3549 5248 universum

1972 5286 2235 5357 deinceps
2273 5287 2376 5340 iter
2398 5287 2599 5341 similia
2638 5286 2848 5341 scelera
2883 5288 3257 5353 admiserunt;
3299 5284 3551 5354 explora-

1971 5386 2123 5429 tores
2146 5390 2279 5431 vcro
2301 5376 2605 5433 remedium
2630 5375 2893 5432 adhibere
2914 5376 3093 5430 conati
3122 5388 3272 5433 sunt.
3290 5374 3391 5432 Ubi
3418 5388 3553 5428 vero

1584 5517 1821 5574 VARI/li
1853 5518 2257 5574 LECTIONES.

357 5621 404 5650 ³⁷
437 5618 497 5671 C.
533 5621 595 5675 C.
633 5622 1117 5694 ἐκστρατεύεσθαι.
1194 5623 1238 5662 ⁸⁸
1266 5621 1326 5676 C.
1362 5620 1422 5676 C.
1456 5620 1708 5676 ἐπὲθετο.

1785 5622 1910 5681 "C.
1947 5621 2009 5677 C.
2058 5619 2375 5689 ἐκάθαιρον.

1499 5755 1770 5813 VALESII
1805 5753 2360 5811 ANNOTATIONES.

354 5850 477 5921 (49)
530 5848 918 5916 Ἀξιάγαστον
946 5851 1175 5917 ἀνάγει.
1218 5850 1428 5903 Μηὶἲοπι
1466 5850 1713 5904 scribere
1754 5849 2083 5919 ἀναγράφει,
2112 5856 2172 5900 ut
2206 5846 2454 5916 loquitur
2484 5845 2763 5916 Εγιιετὶυε,
2786 5847 2843 5903 in
2881 5863 2999 5917 cap.
3042 5851 3125 5903 l5.

616 5940 890 6001 PnRoL.
934 5943 1049 6001 Gn.
1104 5941 1449 6002 ΙΛΧΧΥΙ.

3210 5940 3283 6002 86
