4124 6332
266 357 336 431 27
349 356 409 419 ιτ)

1157 357 1547 417 HISTORLE
1590 358 2185 419 ECCLESIASTHLE
2231 360 2456 419 LIBER
2507 360 2602 420 IV.

3396 361 3538 426 27-16

267 470 421 531 ἄξιον
457 465 817 534 καθέστηκεν.
853 466 979 518 Ὅτε
1004 464 1103 533 τὴν
1153 465 1429 536 Ἀντιόχου
1458 466 1856 538 πυρπολεῖσθαι

1971 469 2053 531 bo,
2083 468 2288 537 quippe
2316 468 2463 537 quod
2499 468 2627 522 huic
2656 466 2810 538 operi
2836 478 3023 523 nostro
3048 468 3214 522 inseri
3241 483 3537 525 tttercatnr.

265 562 379 612 τῶν
435 558 729 627 ’Λπαμὲων
760 558 810 609 οἱ
866 557 1055 619 παῖδες
1109 556 1448 625 ἐγνώκεσαν,
1500 558 1743 611 ἱκέτευον
1766 561 1855 612 τὸν

265 649 597 719 λελεγμένον
636 666 725 719 μοι
775 647 1001 717 Θωμᾶν,
1034 647 1097 700 τὸ
1133 650 1403 718 σωτήριον
1452 648 1549 701 καὶ
1593 648 1856 711 ζωοποιδν

270 741 366 797 τοῦ
401 739 637 813 σταυροῦ
669 740 824 805 ξύλον
880 739 1030 810 παρὰ
1082 740 1144 791 τὸ
1171 739 1365 804 εἰωθὸς
1415 743 1768 810 προενεγκεῖν
1797 757 1855 792 τε

274 835 367 886 καὶ
404 832 708 904 προθεῖναι,
764 831 841 893 ὼς
883 830 950 884 ἂν
992 831 1063 884 τὲ
1108 830 1398 887 τελευταῖα
1443 832 1616 902 ὁρῷέν
1668 850 1727 884 τε
1763 834 1858 886 καὶ

272 925 737 1003 κατασπάζοιντο,
760 923 859 992 τὴν
891 923 1060 993 μόνην
1086 922 1195 977 τῶν
1220 922 1527 992 ἀνθρώπιον
1556 925 1855 995 σωτηρίαν,

273 1016 490 1084 ἑφόδιόύ
514 1033 573 1069 τε
602 1014 819 1068 λάϐοιεν
835 1015 935 1085 τῆς
959 1015 1154 1085 ἑτέρας
1196 1014 1402 1085 βιοτῆς,
1433 1015 1857 1087 διαπορεύοντος

272 1109 481 1172 αὐτοὺς
502 1106 595 1161 τοῦ
624 1106 808 1177 τιμίου
857 1106 1093 1177 σταυροῦ
1131 1107 1268 1179 πρὸς
1309 1107 1410 1177 τὴν
1441 1106 1651 1176 ἀμείνω
1683 1108 1856 1179 λῆξιν.

278 1203 348 1251 τι)
374 1200 438 1269 δὴ
484 1198 581 1253 κα)⁵
615 1196 916 1271 πεπραχὼς
947 1200 976 1251 ό
1015 1198 1240 1268 Θωμᾶς,
1294 1198 1563 1269 προφέρει
1604 1200 1664 1252 τὸ
1722 1201 1861 1263 ζωο-

275 1289 433 1343 ποιδν
466 1290 643 1355 ξύλον,
684 1291 853 1360 ῥητὰς
902 1288 1238 1357 ἐπαγγείλας
1289 1288 1501 1358 ἡμέρας
1530 1289 1628 1359 τῆς
1663 1289 1861 1361 προθέ-

276 1399 443 1443 σεως,
469 1382 543 1445 ὼς
574 1382 640 1435 ἂν
671 1380 766 1452 ἐξῇ
794 1381 891 1439 καὶ
918 1381 1053 1433 πᾶσι
1082 1383 1199 1443 τοῖς
1225 1379 1611 1449 ἀστυγείτοσιν
1640 1381 1862 1451 ἁλισθῆ-

272 1491 393 1532 ναι.
426 1475 521 1526 καὶ
545 1475 647 1543 τῆς
675 1472 927 1525 ἐντεῦθεν
961 1473 1240 1543 σωτηρίας
1270 1472 1601 1529 ἀπόνασθαι.
1626 1474 1859 1527 Φοιτῶσι

274 1563 412 1630 γοῦν
439 1564 575 1633 μετὰ
596 1562 707 1617 τῶν
743 1562 918 1615 ἄλλων
947 1562 1043 1615 καὶ
1070 1563 1120 1616 oi.
1167 1562 1226 1627 ἐς
1264 1562 1381 1632 φῶς
1420 1579 1487 1633 με
1518 1562 1861 1633 προαγαγόν-

272 1672 392 1717 τες,
418 1658 475 1717 ἐς
505 1654 1010 1725 χαμαιδιδασκάλου
1046 1655 1320 1723 φοιτῶντα
1345 1673 1412 1726 με
1447 1655 1856 1726 περιαγόμενος.

286 1750 379 1811 Ὡς
409 1749 455 1801 δ’
484 1748 575 1802 οὖν
603 1748 976 1818 προσκυνῆσαί
1018 1764 1078 1799 τε
1124 1747 1221 1802 καὶ
1259 1746 1721 1802 κατασπάσασθαι
1770 1746 1860 1799 τὸν

1958 558 2093 615 Cum
2131 560 2323 613 urbcnt
2366 558 2717 614 Antiochiam
2746 576 2774 612 a
2799 558 3044 615 Chosroe
3110 560 3391 615 incensam
3418 578 3541 617 esse

1959 652 2284 707 didicissent
2329 653 2686 722 Apamenses,
2744 651 3092 721 postularunt
3144 652 3469 721 suppliciter
3510 670 3542 708 a

1961 744 2193 808 Thoma,
2241 745 2400 814 cujus
2451 759 2616 812 supra
2671 742 3009 798 mentionem
3042 742 3168 807 feci,
3202 753 3262 797 ut
3301 744 3544 797 salutare

1961 850 2023 890 ac
2049 834 2327 889 viviﬂcutn
2359 836 2542 889 crucis
2582 835 2789 902 lignum
2828 843 3029 903 pncter
3064 845 3389 889 consnctum
3429 850 3544 887 tun-

1965 941 2077 980 rem
2105 926 2383 995 proferret
2429 936 2594 994 atque
2620 925 2866 979 omnium
2893 926 3070 980 oculis
3105 936 3399 995 exponeret
3446 945 3457 979 :
3486 936 3545 979 ut

1964 1018 2180 1072 unicam
2236 1018 2379 1071 hanc
2408 1017 2720 1070 mortalium
2766 1018 2997 1071 salutem
3044 1026 3381 1087 postremum
3427 1035 3545 1072 cer-

1962 1123 2097 1163 nere
2130 1124 2193 1163 ac
2221 1108 2526 1163 deosculari
2556 1107 2687 1177 ipsis
2716 1108 2929 1169 liceret.
2978 1116 3142 1177 atque
3166 1110 3268 1162 hoc
3301 1110 3433 1179 ipsis
3475 1109 3540 1163 ad

1964 1199 2189 1254 alteram
2226 1202 2393 1254 vitam
2445 1208 2592 1254 esset
2646 1200 2943 1264 viaticum,
2974 1199 3288 1253 veneranda
3336 1200 3548 1253 scilicet

1964 1306 2128 1346 cruce
2165 1292 2313 1361 ipsos
2341 1291 2407 1345 ad
2436 1292 2717 1347 meliorem
2742 1301 2944 1345 sortem
2976 1299 3405 1360 transportatttc.
3440 1294 3548 1345 An-

1964 1384 2089 1439 nuit
2115 1400 2310 1439 cornm
2339 1386 2599 1454 precibus
2638 1384 2904 1449 Thomas,
2931 1394 2986 1440 et
3015 1384 3292 1441 viviﬂcum
3340 1386 3545 1454 lignum

1966 1476 2327 1547 deprompsit,
2352 1477 2577 1533 indictis
2604 1480 2771 1533 certis
2803 1477 3000 1532 diebus
3037 1478 3241 1547 quibus
3277 1493 3551 1547 propone-

1967 1579 2142 1634 retur,
2186 1578 2248 1624 ut
2290 1585 2483 1624 omnes
2532 1570 2750 1625 ﬂnititni
2796 1586 2862 1625 eo
2907 1568 3214 1633 conﬂuere,
3257 1579 3313 1623 et
3356 1568 3552 1623 salutis

1969 1660 2095 1715 inde
2129 1660 2509 1729 promanantis
2561 1661 2861 1730 participes
2898 1660 3013 1714 ﬁeri
3058 1668 3300 1728 possent.
3339 1658 3418 1718 Eo
3452 1658 3553 1728 igi-

1969 1759 2060 1805 tur
2100 1762 2357 1820 parentes
2389 1752 2494 1806 ntci
2529 1768 2634 1806 una
2664 1768 2789 1807 cum
2822 1751 3050 1821 reliquis
3082 1765 3140 1805 se
3171 1750 3549 1812 contulerunt,

273 1839 463 1907 τίμιον
521 1837 835 1909 ἠξιώθημεν
879 1836 1137 1908 σταυρὸν,
1191 1837 1333 1909 ἄρας
1388 1837 1416 1893 ὁ
1465 1836 1669 1907 Θωμᾶς
1698 1836 1866 1907 ἄμφω

1971 1856 2058 1894 me
2081 1855 2302 1910 quoque
2356 1841 2447 1910 qui
2490 1849 2620 1895 tunc
2652 1841 3136 1910 grammaticorum
3194 1837 3408 1893 scholas
3440 1837 3553 1892 frc-

274 1932 350 1997 τΞι
376 1931 395 1957 ⁷
421 1932 593 2002 χεῖρε,
624 1930 685 1983 τὸ
712 1933 811 1997 τῆς
867 1928 1106 1999 ἀρχαίας
1160 1928 1411 2001 κατάρας
1443 1928 1863 1999 ὲξαλειπτήριον

275 2021 377 2074 τοῦ
437 2020 670 2093 σταυροῦ
741 2020 897 2085 ξύλον
950 2021 1258 2088 ἐπεδείκνυ,
1309 2019 1488 2091 πάντη
1535 2019 1645 2075 τῶν
1704 2020 1866 2073 θείων

277 2114 603 2185 ἀνακτόρων
628 2114 988 2186 περινοστῶν,
1039 2112 1228 2184 ὥσπερ
1258 2115 1315 2165 ὲν
1346 2115 1466 2177 ταῖς
1490 2111 1709 2183 κυρίαις
1756 2110 1867 2165 τῶν

282 2206 716 2277 προσκυνήσεων
749 2204 988 2275 ἡμέραις
1029 2204 1259 2258 εἴθιστο.
1286 2204 1483 2257 Εἵπετο
1504 2203 1561 2258 δὲ
1594 2204 1671 2274 τῷ
1694 2202 1868 2273 Θωμᾷ

282 2297 673 2369 μεθισταμένῳ
703 2297 874 2368 πυρὸς
912 2295 1057 2367 μέγα
1077 2313 1130 2349 τι
1153 2296 1345 2367 χρῆμα
1375 2294 1774 2364 σελαγίζοντος,
1804 2295 1867 2348 οὐ

280 2390 699 2457 κατακαίοντος,
735 2388 812 2450 ὼς
845 2387 1028 2445 πάντα
1056 2388 1150 2441 τὸν
1207 2387 1386 2460 χῶρον
1418 2386 1549 2442 ἔνθα
1576 2385 1869 2457 παρεστὼς

278 2483 377 2535 τὸν
404 2482 584 2552 τίμιον
616 2480 901 2557 ἐπεδείκνυ
932 2480 1189 2550 σταυρὸν,
1249 2479 1635 2550 ὲμπίπρασθαι
1665 2479 1866 2534 δοκεῖν.

280 2575 401 2646 Καὶ
428 2574 651 2643 γέγονεν
688 2574 789 2644 οὐχ
814 2573 983 2639 ἅπαξ,
1018 2574 1079 2625 οὐ
1111 2571 1215 2635 δὶς,
1263 2571 1401 2626 ἀλλὰ
1444 2572 1539 2625 καὶ
1585 2570 1868 2636 πολλάκις,

279 2666 379 2720 τοῦ
413 2666 606 2737 ἱερέως
648 2665 826 2725 πάντα
861 2666 951 2717 τὴν
972 2664 1167 2718 αὐτόσε
1195 2663 1374 2734 χῶρον
1410 2662 1736 2732 περιϊόντος,
1776 2664 1873 2716 καὶ

281 2757 385 2810 τοῦ
413 2755 795 2828 ἀθροισθέντος
828 2754 938 2811 λεὼ
977 2753 1136 2807 τοῦτο
1179 2752 1437 2822 γενέσθαι
1488 2752 1693 2823 Θωμᾶν
1747 2752 1874 2805 δυσ-

282 2846 590 2911 ωποῦντος.
624 2847 803 2916 Ὅπερ
830 2845 923 2899 καὶ
967 2844 1069 2916 τὴν
1127 2843 1432 2913 γενομένην
1460 2842 1735 2914 σωτηρίαν
1762 2844 1875 2907 τοῖς

298 2940 615 3010 ’Δπαμεῦσι
634 2940 1069 3011 προεφήτευσεν.
1111 2936 1370 3006 Ἀνετέθη
1394 2934 1572 2989 τοίνυν
1601 2935 1697 2989 καὶ
1712 2934 1876 2990 εἰκὼν

284 3037 395 3090 ἀνα
424 3034 515 3087 τὸν
534 3034 729 3105 δρόσον
763 3032 871 3085 τῶν
907 3030 1243 3101 ἁκακτόρων.
1270 3028 1446 3083 ταῦτα
1481 3031 1595 3093 τοῖς
1619 3026 1876 3096 ἀγνοοῦσι

285 3131 360 3199 τῇ
418 3131 603 3199 γραφῇ
668 3126 1067 3193 διαγγέλλουσα
1119 3123 1255 3193 (56).
1312 3124 1347 3194 ἢ
1398 3123 1493 3176 καὶ
1551 3123 1716 3194 μέχρι
1776 3124 1877 3191 τῆς

1964 1935 2321 2005 qncntaltam,
2347 1950 2535 1989 secum
2568 1935 2929 1989 deducentes.
2965 1932 3154 2002 Itaque
3195 1947 3263 1985 eo
3306 1940 3553 2002 tempore

1964 2044 2075 2098 quo
2106 2027 2476 2083 venerandam
2498 2043 2718 2082 crucem
2745 2027 2975 2081 adorare
3008 2041 3073 2079 ac
3097 2024 3405 2081 deosculari
3439 2040 3555 2078 tuc-

1966 2119 2200 2184 ruintus,
2254 2119 2498 2175 Thomas
2545 2120 2707 2173 elatis
2744 2134 2965 2173 sursum
3023 2116 3302 2181 manibus,
3342 2116 3552 2188 lignum

1966 2210 2152 2264 crucis
2181 2208 2329 2279 quod
2366 2217 2608 2264 vett-rem
2639 2208 3082 2263 maledictionem
3130 2207 3392 2268 abolevit,
3435 2208 3557 2260 uni-

1966 2316 2181 2356 versam
2212 2301 2385 2356 {edem
2434 2315 2646 2355 sacram
2700 2298 2863 2372 ωε
2904 2298 3246 2354 circumiens
3288 2297 3554 2366 ostendit,

1968 2391 2113 2446 sicut
2149 2391 2204 2444 in
2235 2389 2575 2444 solemnibus
2614 2387 3001 2451 adorationum
3038 2385 3238 2439 diebus
3272 2382 3391 2437 ﬁeri
3424 2398 3556 2437 con-

1970 2489 2248 2536 sueverat.
2309 2480 2757 2550 Progredicntem
2802 2493 2934 2533 vero
2966 2477 3236 2531 Thomam
3284 2474 3555 2545 sequeba-

1971 2580 2062 2627 tur
2092 2572 2286 2643 ingens
2315 2572 2553 2635 ﬂamma,
2590 2587 2697 2625 non
2734 2570 2827 2625 illa
2846 2569 3075 2641 quidem
3109 2568 3430 2623 amburens.
3461 2566 3556 2621 sed

1971 2678 2271 2718 coruscans
2304 2665 2483 2717 :adeo
2521 2671 2582 2717 ut
2632 2671 2782 2717 totus
2827 2659 2918 2730 ille
2950 2662 3109 2716 locus
3139 2660 3196 2715 in
3228 2674 3340 2730 quo
3376 2658 3561 2713 consi-

1973 2766 2126 2813 stens
2154 2757 2416 2823 Thomas,
2476 2756 2854 2811 venerandam
2908 2770 3132 2811 crucem
3188 2752 3558 2819 ostendebat,

1974 2853 2315 2924 conﬂagrare
2350 2850 2660 2907 videretur.
2696 2850 2885 2922 Neque
2910 2851 3016 2904 hoc
3048 2848 3221 2903 semel
3249 2857 3416 2917 atque
3453 2846 3560 2901 ite-

1977 2962 2122 3010 rum,
2150 2945 2245 3001 sed
2282 2945 2483 3015 saepius
2513 2944 2721 2998 factum
2743 2953 2848 3006 est,
2874 2956 3002 2997 cum
3020 2941 3315 3010 episcopus
3341 2938 3565 2993 univer-

1977 3052 2098 3093 sum
2126 3036 2277 3091 illum
2322 3036 2505 3091 locum
2530 3034 2818 3097 circuiret,
2840 3042 2899 3088 et
2926 3032 3164 3103 populus
3198 3031 3311 3085 illic
3329 3045 3564 3100 congre—

1979 3137 2137 3200 gatus
2160 3128 2427 3182 Thomam
2475 3126 2638 3181 enixe
2679 3134 2899 3195 rogaret
2934 3132 2994 3179 ut
3038 3124 3090 3178 id
3149 3122 3327 3178 ﬂeret.
3365 3122 3442 3176 Ea
3474 3138 3566 3176 res

303 3221 684 3292 ’Λδααρμάνου
714 3219 827 3290 (57)
887 3220 982 3272 καὶ
1015 3216 1241 3289 Περσῶν
1307 3217 1501 3285 ἐφόδου
1561 3216 1866 3282 διεσώζετο.

1977 3222 2217 3277 futuram
2262 3218 2665 3289 Apamensibus
2698 3217 2936 3271 salutem
2992 3214 3265 3284 praedixit.
3302 3212 3567 3268 Dedicata

293 3310 612 3380 Συνεκαύθη
647 3311 705 3363 δὲ
749 3312 814 3381 τῇ
858 3309 1056 3363 αὐτόσε
1109 3308 1245 3379 ἁγίᾳ
1280 3307 1377 3365 τοῦ
1424 3307 1561 3362 Θεοῦ
1607 3308 1874 3379 ἐκκλησίᾳ

293 3407 440 3477 μετὰ
468 3406 567 3474 τῆς
596 3403 725 3474 ὅλης
754 3403 985 3466 πόλεως.
1025 3403 1137 3456 Καὶ
1187 3400 1365 3455 ταῦτα
1423 3401 1522 3471 μὲν
1548 3394 1651 3455 ὧδε
1682 3400 1875 3468 ἐγεγός-

290 3513 401 3551 νει.
448 3496 506 3549 '0
533 3496 590 3550 δὲ
620 3495 871 3565 Χοσρόης
905 3492 1049 3547 κατὰ
1090 3492 1193 3564 τὴν
1240 3492 1441 3562 ἄφοδον
1486 3491 1878 3563 παρασπονδή-

295 3605 402 3652 σας
428 3588 496 3641 τὰ
557 3586 924 3655 συγκείμενα,
973 3586 1099 3638 ἐπεὶ
1142 3585 1239 3638 καὶ
1279 3583 1536 3654 τηνικάδε
1579 3582 1877 3648 συνεδόκει,

291 3681 466 3750 ἔτερα
498 3678 770 3749 πέπραχε,
796 3676 873 3747 τῷ
907 3677 1004 3747 μὲν
1024 3674 1254 3729 ἀσταθεῖ
1283 3672 1451 3728 αὐτοῦ
1500 3673 1598 3726 καὶ
1630 3670 1877 3742 ἀϐεϐαίῳ

292 3771 489 3842 τρόπῳ
520 3769 913 3839 συμϐαίνοντα,
943 3768 1147 3839 ἣκιστα
1192 3768 1247 3820 δὲ
1281 3765 1436 3837 ἀνδρὶ
1467 3765 1693 3835 λογικῷ,
1743 3766 1879 3836 μήτι

295 3882 366 3934 γε
410 3863 476 3933 δὴ
525 3862 739 3934 βασιλεῖ
788 3862 1092 3934 πρέποντα,
1139 3860 1298 3929 λόγον
1337 3863 1444 3913 τῶν
1503 3859 1881 3929 συγκειμένων

299 3957 633 4026 ποιουμένῳ.

1977 3320 2063 3366 est
2093 3308 2262 3379 igitur
2297 3309 2477 3378 imago
2520 3309 2575 3363 itt
2624 3306 2875 3362 lacunari
2921 3305 3056 3361 edis
3084 3320 3273 3369 sacrae,
3308 3320 3432 3373 qua:
3462 3303 3571 3357 hoc

1980 3404 2305 3459 miraculum
2340 3404 2555 3474 pictura
2588 3417 2911 3472 expressum
2944 3399 3324 3457 nescientibus
3359 3396 3569 3451 indica-

1983 3504 2085 3549 ret.
2114 3493 2421 3563 hlansitquc
2443 3493 2656 3562 integra
2698 3494 2813 3546 hate
2847 3491 3046 3560 imago,
3083 3489 3152 3543 ad
3194 3488 3568 3543 incursionem

1985 3600 2159 3655 usque
2192 3584 2552 3639 Adaartnanis
2598 3591 2653 3636 et
2681 3583 2994 3637 Persarum.
3021 3579 3141 3646 Quo
3185 3589 3434 3645 tempore
3462 3593 3574 3631 una

1985 3691 2110 3731 cum
2137 3684 2489 3731 sacrosancta
2516 3674 2611 3727 Dei
2637 3672 2881 3727 Ecclesia
2910 3681 2966 3725 ct
2986 3685 3112 3724 cum
3147 3669 3406 3723 universa
3436 3666 3573 3721 civi-

1991 3777 2102 3825 tate
2138 3767 2373 3823 ﬂammis
2402 3767 2694 3835 absumpta
2734 3773 2838 3819 est.
2876 3764 3055 3833 Atque
3088 3761 3205 3815 haec
3231 3759 3458 3830 quidem
3497 3757 3569 3811 ita

1986 3868 2315 3916 evenerunt.
2360 3857 2638 3914 Cbosroes
2705 3872 2839 3910 vero
2882 3856 3014 3909 duttt
3067 3854 3294 3917 rediret,
3353 3851 3573 3906 violatis

1992 3950 2450 4021 pactis(qu2edam
2484 3948 2634 4003 enim
2677 3958 2810 4003 tunc
2830 3945 3249 4017 spoponderat),
3280 3945 3441 4013 longe
3465 3943 3570 4004 alia

295 4048 542 4112 admisit,
577 4064 700 4119 quae
740 4046 1121 4104 inconstantiae
1160 4044 1387 4118 quidem
1426 4046 1548 4116 ejus
1577 4060 1642 4100 ac
1672 4045 1881 4099 levitati
1919 4044 2358 4109 conveniebant,
2428 4043 2547 4098 viro
2573 4051 2758 4097 autem
2824 4040 3035 4093 ratione
3068 4038 3332 4108 pnedito,
3369 4037 3572 4090 nchm

300 4143 440 4214 regi,
466 4153 751 4213 pactorum
778 4156 1005 4198 suorum
1040 4140 1311 4207 rationem
1334 4137 1594 4198 ducenti.
1627 4139 1885 4194 indecora
1913 4152 2145 4209 prorsus
2164 4146 2344 4192 erant.

871 4231 1125 4288 ΚΕΦΔΛ.
1185 4232 1311 4285 ΚΖ’.

376 4329 517 4398 Περί
540 4328 651 4397 τῆς
673 4330 762 4393 είς
786 4326 1092 4380 Ἔδεσσαν
1117 4325 1510 4393 ἐκστρατείας
1539 4324 1832 4393 Χοσρόου.

388 4420 720 4492 Ἀναγράφει
778 4420 807 4472 ό
859 4418 1023 4482 αὐτὸς
1091 4417 1401 4488 Προκὸπιος
1449 4417 1543 4469 καὶ
1620 4414 1689 4468 τὰ
1753 4415 1903 4493 περὶ.

2576 4228 2729 4283 CAP.
2771 4227 2981 4283 XXVII.

2118 4321 2191 4375 De
2221 4320 2465 4378 Citosrois
2528 4322 2858 4393 expeditione
2887 4321 3137 4376 adversus
3168 4320 3448 4375 Edessam.

2062 4412 2260 4468 Narrat
2283 4414 2448 4468 etiam
2481 4412 2625 4467 idem
2650 4411 2953 4481 Procopius
2972 4424 3036 4466 ea
3056 4427 3179 4482 quae
3201 4412 3269 4466 de
3294 4410 3496 4465 Edessa
3520 4420 3576 4464 et

313 4487 573 4584 Ἐδέσσης
592 4487 662 4581 (υ)
692 4510 787 4564 καὶ
822 4507 1091 4579 Ἀγϐἀρου
1111 4487 1225 4573 τοῖς
1249 4508 1496 4572 παλαιοῖς
1514 4506 1866 4578 ἱστορημένα,

1980 4505 2048 4559 de
2079 4504 2299 4576 Agbaro
2326 4506 2395 4560 ab
2428 4504 2674 4574 antiquis
2702 4512 2832 4557 sunt
2860 4503 3099 4574 prodita,
3127 4512 3185 4559 et
3215 4502 3577 4575 quemadtno~

1599 4620 1833 4678 VARIAE
1873 4620 2172 4683 LECTION
2182 4620 2286 4676 ES.

1511 4763 1783 4821 VALESII
1822 4762 2387 4819 ANNOTATIONES.

383 4862 494 4930 (56)
538 4859 620 4929 Τῇ
650 4861 845 4930 γραφῇ
868 4860 1335 4931 διαγγέλλουσα.
1361 4858 1599 4914 Dubium
1616 4866 1723 4920 est,
1756 4857 1888 4931 quid
1923 4859 1969 4914 Ι)
1996 4873 2059 4912 ea
2105 4858 2152 4931 si
2194 4856 2381 4931 imago
2435 4867 2557 4931 erat
2596 4858 2674 4931 Ain
2710 4857 3012 4931 testudine,
3059 4859 3311 4923 ubinam,
3361 4876 3575 4931 quteso,

382 4702 400 4731 ⁷
424 4699 486 4755 C.
511 4698 574 4754 C.
601 4698 700 4752 τώ.

306 4928 418 4989 hoc
438 4933 560 5003 loco
590 4928 1096 5003 YoaeﬁrsigniﬂCct,
1124 4928 1313 5003 utrum
1332 4932 1612 5003 picturam
1666 4937 1722 4983 et
1754 4930 1893 4983 ima-

306 5004 497 5074 ginem
521 5001 757 5074 ﬂammae
780 5001 930 5056 illius
947 5018 1085 5074 qua;
1103 5001 1290 5074 crucis
1332 5001 1541 5074 lignum
1598 5008 1893 5074 prosecuta

307 5071 496 5128 fuerat
515 5111 531 5135 ,
556 5088 625 5126 an
652 5071 1011 5143 scripturam.
1038 5072 1322 5143 Masculus
1348 5071 1596 5143 quidem
1615 5086 1729 5143 pro
1752 5071 1892 5143 scri-

308 5152 480 5214 Plura
504 5142 745 5214 accepit».
774 5140 1253 5214 quemadmodum
1284 5140 1451 5196 etiam
1495 5140 1894 5214 Cbristophor-

307 5211 506 5274 Sonus,
538 5211 738 5282 quisic
771 5211 977 5268 vertit:
1027 5212 1102 5267 0b
1132 5229 1297 5283 quam
1328 5228 1553 5266 causam
1612 5211 1793 5280 imago
1836 5212 1892 5266 iu

309 5282 574 5338 testudine
614 5285 915 5338 sanctuarii
964 5282 1172 5338 statuta
1195 5282 1324 5406 Plit,
1378 5298 1496 5351 qua:
1540 5282 1889 5353 inscriptione

310 5357 370 5406 in
415 5354 531 5406 basi
582 5355 773 5406 incisa.
828 5356 923 5406 hoc
984 5356 1190 5406 miracu
1217 5371 1306 5406 um
1354 5352 1463 5406 illis
1505 5354 1594 5406 aui
1648 5353 1888 5406 eiusdem

310 5357 370 5407 in
415 5354 531 5406 basi
582 5355 773 5416 incisa,
828 5356 923 5409 Itoc
984 5352 1306 5408 miraculum
1354 5352 1463 5407 illis
1505 5354 1594 5422 qui
1648 5352 1888 5423 ejusdem

308 5424 493 5494 ignari
518 5426 1168 5491 erant,commonstraoit.
1208 5425 1409 5479 Verum
1448 5424 1564 5478 haec
1614 5422 1890 5494 interpre-

309 5494 450 5565 tatio
475 5493 609 5565 ferri
639 5510 749 5549 non
778 5503 977 5565 potest.
1001 5496 1185 5550 Primo
1207 5494 1357 5550 enim
1380 5495 1528 5549 basis
1547 5510 1656 5548 non
1688 5493 1892 5549 dicitur

312 5564 386 5619 de
416 5564 654 5636 imagine
679 5564 965 5636 picta,sed
999 5565 1069 5621 de
1110 5574 1292 5621 statua
1337 5566 1622 5626 duntaxat.
1658 5566 1891 5625 Pra‘ter-

1996 4928 2181 5000 posita
2211 4939 2334 5000 erat
2369 4928 2708 5000 basisiEgo
2738 4945 2872 5000 vero
2904 4930 3073 5000 hujus
3119 4928 3394 4987 miraculi
3438 4930 3578 4984 itua~

1992 4999 2176 5067 ginem
2206 4998 2488 5068 depictam
2513 4998 2684 5054 fuisse
2710 4998 3063 5054 existitno‘in
3090 5000 3339 5055 lacunari
3395 5000 3578 5055 eccle-

1992 5070 2111 5142 siae,
2142 5070 2234 5142 cui
2288 5071 2557 5142 fortasse“
2588 5071 2843 5142 inscripti
2895 5080 3057 5125 erant
3106 5072 3320 5142 aliquot
3359 5086 3579 5142 versus,

1993 5139 2090 5209 qui
2119 5140 2449 5194 miraculum
2506 5140 2643 5195 illud
2683 5139 3215 5196 commemorarent:
3240 5142 3467 5196 Similes
3496 5140 3583 5195 in-

1994 5210 2331 5283 scriptiones
2386 5211 2648 5283 leguntur
2704 5213 2758 5265 in
2811 5210 3080 5266 Thesauro
3118 5212 3368 5277 Gruteri,
3423 5224 3482 5266 ct
3526 5212 3582 5265 in

1996 5279 2254 5352 Epistolis
2281 5279 2524 5352 Paulini.
2622 5304 2653 5352 Α·

2069 5352 2178 5420 (57)
2224 5346 2766 5420 ΤῆςᾺδεερμάνου.
2786 5352 2844 5406 In
2878 5352 3214 5422 Nicephoro,
3237 5361 3295 5407 et
3316 5352 3370 5405 ιιι
3391 5352 3584 5406 codice

1998 5422 2312 5485 Tellcriano
2368 5422 2570 5492 legitur
2637 5422 3052 5493 ‘ABaapudvou.
3100 5424 3176 5477 De
3219 5423 3327 5478 hoc
3371 5423 3584 5493 Adam--

2000 5508 2158 5565 mane
2183 5494 2476 5565 Pensatum
2504 5493 2669 5558 duce,
2694 5492 2938 5565 ejusque
2956 5492 3011 5547 in
3033 5492 3248 5565 Syriam
3272 5492 3585 5561 irruptiono

2002 5562 2241 5634 loquitur
2266 5563 2539 5634 Evagrius
2567 5562 2762 5619 noster
2793 5562 2851 5618 in
2883 5563 2982 5619 lib.
3005 5580 3077 5618 Vl.

1765 5659 1847 5714 VA
1860 5657 2147 5714 RIORUM.

388 5748 463 5820 (tt)
508 5749 583 5820 re
606 5748 740 5817 περὶ
773 5749 1085 5819 Ἐδέσσης.
1110 5753 1380 5820 Quartum
1422 5751 1475 5805 itt
1527 5750 1757 5806 Romani
1795 5752 1896 5805 int-

320 5819 463 5892 perii
501 5819 764 5888 ditiones,
794 5822 1008 5877 scilicet
1055 5824 1109 5878 in
1139 5819 1627 5891 Mempotatniam.
1701 5824 1895 5893 irrupit

2007 5753 2281 5832 CllOs‘l‘ttt‘s
2310 5768 2455 5807 attito
2486 5751 2584 5807 ΒΗ
2612 5760 2663 5805 et
2696 5752 2959 5805 Edessam
2995 5751 3259 5805 diuturna
3293 5748 3585 5804 obsidione

2014 5832 2206 5880 ωιτη.
