4124 6332
629 379 730 439 733

1808 361 2121 425 EVAGRII
2163 357 2648 420 SCHOL.\ST1CI

3722 345 3870 412 278i

592 488 758 542 modo
793 487 1104 544 comedisse
1131 484 1325 540 dicens
1361 497 1472 554 quo
1505 487 1628 551 post
1657 478 1967 549 passionem
1996 490 2178 529 come-

2307 473 2502 540 ιὰθεσι,
2541 471 2675 541 μηδέ
2706 469 2762 522 δέ
2812 471 2950 539 μετὰ
2989 468 3088 539 τὴν
3123 467 3422 522 ἀνάστασιν
3457 465 3554 520 τοῦ
3593 468 3869 530 παναγίου

595 579 702 642 dit,
737 593 864 634 eum
916 583 1328 632 sacrosanctum
1373 575 1494 644 ejus
1539 585 1742 640 corpus
1779 569 1891 639 jam
1936 566 2064 620 inde
2110 581 2178 619 es

596 684 708 739 quo
735 667 792 722 in
822 677 979 722 utero
1024 666 1322 722 formatum
1369 674 1473 727 est,
1523 662 1724 715 nullam
1762 657 2177 714 conversionem

597 770 694 816 aut
737 761 1100 815 mutationem
1143 773 1245 812 nec
1288 757 1342 810 in
1375 753 1709 808 voluntariis
1743 761 1799 805 ct
1832 749 2178 804 naturalibus

597 853 1076 923 perpessionibus,
1111 865 1213 905 nec
1235 858 1361 919 post
1387 846 1848 901 resurrectionem
1876 841 2174 910 acceperit.

2287 563 2540 633 σώματος
2570 560 2734 614 αὑτοῦ
2792 561 3121 630 δεξαμένου·
3151 556 3232 621 οἷς
3263 560 3537 612 συναινεῖν
3570 556 3700 618 τοὺς
3735 556 3872 607 ἐκαο

2286 655 2457 724 σταχῆ
2516 653 2694 724 ίερέας
2755 652 3158 721 κατηνάγκαζε.
3221 652 3428 712 Πάντες
3489 647 3590 718 μὲν
3638 643 3735 701 οὖν
3804 648 3869 707 ἐς

2299 747 2651 798 Ἀναστάσιον
2691 746 2781 797 τὸν
2819 744 3151 813 Ἀντιοχείας
3206 743 3506 795 ἐπίσκοπον
3539 738 3874 810 καραδοκεῖν

2286 837 2553 902 εἰπόντες,
2590 837 2687 906 τὴν
2714 836 2938 907 πρώτην
2963 839 3160 904 πεῖραν
3184 833 3622 905 ἀπεκρούσαντο.

601 949 773 1003 Porro
802 945 1151 1003 Justinianus
1169 959 1362 998 omnes
1394 943 1599 1011 ubique
1658 939 1946 1007 episcopos
2003 949 2104 1004 per.
2145 934 2254 986 vim
2293 947 2490 1002 cogere
2534 931 2806 997 instituit,
2860 942 2922 985 ut
2968 931 3101 984 huic
3141 928 3391 998 opinioni
3439 925 3874 980 assentirentur.

603 1040 708 1096 Sed
735 1054 859 1093 cum
882 1037 1129 1091 universi
1155 1035 1480 1090 sententiam
1503 1025 2180 1086 AnastasiiAntiochensis
2219 1025 2466 1094 episcopi
2504 1033 2826 1093 exspectare
2881 1013 2939 1077 se
3004 1021 3441 1091 respondissent,
3479 1018 3720 1086 primum
3767 1015 3865 1068 im-

602 1127 870 1198 peratoris
899 1127 1164 1195 impetum
1193 1123 1568 1178 declinarunt.

1289 1237 1396 1291 AP.
1442 1235 1557 1289 XL.

1289 1237 1396 1291 ΑΡ.
1442 1237 1557 1289 XL.

836 1329 913 1383 De
937 1329 1222 1384 Anastasio
1244 1237 1643 1396 Erclu'episcOpa
1668 1322 1976 1378 Antiochia.

678 1445 852 1498 Porro
885 1442 988 1496 iste
1015 1441 1338 1496 Anastasius
1361 1440 1447 1493 vir
1478 1439 1578 1492 fuit
1613 1447 1727 1492 tum
1755 1437 1812 1489 in
1841 1433 2046 1488 divinis
2071 1431 2191 1486 Lit-

611 1535 744 1590 teris
787 1532 1085 1587 admodum
1127 1530 1403 1590 eruditus.
1435 1539 1552 1584 tum
1591 1529 1646 1582 in
1672 1526 1920 1580 moribus
1939 1533 1997 1580 et
2021 1525 2075 1578 in
2099 1515 2188 1578 vi:

609 1625 777 1680 vendi
815 1625 1028 1679 ratione
1054 1623 1506 1678 accuratissimus
1554 1638 1567 1674 :
1616 1618 1755 1674 adeo
1793 1626 1853 1672 ut
1891 1629 1983 1671 res
2018 1615 2184 1670 etiam

2894 1220 3143 1273 ΚΕΦΑΛ.
3186 1220 3274 1275 M'.

2328 1313 2470 1382 Περὶ
2517 1313 2919 1368 Ἀναστασιόυ
2943 1313 3426 1381 ἀρχιεπισκόπου
3465 1313 3847 1383 Ἀντιοχείας.

2367 1422 2475 1480 Ἦν
2504 1427 2558 1479 δὲ
2589 1426 2618 1478 ὁ
2660 1425 3032 1489 Ἀναστάσιος,
3082 1424 3152 1478 τὰ
3201 1426 3300 1494 μὲν
3345 1424 3466 1478 θεία
3520 1425 3581 1487 ἐς
3645 1425 3714 1479 τὰ
3778 1426 3887 1494 μά-

2292 1520 2449 1574 λιστα
2476 1518 2682 1586 λόγιος’
2711 1515 2948 1588 ἀκριϐὴς
2974 1516 3030 1570 δὲ
3063 1517 3190 1579 τοὺς
3215 1517 3450 1585 τρόπους
3474 1516 3569 1570 καὶ
3605 1516 3704 1588 τὴν
3737 1517 3886 1570 δίαι-

2290 1629 2390 1666 ταν
2413 1629 2426 1642 ·
2465 1611 2540 1673 ὡς
2575 1609 2668 1662 καὶ
2698 1611 2812 1672 τοῖς
2856 1607 2980 1662 λίαν
3016 1607 3190 1676 ψιλοῖς
3231 1608 3613 1678 ἐπισκήπτειν,
3642 1607 3741 1660 καὶ
3775 1625 3888 1676 μη-

613 1717 920 1772 levissimas
957 1716 1300 1779 observaret,
1331 1729 1435 1768 nec
1463 1729 1494 1766 a
1518 1710 1826 1766 constantia
1847 1719 1902 1765 et
1926 1708 2185 1762 ﬁrmitate

2307 1702 2462 1773 ἰαμοῦ
2513 1700 2608 1755 τοῦ
2651 1699 2952 1762 εὐσταθοῦς
2982 1700 3075 1754 καὶ
3108 1697 3328 1769 βεὸαίου
3369 1698 3712 1768 παρεξιέναι,
3747 1700 3888 1768 μήτι

616 1823 856 1878 unquam
885 1807 1224 1871 deﬂecteret,
1259 1805 1464 1860 nedum
1499 1803 1554 1857 in
1597 1803 1778 1872 magni
1802 1802 2065 1855 momenti
2099 1815 2192 1853 re-

614 1898 741 1960 bus,
768 1907 825 1951 et
854 1913 975 1968 quae
999 1897 1066 1952 ad
1094 1897 1264 1951 Deum
1291 1902 1625 1965 spectarent.
1653 1892 1833 1946 Mores
1856 1899 2040 1946 autem
2063 1905 2195 1945 suos

616 1993 692 2044 ita
735 1997 1162 2059 temperaverat,
1201 1998 1262 2040 ut
1297 2001 1477 2056 neque
1521 1983 1763 2038 adeundi
1794 1992 1852 2038 et
1877 1981 2195 2052 alloquendi

615 2081 796 2149 ipsum
824 2080 1060 2134 facilitas
1098 2079 1406 2148 expositum
1442 2075 1596 2129 illum
1624 2075 1877 2130 redderet
1901 2075 1967 2128 iis
1993 2073 2198 2143 quibus

616 2173 844 2226 minime
902 2171 1193 2241 oportebat
1241 2188 1256 2224 :
1290 2184 1393 2224 nec
1440 2169 1711 2224 severitas
1749 2177 1805 2222 et
1843 2166 2199 2222 inclementia

617 2263 961 2315 inaccessum
995 2276 1122 2315 eum
1152 2269 1440 2330 prazstaret
1461 2260 1575 2330 juri
1604 2269 1767 2328 atque
1796 2258 2020 2312 rationi.
2049 2257 2115 2311 Et
2137 2256 2198 2311 in

618 2353 782 2407 seriis
806 2353 1028 2421 quidem
1053 2352 1367 2421 colloquiis.
1389 2367 1554 2405 aures
1581 2351 1630 2406 ei
1664 2358 1912 2420 patentes
1937 2358 1994 2404 et
2012 2350 2199 2420 lingua

619 2442 898 2512 proﬂuens
924 2449 1044 2496 erat
1073 2460 1086 2494 :
1121 2452 1177 2496 et
1201 2441 1534 2510 qua'stiones
1564 2440 1874 2509 propositas
1896 2439 2200 2509 prudenter

618 2543 677 2588 et
709 2542 904 2604 argute
929 2532 1288 2588 dissolvebat.
1320 2533 1378 2586 In
1413 2531 1766 2587 sermonibus
1794 2538 1976 2585 autem
2001 2530 2203 2600 ineptis

621 2640 686 2678 ac
725 2623 1038 2693 ευριπ-Παίς,
1070 2639 1234 2678 aures
1265 2623 1489 2692 quidem
1524 2623 1743 2693 penitus
1767 2622 2015 2677 ocelusas
2035 2622 2205 2677 habe-

622 2717 737 2778 bat,
771 2717 1012 2787 linguam
1059 2731 1193 2770 vero
1223 2716 1379 2784 quasi
1415 2716 1572 2770 l‘reno
1599 2715 1839 2785 quodam
1873 2715 2203 2784 comprime-

624 2807 755 2862 bat:
809 2807 886 2862 ita
936 2818 995 2861 ut
1047 2805 1357 2861 orationem
1405 2807 1544 2860 ratio
1591 2805 1754 2877 423
1805 2806 2114 2870 metiretur,
2147 2815 2206 2861 et

626 2899 912 2952 silentium
964 2899 1116 2952 omni
1166 2897 1418 2952 oratione
1452 2897 1805 2967 praestantius
1845 2907 2012 2952 esset.
2049 2897 2206 2952 Hunc

628 2991 826 3060 igitur,
887 2999 1150 3060 tanquam
1205 2989 1685 3061 inexpugnabilem
1739 3005 1995 3055 murum,
2052 2989 2204 3044 omni

2293 1811 2358 1862 γε
2383 1793 2446 1863 δὴ
2472 1793 2577 1845 τῶν
2604 1791 2834 1862 καιρίων
2851 1808 2864 1822 '
2897 1791 2990 1844 καὶ
3016 1791 3073 1854 ἐς
3097 1790 3226 1842 αὐτὸ
3251 1789 3313 1842 τὸ
3343 1789 3499 1842 Θείον
3525 1788 3883 1858 ἀναφερομέ-

2294 1904 2420 1950 νων.
2453 1885 2608 1938 Οὕτω
2631 1883 2688 1937 δέ
2709 1883 2769 1936 τὸ
2798 1879 2932 1955 ἦθος
2963 1883 3252 1954 ἐκέκρατο,
3272 1883 3347 1945 ὼς
3370 1881 3502 1952 μηδέ
3537 1881 3616 1951 τῷ
3643 1883 3889 1952 εὐπροσ-

2295 1978 2399 2047 όδῳ
2451 1995 2509 2031 τε
2559 1979 2653 2031 καὶ
2700 1977 3035 2047 εὑεντεύκτῳ
3060 2015 3075 2041 ,
3123 1975 3463 2029 εὐεπίϐατων
3495 1979 3606 2039 τοῖς
3643 1977 3718 2047 μὴ
3747 1974 3889 2029 καθ-

2297 2072 2519 2140 ήκουσιν
2557 2063 2719 2133 εἶναι,
2765 2071 2900 2140 μηδὲ
2926 2069 3005 2140 τῷ
3028 2069 3286 2139 αὐστηρῷ
3311 2085 3369 2122 τε
3404 2069 3499 2122 καὶ
3529 2069 3740 2137 ἀφειδεῖ
3757 2069 3889 2122 δυσ-

2298 2163 2556 2233 πρόσιτον
2619 2163 2677 2223 ἐς
2728 2161 2797 2214 τὰ
2844 2161 3030 2214 δέοντα
3081 2160 3431 2214 καθεστάναι.
3493 2161 3582 2214 Ἐν
3636 2161 3736 2230 μὲν
3792 2161 3892 2217 οὖν

2301 2255 2416 2316 τοῖς
2473 2253 2806 2318 σπουδαίοις,
2834 2253 3055 2322 ἕτοιμος
3109 2248 3176 2322 ἦν
3205 2253 3273 2305 τὰ
3301 2250 3437 2317 ὦτα,
3458 2253 3553 2305 καὶ
3581 2256 3679 2323 τὴν
3707 2253 3890 2321 γλῶσκ

2304 2361 2404 2399 σαν
2441 2329 2656 2416 εὗρους,
2683 2343 2987 2405 assuetam;
3019 2342 3116 2405 τὰς
3142 2342 3368 2406 πύστεις
3393 2342 3648 2395 διαλύων.
3696 2343 3788 2396 Ἐν
3825 2343 3887 2398 δὲ

2301 2439 2414 2500 τοῖς
2459 2437 2781 2508 παρέργοις,
2814 2435 2881 2488 τὰ
2938 2437 3037 2504 μὲν
3069 2428 3181 2487 ὦτα
3209 2433 3396 2487 τέλεον
3445 2435 3842 2488 ἀποκέκλειστο
3867 2451 3885 2465 ·

2301 2529 2402 2598 τὴν
2431 2527 2489 2582 δὲ
2518 2527 2769 2596 γλῶσσαν
2795 2527 3013 2597 χαλινὸς
3042 2528 3280 2596 ἐπεῖχεν,
3333 2527 3408 2592 ὼς
3464 2528 3557 2582 καὶ
3587 2528 3678 2580 τὸν
3702 2528 3886 2594 λόγον,

2301 2621 2445 2689 λόγῳ
2483 2618 2865 2691 ρυθμίζεσθαι,
2903 2619 2998 2672 καὶ
3045 2618 3142 2689 τὴν
3172 2619 3384 2688 σιωπὴν
3411 2619 3693 2688 κρείττονα
3723 2619 3888 2687 λόγου

2305 2713 2657 2767 καθεστάναι.
2691 2711 2878 2780 Τούτῳ
2911 2709 3100 2781 ὥσπερ
3153 2713 3258 2764 τινὶ
3305 2711 3596 2782 δυσαλώτῳ
3629 2713 3824 2784 πύργῳ
3860 2714 3892 2766 ὁ

2320 2801 2696 2865 Ἰουστινιανός
2724 2798 3055 2870 προσϐάλλει
3080 2801 3340 2864 παντοίας
3385 2802 3634 2872 μηχανὰς
3663 2804 3893 2870 ἐπιστή-

2309 2909 2428 2954 σας,
2461 2891 2660 2944 ἐννοῶν
2705 2883 2788 2953 ὡς
2833 2890 2881 2942 εί
2938 2889 3128 2942 τοῦτον
3180 2893 3528 2945 κατασείσειε
3555 2893 3692 2963 (14),
3724 2894 3893 2956 πόνος

2308 2983 2482 3046 οὐδεὶς
2527 2982 2835 3052 λελείψεται
2875 2982 2975 3052 τὴν
3016 2983 3171 3035 πόλιν
3210 2984 3372 3049 ἑλεῖν,
3407 2985 3796 3056 ἀνδραποδίσαι
3828 3003 3889 3038 τε

627 3084 1008 3138 machinarum
1052 3099 1249 3154 genere
1281 3099 1598 3153 oppugnare
1642 3083 1869 3138 adortus
1913 3092 2002 3138 est
2038 3083 2202 3138 Justi-

2309 3077 2378 3127 τὰ
2415 3073 2550 3144 ὀρθὰ
2597 3073 2704 3125 τῶν
2746 3073 3054 3143 δογμάτων,
3098 3075 3190 3127 καὶ
3240 3075 3567 3144 αἰχμάλωτα
3607 3077 3792 3128 λαϐεῖν
3820 3077 3894 3128 τὰ

629 3177 827 3230 nianus
859 3193 873 3228 :
922 3176 977 3230 id
1009 3175 1224 3230 scilicet
1248 3190 1433 3230 secum
1467 3175 1583 3244 ipse
1621 3175 1890 3245 cogitans,
1922 3191 2002 3239 se,
2031 3177 2074 3228 si
2104 3177 2208 3230 hoc

628 3267 1106 3336 propugnaculum
1147 3265 1478 3329 subruisset,
1532 3264 1722 3319 urbem
1768 3265 2012 3334 posthaec
2054 3265 2208 3319 nullo

630 3360 852 3428 negotio
897 3367 1190 3426 capturum
1240 3371 1362 3411 esse
1388 3396 1402 3420 ,
1451 3363 1507 3410 et
1551 3364 1713 3410 rectae
1745 3356 1868 3411 ﬁdei
1896 3356 2208 3410 doctrinam

629 3446 686 3499 in
727 3446 1051 3500 servitutem
1102 3445 1488 3510 redacturum;
1546 3444 1788 3515 denique
1835 3461 1967 3500 oves
2003 3446 2208 3500 Christi

631 3537 874 3607 captivas
903 3537 1270 3592 abducturum
1309 3551 1451 3592 esse.
1500 3538 1818 3593 Anastasius
1845 3553 1974 3593 vero
2019 3539 2208 3592 divina

632 3630 868 3699 quadam
896 3629 1064 3684 animi
1093 3629 1442 3694 celsitudine,
1473 3631 1609 3684 adeo
1635 3646 1800 3700 supra
1819 3631 2209 3700 imperatorem

631 3737 752 3776 sese
773 3723 993 3784 extulit,
1020 3722 1222 3790 quippe
1251 3721 1345 3790 qui
1365 3721 1626 3775 fundatus
1647 3730 1795 3776 esset
1813 3737 1977 3791 supra
1999 3721 2211 3774 ﬁrmam

633 3820 870 3880 petram,
907 3819 988 3874 ut,
1016 3813 1179 3864 missa
1211 3811 1278 3864 ad
1311 3811 1681 3865 Iustinianum
1715 3811 2000 3875 relatione,
2031 3813 2210 3881 palam

631 3903 682 3956 ei
725 3901 1148 3966 contradixerit,
1179 3910 1234 3955 et
1271 3901 1716 3956 manifestissime
1743 3902 1906 3956 simul
1935 3917 1999 3956 ac
2039 3903 2214 3958 diser-

636 3993 847 4048 tissime
883 3993 938 4047 in
969 3992 1161 4048 eadem
1193 3993 1459 4046 relatione
1488 3992 1540 4046 ei
1569 3993 2050 4058 demonstraverit,
2085 4011 2210 4050 cor-

635 4101 738 4154 pus
781 4084 994 4138 Domini
1042 4086 1098 4138 in
1145 4085 1596 4154 perpessionibus
1639 4085 1985 4140 naturalibus
2013 4097 2214 4156 etquae

635 4180 691 4231 in
747 4177 1240 4247 reprehensionem
1289 4192 1400 4231 non
1447 4177 1680 4241 cadunt,
1731 4178 2071 4248 corruptioni
2115 4180 2216 4233 ob-

635 4267 862 4330 noxium
913 4265 1105 4328 fuisse,
1145 4274 1311 4334 atque
1351 4267 1425 4320 ita
1454 4265 1672 4320 divinos
1701 4268 1977 4334 apostolos
2003 4275 2061 4321 et
2087 4284 2212 4322 sau-

635 4368 754 4412 ctos
783 4358 978 4411 Patres
1009 4357 1275 4422 sensisse,
1305 4372 1366 4410 ac
1391 4357 1631 4425 posteris
1665 4358 1977 4413 tradidisse.
2006 4360 2211 4414 Eadem

633 4465 854 4519 quoque
883 4449 1172 4518 rescripsit
1201 4449 1269 4503 ad
1301 4449 1600 4504 monachos
1627 4450 1818 4520 prima:
1846 4467 1910 4506 ac
1955 4454 2214 4507 secunda:

635 4541 826 4612 Syrian,
876 4543 972 4611 qui
1009 4542 1188 4610 ipsum
1234 4541 1666 4596 consuluerant:
1720 4552 2047 4597 cunctorum
2093 4545 2216 4597 ani-

635 4650 754 4688 mos
782 4635 1136 4700 conﬁrmans,
1181 4642 1238 4689 et
1264 4635 1329 4689 ad
1355 4635 1704 4690 subeundum
1750 4645 2030 4691 certamen
2079 4653 2219 4706 pra:-

636 4741 855 4796 parans,
890 4737 946 4782 et
975 4727 1226 4796 quotidie
1261 4729 1316 4782 in
1345 4729 1591 4784 Ecclesia
1638 4730 1879 4784 reeitans
1920 4729 2089 4784 verba
2130 4731 2218 4788 illa

2311 3165 2561 3235 πρὸίατα
2593 3163 2686 3218 τοῦ
2723 3164 2982 3235 Χριστοῦ.
3016 3165 3073 3217 '0
3096 3165 3173 3226 δέ,
3205 3168 3284 3230 εἰς
3311 3168 3565 3220 τοσοῦτον
3601 3168 3890 3239 ὑπερήρθη

2308 3257 2385 3326 τῷ
2417 3257 2548 3326 Θείῳ
2579 3258 2890 3326 φρονήματι
2941 3257 2958 3326 (
2988 3258 3078 3310 ἐπὶ
3110 3257 3206 3328 τὴν
3229 3259 3504 3330 ἄρρηκτον
3528 3260 3636 3329 γὰρ
3677 3260 3888 3331 πέτραν

2309 3351 2552 3418 εἱστήκει
2579 3349 2680 3417 τῆς
2704 3348 2980 3416 πίστεως),
3012 3351 3086 3412 ὡς
3122 3351 3215 3402 καὶ
3257 3352 3614 3422 ἰουστινιανῷ
3646 3353 3891 3421 ἀναφαν-

2310 3440 2399 3493 δὸν
2437 3441 2713 3492 ἀντειπεῖν
2743 3440 2810 3492 δι’
2849 3443 3055 3503 οἰκείας
3110 3440 3413 3511 μηνύσεως,
3476 3443 3571 3495 καὶ
3613 3443 3892 3508 ἀποδεῖξαι

2315 3531 2459 3601 μάλα
2502 3531 2689 3599 σαφῶς
2735 3531 2828 3583 καὶ
2871 3530 3066 3599 λογίως
3103 3531 3169 3584 δι’
3203 3531 3399 3602 αὐτῆς,
3444 3533 3519 3596 ὡς
3564 3535 3802 3605 φθαρτὸν
3831 3535 3890 3590 τὸ

2314 3622 2474 3690 σῶμα
2504 3620 2598 3674 τοῦ
2631 3623 2836 3693 Κυρίου
2868 3623 2925 3675 ἐν
2955 3627 3067 3685 τοῖς
3111 3627 3359 3692 φυσικοῖς
3398 3625 3493 3676 καὶ
3543 3625 3888 3696 ἀδιαϐἓήτοις

2313 3713 2560 3779 πάθεσιν,
2604 3715 2742 3768 οἵτε
2787 3713 3064 3766 θεσπέσιοι
3099 3714 3409 3782 ἀπόστολοι,
3450 3716 3505 3768 οἴ
3539 3731 3598 3768 τε
3647 3715 3894 3786 θεοφόροι

2313 3806 2510 3876 ᾔδεσὲν
2535 3805 2608 3877 (q)
2642 3823 2702 3858 τε
2733 3807 2829 3860 καὶ
2871 3806 3179 3876 παρέδοσαν
3214 3808 3476 3877 Πατέρες.
3511 3809 3694 3861 Ταῦτα
3715 3808 3894 3861 δὲκαὶ

2314 3899 2452 3969 πρὸς
2484 3899 2545 3951 τὸ
2581 3898 2869 3968 μοναδικὸν
2901 3898 3126 3970 πρώτης
3167 3916 3223 3951 τε
3275 3901 3368 3952 καὶ
3400 3900 3659 3970 δευτέρας
3699 3900 3896 3968 Συρίας

2314 3991 2642 4060 πυθόμενον,
2683 3990 3039 4060 ἁπεκρίνατο,
3092 3991 3309 4042 πάντων
3363 3991 3750 4060 ὑποστηρίζων
3794 3991 3894 4052 τὰς

2315 4080 2564 4149 γνώμας,
2599 4083 2693 4135 καὶ
2723 4081 2858 4152 πρὸς
2891 4082 2984 4133 τὸν
3014 4081 3201 4149 ἀγῶνα
3230 4081 3570 4150 ὲπαλείφων,
3594 4085 3686 4135 ἐπί
3712 4100 3769 4135 τε
3795 4085 3896 4153 τῆς

2328 4173 2653 4242 Ἐκκλησίας
2689 4173 2956 4244 ὁσημέραι
2985 4172 3373 4240 ἀναγινώσκων
3437 4174 3497 4227 τὸ
3533 4177 3627 4227 τοῦ
3669 4175 3894 4239 σκεύους

2316 4265 2414 4335 τῆς
2464 4265 2731 4334 ἐκλογῆς·
2777 4284 2794 4316 ι
2823 4265 2888 4316 Ei’
2922 4282 3008 4328 τις
3056 4266 3199 4334 ὑμᾶς
3245 4266 3662 4334 εὐαγγελίζεται
3710 4269 3840 4338 παρ’
3868 4268 3895 4320 ὀ

2321 4355 2686 4425 παρελάϐετε,
2739 4356 2840 4410 κᾶν
2884 4356 3115 4424 ἄγγελος
3175 4356 3232 4422 ἐξ
3284 4357 3519 4427 οὐρανοῦ
3559 4353 3616 4432 ᾖ,
3649 4361 3895 4428 ἀνάθεμα

2317 4450 2476 4502 ἔστω.
2501 4468 2518 4498 ι
2556 4446 2652 4511 Οἷς
2691 4450 2974 4512 ἀπιδόντες
3019 4451 3255 4513 ἅπαντες
3288 4451 3356 4502 τὰ
3389 4453 3748 4522 παραπλήσια
3798 4455 3895 4522 μέ-

2317 4558 2441 4610 χρις
2489 4540 2802 4611 εὐαρίθμων
2849 4541 3152 4610 ἐζήλωσαν.
3196 4543 3512 4611 Γέγραπται
3546 4545 3589 4596 δ’
3617 4541 3710 4596 οὖν
3747 4545 3893 4614 αὐτῷ

2318 4636 2413 4688 καὶ
2463 4637 2859 4706 συντακτὴριος
2907 4636 3042 4704 προς
3085 4639 3211 4697 τοὺς
3249 4637 3553 4706 Ἀντιοχέας
3581 4637 3891 4709 λόγοςμεή,

2325 4727 2615 4796 πυθομένῳ
2645 4727 2734 4778 τὸν
2789 4727 3144 4780 ιουστινιανὸν
3193 4727 3395 4782 ἐθέλειν
3444 4731 3605 4783 αὑτὸν
3645 4731 3894 4800 ἐξοστρα-

1835 4889 2102 4943 VALESII
2138 4887 2692 4945 ANNOTATIONES.

703 4977 814 5047 (Η)
856 4980 919 5031 El
945 4979 1163 5052 τούτου
1185 4983 1590 5052 neruositate.
1619 4982 1844 5038 Rectius
1873 4983 2014 5052 apud
2042 4984 2205 5037 Nice-

634 5048 896 5117 phorum,
927 5048 1054 5101 etin
1099 5050 1286 5104 codice
1333 5053 1643 5108 'l‘ellcriano
1691 5048 1956 5106 scribitur
2014 5057 2204 5106 τοῦτον

635 5119 1000 5192 κατασείσειε.
1036 5117 1134 5192 Sic
1160 5121 1306 5174 enim
1328 5122 1476 5191 leges
1497 5124 1865 5190 graunnaticm
1896 5124 2199 5192 postulant.

637 5189 953 5257 Metaphora
985 5198 1071 5242 est
1103 5189 1267 5244 ducta
1290 5192 1358 5244 ab
1388 5189 1849 5246 obsidionalibus
1896 5189 2196 5258 machinis,

635 5258 839 5332 quibus
862 5259 1028 5332 urbes
1060 5263 1359 5332 expugnari
1390 5263 1661 5316 solebant.
1718 5263 1886 5316 Porro
1916 5263 1984 5316 de
2039 5264 2202 5332 hujus

635 5328 911 5381 Anastasii
949 5328 1171 5382 Sinaila:
1200 5328 1509 5385 constantia
1565 5333 1618 5385 in
1660 5332 2004 5386 defendenda
2053 5328 2202 5387 reet-1

639 5396 741 5468 ﬁde
764 5398 1030 5468 adversus
1052 5398 1301 5454 haeresim
1328 5403 1970 5468 Aphthartmlocitarum,
2008 5405 2205 5457 scribit

636 5467 1169 5542 e_tiam_Eustatl_1ius
1222 5474 1278 5542 in
1331 5467 1445 5526 Vita
1501 5474 1640 5526 beati
1692 5473 1936 5542 Eutychii
1971 5475 2207 5542 patriar—

637 5536 754 5591 cha:
781 5536 1396 5607 Constantinopolitani.

2385 4982 2531 5055 (l5_)__
2561 4981 3005 5055 Συντακτήριος
3038 4983 3189 5050 πρὸς
3245 4985 3382 5050 τοὺς
3426 4987 3763 5055 Ἀντιοχέας
3795 4990 3894 5039 λβ-

2311 5073 2434 5122 τος.
2467 5052 2775 5122 Mirumest
2822 5062 2935 5107 tres
2967 5054 3322 5122 interpretes,
3376 5052 3651 5122 Lausum,
3679 5057 3893 5111 Museu-

2317 5121 2424 5177 lum
2471 5130 2527 5177 et
2561 5121 3150 5190 Christophorsonum.
3216 5125 3270 5178 in
3320 5127 3484 5180 unius
3514 5128 3773 5181 vocabuli
3807 5129 3889 5182 in-

2309 5194 2710 5263 terpretatione
2738 5193 2902 5246 simul
2937 5194 3119 5263 lapsos
3168 5194 3362 5259 fuisse,
3394 5195 3572 5249 Gnaei
3612 5215 3893 5252 συνττικτι·

2311 5267 2438 5324 κους
2472 5273 2528 5317 et
2560 5265 2988 5332 συντακτηρίους
3040 5264 3233 5329 λόγους
3284 5268 3553 5320 vocabant
3613 5269 3893 5323 orationes

2311 5335 2378 5388 ad
2401 5333 2864 5406 valedicenduut,
2891 5349 3194 5406 earumque.
3218 5337 3532 5389 orationum
3557 5341 3892 5406 peculiarem

2315 5403 2636 5477 Inethodum
2669 5403 2831 5477 nobis
2866 5403 3237 5477 trzuliderunt.
3287 5414 3347 5458 ut
3383 5407 3488 5476 jam
3523 5403 3743 5477 pridem
3783 5426 3896 5464 mo-

2314 5475 2408 5548 nui
2449 5474 2500 5548 in
2520 5473 2988 5548 Adnotationibus
3011 5475 3361 5548 Eusebi-anis.
3383 5473 3427 5545 ἰ)
3447 5473 3683 5548 ις.’59θ,
3706 5490 3826 5537 ιιυι.
3854 5496 3888 5536 ι.

2316 5544 2447 5610 Qua:
2478 5544 2566 5598 hic
2598 5551 2845 5612 repetere
2880 5543 3221 5614 superﬂuum
3265 5543 3418 5616 puto.

2088 5683 2463 5739 VJI’JORUM.

716 5788 792 5858 (q)
822 5789 1110 5861 ’ζιδεσαιικ
1147 5794 1336 5852 Scribe
1366 5797 1603 5867 ᾔοῗειτκν.
1640 5799 1728 5852 ιν.
1763 5798 1980 5852 Lemn.
