4124 6332
224 346 365 414 2785
1149 348 1533 410 ΠΙΞΤΟΙὶΙίΕ
1572 349 1816 409 ECCLE!

1923 348 2165 409 ,ΞΤΙΟΛΞ
2206 349 2436 409 LIB‘ER
2470 349 2540 408 V.
3353 336 3499 403 273.6

223 464 375 518 κξσαι
395 478 407 491 ⁸
446 461 505 516 ὃν
535 462 649 516 ἐστι
680 463 901 526 δικαίως
935 463 1192 531 ἄγασθαι,
1228 467 1323 534 τῆς
1348 480 1402 516 τε
1431 462 1801 525 καλλιεπείας,

1923 462 1974 516 ib
2003 460 2293 516 electionis
2324 473 2452 512 vase
2499 455 2712 525 prolata
2758 471 2771 507 :
2821 473 2838 504 ‹
2887 452 2939 507 Si
2972 450 3098 521 quis
3130 448 3288 503 vobis
3331 463 3499 502 cvan-

220 554 326 616 τοῦ,
368 571 426 607 τε
478 555 572 626 ῥοῦ
617 555 727 609 τῶν
773 558 1077 625 νοημάτων,
1122 556 1221 625 τῆς
1277 572 1335 607 τε
1386 556 1647 625 εὐπορίας
1691 555 1801 609 τῶν

1923 550 2230 625 gelizaverit
2267 556 2465 618 praeter
2507 548 2559 601 id
2606 545 2752 615 quod
2782 544 3091 614 accepistis,
3122 540 3376 612 quamvis
3402 546 3501 593 an-

224 644 387 714 ιερῶν
432 645 693 715 Ῥήσεων,
726 646 818 699 καὶ
846 644 907 697 τὸ
931 645 1244 715 πρόσφορον
1274 644 1373 713 τῆς
1407 644 1801 715 ἱστορίαςῌδ).

1923 645 2065 715 gelus
2104 657 2169 696 ex
2213 642 2355 695 cmlo
2398 640 2587 703 fuerit,
2636 638 2927 692 anathema
2973 636 3108 689 sitq.
3150 654 3168 686 ι
3211 632 3342 699 Ουτο
3371 644 3498 685 cum

222 736 471 791 universi
528 737 714 791 animo
771 736 1209 806 perpenderent,
1273 736 1463 804 paucis
1526 737 1804 806 exceptis,
1882 736 2196 804 exemplum
2240 734 2361 803 ejus
2406 731 2585 786 secuti
2633 738 2787 784 sunt.
2833 727 3051 797 Scripta
3090 735 3175 780 cst
3213 725 3376 778 etiam
3430 721 3500 775 ab

224 832 420 885 eodem
467 831 760 886 Anastasio
809 831 987 885 oratio
1021 831 1090 884 ad
1124 830 1522 895 Antiochenos,
1591 846 1699 900 qua
1775 830 1884 885 illis
1920 830 2041 884 vale
2100 826 2349 890 diccbat,
2405 841 2533 880 cum
2585 823 2890 893 accepisset
2937 819 3311 876 Justiniannm
3356 815 3500 870 velle

226 924 408 994 ipsum
444 926 499 980 in
558 925 816 980 exsilium
893 926 1132 981 mittere.
1215 924 1388 991 Quam
1436 926 1659 995 quidem
1702 926 2012 980 orationem
2073 923 2275 978 merito
2326 922 2453 992 quis
2503 919 2832 984 admiretur,
2911 927 3027 970 tum
3078 914 3150 969 ob
3201 912 3501 968 verborum

225 1017 574 1089 cli-gantiam,
612 1026 729 1071 tum
762 1017 833 1072 ob
865 1018 1081 1087 copiam
1114 1012 1541 1083 sententiarum,
1607 1018 1750 1073 tum"
1796 1018 2035 1088 denique
2082 1016 2153 1071 ob
2200 1013 2513 1084 frequentia
2589 1026 2762 1066 sacrae
2811 1008 3113 1079 Scriptura:
3158 1002 3499 1061 testimonia.

220 1118 280 1164 et
300 1110 373 1165 ob
399 1110 686 1165 historiam
715 1110 831 1165 suis
858 1110 994 1164 locis
1033 1121 1157 1179 apte
1181 1110 1673 1168 accommodatam.

791 1223 1043 1276 ΚΕΦΛΛ.
1084 1224 1185 1276 ΜΔ
1208 1262 1223 1276 .

468 1312 601 1380 Περὶ
640 1313 746 1366 τοῦ
790 1312 1053 1367 θανάτου
1104 1313 1554 1368 Ἰουστινιανοῦ.

306 1428 491 1490 Ἀλλὰ,
520 1426 615 1479 τοῦ
660 1426 792 1478 Θεοῦ
834 1427 1079 1498 κρεῖττόν
1108 1443 1160 1477 τι
1193 1425 1646 1496 προϐλεψαμένου
1680 1423 1809 1495 περὶ

222 1520 405 1588 ἡμῶν,
439 1521 467 1570 ὁ
497 1519 653 1585 λόγος
688 1519 787 1571 οὐκ
825 1517 1209 1587 ὲδημοσιεύθη.
1259 1517 1318 1569 '0
1348 1521 1458 1588 γὰρ
1499 1508 1807 1572 ’1ουστινια-

2531 1214 2686 1270 CAP.
2742 1211 2880 1266 XLI.

2403 1307 2480 1361 De
2510 1307 2651 1360 obitu
2681 1303 3002 1358 Iustiniani.

1981 1422 2186 1475 Verum
2228 1419 2407 1473 oratio
2444 1418 2536 1471 illa
2579 1416 3009 1485 haudquaquam
3063 1412 3342 1483 publica:a
3393 1418 3499 1471 est,

1911 1527 1979 1567 eo
2016 1510 2164 1581 quod
2207 1510 2375 1575 Deus,
2430 1507 2595 1562 nobis
2638 1505 3007 1575 prospiciens,
3061 1520 3151 1558 res
3196 1512 3414 1557 nostras
3446 1503 3503 1556 in

223 1613 310 1673 sb;
340 1611 439 1678 τὴν
481 1609 834 1661 Ἀναστασίου
867 1608 958 1661 καὶ
986 1608 1095 1660 τῶν
1125 1606 1263 1677 ἀμφ’
1296 1608 1458 1661 αὑτὸν
1494 1611 1685 1680 ἱερέων
1712 1610 1807 1680 τὴν

1923 1602 2113 1657 melius
2141 1598 2523 1655 commutavit.
2557 1598 2777 1652 Etenim
2819 1595 3187 1658 Justimanus,
3238 1594 3369 1647 dum
3403 1592 3502 1645 ad-

222 1703 441 1772 ὲξορίαν
471 1700 848 1772 ὑπαγορεύων,
871 1701 1119 1770 ἀοράτως
1135 1702 1362 1771 τρωθεὶς
1400 1701 1489 1754 τὸν
1519 1701 1645 1772 τῇδε
1678 1719 1807 1755 κατ-

224 1794 455 1865 έστρεψε
515 1792 740 1864 βίον(ν),
789 1793 1117 1862 βασιλεύσας
1163 1794 1231 1846 τὰ
1276 1794 1452 1848 πάντα
1509 1792 1653 1846 ὀκτὼ
1716 1794 1809 1846 καὶ

1914 1710 2115 1750 versus
2180 1692 2531 1747 Anastasium
2589 1697 2647 1744 et
2696 1688 3012 1744 sacerdotes
3072 1687 3167 1756 qui
3228 1701 3353 1740 cum
3409 1685 3505 1739 illo

1915 1791 2094 1847 erant,
2129 1778 2532 1850 deportationis
2560 1778 2893 1833 sententiam
2930 1776 3188 1839 dictaret,
3234 1774 3505 1829 invisibili

1916 1876 2074 1946 plaga
2109 1875 2252 1928 ictus
2283 1888 2351 1925 ex
2383 1872 2487 1925 hac
2522 1870 2645 1925 luce
2687 1869 2965 1939 migravit,
3003 1884 3129 1923 cum
3176 1868 3506 1937 imperasset

1915 1966 1970 2020 in
2018 1966 2339 2020 universum
2389 1977 2566 2017 annos
2614 1970 2741 2017 octo
2782 1977 2850 2016 ac
2886 1960 3142 2031 triginta,
3184 1966 3241 2013 et
3286 1972 3507 2013 menses

1914 2069 2065 2115 OClO.

221 1887 516 1960 τριάκονῖα
548 1885 665 1955 ἔτη,
700 1884 835 1955 πρὸς
884 1885 1051 1955 μησὶν
1079 1882 1246 1938 ὀκτώ.

229 2175 410 2241 Τέλος
448 2173 555 2228 τοῦ
602 2172 859 2243 δ’τόμου
900 2172 1009 2240 τῆς
1045 2167 1592 2237 Ἐκκ.1ησιαστικῆς
1630 2168 1809 2221 Ἰστο-

838 2193 859 2259 ?
900 2172 1009 2294 nig-
1045 2167 1592 2237 'Exx.1ncrta0'ttxﬁc
1630 2168 1809 2221 Ἰστο-
1990 2172 2131 2229 Finis
2171 2171 2292 2225 libri
2323 2172 2504 2241 quarti
2548 2168 2930 2225 Ecclesiastica:
2974 2166 3225 2221 Historia:
3265 2164 3499 2235 Evagrii.

838 2261 924 2294 Luc
963 2243 1262 2294 "baroiov.

782 2258 924 2312 ριας
943 2258 1262 2311 ιιύαῃοιου.

1347 2584 1731 2672 ΤΟΜΟΣ
1810 2583 2389 2671 ΠΕΜΠΤΟΣ.

1353 2925 1708 3022 LIBER
1820 2923 2392 3030 QUINTUS.

232 3284 381 3339 Τάδε
429 3282 674 3336 ἔνεστιν
714 3283 787 3339 ἐν
836 3281 914 3345 τῷ
952 3282 1199 3349 πέμπτῳ
1232 3282 1388 3350 τόμῳ
1422 3281 1530 3347 τῆς
1568 3284 1810 3349 Ἐκκλη-

1923 3280 1981 3335 In
2013 3281 2198 3351 quinto
2229 3275 2779 3353 libroEcclcsiasticw
2813 3277 3061 3353 ilistoriw
3096 3280 3315 3353 Evagrii
3338 3281 3503 3342 Scho-

315 3353 620 3421 τιαστικῆς
665 3354 946 3421 Ἱστορίας
980 3354 1274 3421 Εὐαγριόυ
1303 3353 1739 3422 Σχολαστικοῦ.

300 3464 380 3520 A'.
429 3466 564 3537 Περὶ
622 3465 722 3533 τῆς
786 3466 1073 3519 Ἰουστίνου
1127 3466 1509 3537 ἀναρρήσεως,
1565 3468 1660 3518 καὶ
1722 3463 1815 3519 τοῦ

228 3558 436 3629 τρόπον
467 3555 653 3609 αὑτοῦ.

301 3650 377 3701 B'.
417 3648 550 3719 Περὶ
583 3647 682 3715 τῆς
719 3648 1049 3718 ἀναιρέσεως
1093 3646 1383 3701 Ἰουστίνον
1444 3646 1539 3701 τοῦ
1597 3648 1819 3718 ἀνεψιοῦ

228 3740 417 3795 αὑτοῦ.

300 3833 376 3887 I".
414 3832 549 3904 Περὶ
579 3830 685 3884 τῶν
712 3831 1027 3901 ἀλιτηρίων,
1075 3831 1316 3886 Ἀδδαῖον)
1356 3834 1453 3885 καὶ
1485 3833 1753 3905 Ᾱὶοερέου.

300 3928 373 3979 Δ’.
411 3927 544 3997 Περὶ
591 3924 682 3978 τοῦ
736 3925 1168 4003 προγράμματος
1216 3924 1317 3993 τῆς
1363 3924 1597 3988 πίστεως
1636 3924 1819 3995 ἡμῶν,

230 4021 367 4092 ὅπερ
414 4020 691 4081 Ἰουστῖνος
746 4020 858 4081 τοῖς
904 4016 1221 4088 ἁπανταχοῦ
1264 4019 1614 4087 Χριστιανοῐς
1660 4017 1825 4089 ἐγρα-

230 4113 352 4183 ψεν.

304 4203 380 4258 Ε’.
426 4206 559 4274 Περὶ
613 4205 713 4273 τῆς
776 4203 1003 4276 ἐκϐολῆς
1066 4206 1420 4262 Ἀναστασῐου
1506 4206 1811 4259 ἐπισκόπου

232 4297 500 4351 Θιουπὸλε
508 4314 602 4361 ως.

302 4426 330 4466 Ρ
359 4414 539 4471 Galat.
574 4432 615 4481 ι,
641 4417 694 4484 8,
724 4416 778 4472 9.

2362 3349 2539 3403 lastici
2572 3351 2680 3402 ha’c
2712 3349 3065 3403 continentur.

1992 3462 2156 3536 424
2174 3464 2306 3534 Cap.
2333 3464 2375 3518 l.
2399 3465 2476 3519 De
2507 3464 2778 3519 electione
2811 3464 3164 3535 imperatoris
3194 3467 3416 3534 Justini,
3447 3483 3506 3528 et

1925 3559 1992 3613 de
2019 3558 2139 3627 ejus
2171 3556 2436 3611 moribus.

1998 3649 2061 3702 ll.
2103 3648 2180 3702 De
2210 3648 2358 3703 ca'de
2390 3648 2597 3703 Justini
2627 3650 2848 3719 cognati
2880 3649 3256 3719 imperatoris.

1998 3825 2086 3879 lll.
2104 3825 2177 3879 De
2191 3824 2474 3879 sceleratis
2495 3824 2832 3888 hominibus,
2850 3824 3053 3880 Addzeo
3066 3835 3153 3897 atq
3164 3828 3510 3887 ucIEthcrio.

1999 3918 2086 3972 IV.
2130 3918 2384 3972 Edictum
2418 3917 2485 3971 de
2517 3917 2642 3979 fide,
2681 3916 2748 3970 ad
2780 3932 2973 3973 omnes
2999 3919 3093 3989 qui
3130 3921 3336 3992 ubique
3383 3934 3514 3981 sunt

1922 4010 2265 4066 Christianos
2298 4026 2328 4064 a
2357 4010 2577 4065 Justino
2607 4009 2900 4070 scriptum.

1995 4187 2058 4245 V.
2104 4188 2178 4242 De
2211 4186 2479 4243 Anastasii
2510 4184 2908 4242 Antiochensis
2937 4188 3183 4261 episcopi
3218 4193 3509 4264 ejectionc.

1443 4508 1714 4564 VALESII
1744 4507 2310 4566 ANNOTATIONES.

302 4624 420 4691 (l6)
461 4622 567 4677 Kal
592 4623 659 4676 τὸ
688 4625 1173 4693 πρόσφοροντῆς
1217 4626 1503 4691 Ιστορίας.
1572 4624 1811 4679 Savilius

1923 4624 2197 4693 cephorus
2225 4638 2357 4677 vero
2384 4639 2510 4677 cum
2539 4624 2689 4677 hunc
2717 4623 2937 4694 Evagrii
2988 4624 3168 4677 locum
3221 4623 3507 4679 describe-

234 4696 301 4749 τις]
336 4710 492 4749 oram
514 4694 597 4765 sui
630 4694 837 4765 codicis
870 4695 1185 4749 emendavit
1214 4697 1306 4748 καὶ
1346 4696 1440 4747 τοῦ
1472 4695 1809 4765 προσφόρου.

237 4765 328 4819 Sic
377 4766 528 4819 enim
568 4763 815 4833 ﬂagitant
840 4765 987 4833 leges
1028 4766 1419 4833 grannnatieze.
1472 4763 1577 4819 Eas
1628 4763 1810 4819 tamen

237 4837 306 4891 ab
336 4835 571 4905 Evagrio
593 4843 782 4888 nostro
814 4835 1091 4889 interdum
1141 4837 1327 4905 sperni
1368 4836 1680 4889 observavi.
1720 4836 1813 4889 Ni-

1924 4706 2028 4756 ret,
2056 4710 2157 4763 pro
2184 4696 2457 4762 particula
2493 4695 2846 4762 coniunctiva
2881 4696 3334 4763 lim-positionem
3377 4696 3509 4747 sub-

1920 4765 2099 4820 stituit
2125 4765 2229 4818 hoc
2262 4766 2459 4819 modo:
2489 4766 2625 4834 πρὸς
2652 4766 2715 4816 τὸ
2752 4765 3060 4835 πρόσφορον
3096 4766 3194 4835 τῆς
3249 4767 3507 4836 ἱστορίας.

1658 4944 2052 5003 VARIORUM.

308 5043 380 5109 (r)
425 5042 541 5096 Τὸν
597 5042 740 5109 τῇδε
797 5042 1169 5111 κατέστρεψε
1220 5044 1383 5107 βίον.
1434 5043 1683 5099 Mortuus
1738 5054 1824 5099 est

238 5115 588 5169 Justinianus
647 5116 779 5182 imp.
822 5114 912 5168 die
942 5114 1010 5168 14
1047 5116 1265 5168 'mensis
1314 5114 1639 5169 Novembris
1692 5116 1821 5168 anni

240 5186 364 5249 565,
398 5199 525 5239 eum
561 5184 885 5253 imperasset
923 5200 1098 5255 annos
1151 5186 1371 5253 triginta
1398 5194 1547 5255 octo.
1608 5200 1825 5239 menses

239 5265 472 5326 septem,
498 5263 555 5309 et
577 5255 698 5309 dies
718 5254 1006 5326 tredecim,
1041 5255 1222 5322 inquit
1248 5257 1375 5307 Ant.
1395 5254 1552 5326 Pagi,
1571 5255 1636 5308 ad
1664 5271 1825 5310 eum—

240 5324 363 5379 dem
389 5341 617 5389 annum,
650 5343 704 5378 n.
836 5325 911 5379 De
946 5326 1193 5379 moribus
1232 5327 1352 5394 ejus
1390 5324 1505 5379 haec
1540 5325 1820 5379 Zonaras:

239 5394 359 5450 Fuit
413 5396 564 5449 aditu
602 5396 885 5465 facillimus
914 5436 927 5458 ,
966 5396 1033 5447 ad
1059 5412 1265 5465 pwnam
1293 5396 1637 5466 irrogandum
1682 5413 1827 5465 a'quc

242 5476 517 5536 promptus
547 5476 703 5537 atque
752 5468 821 5519 ad
858 5468 1084 5520 crimina
1115 5466 1420 5519 audienda:
1461 5468 1742 5523 pecuniam
1768 5476 1815 5519 et

243 5542 437 5607 temere
476 5538 730 5605 profudit,
779 5548 826 5590 et
876 5553 967 5607 per
1010 5538 1091 5607 fas
1148 5554 1209 5589 ac
1258 5538 1407 5605 nefas
1464 5538 1814 5605 comparavit,

244 5606 408 5677 aliam
432 5608 487 5659 in
512 5607 760 5675 ωάὶβσίιι,
792 5608 958 5661 aliam
980 5607 1049 5660 ad
1079 5608 1409 5677 exsequenda
1448 5608 1670 5662 consilia
1695 5625 1816 5668 sua,

245 5675 408 5747 aliam
436 5678 491 5729 in
524 5693 634 5730 rem
661 5678 903 5732 bellicam
933 5688 979 5730 et
998 5675 1355 5731 contentiones
1391 5694 1575 5731 eorum
1613 5681 1703 5747 qni
1728 5695 1821 5731 vc-

246 5742 438 5799 lnntati
464 5748 627 5817 ipsius
656 5748 1094 5809 adversabantur,
1120 5749 1450 5801 insnmemlo.
1481 5749 1566 5802 Ita
1619 5742 1820 5814 factum

244 5823 319 5883 ut,
344 5834 462 5871 cum
478 5819 700 5889 pecunia
721 5834 927 5872 semper
955 5828 1146 5881 eaeret,
1166 5835 1282 5873 eam
1308 5820 1602 5875 rationibus
1628 5835 1822 5891 parum

1930 5045 2160 5099 honestis
2191 5053 2558 5114 compararet,
2592 5061 2654 5097 ac
2671 5045 2904 5113 gratiam
2934 5044 3145 5097 haberet
3162 5046 3225 5097 iis
3253 5047 3507 5114 quit-01113

1929 5117 2081 5185 gcndi
2101 5118 2209 5168 vias
2230 5118 2441 5185 argenti
2468 5114 3461 5177 ostcnrlcrcrtt,ctc.Baronius.Inenilm
3474 5130 3515 5172 0‘

1932 5186 2114 5239 Snidaa
2141 5186 2343 5241 Lexico
2385 5185 2674 5254 deceptus,
2696 5185 3065 5238 Jltstiuianum
3094 5187 3507 5255 analplmbelnnt

1930 5257 2105 5310 dixit:
2150 5270 2274 5310 eum
2300 5256 2470 5310 fuerit
2499 5271 2529 5309 e
2560 5265 2751 5309 contra
2801 5256 2853 5308 iu
2908 5256 3233 5309 liberalibus
3289 5256 3504 5318 litteris,

1932 5328 2073 5381 etin
2117 5326 2613 5381 constitutimiibus
2663 5325 3057 5380 ecclesiasticis
3096 5327 3350 5395 (quantm
3387 5344 3512 5381 cur—

1934 5413 2037 5467 pus
2066 5412 2095 5451 c
2124 5398 2451 5460 canonibus,
2506 5406 2600 5450 aut
2630 5411 2661 5450 e
2714 5396 2951 5467 receptis
3013 5396 3262 5451 moribus
3304 5398 3509 5466 hausit)

1923 5466 2440 5522 exercitatissimus.
2479 5468 2591 5520 Iloc
2627 5466 2847 5520 nomine
2897 5467 3229 5535 culpandus,
3275 5469 3420 5535 quod
3458 5469 3510 5521 in

1924 5548 2169 5592 extrema
2194 5549 2353 5592 {etaze
2391 5539 2577 5606 lapsus
2599 5538 2668 5591 sit
2692 5538 2743 5590 in
2780 5537 3013 5591 Incresin
3051 5537 3512 5605 Aphthartodoci—

1929 5618 2131 5671 tarum,
2160 5626 2280 5677 qua:
2300 5609 2507 5663 Christi
2535 5624 2739 5676 corpus
2768 5624 2834 5661 ex
2879 5608 2991 5675 ipsa
3026 5608 3331 5660 divinilaiis
3380 5626 3512 5660 cun-

1922 5680 2209 5749 junctione
2262 5680 2643 5748 incorruptum
2692 5677 2992 5749 asserebat.
3041 5677 3116 5749 Ex
3166 5692 3273 5749 qua
3329 5685 3513 5749 tamen

1930 5746 2093 5818 paulo
2118 5759 2243 5805 ante
2278 5746 2511 5804 mortem
2547 5764 2673 5803 eum
2712 5746 3187 5817 resipuissedocct
3220 5747 3510 5802 Baronius.
