4124 6332
278 350 421 419 2785
1205 353 1588 415 ΠΙΞΤΟΙὶῐίΕ
1627 354 1871 413 ECCLE!

1980 354 2220 414 STICIE
2262 354 2491 414 LIBER
2526 354 2595 413 ν.
3408 341 3553 408 972.6

278 469 429 523 κεσαι
450 483 462 495 ·
501 466 560 521 ὃν
590 467 705 521 ἔστι
735 468 956 531 δικαίως
990 468 1247 535 ἄγασθαι,
1283 471 1379 539 τῆς
1403 486 1457 521 τε
1486 467 1856 530 καλλιεπείας,

1980 468 2029 521 ιι)
2058 465 2349 521 electionis
2378 478 2507 517 vase
2554 461 2767 531 prolata
2813 476 2826 511 :
2876 478 2893 510 ι
2942 458 2995 513 Si
3027 456 3153 527 quis
3186 454 3343 509 vobis
3386 468 3554 508 cvan-

275 560 381 621 τοῦ,
424 576 481 612 τε
533 560 628 631 ῥοῦ
672 560 782 613 τῶν
829 563 1131 630 νοημάτων,
1177 560 1276 630 τῆς
1332 578 1390 613 τε
1441 561 1702 631 εὐπορίας
1746 561 1856 615 τῶν

1980 557 2285 629 gelizaverit
2322 562 2520 623 praeter
2562 553 2614 606 id
2661 551 2807 620 quod
2837 550 3147 619 accepistis.
3178 546 3431 617 quamvis
3456 554 3556 599 an-

278 649 443 719 ιερῶν
487 650 748 720 Ῥήσεων,
781 651 874 704 καὶ
901 650 962 702 τὸ
987 650 1299 719 πρόσφορον
1330 649 1428 718 τῆς
1462 649 1701 720 ἱστορίας
1721 650 1855 720 (16).

1980 650 2120 721 ςθιυδ
2159 662 2225 701 es
2268 647 2410 701 cmlo
2452 646 2642 708 fuerit,
2690 644 2981 697 anathema
3028 641 3163 695 sita.
3205 659 3223 691 υ
3266 637 3397 704 Qua:
3426 649 3553 691 cum

276 741 526 796 universi
583 742 769 795 animo
827 741 1264 811 perpenderent,
1329 741 1519 810 paucis
1581 742 1859 811 exceptis,
1937 740 2252 809 exemplum
2295 739 2417 808 ejus
2461 736 2641 791 secuti
2688 744 2842 789 sunt.-
2888 733 3106 802 Scripta
3145 740 3230 786 est
3267 731 3431 784 etiam
3485 726 3555 780 ab

279 836 475 891 eodem
523 835 815 891 Anastasio
865 836 1042 890 oratio
1076 836 1145 889 ad
1179 836 1577 900 Antiochenos,
1646 852 1755 905 qua
1830 836 1939 890 illis
1975 835 2097 889 vale
2155 832 2404 895 dicebat,
2460 846 2587 885 eum
2639 828 2945 899 accepisset
2992 824 3365 883 Iustinianum
3410 820 3555 875 velle

280 929 463 999 ipsum
498 932 553 985 in
613 930 871 985 exsilium
948 931 1187 985 mittere.
1270 930 1442 995 Quam
1491 931 1714 1000 quidem
1757 931 2067 985 orationem
2128 928 2329 983 merito
2381 926 2508 997 quis
2559 924 2887 989 admiretur,
2966 932 3083 976 tum
3132 919 3205 974 ob
3256 918 3556 973 verborum

279 1022 629 1093 cli-gantiam,
668 1031 783 1076 tum
817 1022 888 1077 ob
920 1023 1136 1092 copiam
1169 1016 1596 1088 sententiarum,
1663 1024 1805 1078 'tum'
1851 1023 2090 1093 denique
2136 1020 2208 1075 ob
2255 1018 2569 1089 frequentia
2644 1031 2817 1071 sacra:
2866 1013 3169 1084 Scriptura:
3212 1007 3553 1066 testimonia,

274 1123 334 1169 et
355 1115 428 1170 ob
454 1116 741 1170 historiam
770 1115 887 1170 suis
914 1115 1049 1169 locis
1088 1126 1212 1184 apte
1236 1115 1727 1172 accommodatam.

846 1228 1098 1281 ΚΕΦΑΛ.
1139 1229 1239 1281 ΜΔ
1263 1266 1277 1281 .

523 1318 656 1385 Περὶ
695 1318 801 1371 τοῦ
845 1317 1108 1372 θανάτου
1158 1318 1609 1373 Ἰουστινιανοῦ.

2587 1219 2741 1275 CAP.
2798 1216 2936 1271 XLI.

2458 1312 2536 1366 De
2565 1313 2706 1365 obitu
2736 1308 3058 1364 Iustiniani.

361 1432 546 1495 ‘Aifnir,
575 1431 670 1484 τοῦ
714 1431 847 1483 Θεοῦ
888 1432 1134 1503 κρεῖττόν
1163 1448 1215 1483 τι
1248 1430 1701 1502 προϐλεψαμένου
1735 1428 1864 1499 περὶ

2036 1427 2241 1481 Verum
2283 1424 2462 1479 oratio
2500 1423 2591 1476 illa
2634 1421 3065 1490 haudquaquam
3118 1418 3397 1488 publicata
3448 1424 3554 1477 est,

276 1525 460 1593 ἡμῶν,
494 1526 521 1575 ὁ
552 1524 708 1590 λόγος
742 1524 841 1575 οὐκ
880 1507 1264 1592 ἐδημοσιεύθη.
1313 1522 1373 1574 Ὀ
1403 1526 1512 1593 γὰρ
1554 1512 1863 1577 Ίοοστινιαο

1980 1532 2033 1572 eo
2072 1516 2219 1586 quod
2262 1516 2430 1579 Deus,
2484 1512 2650 1567 nobis
2692 1510 3062 1581 prospiciens,
3116 1525 3205 1563 res
3251 1517 3469 1562 nostras
3501 1508 3558 1561 in

276 1618 364 1678 νὸς
394 1616 493 1683 τὴν
536 1614 889 1666 ’Λναστασίου
922 1614 1013 1666 καὶ
1040 1613 1150 1665 τῶν
1180 1612 1317 1682 ἀμφ’
1350 1613 1513 1665 αὐτὸν
1549 1616 1740 1685 ἱερέων
1767 1615 1863 1685 τὴν

1980 1608 2168 1662 melius
2196 1604 2577 1661 commutavit.
2612 1603 2832 1657 Etenim
2874 1601 3242 1664 Justimanus,
3293 1599 3423 1653 dum
3457 1598 3556 1650 ad-

276 1708 496 1777 ὲξορίαν
527 1705 902 1777 ὑπαγορεύων,
926 1706 1174 1775 ἀοράτως
1189 1707 1417 1776 τρωθεὶς
1454 1707 1544 1759 τὸν
1574 1707 1700 1777 τῇδε
1733 1724 1862 1759 κατ-

1980 1715 2170 1755 vcrsus
2234 1697 2586 1751 Anastasium
2643 1702 2701 1749 et
2750 1694 3067 1749 sacerdotes
3127 1691 3222 1762 qui
3283 1706 3408 1746 cum
3463 1690 3559 1744 illo

277 1799 510 1870 έστρεψε
570 1797 796 1869 βίον(ν),
844 1797 1172 1867 βασιλεύσας
1218 1800 1286 1851 τὰ
1330 1800 1507 1853 πάντα
1563 1798 1707 1851 ὀκτὼ
1770 1800 1864 1851 καὶ

1980 1796 2149 1852 erant,
2184 1784 2587 1855 deportationis
2614 1783 2948 1837 sententiam
2986 1782 3243 1845 dictaret,
3289 1780 3559 1835 invisibili

274 1892 571 1965 τριάκοντα
602 1890 720 1960 ἔτη,
755 1890 889 1959 πρὸς
938 1890 1106 1960 μησὶν
1134 1887 1301 1943 ὀκτώ.

1980 1882 2129 1951 plaga
2164 1880 2306 1933 ictus
2338 1893 2406 1931 ex
2438 1877 2542 1931 hac
2576 1876 2700 1929 luce
2742 1874 3019 1945 migravit,
3058 1890 3184 1928 cum
3231 1873 3561 1943 imperasset

1970 1971 2025 2025 in
2072 1971 2394 2025 universum
2444 1982 2621 2023 annos
2669 1976 2795 2022 octo
2837 1982 2904 2022 ac
2940 1966 3197 2037 triginta,
3238 1972 3295 2019 ct
3341 1978 3562 2019 menses

1968 2074 2119 2120 OClO.

283 2180 463 2245 Τέλος
503 2177 609 2233 τοῦ
656 2178 706 2232 δ’
729 2179 914 2248 τόμοι)
954 2177 1064 2245 τῆς
1100 2172 1647 2243 Ἑκκλησιαστικῆς
1684 2172 1864 2226 Ἰστο-

892 2198 914 2263 ‘}
954 2177 1064 2299 fit:
1100 2172 1647 2243 Ἑκκιιησιαστικῆς
1684 2172 1864 2226 Ἱστο-
2045 2177 2185 2234 Finis
2226 2177 2346 2231 libri
2378 2177 2559 2247 quarti
2602 2174 2985 2230 Ecclesiasticw
3028 2172 3279 2226 Historia
3320 2170 3553 2241 Evagrii.

892 2266 979 2299 ιιι(-
1018 2248 1316 2299 τ’ὺαγοίου.

837 2249 979 2317 plac
998 2248 1316 2316 Elvamlov.

1401 2590 1786 2677 ΤΟΜΟΣ
1865 2588 2444 2676 ΠΕΜΠΤΟΣ.

1408 2931 1763 3027 LlBER
1874 2929 2447 3035 QUINTUS.

287 3288 435 3344 Τάδε
484 3286 729 3358 ἔνεστιν
768 3288 841 3343 ἐν
890 3286 967 3350 τῷ
1006 3288 1253 3354 πέμπτῳ
1287 3288 1442 3355 τόμῳ
1477 3286 1584 3352 τῆς
1623 3289 1864 3355 Ἐκκλη-

1980 3285 2035 3340 In
2068 3286 2253 3357 quinto
2283 3280 2833 3358 libroEcclcsiasticw
2868 3282 3115 3358 llistoria:
3151 3286 3369 3358 Evagrii
3393 3287 3557 3347 Schn-

370 3357 674 3426 τιαστικῆς
719 3359 1000 3426 Ἱστορίας
1035 3359 1328 3425 Εὑαγριόυ
1357 3358 1793 3427 Σχολαστικθῦ.

354 3468 434 3524 Α’.
482 3471 618 3541 Περὶ
677 3470 777 3538 τῆς
840 3470 1127 3523 Ίουστίνου
1182 3470 1563 3541 ἀναρρήσεως,
1619 3474 1714 3523 καὶ
1776 3468 1870 3523 τοῦ

282 3562 489 3633 τρόπου
521 3559 708 3613 αὐτοῦ.

355 3654 431 3706 B'.
470 3652 605 3724 Περὶ
637 3652 737 3720 τῆς
773 3653 1103 3722 ἀναιρέσεως
1147 3650 1437 3706 Ἱουστενου
1499 3652 1593 3706 τοῦ
1651 3653 1873 3723 ἀνεψιοῦ

282 3762 471 3799 αυτου.

354 3838 431 3891 I".
467 3836 603 3909 Περὶ
633 3835 740 3889 τῶν
766 3836 1081 3906 ἀλιτηρίων,
1129 3836 1370 3891 Ἀδδαῖον
1410 3838 1508 3890 καὶ
1540 3839 1807 3910 Ᾱίϐερίου.

353 3932 427 3984 Δ’.
463 3932 598 4001 Περὶ
646 3928 737 3983 τοῦ
791 3930 1223 4007 προγράμματος
1270 3929 1371 3997 τῆς
1418 3929 1651 3993 πίστεως
1691 3930 1873 4000 ἡμῶν,

283 4026 421 4096 ὅπερ
467 4024 745 4085 Ὶουστῖνος
801 4025 912 4086 τοῖς
958 4021 1275 4093 ἁπανταχοῦ
1318 4024 1669 4091 Χριστιανοῐς
1714 4022 1879 4093 ἐγρα-

298 4117 405 4172 ιεν.

300 4136 405 4172 νεν.

282 4136 322 4187 γ
357 4208 434 4262 E'.
480 4210 613 4279 Περὶ
667 4210 767 4278 τῆς
830 4208 1057 4281 ἆκϐολῆς
1120 4210 1475 4267 ’Λναστασίαυ
1561 4211 1865 4264 ἐπισκόπου

284 4301 554 4356 Θεουπόλε
563 4318 657 4366 ως.

356 4430 384 4471 ι»
413 4419 593 4475 Galat.
628 4436 669 4485 t,
696 4421 748 4488 8,
778 4421 832 4477 9.

2416 3354 2594 3408 lastici
2626 3356 2734 3407 lta’c
2766 3355 3119 3409 continentur.

2046 3468 2210 3541 424
2229 3469 2360 3539 Cap.
2388 3470 2430 3523 Ι.
2454 3470 2530 3525 De
2562 3468 2833 3525 electione
2866 3470 3218 3540 imperatoris
3248 3473 3471 3539 Justini,
3502 3489 3561 3534 et

1979 3564 2047 3619 de
2074 3564 2193 3632 ejus
2226 3562 2491 3617 moribus.

2052 3654 2115 3708 ll.
2157 3654 2234 3707 De
2264 3653 2412 3708 ca’dc
2444 3653 2651 3709 Justini
2682 3655 2903 3725 cognati
2935 3654 3311 3725 imperatoris.

2052 3831 2140 3884 Ill.
2157 3831 2231 3885 De
2245 3830 2528 3884 sceleratis
2549 3829 2887 3894 hominibus,
2904 3830 3565 3902 Addteoatqucﬂlthcrio.

2053 3924 2139 3977 ιν.
2185 3923 2438 3977 Edictum
2473 3923 2539 3977 de
2571 3923 2697 3986 ﬁde,
2736 3922 2803 3976 ad
2835 3938 3027 3979 onmes
3054 3925 3148 3995 qui
3185 3926 3390 3998 ubique
3437 3940 3569 3986 sunt

1976 4015 2319 4071 Christianos
2352 4032 2382 4069 a
2412 4016 2632 4071 Iustino
2662 4016 2955 4077 scriptum.

2048 4193 2112 4250 γ.
2157 4194 2232 4248 De
2264 4192 2533 4247 Anastasii
2564 4190 2963 4249 Antiochensis
2992 4195 3237 4267 episcopi
3273 4199 3564 4269 ejectionc.

1497 4512 1769 4569 VALESII
1798 4512 2363 4571 ANNOTATIONES.

355 4628 474 4697 (l6)
516 4627 621 4681 Kal
642 4628 713 4699 τὸ
742 4630 1095 4697 πρόσφορον
1116 4630 1227 4697 τῆς
1271 4630 1557 4696 Ιστορίας.
1626 4629 1865 4685 Savilius

1980 4629 2251 4697 cepliorus
2279 4643 2411 4682 vero
2438 4644 2563 4682 cum
2593 4628 2743 4683 hunc
2771 4629 2990 4699 Evagrii
3042 4630 3222 4683 locum
3275 4629 3561 4685 describe-

287 4701 355 4754 ad
390 4714 545 4754 oram
568 4698 651 4770 sui
684 4699 891 4770 codicis
924 4700 1239 4754 emendavit
1269 4702 1361 4753 καὶ
1401 4700 1493 4752 τοῦ
1527 4700 1863 4770 προσφόρου.

289 4770 380 4825 Sic
430 4770 582 4823 enim
622 4767 869 4838 ﬂagitant
894 4770 1041 4837 leges
1082 4771 1473 4838 grammatice.
1526 4767 1631 4824 Eas
1681 4767 1863 4824 tamen

288 4842 358 4897 ab
389 4840 625 4909 Evagrio
646 4848 836 4893 nostro
867 4839 1145 4894 interdum
1195 4841 1382 4910 sperni
1422 4840 1734 4895 observavi.
1772 4841 1867 4894 Ni-

1977 4711 2081 4761 ret,
2110 4716 2211 4768 pro
2238 4700 2511 4767 particula
2547 4701 2900 4767 conjunctiva
2935 4702 3388 4769 lim-positionem
3430 4702 3564 4753 sub-

1974 4770 2153 4825 stituit
2179 4771 2283 4823 lioc
2315 4770 2513 4823 modo:
2543 4770 2679 4839 πρὸς
2706 4771 2769 4821 τὸ
2806 4770 3114 4840 πρόσφορον
3150 4772 3248 4841 τῆς
3303 4773 3561 4842 ἱστορίας.

1712 4949 2106 5008 VARIORUM.

360 5048 433 5113 (r)
481 5046 595 5100 Τὸν
651 5046 794 5115 τῇδε
851 5047 1223 5116 κατέστρεψε
1274 5049 1437 5112 βίον.
1488 5048 1737 5103 Mortuus
1792 5059 1877 5104 est

289 5119 641 5173 Justinianus
701 5121 833 5186 imp.
875 5119 966 5172 die
996 5119 1064 5172 14
1102 5121 1319 5173 mensis
1368 5118 1694 5174 Novembris
1746 5121 1875 5173 anni

291 5191 416 5253 565,
452 5204 579 5242 cum
614 5188 939 5260 imperasset
977 5204 1152 5260 annos
1205 5190 1425 5257 triginta
1451 5198 1601 5260 octo,
1662 5205 1878 5244 menses

290 5269 526 5330 septem,
552 5268 608 5313 et
631 5259 751 5313 dies
773 5258 1060 5330 tredecim,
1095 5259 1275 5327 inquit
1302 5262 1429 5313 Ant.
1449 5258 1599 5330 Pagi,
1625 5260 1691 5313 ad
1718 5276 1879 5314 eum-

292 5329 415 5384 dem
442 5345 670 5393 annum,
704 5346 758 5382 η.
890 5330 965 5383 De
999 5330 1246 5383 moribus
1286 5330 1405 5399 ejus
1444 5329 1559 5384 hace
1595 5330 1875 5384 Zonaras:

290 5399 411 5453 Fuit
468 5399 617 5453 aditu
655 5400 939 5469 facillimus
968 5440 981 5463 ,
1020 5400 1087 5452 ad
1112 5417 1318 5471 pwnam
1346 5401 1691 5470 irrogandum
1737 5418 1881 5469 a’qttc

292 5480 570 5540 promptus
600 5479 757 5541 atque
805 5472 875 5523 ad
911 5473 1137 5524 crimina
1168 5471 1474 5524 audienda:
1515 5473 1797 5528 vccnniam
1822 5480 1868 5523 et

294 5548 490 5612 temere
528 5541 785 5612 profudit,
833 5552 879 5594 et
930 5558 1022 5612 per
1065 5543 1145 5611 fas
1201 5558 1263 5594 ac
1313 5543 1461 5611 nefas
1518 5543 1868 5610 comparavit,

294 5610 461 5683 aliam
485 5612 539 5664 in
564 5611 813 5679 aediﬁcia,
845 5610 1011 5667 aliain
1034 5610 1103 5665 ad
1132 5610 1463 5683 exsequenda
1502 5612 1724 5666 consilia
1750 5629 1870 5673 sua,

295 5680 461 5751 aliam
487 5683 544 5734 in
577 5698 689 5735 rem
714 5682 957 5737 bellicam
987 5692 1033 5736 et
1052 5680 1409 5736 contentiones
1444 5699 1628 5736 eorum
1667 5685 1757 5751 qui
1781 5699 1875 5735 vc-

296 5747 490 5805 luntati
516 5752 680 5821 ipsius
709 5753 1147 5814 adversabantur,
1174 5755 1504 5807 insumendo.
1535 5753 1619 5807 Ita
1673 5747 1874 5819 factum

294 5828 370 5888 ut,
396 5839 514 5876 cum
532 5826 753 5894 pecunia
774 5841 980 5879 scmusr
1008 5834 1199 5887 eaeret,
1220 5840 1335 5878 earn
1361 5825 1656 5880 rationibus
1682 5840 1876 5896 parum

1984 5050 2214 5104 honestis
2245 5058 2612 5119 compararet,
2646 5066 2707 5102 ac
2725 5050 2958 5118 gratiam
2988 5048 3199 5103 lmbcrct
3215 5050 3278 5103 iis
3306 5052 3396 5119 qui
3413 5053 3561 5105 colli-

1983 5122 2135 5191 gendi
2155 5123 2262 5173 vias
2284 5122 2495 5189 argenti
2522 5119 3569 5191 ostenderent,etc.Baronius.tnenduso‘

1986 5190 2167 5245 Suidce
2195 5191 2396 5246 Lexico
2438 5190 2728 5259 deceptus,
2750 5190 3119 5243 Jttstiuiauum
3147 5192 3561 5259 unalpltabetmn

1984 5262 2158 5315 dixit:
2203 5262 2523 5315 cumfuerit
2553 5277 2583 5314 e
2614 5271 2805 5315 contra
2854 5261 2906 5313 in
2962 5260 3285 5313 liberalibus
3343 5262 3557 5323 litteris.

1985 5341 2041 5386 et
2071 5333 2126 5385 in
2170 5332 2667 5386 constitutionibus
2716 5330 3110 5385 ecclesiasticis
3149 5332 3403 5399 (quarum
3441 5349 3566 5386 cor—

1988 5418 2091 5471 pus
2120 5418 2148 5455 e
2178 5404 2504 5465 eauonibus,
2560 5411 2654 5455 aut
2684 5416 2714 5455 e
2767 5402 3005 5470 receptis
3067 5401 3315 5455 moribus
3358 5403 3562 5471 hausit)

1976 5473 2494 5527 exercitatissimus.
2533 5473 2645 5525 Iloc
2680 5471 2901 5525 nomine
2951 5472 3282 5539 culpandus,
3328 5474 3474 5541 quod
3511 5475 3563 5526 iu

1978 5554 2223 5597 extrema
2248 5554 2407 5597 celate
2446 5545 2631 5611 lapsus
2653 5543 2721 5595 sit
2746 5543 2797 5595 iu
2834 5542 3067 5595 luere-sin
3105 5542 3565 5610 Aplitltartodoci-

1983 5622 2185 5675 larum,
2214 5630 2334 5682 qme
2353 5614 2562 5668 Christi
2589 5629 2792 5682 corpus
2822 5629 2887 5666 ex
2933 5612 3046 5681 ipsa
3080 5613 3385 5667 divinitatis
3435 5631 3565 5666 cun-

1975 5685 2263 5753 junctione
2316 5686 2697 5753 incorruptum
2745 5683 3047 5753 asserebat.
3095 5683 3170 5736 Ex
3221 5698 3327 5752 qua
3383 5691 3566 5737 tamen

1984 5755 2147 5823 paulo
2171 5764 2296 5810 ante
2332 5752 2565 5809 mortem
2600 5770 2727 5808 eum
2766 5752 3241 5823 resipuisscdocct
3274 5753 3563 5808 Batonius.
