4124 6332
614 418 751 484 2811

1834 393 2147 479 EVAGRII
2183 418 2665 479 SCHOLASTICI

3732 423 3873 486 2812

617 534 883 604 dignitate
914 530 1090 592 exuit,
1114 545 1238 585 cum
1265 531 1400 585 nihil
1421 546 1483 585 ca
1509 530 1576 585 de
1607 546 1664 584 re
1692 530 1962 585 militibus
1990 548 2188 586 renun-

2301 533 2690 600 ιιαταγέλαστον
2708 532 3023 601 πολιορκίαν
3048 532 3327 597 λύσαντες.
3346 535 3402 585 Ὀ
3426 535 3521 603 μὲν
3537 530 3634 589 οὖν
3649 536 3875 607 Ἀδααρο

617 624 828 679 tiasset.
867 619 1237 677 Centuriones
1295 636 1427 677 vero
1486 632 1540 676 et
1597 622 1852 677 ordinum
1910 622 2189 685 ductores,

616 720 908 785 postquam
936 714 1178 781 peractis
1205 712 1408 781 vigiliis
1450 711 1644 765 ducem
1679 728 1837 765 suum
1869 723 2194 766 exauctora-

617 810 734 856 tum
765 817 889 856 esse
925 802 1260 864 didicerunt,
1290 816 1398 855 non
1440 802 1677 870 amplius
1715 812 2103 872 processerunt
2137 806 2191 856 in

617 893 899 967 publicum
930 912 943 946 :
975 894 1068 948 sed
1097 893 1291 963 dilapsi
1317 893 1418 948 hac
1468 894 1603 947 illac
1650 893 1837 964 fugere
1882 902 2191 963 coeperunt,

620 984 910 1039 ridiculam
944 985 1091 1038 illam
1137 985 1483 1039 obsidionem
1530 984 1923 1053 relinquentes.
1968 984 2190 1039 Interim

618 1076 1011 1140 Adaarmanes,
1044 1078 1137 1146 qui
1169 1077 1465 1130 Persarum
1488 1084 1544 1129 et
1576 1075 1923 1128 Scenitarum
1952 1075 2190 1128 Arabum

619 1170 896 1239 ingentem
952 1168 1190 1222 habebat
1239 1169 1567 1229 exercitum,
1598 1166 1904 1221 Circesium
1964 1177 2194 1236 praeter-

608 1278 861 1333 gressus,
925 1264 1294 1317 Romanorum
1348 1262 1614 1315 ditionem
1650 1261 1904 1315 incendio
1947 1277 2019 1315 ac'
2049 1262 2197 1316 ferro

618 1363 676 1410 et
707 1354 855 1409 omni
883 1355 1204 1408 vastationis
1236 1370 1435 1424 genere
1464 1354 1759 1422 populatus
1785 1362 1891 1415 est,
1924 1353 2059 1406 nihil
2082 1370 2196 1408 me-

619 1446 809 1501 diocre
832 1447 1019 1500 animo
1047 1445 1344 1516 designans
1377 1454 1472 1499 aut
1519 1460 1735 1516 gerens.
1764 1443 2003 1499 Castella
2030 1446 2197 1500 etiam

618 1535 767 1604 cepit
804 1543 861 1591 et
895 1537 1042 1589 vicos
1076 1549 1241 1605 quam
1277 1535 1569 1603 plurimos,
1598 1532 1834 1590 nemine.
1857 1534 2147 1589 resistente
2180 1538 2207 1565 ·“

618 1628 857 1697 primum
878 1627 1122 1697 quidem,
1141 1627 1268 1696 quia
1283 1628 1472 1681 nullus
1496 1637 1626 1680 tunc
1650 1638 1769 1680 erat
1788 1625 1900 1680 dux
1923 1625 2199 1681 Romano-

619 1734 767 1774 rum.
792 1718 997 1772 Deinde
1034 1733 1101 1773 eo
1120 1717 1267 1787 quod
1299 1717 1565 1771 militibus
1602 1716 1866 1770 Romanis
1896 1731 1923 1768 a
1950 1714 2197 1772 Chosroe

621 1810 765 1865 intra
818 1809 1085 1879 Oppidum
1142 1810 1315 1863 Daras
1352 1808 1649 1869 conclusis,
1710 1806 2094 1877 pabulationes
2143 1818 2200 1864 et

2297 624 2470 693 μάνης
2523 624 2661 699 έχων
2711 624 2985 693 ἀξιόλογον
3041 627 3267 698 στρατὸν
3294 627 3520 697 Περσῶν
3558 642 3617 679 τε
3649 628 3875 681 καὶτῶν

2294 714 2586 786 Σκηνητῶν
2611 714 2931 786 Βαρϐάρων,
2958 718 3079 769 ἐπεὶ
3110 719 3171 770 τὺ
3197 718 3498 788 Κιρκήσιον
3527 720 3869 790 παρήμειψε,

2295 807 2560 870 παντοίως
2588 808 2699 871 τοτς
2734 808 3022 878 Ῥωμαίων
3054 809 3365 881 ἐλυμήνατο
3398 811 3743 881 πράγμασιν,
3776 814 3873 881 ἐμο

2296 898 2507 968 πιπρὰς
2526 941 2540 965 ,
2577 901 2939 966 άποκτιννὺς,
2977 900 3126 955 οὐδὲν
3159 901 3381 972 μέτριον
3408 903 3604 957 ἐννοῶν
3633 904 3667 974 ἢ
3697 906 3870 976 πράτ-

2294 1006 2403 1045 των
2424 1006 2440 1022 ⁸
2492 992 2642 1062 αἱρεῖ
2673 1008 2733 1045 τε
2773 993 3010 1063 φρούρια
3043 992 3137 1046 καὶ
3167 992 3362 1062 κώμας
3391 992 3587 1056 πολλὰς
3608 1035 3625 1058 ,
3661 996 3875 1059 οὐδενὸς

2296 1084 2764 1147 ἀντιστατοῦντος.
2830 1083 3029 1154 ηρῶτα
3078 1084 3177 1154 μιν
3226 1085 3309 1138 ὅτι
3355 1101 3419 1153 γε
3462 1080 3635 1156 ἦρχεν
3671 1087 3869 1151 οὐδεὶς,

2297 1172 2396 1228 εἴθ’
2430 1176 2512 1229 ὅτι
2544 1177 2637 1229 καὶ
2663 1175 2775 1229 τῶν
2805 1176 3153 1247 στρατιωτῶν
3185 1176 3319 1247 πρὸς
3344 1175 3439 1229 τοῦ
3464 1178 3710 1248 Χοσρόον
3737 1178 3875 1231 κατὰ

2297 1266 2356 1318 τὸ
2394 1266 2573 1337 Δάρας
2610 1266 2690 1336 (ει)
2732 1266 3259 1321 ἐναποκλεισθέντων
3283 1308 3297 1330 ,
3354 1267 3442 1320 ἐπ’
3488 1267 3673 1331 ἀδείας
3721 1269 3784 1321 αι
3819 1285 3874 1321 τε

2299 1354 2567 1423 προνομαὶ
2622 1354 2718 1408 καὶ
2764 1357 2822 1407 αι
2874 1353 3053 1423 ἔφοδοι
3103 1354 3403 1422 ἐγίγνοντο.
3438 1355 3661 1410 Ἐπεισι
3688 1356 3871 1411 δὲκαὶ

2297 1446 2362 1513 τῇ
2391 1444 2760 1497 Θεουπολιτῶν
2792 1443 2879 1498 διὰ
2907 1443 3014 1500 τῶν
3039 1444 3176 1515 ἀμφ’
3202 1445 3393 1499 αὐτόν·
3428 1446 3547 1500 οὑδέ
3573 1448 3685 1517 γὰρ
3715 1449 3874 1512 αὐτὸς

2297 1532 2549 1602 ἀφίκετο·
2587 1534 2636 1587 at
2669 1536 2764 1587 καὶ
2797 1533 2950 1606 παρὰ
2977 1536 3155 1588 πᾶσαν
3181 1535 3373 1589 ἐλπίδα
3396 1536 3873 1608 ἀπεκρούσθησαν,

2301 1622 2530 1693 μηδενὸς
2582 1625 3035 1696 ἐναπομείναντος
3084 1628 3153 1697 τῇ
3197 1625 3393 1691 πόλει,
3448 1627 3474 1695 η
3510 1627 3643 1680 λίαν»
3670 1628 3874 1699 κομιδῇ

2298 1713 2609 1785 εύαρίθμων
2630 1758 2645 1781 ,
2697 1716 2789 1769 καὶ
2823 1715 2916 1769 τοῦ
2947 1716 3140 1787 ἱερέως
3170 1718 3507 1787 πεφευγότος
3537 1720 3632 1771 καὶ
3658 1719 3727 1772 τὰ
3759 1721 3880 1789 ἱερά

2300 1804 2739 1873 ὐπεξαγαγόντος
2767 1806 3049 1876 κειμήλια,
3078 1807 3214 1861 διότι
3243 1810 3338 1863 καὶ
3364 1808 3432 1862 τὰ
3458 1805 3629 1865 πολλὰ
3653 1810 3752 1863 τοῦ
3773 1812 3882 1865 τεξο

621 1903 965 1958 incursiones
1015 1904 1222 1972 absque
1281 1902 1679 1971 impedimento
1732 1900 1960 1955 ﬂebant.
2019 1900 2198 1956 Ador-

2301 1914 2427 1967 χους
2481 1898 2747 1970 διερρύη,
2804 1900 2899 1953 καὶ
2947 1901 2975 1953 ὁ
3019 1900 3190 1970 δῆμος
3231 1902 3541 1973 ἐπανέστη,
3591 1903 3882 1974 νεωτέρων

620 2003 713 2049 tus
734 2004 820 2050 est
839 1996 1005 2049 etiam
1050 1995 1241 2049 urbem
1284 1992 1629 2049 Antiochiam
1665 2006 1762 2061 per
1812 1991 2014 2046 milites
2048 2007 2195 2047 suos.

616 2085 808 2156 Neque
835 2088 983 2142 enim
1019 2088 1136 2158 ipse
1167 2086 1299 2139 illuc
1335 2085 1613 2155 perrexit:
1647 2083 1744 2154 qui
1782 2092 1966 2139 tamen
1998 2093 2199 2154 praeter

619 2178 868 2232 omnium
921 2193 1072 2248 spem
1104 2187 1271 2247 atque
1320 2176 1788 2245 exspectationem
1820 2174 1949 2227 inde
1986 2175 2192 2244 repulsi

619 2279 770 2333 sunt,
803 2285 929 2324 cum
957 2286 1120 2325 nemo
1147 2280 1345 2341 praeter
1387 2268 1680 2322 admodum
1716 2283 1921 2337 paucos
1956 2267 2011 2320 in
2060 2267 2195 2322 urbe

619 2359 992 2424 remansisset,
1024 2369 1080 2414 et
1101 2360 1394 2429 episcopus
1429 2358 1544 2427 ipse
1566 2355 1892 2427 aufugisset,
1920 2364 1976 2411 et
2006 2370 2193 2410 sacros

2300 1992 2645 2061 πραγμάτων
2672 1990 2835 2063 ἄρξαι
2860 1991 3052 2056 θέλων,
3076 1987 3165 2045 οἷα
3190 1992 3338 2061 φιλεῖ
3360 1994 3633 2063 γίνεσθαι,
3658 1997 3755 2049 καὶ
3779 1998 3883 2065 μά·

2299 2082 2457 2135 λιστα
2509 2082 2663 2153 παρὰ
2705 2085 2833 2147 τοὺς
2875 2076 3151 2148 τοιούτους
3196 2085 3441 2159 καιρούς.
3491 2088 3556 2141 0‘!
3592 2089 3690 2140 καὶ
3723 2088 3880 2142 αὐτοὶ

2299 2173 2657 2243 πεφευγότες,
2693 2174 2907 2245 ἐρήμην
2946 2176 3047 2245 τὴν
3077 2177 3229 2231 πόλιν
3262 2176 3746 2244 καταλελοίπασιν,
3785 2180 3879 2232 ού-

2297 2266 2443 2328 δενὸς
2496 2264 2635 2328 ὅλως
2680 2266 3053 2338 ἐπινοηθέντος
3106 2270 3186 2333 είς
3231 2267 3611 2340 ἐπιτέχνησιν,
3672 2272 3706 2339 ἢ
3753 2271 3884 2325 άντ-

2298 2355 2669 2427 επιχείρησιν.

619 2453 910 2509 thesauros
965 2470 1153 2510 seeum
1191 2459 1556 2524 asportasset,
1595 2460 1889 2522 propterea
1948 2450 2096 2522 quod
2144 2459 2201 2505 et
2241 2450 2384 2505 muri
2452 2452 2688 2506 maxima
2746 2468 2874 2521 pars
2921 2452 3387 2519 interciderat,et
3418 2454 3659 2524 populus
3694 2471 3883 2509 rerum

617 2564 886 2603 novarum
931 2548 1231 2617 cupiditate
1285 2546 1542 2617 ﬂagrans,
1585 2546 1912 2601 seditionem
1976 2545 2337 2608 excitaverat,
2390 2544 2857 2613 quemadmodum
2921 2543 3195 2616 ejusmodi
3252 2546 3557 2615 praasertim
3610 2547 3886 2616 tempori-

618 2643 722 2697 bus
762 2641 875 2695 fleri
906 2642 1064 2696 solet.
1089 2640 1194 2695 Sed
1242 2651 1297 2695 et
1330 2640 1431 2709 ipsi
1486 2639 1754 2701 seditiosi,
1792 2649 2007 2706 arrepta
2044 2636 2193 2705 fuga,
2236 2636 2432 2691 urbem
2458 2652 2686 2692 vacuam
2712 2638 3069 2708 reliquerant,
3122 2650 3248 2691 cum
3304 2636 3441 2691 nihil
3472 2638 3700 2693 omnino
3722 2653 3887 2694 exco-

618 2739 850 2809 gitatum
878 2748 1042 2802 esset,
1090 2748 1184 2791 aut
1238 2737 1305 2791 ad
1355 2736 1661 2791 feriendum
1711 2734 1925 2789 hostem
1948 2776 1960 2797 ,
1994 2743 2088 2787 aut
2124 2732 2189 2787 ad
2225 2732 2680 2803 propulsandum.

1390 2855 1406 2883 )

1390 2855 1406 2883 )

869 2943 946 2997 De
989 2852 1387 3014 expugnangit:l
1403 2851 1653 3011 Apxamca:
1682 2949 1730 2993 et
1762 2928 1955 2992 Duras.

692 3056 807 3111 Hoc
861 3054 1027 3126 igitur
1054 3062 1256 3108 conatu
1306 3052 1607 3107 frustratus
1645 3048 2048 3111 Adaarmanes,
2081 3056 2206 3118 post

2911 2850 3163 2905 ΚΕΦΔΛ.
3200 2851 3255 2908 Γ.

2372 2943 2509 3009 Περὶ
2546 2942 2652 3010 τῆς
2682 2941 2964 3010 ἁλώσεως
3003 2944 3305 3013 Απαμείας
3361 2944 3458 2999 καὶ
3491 2942 3597 2998 τοῦ
3622 2942 3844 3015 Δόρας.

2390 3056 2473 3119 Ὠς
2523 3056 2566 3107 δ’
2610 3052 2703 3110 οὖν
2724 3058 2823 3125 τῆς
2846 3056 3039 3127 πείρας
3075 3057 3281 3125 ταύτης
3312 3057 3613 3128 διήμαρτεν
3646 3056 3889 3127 Ἀδααρ-

624 3130 903 3205 incensam
964 3147 1155 3203 urbem
1181 3162 1303 3215 qua:
1322 3145 1453 3200 olim
1504 3143 1730 3213 quidem
1782 3140 2062 3204 Heraclea,
2104 3155 2198 3206 po-

2310 3150 2482 3218 μάνης
2509 3149 2642 3220 (ὕὶ).
2679 3118 2967 3219 ἐμπρήσας
3015 3118 3115 3218 τὴν
3166 3118 3333 3201 πάλαι
3377 3118 3500 3217 ξέν’
3524 3118 3887 3215 Ἡράκλειαν,

623 3250 738 3293 stea
760 3253 894 3293 vero
918 3236 1173 3307 Gagaliee
1207 3244 1523 3305 nuncupata
1558 3242 1671 3297 est,
1707 3234 2000 3302 Apameam
2035 3244 2199 3286 occu-

624 3330 794 3401 pavit,
826 3329 957 3383 olim
995 3344 1022 3383 a
1056 3327 1289 3383 Seleuco
1311 3327 1567 3381 Nicatore
1600 3326 1877 3381 conditam
1912 3342 1924 3377 :
1954 3338 2076 3392 qua:
2106 3339 2203 3378 an-

627 3433 714 3476 tea
751 3420 974 3491 quidem
1008 3420 1210 3489 opibus
1232 3427 1289 3472 et
1318 3419 1627 3473 incolarum
1653 3418 2002 3473 multitudine
2025 3419 2201 3471 abun-

623 3508 817 3562 darat:
846 3523 1140 3578 progressu
1168 3517 1349 3561 autem
1383 3508 1646 3576 temporis
1685 3522 2012 3576 magnopere
2036 3507 2199 3579 437

627 3599 914 3653 imminuta
961 3597 1274 3655 crat.Hanc
1299 3599 1468 3669 igitur
1518 3599 1691 3668 pactis
1718 3599 2047 3668 quibusdam
2079 3614 2210 3653 eon-

627 3690 934 3745 ditionibus
982 3707 1107 3746 cum
1141 3693 1400 3761 cepisset,
1436 3692 1608 3761 (cives
1645 3692 1789 3746 enim
1840 3692 1995 3745 nullo
2044 3690 2207 3746 modo

627 3780 884 3861 resistere
944 3789 1222 3850 poterant,
1258 3796 1417 3835 muro
1447 3796 1557 3851 pra:
1607 3789 1877 3835 vetustate
1921 3780 2206 3850 collapso,)

628 3879 796 3925 totam
818 3871 1209 3935 concremavit,
1234 3870 1504 3942 bonisque
1534 3872 1791 3927 omnibus
1819 3880 2011 3926 contra
2037 3872 2197 3925 fidem

626 3961 808 4014 datam
840 3961 1075 4029 direptis
1105 3960 1391 4025 abscessit,
1432 3962 1722 4016 universos
1758 3962 1908 4016 cives
1931 3976 1995 4015 ac
2028 3959 2201 4014 ﬁniti-

627 4066 768 4119 mos,
797 4051 1042 4121 captivos
1088 4050 1387 4107 abducens.
1423 4052 1570 4108 Inter
1600 4068 1738 4122 quos
1764 4054 1943 4122 ipsum
1982 4068 2203 4123 quoque

630 4144 782 4199 urbis
801 4144 1144 4214 episcopum,
1178 4154 1235 4199 et
1268 4160 1394 4200 eum
1418 4145 1509 4200 cui
1536 4145 1942 4200 administratio
1980 4145 2204 4215 provin-

628 4245 727 4299 ciae
780 4244 1073 4297 commissa
1129 4251 1268 4305 erat,
1302 4258 1487 4297 secum
1534 4243 1857 4312 asportavit.
1901 4241 2007 4297 Sed
2046 4251 2103 4297 et
2146 4243 2201 4296 in

628 4336 911 4397 retleundo
938 4336 1107 4390 multa
1141 4335 1400 4390 atrociter
1443 4336 1633 4405 gessit,
1663 4350 1786 4390 cum
1838 4334 2022 4389 nullus
2052 4344 2200 4390 esset

627 4427 721 4498 qui
751 4427 1059 4489 cohiberet,
1108 4433 1203 4479 aut
1232 4426 1457 4480 omnino
1489 4424 1804 4489 obsisteret,
1838 4436 2037 4495 praeter
2067 4440 2200 4495 pau—

628 4517 881 4573 cissimos
928 4516 1133 4572 milites
1161 4530 1191 4569 a
1230 4515 1446 4570 Justino
1478 4514 1674 4569 missos
1694 4555 1709 4580 ,
1737 4515 1939 4584 quibus
1969 4527 2202 4585 praeerat

2310 3238 2434 3292 ὖστε
2444 3256 2533 3309 ρον
2563 3239 2618 3291 δὲ
2648 3237 2959 3306 Γαγαλικὴν
2982 3236 3400 3306 ὀνομασθεῖσαν,
3418 3235 3731 3305 Ἀπάμειαν
3754 3253 3893 3291 κατι

2307 3330 2493 3400 εἰληφε
2520 3369 2537 3393 ,
2591 3329 2728 3400 πρὸς
2769 3325 3039 3381 Σελεύκου
3072 3327 3164 3380 τοῦ
3197 3328 3499 3397 Νικάνορος
3536 3327 3667 3397 (55)
3704 3344 3889 3380 συνοι-

2306 3420 2587 3475 κισθεῖσαν
2609 3460 2623 3481 ,
2664 3421 2831 3474 πάλαι
2864 3418 2965 3489 μὲν
2994 3420 3288 3489 εὐδαίμονα
3317 3420 3411 3472 καὶ
3435 3420 3889 3489 πολυάνθρωπον,

2304 3512 2382 3582 τῷ
2412 3512 2587 3581 χρόνῳ
2617 3511 2673 3564 δέ
2701 3511 2769 3564 τὰ
2795 3510 2967 3564 πολλὰ
2991 3510 3365 3583 διαῤῥυεῖσαν·
3400 3510 3457 3573 ὃς
3490 3512 3583 3562 ἐπί
3609 3528 3721 3563 τισι
3746 3528 3893 3581 συμ-

2306 3601 2497 3655 6άσεσι
2529 3603 2628 3669 τὴν
2654 3600 2809 3653 πόλιν
2840 3600 3215 3669 παρειληφὼς,
3247 3602 3373 3653 ἐπεὶ
3402 3600 3537 3671 μηδὲ
3564 3601 3893 3669 ἀντιστῆναι

2304 3688 2409 3746 οἷοί
2438 3709 2497 3745 τε
2532 3691 3030 3761 καθειστήκεισαν,
3066 3691 3159 3744 τοῦ
3192 3691 3407 3761 τείχους
3441 3690 3545 3744 ὑπὸ
3574 3692 3763 3761 γήρως
3797 3690 3895 3743 ἐπὶ

2308 3784 2409 3852 γῆς
2442 3782 2697 3853 κειμένου
2722 3823 2738 3848 ,
2791 3784 2976 3836 πᾶσαν
3028 3783 3317 3852 ἐμπρήσας
3354 3782 3448 3836 καὶ
3482 3781 3661 3835 πάντα
3691 3780 3894 3850 ληϊσά-

2310 3889 2468 3943 μενος
2502 3870 2651 3941 παρὰ
2674 3872 2743 3926 τὰ
2770 3870 3105 3941 συγκείμενα
3124 3910 3140 3936 ,
3175 3870 3357 3939 άπιὼν
3384 3868 3560 3941 ᾤχετο
3580 3912 3595 3937 ,
3627 3870 3897 3938 ἐξανδρα-

2304 3962 2527 4026 ποδίσας
2558 3962 2657 4033 τὴν
2683 3962 2858 4027 πόλιν,
2895 3961 2992 4014 καὶ
3020 3959 3089 4013 τὰ
3116 3960 3493 4032 προστυχόντα
3518 3960 3718 4031 χωρία.
3748 3958 3896 4014 Μεθ’

2300 4051 2373 4110 ὢν
2426 4055 2521 4107 καὶ
2569 4054 2660 4107 τὸν
2709 4052 2859 4123 ίερέα
2904 4052 3006 4123 τῆς
3047 4051 3287 4115 πόλεως,
3336 4052 3429 4105 καὶ
3462 4052 3552 4104 τὸν
3581 4052 3682 4121 τὴν
3711 4052 3895 4121 ἀρχὴν

2302 4145 2736 4218 ἐπιτροπεύοντα
2782 4144 3089 4216 ζωγρίας’⁸
3118 4144 3395 4213 ἀπήγαγε.
3432 4143 3513 4196 Τὰ
3544 4143 3809 4196 πάνδεινα
3837 4143 3896 4195 δὲ

2308 4240 2447 4294 κατὰ
2500 4240 2599 4310 τὴν
2646 4238 3017 4309 ἀποπόρευσιν
3068 4238 3397 4309 εἰργάσατο,
3448 4236 3663 4299 οὐδενὸς
3689 4238 3891 4309 ἀπείρ-

2312 4349 2500 4400 γοντος
2564 4332 2597 4403 ἦ
2662 4331 2797 4396 ὅλως
2855 4330 3271 4390 ἀντιπίπτοντος
3304 4370 3319 4396 ,
3411 4329 3551 4399 πλὴν
3591 4329 3685 4383 καὶ
3708 4329 3897 4401 ἐλαχί-

2316 4443 2442 4480 στου
2498 4425 2693 4495 κομιδῇ
2743 4422 2976 4494 στρατοῦ
3028 4421 3164 4494 πρὸς
3198 4422 3488 4476 Ίουστίνου
3521 4422 3896 4491 πεμφθέντος,

2311 4519 2415 4573 ὑπὸ
2442 4518 2651 4587 Μάγνῳ
2674 4516 3034 4587 ταττομένου,
3062 4514 3257 4587 πρώην
3287 4516 3387 4585 μὲν
3413 4513 3660 4585 ἀργυροῦ
3684 4517 3897 4587 τραπέ-

1917 4640 2147 4715 vsutm
2185 4660 2593 4717 LECTIONES.

714 4750 759 4782 "
790 4749 849 4807 C.
875 4750 935 4805 C.
972 4751 1281 4821 ζωγρήσας.

1837 4866 2104 4922 νλῐλεςῐι
2140 4868 2698 4925 ANNOTATIONES.

632 4960 837 5016 uolunt.
886 4958 1424 5029 Christophor~onus
1482 4976 1614 5013 vero
1656 4962 1729 5013 ita
1761 4961 1955 5015 vertit:
2008 4958 2201 5028 Copias

633 5046 738 5085 non
765 5030 986 5083 ulterius
1012 5029 1229 5083 ducunt.
1258 5030 1364 5084 Sed
1399 5030 1583 5085 Graeca
1614 5047 1742 5085 eum
1778 5047 2003 5085 sensum
2056 5032 2200 5086 ferre

632 5116 744 5155 non
770 5109 1019 5166 possunt.

703 5170 815 5235 (52)
852 5170 1283 5238 Ἀδαηρμάνης.
1314 5170 1477 5226 Varie
1535 5170 1641 5224 hoc
1678 5187 1877 5226 nomen
1935 5173 2201 5240 scriptum

634 5242 909 5309 reperitur
931 5242 1079 5309 apud
1112 5248 1328 5296 veteres
1371 5248 1644 5311 auctores.
1694 5242 1850 5311 Apud
1904 5241 2201 5310 Theopha-

634 5325 757 5364 nem
782 5311 835 5365 in
863 5311 1117 5366 Chronico
1150 5311 1486 5375 ἰὶσταὸἀνης
1516 5310 1825 5375 άίεὶιυτζοι
1861 5311 2199 5382 ’Λρδαςιάνης

644 5382 697 5435 in
718 5396 819 5434 ms.
851 5382 1041 5436 codice
1088 5383 1352 5437 Palatino.
1394 5382 1715 5436 Anastasius
1758 5388 1942 5438 autem
1992 5382 2202 5437 Biblio-

640 5450 917 5523 theearius
944 5452 1313 5510 Adermanum
1342 5452 1538 5506 ducem
1572 5462 1747 5523 vocat.
1798 5453 1855 5506 In
1891 5452 2202 5523 NiCepboro

639 5520 902 5575 scribitur
932 5523 1382 5594 υὺαδααρμάνης.
1431 5522 1588 5591 Apud
1642 5520 2041 5593 TheOphaneui
2098 5523 2202 5593 By—

2305 4963 2547 5016 zantium
2619 4960 3029 5031 Bapaapivng.
3075 4961 3134 5015 ln
3186 4958 3461 5031 caprum,
3512 4957 3898 5031 infradicitur

2316 5028 2720 5102 ’Ap6a:pp.aivq;.
2752 5028 3199 5104 Theopbylactus
3224 5028 3277 5084 in
3323 5028 3422 5083 lib.
3457 5043 3535 5094 tn,
3582 5029 3895 5087 Adormaa-

2304 5119 2431 5158 nem
2467 5111 2646 5156 νοεοι.

2377 5174 2489 5237 (55)
2532 5173 2837 5226 Σελεύκου
2866 5170 2969 5225 τοῦ
3000 5168 3352 5237 Νικάνορος.
3403 5168 3775 5226 Scribendum
3814 5184 3899 5231 est

2311 5243 2503 5313 procul
2528 5240 3056 5315 dublttANtxétcpqL
3093 5238 3535 5315 seleucusenim
3557 5240 3900 5315 primusSy-

2312 5308 2405 5368 riae
2437 5329 2553 5376 rex,
2586 5314 2658 5367 ob
2690 5308 3227 5383 illustres‘victorias
3249 5308 3509 5383 Νικάτωρ
3534 5308 3899 5383 cognomina-

2312 5396 2399 5445 tus
2418 5394 2606 5448 est,nt
2636 5400 2703 5439 ex
2730 5380 3309 5453 nummislveteribus
3349 5378 3639 5445 discimus,
3692 5382 3786 5453 qui
3846 5386 3898 5439 id

2310 5463 2736 5524 cognomentum
2756 5455 2809 5507 ei
2844 5450 3155 5507 ascribunt.

2091 5659 2476 5715 VAlll‘JRUM.

718 5755 793 5819 lu)
861 5758 1067 5822 Δάρης.
1111 5758 1252 5814 Urbs
1293 5756 1621 5824 episcopalis
1682 5754 2105 5821 \lesopotamim,
2144 5754 2199 5806 in

649 5824 817 5880 limite
846 5828 1062 5892 Persius,
1094 5828 1161 5881 ab
1201 5826 1484 5880 Anastasio
1534 5828 1663 5894 imp.
1698 5842 1763 5878 cx
1800 5828 1920 5879 viw
1954 5826 2084 5879 urbs
2122 5825 2201 5878 [ξι-

2312 5763 2419 5817 cta,
2453 5764 2510 5807 et
2559 5752 2992 5822 Anastasiopolis
3026 5750 3191 5807 etiam
3245 5748 3411 5822 dicta,
3459 5748 3636 5822 Nisibi
3695 5750 3900 5822 vicina.

2315 5826 2663 5893 (Ηλυυιιι-ςυ.)
2688 5819 2863 5894 Capta
2880 5834 2964 5879 est
3006 5823 3122 5878 haec
3155 5822 3289 5876 urbs
3323 5836 3353 5875 a
3385 5819 3570 5876 Persis
3598 5834 3747 5875 anno
3776 5820 3902 5875 57‘.
