4124 6332
300 422 448 487 2813

1233 424 1614 486 HISTORI/E
1654 427 2238 487 ECCLESIASl’iCE
2282 430 2508 487 LIBER
2548 430 2612 488 ν.

3432 428 3571 493 28M

305 530 405 601 ζης
434 530 814 602 προίσταμένῳ
842 532 981 585 κατά
1006 533 1105 603 τὴν
1134 531 1415 602 βασιλέως⁸
1450 536 1674 605 ὕστερον
1698 537 1752 589 δὲ
1777 539 1869 589 καὶ

1979 536 2202 604 Magnus
2224 536 2489 605 quidam;
2538 535 2630 602 qui
2664 551 2816 602 prius
2857 534 3081 602 quidem
3133 537 3568 604 argentariorum

305 619 441 694 μίαν
507 620 617 674 τῶν
677 621 969 691 βασιλικῶν
1022 622 1208 677 οίκιῶν
1262 626 1675 694 ἐμπιστευθέντι
1745 628 1878 695 πρὸς

300 711 627 767 Ἰουστίνου·
673 714 723 768 οἳ
767 715 860 767 καὶ
894 715 1280 787 προτροπάδην
1310 716 1531 785 ἔφυγον,
1567 717 1766 789 μικροῦ
1797 717 1880 769 δο-

303 804 571 875 ρυάλωτοι
622 806 940 874 ληφθέντες.
988 809 1373 880 Ἀδααρμάνης
1424 810 1521 877 μὲν
1567 808 1660 861 οὖν
1711 810 1881 862 ταῦτα

300 896 794 965 κατειργασμένος,
834 898 919 951 τὸν
948 900 1193 969 Χοσρόην
1224 899 1569 968 κατειλήφει,
1604 898 1756 951 οὔπω
1784 899 1883 969 τὴν

304 986 460 1040 πόλιν
488 980 1017 1059 ἐκπολιορκήσαντα.
1051 993 1145 1055 Ὃς
1172 990 1491 1061 προστεθεὶς
1518 990 1690 1059 αὐτῷ,
1715 990 1883 1059 μεγά-

301 1077 406 1149 λην
454 1079 626 1149 ῥοπὴν
675 1079 875 1133 δέδωκε
899 1121 915 1144 ,
966 1081 1093 1145 τούς
1121 1100 1180 1134 τε
1211 1082 1444 1144 οἰκείους
1470 1080 1880 1152 ἀναθαρσήσας,

300 1169 366 1222 τό
391 1186 452 1221 τε
486 1169 728 1235 ἀντίξοον
760 1172 1135 1243 καταπλήξας.
1181 1173 1398 1243 Εὖρηκε
1430 1172 1484 1225 δὲ
1512 1174 1613 1241 τήν
1639 1190 1696 1225 τε
1729 1174 1884 1227 πόλιν

303 1259 792 1329 ἀποτειχισθεῖσαν,
828 1262 924 1316 καὶ
950 1262 1079 1332 χοῦν
1108 1261 1279 1333 ἀγχοῦ
1308 1260 1404 1314 τοῦ
1427 1262 1640 1330 τείχους
1676 1278 1881 1331 συμφο-

305 1350 537 1420 ρηθέντα
566 1351 733 1406 πολὺν
753 1394 768 1417 ,
802 1354 897 1406 καὶ
922 1356 1018 1416 τὰς
1043 1354 1316 1417 ἑλεπόλεις
1345 1356 1592 1424 μηχανὰς
1616 1354 1879 1418 ἑστώσας,

302 1442 399 1493 καὶ
455 1442 688 1511 μάλιστα
743 1444 869 1507 τοὺς
916 1446 1260 1508 καταπέλτας
1307 1445 1367 1510 ἑξ
1415 1446 1746 1515 ὑπερδεξίων
1797 1448 1881 1516 ρι-

302 1527 605 1594 πτοῦντας,
641 1529 735 1593 οὓς
763 1532 1069 1597 λιθοϐόλους
1102 1536 1131 1603 ἡ
1166 1534 1425 1605 συνήθεια
1453 1534 1629 1588 καλεῖ.
1667 1532 1761 1597 Οἷς
1790 1536 1881 1587 καὶ

301 1619 404 1689 τὴν
453 1620 609 1674 πόλιν
656 1625 1000 1693 κατακράτος
1059 1620 1203 1678 εἷλεν
1251 1629 1278 1679 6
1318 1626 1563 1695 Χοσρόης
1610 1628 1748 1679 κατὰ
1785 1627 1882 1697 τὴν

302 1707 455 1779 ὥραν
515 1712 609 1765 τοῦ
668 1716 939 1782 χειμῶνος
967 1756 981 1777 ,
1050 1717 1296 1769 Ἰωάννου
1358 1716 1449 1769 τοῦ
1504 1718 1880 1787 Τιμοστράτου

301 1800 496 1863 παιδὸς
526 1802 693 1873 αὐτῆς
724 1805 1002 1873 ἄρχοντος,
1026 1806 1225 1876 ἥκιστα
1257 1809 1698 1878 πεφροντικότος,
1728 1810 1759 1879 ἥ
1786 1809 1881 1861 καὶ

1984 643 2188 681 mensae
2219 628 2545 697 praepositus
2582 626 2762 679 fuerat
2787 627 2841 679 in
2869 626 3002 680 urbe
3030 626 3199 694 regia,
3224 634 3411 695 postea
3436 644 3569 679 vero

1987 720 2148 773 unius
2198 735 2263 772 ex
2293 717 2674 786 imperialibus
2720 717 2978 771 domibus
3023 727 3251 773 curator
3304 718 3482 774 fuerat
3540 736 3569 773 a

1983 812 2200 865 Justino
2251 810 2445 863 factus,
2486 810 2687 863 Verum
2737 809 2791 862 hi
2837 824 3060 879 quoque
3110 824 3232 863 sese
3297 810 3351 862 in
3387 808 3570 880 fugam

1983 901 2208 961 dedere,
2237 915 2360 953 cum
2394 915 2587 968 parum
2626 899 2895 953 abfuisset
2928 900 3061 968 quin
3095 899 3338 953 universi
3372 898 3441 953 ab
3468 901 3569 955 ho-

1984 993 2161 1047 stibus
2191 1002 2543 1062 caperemur.
2587 991 2683 1046 llis
2712 990 2877 1045 rebus
2894 991 3062 1061 gestis
3102 990 3476 1045 Adaarmanes
3501 992 3567 1045 ad

1982 1085 2280 1140 Chosroem
2316 1086 2489 1147 venit,
2539 1086 2631 1153 qui
2672 1085 2863 1138 urbem
2899 1084 3068 1137 Daras
3120 1082 3366 1136 nondum
3398 1096 3571 1151 expu-

1983 1185 2263 1247 gnaverat.
2306 1176 2435 1245 Ejus
2470 1177 2638 1246 igitur
2673 1176 2845 1245 copiis
2868 1174 3222 1245 coniunctus,
3268 1172 3565 1233 maximum

1985 1268 2150 1322 rebus
2179 1277 2517 1321 momentum
2567 1266 2772 1328 attulit,
2810 1281 2935 1320 cum
2982 1273 3037 1317 et
3083 1278 3309 1317 suorum
3354 1264 3569 1316 animos

1984 1356 2389 1419 conﬁrmasset,
2446 1364 2503 1410 et
2563 1354 2825 1409 hostibus
2875 1364 3144 1407 terrorem
3219 1351 3563 1406 incussissct.

1984 1446 2155 1501 Porro
2176 1449 2368 1501 urbem
2393 1448 2561 1515 ipsam
2588 1445 2953 1515 deprehendit
2974 1444 3115 1497 vallo
3141 1444 3563 1504 circumdatam.

1984 1548 2039 1592 et
2081 1553 2333 1606 aggerem
2379 1538 2653 1605 ingentem
2708 1536 2773 1589 ad
2831 1550 3017 1589 muros
3071 1535 3226 1588 urbis
3248 1533 3563 1596 admotum;

1985 1629 2208 1683 bellicas
2231 1628 2361 1681 item
2408 1627 2693 1680 machinas
2727 1641 2866 1694 quas
2899 1625 3185 1695 helepoles
3218 1632 3438 1686 vocant,
3468 1638 3563 1692 pa-

1984 1724 2163 1780 ratas;
2210 1729 2273 1767 ac
2334 1714 2609 1782 prrecipue
2669 1714 2997 1781 catapultas,
3049 1727 3114 1766 ex
3162 1710 3397 1765 editiore
3447 1712 3566 1765 loco

1985 1818 2113 1875 saxa
2159 1802 2445 1872 jncicntes,
2484 1817 2621 1870 quas
2670 1802 2834 1872 vulgo
2888 1800 3159 1870 petrarias
3195 1807 3415 1851 vocant.
3450 1799 3567 1853 Hoc

299 1892 750 1960 καταπροδόντος.
780 1896 1008 1964 Λέγεται
1037 1898 1145 1967 γᾲρ
1174 1898 1474 1967 ἀμφότερα.
1506 1900 1876 1969 Προσήδρευσε

1984 1894 2148 1950 modo
2171 1892 2447 1949 Chosroes
2486 1892 2725 1946 hiberno
2782 1903 3031 1960 tempore
3079 1890 3271 1943 urbem
3326 1890 3472 1943 illam
3511 1895 3559 1947 vi

297 1979 357 2033 δὲ
390 1984 452 2051 τῇ
485 1983 635 2036 πόλει
690 1987 717 2039 ό
760 1987 1007 2058 Χοσρόης
1034 1989 1282 2059 πέμπτον
1327 1990 1419 2042 καὶ
1451 1990 1586 2061 πρός
1617 2007 1677 2058 γε
1713 1992 1880 2060 μῆνα,

299 2072 526 2142 μηδενὸς
554 2075 1157 2145 ἀμύνοντος.⁰Απαντας
1180 2082 1356 2133 τοίνυν
1380 2079 1661 2149 ἐξαγαγὼν
1685 2081 1884 2151 πλῆθος

297 2161 666 2233 ἀστάθμητον,
704 2168 800 2219 καὶ
828 2169 955 2231 τοὺς
991 2168 1089 2238 μὲν
1124 2171 1291 2223 αὑτοῦ
1321 2170 1571 2232 δείἷιαὶως
1600 2171 1881 2240 κατασφά-

298 2248 398 2314 ξας
422 2292 436 2317 ,
475 2254 597 2317 τοὺς
626 2256 684 2308 δὲ
717 2257 1000 2322 πλείστους
1047 2258 1140 2311 καὶ
1181 2260 1419 2330 ζωγρίας
1452 2259 1612 2329 ἑλὼν,
1645 2260 1742 2331 τὴν
1778 2262 1877 2330 μὲν

295 2340 455 2394 πόλιν
498 2344 783 2417 ἐπίκαιρον
812 2347 976 2400 οὖσαν
1008 2352 1221 2420 φρουρᾷ
1255 2351 1523 2421 κατέσχεν
1548 2368 1561 2383 ο
1621 2353 1780 2416 αὐτὸς
1814 2352 1869 2404 δὲ

296 2433 432 2504 πρὸς
462 2436 530 2490 τὰ
561 2439 734 2492 οἰκεῖα
767 2440 1126 2511 ἀπεχώρησεν
1158 2442 1283 2512 ἢθη.

1993 1987 2160 2055 cepit,
2194 1985 2404 2041 Joanne
2460 1984 2777 2039 Timostrati
2831 1984 2943 2037 lilio
2993 1983 3088 2052 qui
3132 1981 3253 2034 urbi
3309 1989 3561 2049 prmerat,

1988 2093 2182 2148 parum
2240 2076 2309 2131 de
2370 2091 2435 2130 ea
2478 2076 2741 2138 sollicito,
2772 2076 2882 2129 imo
2935 2090 3065 2129 vero
3114 2089 3232 2128 eam
3272 2072 3559 2141 prodente.

1989 2168 2295 2235 Utrumque
2341 2167 2491 2220 enim
2535 2166 2763 2219 dicitur.
2798 2165 3103 2219 ()bsederat
3148 2173 3331 2216 autent
3366 2161 3559 2214 urbem

1985 2260 2133 2314 illam
2169 2260 2445 2313 Chosroes
2512 2258 2758 2327 quinque
2800 2265 2855 2310 et
2897 2256 3135 2323 amplius
3181 2268 3420 2315 menses,
3467 2266 3564 2305 nc-

1978 2352 2125 2405 mine
2147 2366 2267 2405 eam
2293 2349 2645 2405 defendente.
2667 2348 2803 2403 Cum
2828 2348 2998 2417 igitur
3020 2347 3307 2401 universos
3334 2358 3402 2397 ex
3426 2342 3560 2396 urbe

1975 2441 2284 2505 eduxisset,
2330 2441 2654 2495 immensam
2706 2440 2989 2492 hominum
3038 2434 3468 2495 multitudinem,
3505 2442 3560 2487 et

294 2524 565 2594 quosdam
605 2540 673 2581 ex
741 2528 810 2584 iis
844 2531 1144 2585 crudeliter
1174 2532 1288 2585 illic
1325 2544 1639 2597 mactasset,
1667 2534 1908 2602 reliquos
1942 2546 2075 2586 vero
2110 2530 2268 2585 vivos
2310 2539 2608 2595 servasset,
2642 2531 2838 2584 urbem
2895 2530 3155 2599 quidem,
3225 2535 3413 2593 utpote
3454 2539 3555 2593 op-

295 2624 540 2686 portune
580 2618 778 2686 sitam,
816 2621 1075 2689 praesidio
1123 2621 1380 2691 imposito
1417 2624 1651 2678 munivit
1691 2641 1704 2676 :
1751 2625 1866 2694 ipse
1898 2636 2028 2677 vero
2057 2623 2111 2675 in
2143 2621 2421 2691 regionem
2453 2635 2609 2675 suam
2639 2634 2897 2675 reversus
2929 2628 3033 2674 est.

873 2742 1126 2797 ΚΕΦᾹΛ.
1188 2746 1289 2799 lA'.

306 2824 416 2903 Ὧς
430 2831 471 2903 ό
477 2828 777 2903 ,βασιλεὺς
816 2833 1139 2897 Ἰουστῖνος
1162 2836 1451 2903 φρενίτιδι
1483 2838 1649 2901 νόσῳ
1673 2835 1828 2889 ἐάηιω
1849 2854 1862 2868 ο

370 2900 629 3031 alligatae
676 2902 744 2956 δὲ
793 2904 907 2971 τὴν
955 2900 1249 2972 φροντίδα
1300 2905 1417 2958 τῶν
1455 2905 1615 2960 ὅλων
1662 2905 1866 2959 ἀνεδέι

2631 2738 2783 2794 CAP.
2812 2738 2904 2793 XI.

1978 2831 2249 2897 Quomodo
2281 2848 2398 2884 cum
2428 2832 2669 2885 Justinus
2699 2831 2750 2881 in
2779 2830 3103 2883 dementiam
3144 2831 3427 2894 incidisset,
3476 2829 3556 2884 Ti-

2257 2902 2428 2955 berius
2462 2901 2781 2970 Reipublicae
2819 2915 3003 2952 curam
3028 2902 3272 2969 suscepit.

371 3076 551 3150 Ἀπερ
590 3082 778 3154 ἐπειδὴ
824 3086 1050 3156 ἠκηκόει
1094 3089 1123 3139 6
1165 3087 1489 3151 ’1ουστϊνος,
1523 3087 1585 3138 ὲκ
1618 3085 1874 3140 τοσούτου

2048 3080 2175 3133 Haec
2204 3094 2329 3132 cum
2365 3078 2639 3132 audiissct
2684 3075 2972 3138 Justinus,
3022 3074 3155 3127 nihil
3203 3074 3319 3128 sani
3370 3074 3557 3128 animo

292 3166 469 3237 τύφου
502 3172 594 3222 καὶ
624 3171 808 3238 ὄγκου,
846 3175 993 3227 οὐδὲν
1024 3174 1176 3243 ὑγιὲς
1206 3174 1237 3244 ἦ
1270 3177 1542 3245 φρενῆρες
1567 3176 1828 3245 ἐννοήσας
1858 3216 1872 3240 ,

296 3258 422 3315 οὐδὲ
477 3260 836 3329 ἀνθρωπίνως
897 3265 955 3318 τὸ
1010 3266 1325 3336 συνενεχθὲν
1354 3264 1464 3335 (54)
1506 3265 1761 3336 ἀνατλὰς,
1818 3267 1877 3328 ἑς

295 3326 594 3419 φρενίτιδι*
625 3353 778 3406 νόσον
810 3355 904 3407 καὶ
934 3357 1135 3426 μανίαν
1167 3326 1473 3425 ἐμπίπτει,
1501 3326 1652 3409 οὐδὲν
1692 3326 1874 3409 λοιπὸν

295 3438 409 3491 τῶν
438 3442 743 3508 γινομένων
778 3446 1003 3508 συνιείς.
1043 3447 1239 3500 Διώκει
1272 3446 1328 3499 δὲ
1362 3447 1421 3499 τὸ
1445 3448 1741 3516 πολίτευμα
1785 3448 1876 3500 Τι-

297 3526 481 3596 σέριος
513 3530 582 3600 (υ)
605 3572 620 3597 ,
671 3532 818 3604 Θρᾲξ
853 3535 953 3606 μὲν
998 3537 1153 3603 γένος
1178 3577 1192 3601 ,
1244 3536 1311 3589 τὰ
1346 3539 1591 3605 πρωτεῖα
1622 3537 1676 3589 δὲ
1722 3538 1875 3607 παρά

311 3618 583 3689 Ἰουστίνῳ
614 3624 797 3693 φέρων
825 3642 837 3656 ·
862 3626 920 3679 ὃν
970 3629 1063 3680 καὶ
1097 3628 1239 3681 κατὰ
1264 3629 1374 3681 ’τῶν
1399 3629 1644 3699 ’Λὸάρων
1681 3630 1874 3700 πρώην

296 3709 607 3780 ιπεπόμφει
654 3714 801 3782 (55)
833 3756 846 3778 ,
902 3718 1037 3771 πολὺ
1081 3720 1312 3789 ἀγείρας
1375 3720 1578 3790 πλῆθος
1618 3722 1871 3789 στρατοῦ.

304 3801 404 3865 Ὃς
429 3802 522 3854 καὶ
542 3805 741 3874 μικροῦ
770 3807 934 3871 ἑάλω,
959 3809 1070 3861 τῶν
1092 3811 1441 3881 στρατιωτῶν
1466 3813 1598 3882 μηδὲ
1615 3808 1873 3884 τὴνθέαν

293 3890 411 3947 τῶν
452 3893 752 3965 Βαρὸάρων
799 3897 1219 3967 ὑπενεγκάντων
1243 3940 1260 3967 ,
1310 3903 1357 3955 εί
1391 3904 1465 3973 μὴ
1499 3902 1618 3956 θεία
1650 3906 1873 3973 πρόνοια

296 3986 619 4056 παραδόξως
642 3988 831 4043 τοῦτον
862 3990 1106 4056 διέσωσε,
1138 3994 1233 4047 καὶ
1258 3996 1316 4059 ἑς
1342 3996 1443 4065 τὴν
1466 3996 1755 4066 Ῥωμαίων
1779 3999 1873 4069 βα-

297 4079 505 4135 σιλείαν
532 4083 785 4152 ἐφύλαξε,
821 4090 1246 4143 κινδυνεύσασαν
1290 4094 1401 4155 τοῖς
1432 4093 1719 4147 Ἰουστίνου
1765 4112 1871 4147 πα-

296 4171 550 4243 ραλόγοις
572 4175 935 4248 ἐγχειρήμασι
959 4220 974 4244 ,
1021 4178 1118 4232 σὺν
1149 4181 1241 4234 καὶ
1270 4180 1347 4251 τῷ
1382 4182 1487 4253 ὅλῳ
1517 4182 1871 4253 πολιτεύματι

291 4262 620 4335 διαρρυῆναι
648 4304 665 4332 ,
700 4269 795 4321 καὶ
844 4269 1153 4343 Βαρϐάροις
1185 4271 1284 4343 τῆς
1316 4274 1573 4345 τοιαύτης
1609 4274 1653 4306 ³⁸
1694 4275 1870 4346 ἀρχῆς

292 4352 572 4422 ὲκστῆναι.

1976 3176 2258 3237 reputans,
2316 3181 2418 3220 nec
2454 3166 2777 3220 humanitus
2811 3179 2997 3219 casum
3030 3164 3182 3217 illum
3238 3163 3421 3219 ferens
3444 3206 3457 3223 .
3489 3179 3557 3219 ex

1978 3270 2129 3315 tanto
2154 3260 2294 3313 fastu
2326 3275 2390 3313 ac
2440 3270 2657 3314 tumore
2705 3256 2759 3309 in
2800 3256 3176 3326 phrenitidem
3228 3270 3292 3310 ac
3324 3256 3555 3310 demen-

1974 3350 2106 3404 tiam
2133 3348 2347 3413 incidit,
2380 3348 2520 3403 adeo
2555 3354 2615 3401 ut
2637 3347 2774 3402 nihil
2821 3362 3015 3401 eorum
3043 3363 3163 3417 quae
3198 3346 3554 3418 gerebantur.

1973 3441 2237 3509 deinceps
2276 3440 2629 3510 intelligeret.
2684 3438 2895 3493 Exinde
2942 3439 3112 3509 igitur
3156 3438 3553 3507 rempublicam

1974 3532 2121 3586 rexit
2152 3531 2431 3592 Tiberius,
2462 3530 2737 3584 oriundus
2762 3546 2829 3583 ex
2858 3528 3116 3592 Thracia,
3141 3530 3233 3598 qui
3257 3529 3400 3598 apud
3428 3529 3555 3585 Jus-

1972 3624 2151 3677 tinum
2228 3622 2557 3677 auctoritate
2617 3629 2673 3677 et
2730 3621 2904 3691 gratia
2970 3621 3268 3691 plurimum
3314 3630 3552 3691 poterat.

1972 3713 2131 3769 Hunc
2159 3714 2412 3769 Justinus
2443 3714 2609 3783 paulo
2632 3723 2793 3766 antea
2822 3712 3055 3766 collecto
3079 3712 3287 3782 ingenti
3308 3712 3552 3766 exercitu

1971 3804 2237 3858 adversus
2264 3803 2469 3858 Abaros
2491 3804 2741 3857 miserat.
2763 3802 2931 3873 538
2953 3802 3061 3857 Sed
3092 3818 3216 3858 cum
3243 3802 3447 3856 milites
3486 3818 3553 3857 ne

1972 3905 2253 3963 aspectum
2280 3894 2502 3964 quidem
2532 3894 2899 3948 Barbarorum
2927 3894 3201 3949 sustinere
3227 3893 3549 3957 valuissent,

1972 3985 2228 4040 Tiberius
2254 4000 2394 4054 pene
2424 3985 2493 4039 ab
2533 3984 2790 4039 hostibus
2825 3993 3022 4054 captus
3056 3991 3139 4038 est
3177 4004 3187 4035 :
3226 3981 3329 4036 nisi
3365 3981 3551 4037 divina

1970 4070 2321 4147 providentia
2349 4084 2551 4145 praeter
2591 4075 2837 4129 omnium
2870 4058 3188 4143 opinionem
3234 4088 3361 4126 eum
3401 4073 3551 4143 peri-

1970 4169 2094 4222 culo
2124 4168 2441 4237 eripuisset,
2483 4176 2539 4222 et
2597 4168 2845 4221 Romano
2887 4165 3119 4235 imperio
3178 4173 3549 4228 reservasset;

1969 4258 2117 4329 quod
2160 4259 2464 4313 temerariis
2501 4258 2706 4315 Justini
2744 4256 2992 4312 consiliis
3037 4256 3091 4309 in
3132 4254 3403 4324 ejusmodi
3438 4254 3553 4309 dis-

1973 4364 2185 4404 crimen
2233 4349 2533 4405 adductum
2560 4348 2765 4412 fuerat,
2793 4359 2854 4402 ut
2894 4345 3254 4402 metuendum
3284 4356 3431 4403 esset
3483 4362 3551 4400 ne

1975 4457 2098 4495 eum
2144 4440 2399 4495 universa
2442 4440 2728 4509 republica
2774 4439 3034 4493 funditus
3081 4438 3353 4497 interiret.
3394 4445 3449 4492 et
3495 4438 3548 4491 in

1974 4530 2342 4585 Barbarorum
2370 4530 2639 4586 ditionem
2674 4546 2737 4585 ac
2774 4537 3099 4599 potestatem
3130 4528 3476 4584 concederet.

1592 4681 1679 4733 VA
1692 4681 1828 4735 ille
1871 4682 2274 4738 LECTIONES.

366 4783 416 4819 “
445 4781 507 4841 C.
532 4782 596 4841 C.
616 4784 914 4860 τοσαύτης.

1495 4903 1766 4959 VALESH
1800 4905 2355 4964 ANNOTATIONES.

370 5008 486 5079 (τι)
514 5008 598 5087 ’τὸ
625 5008 947 5087 ᾳυνεχβέν.
996 5010 1370 5087 _$cril_)endum
1408 5023 1494 5069 est
1525 5018 1862 5087 συνενεχθέν,

290 5078 759 5160 quemadmodum
820 5080 878 5132 in
909 5081 1100 5136 codice
1130 5083 1443 5138 Telleriano
1478 5078 1745 5158 scripturn
1777 5078 1867 5143 in;

290 5164 478 5299 ῒεῗέὲ)
506 5220 607 5299 Ὃγ
631 5221 905 5299 καλκατὰ
935 5219 1049 5274 τῶν
1069 5221 1334 5299 ξρξάρων
1358 5224 1563 5299 πρώην
1606 5229 1866 5297 carcerein-

291 5303 413 5413 rei.
446 5288 693 5344 Justinus
731 5290 1033 5360 imperator
1068 5292 1354 5346 Tiberium
1399 5288 1661 5350 comitem
1695 5288 1863 5352 excit-

337 5366 538 5413 uorum
574 5374 701 5413 cum
722 5362 965 5413 exercitu
996 5363 1129 5413 satis
1163 5362 1368 5413 valido.
1404 5364 1668 5413 adversus.
1723 5369 1863 5413 Am-

337 5362 538 5413 itorum
574 5374 701 5414 cum
722 5362 965 5417 exercitu
996 5363 1129 5417 satis
1163 5362 1368 5429 valido,
1404 5364 1668 5421 adversus
1723 5369 1863 5422 Ava-

1978 5034 2067 5073 res
2102 5020 2270 5081 misit,
2305 5037 2450 5074 anno
2482 5022 2696 5090 imperii
2740 5025 2822 5077 sui
2854 5038 3022 5086 nono,
3057 5033 3116 5077 ut
3151 5022 3342 5076 scribit
3370 5024 3543 5078 Theo-

1978 5090 2185 5157 phanes
2218 5091 2268 5143 iu
2299 5090 2831 5148 ChronicoJoannes
2864 5104 3045 5147 autem
3096 5092 3443 5148 Biclarit-nsis
3491 5095 3541 5147 id

1976 5160 2179 5232 Eretum
2204 5174 2323 5214 esse
2356 5160 2488 5232 dicit
2518 5178 2663 5216 anno
2694 5174 2890 5232 quarto
2933 5164 3148 5232 imperii
3178 5162 3413 5217 Justini:
3450 5166 3544 5218 ubi

1974 5228 2256 5307 Iiberium
2292 5246 2357 5283 ex
2391 5231 2515 5307 hoc
2547 5228 2745 5307 prmlid
2766 5228 3033 5307 vit-torem
3066 5233 3543 5307 _Constantm_opo-

1970 5296 2063 5369 lim
2091 5299 2321 5369 rediisse
2354 5296 2564 5355 scribit:
2594 5304 2750 5369 Quod
2800 5314 2980 5357 tamen
3013 5304 3207 5357 falsum
3232 5318 3351 5356 esse
3381 5296 3545 5357 do'cet

1970 5368 2235 5437 Evagrius
2269 5387 2332 5425 ac
2356 5370 2739 5441 Theophanes.

1737 5523 2122 5581 VAEIORUM.

365 5612 438 5680 (Ii)
482 5613 751 5682 Τιϐέριος.
792 5616 1043 5673 Tiberius
1072 5618 1466 5674 ConStantinus
1518 5628 1733 5674 creatus
1765 5630 1849 5675 est

290 5678 823 5759 Casartetimperii
860 5704 993 5759 cunt
1046 5689 1263 5743 Justino
1321 5690 1596 5759 particeps
1659 5691 1855 5753 factus,

291 5762 418 5873 post
444 5753 514 5810 25
556 5753 704 5810 diem
733 5758 936 5812 mensis
964 5757 1217 5813 Octobris
1264 5753 1391 5813 anni
1442 5753 1571 5814 Chr.
1635 5761 1756 5821 57L
1797 5770 1855 5813 ut

314 5822 489 5873 ‘aems
519 5840 584 5873 ex
620 5827 1096 5873 veteriEnitzmhin
1166 5830 1350 5873 Romae
1411 5840 1570 5873 prntn
1638 5832 1849 5873 nrnhnl.

314 5822 489 5891 ‘agius
519 5840 584 5879 ex
620 5827 1096 5899 veteriEpitaphio
1166 5830 1350 5883 Roma:
1411 5840 1570 5885 eruta
1637 5832 1853 5901 probat,

1967 5623 2033 5676 ad
2057 5639 2182 5676 eum
2213 5640 2439 5685 annum,
2478 5642 2532 5678 ιι.
2568 5624 2619 5677 6.
2655 5625 2808 5679 llaud
2844 5633 2993 5678 recte
3039 5623 3207 5686 igitur
3252 5637 3541 5688 nuncupm

1966 5693 2043 5746 tio
2069 5694 2461 5767 ολιιξίῖειτιςιιτοιι
2529 5706 2650 5765 post
2706 5695 2921 5767 Trajani
2989 5694 3315 5763 legationem
3372 5694 3539 5747 ditata

1966 5773 2043 5818 cst
2076 5765 2141 5818 ah
2167 5764 2416 5834 Evagrio,
2442 5764 2563 5835 cap.
2608 5767 2689 5819 l3.
2812 5764 2822 5767 ⁷
3256 5768 3259 5771 ⁷
