4110 6332
295 350 441 415 2833

1260 348 1649 411 msroaue
1686 306 2285 413 ECCLESI.tSTIC.E
2332 352 2564 413 LIBER
2606 354 2671 416 γ.

3454 354 3591 418 ἳδᾙ

298 467 503 526 ὤσατο,
525 462 599 527 ὡς
634 462 695 515 τὸ
724 464 824 534 μὲν
854 461 1189 529 κινδύνευμα
1221 461 1507 515 εὐϐουλίαν
1536 459 1698 526 εἶναι,
1719 462 1811 516 τὸν
1841 463 1899 517 δὲ

2020 477 2126 532 κυεῖ
2160 472 2336 517 mater
2370 472 2453 516 est
2483 462 2832 538 temeritatis,
2873 470 2927 516 et
2959 459 3028 515 ab
3056 476 3121 516 ea
3145 457 3499 529 disjonctam,
3532 478 3599 516 ac

300 554 464 610 δκνον
512 553 849 621 ἀσφάλειαν,
908 552 1163 623 ἀνδρείας
1198 565 1254 605 τε
1301 555 1395 607 καὶ
1432 542 1749 626 φρόνήσεως
1786 558 1900 617 τοῖς

304 650 519 717 καιροῖς
569 646 918 717 ὀχουμένων,
970 647 1065 707 καὶ
1109 645 1211 709 τὰς
1254 648 1411 716 ἡνίας
1448 647 1900 718 πρυτανευόντων

304 736 442 808 πρὸς
467 736 496 789 ὃ
529 737 595 791 ἂν
626 740 658 808 ή
687 737 849 807 χρεία
882 734 1173 808 ἐπιτάττῃ,
1201 737 1296 788 καὶ
1321 738 1419 806 τὴν
1447 736 1639 806 ὕφεσιν
1668 739 1757 790 καὶ
1785 738 1901 789 ἐπί-

302 846 465 883 τασιν
497 829 677 882 αὐτῶν
710 827 819 880 τῶν
846 828 1036 898 ὁρμῶν
1057 867 1073 892 ,
1114 828 1298 899 μέτρῳ
1324 828 1434 880 τινὶ
1466 829 1559 881 καὶ
1592 828 1786 898 ῥυθμῷ
1812 830 1899 898 γί-

304 922 552 989 γνεσθαι.
589 921 724 991 Περὶ
748 911 811 973 οὗ
843 919 1177 989 τελεώτερον
1209 922 1266 973 ἐν
1292 922 1404 981 τοῖς
1434 918 1563 990 ἑξῆς
1592 921 1900 991 εἰρήσεται.

306 1014 478 1077 Ὀσος
526 1012 633 1084 γὰρ
681 1013 777 1066 καὶ
818 1008 950 1077 οἷος,
986 1013 1052 1081 τῇ
1082 1011 1337 1081 βασιλείᾳ
1370 1011 1706 1079 φυλακτέον,
1743 1014 1777 1085 ἢ
1810 1014 1902 1067 τὸν

304 1105 478 1175 ἄνδρα
507 1103 853 1175 τρανώτερόν
881 1101 1203 1171 διεσάφησε,
1235 1101 1314 1172 τῷ
1344 1102 1677 1173 αὐτεξουσίῳ
1712 1104 1805 1156 καὶ
1835 1105 1903 1157 τὰ

305 1197 455 1249 ινδον
482 1193 863 1259 ἀναπτύξασα.
917 1184 1090 1254 Οὗτος
1128 1192 1226 1261 μὲν
1281 1186 1375 1245 οὖν
1408 1192 1435 1243 ὸ
1462 1192 1772 1261 Μαυρὶκιος
1804 1192 1905 1257 τὰς

304 1286 760 1358 ιπιστρατεύσεις
809 1285 1187 1354 ποιησάμενος
1236 1286 1384 1338 κατὰ
1430 1285 1527 1352 τῆς
1572 1284 1903 1355 ὑπερορίας,

306 1380 497 1443 πόλεις
526 1395 587 1432 τε
622 1378 717 1432 καὶ
748 1376 986 1448 φρούρια
1019 1376 1261 1446 Πέρσαις
1289 1376 1691 1447 ἐπικαιρότατα
1720 1380 1870 1448 αίρεῖ
1890 1395 1902 1409 ·

306 1471 461 1525 λείαν
502 1487 563 1524 τε
613 1470 887 1541 τοσαύτην
935 1467 1314 1539 περιεϐάλετο,
1356 1466 1499 1521 ὥστε
1530 1468 1599 1521 τὰ
1630 1486 1906 1538 σαγηνευ-

308 1562 477 1618 θέντα
534 1563 861 1635 αἰχμάλωτα
916 1561 1254 1632 ὁλοκλήρους
1296 1564 1494 1627 νήσους
1547 1561 1642 1615 aut
1697 1563 1902 1625 πόλεις,

307 1655 518 1729 ἀγρούς
561 1673 621 1710 τε
675 1654 1068 1728 ἑρημωθὲντας
1114 1653 1194 1725 τῷ
1233 1656 1413 1725 χρόνῳ
1452 1653 1737 1723 ἐξοικῆσαι
1770 1654 1904 1723 (90),

306 1747 412 1819 τήν
456 1767 516 1804 τε
569 1750 674 1820 γῆν
723 1748 945 1819 ἐνεργὸν
994 1746 1445 1818 καταστήσασθαι
1497 1748 1676 1817 πάντη
1714 1746 1907 1818 πρώην

308 1842 666 1913 ἀγεώργητον
689 1837 877 1907 οὖσαν,
905 1836 1250 1907 στρατόπεδά
1270 1857 1329 1891 τε
1354 1839 1412 1903 ἐξ
1433 1840 1613 1893 αὐτῶν
1640 1838 1903 1907 συστῆναι

310 1932 623 2007 πολύανδρα
656 1934 801 1987 κατὰ
826 1934 937 1987 τῶν
966 1930 1145 1987 ἄλλων
1176 1931 1348 1985 ἐθνῶν
1383 1932 1528 2001 μάλα
1556 1931 1825 1999 γεννικῶς
1847 1948 1906 1984 τε

311 2029 411 2081 καὶ
442 2026 706 2098 ἀνδρείως
733 2026 1157 2096 ἁγωνισάμενα⁹
1200 2024 1560 2096 πληρωθῆναι
1586 2024 1643 2077 δὲ
1677 2025 1770 2076 καὶ
1803 2025 1907 2078 πά-

312 2135 386 2191 σῃ
427 2117 582 2189 ἑστίᾳ
624 2118 727 2181 τὰς
759 2116 1040 2180 οἰκετικὰς
1072 2116 1264 2187 χρείας
1292 2154 1307 2179 ,
1361 2116 1420 2178 ἐς
1467 2113 1528 2167 τὸ
1574 2114 1907 2184 κουφότατον

310 2213 424 2264 τῶν
456 2210 805 2279 ἀνδραπόδων
835 2208 1274 2278 ὲκποιουμένων.

2006 552 2373 606 nihilominus
2409 552 2759 622 eo‘njunctam
2797 551 3097 621 ignaviam,
3122 550 3197 603 ita
3236 548 3305 603 ab
3336 564 3394 604 se
3423 548 3597 614 depu-

2002 643 2165 707 lerat,
2197 654 2258 697 ut
2284 643 2505 713 quoties
2538 644 2592 697 in
2620 640 2925 697 discrimen
2960 626 3195 705 veniret,
3236 639 3544 710 prudentia:
3582 651 3597 693 :

2004 734 2166 806 447
2200 736 2420 804 quoties
2446 745 2825 799 cunctaretur,
2862 731 3141 788 securitati
3168 731 3603 789 adscribendum

2004 835 2169 879 esset.
2200 824 2414 895 Quippe
2439 825 2705 879 fortitudo
2741 840 2804 879 ac
2832 823 3131 894 prudentia
3162 821 3598 892 opportunitati-

2004 917 2110 972 bus
2144 924 2477 990 temporum,
2518 902 2669 973 veiut
2715 933 2860 988 equo
2906 916 3124 972 cuidam
3162 915 3503 979 insidebant,
3544 922 3598 969 et

2005 1013 2251 1068 habenas
2269 1013 2699 1067 moderabantor
2717 1013 2874 1083 juxta
2906 1012 2961 1066 id
2985 1010 3133 1081 quod
3156 1011 3373 1065 utilitas
3398 1008 3603 1079 Reipuo

2006 1106 2164 1161 blicae
2192 1106 2577 1177 praecipiebat.
2610 1110 2801 1175 Itaque
2847 1105 3067 1175 quoties
3097 1104 3368 1175 impetum
3410 1102 3606 1156 remit-

2008 1198 2158 1251 tebat
2219 1206 2313 1251 aut
2363 1196 2663 1264 relaxabat,
2697 1196 2752 1251 id
2815 1194 2979 1250 ﬁebat
3036 1211 3145 1249 non
3178 1196 3297 1250 sine
3346 1209 3603 1249 mensura

2006 1288 2245 1358 quadam
2302 1298 2467 1359 atque
2498 1290 2736 1344 ratione.
2764 1287 2874 1345 Sed
2910 1288 2978 1342 de
3022 1287 3128 1343 hac
3178 1302 3239 1342 re
3290 1286 3606 1341 accuratiis

2008 1388 2131 1451 post
2182 1380 2298 1435 hazc
2329 1380 2532 1435 dicturi
2566 1392 2781 1437 sumtis.
2836 1380 3025 1449 Qualis
3056 1380 3205 1435 enim
3254 1389 3607 1450 quantusque

2007 1473 2306 1536 exstiterit,
2357 1472 2591 1543 imperio
2629 1474 2808 1543 ipsius
2857 1472 3258 1527 reservandum
3309 1479 3414 1526 est.
3448 1469 3607 1537 Quod

2009 1562 2233 1634 quidem
2282 1580 2466 1618 mores
2521 1553 2644 1635 eju's
2672 1566 2835 1636 longe
2880 1564 3235 1619 manifestius
3282 1563 3604 1621 declaravit.

2010 1655 2141 1709 dum
2193 1654 2372 1709 libera
2404 1654 2665 1710 facultate
2720 1656 2942 1729 quidvis
2973 1656 3169 1728 agendi
3214 1657 3263 1711 ei
3318 1669 3604 1717 concessa,

2012 1746 2232 1801 interna
2279 1748 2399 1818 ejus
2432 1749 2693 1803 omnibus
2742 1748 3024 1819 patefecit.
3072 1749 3173 1804 llic
3200 1749 3370 1821 igitur
3401 1748 3609 1805 Mauri«

2011 1838 2152 1902 eius,
2187 1856 2325 1894 eum,
2350 1841 2600 1895 exercitu
2637 1842 2889 1896 Romano
2926 1842 2983 1896 in
3007 1842 3302 1897 Persarum
3329 1842 3608 1910 regionem

2016 1933 2321 2004 ingressus,
2362 1934 2529 1987 urbes
2584 1942 2641 1989 et
2678 1934 2904 1990 castella
2948 1944 3261 2004 opportune
3310 1932 3611 1988 admodum

2018 2003 2121 2078 sita
2154 2024 2489 2094 occupavit:
2546 2032 2866 2095 tantamque
2893 2003 3134 2097 praadam
3180 2025 3347 2095 cepit,
3400 2033 3461 2080 ut
3518 2039 3612 2081 ca-

2018 2115 2153 2186 ptivi
2181 2131 2322 2185 quos
2347 2131 2416 2170 ex
2445 2117 2670 2172 Perside
2692 2117 3021 2182 abduxerat,
3056 2117 3303 2189 integras
3325 2115 3535 2172 insulas
3558 2124 3617 2171 et

2019 2207 2207 2273 urbes,
2245 2216 2411 2279 atque
2433 2222 2595 2280 agros
2635 2208 2969 2281 jampridem
2998 2208 3254 2265 desertos
3281 2202 3614 2272 incolerent,

314 2314 374 2360 et
403 2314 627 2369 terram,
655 2318 777 2373 qua:
837 2302 995 2372 prius
1030 2299 1239 2356 inculta
1288 2308 1427 2365 erat,
1468 2298 1762 2354 fecundam
1817 2300 2115 2356 redderent
2146 2320 2160 2355 :
2192 2311 2363 2371 utque
2405 2316 2472 2355 ex
2541 2302 2649 2357 illis
2694 2303 2948 2371 ingentes
2976 2303 3259 2359 exercitus
3308 2303 3615 2374 conscripti

312 2399 547 2465 fuerint,
574 2399 669 2469 qui
706 2405 898 2469 postea
923 2407 1117 2452 contra
1146 2395 1282 2450 alias
1316 2395 1690 2455 Barbarorum
1723 2405 1919 2468 gentes
1958 2404 2187 2453 strenue
2246 2413 2311 2452 ac
2353 2397 2572 2453 fortiter
2608 2397 3001 2469 depugnarunt
3039 2418 3050 2452 :
3120 2398 3367 2470 denique
3400 2409 3459 2455 ut
3510 2400 3621 2454 sin.

311 2495 458 2569 gulae
515 2493 714 2548 domus
768 2491 1041 2547 haberent
1105 2490 1202 2560 qui
1233 2488 1456 2545 servilia
1491 2505 1727 2546 munera
1787 2490 2105 2561 implerent,
2151 2504 2275 2545 cum
2306 2490 2453 2546 servi
2532 2506 2595 2544 ac
2630 2490 2903 2562 mancipia
2934 2491 3203 2548 vilissimo
3236 2493 3419 2563 pretio
3463 2506 3618 2547 com-

312 2593 670 2661 pararentur.

958 2718 1221 2772 ΚΕΦΑΛ.
1257 2719 1343 2771 ις’.

325 2810 424 2878 Ὠς
463 2812 861 2883 ΐαμχοσρυην
903 2806 1443 2883 ξιαίᾼἈδααρμᾴγην
1469 2802 1614 2883 τοὺς
1669 2799 1918 2874 Περσῶν

600 2877 976 2949 στρατηγοὺς
1004 2880 1255 2944 ἐνίκησε
1284 2877 1629 2945 Μαυρίκιος.

389 2993 784 3076 Συνανεπλάκη
813 2991 871 3045 δὲ
920 2990 1017 3043 καὶ
1055 2992 1167 3052 τοῖς
1193 2988 1440 3059 ἀρίστοις
1471 2988 1721 3059 Περσῶν,
1746 2988 1827 3059 τῷ
1857 3005 1916 3042 τε

2662 2716 2816 2771 CAP.
2854 2717 2973 2782 XX,

2017 2800 2291 2869 Quomodo
2335 2804 2623 2878 Mauricius
2648 2805 3072 2878 Tunc/iosdroem
3112 2818 3162 2861 et
3190 2808 3620 2878 Adaarmanm,

2378 2874 2667 2928 Persarum
2706 2876 2886 2944 duces,
2930 2878 3201 2934 devicerit.

2087 2986 2349 3044 Conflixit
2383 2990 2552 3044 etiam
2572 3005 2698 3045 cum
2730 2992 3207 3061 praestantissimis
3234 2994 3471 3052 ducibus
3490 2996 3625 3053 Per-

315 3089 655 3160 Ταμχοσρόῃ
681 3088 778 3139 καὶ
820 3082 1173 3153 Ἀδααρμὰνῃ
1206 3082 1344 3153 μετὰ
1370 3080 1650 3149 ἀξιολόγου
1684 3080 1914 3153 στρατοῦ

2027 3095 2235 3145 sarum,
2291 3080 2706 3135 Tamchosdroe
2756 3080 2970 3136 scilicet
3020 3092 3077 3138 et
3103 3083 3469 3151 Adaarmane,
3529 3089 3628 3159 qui

315 3178 811 3251 ἐπιστρατεύσασι·
844 3176 941 3228 καὶ
968 3175 1118 3236 ὅπως
1151 3173 1271 3243 μὲν,
1303 3174 1395 3225 καὶ
1429 3173 1531 3235 ὅτι,
1559 3173 1651 3225 καὶ
1684 3172 1793 3241 ὅπη
1830 3170 1922 3225 πέ-

316 3286 588 3347 ⁶πρακται,
619 3269 770 3325 ἄλλοι
816 3268 1162 3339 γραφόντων,
1214 3264 1248 3336 ἢ
1278 3264 1375 3318 καὶ
1408 3264 1538 3336 παρ’
1576 3264 1733 3336 ἡμῶν
1787 3265 1918 3327 ἴσως

317 3367 378 3421 ιν
408 3364 583 3435 ἑτέρῳ
626 3361 902 3427 λελέξεται
958 3358 1125 3429 πόνῳ,
1173 3358 1271 3427 τῆς
1311 3356 1599 3428 παρούσης
1653 3372 1919 3427 πραγμα-

319 3455 475 3519 τείας
502 3454 668 3523 ἕτερα
722 3451 963 3522 μάλιστα
1005 3447 1617 3517 κατεπαγγελλομένης.
1648 3447 1845 3499 Πίπτει
1873 3445 1918 3499 δ’

320 3544 418 3601 οὖν
447 3548 598 3617 ὅμως
630 3546 773 3598 κατὰ
802 3543 899 3615 τὴν
932 3540 1243 3613 παράταξιν
1279 3540 1309 3592 ὁ
1366 3539 1730 3611 Ταμχοσρόης
1764 3540 1875 3610 (9i)
1904 3579 1919 3601 ,

320 3642 428 3695 οὐκ
481 3638 708 3708 ἀνδρείᾳ
737 3636 832 3691 τοῦ
894 3635 1185 3707 Ῥωμαίων
1253 3632 1484 3704 στρατοῦ
1511 3617 1534 3699 ,’
1578 3631 1833 3703 εὐλαϐείᾳ
1865 3630 1922 3684 δὲ

329 3735 492 3806 μόνῃ,
525 3734 628 3786 καὶ
672 3733 740 3801 τῇ
766 3732 824 3794 ἐς
878 3728 1014 3782 Θεὸν
1062 3730 1246 3782 πίστει
1289 3726 1385 3781 τοῦ
1422 3728 1753 3797 στρατηγοῦ.
1786 3727 1922 3779 Φεύ-

322 3844 414 3897 γει
444 3826 501 3879 δὲ
527 3825 623 3879 καὶ
655 3826 684 3878 ὁ
728 3821 1122 3892 Ἀδααρμάνης
1174 3821 1519 3890 κατακράτος
1560 3822 1617 3873 ἐν
1643 3822 1708 3890 τῇ
1771 3819 1920 3890 μάχῃ

324 3915 586 3978 πταίσας,
635 3912 731 3966 καὶ
778 3911 1010 3974 πολλοὺς
1056 3910 1167 3965 τῶν
1201 3909 1423 3963 οἰκείων
1480 3907 1789 3962 ἀποϐαλών·
1830 3910 1921 3962 καὶ

323 4004 499 4060 ταῦτα
550 4004 992 4074 Ἀλαμουνδάρου
1053 4001 1494 4072 καταπροδόντος
1547 3998 1670 4070 (f),
1707 3998 1767 4061 ὃς
1813 3999 1923 4053 τῶν

324 4097 621 4168 Σκηνητῶν
655 4098 841 4166 ἡγεῖτο
872 4094 1190 4166 βαρϐάρων,
1222 4093 1318 4147 καὶ
1376 4094 1467 4146 τὸν
1501 4092 1797 4163 Εὐφράτην
1826 4094 1926 4164 οὐχ

325 4189 591 4258 ιλομένου
630 4187 903 4253 διαϐῆναι,
947 4186 1213 4255 ποταμὸν,
1275 4184 1373 4239 καὶ
1441 4186 1807 4255 συμμαχῆσαι
1846 4183 1925 4254 τῷ

324 4280 626 4349 Μαυρικίῳ
662 4279 803 4332 κατὰ
851 4278 962 4332 τῶν
1003 4277 1337 4340 ἀπεναντίας
1384 4276 1678 4347 Σκηνητῶν
1718 4275 1927 4346 βαρϐά-

328 4387 444 4442 ρων
470 4371 537 4426 ²⁹.
585 4370 1047 4438 Ἀκαταγώνιστοι
1078 4368 1188 4439 γὰρ
1212 4370 1327 4431 τοῖς
1359 4363 1541 4430 ἄλλοις
1568 4366 1658 4420 διὰ
1689 4367 1788 4438 τὴν
1816 4369 1927 4422 τῶν

2026 3186 2152 3225 cum
2184 3170 2392 3241 ingenti
2419 3172 2669 3226 exercitu
2709 3172 2763 3225 in
2814 3170 2953 3229 fines
2989 3174 3367 3231 Romanorum
3411 3172 3629 3250 irrupe-

2028 3272 2170 3330 rant.
2206 3263 2352 3331 Quid
2398 3271 2584 3319 autem
2638 3275 2855 3336 gestum
2911 3267 3003 3332 sit,
3041 3276 3099 3322 et
3144 3284 3387 3339 quonam
3437 3272 3629 3338 modo.

2026 3357 2341 3429 quibusque
2370 3358 2426 3411 in
2450 3357 2610 3423 locis,
2641 3356 2891 3413 scribant
2919 3358 3011 3413 alii
3050 3377 3064 3413 :
3097 3368 3194 3414 aut
3232 3376 3263 3415 a
3297 3361 3461 3417 nobis
3508 3361 3627 3419 for—

2030 3462 2173 3510 tasse
2216 3450 2271 3503 in
2309 3449 2419 3503 alio
2448 3464 2614 3519 opere
2644 3459 2979 3519 exponetur.
3027 3452 3280 3506 Praesens
3300 3453 3447 3507 enim
3487 3468 3632 3524 opus

2028 3543 2189 3613 longe
2220 3542 2453 3595 aliarum
2486 3556 2673 3596 rerum
2698 3542 3080 3597 narrationem
3117 3543 3431 3613 pollicetur.
3464 3543 3629 3601 Ceci-

1979 3650 1983 3655 ·
2029 3632 2113 3687 dit
2154 3631 2519 3686 nihilominus
2571 3631 2628 3685 in
2674 3648 2737 3687 ea
2792 3648 2975 3702 pugna
3029 3633 3457 3702 Tamchosroes,
3511 3651 3625 3694 non

2029 3725 2309 3781 exercitus
2340 3724 2574 3778 Romani
2608 3722 2960 3791 fortitudine,
2992 3725 3089 3780 sed
3116 3726 3275 3782 ducis
3309 3743 3505 3784 eorum
3531 3746 3624 3784 re-

2029 3818 2235 3890 ligione
2265 3825 2321 3871 et
2351 3816 2406 3869 in
2438 3817 2611 3870 Deum
2645 3814 2775 3871 fide.
2815 3815 3195 3873 Adaarmanes
3224 3835 3390 3887 vero,
3420 3820 3631 3892 ingenti

2029 3909 2184 3965 clade
2200 3916 2447 3978 accepta,
2482 3918 2538 3962 et
2568 3907 2760 3962 multis
2782 3923 3014 3963 suorum
3047 3912 3293 3978 amissis,
3324 3915 3633 3969 contentis-

2032 4002 2170 4057 sime
2203 4001 2344 4072 fogit
2370 4018 2385 4056 :
2416 3999 2584 4069 idque
2633 4000 2854 4055 tametsi
2886 4001 3297 4060 Alamundarus
3328 4004 3635 4061 Saraceno-

2033 4108 2157 4147 rum
2183 4090 2295 4146 dux
2328 4088 2687 4160 prodidisset,
2720 4104 2825 4145 nec
2863 4090 3204 4161 Euphratem
3230 4109 3453 4149 amnem
3482 4096 3638 4167 traji-

2033 4200 2182 4249 cere,
2206 4193 2262 4239 et
2288 4180 2552 4239 Mauricio
2573 4180 2842 4238 adversus
2856 4182 3161 4241 Saracenos
3190 4188 3283 4257 qui
3319 4187 3375 4242 in
3392 4186 3637 4245 hostium

2035 4279 2153 4334 acie
2181 4286 2366 4343 erant,
2396 4275 2684 4347 suppetias
2712 4274 2862 4330 ferre
2887 4276 3177 4333 voluisset.
3204 4278 3342 4334 Nam
3373 4279 3638 4336 Saraceni

2035 4369 2105 4425 ab
2140 4368 2264 4422 aliis
2338 4365 2593 4435 superari
2644 4380 2758 4419 non
2790 4376 3026 4434 possunt
3078 4379 3306 4439 propter
3361 4385 3637 4441 equorum

327 4462 516 4515 ῐππων
599 4460 893 4534 ὠκύτητα,
942 4458 1070 4514 οὔτε
1142 4458 1732 4530 καταλαμϐανόμενοι,
1766 4460 1914 4514 εἴποι

2034 4460 2448 4533 pernicitatem.
2481 4458 2696 4530 Quippe
2725 4458 2822 4529 qui
2852 4475 2957 4517 nec
2984 4464 3382 4533 comprehendi
3422 4465 3640 4536 possint

1678 4620 1916 4678 νΑιιιΑῑ
1964 4619 2393 4690 ιεετιοΝιεδ.ῖ

408 4749 454 4782 ⁸⁸
477 4746 538 4805 C.
571 4744 632 4801 C.
676 4744 947 4817 Ἀράϐων.

1572 4862 1842 4919 VALESII
1875 4862 2443 4937 ANNOTATlfiNES.

408 4982 522 5051 (90)
542 4979 895 5051 ‘Eﬁomc'dqr.
916 4976 975 5031 In
995 4978 1823 5051 codiee‘Florentinoscriptum
1847 4984 1932 5034 in-

338 5047 458 5108 veni
494 5052 793 5121 ἐξοικῆσαι.
819 5047 1178 5121 Nicephorus
1208 5065 1356 5121 ivero
1392 5048 1721 5121 simpliciter
1747 5052 1932 5118 posuit

332 5125 562 5177 οἰκίσαι.
582 5118 696 5194 Ego
712 5136 822 5175 non
840 5118 1036 5173 dubito
1048 5120 1184 5194 quin
1205 5120 1476 5194 Evagrius
1488 5120 1775 5194 scripserit
1790 5124 1932 5194 ἑσοιτ

334 5195 514 5246 xeo-at.
548 5190 690 5250 Usus
727 5200 905 5247 estea
931 5203 1068 5245 voce
1108 5190 1379 5262 Evagrius
1418 5190 1474 5244 in
1522 5206 1645 5261 cap.
1700 5192 1723 5245 t
1787 5208 1851 5247 ac
1897 5192 1932 5245 2

334 5264 507 5327 hujus
540 5264 696 5327 libri,

406 5282 518 5401 |(1;?)
540 5282 1097 5405 ¹¹’1311Ῠίιμοσχ,ιι)όης.
1156 5329 1549 5405 Scribendum
1601 5340 1695 5405 est
1725 5334 1921 5405 procul

334 5406 512 5460 dubio
543 5402 931 5476 Ταμχοσρόηςῖ
962 5404 1055 5459 Sic
1076 5403 1229 5476 enim
1270 5402 1446 5476 paulo
1497 5409 1629 5476 ante
1657 5403 1929 5472 Evagrius

331 5492 465 5532 eum
495 5472 951 5532 vocat."Meminit
977 5476 1144 5545 hujus
1183 5473 1347 5528 ducis
1398 5472 1699 5529 Menander
1741 5484 1930 5543 prote-

2040 4990 2160 5055 ctor
2189 4983 2243 5036 in
2270 4983 2564 5055 Execrptis
2590 4983 2957 5055 legationum,
2988 4995 3046 5055 et
3093 4983 3545 5055 TheOpbylaetus
3580 4985 3634 5040 in

2040 5051 2185 5107 libro
2208 5069 2286 5108 Ill.
2320 5051 2574 5120 Qualiter
2609 5051 2741 5109 vero
2768 5055 2824 5109 in
2871 5054 3062 5123 praelia
3106 5051 3377 5109 adversus
3426 5054 3637 5109 Mauri-

2041 5123 2551 5197 cium_i_nterfeetus
2581 5124 2675 5197 sit,
2711 5125 2886 5181 refert
2927 5126 3072 5179 idem
3105 5124 3556 5197 Theophylactus
3584 5128 3639 5182 in

2040 5210 2164 5262 cap.
2195 5193 2264 5247 l8
2311 5195 2439 5267 libri
2471 5211 2551 5250 Ill.
2585 5195 2759 5267 quue
2810 5205 3027 5267 gestum
3058 5211 3182 5267 esse
3235 5193 3481 5267 testatur,
3514 5205 3642 5266 post

2042 5274 2279 5319 mortem
2334 5265 2685 5335 imperatoris
2720 5265 2951 5332 Jus'tini,
2986 5265 3215 5321 Tiberio
3238 5266 3351 5335 jam
3420 5266 3487 5321 ad
3520 5265 3637 5322 Au-

2038 5344 2256 5403 gustum
2292 5338 2511 5391 culmen
2545 5346 2762 5394 erecto.
2798 5338 2857 5394 In
2894 5337 3088 5396 codice
3143 5336 3456 5393 'l‘elleriano
3498 5338 3637 5394 scri-

2038 5415 2193 5474 ptum
2214 5417 2302 5463 est
2322 5408 2561 5477 χοσρόις.

1811 5617 2200 5675 VMHORUM.

413 5741 504 5809 (Ii
542 5742 985 5809 Ἀλιιμουδάρου
1026 5742 1537 5811 καταπροδόντος.
1584 5743 1923 5799 Alaulunda-

330 5827 453 5879 rus,
491 5812 864 5872 Romanorum
902 5814 957 5870 in
1004 5814 1104 5873 hac
1129 5813 1478 5887 erpcditione
1500 5831 1708 5887 comes,
1736 5832 1929 5872 eorum

2039 5747 2267 5800 Consilia
2310 5747 2601 5799 Persarum
2638 5747 2749 5813 regi
2794 5745 3105 5814 prodidisse
3162 5744 3355 5799 fertur.
3425 5740 3627 5814 Pagina

2042 5817 2344 5873 lurt'rvfsi‘t
2382 5834 2527 5873 anno
2564 5818 2683 5885 ὕει,
2725 5836 2777 5872 ιι.
2814 5819 2895 5873 H.
