4110 6332
600 358 745 423 2813

1785 357 2104 420 EVAGRII
2149 356 2640 419 SCHOLASTICI

3752 359 3895 422 εδει

671 460 761 527 VI.
802 470 1092 539 Quomodo
1134 469 1434 538 imperator
1473 466 1659 522 denuo
1688 466 2057 535 Pbilippicum
2093 466 2181 519 mi-

2368 467 2461 532 ς’.
2499 464 2585 529 Ὠς
2610 465 2638 517 ὁ
2665 464 2918 535 βασιλεὺς
2938 464 3266 519 Φιλιππικὸν
3293 465 3456 520 πάλιν
3478 465 3891 537 ἐξαπέστειλεν,

597 565 691 629 sit,
724 573 896 638 utque
928 564 1208 617 exercitus
1228 577 1357 617 eum
1397 560 1679 628 suscipere
1711 556 2009 611 recusavit.

670 655 783 711 VII.
825 655 899 709 De
924 653 1192 725 Gregorio
1215 652 1519 710 Antiochiae
1546 652 1829 721 episcopo.
1851 651 2030 720 deque
2060 664 2189 705 con-

595 748 814 803 cinnata
844 748 1112 802 adversus
1137 762 1265 801 eum
1306 743 1582 801 calumnia
1602 784 1616 808 ,
1655 752 1713 799 et
1754 741 2034 812 quomodo
2066 756 2187 795 eam

594 846 713 900 lltlsi
758 845 1085 899 convicerit.

669 936 803 991 VIII.
852 934 1141 1003 Quomodo
1184 932 1481 988 Antiochia
1518 939 1679 987 teme
1719 929 1963 991 motibus
2004 927 2188 985 denuo

595 1035 787 1081 vexata
824 1035 930 1080 εει.

665 1117 753 1173 IX.
785 1110 1074 1185 Quomodo
1107 1114 1337 1169 Barbari
1372 1111 1569 1167 ﬁducia
1600 1118 1818 1179 sumpta
1842 1125 1911 1164 ex
1942 1124 2009 1165 eo
2038 1109 2184 1179 quod

590 1208 796 1263 milites
825 1207 894 1261 ab
929 1207 1265 1275 imperatore
1298 1203 1666 1267 defecissent,
1693 1201 1919 1258 eosdem
1952 1202 2183 1275 agressi,

590 1318 620 1356 a
650 1300 926 1356 Germano
956 1297 1200 1368 superati
1232 1303 1381 1350 sunt.

660 1388 732 1447 X.
777 1390 854 1446 De
889 1387 1242 1459 imperatoris
1271 1388 1325 1442 in
1360 1384 1596 1440 rebelles
1624 1383 1942 1440 clementia.

656 1564 749 1623 XI.
796 1564 1084 1633 Quomodo
1117 1561 1420 1634 Gregorius
1459 1560 1854 1619 Antiochensis
1889 1561 2183 1635 episcopus

586 1660 653 1715 ad
686 1660 963 1729 pacandas
990 1657 1195 1712 milites
1232 1656 1479 1712 directus
1508 1664 1613 1712 est.

658 1750 774 1806 XII.
827 1749 1076 1821 Gregorii
1115 1749 1293 1805 oratio
1320 1749 1387 1803 ad
1423 1749 1749 1804 exercitum.

659 1839 798 1898 XIII.
846 1840 1136 1907 Quomodo
1167 1849 1290 1911 post
1317 1840 1626 1895 orationem
1650 1838 1919 1910 Gregorii,
1952 1837 2179 1903 milites,
2215 1822 2256 1877 Β

587 1932 837 2004 deposita
862 1933 1048 2003 priore
1065 1932 1362 1999 sententia,
1389 1931 1757 2003 Philippicum
1780 1930 1978 1987 ducem
1998 1930 2184 1987 denuo

586 2033 975 2093 susceperunt.

658 2116 801 2172 XIV.
837 2114 1131 2184 Quomodo
1163 2124 1325 2186 capta
1360 2114 1434 2170 sit
1456 2112 1859 2185 Martyropolis.

656 2208 774 2265 XV.
806 2209 883 2263 De
922 2207 1273 2265 Gomentiolo
1304 2208 1568 2280 magistro
1596 2208 1857 2273 militum,
1890 2216 1946 2261 ct
1979 2206 2049 2263 de
2082 2216 2181 2262 ex-

587 2300 924 2371 pugnatione
952 2300 1160 2354 castelli
1197 2298 1437 2354 Hocbas.

658 2392 797 2447 XVI.
836 2394 912 2448 De
937 2393 1085 2448 caede
1113 2393 1441 2449 Hormisdaz.

659 2483 821 2539 XVII.
871 2485 949 2539 De
983 2484 1223 2556 junioris
1274 2482 1542 2540 Ghosrois
1594 2482 1660 2538 ad
1717 2484 1992 2537 Romanos
2031 2479 2177 2550 fuga.

658 2675 844 2731 XVIII.
883 2674 1131 2741 Qualiter
1177 2674 1481 2743 imperator
1514 2670 1842 2743 Gregorium
1886 2685 1951 2726 ac
1990 2669 2179 2724 Domi-

589 2767 799 2821 tianum
841 2764 1077 2821 Ghosroi
1099 2764 1320 2820 obviam
1349 2765 1431 2819 ire
1453 2765 1641 2836 jussit.

658 2854 802 2910 XIX.
856 2854 1147 2922 Quomodo
1212 2854 1491 2910 Ghosroes
1547 2854 1920 2909 Romanorum
1970 2848 2180 2907 auxilio

589 2962 820 3018 regnum
859 2962 1020 3002 suum
1056 2946 1422 3017 recuperavit.

659 3038 779 3095 XX.
827 3039 904 3093 De
931 3047 1120 3093 sancta
1150 3046 1326 3093 matre
1354 3036 1699 3102 Golanduch,
1738 3050 1862 3108 quae
1892 3035 2002 3091 illis
2035 3044 2176 3091 tem-

590 3132 821 3201 poribus
854 3130 1009 3185 vixit.

662 3224 802 3279 XXI:
851 3224 926 3279 De
958 3222 1205 3279 donariis
1266 3239 1389 3293 qua:
1434 3222 1710 3279 Cbosroes
1767 3222 1915 3279 misit
1951 3223 2020 3278 ad
2055 3238 2184 3279 san-

592 3326 742 3371 ctum
774 3326 1071 3387 martyrem
1108 3316 1384 3387 Sergium.

664 3408 828 3463 XXII.
876 3409 952 3462 De
984 3409 1261 3463 Naamane
1291 3407 1587 3463 Saracena.

664 3503 855 3559 XXIII.
906 3503 981 3557 De
1036 3501 1191 3557 obitu
1247 3500 1423 3557 sancti
1500 3500 1779 3556 Simeonis
1833 3498 2041 3572 Stylitze
2088 3500 2183 3571 ju-

592 3611 790 3652 ιιιοιιε.

664 3686 851 3743 XXIV.
890 3687 964 3742 Dc
1010 3685 1162 3742 obitu
1203 3684 1454 3758 Gregorii
1494 3683 1887 3740 Antiochensis
1916 3682 2195 3755 episcopi,

590 3790 647 3836 et
676 3779 1028 3835 restitutione
1058 3778 1353 3833 Anastasii.

1005 4092 1167 4167 453
1216 4088 1443 4148 CAPUT
1481 4088 1773 4147 ramus.

892 4206 971 4260 De
1005 4205 1201 4275 nuptiis
1235 4203 1481 4257 Mauricii
1512 4210 1561 4282 ςι
1596 4200 1869 4273 Augusta.

659 4318 961 4374 Mauricius
1008 4316 1170 4372 simul
1224 4324 1391 4385 atque
1440 4315 1734 4384 imperium
1785 4316 2021 4386 adeptus
2070 4322 2175 4379 est,

587 4422 713 4467 ante
740 4410 925 4465 omnia
951 4408 1271 4479 nuptiarum
1300 4411 1529 4462 Suarum
1556 4415 1882 4477 apparatum
1914 4406 2175 4462 instituit.

586 4510 889 4577 Augustam
939 4502 1125 4573 igitur,
1174 4514 1296 4571 qua!
1349 4508 1405 4554 ct
1450 4498 2174 4568 Constantina,dicebatur,

586 4596 817 4655 solemni
850 4596 1244 4669 imperatorum
1269 4606 1423 4646 more
1452 4606 1679 4646 uxorem
1711 4590 1892 4656 duxit,
1942 4589 2177 4660 nuptiali

587 4706 830 4771 pompa,
884 4696 939 4743 et
988 4684 1230 4757 publicis
1278 4682 1457 4753 epulis
1509 4697 1573 4735 ac
1625 4680 2020 4738 festivitatibus
2080 4696 2180 4752 per

587 4792 757 4836 totam
804 4779 997 4833 urbem
1044 4772 1589 4847 magniﬁcentissime
1637 4771 1952 4828 celebratis.
2004 4772 2177 4827 Inter-

586 4873 815 4928 Iueruut
844 4871 930 4926 his
965 4867 1178 4939 nuptiis
1216 4863 1392 4936 pietas
1428 4873 1488 4931 et
1524 4864 1880 4935 imperatoria
1914 4864 2175 4937 dignitas,

588 4966 985 5023 decentissime
1040 4960 1300 5015 satellitio
1369 4957 1693 5013 Mauricium
1756 4968 1815 5014 et
1873 4960 2175 5031 Augustam

587 5059 883 5129 stipantcs,
925 5063 984 5109 ct
1028 5048 1431 5122 pretiosissima
1473 5048 1556 5102 eis
1588 5062 1817 5101 munera
1855 5046 2173 5102 oﬂ'erentes.

585 5151 722 5208 Nam
755 5148 845 5203 illa
870 5144 1118 5216 quidem,
1150 5140 1297 5212 quod
1330 5138 1469 5193 nulli
1502 5152 1744 5207 unquam
1777 5137 2175 5208 imperatorum

584 5242 851 5313 obtigisse
885 5238 1142 5308 legimus,
1174 5241 1387 5304 patrem
1422 5231 1583 5287 simul
1614 5244 1677 5284 ac
1712 5240 1942 5285 matrem
1974 5230 2179 5285 Mauri-

586 5334 658 5390 cii
680 5330 951 5395 exhibuit,
978 5329 1071 5399 qui
1096 5328 1295 5381 decora
1321 5323 1523 5378 canitie
1556 5321 1816 5393 rugisque
1845 5323 2177 5379 venerandis

586 5427 810 5498 nuptias
835 5424 1285 5480 sanctillcarents
1320 5420 1519 5475 fratres
1549 5417 1677 5473 item
1713 5416 1885 5471 forma
1914 5434 1975 5472 ac
2001 5433 2175 5473 venu-

582 5527 725 5575 state
754 5517 1011 5581 eximios,
1053 5512 1147 5584 qui
1176 5513 1491 5585 nuptiarum
1530 5525 1782 5581 pompam
1819 5520 2171 5565 exornarem.

2298 560 2325 610 ὁ
2357 558 2413 611 δὲ
2446 557 2678 628 στρατὸς
2706 558 2895 611 τοῦτον
2935 559 2994 611 οὐ
3029 557 3385 627 παρεδέξατο.

2365 651 2436 703 Ζ’.
2472 650 2607 720 Περὶ
2652 649 2954 720 Γρηγορίου
2981 649 3074 703 τοῦ
3099 649 3471 715 Θεουπόλεως,
3504 650 3600 704 καὶ
3632 651 3735 721 τῆς
3768 656 3893 707 κατ’

2292 742 2462 795 αὐτοῦ
2506 742 2809 812 γενομένης
2849 741 3239 813 συκοφαντίας,
3273 743 3369 797 καὶ
3397 743 3548 806 ὅπως
3582 759 3645 795 τε
3679 742 3891 816 ταύτην

2290 834 2463 907 ψευδῆ
2489 834 2790 905 διήλεγξεν.

2365 926 2449 982 Η’.
2495 926 2581 991 Ὧς
2614 926 2801 981 πάλιν
2827 926 2934 980 ὑπὸ
2979 926 3223 999 σεισμῶν
3263 930 3297 1000 ἡ
3327 928 3624 995 Θεούπολις
3662 928 3894 984 ἔπαθεν.

2362 1098 2440 1154 8'.
2505 1099 2592 1162 Ὠς
2638 1098 2688 1153 οἱ
2744 1095 3022 1169 Βάρϐαροι
3077 1096 3456 1170 θαρρήσαντες
3486 1100 3553 1169 τῇ
3585 1098 3682 1152 τοῦ
3720 1114 3895 1167 στρα-

2286 1192 2382 1247 τοῦ
2419 1192 2561 1252 κατά
2601 1191 2697 1245 τοῦ
2740 1190 3007 1262 βασιλέως
3035 1190 3358 1256 ἀποστάσει,
3386 1191 3600 1255 τούτοις
3648 1189 3898 1262 «90664-

2287 1285 2492 1350 λόντες,
2528 1285 2635 1340 ὑπὸ
2657 1282 2941 1356 Γερμανοῦ
2971 1282 3307 1355 ἡττήθησαν.

2358 1381 2417 1432 I'.
2468 1379 2605 1449 Περὶ
2658 1377 2760 1449 τῆς
2807 1375 2905 1430 τοῦ
2946 1374 3215 1447 βασιλέως
3270 1378 3350 1441 εἰς
3388 1377 3515 1439 τοὺς
3568 1375 3893 1438 ἀποστάτας

2287 1470 2722 1543 φιλανθρωπίας.

2359 1562 2463 1618 1Δ’.
2510 1565 2597 1627 Ὠς
2642 1562 2942 1635 Γρηγόριος
2992 1563 3021 1616 ὁ
3068 1558 3419 1624 Θεουπόλεως
3467 1558 3889 1629 εἰςδιαὶλαγάς

2285 1655 2625 1727 ἐξαπεστάλη
2658 1654 2754 1708 τοῦ
2795 1652 3049 1724 στρατοῦ.

2356 1748 2459 1803 IB'.
2496 1747 2818 1820 Δημηγορία
2846 1746 3154 1818 Γρηγοριου
3183 1744 3320 1817 πρὸς
3352 1746 3446 1800 τὸν
3476 1746 3729 1817 στρατόν.

2365 1842 2463 1895 1Γ’.
2494 1842 2617 1895 Ὀτι
2662 1840 2803 1912 μετά
2866 1838 2929 1893 τδ
2968 1838 3359 1910 δημηγορῆσαι
3391 1838 3720 1909 Γρηγόριον,
3760 1853 3895 1908 μετ-

2290 1933 2476 1988 έθεντο
2502 1930 2904 2001 ταῖςγνώμαις
2928 1932 2978 1984 οῑ
3012 1929 3368 2003 στρατιῶται,
3388 1930 3485 1983 καὶ
3513 1929 3677 1983 πάλιν
3698 1929 3893 1999 δέχονι

2289 2043 2380 2079 ται
2408 2024 2737 2079 Φιλιππικὸν
2768 2023 3099 2093 στρατηγόν.

2362 2120 2460 2172 1Δ’.
2507 2117 2645 2189 Περὶ
2680 2116 2778 2187 τῆς
2818 2116 3076 2180 ἁλώσεως
3123 2111 3631 2185 Μαρτυροπόλεως.

2362 2210 2464 2266 IE’.
2497 2211 2631 2281 Περὶ⁵
2673 2210 2775 2277 τῆς
2809 2206 3574 2281 στρατηγίας.Κομεντιόλου,
3606 2206 3704 2260 καὶ
3736 2204 3885 2261 ἀλώος

2291 2322 2429 2366 σεως
2471 2303 2567 2358 τοῦ
2594 2303 2824 2367 Ὀκσας.

2359 2396 2473 2464 IC’.
2504 2398 2641 2470 Περὶ
2668 2397 2769 2466 τῆς
2802 2396 3138 2468 ἀναιρέσεως
3179 2393 3492 2467 Ὀρμίσδου.

2355 2488 2457 2544 1Ζ⁰.
2507 2488 2645 2558 Περὶ
2699 2487 2798 2558 τῆς
2833 2487 2974 2558 πρὸς
3020 2487 3171 2557 ἡμᾶς
3230 2486 3411 2556 φυγῆς
3451 2482 3548 2539 τοῦ
3600 2484 3728 2539 νέου
3776 2486 3891 2540 Χο-

2289 2579 2475 2651 σρὸου.

2359 2672 2466 2725 III'.
2526 2671 2615 2733 Ὠς
2655 2670 2683 2723 ὁ
2724 2668 2982 2740 βασιλεὺς
3039 2668 3345 2740 Γρηγόριον
3405 2670 3499 2722 καὶ
3552 2669 3891 2740 Δομετιανὸν

2287 2764 2370 2827 εις
2399 2763 2711 2834 ἀπάντησιν
2750 2762 2998 2832 Χοσρόου
3034 2760 3441 2826 ἐξαπέστειλεν.

2359 2854 2460 2909 ῙΘ’.
2508 2854 2596 2914 Ὠς
2634 2853 2798 2908 πάλιν
2832 2854 2934 2923 τὴν
2959 2852 3135 2924 ἀρχὴν
3166 2851 3396 2926 Περσῶν
3421 2844 3671 2925 Χοσρόης
3700 2852 3890 2919 ἔλαϐε,

2301 2947 2589 3018 Ῥωμαίων
2620 2947 2768 3018 αὐτῷ
2799 2926 3212 3017 συναραμένων.
3566 2940 3567 2943 “

2357 3040 2445 3095 ις’.
2480 3041 2603 3094 Ὅτι
2627 3041 2751 3093 κατ’
2784 3040 2963 3093 ἐκεῖνο
2982 3037 3180 3111 καιροῦ
3206 3041 3239 3110 η
3270 3038 3403 3108 ἀγια
3447 3040 3634 3111 μήτηρ
3664 3035 3735 3111 ἦν
3781 3039 3885 3095 Γο-

2209 3169 2254 3228 c
2284 3130 2539 3204 λανδούχ.

2364 3225 2499 3281 KA'.
2550 3225 2688 3297 Περὶ
2740 3218 2817 3281 ὧν
2863 3223 3078 3296 ἔπεμψε
3107 3223 3358 3295 Χοσρόης
3409 3221 3780 3294 ἀναθημάτων
3806 3222 3889 3295 τῷ

2294 3317 2437 3387 ἀγξῳ
2472 3316 2713 3388 μάρτυρι
2754 3315 2988 3389 Σεργίῳ.

2367 3408 2494 3463 KB’.
2528 3408 2669 3479 Περὶ
2704 3408 3009 3479 Νααμάνου
3038 3407 3136 3462 τοῦ
3167 3407 3513 3480 Σαρακηνοῦ.

2364 3497 2491 3553 Kl".
2530 3498 2666 3570 Περὶ
2684 3499 2785 3571 τῆς
2814 3499 3075 3571 τελευτῆς
3101 3498 3196 3553 τοῦ
3220 3501 3281 3553 ὲν
3312 3500 3491 3569 ἁγίοις
3518 3500 3754 3573 Συμεὼν
3788 3500 3888 3556 τοῦ

2294 3588 2416 3643 νέου
2448 3588 2729 3645 Στυλιτου.

2364 3680 2638 3751 KA'JIsp't
2660 3683 2759 3752 τῆς
2783 3680 3042 3752 τελευτῆς
3061 3682 3367 3753 Γρηγοριου
3386 3683 3688 3738 ἐπισκόπου
3709 3683 3886 3739 Θεον-

2293 3773 2524 3838 πόλεως,
2554 3773 2651 3828 καὶ
2674 3772 3174 3839 ἀποκαταστάσεως
3216 3774 3594 3831 ’Δναστασίοω

2719 4089 3119 4146 ΚΕΦΔΔΔῙΟΝ
3166 4091 3460 4149 ΠΡΩΤΟΝ.

2202 4221 2253 4281 ι)
2372 4201 2515 4272 Περὶ
2542 4201 2649 4257 τοῦ
2682 4201 2873 4273 γάμου
2895 4205 3232 4272 Μαυρικιου
3255 4206 3355 4262 καὶ
3376 4209 3762 4279 Aureum-nc.

2355 4314 2665 4387 Μαυρίκιος
2707 4315 2783 4381 δὲ,
2817 4316 2953 4368 ἐπεὶ
2984 4316 3294 4388 παρέλαϐεν
3318 4318 3416 4389 τὴν
3444 4321 3643 4391 ἀρχὴν,
3679 4323 3876 4393 πρῶτα

2283 4406 2382 4476 μὲν
2418 4404 2486 4459 τά
2538 4405 2671 4476 περὶ
2717 4404 2812 4458 τὸν
2856 4405 3035 4476 γάμον
3073 4405 3403 4477 ἐξηρτύετο·
3436 4408 3532 4463 καὶ
3572 4412 3716 4465 κατά
3746 4414 3878 4479 τοὺς

2282 4497 2599 4568 βασιλικοὺς
2625 4497 2864 4569 θεσμοὺς
2898 4496 3240 4567 Δύγοῦσταν,
3271 4499 3371 4571 τὴν
3397 4502 3490 4556 καὶ
3519 4494 3876 4561 Κώνσταν-ιε-

2279 4609 2399 4658 ναν,
2439 4591 2787 4677 ὲσοικὶξεται·
2816 4591 2917 4663 τῆς
2955 4608 3017 4645 τε
3060 4593 3169 4646 τῶν
3200 4595 3396 4666 γάμων
3439 4598 3666 4670 πομπῆς
3698 4617 3874 4670 μεγα-

2279 4684 2569 4754 λοπρεπῶς
2592 4684 2993 4755 γεγενημένης.
3028 4685 3377 4756 δημοθοινίας
3402 4705 3482 4754 τε,
3520 4690 3615 4744 καὶ
3658 4691 3882 4762 ἀγερω-

2280 4778 2403 4849 χίας
2438 4776 2745 4849 ἑκασταχοῦ
2778 4777 2879 4848 τῆς
2919 4780 3152 4842 πόλεως.
3190 4780 3452 4851 Παρῆσαν
3493 4782 3550 4836 δὲ
3579 4783 3657 4853 τῷ
3682 4785 3871 4855 γάμῳ,

2282 4870 2565 4924 θεοσέεειά
2617 4886 2679 4923 τε
2734 4871 2830 4923 καὶ
2864 4868 3110 4939 βασιλεία
3154 4870 3549 4944 δορυφοροῦσαι
3578 4891 3638 4929 τε
3668 4876 3875 4947 ixi-rp:-

2280 4961 2526 5016 πέστατα
2548 5001 2564 5025 ,
2596 4962 2691 5015 καὶ
2733 4960 3144 5033 δωροφοροῦσαι
3192 4962 3262 5015 τὰ
3299 4963 3628 5034 τιμιώτατα.
3671 4967 3738 5020 Ἡ
3771 4970 3875 5035 μὲν

2280 5055 2389 5124 γὶρ
2435 5053 2648 5126 πατέρα
2694 5055 2789 5108 καὶ
2840 5053 3056 5126 μητέρα
3122 5054 3441 5125 παρείχετο,
3473 5061 3645 5129 σεμνῇ
3684 5060 3873 5132 πολιᾷ,

2280 5146 2546 5215 αἰδεσίμῳ
2575 5161 2635 5198 τε
2667 5145 2842 5216 ῥυτίδι
2872 5144 2962 5199 τὸν
2989 5146 3166 5213 γάμον
3197 5146 3546 5213 ἀγιάσοντας,
3586 5150 3685 5219 οὐχ
3722 5152 3875 5204 ἱστο-

2283 5235 2444 5307 ρηθὲν
2475 5238 2532 5299 ἐς
2564 5236 2609 5267 ³³
2641 5234 2898 5306 βασιλέας
2948 5234 3169 5287 πώποτε
3198 5276 3212 5300 ,
3245 5236 3511 5304 ἀδελφούς
3554 5252 3612 5289 τε
3670 5239 3872 5302 καλοὺς

2281 5330 2372 5382 καὶ
2396 5328 2634 5398 ὡραίους
2662 5328 2761 5399 τὴν
2812 5323 3081 5399 γαμήλιον
3106 5327 3338 5398 πομπὴν
3371 5329 3757 5399 σεμνύνοντας.
3808 5332 3871 5385 'll

2278 5419 2331 5472 δέ
2358 5436 2442 5487 γε.
2474 5420 2797 5491 ἀμπεχόνην
2830 5420 3234 5493 χρυσόπαστον,
3266 5420 3547 5489 ἀλουργίζι
3575 5422 3672 5474 καὶ
3700 5422 3875 5491 λίθοις

2292 5512 2471 5565 Ἰνδῶν
2507 5514 2954 5584 κεκοσμημένην,
3003 5492 3305 5583 στεφάνους
3354 5528 3409 5566 τε
3449 5512 3639 5583 χρυσῷ
3690 5515 3875 5586 πολλῴ

1896 5651 2127 5708 νΑΜιΕ
2171 5652 2580 5712 ιιξείιωκεδ.

657 5782 704 5821 δι
736 5774 799 5832 C.
831 5773 891 5830 C.
926 5771 1022 5834 ὡς.
