4110 6332
594 356 736 421 εειτ

1771 367 2092 428 ΕνΑοιιιι
2134 363 2627 430 SCHOLASTICI

3734 367 3892 434 2848

583 487 705 527 cem
734 483 789 528 et
815 474 1133 531 Palaestinas
1160 482 1293 541 tres,
1326 492 1429 547 ope
1460 475 1823 531 barbarorum
1854 492 1995 545 quos
2028 477 2176 532 circa

2292 476 2388 530 τῶν
2431 477 2570 547 ἀμφ’
2598 478 2762 532 αὑτὸν
2792 477 3105 550 βαρϐάρων,
3138 482 3227 535 ὅτε
3264 478 3703 555 Ἀλαμούνδαρος
3734 484 3884 554 ἥλω,

584 579 644 619 se
700 564 957 627 habebat.
1020 570 1317 639 populatus
1368 569 1567 627 fuerat.
1628 578 1683 623 et
1739 570 1793 623 in
1850 571 2174 625 servitutem

586 655 895 727 redegerat,
917 675 984 715 eo
1011 670 1260 731 tempore
1280 678 1389 732 quo
1411 671 1603 731 captus
1624 672 1709 717 est
1729 662 2137 717 Alamundarus
2160 681 2172 716 :

585 763 711 801 cum
749 754 1187 823 omnes'judices
1216 770 1344 809 eum
1373 756 1595 823 capitali
1628 755 1899 824 supplicio
1929 754 2175 809 allicien-

585 836 716 891 dum
746 854 871 895 esse
912 843 1293 908 censuissent,
1331 844 1385 897 in
1424 844 1601 898 libera
1636 846 1884 899 custodia
1912 845 2173 911 detinuit,

2285 570 2503 621 πάντων
2553 568 2720 621 αὐτοῦ
2752 569 2981 624 θάνατον
3028 564 3592 645 καταψηφισαμένων.
3629 578 3689 629 ὲν
3722 577 3892 629 ἐλευ-

2284 660 2419 731 θέρᾳ
2467 661 2681 731 φυλακῇ
2737 664 2981 732 φρουρεῖ,
3035 665 3203 736 μηδὲν
3255 667 3513 720 ἐπέκεινα
3555 667 3766 721 κακῶν.
3808 670 3885 720 ’Δ

2284 756 2378 809 καὶ
2418 756 2505 822 ἐφ’
2564 753 2777 824 ἐτέροις
2822 754 3146 828 άναρίθμοις
3197 757 3503 829 πέπραχεν,
3554 758 3630 822 ὡς
3662 760 3884 813 ἕκαστα

2284 847 2611 918 προσφόροις
2642 844 2940 910 λελέξεται.

586 935 740 989 ιιιιΙΙο
769 937 1007 1006 amplius
1031 938 1176 993 malo
1200 955 1327 1001 eum
1360 941 1623 995 multans.
1653 940 1857 995 Eadem
1883 940 2174 995 clementia
2214 958 2347 997 usus
2378 951 2462 997 est
2492 941 2658 997 etiam
2722 956 2849 1013 erga
2885 941 3022 1000 alios
3052 943 3505 1010 innumerabiles,
3542 955 3604 1001 ut
3674 947 3881 1016 singil-

588 1031 739 1085 latim
768 1031 1020 1087 dicemus
1038 1049 1150 1089 suo
1176 1034 1320 1091 loco.

1147 1152 1311 1224 455
1335 1153 1488 1209 car.
1518 1154 1608 1210 ιιι.

590 1238 665 1293 De
695 1240 907 1296 Joanne
955 1251 1005 1296 et
1048 1243 1368 1315 Philippica,
1413 1246 1686 1315 magistris
1722 1244 1985 1309 militum,
2024 1246 2073 1297 el
2114 1242 2178 1296 de

1043 1314 1193 1367 rebus
1219 1316 1299 1371 ab.
1320 1314 1517 1369 iisdem
1535 1316 1715 1385 gestis.

661 1424 834 1479 Porro
861 1425 1185 1496 magistrum
1218 1426 1520 1482 Orientalis
1550 1427 1781 1489 militiae,
1819 1425 1997 1496 primo
2049 1422 2178 1494 qul-

589 1516 715 1571 dem
752 1515 1018 1572 Joannem
1055 1518 1229 1580 misit,
1256 1519 1556 1574 oriundum
1590 1534 1655 1573 ex
1689 1516 1946 1571 Thracia.
1982 1515 2086 1581 Qui
2122 1517 2177 1570 in

590 1608 802 1677 aliquot
832 1608 1067 1678 procliis,
1105 1609 1382 1663 interdum
1438 1610 1691 1675 adversa,
1738 1606 2017 1662 interdum
2054 1622 2181 1677 pro-

590 1707 838 1777 speriore
869 1708 1091 1764 fortuna
1126 1725 1279 1776 usus,
1307 1708 1747 1765 nihil.memoria
1782 1708 2007 1779 dignum
2050 1722 2180 1777 ges-

589 1800 683 1855 sit.
735 1800 875 1857 Huic
906 1801 1107 1857 deinde
1159 1818 1542 1867 successorem
1592 1802 1744 1857 misit
1785 1799 2178 1870 Pbilippieum,

2884 1155 3137 1209 ΚΕΦΑΛ.
3190 1157 3264 1211 l".

2283 1244 2429 1315 Περὶ
2478 1245 2589 1316 τῆς
2616 1248 2981 1317 στρατηγίας
3030 1248 3315 1302 Ἰωάννου
3347 1249 3444 1301 καί
3482 1246 3884 1317 Φιλιππικοῢ,

2779 1314 2878 1371 καί
2917 1314 3008 1373 ὦν
3035 1318 3406 1388 πεπράκασι.

2357 1429 2623 1500 Πέπομερε
2683 1429 2782 1499 μὲν
2831 1426 2928 1484 "iv
2982 1434 3011 1485 ὁ
3060 1432 3370 1501 Μαυρίκιος
3416 1438 3729 1506 στρατηγὸν
3766 1438 3888 1489 τῶν

2302 1520 2481 1591 Ἐῴων
2518 1521 2838 1592 ταγμάτων,
2892 1523 3072 1595 τρῶτα
3105 1524 3204 1593 μὲν
3268 1520 3523 1597 Ἰωάννην
3572 1529 3646 1597 (Ιι)
3684 1529 3889 1601 Θρᾷκα

2284 1611 2461 1679 γένος.
2496 1615 2593 1677 Ὃς
2624 1612 2747 1668 τινὰ
2796 1622 2894 1685 μὲν
2938 1615 3194 1680 πταίσας,
3221 1618 3345 1670 τινὰ
3375 1618 3432 1671 δὲ
3470 1620 3563 1673 καὶ
3590 1622 3887 1690 ἀναμαχεο

2287 1705 2545 1775 σάμενος,
2576 1706 2731 1760 οὐδὲν
2758 1708 2787 1761 ὅ
2812 1724 2864 1762 τι
2898 1710 2992 1761 καὶ
3036 1708 3195 1776 λόγου
3235 1709 3384 1774 ἄξιον
3418 1711 3694 1784 πέπραχε.
3740 1714 3889 1767 Μετ’

2288 1794 2451 1849 αὑτὸν
2491 1796 2548 1849 δέ
2580 1795 2932 1862 Φιλιππικὸν,
2962 1794 3125 1865 κῆδος
3162 1798 3298 1869 πρὸς
3336 1798 3500 1852 αὐτὸν
3530 1800 3745 1871 ἔχοντα·
3776 1804 3889 1871 τὴν

589 1890 852 1947 allinitate
883 1893 983 1963 ipsi
1016 1895 1398 1965 coniunctum.
1432 1894 1675 1949 Alteram
1710 1893 1855 1948 enim
1886 1907 1950 1945 ex
1981 1888 2184 1945 Mauri-

2292 1885 2483 1956 ἐτὲραν
2515 1886 2623 1956 γὰρ
2644 1888 2764 1939 ταῖν
2796 1862 3055 1957 ἀδελφαῖν
3082 1862 3247 1941 αὑτοῦ
3284 1862 3617 1960 γεγαμήκεί.
3655 1893 3751 1954 Ὃς
3783 1862 3892 1946 καὶ

590 1984 660 2038 cii
693 1985 1003 2051 sororibus,
1036 2001 1263 2041 uxorem
1286 1986 1540 2042 duxerat.
1574 1984 1679 2052 Qui
1712 1984 1767 2038 in
1802 1982 2045 2037 hostium
2098 1996 2185 2035 re-

590 2072 811 2143 gionem
876 2074 1185 2144 ingressus,
1225 2083 1282 2131 et
1311 2076 1476 2130 obvia
1524 2088 1759 2144 quzeque
1792 2071 2181 2141 depopulatus,

592 2165 800 2235 ingenti
826 2166 1009 2236 pneda
1046 2168 1258 2237 potitus
1296 2177 1403 2223 est.
1438 2167 1640 2221 Multos
1672 2180 1893 2235 quoque
1920 2179 1987 2217 ex
2019 2154 2181 2216 nobi-

592 2256 740 2313 libus
769 2257 1070 2324 Nisibenis,
1104 2269 1162 2315 et
1206 2275 1273 2315 ex
1304 2260 1430 2314 aliis
1452 2258 1687 2313 urbibus
1709 2273 1831 2327 qua:
1862 2266 1992 2310 sunt
2038 2254 2183 2308 intra

593 2348 822 2403 ﬂuvium
868 2350 1099 2419 Tigrim,
1150 2350 1448 2406 interfecit.
1512 2349 1775 2405 Conﬂixit
1832 2348 1999 2403 etiam
2056 2359 2184 2399 cum

592 2442 776 2497 Persis
811 2459 823 2494 :
857 2442 1263 2512 commissaque
1287 2442 1494 2513 ingenti
1533 2457 1738 2512 pugna,
1766 2448 1821 2495 et
1865 2437 2054 2493 multis
2089 2434 2183 2506 qui

595 2534 742 2587 inter
785 2534 981 2587 Persas
1015 2533 1205 2587 eximii
1237 2533 1610 2596 habebantur,
1651 2530 1871 2594 occisis,
1907 2542 2016 2582 non
2052 2542 2188 2595 pau-

594 2637 689 2678 cos
718 2623 875 2677 vivos
912 2623 1080 2692 cepit.
1120 2622 1386 2678 Turmam
1447 2622 1579 2676 item
1634 2621 1927 2675 Persarum
1973 2633 2096 2687 qua:
2129 2616 2187 2671 in

593 2715 789 2771 collem
831 2714 1128 2785 quemdam
1180 2715 1316 2770 satis
1368 2713 1658 2769 commode
1698 2712 1864 2768 situm
1914 2717 2184 2775 evaserat,

595 2822 720 2861 cum
776 2821 975 2876 capere
1056 2814 1265 2877 posset,
1330 2805 1554 2861 illtesam
1613 2803 1846 2869 dimisit,
1894 2812 2189 2873 postquam

596 2890 827 2963 polliciti
875 2906 1062 2952 essent
1095 2912 1462 2967 persuasuros
1502 2912 1560 2951 se
1623 2894 1737 2965 regi
1784 2895 2074 2949 Persarum
2131 2901 2191 2948 ut

597 2986 810 3057 legatos
836 2985 904 3041 de
932 3002 1065 3057 pace
1094 2987 1508 3057 quamprimum
1536 2986 1801 3041 mitteret.
1822 2985 1942 3040 Alia
1968 2992 2192 3055 praeter-

598 3097 684 3145 εει,
720 3097 848 3135 cum
924 3082 1103 3151 copiis
1153 3083 1532 3137 Romanorum
1593 3086 1876 3151 praeesset,
1925 3078 2192 3150 praeclare

598 3173 811 3244 gessit:
847 3174 1051 3244 quippe
1092 3174 1186 3244 qui
1211 3182 1420 3228 cuncta
1455 3188 1577 3243 quze
1612 3172 1888 3242 superﬂua
1923 3178 2107 3233 erant,
2136 3176 2193 3225 et
2218 3213 2261 3270 ο

600 3264 667 3320 ad
691 3266 879 3319 luxum
916 3280 982 3320 ac
1014 3265 1245 3319 delicias
1274 3264 1711 3329 accommodata,
1736 3262 1805 3317 ab
1834 3261 2079 3317 exercitu
2104 3276 2194 3315 re—

604 3353 863 3419 moverit,
885 3364 942 3409 et
966 3354 1174 3410 milites
1223 3354 1292 3409 ad
1314 3353 1645 3409 modestiam
1670 3361 1834 3423 atque
1860 3351 2194 3423 obsequium

605 3451 972 3507 revocaverit.
1016 3451 1223 3505 Verum
1270 3450 1388 3506 haec
1424 3446 1788 3518 relinquenda
1832 3454 1965 3501 sunt
2008 3446 2079 3501 iis
2098 3445 2194 3516 qui

602 3541 672 3596 de
700 3541 787 3597 his
815 3541 981 3597 rebus
1019 3543 1317 3613 scripsere,
1352 3542 1440 3596 vel
1474 3542 1565 3612 qui
1587 3542 1700 3612 jam
1729 3538 1999 3601 scribunt,
2030 3545 2197 3607 prout

606 3631 711 3699 ipsi
749 3632 835 3686 vel
860 3632 1145 3688 auditione
1172 3633 1513 3703 acceperint,
1569 3631 1655 3687 vel
1682 3629 1944 3700 opinione
1976 3628 2195 3683 ducun-

2288 1975 2429 2028 κατά
2484 1974 2581 2045 τὴν
2615 1975 2917 2047 ὑπερορίαν
2968 1975 3187 2041 διαϐὰς,
3221 1979 3401 2032 πάντα
3435 1996 3494 2032 τε
3527 1980 3598 2033 τά
3647 1980 3707 2032 ἐν
3753 1981 3892 2032 ποσὶ

2284 2067 2640 2137 ληϊσάμενος,
2685 2069 2936 2137 μεγάλων
2992 2067 3255 2139 λαψύρων
3300 2071 3577 2142 ἐγκρατὴς
3627 2072 3887 2140 γέγονεν,

2286 2158 2465 2212 ἀνεῖλέ
2507 2176 2565 2211 τε
2622 2158 2851 2222 πολλοὺς
2894 2158 3001 2214 τῶν
3035 2160 3275 2227 εὐγενῶν
3308 2178 3369 2215 τε
3399 2162 3497 2215 καὶ⁵
3530 2162 3891 2233 εὐπατριδῶν

2286 2252 2384 2321 τῆς
2411 2250 2706 2313 Νισίϐεως,
2745 2251 2841 2303 καὶ
2870 2247 2979 2304 τῶν
3020 2250 3197 2305 ἄλλων
3226 2251 3337 2305 τῶν
3370 2254 3526 2316 ἐντὸς
3561 2254 3655 2308 τοῦ
3687 2256 3894 2325 Τίγρι-

2289 2344 2379 2406 δος
2412 2340 2683 2410 ποταμοῦ.
2721 2342 3041 2414 Συνεπλάκη
3080 2343 3138 2396 δὲ
3181 2344 3276 2398 καὶ
3326 2345 3588 2416 Πέρσαις·
3631 2346 3730 2399 καὶ
3776 2347 3895 2417 μάο

2287 2451 2389 2504 χης
2426 2436 2701 2505 καρτερᾶς
2744 2435 3069 2505 γενομένης,
3116 2435 3332 2490 πολλῶν
3362 2455 3424 2491 τε
3455 2438 3552 2491 καὶ
3581 2420 3894 2507 ἀξιολόγων

2289 2523 2515 2593 Περσῶν
2546 2523 2936 2590 πεπτωκότων,
2964 2524 3060 2579 καὶ
3092 2525 3333 2597 ζωγρὶας
3364 2526 3594 2590 πολλοὺς
3625 2521 3762 2593 εἷλε,
3788 2530 3895 2583 καί

2288 2632 2408 2669 τινα
2440 2614 2595 2685 λόχον
2630 2614 2980 2686 ἐκδραμόντα
3029 2616 3087 2671 ἐν
3121 2634 3230 2671 τινι
3270 2618 3378 2671 τῶν
3428 2619 3649 2689 εὐφυῶν
3675 2620 3891 2687 γεωλό·

2290 2725 2406 2776 φων
2445 2707 2745 2778 δυνάμενος
2776 2708 2999 2775 ἐξελεῖν,
3033 2709 3250 2780 ἀφῆκεν
3282 2709 3538 2777 ἀπαθεῖς,
3576 2712 3897 2783 ὑποσχομέ-

2290 2816 2415 2862 νους
2448 2797 2662 2853 πείθειν
2712 2800 2805 2853 τὸν
2867 2800 3017 2869 σφῶν
3064 2800 3290 2872 βασιλέα
3324 2803 3550 2874 εἰρήνης
3599 2803 3729 2875 πέρι
3783 2805 3894 2875 τὴν

2290 2891 2554 2962 ταχίστην
2588 2891 2915 2962 ἐκπέμπειν.
2981 2894 3089 2946 Καὶ
3111 2894 3273 2964 ἕτερα
3299 2894 3357 2948 δὲ
3391 2896 3717 2966 στρατηγῶν
3748 2913 3893 2951 κατ-

2294 2982 2591 3055 επράξατο,
2613 2984 2722 3037 τῶν
2764 2985 3039 3056 περιττῶν
3070 2986 3165 3039 καὶ
3183 2988 3240 3050 ἐς
3273 2986 3485 3059 τρυφὴν
3519 2989 3769 3057 ἀγόντων
3784 2990 3887 3044 τὸν

2297 3079 2527 3149 στρατὸν
2564 3077 2965 3152 ἐλευθερώσας,
2996 3079 3093 3133 καὶ
3135 3080 3272 3152 πρὸς
3306 3081 3368 3135 τὸ
3401 3081 3629 3152 κόσμιον
3684 3081 3781 3135 καὶ
3798 3083 3898 3136 εὐ-

2296 3169 2483 3233 πειθὲς
2516 3169 2714 3233 αὐτοὺς
2761 3170 3089 3242 χαλινώσας.
3129 3174 3198 3226 Ἀ
3247 3177 3359 3237 τοῖς
3404 3173 3792 3245 συγγράψασιν
3859 3174 3895 3245 ἢ

2295 3262 2390 3316 καὶ
2425 3262 2806 3333 συγγράφουσι
2835 3262 3233 3333 καταληπτέον,
3265 3264 3342 3328 ὡς
3374 3265 3441 3319 ἂν
3471 3266 3642 3336 ἀκοῆς
3669 3266 3703 3337 ἢ
3726 3266 3898 3336 δόξης

2294 3353 2490 3424 ἔχοιεν,
2520 3355 2554 3425 ἢ
2602 3355 2698 3409 καὶ
2730 3356 3053 3426 ἐσχήκασιν.
3084 3351 3179 3420 Οἷς
3207 3358 3237 3409 ό
3274 3357 3431 3427 λόγος
3469 3360 3536 3430 τῇ
3574 3358 3774 3431 ἀγνοίᾳ
3794 3377 3900 3413 πε-

2295 3444 2676 3517 ριολισθαίνων
2710 3447 2807 3500 καὶ
2857 3446 3255 3517 ἀποχωλεὺων,
3295 3449 3329 3519 ἢ
3378 3449 3730 3521 προσπαθείᾳ
3754 3450 3898 3522 Opu-

2294 3538 2554 3608 πτὸμεος,
2587 3537 2620 3609 ἢ
2649 3538 2977 3611 ἀντιπαθείᾳ
3000 3540 3352 3611 τυφλώττων,
3385 3542 3493 3595 τῶν
3520 3542 3742 3613 ἀληθῶν
3770 3543 3899 3597 δια-

2300 3647 2373 3701 μα
2381 3648 2584 3699 ρτανει.

606 3736 716 3777 tur.
742 3724 986 3790 Quorum
1017 3725 1245 3795 quidem
1275 3725 1454 3780 oratio
1477 3726 1548 3780 ob
1581 3722 1985 3797 ignorationem
2007 3735 2198 3776 rerum
2235 3722 2513 3793 eespitaus
2550 3730 2604 3777 et
2639 3723 2980 3789 claudicans,
3021 3734 3077 3780 et
3137 3726 3221 3781 vel
3289 3726 3418 3782 odio
3441 3727 3743 3794 obcaecata,
3773 3731 3901 3785 Ion.

607 3812 728 3883 gius
762 3830 792 3869 a
831 3830 963 3870 vero
994 3815 1254 3872 aberrare
1294 3815 1451 3871 solet.

1253 3932 1408 3989 CAP.
1451 3930 1544 3989 IV.

611 4041 685 4096 Dc
708 4036 890 4093 Prisco
920 4040 1177 4108 magistro
1212 4038 1479 4092 militum:
1506 4048 1551 4091 et
1579 4054 1828 4107 quanam
1857 4038 2132 4101 passussit
2163 4054 2197 4090 a

811 4108 1064 4163 militibus
1095 4109 1345 4163 adversus
1366 4110 1540 4179 ipsum
1571 4109 1981 4179 insurgentibus.

683 4225 814 4280 Post
836 4224 989 4277 hunc
1022 4222 1283 4292 magister
1322 4221 1561 4276 militum
1581 4229 1801 4277 creatus
1830 4231 1915 4276 est
1942 4222 2199 4277 Priscus:

610 4318 698 4373 vir
725 4315 1151 4393 haudquaquam
1187 4313 1364 4369 facilis
1389 4313 1567 4379 aditu,
1589 4328 1693 4368 nec
1724 4312 1827 4366 nisi
1862 4314 1932 4367 ob
1964 4327 2052 4367 res
2103 4327 2200 4367 ne-

611 4405 881 4461 cessarias
908 4403 963 4457 in
996 4401 1277 4473 publicum
1320 4401 1543 4471 prodire
1584 4400 1801 4455 solitus.
1834 4398 2046 4469 Quippe
2079 4399 2198 4453 exi-

2902 3927 3153 3982 ΚΕΦΑΛ.
3200 3928 3276 3984 Δ’.

2301 4030 2442 4100 Περὶ
2482 4032 2849 4100 στρατηγίας
2874 4033 3166 4100 Πρίσκου,
3199 4034 3299 4086 καὶ
3320 4028 3409 4086 ὧν
3440 4035 3754 4095 πέπονθεν
3775 4043 3897 4098 ὑπὸ

2542 4102 2649 4156 τοῦ
2680 4103 2944 4172 στρατοῦ
2984 4102 3445 4171 ἐπαναστάντος
3471 4107 3652 4174 αὐτῷ.

2376 4219 2510 4272 Μετ’
2546 4219 2709 4271 αὑτὸν
2754 4218 2810 4271 δέ
2862 4218 3103 4289 Πρίσκος
3148 4219 3248 4289 τὴν
3279 4220 3614 4290 στρατηγίδα
3652 4222 3901 4293 μέτεισιν

2307 4312 2501 4381 ἀρχὴν
2527 4310 2625 4364 οὐκ
2650 4310 2978 4380 εὖπρόσοδός
2996 4328 3102 4375 τις,
3128 4310 3247 4363 οὐδὲ
3279 4311 3411 4382 ἄτερ
3439 4314 3550 4366 τῶν
3583 4314 3902 4401 ἀναγκαίων

2306 4401 2701 4475 εὐπρόσϐατος·
2735 4402 2798 4455 τὸ
2824 4404 2930 4457 πᾶν
2959 4402 3015 4454 δέ
3043 4402 3280 4470 νομίζων
3312 4407 3825 4475 καταπράττεσθαι,
3855 4413 3901 4464 εί

612 4497 893 4559 stimabat.
937 4506 1136 4553 cuncta
1184 4511 1242 4551 se
1274 4493 1491 4549 facilius
1539 4493 1941 4564 perlecturum,
1974 4491 2019 4546 si
2054 4491 2189 4545 solut

2309 4495 2377 4548 τὰ
2414 4495 2588 4548 πολλά
2616 4495 2736 4548 κατ’
2757 4496 2922 4549 αὑτὸν
2952 4497 3060 4567 εἴη,
3093 4496 3167 4561 ὡς
3198 4496 3449 4550 ἐντεῦθεν
3477 4499 3573 4552 καὶ
3598 4500 3709 4554 τῶν
3740 4519 3905 4574 στρα·

613 4597 865 4645 maneret
911 4597 973 4643 ut
1018 4588 1367 4658 plurimum:
1429 4586 1587 4656 quasi
1633 4586 1842 4639 milites
1880 4584 1997 4641 hoc
2042 4591 2189 4652 pact:

2309 4587 2599 4657 τευμάτων
2632 4587 2742 4640 δέει
2791 4589 2992 4658 μᾶλλον
3026 4589 3357 4653 ὑπειξόντων
3391 4590 3529 4658 πρὸς
3558 4591 3628 4645 τά
3677 4594 3901 4648 κελευό-

615 4690 765 4737 metu
790 4679 1038 4745 adducti,
1073 4680 1342 4750 imperata
1374 4679 1541 4734 citius
1566 4677 1766 4733 l‘acturi
1797 4685 2004 4732 essent.
2038 4675 2189 4732 Certe

2317 4695 2474 4747 μενα.
2509 4679 2638 4731 Ὅτε
2697 4678 2742 4731 δ’
2776 4678 2870 4732 οὖν
2918 4679 3055 4747 πρὸς
3108 4679 3169 4733 τὸ
3232 4681 3596 4751 στρατόπεδον
3649 4683 3898 4752 ἀφίκετο,

612 4788 725 4843 quo
762 4773 1002 4844 primum
1054 4782 1302 4842 tempore
1349 4771 1416 4827 ad
1464 4770 1641 4825 castra
1694 4771 2069 4825 Romanorum
2107 4784 2189 4823 ve-

2313 4766 2605 4839 όφρυάζων
2645 4769 2740 4821 καὶ
2771 4768 3157 4840 ὑπερϐλέπων,
3195 4771 3289 4823 καὶ
3338 4771 3477 4841 πρὸς
3505 4772 3567 4825 τὺ
3604 4777 3899 4843 κομπωδὲ-

617 4865 720 4931 nit,
778 4865 927 4920 elato
983 4864 1307 4934 supercilio,
1358 4879 1390 4918 e
1423 4863 1645 4919 sublimi
1678 4862 2014 4932 deSpiciens,
2049 4869 2105 4915 et
2138 4861 2189 4915 at

2318 4874 2508 4930 στερον
2540 4859 2936 4930 ἐξησκημένος,
2972 4861 3252 4931 προύτίθει
3275 4862 3397 4915 τινὰ
3422 4861 3533 4931 (l0)
3564 4863 3693 4933 περί
3722 4881 3783 4918 τε
3809 4867 3902 4935 τῆς

618 4955 819 5009 fastum
844 4970 909 5010 ac
942 4968 1204 5026 pompam
1229 4954 1466 5009 vestitus
1524 4961 1690 5023 atque
1738 4958 1988 5016 ornatus,
2019 4950 2189 5006 edict:

2310 4951 2420 5004 τῶν
2452 4952 2801 5023 στρατιωτῶν
2853 4954 2912 5017 ἐς
2953 4954 3081 5019 τοὺς
3112 4954 3385 5025 πολέμους
3414 4956 3735 5029 καρτερίας,
3778 4960 3901 5032 περί

1817 5097 2085 5154 VALESll
2153 5097 2714 5155 ANNOTA'IIONES.

690 5222 803 5293 (10)
848 5223 1155 5289 Προύτίθει
1213 5223 1365 5278 τινά.
1411 5223 1537 5277 Haec
1582 5221 1897 5293 verbarder
1927 5220 2128 5293 edictis
2175 5236 2206 5275 a

621 5292 810 5348 Prisco
838 5294 1138 5363 propositis
1167 5294 1525 5364 intelligenda
1550 5304 1699 5349 sunt.
1734 5292 1789 5364 Id
1814 5292 1960 5364 enim
2000 5292 2208 5364 indicat

622 5379 728 5420 vox
756 5362 1094 5433 προτιθέναι,
1130 5380 1252 5434 qua:
1301 5362 1421 5419 eam
1469 5364 1577 5417 vim
1630 5379 1695 5439 ac
1748 5362 2205 5434 signiﬁcationem

2317 5221 2487 5276 habet
2520 5236 2685 5290 quam
2720 5222 2855 5276 dixi.
2886 5222 3303 5290 Expositionem
3325 5232 3570 5279 nostram
3616 5230 3904 5281 conﬁrmat

2318 5291 2768 5416 'l‘lieoribylactus
2817 5293 2873 5346 in
2925 5291 3024 5347 lib.
3074 5310 3154 5359 ιιι,
3209 5310 3332 5365 cap.
3378 5296 3427 5359 l,
3480 5313 3644 5366 quem
3684 5299 3907 5352 omnino

2318 5377 2486 5416 consu
2512 5379 2563 5416 e.

2315 5377 2563 5417 COllSUIC.

2069 5500 2454 5556 VAHIORUM.

696 5597 769 5681 (hi)
799 5596 1107 5681 Ἰωάννην.
1152 5596 1258 5649 Hoc
1300 5614 1441 5681 guno
1472 5595 1638 5681 QA[5.851
1670 5596 2210 5681 ingredientesloan:
2317 5596 2629 5681 sublectum
2652 5596 2827 5680 fuisse
2851 5597 3223 5681 Pbilippicum
3252 5598 3621 5681 Orientalium
3666 5601 3901 5681 militum

624 5681 713 5719 nes
741 5666 853 5737 (qui
888 5666 1128 5737 Mystaco
1169 5666 1661 5732 vocabatur‘fducis
1701 5667 1809 5720 loco
1868 5676 2123 5730 movetur,
2155 5675 2209 5719 ut
2318 5668 2542 5725 ducem.
2573 5668 2666 5737 qui
2698 5666 3054 5737 imperatoris
3084 5684 3332 5725 sororem
3365 5668 3632 5723 Gordiani
3672 5671 3907 5725 habebat

623 5737 713 5801 qui
754 5735 1192 5809 Persis‘uesciret
1222 5739 1485 5809 resistere.
1518 5738 1994 5808 TlteOphylactus,
2032 5737 2131 5791 lib.
2170 5754 2206 5800 ι,
2320 5740 2375 5792 in
2399 5735 2787 5809 matrimonio.
2810 5738 2958 5792 Duas
2990 5738 3058 5793 de
3081 5739 3265 5795 Persis
3294 5739 3562 5794 victorias
3600 5743 3906 5809 reportavit

623 5822 744 5877 cap.
786 5808 867 5874 l2,
903 5806 996 5877 qui
1028 5817 1219 5864 narrat
1252 5806 1433 5878 capite
1475 5806 1841 5879 sequentuin
1875 5810 1995 5882 ejus
2028 5809 2210 5865 locum
2319 5808 2688 5881 Philippicas,
2730 5808 2957 5866 alteram
3001 5824 3144 5866 anno
3179 5810 3299 5877 58$,
3334 5811 3565 5868 alterum
3602 5806 3751 5867 anno
3790 5812 3903 5869 5&8.
