4110 6332
558 327 695 390 288'?

1867 313 2189 376 llENRICl
2233 314 2530 373 VALESII

3729 316 3899 381 28:13

561 450 662 495 est.
701 439 976 493 Reversus
1003 447 1128 503 post
1153 436 1269 490 haec
1299 433 1647 488 Antiochiam
1682 430 2148 503 .‘llartyriusreum
2185 434 2219 486 A
2256 430 2361 503 Sed
2391 445 2536 503 eum
2587 429 2850 503 Apameni
2890 429 3159 503 Joannem
3195 430 3517 497 episcopum
3555 430 3898 503 admittere

563 509 865 564 seditiones
902 523 964 561 ac
999 502 1233 561 dissidia
1284 504 1533 575 quotidie
1570 503 1756 575 augeri
1800 502 2148 575 animadver-

568 588 736 639 teret,
786 585 841 631 et
874 577 1152 631 Zenonem
1178 572 1501 645 magistrum
1528 573 1757 645 militiae.
1794 572 2146 645 sp_reta_Le_o-

568 650 652 705 nis
676 648 1075 703 constitutione
1107 688 1121 707 ,
1160 642 1372 701 Fulloni
1407 647 1608 706 favere,
1640 643 1694 697 in
1722 642 1940 712 publico
1964 642 2150 697 Eccle-

564 722 661 775 sia)
716 729 990 773 conventu
1050 719 1228 787 palam
1284 717 1605 787 episcopatu
1640 728 1783 787 __se_s_e
1836 712 2147 787 alidicayit,

570 799 783 844 retenta
830 783 1194 842 nihilominus
1237 788 1343 840 sibi
1377 784 1674 839 sacerdotii
1705 783 1995 852 dignitate.
2032 783 2152 849 Quo

568 861 735 918 facto.
757 860 954 914 Petrus
980 859 1137 911 Fullo
1165 859 1219 912 in
1247 855 1647 910 Antiochenam
1674 855 1865 907 sedem
1892 863 2151 921 tanquam

569 946 799 985 vacuam
838 930 1069 982 insiluit.
1121 928 1251 994 Quae
1281 944 1410 982 eum
1442 924 1765 980 Gennadius
1793 926 2154 991 comperisset

569 1001 668 1055 ΟΡ.
705 1001 1040 1069 cpiscopus,
1100 1009 1297 1053 cuncta
1352 996 1519 1051 Leoni
1561 994 1808 1065 Augusto
1855 995 2151 1069 nuntiavit.

572 1064 875 1138 Imperator
901 1064 1057 1133 'vero,
1094 1069 1181 1123 his
1208 1070 1375 1123 rebus
1399 1064 1738 1138 commotus.
1753 1064 2022 1138 synodum
2045 1066 2159 1134 epi-

571 1136 864 1209 scoporum
900 1139 1207 1195 Antiochim
1242 1139 1359 1193 fieri
1392 1137 1686 1207 prmcepit,
1731 1137 1784 1209 in
1819 1151 1925 1209 qua
1962 1136 2157 1209 Petrus

575 1206 731 1264 Fullo
764 1211 1052 1279 depositus
1083 1220 1165 1264 est
1196 1225 1259 1263 ac
1290 1206 1619 1279 damnatus,
1653 1207 1796 1279 et_in
1828 1206 1947 1279 ejus
1973 1206 2155 1279 locum

573 1275 866 1335 ordinatus
896 1289 983 1334 est
1014 1280 1288 1339 Julianus,
1321 1289 1381 1331 ut
1411 1277 1665 1331 scribunt
1696 1277 2025 1331 Theodorus
2050 1275 2153 1329 Le-

573 1359 695 1405 ctor
728 1361 785 1405 et
820 1350 1207 1418 Theophanes.
1246 1349 1417 1402 Porro
1455 1348 1760 1418 imperator
1790 1347 1899 1399 Leo
1932 1346 2157 1418 Petrum

577 1421 900 1491 Fullonem,
955 1416 1205 1491 synodali
1256 1417 1538 1491 sententia
1588 1417 1947 1491 damnatum,
1972 1416 2157 1491 Oasim

575 1490 629 1544 in
673 1490 934 1545 exsilium
986 1486 1269 1557 deportari
1310 1489 1511 1559 jussit,
1554 1497 1615 1541 ut
1655 1496 1890 1559 testatur
1922 1486 2159 1559 Aeacius

573 1556 1219 1630 Conslantinopolitanus
1276 1556 1571 1630 episcopus
1652 1558 1705 1630 in
1745 1628 1754 1630 _
1794 1557 2038 1630 epistola
2091 1556 2158 1630 ad

577 1631 921 1699 Simplicium
942 1626 1169 1700 'papam,
1196 1626 1325 1700 quai
1348 1626 1586 1683 refertur
1612 1644 1641 1700 a
1662 1626 1879 1700 Gelasio
1902 1628 1953 1681 in
1997 1626 2160 1682 Gestis

568 1702 640 1754 'de
694 1698 903 1755 nomine
942 1698 1140 1755 Acacii.
1226 1699 1401 1769 Hujus
1448 1699 1695 1768 epistolre
1762 1698 2162 1769 yerbaioperrc

2254 500 2581 561 noluissent,
2611 500 2869 557 Joannes.
2899 500 3243 552 Antiochiam
3274 515 3555 561 reversus,
3583 501 3897 555 adversus

2254 576 2474 627 Petrum
2536 579 2817 629 auctorem
2872 570 3225 637 episcopatum
3265 570 3348 622 sui
3399 570 3746 625 insurrcxit.
3816 572 3894 625 Et

2251 643 2480 697 collecta
2516 642 2906 709 episc0porum
2944 640 3306 693 Orientalium
3342 643 3591 707 synodo,
3628 642 3893 695 Petrum

2250 730 2280 767 e
2311 713 2439 765 sede
2470 727 2567 765 sua
2596 710 2934 764 deturbavit.
2973 710 3089 779 Ipse
3127 710 3178 763 in
3224 712 3344 779 ejus
3372 713 3554 763 locum
3585 710 3895 765 suﬂ'ectus

2256 785 2419 838 trimn
2470 781 2696 836 circiter
2744 781 3014 834 mensium
3060 780 3238 849 spatio
3284 781 3677 848 episcopatum
3716 782 3892 835 obti-

2254 856 2394 915 nuit,
2414 866 2471 906 ut
2494 850 3035 918 traditTheOphanes
3058 852 3111 903 in
3146 849 3417 905 Chronico.
3457 850 3679 905 Joanne
3700 853 3893 922 igitur

2295 937 2380 980 ost
2409 925 2688 977 trimestre
2713 922 2950 989 spatium
2981 922 3255 989 deposito,
3293 923 3573 975 communi
3603 922 3890 976 orienta-

2280 1000 2391 1051 ium
2438 995 2826 1062 episcoporum
2875 991 3511 1062 sullragioﬂStephanus
3554 996 3891 1062 episcopus

2257 1061 2564 1122 Antiochia:
2609 1062 2897 1115 ordinatur
2945 1079 3090 1115 anno
3123 1061 3331 1117 Christi
3376 1064 3501 1117 578.
3560 1063 3671 1129 Qui
3741 1061 3887 1117 mox

2259 1135 2546 1206 synodicas
2570 1134 2783 1206 litteras
2806 1133 2872 1186 ad
2898 1133 3153 1206 Acacium
3173 1132 3883 1206 Constantinopolitanum

2259 1203 2580 1275 episcopum
2614 1205 2803 1275 misita
2828 1205 3030 1271 quibus
3065 1203 3112 1275 ei
3145 1213 3202 1257 et
3228 1203 3638 1275 ordinationem
3674 1221 3882 1267 suam,

2260 1274 2315 1333 et
2344 1276 2753 1329 damnationem
2793 1274 2936 1326 Petri
2970 1290 3034 1327 ac
3061 1274 3291 1327 Joannis
3315 1274 3650 1328 Antiocheni
3691 1276 3887 1344 signi-

2264 1347 2483 1401 ficabat.
2520 1346 2620 1399 His
2645 1344 2847 1398 litteris
2877 1344 3121 1410 acceptis
3145 1344 3278 1412 (65').
3314 1344 3547 1397 Aeacius
3578 1346 3885 1412 synodum

2262 1419 2659 1486 episcoporum?
2700 1412 2790 1486 qui
2846 1423 2976 1486 tunc
3017 1412 3155 1465 forte
3181 1413 3693 1486 _Constantinopoli
3745 1432 3882 1469 mo-

2263 1484 2530 1541 rabantur
2560 1485 2803 1551 collegit,
2838 1492 2894 1537 et
2926 1484 3150 1537 Petrqu
3180 1484 3466 1537 Fullonem
3498 1493 3563 1538 at:
3584 1485 3884 1540 Joannem

2264 1574 2428 1626 supra
2464 1563 2856 1626 memoratum,
2894 1569 3001 1606 una
3036 1569 3160 1626 eum
3195 1554 3635 1626 Pauloiquodam
3672 1556 3880 1625 Ephe—

2265 1622 2496 1688 siorum,
2527 1627 2580 1679 ni
2615 1624 2793 1683 fallor,
2828 1626 3097 1694 episcopo
3125 1622 3428 1678 damnavit.
3486 1625 3674 1694 Deque
3715 1622 3782 1680 ea
3816 1641 3881 1680 re

2266 1699 2483 1753 litteras
2520 1695 2743 1765 scripsit
2791 1695 2856 1749 ad
2907 1693 3253 1765 Simplicium
3300 1710 3519 1764 papam,
3558 1693 3768 1765 petens
3805 1699 3882 1751 ab

578 1772 817 1832 pretium
848 1772 1020 1825 fuerit
1052 1771 1143 1825 hie
1174 1763 1585 1839 appoherefEx
1618 1769 1684 1820 iis
1704 1767 1851 1820 enim
1880 1763 2161 1839 colligitur
2197 1769 2234 1821 Β
2264 1768 2564 1837 apostolica
2596 1763 2750 1828 sede,
2771 1776 2831 1839 ut
2862 1765 2905 1839 si
2938 1764 3081 1818 forte
3110 1763 3176 1818 ad
3202 1780 3322 1839 eam
3351 1763 3743 1839 confugerent.
3770 1783 3879 1839 nec

578 1841 632 1893 id
670 1842 816 1910 quod
850 1840 1112 1909 superius
1138 1836 1272 1903 diii,
1307 1841 1531 1893 Petrum
1562 1838 1848 1910 Fullonem
1877 1838 1930 1890 in
1954 1836 2163 1910 synodo

578 1907 702 1966 esse
730 1907 1075 1965 damnatum.
1113 1911 1205 1965 Sic
1235 1911 1404 1979 igitur
1433 1910 1657 1962 habent.
1690 1907 1789 1961 Cui
1816 1908 1951 1979 dum
1979 1907 2162 1979 Δεξιθιὶ

578 1982 782 2049 scripta
838 1982 1148 2049 legeremus
1201 1978 1323 2049 qua:
1375 1980 1441 2032 de
1491 1980 1658 2033 Petro
1708 1987 1763 2030 et
1789 1978 2016 2049 Joanne
2056 1978 2159 2030 An,

567 2048 1381 2113 tiocbenismiserat,excessus
1400 2049 1583 2103 Aeaeii
1604 2048 1842 2102 etiamin
1883 2048 1985 2101 hac
2002 2062 2166 2101 causa

578 2122 932 2189 gravissimas
981 2119 1367 2188 deprehendit.
1437 2119 1535 2172 lllo
1561 2118 1710 2172 enim
1779 2126 2026 2189 tempore
2056 2133 2167 2186 quo

581 2182 649 2243 de
678 2192 842 2244 Petro
868 2182 1239 2245 Alexandrino
1262 2188 1525 2243 damnato
1554 2190 1846 2250 retulerat,
1875 2182 1981 2241 non
2004 2182 2166 2257 longe

580 2271 706 2329 post
740 2263 906 2314 etiam
944 2261 1009 2313 dc
1041 2262 1204 2314 I‘etro
1234 2269 1289 2312 et
1317 2260 1526 2314 Joanne
1556 2262 1903 2329 scripserat:
1943 2259 2165 2312 Petrum

581 2328 725 2399 apud
762 2330 1303 2399 Constantinpob'm
1360 2331 1759 2383 monasterium
1796 2328 2165 2399 gubernasse;

582 2398 677 2455 sed
716 2402 819 2454 hoc
852 2409 1079 2468 propter
1108 2398 1339 2452 crimina
1372 2399 1670 2459 derelicto.
1704 2398 2056 2454 Antiochiam
2084 2398 2169 2451 fu-

582 2470 753 2537 gisse.
810 2470 887 2524 lbi
923 2470 1080 2540 pulso
1110 2469 1367 2540 Martyrio
1426 2470 1701 2523 catholico
1733 2470 2032 2540 episcopo,
2071 2483 2169 2537 per

586 2541 874 2595 hereticos
924 2539 1111 2593 sedem
1158 2539 1331 2609 ipsius
1383 2554 1727 2609 occupasse;
1788 2539 2169 2609 continuoque

584 2610 906 2663 damnatum
935 2650 949 2668 ,
1007 2625 1035 2662 a
1083 2608 1265 2664 LeOne
1306 2621 1438 2663 tunc
1470 2608 1723 2679 principe
1758 2610 1823 2663 ad
1849 2608 2167 2663 Oasitanum

584 2681 839 2734 exsilium
873 2695 995 2733 esse.
1021 2680 1316 2734 directum.
1351 2681 1426 2733 De
1452 2696 1561 2748 quo
1588 2681 1821 2749 lapsum.
1853 2679 2163 2734 Constanti-

579 2751 831 2818 nopolim
871 2750 1144 2809 rediisse,
1198 2766 1261 2804 ac
1307 2749 1530 2803 dedisse
1580 2750 1741 2803 Iidem
1792 2749 1955 2819 quod,
1989 2749 2170 2803 nullas

580 2820 822 2874 ulterius
877 2820 1071 2872 turbas
1117 2820 1297 2874 facere
1341 2835 1571 2889 prorsus
1611 2818 1861 2873 auderet.
1916 2818 2042 2873 lltcc
2086 2829 2173 2874 est

585 2890 763 2960 prima
798 2890 944 2945 Petri
975 2889 1220 2944 Fullonis
1251 2889 1556 2943 damnatio.
1610 2890 1784 2955 Quam
1821 2891 1864 2944 si
1898 2890 2025 2958 quis
2059 2906 2169 2943 non

588 2977 642 3042 in
670 2960 841 3042 synod
855 2977 894 3042 )_
914 2960 982 3013 ab
1012 2960 1289 3042 episcopis
1318 2960 1516 3041 factam
1550 2975 1681 3041 esse
1703 2962 2031 3042 contendat,
2071 2960 2169 3041 sed

587 3030 655 3085 ab
704 3030 822 3100 ipso
872 3030 1060 3084 Leone
1110 3031 1355 3100 Augusto
1380 3072 1393 3091 ,
1447 3032 1492 3083 is
1522 3030 1835 3086 meminisse
1863 3032 2029 3085 debet
2058 3030 2173 3099 epi-

588 3116 786 3180 scopas
834 3116 1135 3180 _nu_nq_uam
1194 3101 1389 3180 solitps
1441 3116 1565 3180 esse
1606 3101 1671 3180 _iu
1723 3101 1976 3180 exsilium
2028 3100 2243 3180 mittiC

588 3187 616 3224 a
643 3169 976 3225 Christianis
1006 3170 1433 3239 imperatoribus
1460 3212 1474 3229 ,
1511 3172 1619 3224 nisi
1654 3179 1777 3239 post
1801 3171 2175 3223 damnationis

587 3242 920 3294 sententiam
950 3241 1001 3293 in
1030 3256 1125 3293 eos
1153 3240 1395 3309 legitime
1422 3242 1715 3310 prolatam.
1742 3240 1833 3294 Sic
1854 3241 2172 3305 Pholinum,

586 3310 906 3364 Nestorium
961 3311 1401 3381 actDioscorum
1461 3311 1694 3380 legimus
1741 3325 1867 3365 esse
1906 3312 2177 3381 relegatos

588 3390 713 3449 post
748 3380 1429 3452 synodaletjudicium,ut
1456 3382 1708 3452 omittam
1736 3381 1928 3435 Arium
1957 3380 2178 3452 presby-

584 3461 787 3504 terum.
822 3450 989 3506 Certe
1023 3450 1312 3505 Liberatus
1344 3451 1397 3504 in
1426 3465 1548 3519 cap.
1582 3451 1645 3505 18
1673 3450 1957 3516 Bretiarii,
1991 3450 2175 3507 locum

584 3521 737 3575 hunc
785 3538 852 3576 ex
886 3521 1119 3589 epistola
1157 3521 1341 3574 Acacii
1388 3522 1748 3585 describens,
1804 3523 2011 3577 diserte
2041 3522 2180 3577 dicit

586 3592 814 3645 Petrum
878 3594 948 3645 ab
999 3592 1275 3659 episcopis
1320 3608 1442 3646 esse
1490 3591 1844 3656 damnatum,
1887 3601 1943 3645 et
1978 3593 2180 3647 Leonis

592 3663 663 3713 im
707 3662 828 3717 erio
886 3661 940 3715 in
988 3660 1173 3715 Oasim
1231 3660 1609 3729 deportatum.
1664 3661 1937 3717 Caaterum
1984 3664 2181 3717 Petrus

592 3677 743 3784 Fuﬁo
767 3732 821 3784 in
847 3732 949 3784 hac
972 3731 1132 3784 nrimi
1152 3731 1505 3784 euiseooatus
1522 3733 1851 3784 Antiocheni
1874 3733 2178 3784 invasione.

590 3726 743 3785 Fullo
767 3732 821 3785 in
847 3732 949 3785 hac
972 3731 1132 3801 primi
1152 3726 1505 3799 episcopatus
1522 3733 1851 3787 Antiocheni
1874 3733 2179 3798 invasione,

590 3802 755 3875 hrevi
793 3802 1113 3875 admodum
1146 3803 1669 3875 teinporeilsedisse
1734 3802 1974 3857 videtur.
2044 3803 2181 3875 Nam

592 3872 644 3924 in
671 3872 905 3940 epistola
930 3870 1113 3925 Acacii
1138 3872 1203 3925 ad
1225 3870 1569 3940 Simplieium
1597 3888 1814 3942 papam,
1839 3875 1998 3943 cujus
2013 3874 2180 3928 verba

592 3942 853 4014 superius
890 3942 1056 4014 relata
1095 3951 1255 4003 sunt,
1304 3954 1429 4014 post
1475 3944 1766 4013 abreptum
1799 3942 2181 4014 epiSCOpatum

589 4013 855 4066 continuo
886 4012 1179 4066 damnatus
1205 4027 1325 4067 esse
1357 4012 1581 4067 dicitur.

1256 4123 1411 4179 CAP.
1451 4125 1517 4179 11.

665 4213 796 4289 Post
819 4224 1054 4289 mortem
1082 4214 1289 4289 Leonis
1315 4215 1570 4285 Augusti.
1604 4216 1753 4271 Zeno
1782 4217 1850 4271 de
1883 4233 1993 4287 quo
2018 4234 2182 4289 supra

587 4283 855 4346 diximus,
892 4285 1143 4359 a_Leone
1172 4286 1284 4339 lilio
1310 4283 1757 4359 suo'coronatus,
1795 4283 2015 4359 imperii
2044 4283 2187 4359 regi—

593 4370 718 4408 men
758 4355 993 4424 accepit.
1038 4357 1309 4428 Sedunox
1338 4357 1656 4418 Basiliscus.
1696 4355 1985 4428 tyrannide
2020 4355 2184 4415 abre-

590 4436 687 4494 pta
712 4466 725 4488 ,
763 4440 889 4499 eum
923 4442 1053 4499 cum
1075 4426 1316 4499 Ariadne
1348 4429 1581 4498 conjuge
1620 4429 1672 4481 in
1699 4426 1964 4482 ISauriam
1994 4429 2179 4499 fugere

590 4496 883 4569 compulit.
924 4496 999 4569 Ita
1032 4496 1329 4551 Basiliscus
1363 4496 1501 4569 citra
1527 4496 1849 4567 Sanguinem
1886 4496 2178 4569 imperium

594 4565 1059 4640 adeptus,‘statim
1089 4568 1353 4622 adversus
1377 4565 1884 4624 Chalcedonensem
1913 4565 2179 4640 synodum

594 4635 896 4713 insurrertit
920 4678 932 4697 ,
975 4640 1407 4713 et_promul_gata
1434 4635 2019 4713 sanctioneeamdem
2053 4658 2181 4713 syn-

588 4707 758 4780 'odum
795 4707 864 4760 ab
898 4710 1164 4780 omnibus
1198 4707 1473 4777 episcopis
1506 4710 1754 4763 damnari
1785 4713 2062 4780 praecepit.
2084 4707 2183 4767 ἈΟ

596 4778 834 4845 primum
869 4780 1095 4846 quidem
1127 4778 1479 4832 Timotheum
1508 4780 1756 4833 liilurum
1788 4778 1857 4833 ab
1881 4778 2074 4836 exsilio
2101 4799 2184 4837 re-

593 4848 828 4901 vocarit.
870 4850 1091 4901 Petrum
1124 4849 1328 4902 deinde
1358 4850 1640 4904 Fullonem
1676 4850 1791 4903 sedi
1825 4867 1937 4906 suae
1965 4853 2182 4907 restitui

593 4918 777 4991 jussit,
812 4931 870 4971 ut
897 4920 1119 4972 tradunt
1148 4919 1475 4973 Theodorus
1496 4921 1692 4975 Lector
1714 4932 1767 4973 et
1792 4921 2179 4991 Theophanes.

592 4988 811 5053 Quibus
858 4991 1037 5063 rebus
1068 4991 1331 5063 acceptis,
1368 4991 1624 5063 Julianus
1655 4988 2039 5063 Antiochensis
2064 4996 2183 5063 epi-

596 5075 798 5135 zcopus
827 5061 977 5135 gravi
1007 5060 1196 5135 dolore
1227 5062 1514 5135 perculsus
1549 5062 1993 5135 interiit.Pctrus
2018 5060 2185 5135 igitur

599 5126 755 5182 Fullo
790 5144 915 5182 eum
950 5126 1348 5185 Antiochenam
1377 5133 1563 5186 sedem
1602 5134 1831 5200 praesule
1860 5149 1960 5187 suo
1988 5126 2183 5189 vidum-

601 5202 1062 5272 lmnreperisset,
1102 5216 1221 5254 eam
1260 5202 1461 5256 iterum
1496 5204 1804 5271 occupavit.
1839 5203 1915 5257 Ac
1941 5206 2182 5272 primum

599 5270 821 5343 quidem
856 5271 1122 5325 Joannem
1154 5274 1473 5341 quemdam,
1512 5273 1605 5342 qui
1636 5270 1880 5343 synodali
1908 5270 2183 5331 sententia

603 5340 889 5410 depositus
936 5344 1149 5408 fuerat,
1173 5340 1848 5413 ’episcopmu'Apa'meuis
1882 5346 2180 5402 ordinavit.

2270 1832 2388 1890 visu
2438 1839 2636 1896 dignos
2675 1852 2772 1889 eos
2802 1836 3071 1897 haberet;
3109 1844 3166 1888 et
3220 1832 3269 1889 si
3350 1835 3460 1904 jam
3492 1832 3749 1905 aliquam
3785 1836 3880 1891 in-

2269 1908 2605 1977 dulgentiam
2644 1906 2872 1960 forsitan
2904 1905 3329 1977 impetrassent,
3368 1906 3580 1977 irritam
3610 1921 3742 1961 esse
3771 1909 3876 1962 de-

2270 1976 2400 2031 bere
2435 1978 2712 2032 aﬂirmans
2736 2016 2748 2035 ,
2806 1992 2909 2030 nec
2941 1991 3133 2028 eorum
3166 1976 3545 2041 pmnitentiam
3584 1978 3877 2046 recipien-

2270 2048 2391 2101 dam
2419 2063 2559 2101 esse.
2600 2047 2771 2115 llujus
2796 2046 3045 2114 epistola:
3077 2046 3265 2115 verba,
3296 2047 3438 2098 haud
3457 2058 3610 2099 certe
3634 2062 3875 2101 sensum

2272 2119 2451 2185 ipsum
2505 2116 2677 2171 refert
2720 2116 2971 2187 Gclasius
3006 2115 3058 2167 in
3092 2114 3263 2187 Gesti:
3289 2119 3351 2187 ac
3404 2118 3620 2187 nomine
3640 2117 3873 2187 iAcacii.

2269 2188 2520 2242 Meminit
2548 2188 2713 2241 etiam
2747 2186 2994 2255 ejusdem
3024 2185 3273 2257 epistolae
3299 2185 3481 2257 Acacii
3529 2186 3598 2239 ad
3631 2186 3873 2257 Simpli-

2271 2260 2415 2312 cium
2442 2258 2693 2313 Gelasius
2717 2272 2853 2326 papa
2879 2256 2933 2310 in
2954 2256 3186 2326 cpistola
3210 2255 3276 2308 ad
3301 2256 3613 2312 Orientales
3634 2257 3728 2311 bis
3745 2255 3875 2312 rer-

2272 2328 2358 2381 bis
2388 2345 2422 2381 ':
2460 2312 2567 2382 illic
2597 2312 2909 2381 autent-ille
2943 2312 3020 2379 es't
3052 2312 3238 2379 Petrus
3265 2326 3622 2381 Antiocheam
3642 2369 3655 2387 .
3706 2344 3870 2387 quem

2273 2415 2364 2451 nec
2414 2415 2506 2467 per
2555 2399 2919 2467 pwnitentiam
2963 2396 3034 2449 ad
3075 2398 3496 2449 communionem
3540 2396 3873 2451 catholicam

2272 2470 2434 2538 recipi
2482 2471 2642 2521 etiam
2677 2485 2710 2520 a
2736 2467 2857 2520 sede
2882 2467 3172 2538 apostolica
3204 2469 3438 2536 poposcit
3467 2467 3715 2538 Aeacius.
3756 2468 3871 2523 Sed

2271 2548 2327 2593 et
2381 2536 2527 2593 Felix
2576 2553 2715 2607 papa
2768 2538 2821 2591 in
2863 2536 3097 2607 epistola
3128 2552 3293 2607 quam
3324 2537 3546 2605 scripsit
3579 2539 3870 2593 universis

2272 2605 2727 2665 archimandritis
2759 2616 2814 2660 et
2847 2605 3132 2660 monachis
3164 2606 3642 2678 Constantinopoli
3677 2618 3737 2663 et
3767 2618 3870 2678 per

2271 2679 2582 2751 Bithyniam
2629 2678 3104 2751 consistentibus,
3157 2677 3404 2751 ejusdem
3440 2678 3694 2746 epistolae
3742 2677 3865 2734 rue-

2274 2746 2434 2805 minit
2489 2749 2563 2803 ita
2612 2748 2805 2803 dicens
2862 2767 2873 2801 :
2924 2746 3203 2816 Adjectum
3251 2750 3414 2801 ctiam
3454 2757 3577 2800 tunc
3608 2766 3731 2802 cum
3758 2752 3866 2803 ista

2272 2822 2327 2873 in
2365 2821 2763 2874 examinatione
2802 2827 3137 2879 tractantur,
3175 2819 3315 2887 quod
3344 2819 3565 2871 Aeacius
3597 2819 3864 2874 Joannem

2272 2888 2426 2944 illum
2453 2890 2729 2958 Tyriorum
2751 2887 2996 2941 Ecclesirc
3017 2888 3191 2958 fecerit
3210 2890 3511 2957 pra’sidere,
3525 2891 3617 2957 qui
3634 2890 3867 2958 Apame-

2274 2964 2355 3014 nis
2388 2979 2419 3014 a
2451 2960 2603 3013 Petro
2633 2959 2971 3013 Antiocheam
3000 2957 3247 3012 Ecclesia:
3273 2968 3503 3027 tyranno
3538 2957 3723 3027 fuerat
3747 2964 3862 3029 cpi-

2273 3048 2458 3101 scOpus
2488 3030 2794 3101 ordinatus,
2832 3030 2933 3101 sed,
2952 3030 3167 3101 minimc
3192 3038 3449 3097 receptus,
3482 3031 3697 3098 proprio
3722 3034 3867 3085 ordi-

2278 3099 2463 3154 natore
2494 3100 2711 3168 depulso
2731 3141 2743 3159 ,
2780 3100 3019 3170 eamdem
3043 3099 3219 3170 sedem
3250 3115 3353 3151 non
3382 3101 3556 3151 timuit
3578 3116 3860 3170 occupare.

2278 3170 2421 3236 Quos
2465 3181 2589 3223 tunc
2631 3171 2900 3239 hypocrita
2936 3169 3156 3239 Acacius
3197 3170 3273 3222 ita
3311 3170 3432 3236 fecit
3470 3169 3534 3222 ab
3569 3169 3861 3238 apostolica

2277 3242 2394 3295 sedc
2420 3237 2692 3300 damnari,
2730 3248 2784 3291 ut
2811 3241 2889 3292 his
2914 3240 3074 3291 etiam
3101 3237 3527 3293 Christianorum
3550 3237 3860 3296 vocabulum

2280 3310 2560 3365 tolleretur
2579 3351 2592 3374 ,
2631 3312 2945 3380 quodrgesta
2966 3308 3120 3380 apud
3143 3324 3261 3380 eum
3286 3309 3859 3380 liabitaumanilestaut.

2280 3381 2355 3451 Ex
2404 3382 2607 3451 quibus
2640 3378 2825 3435 i'erbis
2876 3379 3153 3451 coliigitur
3193 3379 3417 3451 Petrum
3460 3378 3751 3435 Fullonem
3807 3384 3860 3437 in

2278 3448 2890 3521 Constantinopolitano
2917 3448 3128 3521 synodo
3155 3448 3224 3502 ab
3253 3449 3451 3503 Acacio
3481 3464 3603 3503 esse
3633 3452 3859 3506 damna-

2282 3532 2419 3577 tum.
2455 3521 2576 3575 Hrec
2598 3522 2746 3575 enim
2768 3520 2936 3592 verba
2949 3519 3161 3574 Felicis
3185 3535 3359 3592 papas,
3390 3522 3534 3592 quod
3552 3530 3699 3592 uesta
3724 3524 3863 3592 apud

2282 3609 2401 3645 eum
2451 3592 2628 3645 habita
2684 3590 3065 3659 manifestam,
3124 3590 3345 3643 nonnisi
3392 3591 3462 3643 de
3507 3590 3863 3658 synodalibus

2283 3663 2510 3729 intelligi
2562 3670 2815 3729 possunt.
2874 3660 3147 3714 Caeterum
3200 3662 3255 3713 in
3300 3660 3498 3714 iisdem
3544 3661 3749 3716 litteris
3794 3665 3859 3717 ad

2285 3732 2631 3800 Simplicium
2657 3745 2851 3800 papam
2886 3732 3116 3785 Aeacius
3146 3732 3311 3783 etiam
3338 3730 3405 3783 de
3433 3730 3601 3783 l’aulo
3626 3733 3858 3799 quodam

2285 3804 2591 3861 retulerat,
2650 3812 2711 3855 ut
2757 3801 2939 3872 didici
2977 3817 3040 3872 ex
3090 3802 3323 3872 epistola
3359 3800 3557 3872 Gelasii
3594 3817 3749 3872 papzc
3794 3804 3859 3858 ad

2284 3874 2584 3944 orientales
2604 3890 2626 3933 ,'
2667 3886 2789 3939 quae
2823 3871 3095 3944 sic_habet
3143 3888 3156 3923 :
3202 3870 3354 3944 Quos
3384 3871 3427 3923 si
3460 3885 3488 3923 a
3519 3870 3625 3925 fide
3656 3870 3859 3944 integra

2285 3942 2785 4010 communioneque
2813 3942 3085 4014 catholica
3120 3941 3623 4014 putaretiserrare,
3647 3944 3715 3995 ad
3738 3941 3861 4014 apo—

2286 4014 2535 4068 stolicam
2569 4014 2775 4068 sedem.
2811 4011 3113 4066 secundum
3141 4012 3275 4066 scita
3308 4012 3604 4077 majorum,
3640 4022 3696 4066 et
3726 4011 3859 4068 sicut

2286 4098 2503 4151 semper
2527 4093 2613 4136 est
2636 4084 2863 4146 factum.
2895 4084 3098 4136 referre
3124 4082 3429 4136 debuistis:
3450 4083 3593 4136 sicut
3614 4082 3682 4135 de
3704 4083 3857 4139 Petro

2286 4152 2690 4213 Alexandrino,
2739 4153 2822 4207 vel
2870 4152 2937 4207 de
2972 4152 3316 4207 Autiodieno
3347 4153 3530 4215 Petro,
3562 4152 3631 4206 de
3659 4152 3857 4209 Joanne

2288 4233 2342 4278 et
2390 4223 2558 4277 Paulo
2608 4223 2806 4278 fecisse
2851 4234 3190 4276 monstratur
3232 4224 3480 4277 Aeacius.
3545 4222 3651 4277 Sed
3706 4233 3759 4278 et
3806 4226 3855 4279 in

2289 4293 2701 4348 Commonitoria
2735 4296 2803 4346 ad
2824 4293 3098 4351 Faustum.
3126 4296 3372 4362 eju~dem
3399 4293 3551 4347 Pauli
3574 4294 3859 4350 etJoannis

2293 4366 2635 4417 intentionem
2666 4365 2817 4418 facit.
2854 4364 3003 4429 Quos
3033 4366 3100 4417 ab
3131 4364 3430 4433 apostolica
3460 4364 3589 4419 sede
3618 4364 3853 4420 damnari

2290 4450 2354 4489 ac
2383 4434 2584 4503 deponi
2613 4433 2741 4488 fecit
2768 4434 3018 4488 Aeacius.
3046 4436 3218 4501 Quem
3248 4435 3418 4489 etiam
3443 4436 3854 4502 praaceptionem

2290 4504 2438 4558 sedis
2466 4506 2779 4574 apostolica:
2810 4512 3130 4560 exsecutum
3160 4506 3351 4564 fuisse,
3387 4504 3589 4557 ibidem
3613 4506 3688 4557 ait
3712 4504 3858 4560 Gela-

2290 4576 2425 4629 sius.
2463 4576 2731 4645 Equidem
2769 4591 2877 4628 nou
2903 4575 3096 4630 dubito
3137 4576 3270 4645 quin
3310 4575 3401 4628 hic
3431 4574 3637 4628 Paulus
3666 4574 3731 4630 de
3756 4591 3854 4644 quo

2289 4644 2552 4699 Acacium
2609 4646 2676 4699 ad
2726 4644 3071 4715 Simplicium
3114 4644 3309 4715 papam
3362 4645 3618 4715 retulisse
3677 4647 3854 4701 scribit

2289 4716 2560 4797 Celasius,
2589 4716 2659 4797 sit
2680 4714 3335 4797 EpheSiuus‘episcopus;
3365 4715 3459 4785 qui
3484 4714 3705 4797 dumgb
3720 4733 3855 4797 qtue.‘

2291 4788 2415 4839 dam
2475 4788 2710 4841 erimina
2756 4797 2954 4840 exutus
2994 4785 3189 4842 luisset
3229 4788 3550 4855 episcopatu
3582 4826 3597 4850 ,
3624 4785 3850 4842 Basilisei

2294 4859 2507 4926 tyranni
2529 4859 2871 4925 temporibus
2897 4859 3186 4912 restitutus
3203 4857 3383 4910 fuerat
3402 4872 3501 4926 per
3518 4857 3849 4913 Timotheum

2291 4918 2539 4981 ᾸΞΞυι-ιιηι
2563 4938 2618 4983 et
2639 4918 2867 4982 Paulum
2883 4929 3289 4984 Antiochenam
3307 4918 3650 4997 episc0pum,
3668 4938 3727 4981 ut
3741 4929 3855 4982 scri-

2292 5000 2370 5069 bit
2403 4998 2669 5067 Evagrius
2704 5001 2756 5052 in
2789 5001 2931 5053 libro
2958 5017 3035 5063 ut,
3066 5014 3188 5067 cap.
3219 5000 3250 5053 5
3278 5007 3334 5051 et
3353 4998 3404 5051 6.
3458 4998 3626 5052 Porro
3650 4999 3851 5069 Simpli-

2290 5068 2407 5122 cius
2433 5085 2592 5137 papa,
2616 5071 2856 5139 acceptis
2874 5070 3057 5125 Acacii
3084 5070 3308 5131 litteris,
3331 5069 3608 5137 inquibus
3624 5069 3690 5124 de
3708 5068 3851 5125 Petro

2290 5150 2347 5210 et
2372 5139 2581 5193 Joanne
2612 5141 2976 5210 Antiochenis
3008 5141 3308 5201 retulerat,
3351 5139 3615 5193 continuo
3644 5152 3849 5210 respon-

2291 5209 2371 5281 dit
2400 5225 2497 5263 eos
2529 5225 2556 5261 a
2587 5225 2644 5263 se
2673 5209 2961 5265 danmatos
2989 5226 3110 5265 esse
3138 5211 3454 5281 signiﬁcans
3474 5250 3488 5273 ,
3527 5219 3582 5264 et
3602 5210 3670 5265 ab
3691 5209 3851 5266 Eccle-

2293 5280 2387 5333 siae
2445 5281 2837 5335 conmumione
2896 5280 3205 5350 prmcisos.’
3243 5282 3310 5335 Et
3366 5280 3601 5346 epistola
3652 5282 3848 5350 quidem

2294 5350 2562 5420 Simplicii
2599 5350 2666 5404 ad
2697 5352 2960 5405 Acaciqu
2986 5393 2999 5416 ,
3034 5368 3099 5405 ea
3129 5353 3195 5406 de
3229 5368 3285 5405 re
3314 5352 3541 5421 scripta,
3574 5350 3730 5406 hodie
3757 5367 3847 5407 non

2180 5502 2406 5560 NOTAE.

678 5616 1136 5689 (65)}lislitleris
1177 5618 1440 5687 acceptis,
1484 5626 1591 5673 etc.
1634 5619 1828 5689 PagiUS
1879 5622 2073 5689 imm“t
2122 5635 2186 5674 εκ

610 5688 833 5754 epistola
868 5687 1136 5759 Simplicii
1163 5689 1262 5742 PP.
1298 5690 1366 5743 ab
1396 5689 1679 5743 llolsteuio
1713 5687 1959 5759 primum
2014 5693 2186 5755 edita,

614 5759 747 5810 hanc
771 5758 1038 5827 synodum
1073 5758 1550 5829 COIlbiaMlllztpﬁll
1605 5758 1771 5814 l‘uisSc
1820 5763 2185 5827 celebratam,

2300 5632 2596 5697 antequam
2678 5627 2921 5682 Joannes
2988 5628 3301 5697 Apamenus
3362 5626 3493 5682 sede
3538 5624 3849 5697 Antiochea:

2300 5694 2551 5815 dsjelctus
2604 5708 2768 5750 esset.
2831 5698 2950 5751 \‘id.
2992 5694 3215 5768 l’agium
3251 5700 3316 5753 ad
3365 5714 3495 5752 ann.
3525 5698 3651 5762 477,
3694 5712 3745 5751 ιι.
3774 5696 3845 5752 11.

2378 5806 2386 5815 .
2440 5780 2625 5815 ΑΗἎΊΊΙ.

2378 5806 2386 5815 .
2417 5780 2625 5818 ιιιικιγιι.
