4110 6332
296 400 434 459 ⁸2909
1056 399 1115 457 S.
1158 397 1544 457 EULOGIUS
1598 397 1919 457 ARCHIEP

1923 402 1954 459 '.
1995 398 2372 459 ALEXAND.
2388 422 2460 434 -
2479 398 2809 461 ΝΟΤΙΤΙΑ.
3406 398 3546 463 2910

298 509 584 574 convenit,
640 509 721 563 uti
772 507 865 561 hic
908 504 961 559 in
1014 506 1245 577 Eulogio
1297 519 1353 562 et
1389 508 1596 579 Cyrillo
1644 508 1793 563 sedis
1847 508 2093 577 ejusdem
2141 510 2433 587 episcopis.
2487 510 2621 564 Esse
2675 518 2858 564 autem
2915 508 3127 580 Eulogii
3183 509 3380 565 suadet
3431 520 3545 565 tota

300 596 557 660 materia,
605 608 909 664 magnaque
944 592 1032 645 illa
1066 594 1185 662 ejus
1227 593 1459 648 aﬂinitas
1503 610 1628 648 cum
1673 595 1796 649 aliis
1835 595 2084 665 ejusdem
2123 596 2335 666 Eulogii
2372 596 2653 651 deﬂoratis
2693 612 2724 649 a
2775 596 2989 651 Photio.
3030 597 3244 665 Ubique
3288 598 3435 652 acris
3488 598 3546 652 in

304 682 671 752 Eutychianos
703 680 999 748 depugnat,
1034 679 1230 747 dignus
1258 682 1439 749 plane,
1483 696 1644 749 quem
1679 697 1819 750 papa
1850 681 2063 752 Agatho
2097 682 2154 735 in
2196 697 2291 745 sua
2332 682 2401 736 ad
2447 690 2655 736 sextam
2692 682 2961 752 synodum
2991 684 3360 752 suggestione,
3400 682 3549 739 inter

304 769 511 838 primos
558 782 623 821 ac
667 764 974 834 pracipuos
1020 765 1213 836 synodi
1245 765 1710 821 Chalcedonensis
1747 783 1810 821 ac
1855 771 1986 822 ιοιηὶ
2016 769 2217 825 Leonis
2255 769 2578 824 defensores
2621 778 2967 838 percenseat.
3004 769 3100 823 Est
3130 758 3313 824 oratio
3344 771 3545 839 partim

301 858 514 921 festiva,
561 853 761 924 partim
792 853 1078 922 polemica.
1115 854 1347 908 Pulchre
1378 852 1522 907 ludit
1551 854 1607 907 in
1638 853 1826 909 verbis
1860 870 1923 911 ac
1970 856 2148 911 sensis
2186 856 2506 925 Scriptura.
2540 855 2901 923 Antiquarius
2933 865 3121 910 noster
3154 857 3389 910 mediam
3429 856 3546 911 fere

302 944 600 1011 abruperat
630 958 644 993 :
681 938 827 1008 quod
860 938 968 993 illis
1000 939 1237 1009 plagium
1281 938 1429 993 haud
1456 938 1684 993 omnino
1708 940 1970 996 insolens
2003 952 2087 995 est
2118 958 2133 1007 ;
2168 942 2303 996 alias
2346 956 2565 1011 quoque
2605 940 3013 1010 deprehensum
3060 943 3115 996 in
3160 943 3551 1012 Amphilochia

302 1042 359 1087 ct
388 1030 805 1099 Chrysostomo.

1390 1313 1901 1406 NOTITIA
2000 1314 2496 1402 ALTERA.

1145 1504 1464 1574 (FABRICIUS,
1493 1502 1736 1558 Biblioth.
1766 1517 1923 1573 grwc.
1950 1502 2040 1558 ed.
2070 1502 2282 1559 Harios.
2317 1511 2359 1558 t.
2390 1502 2459 1568 Χ,
2486 1518 2543 1573 p.
2577 1503 2728 1574 753.)

378 1740 590 1811 Eulogii
622 1737 947 1809 patriarchas
977 1736 1132 1791 Alex.
1159 1734 1235 1807 (a)
1261 1734 1433 1806 (Opus
1457 1735 1718 1790 adversus
1755 1734 2048 1800 Novatum,
2071 1735 2302 1790 Photius
2345 1733 2506 1789 codd.
2528 1732 2652 1796 l8‘2,
2687 1731 2814 1797 208,
2848 1732 2976 1796 280,
3025 1740 3080 1787 et
3104 1733 3209 1788 alia
3226 1733 3428 1802 scripta
3453 1733 3559 1787 2|5

308 1828 731 1901 seqq.)rsﬁxo;
787 1827 1001 1893 τρίτον,
1038 1826 1295 1879 volumen
1356 1825 1600 1892 tertium,
1655 1825 2037 1895 deperditum,
2080 1827 2136 1880 in
2186 1826 2358 1881 libros
2422 1825 2744 1879 distinctum
2796 1824 3057 1881 undecim
3097 1866 3110 1888 ,
3161 1839 3395 1892 quorum
3455 1824 3566 1893 pri-

308 1930 434 1968 mus
500 1913 818 1968 continebat
862 1911 1176 1980 Apologiam
1242 1925 1343 1980 pro
1414 1911 1611 1965 litteris
1671 1910 1948 1981 synodicis
1991 1913 2058 1967 ad
2104 1914 2423 1982 episcopum
2477 1913 2637 1966 Rom.
2674 1909 3017 1979 (Gregorium
3045 1911 3118 1963 M.
3149 1910 3220 1981 ('b)
3252 1911 3474 1973 missis,
3504 1911 3557 1963 in

313 2000 517 2070 quibus
560 1997 1094 2068 reprehendebatur,
1132 1997 1277 2066 quod
1310 2012 1412 2051 nec
1443 2007 1680 2066 quatuor
1714 1998 1948 2053 concilia
1978 2000 2339 2062 uecumeniea,
2396 2013 2499 2053 nec
2553 1997 2753 2052 Leonis
2790 1996 2952 2050 Rom.
3010 1997 3299 2064 epistulam
3336 2001 3559 2049 nomine

313 2095 473 2139 tenus
516 2079 847 2154 probasset,
896 2099 1000 2139 nec
1060 2084 1352 2137 anathema
1380 2084 1607 2139 dixisset
1644 2085 1897 2155 Eutychi,
1954 2086 2214 2139 Dioscoro
2253 2101 2316 2139 ac
2360 2085 2565 2140 Severo
2594 2101 2609 2148 ;
2635 2083 2912 2137 secundus
2941 2083 3341 2151 expositionem
3380 2083 3506 2135 lidei
3544 2100 3558 2145 ;

313 2172 530 2235 tertius,
584 2177 813 2239 quartus
842 2179 902 2224 et
954 2168 1182 2238 quintus
1215 2168 1536 2238 Apologiain
1586 2185 1686 2238 pro
1719 2170 1928 2241 synodo
1980 2170 2414 2226 Clialcedonensi
2450 2180 2508 2225 et
2529 2170 2733 2239 Cyrillo
2763 2168 2917 2223 Alex.
2948 2169 3215 2224 adversus
3250 2170 3559 2223 calumnias

312 2259 745 2323 haereticorum;
800 2268 1020 2321 sextus,
1090 2256 1353 2311 adversus
1407 2271 1503 2310 eos
1544 2258 1639 2325 qui
1700 2266 1894 2327 putant
1952 2259 2209 2314 humanis
2270 2260 2386 2314 sive
2436 2258 2839 2327 philosophicis
2878 2256 3339 2326 conceptionibus
3374 2272 3559 2310 veram

319 2346 649 2415 theologiam
689 2344 1060 2400 Christianam
1104 2358 1263 2414 posse
1304 2344 1521 2413 subjici,
1566 2344 1701 2415 πρὸς
1732 2346 1857 2408 τοὺς
1889 2348 1938 2397 ot

1932 2347 2169 2413 ἱομένους
2209 2346 2577 2415 ἀνθρωπίναις
2618 2346 2884 2405 ἐπινοίαις
2926 2343 3189 2398 δύνασθαι
3230 2343 3331 2413 τὴν
3380 2342 3555 2412 ἀληθῆ

310 2432 420 2484 τῶν
447 2431 793 2501 Χριστιανῶν
827 2430 1151 2485 ὑποϐάλλειν
1191 2429 1468 2500 Θεολογίαν
1500 2447 1515 2461 ο
1552 2431 1840 2500 septimus,
1872 2430 1933 2485 ad

1971 2432 2343 2486 Domitianum
2372 2432 2659 2487 Melitenes
2694 2431 3009 2501 (Armeniae)
3042 2430 3385 2500 episcopum,
3416 2429 3564 2497 quod

314 2528 466 2572 recte
497 2517 716 2572 dicatur
753 2517 851 2587 μία
883 2516 1044 2586 φύσις
1091 2515 1186 2570 τοῦ
1219 2517 1392 2585 Λόγου
1432 2518 1827 2589 σεσαρκωμένη
1869 2516 1937 2588 (c)

1946 2557 1961 2571 .
2004 2519 2272 2584 Octavus,
2306 2519 2387 2573 Ad
2430 2519 2892 2589 Christophorum
2943 2517 3262 2589 quemdam,
3314 2516 3384 2571 de
3427 2516 3566 2572 locis

313 2605 645 2675 quihusdam
676 2621 846 2661 sacrae
876 2606 1175 2676 Scriptura:
1217 2606 1541 2669 solutiones,
1588 2614 1645 2661 et
1672 2608 1730 2659 ἑν
1771 2606 1849 2677 τῷ
1881 2606 1925 2659 Θ¹
1952 2606 2165 2677 σημείῳ
2197 2607 2250 2660 in
2280 2621 2429 2661 nono
2458 2607 2637 2676 capite
2658 2646 2674 2668 ,
2711 2607 2840 2660 vitae
2868 2604 3188 2660 monasticae
3217 2601 3565 2665 Encomium.

313 2690 525 2754 Nonus,
557 2691 859 2747 Paraenesis
903 2691 972 2747 ad
1014 2707 1131 2757 eos,
1175 2693 1271 2762 qui
1315 2692 1384 2746 ab
1420 2692 1666 2747 Ecclesia
1712 2692 2108 2758 discesserunt,
2158 2694 2263 2764 ipsi
2305 2694 2451 2749 inter
2496 2710 2554 2749 se
2588 2694 2643 2747 in
2692 2694 2874 2748 varias
2904 2692 3103 2747 iterum
3139 2701 3327 2762 partes
3365 2690 3569 2745 misere

314 2776 499 2831 divisi.
531 2777 807 2842 Decimus,
844 2777 1111 2833 adversus
1139 2778 1419 2849 Agnoetas
1456 2778 1774 2845 monachos,
1815 2779 1961 2848 quod
1988 2781 2255 2849 scriptum
2284 2780 2542 2835 laudatur
2563 2796 2594 2833 a
2621 2779 2888 2850 Gregorio
2918 2780 3112 2850 Magno
3145 2780 3200 2833 in
3238 2777 3471 2847 epistola
3498 2776 3569 2830 ad

318 2863 607 2935 Eulogium
644 2864 799 2918 Alex.
829 2878 881 2920 a.
910 2863 971 2919 C.
1007 2864 1130 2931 600,
1159 2874 1401 2931 exarata,
1433 2865 1530 2920 lib.
1567 2880 1682 2927 vui,
1719 2866 1808 2921 42.
1844 2866 2196 2931 Undecimus,
2231 2867 2492 2936 denique,
2532 2867 2696 2922 Gesta
2732 2868 2928 2938 synodi
2960 2882 3109 2921 anno
3140 2866 3379 2936 septimo
3412 2863 3569 2918 Mau-

320 2950 437 3005 ricii
467 2952 561 3019 (ita
595 2949 889 3021 legendum
928 2966 1028 3020 pro
1065 2952 1385 3019 Marciane),
1427 2951 1634 3007 Christi
1665 2951 1789 3015 588,
1821 2951 2022 3007 habitae
2048 2951 2316 3007 adversus
2346 2953 2649 3007 Samaritas
2683 2954 3047 3008 Dositheanos
3077 2954 3178 3022 (ά),
3229 2951 3571 3006 Dosthenum

318 3038 433 3092 sive
455 3038 779 3093 Dositheum
802 3038 1115 3108 quemdam,
1146 3038 1387 3093 Simonis
1409 3038 1544 3108 Magi
1566 3039 1831 3109 aequalem
1883 3037 2039 3107 (non,
2070 3046 2132 3092 ut
2157 3038 2248 3093 alii
2275 3038 2624 3104 Samaritani,
2650 3039 2894 3102 Josuam,
2920 3054 3023 3093 nec
3052 3040 3242 3093 Jesum
3269 3036 3567 3103 nostrum),

318 3137 420 3191 pro
449 3139 643 3194 magno
674 3124 769 3179 illo
803 3125 1071 3195 propheta
1107 3140 1206 3194 per
1236 3126 1457 3195 Moysen
1493 3127 1651 3181 Deut.
1682 3142 1833 3191 xvui,
1862 3124 1952 3188 15,
1980 3126 2242 3195 praedicto
2287 3126 2578 3185 habentes.
2607 3137 2662 3180 et
2710 3126 3175 3180 resurrectionem
3222 3132 3577 3178 mortuorum

320 3207 648 3277 inliciantes,
677 3227 841 3281 quam
872 3226 939 3265 ex
977 3211 1229 3266 Mosaicis
1257 3212 1478 3281 scriptis
1508 3212 1773 3282 Eulogius
1804 3212 2170 3267 confirmavit.

777 3321 1048 3376 Indiculus
1082 3323 1400 3390 scriptorum
1431 3330 1480 3374 et
1510 3321 1907 3385 hereticorum,
1944 3320 2009 3373 ab
2046 3320 2270 3390 Eulogio
2301 3322 2357 3373 in
2389 3322 2465 3375 his
2498 3321 2643 3373 libris
2678 3330 3115 3373 memoratarum.

1087 3430 1160 3480 Ad
1184 3428 1383 3491 paginas
1406 3414 1845 3479 editionis-Gracia
1867 3428 2035 3479 Photii
2055 3429 2432 3480 Hmschelianm.

387 3562 667 3631 Agnoetaa,
697 3564 892 3612 contra
927 3572 1066 3626 quos
1098 3556 1292 3611 scribit
1324 3556 1606 3625 Eulogius,
1641 3557 1743 3611 464
1776 3573 1894 3627 seq.
1922 3550 1929 3556 ”

390 3644 751 3702 Ambrosius:
798 3642 855 3695 '0
881 3641 1184 3710 Θαυμάσιος
1219 3643 1275 3694 ὲν
1301 3640 1377 3711 τῷ
1412 3641 1541 3712 περὶ
1567 3642 2013 3713 ὲνανθρωπήσεω;

1774 3644 2033 3713 ιυπήσεως
2064 3645 2311 3714 τετάρτῳ
2344 3641 2508 3712 λόγῳ,
2539 3640 2665 3705 444,
2701 3640 2824 3706 452,
2864 3641 2930 3695 ad
2958 3640 3245 3708 Albinum,
3273 3640 3397 3695 445.

391 3732 810 3804 Amphilochius
856 3730 1015 3785 Sides
1062 3730 1231 3799 episc.
1287 3729 1410 3783 465.
3407 3732 3429 3740 κ

391 3820 761 3891 Apollinarius
810 3818 989 3881 ἄνους.
1028 3818 1152 3881 457,
1184 3817 1307 3880 458,
1339 3816 1464 3881 459,
1502 3815 1626 3880 440,
1651 3814 1779 3882 445,
1806 3816 1930 3878 447,
1967 3815 2091 3877 448.
2134 3816 2217 3869 Τὰ
2256 3805 2631 3887 Ἀπολιναρίου
2679 3815 2947 3879 νοοῦντες,
3028 3815 3126 3869 451
3158 3832 3172 3881 ;
3242 3816 3577 3881 Νοσοῠντες,
3611 3810 3616 3814 ’

322 3911 446 3967 552.
493 3911 581 3963 Ἐν
612 3909 690 3978 τῷ
717 3908 845 3978 περὶ
878 3908 1204 3977 σαρκώσεως
1235 3907 1395 3976 λόγῳ,
1426 3907 1552 3960 447.

394 3997 577 4061 Arius,
608 3996 729 4050 448.
772 3995 834 4047 'll
866 3994 974 4046 τῶν
1016 3995 1308 4065 Ἀρειανῶν
1345 3993 1529 4063 μανία,
1561 3991 1687 4047 466.

398 4084 761 4145 Athanasius,
786 4082 909 4145 458,
941 4082 1064 4137 449.
1105 4084 1191 4135 Ἐν
1220 4082 1297 4151 τῷ
1333 4082 1459 4150 περὶ
1490 4080 1819 4151 σαρκώσεως
1850 4078 2015 4146 λόγῳ,
2049 4080 2173 4134 445.

398 4171 720 4234 Baradatus,
754 4171 878 4225 46⁸5.
1966 4161 1974 4167 ’

394 4258 629 4313 Basilius
663 4257 732 4311 Μ.
770 4257 893 4321 449,
934 4257 1058 4319 457,
1099 4270 1128 4308 a
1163 4252 1474 4308 Severianis
1508 4253 1938 4323 perstringitur:
1978 4253 2017 4305 'i

1978 4253 2045 4305 'H
2074 4253 2182 4306 τῶν
2216 4252 2600 4307 Καππαδόκων
2637 4252 2960 4321 καινοτομία
2991 4252 3084 4305 καὶ
3126 4251 3475 4306 Ἀθανασίου.
3512 4252 3577 4306 'll

324 4343 522 4414 οἴησις,
557 4344 680 4398 448.
713 4344 969 4404 Basilius,
1016 4342 1103 4393 Ἐν
1130 4341 1206 4410 τῷ
1236 4342 1371 4409 πρὸς
1404 4341 1495 4392 τὸν
1540 4342 1815 4409 Ἀνόμοιον
1846 4341 1947 4408 ἀγᾶ

1406 4341 1495 4392 τὸν
1540 4342 1815 4409 Ἀνόμοιον
1846 4341 2013 4408 ἀγῶνι
2045 4338 2247 4409 (Libris
2274 4338 2478 4394 Contra
2504 4339 2862 4408 Eunomium)
2900 4337 3029 4393 457.

395 4430 855 4499 ChristOphorus,
900 4428 967 4482 ad
999 4443 1161 4497 quem
1190 4427 1383 4482 scribit
1411 4428 1692 4498 Eulogius,
1732 4419 2018 4481 ὁσιώτατον

1076 4443 1161 4482 em
1190 4427 1383 4482 scribit
1411 4428 1692 4498 Eulogius,
1732 4419 2026 4481 ὁσιώτατον
2062 4442 2190 4481 eum
2233 4426 2536 4496 appellans,
2574 4426 2699 4481 461.

396 4515 632 4586 Cyrillus
659 4516 811 4570 Alex.
850 4517 972 4579 458,
1010 4516 1135 4577 444,
1171 4516 1293 4579 445,
1330 4515 1453 4580 446,
1498 4516 1623 4581 459,
1664 4516 1788 4578 465,
1826 4514 1949 4569 466.
1995 4515 2052 4567 Ὀ
2082 4514 2422 4578 διδάσκαλος,
2469 4514 2597 4577 446,
2636 4514 2761 4578 447,
2796 4513 2922 4577 457,
2954 4512 3077 4568 458.
3139 4514 3206 4567 '0
3239 4513 3441 4585 θερμὸς
3482 4515 3583 4583 τῆς

326 4602 613 4674 ἀκριϐείας
654 4604 909 4671 ἐραστής,
941 4601 1063 4657 441.
1104 4602 1199 4662 Τίς
1236 4601 1301 4654 ἂν
1337 4601 1494 4664 ἄλλος
1539 4602 2049 4673 μεγαλοφωνότερος
2083 4601 2115 4669 ἢ
2154 4601 2616 4670 ἀξιοπιστότερος,
2652 4600 2777 4654 44ἳ.
2819 4601 2993 4664 Πολὺς
3036 4603 3097 4655 ὲν
3139 4600 3350 4673 διανοίᾳ
3377 4603 3437 4657 οὐ
3474 4604 3589 4666 τοῖς

329 4690 540 4761 ῥήμασι
579 4688 672 4741 καὶ
708 4690 816 4749 τοῖς
855 4688 1113 4756 ὀνόμασιν
1156 4688 1242 4739 ἀεὶ
1270 4687 1361 4739 τὸν
1404 4688 1528 4741 νοῦν
1568 4688 2017 4755 καταπιστεύων,
2052 4693 2162 4753 τοῖς
2206 4690 2261 4743 δὲ
2306 4690 2542 4761 νοήμασι
2583 4690 2678 4743 καὶ
2720 4691 2789 4743 τὰ
2826 4692 3049 4762 ῥήματα
3084 4694 3179 4744 καὶ
3230 4691 3300 4745 τὰ
3343 4692 3589 4761 ὀνόματα

331 4776 768 4845 συμμεταφέρων
798 4792 856 4827 τε
886 4777 979 4827 καὶ
1011 4773 1510 4843 μεθαρμοζόμενος,
1547 4775 1672 4831 446.
1716 4776 1772 4829 '0
1800 4776 2033 4847 γνώμων
2062 4777 2162 4848 τῆς
2191 4777 2475 4847 ἀκριϐείας
2497 4777 2753 4847 452.Τῆς
2771 4776 3057 4847 ἅρκιεείας
3084 4778 3425 4842 διδάσκαλος,
3460 4779 3584 4833 454.

329 4860 591 4930 Epistolas
624 4858 691 4915 ad
723 4858 1084 4924 Succensuni,
1112 4860 1236 4925 459,
1273 4860 1396 4923 446,
1428 4861 1551 4925 447,
1586 4860 1712 4926 449,
1738 4863 1859 4916 450.
1908 4864 1952 4917 Α

1968 4863 1988 4918 1
2015 4866 2389 4928 Valerianum,
2421 4864 2592 4919 lconii
2619 4865 2793 4935 episc.
2816 4866 2943 4930 451,
2981 4866 3106 4929 449,
3140 4867 3269 4929 452,
3302 4867 3430 4933 45⁸5,
3464 4866 3591 4921 462.

330 4946 411 5009 Ad
436 4944 1016 5010 Acacium,Melitenes
1039 4946 1211 5025 epise.
1245 4946 1349 5001 442
1377 4952 1505 5017 seq.’
1528 4948 1650 5001 452.
1684 4948 1763 5005 Ad
1800 4950 1953 5022 Eulog

1969 4951 2110 5018 jium,
2141 4952 2266 5017 445,
2294 4952 2417 5006 447.
2452 4951 2541 5005 Ἐν
2574 4951 2651 5020 τῷ
2668 4951 2962 5023 Θησαυρῷ,
2987 4952 3114 5006 455.
3153 4951 3239 5005 Ἐν
3272 4952 3350 5021 τῷ
3389 4938 3592 5022 πρώτῳ

332 5033 439 5084 τῶν
469 5032 794 5103 Θησαυρῶν,
814 5033 936 5087 446.
954 5033 1043 5085 Ἐν
1072 5033 1306 5103 διαλόγῳ
1324 5034 1382 5098 ὃς
1406 5037 1772 5105 ἐπιγράφεται
1802 5039 1885 5091 ὅτι
1911 5034 1990 5102 εἷς
2016 5042 2045 5092 ὁ
2072 5039 2456 5110 Χριστός,447.
2494 5040 2583 5093 Ἐν
2612 5038 2687 5108 τῷ
2706 5039 2945 5110 δευτέρῳ
2974 5036 3428 5110 ἀναθεματισμῷ,
3462 5038 3591 5102 450.

342 5120 430 5170 Ἐν
459 5118 538 5187 τῷ
559 5119 695 5186 πρὸς
725 5118 996 5188 βασιλίδας
1026 5124 1483 5193 προσφωνητικῷ,
1514 5124 1638 5178 450.
1674 5123 1762 5176 Ἑν
1792 5125 2070 5196 λεγομένῳ
2094 5125 2295 5197 πρώτῳ
2322 5126 2493 5197 τόμῳ,
2527 5127 2651 5181 451.
2700 5126 2789 5179 Ἐν
2817 5130 2883 5197 τῇ
2917 5126 3052 5196 πρὸς
3084 5126 3145 5179 σέ
3177 5126 3233 5178 δε
3263 5129 3281 5147 ⁸
3311 5124 3593 5195 ἐπιστολῇ,

358 5202 487 5263 460.
522 5203 676 5259 locus
706 5214 1020 5275 corruptus.

404 5296 720 5363 Dioscorus,
747 5299 869 5363 437,
905 5300 1027 5364 447,
1054 5299 1174 5363 450,
1200 5300 1324 5354 451.

405 5434 665 5519 (παίζῃς.
714 5436 821 5491 vol.
881 5437 984 5504 lX,
1038 5455 1090 5507 p.
1144 5439 1286 5505 646,
1342 5450 1397 5497 et
1446 5444 1645 5513 saepius
1700 5445 1753 5501 in
1801 5447 1907 5503 hoc
2017 5450 2579 5519 intiicl.l,CpiSi.‘29.

331 5503 751 5591 vom-sm.
1276 5503 1281 5505 '
1521 5503 1535 5513 ·

2092 5521 2157 5586 (υ)
2191 5503 2667 5591 αόιιῑῖ(;έιιιῖέι‹υιν.
2698 5526 2831 5591 υιη..
2868 5538 2919 5589 ιι.
2950 5522 3035 5575 te.
3072 5522 3133 5576 (ς.
3158 5533 3212 5576 ct
3234 5521 3357 5576 226.
3385 5524 3449 5575 Α.

392 5573 487 5663 ibi
511 5573 681 5663 liuius
714 5576 958 5663 Gregorii
995 5579 1158 5663 epist.
1190 5581 1255 5632 ad
1304 5580 1614 5663 Eulogium.
1650 5586 1746 5663 lib.
1789 5603 1902 5648 \‘iii,
2091 5573 2166 5651 id)
2196 5590 2369 5663 Adde
2422 5573 2711 5662 Lam—pium
2744 5573 2815 5645 ’ἰῖι
2870 5573 3210 5646 Coninmiin
3234 5573 3593 5647 iii'Joaimcm

329 5644 400 5729 ξἰἐὶ
438 5654 494 5696 et
524 5644 626 5724 ﬁ,
662 5644 863 5726 quibus
894 5644 1091 5729 ΔΙιειιίίθί
1136 5665 1282 5729 eum,
1320 5644 1595 5729 advorsus
1636 5644 1905 5719 Agnoeias
2019 5644 2159 5714 qui“,
2194 5661 2229 5722 17
2265 5678 2317 5729 ν,
2348 5664 2465 5714 ἷξε,

332 5713 474 5767 bene
523 5713 828 5783 scripsisse.
883 5716 956 5769 Ad
1015 5720 1265 5771 cuiude
1320 5722 1601 5789 Eulogium
1659 5713 1748 5779 lib.
1799 5744 1901 5792 \u,
