4110 6332
606 373 743 438 2011
1651 377 1709 437 S.
1752 378 2068 438 EULOGII
2109 378 2461 438 ARCHIEP.
2503 380 2874 440 ALEXAND.
3711 386 3858 448 2912

681 472 1043 547 Domitianus,
1072 482 1354 539 Melitenes
1382 486 1694 555 episcopus,
1724 486 1788 539 ad
1819 502 1980 555 quem
2010 487 2202 541 scribit
2233 488 2517 559 Eulogius,
2551 492 2673 554 459,
2704 494 2829 545 461.

681 568 919 622 Dosthen
943 569 1058 624 sive
1082 571 1393 633 Dositheus,
1426 588 1455 625 a
1491 587 1599 640 quo
1634 572 1968 639 Dositheani,
1998 584 2187 627 contra
2214 591 2352 643 quos
2378 577 2573 630 scribit
2613 578 2892 649 Eulogius,
2920 579 3041 643 466,
3072 580 3195 645 467,
3224 582 3347 637 468.

683 655 975 725 Eutyches,
1010 656 1134 721 457,
1159 658 1281 721 458,
1311 659 1434 721 459,
1460 657 1585 719 440,
1615 658 1737 723 448,
1773 660 1895 712 451.

681 740 921 799 Flaviani
954 743 1175 814 (CPol.)
1200 744 1419 798 libellus
1442 744 1751 799 Theodosio
1775 746 1905 813 imp.
1930 746 2147 800 oblatus
2170 748 2292 812 414,
2318 751 2440 807 460.
2464 751 2665 807 Lectus
2690 754 2745 809 in
2766 757 3002 812 concilio
3025 758 3483 828 Cbalcedonensi,
3506 762 3633 828 451,
3670 765 3798 819 460.

676 830 978 900 Gregorius
1041 831 1517 895 Neocaesariensis,
1547 834 1602 883 ὲν
1636 831 1712 899 τῷ
1746 835 1872 899 περὶ
1901 834 1996 900 τῆς
2028 836 2166 886 κατὰ
2202 838 2299 906 μὲρ

1187 832 1517 895 aasariensis,
1547 834 1602 883 ὲν
1636 831 1712 899 τῷ
1746 835 1872 899 περὶ
1901 834 1996 900 τῆς
2028 836 2166 886 κατὰ
2202 838 2363 906 μέρος
2398 839 2655 902 πίστεως,
2688 842 2810 897 445,

679 916 978 981 Gregorius
1009 916 1317 986 theologus,
1352 919 1474 981 447,
1504 918 1628 980 457,
1663 918 1783 971 466.
1827 919 1912 970 Ἐν
1946 920 2023 987 τῷ
2068 921 2302 991 άπολογη

1551 920 1628 980 57,
1663 918 1783 971 466.
1827 919 1912 970 Ἐν
1946 920 2023 987 τῷ
2068 921 2470 993 άπολογητικῴ,
2504 927 2628 980 452.
2666 929 2728 978 0i
2760 929 3018 997 θεολόγοι,
3051 931 3174 984 455.

677 1004 921 1072 Gregorii
959 1004 1357 1074 (Nazianzenus
1384 1014 1437 1058 et
1471 1005 1793 1074 Nysseuus),
1826 1008 1949 1070 448,
1991 1008 2115 1061 449.

670 1090 912 1145 Joannes
944 1091 1322 1145 Antiochenus
1361 1090 1532 1158 epise.
1563 1090 1687 1144 441.

671 1175 817 1229 Julio
842 1177 1001 1230 Rom.
1028 1177 1231 1229 tributa
1264 1176 1496 1244 epistola
1521 1175 1586 1228 ad
1627 1176 1945 1245 Dionysium
1980 1187 2248 1246 suspeetae
2282 1179 2432 1244 ﬁdei,
2464 1181 2587 1246 445,
2618 1182 2740 1237 448.
2787 1182 2916 1252 Ejus
2942 1183 3170 1253 epistola
3204 1185 3270 1239 ad
3318 1187 3569 1253 Docium,
3622 1192 3841 1245 Ιειυίιειι-ι

602 1278 630 1316 a
670 1262 875 1332 Cyrillo
906 1264 961 1315 in
1003 1262 1211 1331 synodo
1246 1262 1542 1330 Ephesina,
1572 1261 1695 1324 445,
1738 1261 1861 1315 446.

667 1350 776 1402 Leo
812 1365 970 1417 papa,
998 1348 1120 1402 465.
1152 1348 1283 1416 Ejus
1313 1348 1565 1417 epistola,
1600 1348 1723 1412 457,
1750 1347 1871 1401 461.
1907 1348 2290 1419 Perstringitm

1959 1350 2299 1419 arstringitur
2324 1369 2354 1406 a
2386 1353 2700 1410 Severianls
2729 1356 2834 1409 τῶν
2853 1359 2909 1409 ἑν
2954 1359 3151 1428 Ἰταλίᾳ
3182 1361 3209 1411 ὁ
3239 1359 3425 1427 τύφος,
3459 1362 3582 1416 448.

668 1439 867 1491 Leonis
894 1438 1025 1505 imp.
1055 1436 1315 1503 ἐγκύκλια
1371 1436 1676 1504 γράμματα
1696 1475 1711 1499 ,
1747 1438 1948 1499 quibus
1976 1436 2288 1491 Chalcedon

1788 1438 1948 1489 uibus
1976 1436 2443 1494 Chalcedonensis
2474 1442 2667 1511 synddi
2697 1444 2919 1499 decreta
2949 1444 3256 1511 ﬁrmantur,
3284 1448 3403 1501 462.

665 1526 869 1586 Manes,
896 1524 1024 1597 440,
1060 1522 1184 1578 448.
1213 1522 1494 1576 Manichaei
1524 1521 1750 1590 epistola
1777 1521 1841 1575 ad
1873 1522 2251 1592 Seythianum,
2285 1525 2408 1578 447.

667 1610 936 1680 Μωσαῖκὴ
969 1610 1348 1677 Ὀκτάτευχος,
1376 1608 1499 1681 466,
1528 1606 1667 1662 Octo
1694 1608 1821 1662 libri
1846 1609 1965 1663 Vel.
1993 1608 2142 1664 Test.
2172 1610 2227 1663 in
2254 1626 2290 1679 q

1779 1609 1821 1661 ri
1846 1609 1965 1663 Vet.
1993 1608 2142 1664 Test.
2172 1610 2227 1663 in
2254 1612 2456 1679 quibus
2484 1612 2747 1668 familiam
2780 1615 2989 1672 ducunt
3018 1617 3216 1689 Moysis
3254 1619 3402 1673 libri.

665 1697 975 1760 Nestorius,
1008 1696 1131 1757 440,
1158 1696 1281 1757 442,
1307 1696 1430 1759 445,
1458 1696 1582 1757 446,
1612 1695 1734 1759 452,
1768 1696 1889 1749 455.

665 1780 1031 1835 Orientalium
1065 1781 1225 1845 ﬁdes;
1255 1781 1379 1841 442,
1413 1780 1539 1841 444.
1580 1782 1704 1845 452,
1740 1781 1861 1845 455,
1908 1782 2033 1835 454.

665 1870 727 1921 Ui
768 1868 1018 1938 θεοφόροι
1052 1866 1316 1933 Πατέρες,
1353 1869 1475 1922 457.
1509 1868 1726 1931 Πολλοῖς
1758 1869 1865 1921 τῶν
1903 1869 2183 1939 Πατέρων,
2220 1869 2343 1935 457,
2380 1880 2486 1927 etc.

665 1956 888 2017 Paulus,
919 1956 1209 2023 episcopus
1229 1955 1551 2020 Emeseuus,
1582 1956 1706 2021 441,
1736 1956 1859 2009 442.

664 2042 864 2096 Paulus
894 2040 1307 2104 Samosatenus,
1341 2041 1461 2095 448.

674 2126 731 2179 '0
764 2128 1225 2196 Πνευματομάχος
1252 2126 1662 2197 (Macedonius),
1696 2128 1749 2181 in
1779 2129 1985 2199 synodo
2013 2128 2173 2185 Cl’ot.
2203 2148 2297 2186 con

1168 2144 1225 2190 ος
1252 2126 1662 2197 (Macedonius),
1696 2128 1749 2181 in
1779 2129 1985 2199 synodo
2013 2128 2173 2185 Cl’ot.
2203 2133 2627 2196 condemnatus.
2665 2135 2788 2190 450.

662 2213 958 2276 Polemius,
988 2214 1313 2282 Apollinarii
1342 2214 1671 2283 discipulus,
1700 2215 1820 2267 417.

660 2298 1010 2361 Samaritani,
1039 2310 1227 2354 contra
1262 2317 1401 2368 quos
1426 2301 1620 2355 scribit
1653 2301 1939 2371 Eulogius,
1969 2302 2071 2356 466
2097 2318 2212 2372 seq.

660 2383 921 2449 Severus,
949 2385 1073 2447 457,
1107 2386 1230 2448 444,
1264 2386 1388 2447 460,
1421 2384 1544 2439 465.
1596 2388 1657 2437 Οἱ
1692 2387 1797 2439 ἀπὸ
1832 2386 2088 2458 Σευήρου,
2133 2391 2233 2443 447
2266 2405 2283 2442 s

2203 2391 2233 2443 7
2266 2405 2381 2459 seq.
2425 2390 2566 2461 Πρὸς
2607 2393 2699 2445 τὸν
2738 2394 3119 2463 γραμματικὸν
3166 2396 3391 2465 Σέργιον
3420 2400 3669 2467 γράφου,
3713 2401 3824 2454 iiii.

616 2471 674 2523 Ὀ
709 2470 892 2533 καινὸς
927 2471 1242 2541 νομοθέτης,
1270 2472 1391 2525 457.
1428 2472 1539 2539 Τῆς
1563 2474 1799 2544 Σευήρου
1828 2476 2147 2545 διασπορᾶς,
2183 2476 2306 2530 462.

661 2557 882 2645 Simeon
904 2551 1153 2645 Stylites,
1189 2558 1311 2613 465.
1354 2558 1412 2612 '0
1444 2559 1615 2645 μέγας
1649 2561 1879 2631 Συμεὼν
1909 2563 1935 2615 ὁ
1966 2563 2023 2615 ὲν
2049 2563 2125 2633 τῷ
2160 2562 2284 2629 στύλ

1997 2581 2023 2615 ν
2049 2563 2125 2633 τῷ
2160 2562 2336 2632 στύλῳ
2371 2565 2459 2615 τὸν
2493 2566 2782 2634 ἀγγελικὺν
2823 2569 3029 2619 ἐκεῖνον
3062 2567 3173 2636 βίον
3202 2569 3613 2639 διανυσάμενος.

660 2642 848 2698 Simon
871 2644 1076 2714 Magus,
1108 2645 1232 2699 466.

658 2730 861 2807 Synodi
900 2733 1279 2788 Alexandrinae
1320 2735 1503 2797 πίστις
1536 2735 1833 2804 ἔγγραφος,
1870 2735 2033 2790 missa
2065 2753 2092 2790 a
2129 2737 2277 2806 Cyril

2212 2738 2337 2791 rillo
2372 2738 2436 2791 ad
2470 2737 2781 2792 Nestorium
2815 2750 2943 2793 ante
2978 2741 3245 2809 synodum
3279 2742 3537 2809 Ephesio.
3575 2744 3699 2795 450.
3730 2744 3826 2811 Sy-

586 2818 765 2873 nodus
790 2818 1274 2883 Chalcedonensis,
1305 2822 1429 2884 444,
1459 2822 1582 2882 447,
1613 2823 1735 2885 448,
1766 2823 1889 2887 451,
1912 2823 2034 2887 460,
2063 2823 2187 2877 461.

2213 2822 2325 2878 Sub
2350 2824 2622 2879 Marciano
2645 2833 2700 2879 et
2731 2825 2912 2881 Leone
2940 2822 3196 2893 (Thrace)
3228 2829 3375 2897 impp
3396 2831 3407 2839 “
3425 2829 3548 2882 465.
3577 2829 3824 2899 Synodus

584 2900 897 2967 CPolitana,
926 2906 1048 2970 447,
1082 2906 1203 2960 450.
1238 2906 1489 2976 Synodus
1520 2907 1756 2969 Nietena,
1786 2908 1909 2969 448,
1940 2908 2063 2975 450,
2098 2909 2219 2962 457.

636 2986 1043 3045 ΤΗοοάοι-εῑυς
1078 2993 1282 3046 sanctis
1310 2993 1441 3046 viris
1466 2993 1883 3059 adnumeratur,
1918 2995 2041 3049 462.

668 3075 728 3129 ὐ
765 3078 1025 3146 Θεολόγος
1052 3080 1309 3149 (Joannes
1334 3080 1717 3151 evangelista),
1743 3082 1865 3136 459.

663 3164 988 3220 Timotheus
1014 3166 1329 3231 hzereticus,
1355 3167 1478 3220 465.

662 3252 989 3306 Theodorus
1020 3252 1459 3321 Mopsuestenus,
1492 3254 1615 3320 451,
1646 3255 1750 3329 452

660 3340 983 3394 Valentinus
1016 3340 1327 3405 haereticus,
1362 3340 1485 3394 448.
1514 3341 1645 3411 Ejus
1670 3343 1873 3397 verba:
1903 3344 2022 3395 Τῶν
2059 3344 2279 3397 Potitia!

2202 3344 2356 3397 λείων
2382 3344 2471 3395 ἐπὶ
2493 3342 2726 3413 Χριστοῦ
2761 3343 2852 3396 δύο
2882 3344 3071 3409 φύσεις
3102 3344 3388 3410 λεγόντων,
3424 3346 3629 3398 πλατὺν
3658 3364 3825 3399 κατα-

588 3426 786 3497 χέομεν
816 3427 1032 3495 γέλωτα
1053 3442 1066 3455 °
1097 3428 1256 3495 ἡμεῖς
1283 3426 1391 3495 γὰρ
1420 3426 1513 3479 τοῦ
1548 3429 1743 3496 ὁρατοῦ
1778 3432 1869 3482 καὶ
1904 3432 2134 3500 ἀοράτου
2171 3433 2299 3498 μίαν
2332 3427 2471 3483 εἶναι
2510 3434 2606 3497 τὴν
2637 3430 2798 3495 φύσιν
2832 3431 3036 3497 φαμέν,
3070 3430 3191 3485 446.
3716 3492 3719 3493 ν

658 3514 807 3567 Libri
832 3514 942 3567 duo
967 3513 1179 3581 pridem
1208 3513 1479 3582 deperditi
1506 3515 1572 3567 ad
1602 3516 1970 3570 Domitianum
2004 3518 2289 3572 Melitenes
2319 3524 2637 3586 episcopum
2665 3530 2761 3584 pro
2786 3515 2985 3569 Leonis
3011 3517 3263 3579 Romani,
3290 3519 3601 3574 Nestorium
3629 3520 3828 3588 pariter

589 3609 646 3655 et
690 3600 991 3671 Eutychem
1024 3601 1331 3655 aversantis
1358 3641 1371 3663 ,
1408 3609 1556 3655 temo
1588 3600 1904 3672 Apologiam
1947 3604 2215 3672 complexi
2259 3602 2521 3658 adversus
2568 3603 2873 3671 Acephalos
2918 3603 3268 3657 Timotheum
3298 3646 3310 3662 ,
3351 3606 3442 3673 qui
3494 3606 3728 3665 acutius,
3776 3616 3830 3658 et

592 3687 878 3751 Severum,
910 3687 1005 3755 qui
1032 3686 1205 3741 iusius
1241 3687 1394 3740 illum
1430 3698 1860 3757 oppugnaverat.
1890 3690 1948 3744 In
1976 3691 2079 3744 hoc
2105 3691 2317 3759 Eulogii
2349 3692 2556 3758 scripto
2584 3690 2841 3757 prmclare
2868 3689 3307 3743 demonstratum
3341 3704 3425 3745 est
3457 3693 3595 3761 :‘llli;
3627 3692 3737 3762 δεῖ(
3768 3695 3829 3743 ἐκ

594 3774 791 3841 μέροος
816 3773 883 3825 τὰ
918 3773 1327 3841 συγγράμματα
1356 3774 1585 3842 κρίνειν,
1637 3774 1760 3842 μηδ’
1792 3778 2277 3844 ἀποσπαράγματά
2317 3795 2438 3828 τινα
2476 3776 2851 3844 λαμϐάνοντας
2878 3776 2962 3827 διὰ
3008 3777 3212 3831 τούτων
3264 3779 3360 3845 τὴν
3404 3778 3531 3846 ὅλην
3575 3778 3666 3830 τοῦ
3698 3779 3829 3847 γρά-

593 3875 783 3925 φοντος
823 3858 1187 3911 ἐνδιαϐάλλων
1228 3859 1487 3923 διάνοιαν,
1536 3859 1610 3912 De
1639 3863 1848 3931 scriptis
1884 3861 1965 3915 uel
2005 3864 2216 3932 scripto:

2206 3880 2318 3916 rum
2351 3872 2521 3916 mente
2552 3879 2654 3915 non
2690 3878 2795 3914 esse
2829 3862 3101 3930 ferendum
3130 3864 3391 3932 judicium
3421 3882 3483 3918 ea:
3511 3866 3747 3935 partibus
3785 3872 3829 3917 et

592 3943 819 4010 laciniis,
874 3961 1039 4012 neque
1072 3947 1191 3999 hinc
1234 3945 1354 4000 illo:
1401 3947 1694 4001 onerandas
1743 3948 2033 4003 calumnia.
2086 3949 2296 4004 Laudat
2340 3950 2481 4003 inter
2532 3949 2637 4000 alia
2686 3948 2957 4001 Eustathii
2996 3950 3325 4003 Antioeheni
3364 3951 3566 4004 lihrum
3617 3960 3828 4005 sextum

588 4043 782 4085 contra
817 4031 1081 4096 Arianos;
1121 4034 1195 4087 ita
1249 4035 1400 4088 enim
1456 4034 1769 4103 legendum,
1815 4039 1870 4090 ὲν
1905 4037 2048 4107 ἕκτῳ
2080 4037 2211 4106 λόγεξ

2206 4054 2224 4103 )
2268 4036 2409 4089 κατὰ
2458 4035 2757 4104 Ἀρειανῶιί
2801 4049 2901 4102 pro
2949 4037 3004 4086 ἐν
3038 4036 3096 4100 ἓξ
3136 4038 3336 4104 λόγπλις.
3386 4039 3658 4107 siquidem
3709 4048 3829 4090 octo

587 4121 762 4174 libros
792 4121 1057 4174 adversus
1090 4121 1324 4177 Arianos
1353 4124 1652 4192 scripserat
1680 4124 2025 4189 Eustathius,
2058 4124 2125 4178 de
2155 4123 2358 4191 quibus
2382 4123 2493 4176 dixi
2523 4122 2629 4175 vol.
2664 4121 2801 4182 Vlll,
2836 4136 2893 4188 p.
2924 4120 3024 4175 170
3054 4137 3147 4191 seq
3210 4122 3349 4193 [vo].
3378 4124 3468 4187 IX,
3504 4142 3537 4192 p
3590 4124 3690 4178 l55
3713 4140 3825 4192 seq.

588 4231 645 4269 ιι.
686 4213 867 4284 edit.].
901 4216 1172 4269 Prmterea
1212 4216 1397 4270 Basilii
1439 4216 1727 4285 epistolam
1774 4217 1841 4270 ad
1881 4218 2249 4287 Sozopolitas,
2277 4226 2332 4271 et
2363 4216 2430 4270 ad
2462 4216 2778 4269 monachos.
2825 4215 3088 4271 Memorat
3116 4225 3172 4269 et
3208 4217 3399 4272 Severi
3433 4219 3720 4286 epistolam
3762 4221 3827 4270 ad

584 4300 865 4355 Julianum
903 4300 1399 4356 Halicarnasscum.
1440 4302 1748 4356 Nonnullos
1779 4303 2096 4371 interpretis
2127 4302 2339 4357 Sehotti
2377 4305 2429 4356 in
2464 4303 2567 4355 hoc
2596 4310 2648 4355 et
2683 4301 2929 4368 proximo
2964 4302 3143 4355 Photil
3182 4302 3363 4371 capite
3399 4304 3587 4370 lapsus
3623 4314 3678 4357 et
3714 4304 3827 4356 hal-

586 4386 954 4441 lueiuationes
982 4388 1196 4440 notavit
1225 4388 1292 4457 D,
1320 4389 1468 4443 Elias
1497 4389 1742 4443 Veielius
1780 4390 1833 4442 in
1876 4388 2113 4442 Diutribe
2141 4392 2203 4443 de

2202 4410 2203 4419 η
2232 4392 2395 4444 sacris
2427 4389 2736 4457 οἰκονομίας
2766 4387 3037 4456 generibus
3097 4403 3148 4457 p.
3188 4389 3253 4441 19
3281 4404 3393 4459 seq.
3418 4390 3558 4446 Ulm.
3596 4390 3752 4453 1688,
3780 4393 3825 4443 4.

589 4472 672 4543 [ν.
700 4471 947 4527 Thesaur.
979 4473 1210 4541 epistoL,
1243 4474 1585 4537 Lacroziau.,
1617 4486 1749 4530 tom.
1780 4476 1869 4539 Ill,
1895 4492 1946 4544 p.
1974 4475 2126 4546 202.]

659 4564 916 4633 Ejusdem
966 4565 1180 4634 Eulogii
1230 4566 1533 4636 presbyteri
1577 4566 1817 4636 primum
1858 4565 2186 4619 Antiocheni
2228 4571 2283 4616 et
2344 4562 2559 4620 abbatis
2603 4560 2660 4615 S.
2701 4561 2883 4615 Maria:
2922 4561 3394 4616 Justiuianeorum
3421 4604 3435 4626 ,
3486 4578 3550 4617 ac
3594 4563 3828 4631 denique

584 4650 941 4704 Alexandrini
970 4667 1124 4721 papa:
1154 4652 1268 4707 sive
1304 4653 1571 4723 episcopi,
1608 4669 1707 4722 pro
1744 4653 1939 4708 eodem
1971 4652 2172 4708 Leonis
2204 4650 2359 4705 Rom.
2404 4660 2552 4705 tomo
2584 4650 2725 4704 liber
2758 4651 3024 4705 adversus
3064 4651 3437 4705 Theodosium
3478 4662 3535 4706 et
3570 4653 3827 4705 Severum

585 4737 916 4806 Acephalos,
968 4739 1021 4792 in
1070 4739 1253 4794 Leone
1294 4740 1808 4808 reprehendentes,
1854 4742 1977 4809 quae
2036 4755 2148 4793 non
2198 4739 2361 4793 modo
2404 4738 2647 4809 synodus
2687 4737 3153 4793 Chalcedonensis
3203 4748 3259 4792 et
3308 4737 3565 4809 Cyrillus,
3624 4741 3717 4792 sed
3778 4749 3828 4791 et

587 4824 684 4880 SS.
728 4824 984 4879 doctores
1014 4826 1372 4889 Athanasius,
1407 4827 1730 4897 Gregorius,
1779 4828 2035 4893 Basilius,
2070 4827 2395 4882 Ambrosius
2422 4839 2479 4881 et
2517 4826 2938 4896 Amphilochius
2966 4826 3243 4898 suffragiis
3275 4828 3390 4882 suis
3423 4827 3830 4884 contirmarant.

585 4910 714 4966 llrec
743 4926 963 4979 quoque
988 4912 1203 4982 Eulogii
1232 4912 1543 4967 lucubratio
1580 4914 1884 4968 intercidit.
1908 4914 2035 4970 Vid.
2071 4913 2316 4985 Reines.,
2347 4912 2500 4966 ναι-τ.
2542 4912 2683 4975 lect.,
2713 4928 2766 4980 p.
2804 4911 2923 4966 152.
3638 4986 3639 4989 η

657 4999 920 5067 Ejusdem
952 5000 1133 5055 sancti
1168 5001 1273 5054 viri
1307 5002 1713 5070 στηλιτευτικὺς
1745 5002 1859 5056 sive
1893 5002 2158 5056 Inoectiva
2194 5001 2249 5056 in

2201 5001 2249 5055 in
2289 5000 2766 5054 Theodosianorum
2795 5008 2842 5052 et
2873 4999 3160 5062 Γαῖνιτῶν,
3208 4997 3324 5051 Caii
3374 4998 3460 5067 (de
3505 5012 3616 5065 quo
3647 5014 3824 5065 supra.

584 5103 641 5157 ρ.
681 5086 806 5151 216,
851 5086 940 5141 ed.
986 5087 1148 5158 vet.),
1190 5095 1511 5142 sectatorum
1559 5089 1907 5143 subitaneam
1951 5105 2014 5144 ac
2059 5104 2186 5143 mox
2231 5087 2431 5141 iterum
2480 5086 2767 5141 rescissam
2819 5086 3325 5139 reconciliationem
3375 5094 3427 5138 et
3476 5085 3826 5146 concordiam,

586 5175 732 5228 conf.
781 5175 1004 5230 lieines.
1054 5175 1427 5246 Var.Lect.,p.
1458 5175 1581 5230 466.
1627 5177 1732 5231 Per
1761 5176 2071 5247 οἰκονομίαν
2095 5176 2149 5230 in
2182 5175 2288 5229 hoc
2319 5175 2496 5244 capite
2536 5190 2647 5228 non
2693 5173 3001 5227 incarnatio
3050 5171 3403 5241 intelligenda
3444 5186 3567 5225 cum
3607 5170 3830 5225 Schotto

584 5271 669 5315 est
708 5261 800 5330 (ε),
842 5262 980 5316 inde
1016 5271 1182 5317 totam
1217 5264 1521 5318 orationem
1556 5263 1849 5316 obscuram
1897 5264 2053 5317 reddi
2092 5263 2198 5318 fuit
2236 5279 2494 5325 necesse,
2537 5263 2632 5317 sed
2678 5261 3018 5330 dispensatio
3061 5260 3435 5315 ecclesiastica
3478 5259 3535 5311 in
3568 5259 3828 5312 servanda

585 5364 721 5419 pace
771 5364 896 5403 eum
944 5350 1341 5404 dissidentibus
1382 5360 1439 5405 et
1482 5351 1724 5405 vitandis
1760 5350 1938 5404 turbis
1973 5356 2036 5405 a‘c
2083 5351 2443 5414 tumultibus,
2478 5351 2653 5404 modo
2686 5365 2815 5403 sana
2846 5347 3095 5401 doctrina
3147 5346 3287 5399 nihil
3340 5330 3468 5400 iride
3515 5344 3826 5398 detrimenti

588 5436 771 5504 capiat
825 5436 1301 5502 Quemadmodum
1326 5437 1625 5508 Gregorius
1655 5438 1788 5493 Naz.
1825 5440 1901 5492 ait
1951 5439 2311 5494 Athanasium
2346 5439 2399 5492 in
2431 5438 2617 5513 verbis
2646 5438 2876 5491 cessisse
2901 5451 2963 5489 ac
2994 5435 3165 5488 fuisse
3196 5432 3432 5497 facilem,
3469 5432 3562 5486 ubi
3591 5432 3645 5484 iu
3674 5430 3832 5486 rebus

591 5541 924 5581 consensum
959 5526 1441 5583 animadvertisset
1469 5544 1481 5581 :
1506 5537 1672 5598 atque
1696 5530 1749 5587 in
1775 5527 1926 5583 Orat.
1953 5529 2016 5581 de
2038 5528 2214 5582 Peuta

2208 5535 2343 5581 caste
2378 5524 2733 5595 reprehendit.
2765 5524 2888 5585 τοὺς
2925 5524 3040 5585 ταῖς
3070 5518 3359 5583 συλλαϐαῖς
3381 5518 3831 5589 δυσχεραίνοντας

671 5734 740 5803 (4?)
789 5737 960 5803 Quem
1015 5755 1081 5791 co
1133 5741 1353 5795 nomine
1412 5741 1771 5809 reprehendit
1805 5740 2053 5795 Valesius
2076 5740 2141 5793 ad
2187 5740 2511 5805 Philostorg.
2552 5753 2621 5799 γι,
2653 5736 2701 5786 3.
