4110 6332
172 470 320 537 9929

1243 482 1500 543 SERMO
1538 480 1617 541 ΙΝ
1662 479 1916 540 llAMOS
1958 482 2405 555 PALRIARUM.

3311 485 3453 548 2:730

174 586 371 659 νὴσῃς·
412 586 524 656 ἐγὼ
568 588 624 642 δὲ
659 589 819 643 τοῦτο
851 590 1057 660 τρέμω,
1089 592 1163 664 μὴ
1190 581 1442 662 ’θεότητα
1477 594 1760 648 παθοῦσαν

1866 604 2113 649 metuere
2131 594 2362 660 videris,
2395 612 2462 649 ne
2486 609 2610 649 cum
2648 596 2742 650 Dei
2774 611 2974 667 corpus
2999 590 3218 666 passum
3244 598 3451 668 aliquid

174 678 278 732 καὶ
309 677 573 733 θανοῦσαν
603 680 763 745 εεπω,
789 684 880 735 καὶ
905 684 966 735 τὸ
998 686 1104 738 πᾶν
1127 685 1222 753 τῆς
1250 686 1481 756 Τριαὸος
1506 687 1763 755 ἀτιμάσω

177 767 505 840 μυστήριον.
554 770 616 822 El
649 771 747 840 μὲν
780 772 889 843 γὰρ
917 776 945 828 6
975 773 1150 843 Λόγος
1179 775 1457 840 ἔπαθεν,·ό
1486 777 1542 830 δὲ
1573 777 1763 849 Πατὴρ

172 863 429 927 ἀπαθοῦς
460 865 576 917 ἐστι
630 866 865 933 φύσεως.
900 874 1119 931 πάντως
1168 870 1303 943 ἄλλη
1351 866 1420 944 ἦν
1460 874 1619 927 οὐσία
1667 873 1763 927 τοῦ

173 956 379 1024 Λόγου,
412 958 509 1011 καὶ
540 957 670 1028 ἄλλη
705 960 736 1028 ὴ
769 959 862 1012 τοῦ
888 961 1025 1015 Θεοῦ
1067 964 1302 1033 Πατρός.
1344 966 1453 1018 Καὶ
1484 965 1537 1017 τί
1578 965 1765 1019 λοιπὸν

188 1047 493 1118 ’Δριιανοῖς
525 1049 793 1120 μάχεσθαι
821 1051 909 1106 διὰ
935 1052 1122 1119 τοῦτο;
1149 1056 1197 1108 εἰ
1229 1055 1287 1108 δὲ
1320 1055 1418 1127 μία
1462 1057 1621 1111 οὐσία
1653 1058 1767 1111 Πα-

173 1140 331 1210 τρὸς,
386 1140 480 1193 καὶ
536 1140 629 1195 τοῦ
697 1143 896 1209 Λόγου,
951 1145 1177 1199 καὶτοῦ
1218 1147 1375 1216 ἁγίου
1421 1148 1761 1219 Πνεύματος,

173 1229 349 1283 ἔπαθε
383 1229 440 1283 δὲ
469 1233 496 1284 6
522 1232 617 1285 τοῦ
648 1232 785 1287 Θεοῦ
812 1236 986 1303 Λόγος
1028 1237 1087 1289 ἐν
1123 1240 1308 1309 σαρκὶ,
1347 1239 1597 1312 παθητῆς
1632 1242 1762 1295 πάν-

172 1339 289 1385 τως
311 1322 501 1387 οὐσίας
530 1325 624 1377 καὶ
654 1325 875 1397 θνητῆς,
908 1328 1001 1383 καὶ
1031 1332 1058 1381 6
1084 1331 1297 1402 Πατὴρ,
1328 1333 1426 1386 καὶ⁹
1447 1334 1507 1387 τὸ
1541 1333 1766 1400 Πνεῦμα

173 1413 242 1467 τὸ
274 1413 450 1483 ἅγιον.
488 1417 548 1469 Ei
571 1416 681 1487 γὰρ
716 1421 1022 1491 συνέπασχε
1053 1424 1118 1493 τῇ
1152 1423 1319 1495 σαρκὶ
1348 1427 1376 1478 ό
1404 1424 1599 1491 Λόγος,
1632 1427 1766 1479 πάν-

174 1525 289 1571 τως
324 1508 420 1561 καὶ
456 1509 805 1582 συντέθνηκε.
853 1513 963 1565 Καὶ
1017 1515 1066 1567 εί
1119 1515 1467 1589 συντέθνηκε,
1517 1517 1634 1581 πῶς
1675 1519 1765 1571 τὸν

175 1598 316 1671 ᾅδην
344 1600 638 1654 ὲσκύλευσε
660 1618 674 1666 ;
701 1601 819 1665 πῶς
836 1604 961 1668 τοὺς
979 1607 1208 1673 νεκροὺς
1237 1607 1534 1681 ἀνέστησεν
1558 1627 1572 1676 ;
1604 1611 1764 1681 εὐρε-

174 1690 407 1762 θήσεται
437 1691 495 1744 δὲ
528 1692 623 1745 καὶ
650 1693 827 1746 θανὼν
874 1696 1164 1767 χωρισθεὶς
1194 1698 1409 1761 πάντως
1436 1697 1531 1753 τοῦ
1561 1698 1765 1765 ζῶντος

174 1785 416 1855 Πατρός.
444 1786 557 1839 Καὶ
587 1786 636 1839 εί
662 1785 841 1852 τοῦτο,
864 1788 964 1841 οὐκ
989 1789 1067 1843 ἔτι
1093 1789 1280 1845 λοιπὸν
1311 1791 1481 1864 Τριὰς
1510 1795 1568 1847 ἑν
1598 1794 1762 1865 οὐρα-

171 1875 255 1946 νῷ
294 1875 438 1931 κατὰ
468 1877 561 1930 τὸν
598 1877 694 1931 τοῦ
729 1878 938 1943 πάθους
958 1882 1172 1951 καιρὸν,
1200 1883 1333 1937 ἀλλὰ
1370 1884 1523 1951 δυὰς,
1557 1886 1764 1957 ἀναμέ-

172 1981 345 2019 νουσα
376 1964 466 2019 τὸν
493 1966 685 2036 Λόγον,
721 1967 809 2021 ἵνα
836 1970 945 2024 ἀπὸ
967 1971 1061 2025 τοῦ
1092 1974 1303 2044 Πατρός
1329 1976 1559 2047 ἀναστῇ,
1590 1978 1763 2033 καὶέν

168 2056 395 2127 οὐρανῷ
412 2056 633 2129 ἀνέλθῃ.
674 2059 738 2111 Ὠ
765 2059 864 2131 τῆς
891 2060 1153 2133 ἀθεμίτου
1179 2064 1418 2137 τόλμηςῑ
1451 2060 1603 2132 ποῖος
1641 2068 1764 2139 ὄφις

167 2144 471 2216 ψιθυρίσας
515 2147 769 2221 suam“
826 2152 949 2216 τοὺς
1012 2152 1316 2225 θεομάχους
1372 2156 1617 2228 παθητὸν
1670 2158 1762 2212 τὸν

167 2236 363 2306 ἅπαθῆ
406 2238 827 2310 ἀποφήνασθαι;
867 2242 918 2296 οἶ
967 2238 1059 2299 τὸν
1105 2246 1345 2319 Κτίστην
1390 2248 1603 2303 ποιοῦσι
1653 2249 1763 2304 τῶν

170 2327 493 2399 κτισμάτων
525 2328 933 2411 ἀσθενέστερον.
965 2334 1081 2411 ῼύκ
1123 2336 1384 2411 ἑντρέπῃ,
1416 2333 1463 2392 ὦ
1490 2339 1759 2411 αἱρετικὲ,

168 2397 330 2490 ἥλιον
373 2422 431 2474 ὲν
476 2410 678 2493 δένδρῳ
716 2397 1091 2494 τυγγάνονετα,
1139 2397 1237 2482 καί
1280 2397 1496 2501 τέ’-μὲν
1544 2397 1763 2503 δένδρον

172 2511 533 2583 τεμνόμενον,
555 2511 648 2568 τὸν
676 2513 734 2568 δὲ
759 2514 911 2586 ἥλιον
932 2516 1054 2571 οὐδὲ
1072 2518 1464 2591 χωριζόμενον,
1490 2522 1613 2577 οὐδὲ
1632 2539 1761 2577 συν-

170 2604 511 2676 τεμνόμενον
530 2621 546 2637 ο
574 2606 665 2660 τον
701 2605 759 2661 δὲ
797 2608 895 2679 τῆς
923 2610 1273 2683 δικαιοσύνης
1299 2613 1489 2667 Ἥλιον
1523 2615 1763 2687 παθητὸν

172 2702 355 2771 λέγων
385 2703 443 2756 ιν
464 2702 539 2775 τῷ
571 2703 688 2775 ἰδίῳ
715 2703 929 2777 σώματι
950 2707 1245 2778 γενόμενον
1268 2726 1283 2776 ;
1305 2711 1427 2765 οὐδὲ
1453 2712 1620 2782 φονέα
1641 2714 1765 2769 τινὰ

172 2794 209 2866 ἦ
238 2794 572 2867 κακοῦργον,
606 2791 652 2850 ὦ
679 2798 983 2871 κακοῦργε,
1019 2799 1275 2873 ἑώρακας
1304 2784 1546 2878 κεφαλὴν
1574 2806 1607 2877 ἢ
1646 2809 1761 2877 χεί-

176 2904 282 2958 ρας
311 2888 695 2960 στερούμενον,
727 2890 826 2962 τὴν
850 2890 908 2945 δὲ
941 2892 1210 2948 ἀθάνατον
1239 2904 1261 2932 ⁸
1288 2894 1467 2969 ψυχὴν
1490 2898 1656 2953 αὐτοῦ
1686 2901 1762 2973 μὴ

176 2980 738 3053 συναποθνήσκουσαν
767 2982 846 3055 τῷ
888 2982 1140 3056 adipata;
1173 2982 1295 3042 εἶτα
1332 2988 1523 3044 ἐλασον
1556 3004 1582 3033 ι
1617 2984 1763 3048 οῦτοί

172 3073 403 3145 καιρίαν
430 3075 531 3145 τὴν
573 3076 791 3148 πληγὴν
824 3075 929 3130 ὑπὸ
956 3077 1052 3131 τοῦ
1087 3079 1291 3147 Λόγου,
1343 3082 1438 3135 καὶ
1469 3083 1764 3139 πέπτωκεν

170 3168 211 3220 ὁ
235 3164 523 3237 θεομάχος·
550 3167 712 3222 πάλιν
742 3169 1073 3223 ἀνέπνευσεν
1096 3172 1124 3223 ό
1158 3172 1560 3245 Χριστομάχοςο
1602 3177 1763 3231 πάλιν

170 3262 526 3330 ἀναισχυντεῖ
564 3262 592 3315 6
634 3261 903 3328 Ἰουδαῖος.
936 3265 1001 3319 Τί
1027 3266 1232 3335 λέγων;

1868 687 2047 749 audis,
2093 688 2295 741 nudam
2340 680 2647 742 creaturam
2694 687 2913 752 adores,
2940 688 3103 758 eique
3137 688 3452 743 communi—

1866 794 1958 833 ccs
1984 795 1998 830 :
2029 788 2085 834 at
2126 795 2227 849 ego
2263 778 2396 834 illud
2439 776 2761 844 reformido,
2807 795 2876 835 ne
2923 779 3187 834 deitatem
3236 796 3450 849 passam

1865 880 2030 941 atque
2076 880 2351 926 mortuam
2397 871 2597 936 dicam,
2647 880 2933 941 totumque
2994 871 3283 926 Trinitatis
3330 886 3453 943 my-

1867 959 2098 1015 sterium
2143 961 2350 1030 probro
2377 958 2631 1015 alliciam.
2662 958 2720 1014 Si
2756 959 2981 1030 quidem
3032 961 3180 1015 enim
3208 958 3452 1015 Verbum

1867 1067 2087 1122 passum
2140 1060 2246 1117 est,
2293 1050 2455 1105 Pater
2501 1058 2686 1105 autem
2738 1058 2824 1105 est
2858 1048 3183 1119 impatibilis
3217 1056 3451 1112 naturae.

1866 1142 2092 1197 omnino
2119 1143 2226 1197 erit
2265 1142 2369 1197 alia
2411 1140 2579 1197 Verbi
2617 1140 2878 1205 essentia,
2934 1155 2999 1195 ac
3046 1139 3153 1194 alia
3203 1138 3299 1194 Dei
3348 1138 3453 1193 Pa-

1869 1235 1989 1304 tris.
2041 1234 2188 1300 Quid
2232 1250 2364 1290 vero
2394 1236 2506 1307 jam
2554 1247 2622 1289 eo
2681 1234 2909 1288 nomine
2960 1232 3265 1287 habeamus
3323 1246 3454 1287 cum

1866 1328 2088 1383 Arianis
2115 1327 2395 1399 pugnare?
2425 1325 2583 1393 Quod
2620 1326 2665 1382 si
2714 1342 2823 1381 una
2877 1333 2964 1380 est
2995 1325 3237 1381 essentia
3273 1323 3454 1378 Patris

1866 1428 1924 1472 et
1965 1418 2128 1472 Verbi
2159 1432 2224 1473 ac
2259 1417 2500 1487 Spiritus
2532 1416 2732 1482 sancti,
2764 1431 2987 1487 passum
3020 1424 3206 1470 autem
3233 1424 3320 1469 est
3354 1415 3452 1469 Dei

1836 1513 2107 1591 'Verbum
2139 1514 2197 1568 in
2227 1528 2437 1577 carne;
2473 1511 2665 1581 utique
2709 1518 2875 1564 erunt
2921 1517 2976 1562 et
3018 1508 3203 1572 Pater,
3249 1516 3304 1561 et
3328 1505 3454 1576 Spi-

1866 1608 2007 1662 ritus
2052 1613 2297 1671 sanctus,
2326 1604 2574 1675 patibilis
2604 1618 2667 1659 ac
2706 1602 2956 1657 mortalis
3006 1600 3353 1656 substantiae.
3397 1598 3453 1661 Si

1865 1699 2010 1754 enim
2044 1698 2281 1753 Verbum
2326 1711 2436 1751 una
2466 1710 2591 1751 cum
2619 1709 2787 1749 carne
2825 1708 3045 1761 passum
3070 1699 3176 1757 est,
3223 1690 3455 1745 onmiuo

1865 1792 2031 1847 etiam
2060 1806 2185 1845 cum
2217 1788 2308 1843 illa
2340 1797 2622 1843 mortuum
2652 1795 2756 1847 est.
2782 1784 2938 1852 Quod
2961 1793 3050 1840 est
3075 1787 3285 1854 pariter
3306 1799 3453 1838 mor-

1867 1894 2044 1948 tuum,
2082 1880 2362 1952 quomodo
2389 1879 2648 1951 spoliavit
2684 1878 2932 1934 inferos?
2984 1877 3273 1945 Quomodo
3302 1891 3453 1931 mor-

1868 1984 1989 2030 tuos
2010 1972 2313 2029 excitavit?
2340 1972 2447 2028 Sed
2479 1980 2534 2027 et
2571 1971 2719 2042 quod
2762 1979 3015 2024 mortuus
3044 1970 3137 2032 sit,
3178 1968 3339 2039 plane
3371 1968 3457 2022 in-

1864 2068 2123 2123 venietur
2147 2082 2178 2121 a
2212 2066 2376 2122 Patre
2400 2065 2624 2119 vivente
2655 2058 2963 2134 separatus.
2992 2060 3151 2128 Quod
3176 2062 3221 2117 si
3246 2062 3321 2116 ita
3346 2068 3451 2124 est,

1864 2176 1975 2216 non
2002 2158 2241 2229 amplius
2282 2167 2399 2213 erat
2424 2158 2479 2211 in
2509 2156 2651 2212 cmlo
2684 2155 2933 2211 Trinitas
2964 2163 3211 2224 tempore
3240 2152 3454 2219 passio-
3502 2148 3511 2153 ”
3542 2162 3545 2165 ·

1864 2251 1973 2316 nis,
2002 2250 2101 2306 sed
2131 2249 2354 2314 binitas,
2380 2256 2711 2318 exspectans
2744 2254 2807 2301 ut
2834 2244 3079 2301 Verbum
3115 2244 3445 2299 excitaretur

1864 2361 1895 2400 a
1925 2345 2108 2409 Patre,
2156 2350 2213 2397 et
2245 2340 2454 2397 rediret
2500 2340 2554 2395 in
2595 2339 2818 2395 caelum.
2874 2335 2920 2393 Ο
2951 2335 3246 2391 nefandam
3281 2335 3441 2389 auda-

1863 2435 2048 2492 ciam?
2076 2432 2211 2500 Quis
2233 2446 2463 2503 serpens
2489 2430 2653 2486 sibilo
2683 2443 2784 2484 suo
2817 2427 3040 2483 deitatis
3066 2426 3256 2482 hostes
3290 2425 3458 2481 decc.

1863 2529 1965 2600 pit,
1986 2536 2048 2583 ut
2066 2527 2350 2599 patibilem
2372 2539 2515 2592 esse,
2537 2521 2899 2593 impatibilem
2920 2520 3096 2575 Deum
3117 2529 3452 2582 assererem,

1865 2620 1961 2693 qui
1981 2621 2322 2686 Creatorem,
2359 2615 2561 2672 creatis
2592 2614 2760 2671 rebus
2791 2612 2998 2669 facient
3047 2612 3456 2668 infirmiorem?

1863 2714 1987 2770 Non
2018 2721 2073 2767 te
2106 2710 2300 2783 pudet,
2342 2727 2376 2766 o
2398 2710 2682 2774 haeretice,
2716 2717 2776 2764 ut
2806 2708 2980 2763 solem
3015 2704 3241 2777 quidem
3272 2703 3326 2758 in
3358 2719 3453 2759 ar—

1863 2807 1999 2863 bore
2027 2805 2407 2869 exsistentem,
2428 2818 2567 2859 caesa
2594 2802 2817 2867 arbore,
2839 2816 2944 2856 nec
2972 2798 3217 2870 separari
3241 2798 3311 2854 ab
3338 2797 3453 2863 illa,

1870 2911 1975 2952 nec
2000 2895 2208 2967 pariter
2235 2894 2394 2959 caedi,
2418 2892 2605 2957 dicas;
2636 2890 2818 2947 Solem
2849 2906 2983 2946 vero
3010 2888 3261 2960 iustitiae,
3280 2888 3335 2943 in
3355 2903 3459 2943 suo

1865 3003 2081 3045 asseras
2127 3001 2359 3056 corpore
2410 2983 2615 3040 factum
2662 2984 2989 3054 patibilem?
3020 2982 3234 3053 Neque,
3260 2996 3294 3035 o
3326 2996 3459 3052 per-

1866 3085 2003 3150 dite,
2047 3083 2262 3148 vidisti,
2300 3081 2381 3137 sic
2420 3080 2764 3135 homicidam
2805 3090 2904 3135 aut
2936 3079 3315 3133 facinorosum
3351 3075 3449 3131 ali-

1866 3192 2075 3248 quem,-
2105 3175 2287 3245 capite
2318 3182 2413 3228 aut
2438 3172 2697 3228 manibus
2724 3170 2992 3235 truncari,
3039 3179 3100 3224 ut
3130 3180 3315 3224 tamen
3353 3168 3455 3222 im-

1792 3269 1835 3327 C
1870 3269 2119 3327 mortalis
2150 3268 2273 3339 ejus
2310 3267 2494 3322 anima
2546 3265 2695 3321 haud
2741 3262 2997 3319 interiret
3031 3262 3143 3333 (ιῖ)
3190 3278 3296 3316 una
3328 3277 3455 3316 cum

170 3353 447 3423 corpore?
475 3353 802 3425 Quanquam
846 3357 903 3412 hi
936 3358 1140 3415 lethale
1186 3361 1388 3417 vulnus
1424 3376 1752 3435 argumento
1788 3367 1895 3422 hoc
1937 3370 2293 3433 acceperunt,
2367 3359 2691 3430 corruitque
2760 3357 2860 3412 Dei
2909 3364 3293 3427 Oppugnator;
3324 3371 3455 3411 rur-

170 3464 301 3505 sum
359 3456 541 3502 tamen
589 3447 803 3504 animos
857 3452 1154 3521 resumpsit
1203 3465 1554 3527 oppugnator
1611 3456 1820 3516 Christi

170 3542 282 3599 bus
320 3541 547 3597 verbis?
812 3585 817 3589 _

243 3641 307 3699 ιι.
344 3642 507 3712 Ὅρα,
562 3641 750 3713 φησὶν,
783 3644 866 3698 ὅτι
899 3645 960 3698 οὐ
991 3644 1147 3713 Θεὸν,
1186 3650 1302 3704 ἀλλ’
1334 3652 1625 3727 ἄνθρωπον
1651 3660 1765 3712 ἀπ-

170 3732 519 3803 εκτείναμεν.
549 3733 693 3804 Πρὸς
717 3734 779 3789 ὃν
824 3736 1029 3803 εὐθέως
1064 3740 1231 3797 καλὸν
1273 3745 1473 3813 εἰπεῖν,
1520 3750 1722 3805 Σιώπα
1746 3768 1758 3780 ’

170 3825 491 3895 πεφίμωσο
518 3838 533 3855 ·
575 3824 710 3879 λάθε
741 3828 995 3899 κατόχιον
1027 3831 1121 3885 ἐπὶ
1142 3833 1221 3904 τῷ
1254 3835 1506 3908 στόματι.
1542 3841 1725 3898 Ἔστω
1748 3859 1762 3875 ο

171 3915 342 3987 νόμον
392 3915 669 3988 ὴθέτησας
693 3935 709 3949 ο
763 3917 923 3985 ἔστω,
987 3924 1304 3993 προφήτας
1362 3928 1723 4001 ἀπέκτεινας
1746 3951 1761 3967 ο

172 4010 298 4064 οὐδὲ
326 4010 419 4065 τὸν
440 4010 606 4066 Δαῦὶδ
636 4012 900 4085 ἐρυθριᾷς
929 4016 1058 4087 περὶ
1086 4017 1181 4071 τοῦ
1212 4020 1452 4090 Χριστοῦ
1491 4024 1721 4095 λέγοντα
1744 4044 1760 4059 ο

186 4103 291 4157 Ἐκ
314 4101 583 4171 γαστρὸς·
612 4102 728 4171 πρὸ
764 4103 1077 4175 ἑωσφόρον
1097 4108 1396 4180 ἐγέννησέ
1417 4132 1528 4184 με;
1568 4117 1627 4172 '0
1649 4121 1761 4173 Πα-

170 4195 278 4267 τὴρ
318 4195 449 4253 ἄνω.
498 4194 610 4250 Καὶ
643 4196 810 4252 πάλιν
831 4214 847 4231 ο
883 4200 1101 4269 Κύριος
1136 4199 1270 4258 εἷπε
1311 4209 1464 4276 πρός
1481 4226 1559 4279 με
1583 4227 1597 4241 ο
1630 4213 1764 4279 Υἱός

166 4306 290 4360 μου
326 4284 383 4343 sl
411 4289 514 4358 σὺ,
546 4290 663 4377 ἐγὼ
713 4292 985 4364 σήμερον
1022 4296 1355 4370 γεγέννηκά
1385 4316 1481 4357 σε.
1512 4303 1618 4358 Δύο
1648 4305 1762 4377 ἔχει

170 4378 463 4450 γεννήσεις
494 4380 524 4433 ό
554 4376 634 4445 εἷς
664 4383 761 4436 καὶ
793 4384 956 4455 μόνος
981 4386 1221 4458 Χριστός
1240 4405 1254 4419 ’
1283 4390 1411 4461 μίαν
1442 4394 1507 4447 ἐκ
1547 4376 1763 4467 Πατρός

172 4470 439 4542 ἁχρόνως,
477 4474 573 4526 καὶ
602 4474 772 4545 ἄλλην
816 4477 895 4531 ὲκ·
917 4478 1127 4550 μητρὸς
1154 4482 1416 4555 ἀσπόρως
1448 4501 1461 4515 °
1496 4486 1628 4541 ὅταν
1669 4484 1764 4545 οὖν

171 4563 325 4634 λέγει
349 4580 364 4594 °
410 4566 530 4620 Τὸν
552 4566 749 4622 r63th
772 4587 893 4639 μου
911 4569 1143 4626 δέδωκα
1173 4576 1262 4641 εις
1296 4577 1623 4649 μάστιγας,
1656 4582 1765 4647 τὰς

171 4655 240 4709 δὲ
269 4658 565 4728 σιαγόνας
609 4677 733 4729 μου
774 4663 862 4727 εις
909 4663 1263 4735 ῥαπίσματα
1291 4681 1305 4696 ·
1346 4668 1521 4724 ταῦτα
1575 4672 1639 4725 ἐκ
1667 4673 1764 4743 τῆς

172 4746 394 4819 Μαρίας
448 4748 551 4819 τῆς
587 4749 649 4814 ὲξ
712 4750 883 4808 Ἰούδα
914 4754 1075 4808 ἔλαϐε
1102 4773 1114 4785 ·
1166 4759 1262 4812 καὶ
1295 4759 1442 4832 ἅπερ
1482 4762 1542 4827 ἐξ
1593 4764 1764 4819 Ἰούδα

1896 3478 1909 3513 :
1978 3471 2175 3513 rursus
2228 3452 2581 3525 impudenter
2654 3449 2879 3507 Judazus
2919 3449 3265 3521 aggreditur.
3318 3449 3455 3518 Qui-

1938 3658 2006 3714 Χ.
2046 3655 2206 3723 Vide,
2257 3655 2459 3724 inquit,
2507 3662 2569 3707 ut
2618 3667 2729 3707 non
2776 3652 2972 3717 Deum,
3025 3652 3121 3707 sed
3173 3647 3455 3705 hominem

1865 3751 2335 3811 interfecerimus.
2370 3748 2471 3804 Cui
2507 3746 2773 3803 continuo
2808 3762 2991 3817 operae
3036 3745 3275 3816 pretium
3308 3741 3462 3797 dice-
3491 3797 3495 3800 .

1866 3862 1991 3902 mus
2018 3863 2032 3900 :
2072 3844 2227 3909 Tace,
2259 3844 2551 3898 obmutesce
2577 3842 2644 3908 ⁶²;
2670 3839 2757 3895 ori
2786 3839 3004 3895 frenum
3030 3838 3255 3893 adhibe.
3286 3837 3455 3891 Esto:

1865 3940 2045 4009 legem
2083 3942 2411 4006 aspernatus
2454 3933 2530 3987 sis
2581 3949 2595 3986 :
2648 3940 2803 3995 esto,
2838 3933 3118 4002 prophetas
3152 3928 3401 3984 occideris
3442 3944 3459 3982 :

1868 4047 1981 4087 non
2026 4028 2303 4085 revereris
2352 4025 2617 4080 Davidem
2648 4023 2925 4081 dicentem
2957 4022 3026 4078 de
3070 4022 3294 4077 Christo
3331 4040 3343 4075 :
3376 4021 3461 4075 Ex

1870 4131 2020 4177 utero
2049 4130 2174 4176 ante
2206 4119 2486 4189 luciferum
2516 4118 2699 4189 genuit
2726 4132 2808 4171 me
2839 4116 2921 4170 ‘3?
2945 4115 3155 4185 Nempe
3182 4128 3463 4183 supernus

1871 4216 2055 4271 Pater.
2112 4212 2181 4267 Et.
2223 4224 2445 4266 rursum
2482 4226 2496 4263 :
2545 4208 2797 4278 Dominus
2837 4208 2970 4263 dixit
3014 4208 3085 4261 ad
3129 4222 3211 4260 me
3242 4221 3259 4259 :
3294 4204 3461 4268 Filius

1873 4322 2019 4362 meus
2051 4322 2104 4361 es
2132 4312 2225 4361 tu:
2263 4318 2356 4373 ego
2384 4302 2535 4357 hodie
2570 4289 2728 4373 genui
2763 4310 2812 4354 te
2840 4300 2904 4355 “.
2948 4300 3094 4353 Duas
3122 4298 3289 4352 habet
3315 4297 3460 4352 nati-

1872 4399 2093 4466 vitates,
2127 4412 2273 4453 unus
2304 4396 2421 4467 ipse
2447 4410 2511 4449 ac
2538 4393 2835 4465 singularis
2869 4394 3162 4459 Christus;
3197 4405 3363 4446 unam
3393 4407 3462 4447 ex

1866 4492 2029 4547 Patre
2078 4490 2199 4546 sine
2249 4498 2516 4559 tempore,
2553 4486 2829 4557 aliamque
2862 4500 2930 4541 ex
2984 4493 3163 4541 matre
3208 4486 3328 4559 sine
3372 4499 3462 4539 se-

1868 4585 2037 4639 mine.
2067 4581 2205 4638 Cum
2232 4596 2365 4652 ergo
2397 4580 2505 4634 ait:
2535 4578 2670 4632 Dedi
2696 4579 2911 4633 dorsum
2934 4595 3104 4632 meum
3124 4580 3181 4631 in
3214 4575 3458 4649 ﬂagella,

1863 4686 1913 4731 et
1943 4693 2105 4748 genas
2133 4690 2278 4730 meas
2310 4675 2380 4728 ad
2418 4673 2613 4745 alapas
2632 4672 2680 4705 ”
2705 4690 2721 4740 ;
2750 4673 2869 4728 haec
2906 4688 2974 4727 ex
3002 4671 3171 4726 Maria
3194 4686 3261 4726 cx
3310 4669 3459 4727 tribu

1863 4771 2003 4827 Juda
2034 4770 2314 4841 suscepit:
2353 4778 2409 4824 et
2440 4784 2564 4838 quae
2609 4783 2675 4823 ex
2713 4766 2855 4823 Iuda
2908 4767 3175 4837 suscepit,
3212 4764 3329 4820 haec
3358 4765 3459 4821 Ju-

174 4840 358 4907 ἐλασε,
391 4841 567 4896 ταῦτα
602 4843 881 4910 Ἰουδαίοις
915 4848 1171 4918 ῥαπίζειν
1203 4850 1299 4904 καὶ
1352 4853 1640 4922 μαστίζειν
1668 4856 1757 4909 δέ·

1866 4864 1998 4919 daais
2032 4840 2395 4933 percutienda
2445 4876 2511 4915 ac
2563 4859 2886 4931 ﬂagellanda
2918 4858 3165 4913 tradidit.
3197 4856 3331 4924 Quae
3364 4874 3462 4912 au-

172 4932 345 4987 δωκεν
373 4948 387 4963 ⁸
424 4933 462 4989 ἃ
489 4934 545 4989 δὲ
575 4936 653 5000 ὡς
686 4937 819 5002 Θεὸς
851 4941 997 4995 κατὰ
1028 4940 1191 5010 φύσιν
1217 4942 1357 5013 ἔχει,
1385 4947 1508 5000 Οὐκ
1549 4945 1761 5016 ὄψεται

1869 4964 1979 5011 tem
2034 4932 2095 5009 ut
2143 4954 2288 5009 Deus
2344 4968 2443 5023 per
2496 4960 2751 5007 naturam
2807 4951 2997 5016 habet,
3027 4966 3093 5005 ea
3145 4949 3316 5005 Homo
3354 4967 3461 5004 non

172 5024 483 5094 ἅνθρωπος
518 5028 743 5095 ἐκεῖνα,
802 5031 900 5085 καὶ
940 5030 1205 5102 ζήσεται.
1252 5036 1392 5089 Ἀλλ’
1432 5039 1461 5091 6
1509 5039 1762 5107 Ἰουδαῖος

175 5117 335 5174 πάλιν
354 5134 371 5151 ·
408 5119 531 5183 Πῶς
558 5115 653 5174 οὖν
681 5123 708 5174 ό
738 5125 1028 5195 προφήτης
1061 5129 1191 5195 περὶ
1211 5128 1306 5183 τοῦ
1341 5116 1762 5204 Σταυρωθέντος

1868 5044 2082 5110 videbit,
2114 5054 2163 5095 et
2192 5043 2326 5097 vivet
2344 5043 2409 5094 “.
2437 5041 2543 5096 Sed
2575 5042 2744 5095 instat
2764 5056 2983 5095 rursum
3017 5039 3244 5095 Judaeus
3269 5056 3282 5092 :
3312 5037 3461 5105 Quo—

1869 5136 2034 5191 modo
2071 5151 2203 5206 ergo
2232 5134 2503 5206 propheta
2547 5133 2616 5189 de
2666 5132 2945 5188 (ἔτυοίῐίιο
2980 5134 3093 5187 ait:
3129 5131 3198 5187 Et
3234 5132 3459 5187 vidimus

244 5252 289 5285 “
324 5252 483 5309 Marc.
526 5272 598 5321 tv,
630 5257 721 5314 59.
796 5259 840 5290 ⁸²
880 5260 1023 5316 Psal.
1050 5278 1155 5328 cur,
1184 5263 1240 5319 5.
1316 5267 1362 5299 “
1402 5268 1543 5326 Psal.
1578 5285 1635 5336 ll,
1669 5273 1719 5325 7.

1864 5272 1996 5327 ‘Isa.
2025 5288 2075 5335 L,
2095 5273 2151 5327 6.
2242 5272 2286 5303 “
2323 5271 2496 5327 Exod.
2527 5286 2711 5337 xxxut,
2733 5271 2821 5325 20.

1499 5410 1735 5467 VARIIE
1774 5409 2182 5467 LECTIONES.

252 5498 273 5525 ³
302 5490 367 5543 At
406 5491 695 5547 ἀθάνατον.
724 5496 861 5552 Male
888 5496 1064 5552 Oxon.
1091 5498 1178 5553 διὰ
1216 5502 1467 5557 θάνατον.

1546 5517 1571 5545 ει
1612 5500 1767 5559 Εἶτα.
1818 5504 1982 5560 Forte
2011 5506 2145 5559 εἴτε.

1693 5643 1926 5702 NOTAE.

250 5720 373 5804 {12),
393 5722 553 5778 Haud
576 5728 817 5804 interiret
846 5745 954 5783 una
983 5746 1103 5804 cum
1126 5748 1366 5804 corpore.
1396 5735 1489 5804 Μὴ
1524 5752 1761 5791 συναπο-

182 5789 514 5876 θνήσκουσαν
559 5796 640 5867 τῷ
689 5798 925 5876 σῷματι.
974 5801 1149 5876 Quam
1206 5789 1350 5876 bona
1403 5789 1613 5876 Graeca,
1652 5789 1762 5863 tam

185 5864 320 5948 gula
354 5863 550 5948 Latina
582 5863 712 5925 novi
744 5863 1065 5943 interpretis
1092 5874 1307 5945 Cyrilli,
1337 5875 1542 5948 omissa
1591 5863 1761 5948 nega-

188 5940 313 6000 uva,
346 5943 408 5991 ut
434 5940 675 5996 animam
716 5956 825 5997 una
860 5940 984 5999 cum
1035 5940 1271 6019 corpore
1319 5946 1545 6002 interire
1576 5940 1761 6017 dicit;

1870 5753 1969 5795 seu
2005 5740 2192 5809 potius
2232 5738 2455 5811 prelum,
2484 5740 2694 5811 utiejus
2740 5748 3125 5811 repraesentet,
3169 5740 3316 5809 quod
3351 5744 3464 5797 sal-

1874 5820 1982 5876 tem
2017 5811 2267 5866 collectis
2280 5811 2373 5881 vel
2393 5810 2460 5865 ad
2481 5810 2691 5866 calcem
2709 5810 2949 5878 mendis,
2978 5810 3161 5881 iisque
3194 5811 3276 5867 sic
3298 5823 3471 5868 enor-

1872 5882 2055 5937 mibus
2082 5896 2146 5938 ac
2174 5880 2534 5953 periculosis,
2566 5881 2868 5940 voluissem
2896 5880 3247 5953 castigatum.
