4110 6332
280 455 441 521 2933'

1339 463 1593 525 SERMO
1633 464 1715 533 IN
1754 464 2012 526 RAMOS
2047 464 2493 525 PALMARUM.

3387 458 3531 524 2Ἷ34

280 566 512 620 τεκοῦσα
554 566 866 638 Παρθένος·
930 569 1297 639 Ἠγαλλίασε
1328 571 1395 626 τὸ
1432 572 1669 642 πνεῦμὰ
1726 591 1847 643 μου

1963 574 2154 639 meo“;
2181 588 2306 629 cum
2340 587 2459 629 eam
2490 571 2730 642 Spiritus
2771 581 2995 628 sanctus
3036 572 3414 634 obumbravit.
3450 576 3531 628 Tu

277 658 376 712 ἐπὶ
400 657 479 723 τῷ
508 658 629 725 Θεῷ
656 659 737 725 τῷ
786 660 1017 729 Σωτῆρι
1062 680 1205 732 μου,
1236 663 1401 734 ἡνίκα
1434 663 1494 718 τὸ
1534 664 1762 734 Πνεῦμα
1789 664 1851 717 τὸ

1963 682 2086 722 vero
2123 666 2258 721 mihi
2303 680 2492 736 pensa,
2527 656 2720 719 'ﬂdclis
2763 663 3019 729 auditor,
3068 665 3346 736 quomodo
3406 681 3535 721 sano

280 750 433 811 ἀγιον
477 750 564 804 ἐπ’
595 750 764 821 αὐτὴν
789 751 1111 809 ὲπεσκίασε.
1146 754 1219 807 Σὺ
1256 754 1314 807 δέ
1347 771 1436 824 μοι
1464 754 1659 809 σκόπει
1701 754 1729 807 δ
1759 772 1852 808 πι-

1963 758 2196 813 ctissima
2224 756 2388 826 Virgo
2422 753 2617 809 Filium
2657 769 2839 819 suum,
2871 755 3040 809 Deum
3073 756 3382 825 appellarit.
3413 755 3537 814 Uti-

280 842 401 903 στὸς
430 834 729 909 ἀκροατὴς,
782 842 901 907 πῶς
933 846 966 914 ὴ
1010 845 1252 913 παναγία
1290 845 1567 916 Παρθένος
1599 845 1733 899 Θεὸν
1762 844 1853 899 τὸν

1963 862 2085 918 que,
2123 847 2322 918 inquit,
2376 846 2515 900 Deus
2564 862 2729 909 meus,
2781 846 3089 901 secundum
3135 847 3379 902 divinam
3415 849 3535 920 ejus

285 932 407 986 Υίδν
456 932 629 1001 αὐτῆς
671 935 1103 1008 προσηγόρευσε.
1142 936 1253 992 Καί
1298 954 1479 1009 φησι·
1532 937 1677 1003 Θεός
1707 954 1852 1006 μου,

280 1023 419 1077 κατά
450 1022 549 1092 τὴν
583 1022 775 1095 θεϊκὴν
808 1025 976 1079 αὑτοῦ
1006 1025 1216 1080 ούσίαν⁶
1272 1027 1400 1092 rw;
1435 1045 1559 1100 μου,
1589 1028 1734 1083 κατά
1757 1026 1855 1094 τὴν

279 1114 459 1183 ἑαυτῷ
493 1115 805 1167 ύποστᾶσαν
831 1115 891 1181 ἐξ
920 1116 1052 1187 ἐμοῦ
1086 1118 1297 1172 οὐσίαν.
1332 1120 1406 1173 Οὺ
1427 1120 1535 1189 γὰρ
1563 1118 1749 1173 Ξτεκον
1778 1115 1857 1188 τῷ

278 1204 471 1275 κόσμῳ
499 1204 654 1273 ψιλὸν
694 1206 999 1278 ἄνθρωπον,
1045 1208 1181 1262 ἀλλά
1219 1208 1353 1264 Θεὸν
1410 1210 1852 1281 σεσαρκωμὲνον.

278 1296 391 1351 Καὶ
423 1295 633 1367 μάρτυς
671 1297 1006 1365 ἀξιόπιστος,
1054 1301 1088 1370 ἡ
1125 1302 1362 1371 σφραγὶς
1410 1303 1509 1371 τῆς
1559 1301 1857 1373 παρθενίας

282 1404 411 1455 μου.
444 1388 535 1458 Μὴ
568 1389 865 1459 ἀτιμάσῃς,
896 1383 943 1442 ὦ
985 1390 1264 1461 ἄνθρωπε,
1295 1392 1433 1461 ὅπερ
1462 1391 1521 1457 ἐξ
1548 1391 1682 1463 ἐμοῦ
1734 1392 1857 1445 ἔλα-

278 1476 371 1529 σεν
402 1479 430 1530 ὀ
464 1478 596 1541 Θεὸς
624 1480 1000 1551 περιῦόλαιον,
1036 1482 1127 1536 ἵνα
1166 1482 1242 1553 μὴ
1268 1483 1361 1537 τὸν
1388 1484 1855 1555 περιδαλλὸμενὸν

276 1567 653 1639 καθυϐρίσῃς·
723 1569 799 1638 μὴ
851 1569 1084 1641 ύὸρίσῃς
1144 1572 1243 1643 τὴν
1291 1572 1520 1642 σκηνὴν,
1557 1574 1639 1627 ὅτι
1687 1574 1857 1637 ὅντως

273 1659 405 1711 ἀνευ
431 1658 613 1728 χειρὸς
648 1661 965 1731 συνερῤάφη
997 1660 1075 1732 τῷ
1098 1660 1458 1734 σκηνὼσαντι.
1494 1663 1586 1735 Μὴ
1623 1664 1857 1736 μερίσῃς

275 1747 338 1799 τὸ
372 1746 486 1815 φῶς
537 1749 601 1801 ὲκ
654 1751 756 1819 τῆς
806 1750 1227 1825 σαρκικῆς-μου
1284 1752 1589 1823 λαμπάδος,
1638 1753 1725 1806 ἵνα
1782 1754 1855 1826 μὴ

278 1838 451 1913 σϐέσῃ
493 1840 680 1905 κακῶς
734 1840 825 1894 τὸν
863 1841 941 1911 τῷ
990 1842 1179 1914 κόσμῳ
1227 1843 1516 1915 λάμψαντα
1547 1844 1722 1916 ἥλιον,
1762 1845 1856 1899 καὶ

1955 937 2317 993 substantiam
2346 956 2357 989 :
2390 936 2559 990 Filius
2582 951 2756 1001 meus,
2783 937 3087 991 secundum
3121 952 3245 992 eam
3276 937 3535 992 substan-

1956 1027 2087 1081 tiam
2118 1014 2280 1096 (μιεῶ
2308 1025 2413 1080 sibi
2449 1025 2516 1079 de
2547 1041 2633 1079 me
2662 1026 2978 1095 assumpsit.
3015 1024 3136 1081 Non
3158 1026 3307 1082 enim
3332 1027 3539 1082 munde

1957 1118 2149 1188 peperi
2183 1132 2385 1187 purum
2444 1117 2745 1180 hominem,
2788 1117 2884 1172 sed
2936 1103 3109 1172 Deum
3166 1119 3538 1173 incarnatum.

1956 1208 2127 1279 Cujus
2167 1208 2245 1263 rei
2282 1208 2441 1263 testis
2480 1216 2565 1263 est
2602 1208 2871 1278 locuples,
2908 1216 3170 1264 constans
3208 1209 3542 1280 virginitatis

1956 1293 2320 1371 signaculum.
2358 1300 2434 1354 Ne
2472 1300 2795 1365 dedecores,
2839 1315 2871 1354 ο
2917 1300 3105 1365 homo,
3156 1315 3321 1370 quam
3354 1315 3421 1354 ex
3455 1313 3542 1354 me

1958 1391 2102 1445 Deus
2134 1390 2371 1460 sumpsit
2400 1399 2631 1449 vestem,
2674 1405 2743 1444 ne
2772 1390 2953 1464 εἰ,ηυί
2990 1391 3137 1445 illam
3165 1388 3367 1450 induit.
3410 1405 3544 1443 con-

1957 1485 2242 1540 tumeliam
2270 1485 2497 1555 irroges.
2519 1483 2597 1538 Ne
2627 1483 2830 1553 injuria
2852 1481 3059 1536 atlicia-s
3090 1481 3540 1542 tabernaculum;

1957 1592 2151 1631 revera
2197 1576 2344 1630 enim
2396 1574 2546 1629 nulla
2595 1589 2860 1628 manuum
2892 1589 3061 1643 opera
3095 1572 3368 1628 habitanti
3397 1574 3543 1629 ineo

1957 1668 2414 1723 fuit'cousutum.
2467 1667 2544 1721 Ne
2577 1666 2762 1720 lumen
2792 1682 2820 1719 a
2848 1665 3055 1719 carnali
3105 1680 3228 1720 mea
3291 1665 3545 1735 lampade

1957 1774 2197 1828 separes,
2250 1767 2311 1813 ut
2352 1773 2422 1813 ne
2458 1757 2598 1812 male
2647 1758 2818 1811 solem
2865 1758 3181 1829 exstinguas
3219 1758 3312 1827 qui
3368 1758 3548 1812 illuxit

1958 1850 2185 1914 mundo,
2216 1850 2423 1920 quique
2454 1850 2572 1905 sine
2614 1849 2836 1903 homine
2868 1850 3032 1903 homo
3074 1849 3251 1903 factus
3282 1859 3386 1904 est.
3424 1850 3543 1903 Non

277 1930 571 1999 γενόμενον
601 1932 771 2001 χωρὶς
805 1932 1098 2005 ἀνθρώπου
1138 1933 1450 2005 ἄνθρωπον.
1488 1936 1562 1991 Οὐ
1593 1936 1702 2009 γὰρ
1754 1938 1852 1991 ἐπ-

1963 1938 2104 1992 enim
2136 1940 2369 2010 cognovi
2412 1939 2717 2004 hominem,
2770 1955 3085 2009 quanquam
3126 1940 3299 1994 Deum
3333 1939 3459 1993 novi
3492 1939 3545 1992 iu

278 2020 453 2088 έγνων
498 2022 808 2094 ἄνθρωπον.
842 2026 891 2078 εί
942 2025 1037 2079 καὶ
1062 2026 1231 2094 ἔγνων
1266 2026 1400 2081 Θεὸν
1433 2028 1490 2082 ὲν
1533 2028 1657 2099 ἐμοὶ
1702 2030 1855 2097 γενό-

286 2126 451 2180 μενον
477 2110 783 2181 ἄνθρωπον.

288 2258 291 2259 ν
351 2199 451 2256 IA’.
487 2203 690 2273 Ἔχεις,
736 2198 779 2256 ὧ
812 2207 1130 2274 πιστότατον
1174 2207 1267 2260 καὶ
1304 2207 1592 2277 ἱερώτατον
1617 2207 1855 2279 Χριστοῦ

281 2291 553 2361 ποίμνιον,
574 2294 642 2347 τὰ
668 2295 765 2364 τῆς
786 2295 979 2366 ἑορτῆς
1012 2296 1294 2366 ἐγκώμια’
1329 2296 1639 2368 σκίρτησον.
1675 2298 1858 2368 Ἔχεις

272 2384 352 2438 τά
376 2384 605 2451 θεῖανκαὶ
621 2386 826 2456 ἄμωμα
842 2387 939 2457 τῆς
954 2387 1281 2457 Ἐκκλησίας
1302 2388 1624 2459 διδάγματαο
1648 2389 1856 2459 τρύφη-

276 2493 393 2531 σον.
428 2478 610 2546 Ἔχεις
636 2478 705 2531 τὰ
734 2477 874 2530 ὅπλα
903 2479 969 2531 τά
1015 2480 1360 2548 πνευματικά
1388 2496 1400 2508 ·
1439 2481 1581 2535 κατά
1613 2481 1723 2534 τῶν
1765 2482 1857 2534 λύ-

274 2584 393 2621 κων
428 2568 527 2636 τῆς
553 2568 789 2639 ποίμνης
812 2568 1121 2640 πολέμησον
1142 2586 1155 2599 ·
1182 2571 1475 2624 παίδευσον
1507 2572 1580 2641 μὴ
1616 2570 1857 2642 βλασιρη·

278 2662 444 2731 μείνδ
478 2659 687 2725 δίδαξον
737 2660 878 2732 ὑπὲρ
931 2660 1188 2731 ἀληθείας
1239 2662 1537 2731 ἀγωνίσαι·
1578 2664 1859 2731 ἀπόδειξον

275 2753 362 2806 ὅτι
393 2752 610 2823 καθαρά
639 2753 746 2807 ἀπὸ
779 2753 999 2808 πάντων
1028 2754 1138 2807 τῶν
1168 2755 1423 2819 ζιζανίων
1457 2756 1557 2825 τῆς
1584 2757 1743 2826 ἡμῶν
1762 2758 1855 2811 καὶ

277 2845 519 2916 Χριστοῦ
565 2844 895 2915 Ἐκκλησίας
940 2846 974 2917 ἡ
1005 2846 1236 2917 ἄρουρα.
1291 2847 1351 2899 Ei
1387 2846 1485 2917 μὲν
1511 2842 1621 2901 οἷόν
1650 2864 1711 2901 τε
1744 2849 1856 2902 Λά-

278 2934 450 3004 ζαρός
478 2951 560 2997 τις
588 2930 658 2997 εἴ,
689 2936 901 3005 σειραῖς
926 2936 1290 3005 πταισμάτων
1312 2936 1624 3007 ἐναντίων
1654 2937 1859 3008 δογμά-

277 3042 392 3079 των
417 3024 804 3097 δεσμούμενος,
860 3026 1100 3097 σήμερον
1126 3027 1232 3081 ὑπὸ
1273 3026 1367 3081 τοῦ
1400 3028 1571 3097 Λόγου
1626 3029 1859 3084 ἄκουσον

278 3116 589 3185 φωνοῦντος
623 3134 718 3170 σου
747 3135 759 3146 ·
793 3118 977 3187 Δεῦρο
1014 3118 1152 3183 ἔξω,
1192 3119 1286 3173 καὶ
1328 3120 1543 3190 λύθητι,
1600 3122 1695 3175 καὶ
1724 3120 1858 3175 ἀνά-

280 3208 462 3279 στηθι.
497 3206 559 3261 E!
607 3209 663 3262 δὲ
696 3208 945 3281 μαθητής
978 3228 1060 3275 τις
1084 3207 1154 3274 εἴ,
1186 3212 1281 3264 καὶ
1307 3212 1416 3266 τῶν
1442 3212 1578 3284 πρὸς
1609 3213 1862 3267 διδασκα·

276 3295 405 3350 λίαν
459 3297 764 3368 ἐπιτήδειος
782 3311 839 3381 ιο,
892 3300 1282 3382 ἀποστάλθητι,
1340 3304 1433 3357 καὶ
1465 3280 1634 3366 λύσας
1687 3302 1862 3371 ἄγαγε
1891 3280 1936 3343 C

281 3389 509 3461 Χριστῷ
548 3390 729 3443 πῶλον
785 3391 877 3443 καὶ
934 3391 1172 3458 πώλους,
1217 3395 1309 3447 καὶ
1366 3394 1597 3457 πολλοὺς
1626 3395 1754 3458 τοὺς
1806 3397 1863 3448 ὲν

278 3479 464 3555 πλάνῃ
498 3481 753 3551 προσδεδε
763 3484 980 3551 μένους,
1001 3485 1095 3537 καὶ
1117 3486 1196 3547 εἰς
1218 3484 1316 3557 τὴν
1346 3487 1632 3541 κατέναντι
1658 3488 1863 3553 πίστιν,

278 3572 378 3627 καὶ
437 3572 633 3643 κώμην
711 3574 1145 3645 ἀντικειμένους.
1226 3576 1344 3631 Κάν
1433 3594 1579 3641 τινες
1650 3576 1863 3633 ἀντιλέ-

273 3680 459 3735 γουσι,
535 3664 630 3719 καὶ
692 3664 790 3737 τὴν
839 3665 993 3719 λύσιν
1046 3667 1156 3720 τῶν
1219 3667 1613 3738 πεπεδημένων
1676 3668 1864 3733 κακῶς

282 3752 601 3823 ιμποδίξειν
640 3753 1014 3823 δοκιμάζουσι,
1068 3756 1372 3825 φάσκοντες
1397 3774 1411 3789 ·
1451 3759 1512 3813 Τί
1548 3759 1716 3825 λύεις
1755 3758 1865 3813 τὸν

274 3843 527 3908 πῶλον;
554 3842 696 3897 καθὰ
728 3844 825 3898 καὶ
873 3846 986 3908 τοῖς
1028 3847 1245 3916 τυφλοῖς
1288 3846 1565 3917 ἐπετίμων
1619 3851 1691 3920 μὴ
1722 3850 1860 3921 κρά-

273 3936 432 4002 ζεινο
461 3938 579 3990 εἰπὲ
615 3937 711 3989 καὶ
751 3938 847 4005 σὺ,
896 3938 1026 3991 Ὅτι
1058 3941 1092 3992 ό
1143 3940 1359 4008 Κύριος
1413 3939 1612 3995 αὐτῶν
1650 3942 1864 4011 χρείαν

272 4027 426 4096 ἔχει.
470 4030 683 4096 Κύριος
741 4029 851 4098 γὰρ
903 4030 1039 4084 λύει
1088 4030 1543 4101 πεπεδημένους
1572 4050 1584 4063 ·
1647 4034 1862 4102 Κύριος

276 4119 469 4188 σοφοῖ
519 4120 812 4189 τυφλοὺς,
857 4121 1043 4195 καθὼς
1098 4124 1338 4195 σήμερον
1379 4123 1473 4178 τοῦ
1524 4125 1863 4194 Εύαγγελίου

271 4211 533 4283 ἡκουσας.
616 4211 831 4284 Ἐπειδὴ
866 4212 973 4283 γὰρ
1008 4212 1099 4267 τὸν
1152 4215 1251 4285 τῆς
1298 4216 1645 4287 δικαιοσύνης
1673 4217 1864 4271 Ἥλιον

275 4302 697 4374 ἑπιδημήσαντα
722 4303 992 4371 ἔγνωκαν,
1026 4305 1233 4369 εἰκότος
1252 4308 1387 4377 πρὸς
1420 4307 1581 4360 αὑτὸν
1604 4306 1858 4379 ἔκραζον·

287 4394 592 4463 Ἐλέησον
635 4394 813 4464 ἡμᾶς,
857 4399 1050 4466 Κύριε,
1099 4396 1193 4451 υἱὲ
1230 4398 1422 4455 Δαϐίδ.
1463 4399 1527 4452 Ὢ
1564 4397 1731 4465 ξένων
1766 4399 1863 4453 καὶ

277 4488 602 4557 παραδόξων
635 4488 964 4560 Θαυμάτωνῐ
997 4492 1045 4541 oi
1089 4490 1281 4559 τυφλοὶ
1329 4490 1718 4554 ἀναϐλέπουσι,
1766 4490 1862 4544 καὶ

271 4578 329 4629 οἷ
360 4576 646 4645 βλέποντες
697 4576 934 4631 Ἰουδαῖοι
972 4578 1394 4646 τυφλώττουσιν.
1438 4572 1595 4631 Οὗτοι
1654 4578 1859 4650 Κύριον

272 4666 625 4737 ὁμολογοῦσι,
677 4668 956 4720 κάκεῖνον
1014 4669 1109 4733 Τίς
1145 4668 1316 4721 ἐστιν
1376 4663 1588 4732 οὗτος
1647 4669 1860 4739 ἐπερω-

270 4756 437 4811 τῶσι.
471 4756 747 4827 Φησὶγάρ
796 4759 824 4810 ὁ
880 4758 1309 4829 εὐαγγέλια-τῆς·
1359 4762 1425 4812 Οί
1480 4758 1548 4811 δὲ
1595 4759 1769 4828 ὄχλοι
1808 4762 1861 4814 οἱ

271 4848 671 4917 προάγοντες,
720 4848 819 4902 καί
884 4850 937 4903 οὶ
995 4849 1515 4916 ἀκολουθοῦντες,
1574 4851 1859 4919 ἔκραζον,

286 4941 587 4996 Ὡσαννά·
625 4941 1051 5009 Εὐλογημένος
1096 4944 1128 4995 ὀ
1166 4943 1491 5011 ἐρχόμενος
1514 4943 1581 4994 ἐν
1614 4944 1862 5011 ὀνόματι

273 5033 521 5102 Κυρίου.
545 5036 654 5088 Καὶ
678 5033 1058 5099 είσελθόντος
1081 5034 1268 5088 αὐτοῦ
1307 5036 1395 5100 εις
1428 5033 1826 5102 Ἰερουσαλὴμ
1849 5075 1862 5097 ,

272 5125 528 5193 ἐσείσθη
550 5124 720 5180 πᾶσα
741 5125 780 5193 ἡ
800 5126 995 5192 πόλις,
1020 5127 1291 5194 λέγουσα
1311 5144 1323 5156 ·
1352 5127 1444 5192 Τίς
1467 5127 1637 5180 ἐστιν
1660 5121 1859 5190 οὗτος

275 5217 390 5279 [δες
422 5218 481 5270 τὸ
536 5216 686 5284 ξένον
733 5216 828 5271 τοῦ
871 5218 1135 5289 βασιλέως
1177 5220 1507 5289 μυστήριον;
1549 5217 1643 5271 ἐπὶ
1678 5216 1859 5271 πώλου

1964 2045 2051 2086 me
2091 2030 2297 2085 factum
2321 2031 2625 2087 hominem.

2034 2208 2125 2264 XI.
2151 2210 2350 2275 Habes,
2384 2210 2699 2265 lidelissime
2726 2225 2789 2266 ac
2805 2209 3153 2265 sanctissime
3168 2208 3371 2263 Christi
3395 2223 3549 2278 grex.

1966 2300 2282 2357 festivitatis
2301 2303 2551 2358 encomia
2575 2321 2590 2357 :
2616 2303 2853 2359 exsulta.
2877 2300 3059 2356 [labes
3090 2300 3334 2355 divinam
3359 2315 3424 2354 ac
3462 2300 3552 2355 in-

1965 2393 2237 2462 culpatam
2252 2393 2509 2447 Ecclesia:
2527 2393 2835 2447 doctrinam
2865 2391 3177 2471 :deliciare.
3197 2391 3379 2447 Habes
3395 2406 3549 2446 arma

1965 2485 2233 2555 spiritalia
2255 2503 2265 2537 :
2292 2494 2480 2538 contra
2496 2484 2674 2555 gregis
2688 2485 2847 2553 lupos
2868 2471 3121 2555 depugna
3146 2501 3158 2537 :
3176 2482 3313 2538 doce
3326 2498 3425 2538 eos
3443 2498 3550 2537 non

1966 2574 2381 2643 blasphemare:
2417 2575 2552 2629 doce
2582 2582 2793 2629 certare
2850 2590 2951 2644 pro
2998 2574 3268 2629 veritate:
3298 2574 3549 2635 ostende.

1965 2665 2228 2721 Ecclesiae
2272 2676 2475 2720 nostrze
2498 2680 2563 2721 ac
2588 2665 2795 2720 Christi
2830 2681 3019 2735 agrum
3057 2681 3085 2719 ο
3119 2665 3350 2720 zizaniis
3376 2664 3553 2719 omni-

1968 2757 2071 2810 bus
2099 2754 2368 2809 mundum
2410 2770 2553 2809 esse.
2599 2754 2654 2809 Si
2703 2754 2757 2808 in
2790 2754 3013 2808 modum
3046 2753 3237 2808 Lazari
3268 2752 3553 2821 cujusdam

1966 2846 2159 2909 habes,
2188 2854 2540 2915 peccatorum
2567 2843 2807 2899 vinculis
2859 2853 2955 2898 aut
3002 2843 3413 2898 contrariorum
3460 2842 3557 2896 do-

1966 2946 2209 3007 gmatum
2236 2938 2542 3001 revinctus,
2563 2935 2691 2991 audi
2719 2935 2885 2990 hodie
2907 2952 2936 2989 a
2953 2934 3156 2999 Verbo,
3180 2934 3306 2986 Veni
3323 2933 3468 3003 [oras
3487 2932 3553 2997 "',

1966 3047 2031 3086 ac
2060 3031 2291 3093 solvere,
2311 3038 2367 3084 et
2395 3044 2640 3098 resurge.
2667 3028 2762 3082 Sin
2786 3038 2970 3083 autem
2996 3027 3222 3097 quidam
3248 3026 3558 3096 discipulus

1966 3140 2048 3188 es,
2076 3132 2133 3179 et
2185 3123 2256 3177 ad
2306 3121 2615 3177 doctrinam
2661 3119 2915 3184 idoneus,
2963 3118 3101 3173 vade
3156 3118 3411 3173 mittente
3449 3118 3558 3172 Do-

1967 3214 2140 3279 mino,
2169 3213 2499 3282 solvensque
2530 3210 2709 3265 adduc
2735 3209 2957 3265 Christo
2991 3210 3227 3280 pullum,
3275 3225 3342 3265 ac
3376 3208 3557 3280 pullos

1968 3307 2265 3378 pluresque
2298 3305 2352 3359 in
2382 3320 2575 3359 errore
2607 3304 2829 3375 ligatos,
2858 3310 3023 3373 atque
3073 3301 3129 3357 iu
3186 3303 3418 3358 adversa
3452 3300 3557 3357 ﬁde

1966 3410 2031 3449 ac
2085 3392 2314 3448 castello
2362 3390 2668 3462 oppositos.
2712 3390 2769 3446 Si
2811 3391 2906 3461 qui
2953 3400 3138 3445 autem
3190 3390 3555 3454 reluctentur,

1966 3498 2030 3538 ac
2064 3482 2226 3547 male,
2258 3496 2330 3536 ne
2373 3480 2671 3551 compediti
2705 3480 3013 3543 solvantur,
3059 3478 3330 3549 impedire
3359 3480 3556 3540 velint,

1966 3571 2258 3625 dicentes:
2292 3568 2430 3634 Quid
2464 3568 2672 3638 pullum
2718 3568 2876 3623 solvis
2893 3567 2984 3620 "?
3012 3582 3205 3621 eorum
3255 3567 3431 3621 instar
3460 3570 3558 3637 qui

1966 3676 2142 3718 caecos
2172 3659 2534 3731 increpabant
2567 3675 2637 3714 ue
2668 3660 3005 3714 clamarent:
3054 3657 3144 3714 dic
3197 3667 3255 3713 tu
3292 3673 3555 3729 quoque:

1967 3756 2105 3822 Quia
2140 3756 2399 3812 Dominus
2441 3757 2519 3810 his
2549 3774 2679 3828 opus
2708 3758 2903 3811 habet:
2940 3756 3195 3810 Dominus
3244 3758 3383 3810 enim
3405 3757 3559 3813 solvit

1965 3849 2283 3918 compeditos
2307 3864 2326 3912 ;
2360 3846 2613 3901 Dominus
2638 3842 2902 3918 sapientes
2927 3848 3055 3917 facit
3080 3863 3242 3902 cteros
3266 3848 3336 3912 ",
3364 3863 3560 3918 quem-

1966 3938 2266 3994 admodum
2319 3938 2487 3993 bodie
2534 3938 2742 3993 audisti
2777 3938 2832 3994 in
2866 3939 3189 4010 Evangelio.
3216 3938 3355 3994 Cum
3408 3939 3559 3995 enim

1968 4028 2152 4084 Solem
2182 4029 2413 4100 justitiae
2444 4028 2733 4085 advenisse
2785 4031 3194 4101 cognovissent,
3240 4033 3443 4086 merito
3490 4032 3560 4087 ad

1965 4134 2091 4175 eum
2107 4121 2437 4176 clamabant:
2460 4120 2709 4177 Miserere
2727 4125 2916 4187 nostri,
2944 4123 3186 4190 Domine,
3204 4124 3286 4193 ﬁli
3302 4125 3476 4180 David
3490 4127 3536 4159 "'

1966 4214 2008 4266 Ο
2037 4213 2285 4269 inaudita
2330 4222 2387 4269 et
2422 4214 2643 4269 insolita
2686 4214 2993 4277 miracula!
3031 4216 3173 4273 Caeci
3208 4219 3389 4274 visum
3422 4222 3561 4275 reci-

1966 4302 2146 4371 piunt.
2197 4302 2264 4357 Hi
2310 4304 2603 4358 Dominum
2638 4304 3015 4373 confitentur;
3050 4306 3278 4378 illique:
3312 4309 3442 4373 Quis
3485 4320 3559 4363 est

1964 4391 2148 4445 hic"?
2174 4393 2590 4463 percontantur.
2639 4394 2733 4449 Ait
2776 4394 2938 4449 enim‘
2963 4397 3335 4468 evangelista:
3373 4397 3561 4452 Turba:

1966 4494 2147 4539 autem
2175 4501 2291 4555 qua:
2318 4486 2684 4549 prwcedebant
2720 4496 2771 4540 et
2805 4502 2923 4558 qua
2955 4489 3330 4558 sequebantur,
3355 4490 3560 4546 clama-

1966 4576 2092 4631 bant
2150 4577 2378 4630 dicentes
2410 4592 2429 4629 :
2478 4575 2732 4631 Hosanna
2769 4593 2784 4631 :
2818 4577 3125 4633 Benedictus
3184 4572 3275 4650 qui
3326 4584 3465 4635 venit
3504 4584 3557 4635 iu

1968 4671 2180 4723 nomine
2216 4667 2446 4723 Domini.
2501 4667 2570 4722 Et
2629 4686 2749 4724 cum
2802 4671 3054 4725 intrasset
3109 4670 3557 4745 Hierosolymam,

1964 4769 2226 4817 commota
2257 4772 2330 4816 cst
2358 4764 2602 4817 universa
2646 4765 2831 4818 civitas
2862 4764 3039 4818 dicens
3069 4783 3087 4818 :
3118 4766 3247 4830 Quis
3270 4776 3347 4820 est
3374 4768 3456 4820 hic
3470 4768 3559 4820 ὀἳ

1966 4854 2169 4910 Vidisti
2205 4870 2409 4909 novum
2462 4870 2527 4909 ac
2582 4854 2910 4911 admirabile
2969 4856 3135 4927 Regis
3193 4858 3559 4929 mysterium?

1970 4945 2125 4999 Pullo
2157 4946 2405 5000 insidens
2430 4944 2713 5001 civitatem
2734 4958 3068 5013 commovet,
3088 4964 3153 5003 ac
3180 4949 3333 5004 cruci
3364 4948 3558 5005 afﬁxus

1966 5038 2157 5092 orbem
2191 5046 2466 5092 terrarum
2515 5038 2804 5105 concutit;
2855 5048 2916 5093 ut
2960 5040 3214 5095 docearis
3241 5042 3460 5096 venisse
3490 5044 3555 5097 ad

1970 5124 2267 5190 idolorum,
2296 5124 2533 5195 plurium
2550 5125 2839 5180 numinum
2869 5126 3018 5180 cultu
3054 5126 3282 5196 impium
3308 5142 3555 5183 errorem

1969 5216 2389 5272 convellendum
2421 5232 2483 5271 ac
2515 5217 2896 5272 cvertendum.

278 5312 593 5383 καθήμενος
620 5314 755 5366 σείει
786 5315 884 5383 τὴν
914 5314 1091 5380 πόλιν,
1118 5313 1212 5366 καὶ
1243 5316 1299 5367 ὲν
1332 5313 1552 5386 σταυρῷ
1583 5314 1989 5385 καθηλούμενος
2035 5314 2169 5367 σείει
2236 5315 2336 5385 τὴν
2405 5298 2764 5386 οἰκουμένην·
2812 5318 2899 5369 ἵνα
2966 5318 3027 5369 σὺ
3092 5317 3289 5388 μάθῃς.
3336 5319 3415 5369 ὅτι
3460 5317 3551 5388 τὴι

276 5406 541 5461 πολύθιον
570 5408 679 5461 τῶν
708 5408 944 5463 εἰδώλων
975 5408 1185 5479 πλάνην
1216 5411 1392 5464 σεϊοαι
1430 5412 1523 5463 καὶ
1551 5409 1850 5463 καταλῦσαι
1889 5410 2169 5481 ἐλήλυθεν.

390 5572 601 5643 "Luc.
632 5591 669 5638 ι,
694 5576 783 5630 47.
862 5576 909 5607 ⁷⁸
934 5576 1090 5631 Joan.
1122 5594 1197 5640 si,
1232 5580 1319 5634 43.
1394 5579 1437 5611 ⁷⁸
1465 5574 1837 5643 Luc.!ux,33.

278 5645 327 5677 ⁸⁶
356 5642 495 5698 ibid.
532 5646 585 5708 9,
630 5646 712 5700 10.

1959 5580 1999 5609 ⁷⁷
2022 5578 2183 5633 ~Psal.
2209 5576 2431 5642 cx1.v,8.
2482 5580 2527 5611 ⁷⁸
2556 5578 2747 5633 Matth.
2772 5595 2859 5644 xx,
2881 5579 2969 5635 50.
3046 5582 3087 5612 "
3122 5580 3309 5633 Matth.
3336 5596 3443 5643 ut,
3470 5581 3553 5638 ll).

1575 5763 1806 5819 νΑιιιίΕ
1851 5763 2251 5821 LECTIONES.

355 5854 377 5881 θ
413 5849 774 5925 mmmam;
797 5854 959 5911 Forte
990 5855 1332 5927 ἐπιτηδείων.
