4110 6332
1644 399 1705 457 S.
1745 395 2057 455 EULOGII
2102 392 2454 453 ARClllEP.
2496 391 2875 454 ALEXAND.
3744 391 3891 455 2936

612 394 758 464 2935

679 511 793 567 XII.
845 510 1021 565 Cerne
1090 518 1276 567 autem
1332 511 1645 565 abstrusum
1708 523 1774 561 ac
1838 504 2176 561 reconditun‘

2368 504 2466 557 IB'.
2503 505 2644 574 Ὅρα
2672 505 2849 575 δέ-μοι
2869 503 2961 557 τοῦ
2989 502 3107 555 κατ’
3138 502 3297 555 αὐτὸν
3319 506 3415 574 τῆς
3434 502 3749 573 οἰκονομίας
3780 523 3896 575 μυ-

607 599 929 655 ωοοιιοωίω
945 598 1065 669 ejus
1086 598 1434 669 mysterium.
1459 595 1598 652 Cum
1640 594 1695 649 in
1725 595 1944 649 inferno
1977 593 2176 663 positu:

2306 594 2523 663 στηρίου
2562 594 2622 645 τὸ
2663 594 2958 661 ἄγνωστον.
2996 592 3083 645 Ἐν
3114 591 3190 660 τῷ
3219 590 3322 664 ᾅδῃ
3359 590 3595 649 σείοντος
3619 593 3786 646 αὑτοῦ
3821 597 3889 646 τὸ

604 685 726 739 eius
757 684 862 739 loci
894 700 1174 739 carcerem
1202 684 1465 755 pulsaret,
1512 682 1882 738 clamantibus
1934 678 2176 749 supernis

2304 686 2421 736 ἐκεῖ
2448 685 2841 755 δεσμωτήριον,
2871 684 2945 747 ὼς
2973 683 3202 753 ἔκραζον
3232 684 3285 737 αἱ
3308 682 3419 736 ἀνω
3438 682 3715 751 Δυνάμεις
3745 687 3888 755 πρὶς

605 774 913 833 Virtutibus
942 777 1009 831 ad
1043 777 1281 832 infernas
1306 795 1326 831 :
1355 775 1538 829 Tollite
1561 784 1763 846 portas,
1802 776 2081 845 principes,
2106 789 2163 825 ve

2298 777 2395 840 τὰς
2435 777 2587 829 κάτω
2611 776 2869 847 δυνάμεις
2902 793 2915 807 ·
2957 777 3169 843 Ἀρατε
3218 777 3437 841 πύλας,
3471 777 3527 827 ol
3564 775 3886 844 ἄρχοντες,

602 857 821 932 alias",
850 878 907 921 ut
942 868 1291 939 ingrediatur
1316 868 1409 936 qui
1435 868 1601 922 dicit:
1634 866 1746 937 Ego
1768 882 1887 919 sum
1912 862 2176 929 ostium";

2297 868 2482 937 ὑμῶν,
2518 869 2604 922 ἵνα
2658 869 2873 941 εξσᾶλθῃ
2920 871 2947 921 ό
2977 868 3188 937 λέγων·
3248 869 3383 936 Εἰμὶ
3432 867 3549 937 ἐγὼ
3594 866 3632 933 ἠ
3690 869 3880 936 θύρα·

602 958 855 1009 attonita:
899 955 1144 1010 adversa:
1186 956 1422 1010 virtutes
1462 952 1906 1024 respondebant:
1953 950 2080 1017 Quis
2111 962 2176 1004 est

2298 958 2734 1027 ἐκπληττόμεναι
2759 959 3071 1011 αῑὲναντίαι
3100 958 3361 1029 δυνάμεις
3396 956 3841 1027 ἀπεφθέγγοντο
3867 977 3882 990 υ

600 1046 699 1097 iste
727 1059 819 1096 rex
845 1044 1072 1115 glorier?
1096 1044 1157 1098 In
1181 1052 1460 1102 terrenam
1508 1044 1827 1097 introeunte
1853 1040 2176 1101 Jerusalem,

2302 1048 2397 1113 Τίς
2432 1048 2605 1101 ἐστιν
2643 1043 2833 1111 οὗτος
2866 1050 2897 1101 ὀ
2920 1047 3225 1113 ,ϐασιλεὺς
3259 1046 3371 1116 τῆς
3409 1046 3637 1113 ὃόξης;
3668 1050 3748 1112 εις
3778 1047 3889 1118 τὴν

568 1132 680 1186 ’τεί
713 1133 959 1188 novitate
986 1132 1306 1203 stupefacti,
1331 1140 1621 1202 quaerunt:
1648 1128 1777 1195 Quis
1802 1139 1876 1185 est
1909 1132 2005 1184 iste
2026 1128 2176 1183 2⁷οω

2294 1135 2387 1187 ἐπὶ
2445 1136 2547 1205 γῆς
2621 1135 2976 1205 Ἰερουσαλὴμ
3045 1134 3377 1205 ξενιζόμενοι
3424 1135 3730 1188 πύθονταιο
3782 1137 3885 1202 Τίς

598 1226 795 1279 lestem
850 1226 1157 1281 Jerusalem
1230 1233 1545 1295 repetente,
1614 1230 1908 1278 cernentes
1962 1221 2176 1276 intelle-

2296 1227 2469 1282 ἐστιν
2516 1223 2689 1289 οὗτος
2732 1225 2788 1299 [d
2833 1225 3137 1292 ,βασιλεὺς
3173 1226 3287 1296 τῆς
3316 1226 3581 1300 ὄόξης;]
3640 1230 3721 1291 εις
3780 1228 3886 1296 τὴν

597 1318 811 1373 ctuales
850 1318 1087 1374 virtutes
1109 1332 1235 1371 cum
1265 1332 1498 1388 corpore
1532 1332 1659 1371 eum
1695 1331 1859 1386 quem
1900 1330 2176 1384 nunquam

2303 1320 2417 1371 ἀνω
2462 1319 2818 1388 Ἰερουσαλὴμ
2844 1319 3211 1389 ἀνερχομένου
3238 1318 3425 1385 αὐτοῦ,
3454 1319 3690 1390 ὁρῶντες
3712 1319 3885 1374 αὑτὸν

594 1410 868 1464 vidissent
900 1419 1127 1480 propter
1176 1409 1559 1478 incorpoream
1592 1406 1884 1472 rationem,
1920 1420 2176 1460 ascensus

2300 1409 2437 1478 μετὰ
2468 1410 2745 1479 σώματος,
2800 1412 2857 1463 αἱ
2912 1410 3174 1463 οὐδέποτε
3222 1411 3424 1474 ἰδόντες
3482 1410 3671 1475 αὐτὸν,
3701 1411 3791 1464 διά
3818 1411 3885 1463 τὸ

595 1501 821 1557 modum
864 1502 1168 1563 admirata,
1205 1500 1560 1571 ambigebant
1613 1499 1867 1563 invicem,
1892 1498 2176 1551 dicentes:

2288 1502 2600 1573 ἀσώματω,
2638 1504 2822 1574 νοεραὶ
2845 1502 3123 1573 δυνάμεις,
3154 1502 3536 1572 θαυμάζουσαν.
3565 1502 3661 1556 τοῦ
3716 1503 3881 1569 ξένου

595 1590 724 1655 Quis
740 1598 819 1645 est
846 1592 963 1655 iste,
982 1592 1071 1661 qui
1088 1605 1323 1660 corpore
1348 1589 1612 1659 praeditus
1631 1604 1686 1642 in
1714 1588 1833 1643 loca
1854 1590 2176 1656 incorporea

2286 1595 2489 1667 τρόπου
2520 1596 2621 1666 τὴν
2652 1594 2861 1659 ἀνοδον,
2894 1594 3188 1664 διηπόρουν
3221 1595 3357 1664 πρὸς
3390 1593 3651 1663 ἀλλήλας,
3684 1594 3880 1661 λέγου-

592 1682 773 1735 venit?
800 1680 905 1736 Sed
939 1690 994 1736 et
1030 1682 1171 1736 illud
1206 1680 1541 1745 mirandum,
1573 1680 1851 1749 quomodo
1888 1680 2051 1749 regia:
2074 1679 2176 1733 illa:

2288 1703 2377 1739 σαι
2408 1701 2423 1717 ·
2458 1686 2555 1750 Τίς
2581 1686 2753 1740 ἐστιν
2778 1683 2956 1749 οὗτος
2990 1685 3470 1754 παραγενόμενος
3501 1686 3557 1736 ὲν
3590 1686 3702 1745 τοῖς
3730 1684 3882 1736 ἀσω-

593 1774 831 1829 virtutes
858 1781 1281 1847 percontentur,
1305 1770 1432 1837 Quis
1460 1782 1533 1825 est
1560 1772 1657 1824 iste
1678 1771 1769 1840 qui
1788 1769 1981 1824 venit“
1998 1768 2029 1821 ἲ
2050 1784 2175 1822 cum

2289 1778 2479 1847 μάτοις
2513 1777 2731 1847 χωρίοις
2757 1775 3108 1846 ἐνσώματος;
3140 1774 3420 1843 θαυμάσαι
3465 1772 3521 1826 δὲ
3553 1771 3726 1838 ἀξιον,
3753 1772 3879 1835 πῶς

592 1868 647 1919 in
679 1868 801 1937 ejus
831 1864 886 1919 in
922 1873 1071 1920 terra
1114 1863 1401 1919 nativitate
1452 1862 1661 1933 pariter
1706 1861 2065 1917 clamaverint
2116 1874 2176 1913 ac

2286 1869 2572 1934 πύθονται,
2632 1871 2729 1934 Τίς
2780 1867 2953 1920 ἐστιν
2974 1861 3154 1931 οὗτος
3189 1868 3221 1918 ό
3272 1864 3777 1932 παραγενόμενος,
3814 1864 3879 1916 αι

589 1956 928 2011 cecinerint:
960 1956 1143 2013 Gloria
1168 1958 1225 2009 in
1245 1955 1520 2009 altissimis
1539 1954 1648 2008 Deo
1663 1971 1685 2020 ;
1708 1963 1755 2007 et
1782 1955 1836 2007 in
1868 1962 2014 2005 terra
2040 1968 2178 2021 pax;

590 2048 645 2099 in
680 2048 975 2102 hominibus
1017 2046 1153 2101 bona
1187 2046 1528 2112 uoluntas“;
1561 2061 1589 2099 a
1624 2045 1827 2115 quibus
1850 2054 2005 2099 certe
2033 2058 2177 2113 prae-

590 2138 738 2192 clare
768 2138 949 2193 edocti
986 2147 1132 2192 sunt
1178 2134 1535 2193 Hebrmorum
1589 2136 1828 2207 theologi
1881 2136 2037 2205 pueri
2076 2136 2175 2190 di-

589 2235 819 2280 centes:
853 2225 1154 2279 Hosanna:
1198 2224 1509 2279 Benedictus
1554 2226 1645 2296 qui
1686 2226 1829 2279 venit
1859 2225 1913 2278 in
1967 2226 2177 2277 nomine

587 2316 844 2371 Domini:
874 2333 981 2387 pax
1010 2319 1065 2370 i'n
1095 2316 1244 2381 coelo,
1270 2326 1319 2370 et
1364 2316 1537 2387 gloria
1585 2317 1639 2370 in
1692 2316 1963 2370 altissimis
1981 2315 2047 2369 ".
2088 2314 2179 2369 Sic

586 2410 736 2464 enim
766 2410 943 2466 Lucas
971 2410 1159 2466 habet.
1180 2411 1423 2481 Eratque
1450 2410 1642 2466 videre
1662 2410 1719 2465 in
1745 2410 1901 2475 Sion,
1929 2408 2177 2477 coelestia

587 2503 800 2573 pariter
824 2518 890 2559 ac
914 2503 1200 2558 terrestria
1241 2503 1465 2558 vicariis
1512 2502 1617 2557 sibi
1661 2500 2047 2572 respondentia
2077 2516 2176 2554 vo—

587 2594 779 2658 cibus,
837 2610 1008 2664 seque
1061 2606 1257 2650 mutuo
1320 2594 1641 2649 salutantia.
1690 2593 1892 2647 Dicunt
1946 2591 2174 2661 superi:

586 2687 773 2744 Gloria
804 2689 861 2741 in
892 2688 1170 2742 altissimis
1201 2687 1327 2751 Deo,
1353 2696 1401 2741 et
1433 2688 1490 2741 in
1516 2695 1663 2739 terra
1694 2700 1837 2756 pax;
1869 2684 2040 2739 inferi
2090 2699 2179 2738 re-

585 2780 859 2850 spondent
878 2798 891 2833 :
908 2778 1026 2834 Pax
1043 2781 1097 2833 in
1116 2778 1265 2843 calo,
1284 2788 1333 2833 et
1347 2778 1521 2850 gloria
1537 2780 1594 2832 in
1606 2777 1895 2833 altissimis.
1911 2777 2179 2832 Dixerunt

585 2864 801 2940 angeli:
836 2868 903 2924 In
938 2877 1082 2924 terra
1120 2886 1269 2940 pax,-
1300 2870 1557 2924 homines
1588 2868 1896 2924 clamarunt
1919 2886 1932 2921 :
1958 2867 2078 2922 Pax
2122 2869 2177 2920 in

584 2964 736 3019 caelo.
762 2962 1175 3030 Quamobrem?
1215 2962 1371 3030 Quod
1420 2963 1687 3018 nimirum
1724 2963 1834 3021 .ille
1883 2962 2048 3025 adsit,
2079 2962 2175 3032 qui

584 3056 849 3111 omnibus
888 3056 1120 3111 clamat:
1154 3054 1273 3109 Pax
1319 3053 1546 3109 vobis".
1602 3053 1709 3107 Pro
1756 3068 1867 3124 quo
1905 3053 2178 3124 propheta

583 3148 939 3218 precabatur,
970 3146 1195 3202 dicens:
1228 3144 1453 3199 Domine
1501 3140 1861 3210 Deusﬁtoster,
1894 3160 2076 3215 pacem
2106 3145 2175 3197 da

584 3240 822 3303 nobis";
866 3239 972 3294 hoc
1014 3246 1119 3303 est,
1157 3237 1310 3293 Mitte
1362 3237 1562 3292 Filium
1614 3246 1767 3289 tuum
1804 3235 2171 3306 unigenitum,

585 3342 773 3401 ntper
798 3346 926 3385 eum
988 3330 1151 3385 nobis
1199 3328 1600 3393 reconcilieris,
1661 3327 1857 3382 videns
1914 3334 2170 3382 naturam

582 3433 833 3479 nostram
870 3439 972 3494 per
1010 3438 1139 3478 eum
1171 3422 1273 3477 tibi
1296 3422 1531 3477 unitam.
1561 3420 1735 3486 Quam
1754 3436 1945 3491 pacem
1976 3418 2172 3473 viden-

585 3524 667 3569 tes
690 3513 945 3570 caelestes
981 3512 1136 3568 chori
1184 3512 1532 3567 clamabant:
1570 3510 1753 3567 Gloria
1796 3513 1851 3564 in
1901 3510 2174 3565 altissimis

582 3603 716 3666 Deo,
748 3610 796 3655 et
823 3602 878 3655 in
912 3610 1055 3654 terra
1087 3615 1227 3668 pax;
1262 3598 1314 3653 id
1364 3607 1471 3665 est,
1506 3597 1750 3668 perfecta
1778 3597 1873 3652 Dei
1911 3612 2037 3651 cum
2069 3596 2176 3651 ini-

582 3695 745 3749 micis
767 3694 1350 3762 reconciliatio,quam
1378 3702 1435 3747 et
1456 3690 1614 3762 pueri
1643 3707 1769 3746 cum
1788 3690 1937 3745 docti
1966 3700 2173 3752 essent,

583 3786 935 3842 clamabant:
974 3784 1272 3838 "osanna:
1304 3800 1410 3853 pax
1455 3786 1511 3836 in
1545 3782 1695 3848 caelo,
1726 3790 1776 3835 et
1800 3782 1973 3853 gloria
2008 3784 2062 3835 in
2094 3784 2176 3837 al-

583 3880 819 3933 tissimis.
860 3878 995 3933 Nam
1029 3892 1152 3947 quae
1192 3876 1322 3931 olim
1354 3876 1568 3931 infense
1598 3876 1895 3942 habebant,
1931 3877 2175 3933 fraterna

584 3987 735 4027 nunc
767 3971 1037 4028 charitate
1062 3976 1316 4025 conserta
1332 3978 1465 4025 sunt
1489 3987 1502 4034 ;
1523 3985 1688 4025 unam
1706 3971 1947 4026 caelestia
1968 3971 2176 4040 pariter

582 4080 647 4118 ac
677 4070 919 4129 terrena,
941 4061 1167 4118 Christo
1200 4062 1411 4117 caelesti
1455 4060 1617 4117 simul
1642 4077 1713 4135 ac
1740 4072 1980 4128 terreno,
2032 4063 2177 4118 divi-

584 4155 775 4211 nitatis
820 4154 1231 4211 confessionem
1292 4170 1357 4209 ac
1421 4153 1802 4210 adorationem
1860 4155 2173 4213 otI'erentia.

580 4248 955 4314 Quamobrem
982 4246 1185 4317 iubent
1222 4246 1433 4317 superi,
1458 4253 1527 4300 ut
1566 4245 1618 4300 ei
1666 4244 1825 4301 inferi
1862 4246 2176 4303 Divinitatis

581 4340 823 4396 offerant
847 4338 1251 4396 confessionem
1279 4356 1291 4391 :
1322 4337 1559 4409 Adorent
1589 4353 1707 4390 eum
1757 4354 1933 4392 omnes
1958 4336 2178 4408 familia

581 4435 819 4505 gentium
834 4431 904 4488 "'.
934 4430 1103 4488 Inferi
1140 4432 1357 4501 superis
1389 4430 1767 4501 respondent:
1803 4430 2035 4484 Adorent
2060 4446 2178 4484 eum

2286 1961 2565 2032 βασιλικαὶ
2598 1959 2878 2029 δυνάμεις,
2912 1958 2967 2010 αἱ
3004 1958 3062 2008 ὲν
3088 1957 3160 2025 τῇ
3207 1956 3357 2025 κάτῳ
3383 1955 3636 2024 γεννήσει
3676 1953 3875 2016 αὑτοῦ,

2282 2056 2547 2127 βοήσασαι
2574 2053 2689 2122 ἅμα
2727 2051 2820 2104 καὶ
2855 2050 3166 2119 ὑμνήσασαι
3190 2064 3204 2078 ·
3257 2046 3409 2110 Δόξα
3452 2045 3525 2107 ἑν
3579 2047 3876 2113 ὑψίστοις

2282 2143 2425 2211 Θεῷ,
2472 2143 2569 2198 καὶ
2592 2142 2689 2197 ἐπὶ
2713 2140 2826 2212 γῆς
2852 2139 3085 2209 εἰρήνη,
3114 2139 3184 2191 ἐν
3209 2134 3544 2204 ἀνθρώποις
3572 2134 3829 2190 εὐδοκία
3858 2152 3874 2165 ο

2279 2232 2360 2301 οἷς
2390 2253 2471 2305 γε,
2500 2235 2677 2298 καλῶς
2709 2232 3093 2304 ἐμαθήτευσαν
3130 2228 3239 2281 τῶν
3284 2227 3555 2298 Ἐϐραίων
3598 2228 3648 2280 οι
3685 2227 3874 2282 θεολό-

2278 2346 2366 2399 γοι
2391 2328 2582 2391 παῖδες
2613 2327 2854 2398 σήμερον
2878 2323 3131 2391 λέγοντες
3158 2336 3171 2350 °
3233 2320 3496 2376 ὀσαννά
3520 2336 3535 2351 ·
3591 2320 3873 2389 εὐλογη-

2272 2421 2460 2491 μένος
2490 2423 2523 2474 δ
2558 2420 2886 2489 ἀρχόμενος
2912 2418 2981 2469 ἐν
3037 2414 3283 2484 ὀνόματι
3338 2408 3565 2481 Κυρίου
3598 2427 3613 2440 ⁸
3654 2412 3871 2482 εἰρήνη

2278 2513 2349 2565 ἐν
2376 2510 2631 2580 οὐρανῷ,
2674 2510 2772 2563 καὶ
2797 2508 2949 2572 δόξα
2987 2508 3056 2560 ἐν·
3110 2508 3421 2575 ὑψίστοις.
3460 2504 3650 2566 Οὕτως
3703 2502 3876 2576 γάρό

2278 2604 2493 2665 Λουκᾶς
2546 2602 2757 2673 εἴρηκε.
2803 2600 2914 2653 Καὶ
2943 2594 3011 2668 ἦν
3046 2601 3103 2651 ὲν
3131 2598 3271 2649 Σιὼν
3306 2595 3513 2649 ἰδέσθαι
3545 2594 3737 2664 ὥσπερ
3769 2596 3873 2648 ἀν·

2278 2695 2687 2766 τιφθεγγὸμενα
2732 2695 2825 2747 καὶ⁵
2859 2690 3314 2758 ἀντασπαζόμενα
3338 2687 3621 2757 ἀλληλατά
3638 2688 3874 2758 οὐράνια

2280 2795 2376 2844 καὶ
2398 2789 2465 2843 τά
2499 2790 2738 2856 ἐπίγεια.
2781 2787 2844 2839 Οἱ
2888 2785 2998 2838 ἀνω
3019 2782 3258 2843 λέγουσι·
3290 2778 3445 2843 Δόξα
3472 2778 3543 2832 ἐν
3575 2779 3874 2847 ὑψίστοις

2282 2881 2431 2947 Θεῷ,
2468 2882 2567 2934 καὶ
2614 2880 2711 2934 ἐπὶ
2762 2877 2877 2947 τῆς
2900 2876 3106 2942 εἰρήνη
3170 2874 3223 2925 οἱ
3260 2872 3411 2925 κὰτω
3438 2871 3869 2942 ἀποκρίνονται·

2276 2974 2502 3042 Εἰρήνη
2517 2975 2585 3026 ἐν
2600 2971 2855 3041 only-arti),
2870 2972 2964 3023 καὶ
2981 2972 3131 3036 δόξα
3146 2972 3212 3024 ἐν
3234 2968 3605 3039 ὑψίστοις-Οἱ
3617 2964 3870 3034 ἄγγελοι,

2282 3067 2411 3122 Ἐπὶ
2431 3065 2545 3135 γῆς
2565 3066 2796 3133 εἰρήνη,
2817 3064 3107 3135 εἰρήκασιν
3129 3079 3142 3092 ⁸
3167 3063 3215 3115 οἱ
3230 3060 3527 3131 ἄνθρωποι,
3553 3056 3781 3125 Εἰρήνη
3799 3055 3871 3107 ἐν

2283 3156 2539 3227 οὐρανῷ,
2556 3154 3064 3225 κεκράγασι.Διατε;
3085 3146 3271 3219 ἐπειδὴ
3289 3152 3492 3220 ἐπέστη
3511 3151 3537 3202 ὁ
3550 3151 3685 3201 πᾶσι
3700 3148 3869 3217 βοῶν·

2283 3249 2508 3318 Εἰρήνη
2554 3249 2695 3319 ὑμῖν
2714 3266 2727 3279 ο
2764 3248 2893 3318 περὶ
2932 3238 2998 3299 οὗ
3026 3246 3054 3299 ό
3083 3244 3369 3315 προφήτης
3402 3240 3621 3313 ηὔχετο,
3650 3239 3833 3307 λέγων
3853 3255 3867 3268 ·

2277 3345 2452 3410 Κύριε
2488 3346 2520 3397 ό
2545 3342 2688 3407 Θεὸς
2708 3338 2895 3410 ήμῶν,
2917 3336 3166 3406 εἰρήνην
3189 3336 3296 3399 δὸς
3335 3332 3500 3402 ἡμῖν’
3536 3330 3680 3385 τοῦτ’
3719 3330 3873 3396 ἐστι,

2276 3435 2382 3487 Τὸν
2415 3434 2543 3486 Υἱόν
2573 3450 2664 3486 σου
2700 3433 2792 3485 τδν
2825 3430 3089 3501 μονογενῆ
3116 3426 3460 3488 ἀπόστειλον,
3487 3425 3575 3477 ἵνα
3604 3422 3671 3477 δι’
3694 3420 3866 3475 αὑτοῦ

2278 3523 2624 3593 καταλλαγῆς
2674 3522 2808 3591 πρὸς
2851 3521 3023 3590 ἡμᾶς.
3075 3517 3218 3587 ὁρῶν
3249 3516 3347 3585 τὴν
3373 3514 3653 3585 ἡμετέραν
3696 3511 3869 3581 φύσιν

2279 3614 2569 3668 ἑνωθείσάν
2602 3629 2684 3665 σοι
2708 3611 2777 3664 δι’
2827 3610 2990 3663 αὐτοῦ
3023 3627 3036 3641 ο
3069 3611 3245 3679 ἥνπερ
3292 3607 3519 3676 εἰρήνην
3546 3602 3784 3673 ὁρῶντες
3818 3602 3868 3653 el

2276 3708 2383 3759 τῶν
2415 3708 2528 3761 ἄνω
2560 3706 2731 3776 χοροὶ,
2768 3703 2935 3757 ἐϐόων
2962 3719 2975 3733 ·
3005 3702 3159 3764 Δόξα
3177 3700 3244 3753 ἐν
3264 3697 3552 3767 ὑψίστοις
3581 3693 3724 3759 Θεῷ,
3758 3694 3867 3745 καὶ

2276 3799 2373 3852 ἐπὶ
2404 3796 2517 3867 γῆς
2538 3796 2780 3865 είρήντν
2819 3796 2988 3864 ἤγουν
3022 3792 3157 3845 Θεοῦ
3206 3792 3342 3863 πρὸς
3388 3787 3617 3858 ἐχθροὺς
3675 3784 3866 3839 τελεία

2279 3887 2619 3959 καταλλαγὴ,
2670 3888 2738 3957 ἣν
2784 3886 2878 3941 καλ
2921 3887 2972 3937 οἱ
3010 3885 3198 3947 παῖδες
3254 3880 3519 3953 μαθόντες
3580 3879 3821 3949 ἔκραζον
3848 3895 3861 3907 ’

2288 3976 2572 4033 Ὡσαννά·
2588 3975 2811 4045 Είρήνη
2828 3976 2898 4029 ἐν
2914 3971 3171 4041 οὐρανῷ,
3184 3971 3283 4025 καὶ
3298 3970 3449 4035 δόξα
3471 3967 3668 4037 arma!
3670 3982 3864 4030 στοις.

2279 4069 2544 4135 Γεγόνασι
2578 4068 2685 4137 γάρ
2723 4066 2792 4120 τά
2823 4082 2953 4118 ποτε
2993 4063 3190 4135 ὲχθρά,
3214 4062 3308 4116 νῦν
3335 4060 3576 4131 ἀδελφά·
3639 4057 3769 4129 μίαν
3800 4060 3867 4110 τὰ

2278 4160 2526 4233 οὐράνια,
2558 4159 2656 4211 καὶ
2683 4159 2751 4211 τά
2804 4157 3023 4225 ἐπίγεια
3072 4154 3301 4226 Χριστῷ
3349 4152 3428 4223 τῷ
3482 4150 3724 4222 οὐρανίῳ
3767 4149 3863 4203 καὶ

2280 4252 2507 4322 ὲπιγείῳ
2557 4249 2836 4318 θεολογίαν
2888 4247 3259 4319 προσάγοντα,
3315 4245 3410 4297 καὶ
3462 4241 3859 4313 προσκύνησιν.

2283 4344 2445 4399 Ὅθεν
2467 4342 2747 4410 θεολογίαν
2774 4340 3073 4411 προσάγειν
3122 4339 3173 4391 ol
3207 4338 3319 4392 ἀνω
3349 4337 3462 4398 τοῖς
3496 4335 3649 4387 κάτω
3675 4332 3863 4387 διακε-

2281 4437 2531 4491 λεύονται
2561 4452 2573 4465 ·
2603 4430 3218 4503 Προσκυνησάτωσαν
3250 4428 3409 4494 αὐτῷ
3447 4426 3639 4484 πᾶσαι
3670 4428 3731 4479 al
3754 4438 3865 4478 xa-

582 4543 763 4582 omnes
792 4525 971 4597 angeli
999 4524 1097 4579 Dei
1111 4525 1177 4578 ⁸⁹.
1205 4522 1375 4578 David
1419 4523 1675 4593 utrisque
1705 4522 1941 4579 clamat:
1971 4523 2176 4577 Laten-

2284 4529 2435 4599 τριαὶ
2460 4528 2580 4581 τῶν
2606 4523 2817 4580 ἐθνῶνο
2839 4525 2891 4576 οἱ
2919 4523 3069 4576 κάτω
3094 4524 3205 4584 τοῖς
3240 4522 3353 4576 ἀνω
3379 4518 3831 4602 ἀντιφθέγγονται
3847 4531 3861 4546 ·

584 4630 673 4676 tur
717 4622 860 4690 caeli,
906 4628 956 4675 et
1011 4618 1239 4675 exsultet
1288 4627 1432 4672 terra
1448 4620 1515 4672 ”.
1565 4616 1925 4688 Respondent
1980 4616 2177 4687 pueri:

585 4714 843 4768 Ilosanna
874 4732 893 4769 :
914 4712 1232 4768 Benedictus
1253 4711 1344 4780 qui
1373 4711 1511 4764 venit
1542 4710 1598 4763 in
1632 4710 1843 4766 nomine
1868 4708 2108 4763 Domini.

2288 4614 2905 4688 Προσκυνησάτωσαν
2937 4611 3099 4678 αὐτῷ
3131 4610 3355 4678 πάντες
3391 4599 3637 4681 anxio?
3692 4605 3863 4662 Θεοῦ.

2297 4710 2357 4763 '0
2390 4707 2555 4763 Δα6“.δ
2584 4710 2690 4770 τοῖς
2720 4704 3055 4776 ἀμφοτέροις
3084 4704 3203 4776 βοᾷ·
3233 4701 3789 4774 Εὐφραινέσθωσαγ
3812 4700 3865 4751 οί

581 4806 851 4877 (ripas-al,
907 4807 1005 4861 καὶ
1045 4803 1439 4873 ἁγαλλιάσθω
1498 4804 1537 4871 ἡ
1588 4799 1686 4871 τῆ.
1722 4801 1785 4854 Ol
1842 4801 2029 4864 παῖδες
2074 4802 2469 4878 ἀπεκρίνοντο’
2530 4796 2831 4853 Ὠσαννά’
2892 4795 3318 4867 Εὐλογημένος
3360 4797 3394 4849 ό
3443 4794 3771 4863 ἐρχόμενος
3800 4790 3866 4842 έν

589 4903 838 4970 ὀνόματι
867 4899 1111 4967 Κυρίου.

655 4997 796 5054 XIII.
833 4995 972 5053 Cum
1026 4994 1232 5065 quibus
1266 5009 1367 5048 nos
1416 5006 1636 5063 quoque
1668 4989 1978 5053 laudemus,
2008 5004 2073 5044 ac
2098 4987 2193 5045 fe-.

586 5103 727 5145 stam
762 5104 914 5143 nunc
945 5102 1173 5159 agamus
1199 5086 1404 5148 lucem,
1445 5100 1556 5140 non
1601 5084 1933 5154 pompatice,
1966 5083 2059 5137 sed
2094 5082 2179 5136 di-

588 5176 991 5233 xineznedum
1021 5190 1213 5240 manu,
1242 5173 1339 5229 sed
1386 5181 1442 5227 et
1477 5171 1683 5235 animo,
1735 5170 2043 5240 palmarum
2094 5186 2180 5225 ra-

588 5281 711 5321 mos
760 5273 1049 5330 tenentes,
1084 5275 1324 5332 eumque
1370 5275 1535 5329 supra
1588 5259 1771 5313 nivem
1818 5257 2175 5322 dealbantes,

588 5373 810 5414 (laniem
848 5356 1028 5427 ipsum
1059 5354 1271 5411 veteris
1313 5368 1379 5408 ac
1419 5351 1664 5422 pellicea:
1692 5350 1891 5405 tunicae
1927 5349 2177 5404 mortali-

588 5460 781 5516 tatem,
806 5449 958 5505 omni
991 5447 1135 5503 fastu
1182 5463 1244 5502 ac
1294 5447 1532 5502 elatione
1573 5443 1851 5514 'deposila,
1890 5457 2181 5497 exuamus.

2347 4984 2588 5040 ιΓ¹.Μεθ’
2604 4977 2677 5038 ὧν
2691 4982 2783 5037 καὶ
2796 4983 2957 5054 ἡμεῖς
2971 4980 3393 5051 ἀνυμνήσωμεν,
3409 4977 3504 5029 καὶ
3520 4977 3865 5047 ἑορτάσωμεν

2289 5081 2526 5150 σήμερον
2548 5095 2559 5106 ·
2596 5076 2671 5148 μὴ
2706 5074 3119 5145 πανηγυρικῶς,
3157 5072 3294 5126 ἀλλά
3334 5070 3536 5132 θεῖκῶς
3561 5085 3574 5101 '
3604 5068 3681 5141 μή
3710 5070 3865 5139 μόνον

2288 5175 2352 5243 τῇ
2383 5172 2551 5244 χειρὶ,
2573 5170 2711 5225 ἀλλὰ
2741 5169 2837 5222 καὶ
2874 5170 2945 5238 τῇ
2975 5166 3146 5237 ψυχῇ,
3191 5165 3319 5234 βαΐα
3348 5162 3675 5233 κατέχοντες
3696 5178 3712 5195 ·
3775 5160 3865 5215 καὶ

2289 5263 2493 5333 ταύτην
2535 5261 2676 5332 ὑπὲρ
2730 5261 2884 5331 χιόνα
2934 5258 3321 5320 λευκάναντες,
3371 5255 3554 5308 πᾶσαν
3590 5252 3650 5319 ἔξ
3700 5251 3865 5319 αὐτῆς

2291 5352 2383 5405 τοῦ
2414 5349 2646 5405 παλαιοῦ
2694 5349 2790 5403 καὶ
2823 5346 3150 5419 δερματίνου
3188 5343 3414 5417 χιτῶνος
3471 5343 3572 5413 τὴν
3603 5342 3865 5411 νέκρωσιν

2291 5439 2716 5509 ἀποδυσώμεθα,
2749 5434 3123 5509 πάνταντύφον
3154 5435 3250 5489 καὶ
3271 5435 3505 5506 ἔπαρσιν
3532 5431 3867 5502 ἀπορρίψαν-

587 5543 804 5600 Idcirco
852 5544 1000 5598 enim
1048 5542 1343 5612 spirituum
1392 5554 1508 5605 rex,
1562 5552 1672 5592 non
1724 5536 1776 5589 in
1829 5534 2088 5590 curribus
2129 5542 2176 5588 et

2292 5550 2401 5597 τες.
2436 5531 2536 5585 Διά
2568 5528 2728 5583 τοῦτο
2756 5528 2865 5600 γὰρ
2886 5530 2915 5580 ό
2960 5525 3214 5597 βασιλεὺς
3257 5524 3367 5577 τῶν
3411 5522 3747 5593 ἀσωμάτων,
3770 5518 3865 5612 aint

594 5634 933 5690 exercitibus
958 5633 1131 5697 venit,
1159 5632 1259 5688 sed
1285 5632 1488 5687 misero
1506 5647 1570 5686 ac
1596 5631 1691 5684 vili
1724 5629 1877 5699 pullo
1908 5628 2181 5687 insidens.

2294 5626 2379 5693 ἐφ’
2408 5622 2671 5695 ἁρμάτων
2722 5619 2819 5676 καὶ
2874 5616 3299 5689 στρατευμάτων
3327 5611 3727 5682 παραγίνεται·
3757 5604 3864 5663 ἀλλ’

663 5752 704 5781 ⁸³
740 5749 882 5807 Psal.
916 5765 1064 5807 uin.
1097 5749 1149 5801 7.
1227 5748 1271 5780 "
1311 5748 1467 5803 Joan.
1499 5748 1631 5811 1.,9.
1706 5744 1750 5777 ⁸³
1784 5746 1887 5800 lsa.
1926 5758 2069 5806 mn,
2102 5745 2152 5797 l.

2283 5741 2417 5796 Luc.
2466 5755 2525 5803 ιι,
2575 5738 2676 5811 l4.
2740 5736 2784 5767 ³⁸
2816 5734 2951 5790 Luc.
3003 5748 3111 5797 XIX,
3152 5731 3239 5785 58.
3318 5728 3362 5759 ⁸⁸
3399 5727 3534 5783 Luc.
3590 5740 3737 5791 xxxv,
3778 5717 3858 5776 35.

593 5818 635 5852 "
673 5806 773 5878 isa.
808 5836 950 5886 xxvi,
992 5806 1071 5873 12.
1150 5820 1193 5851 ¹¹⁴
1227 5806 1600 5890 Psal.xn,2§.
1670 5817 1713 5848 "
1749 5817 1893 5871 Psal.
1926 5831 2062 5877 λοισι,
2091 5814 2143 5867 8.

2299 5811 2441 5867 Psal.
2469 5824 2590 5877 ιον,
2626 5806 2708 5861 ll.
