  <div class='ocr_page' id='page_1' title='image "/cluster/home/n/w/nwhite01/storage/ocr_20150623/86 pars.2/pst.000005712885/642.png"; bbox 0 0 4110 6332; ppageno 0'>
   <div class='ocr_carea' id='block_1_1' title="bbox 258 382 398 449">
    <p class='ocr_par' dir='ltr' id='par_1_1' title="bbox 258 382 398 449">
     <span class='ocr_line' id='line_1_1' title="bbox 258 382 398 449; baseline -0.014 -1"><span class='ocrx_word' id='word_1_1' title='bbox 258 382 398 449; x_wconf 69' lang='grc'><strong>293⁸7</strong></span> 
     </span>
    </p>
   </div>
   <div class='ocr_carea' id='block_1_2' title="bbox 1251 379 2542 440">
    <p class='ocr_par' dir='ltr' id='par_1_2' title="bbox 1251 379 2542 440">
     <span class='ocr_line' id='line_1_2' title="bbox 1251 379 2542 440; baseline 0 -1"><span class='ocrx_word' id='word_1_2' title='bbox 1251 379 1518 439; x_wconf 74' lang='grc' dir='ltr'><strong>ΟΑΡΙιΤΑ</strong></span> <span class='ocrx_word' id='word_1_3' title='bbox 1558 379 1663 439; x_wconf 81' lang='lat' dir='ltr'><strong>VII</strong></span> <span class='ocrx_word' id='word_1_4' title='bbox 1706 379 1802 437; x_wconf 87' lang='lat' dir='ltr'><strong>DE</strong></span> <span class='ocrx_word' id='word_1_5' title='bbox 1842 380 2143 440; x_wconf 82' lang='lat' dir='ltr'><strong>DUABUS</strong></span> <span class='ocrx_word' id='word_1_6' title='bbox 2184 380 2542 440; x_wconf 67' lang='lat' dir='ltr'><strong>NATUR‘IS.</strong></span> 
     </span>
    </p>
   </div>
   <div class='ocr_carea' id='block_1_3' title="bbox 3378 373 3522 437">
    <p class='ocr_par' dir='ltr' id='par_1_3' title="bbox 3378 373 3522 437">
     <span class='ocr_line' id='line_1_3' title="bbox 3378 373 3522 437; baseline 0 0"><span class='ocrx_word' id='word_1_7' title='bbox 3378 373 3522 437; x_wconf 70' lang='lat'><strong>2938</strong></span> 
     </span>
    </p>
   </div>
   <div class='ocr_carea' id='block_1_4' title="bbox 259 484 1843 566">
    <p class='ocr_par' dir='ltr' id='par_1_4' title="bbox 259 492 1832 566">
     <span class='ocr_line' id='line_1_4' title="bbox 259 492 1832 566; baseline -0.008 -12"><span class='ocrx_word' id='word_1_8' title='bbox 259 500 359 555; x_wconf 65' lang='lat' dir='ltr'><strong>hri.</strong></span> <span class='ocrx_word' id='word_1_9' title='bbox 381 496 559 551; x_wconf 79' lang='grc' dir='ltr'>πώλου</span> <span class='ocrx_word' id='word_1_10' title='bbox 587 494 804 561; x_wconf 73' lang='grc' dir='ltr'>οἰκτροῦ</span> <span class='ocrx_word' id='word_1_11' title='bbox 867 494 959 545; x_wconf 72' lang='grc' dir='ltr'><strong>καὶ</strong></span> <span class='ocrx_word' id='word_1_12' title='bbox 1006 493 1202 562; x_wconf 68' lang='grc' dir='ltr'>μικροῦ</span> <span class='ocrx_word' id='word_1_13' title='bbox 1254 492 1561 566; x_wconf 81' lang='grc' dir='ltr'>καθήμενος</span> <span class='ocrx_word' id='word_1_14' title='bbox 1592 492 1832 559; x_wconf 72' lang='grc' dir='ltr'>ἔρχεται,</span> 
     </span>
    </p>
   </div>
   <div class='ocr_carea' id='block_1_5' title="bbox 1944 484 3517 566">
    <p class='ocr_par' dir='ltr' id='par_1_5' title="bbox 1944 484 3517 565">
     <span class='ocr_line' id='line_1_5' title="bbox 1944 484 3517 565; baseline -0.003 -20"><span class='ocrx_word' id='word_1_15' title='bbox 1944 506 2048 560; x_wconf 85' lang='lat' dir='ltr'><strong>quo</strong></span> <span class='ocrx_word' id='word_1_16' title='bbox 2077 492 2290 557; x_wconf 80' lang='lat' dir='ltr'><strong>doceat,</strong></span> <span class='ocrx_word' id='word_1_17' title='bbox 2322 501 2382 546; x_wconf 88' lang='lat' dir='ltr'><strong>ut</strong></span> <span class='ocrx_word' id='word_1_18' title='bbox 2428 506 2499 546; x_wconf 90' lang='lat' dir='ltr'><strong>ne</strong></span> <span class='ocrx_word' id='word_1_19' title='bbox 2552 490 2609 544; x_wconf 90' lang='lat' dir='ltr'><strong>in</strong></span> <span class='ocrx_word' id='word_1_20' title='bbox 2656 488 2815 558; x_wconf 86' lang='lat' dir='ltr'><strong>equis</strong></span> <span class='ocrx_word' id='word_1_21' title='bbox 2865 494 2922 542; x_wconf 90' lang='lat' dir='ltr'><strong>et</strong></span> <span class='ocrx_word' id='word_1_22' title='bbox 2973 486 3158 565; x_wconf 75' lang='lat' dir='ltr'><strong>mulis,</strong></span> <span class='ocrx_word' id='word_1_23' title='bbox 3196 484 3382 556; x_wconf 71' lang='lat' dir='ltr'><strong>quibus</strong></span> <span class='ocrx_word' id='word_1_24' title='bbox 3412 503 3517 540; x_wconf 82' lang='lat' dir='ltr'><strong>non</strong></span> 
     </span>
    </p>
   </div>
   <div class='ocr_carea' id='block_1_6' title="bbox 266 579 1831 655">
    <p class='ocr_par' dir='ltr' id='par_1_6' title="bbox 266 579 1831 655">
     <span class='ocr_line' id='line_1_6' title="bbox 266 579 1831 655; baseline -0.006 -12"><span class='ocrx_word' id='word_1_25' title='bbox 266 592 325 643; x_wconf 74' lang='grc' dir='ltr'><strong>σὲ</strong></span> <span class='ocrx_word' id='word_1_26' title='bbox 363 587 634 643; x_wconf 79' lang='grc' dir='ltr'><strong>παιδεύων</strong></span> <span class='ocrx_word' id='word_1_27' title='bbox 666 586 740 655; x_wconf 80' lang='grc' dir='ltr'>μὴ</span> <span class='ocrx_word' id='word_1_28' title='bbox 786 584 870 652; x_wconf 75' lang='grc' dir='ltr'><strong>ἐφ’</strong></span> <span class='ocrx_word' id='word_1_29' title='bbox 917 584 1097 636; x_wconf 73' lang='grc' dir='ltr'>ἵππων</span> <span class='ocrx_word' id='word_1_30' title='bbox 1140 583 1231 635; x_wconf 65' lang='grc' dir='ltr'><strong>καὶ</strong></span> <span class='ocrx_word' id='word_1_31' title='bbox 1273 581 1533 651; x_wconf 74' lang='grc' dir='ltr'>ἡμιόνων,</span> <span class='ocrx_word' id='word_1_32' title='bbox 1575 579 1662 645; x_wconf 81' lang='grc' dir='ltr'><strong>οἷς</strong></span> <span class='ocrx_word' id='word_1_33' title='bbox 1720 583 1831 634; x_wconf 80' lang='grc' dir='ltr'><strong>οὐκ</strong></span> 
     </span>
    </p>
   </div>
   <div class='ocr_carea' id='block_1_7' title="bbox 262 672 1838 746">
    <p class='ocr_par' dir='ltr' id='par_1_7' title="bbox 262 672 1838 746">
     <span class='ocr_line' id='line_1_7' title="bbox 262 672 1838 746; baseline -0.009 -10"><span class='ocrx_word' id='word_1_34' title='bbox 262 683 394 736; x_wconf 76' lang='grc' dir='ltr'>ἐστι</span> <span class='ocrx_word' id='word_1_35' title='bbox 410 680 685 741; x_wconf 82' lang='grc' dir='ltr'>σύνεσις,</span> <span class='ocrx_word' id='word_1_36' title='bbox 705 674 1050 746; x_wconf 73' lang='grc' dir='ltr'>ἐπαίρεσθαι.</span> <span class='ocrx_word' id='word_1_37' title='bbox 1072 673 1162 726; x_wconf 77' lang='grc' dir='ltr'><strong>Διὸ</strong></span> <span class='ocrx_word' id='word_1_38' title='bbox 1192 675 1284 725; x_wconf 81' lang='grc' dir='ltr'><strong>καὶ</strong></span> <span class='ocrx_word' id='word_1_39' title='bbox 1311 677 1471 742; x_wconf 77' lang='grc' dir='ltr'>ἡμεῖς</span> <span class='ocrx_word' id='word_1_40' title='bbox 1498 672 1838 741; x_wconf 70' lang='grc' dir='ltr'>συμμετριὰ-</span> 
     </span>
    </p>
   </div>
   <div class='ocr_carea' id='block_1_8' title="bbox 265 761 1836 840">
    <p class='ocr_par' dir='ltr' id='par_1_8' title="bbox 265 761 1836 840">
     <span class='ocr_line' id='line_1_8' title="bbox 265 761 1836 840; baseline -0.008 -16"><span class='ocrx_word' id='word_1_41' title='bbox 265 788 448 840; x_wconf 87' lang='grc' dir='ltr'>σωμεν</span> <span class='ocrx_word' id='word_1_42' title='bbox 477 766 718 838; x_wconf 80' lang='grc' dir='ltr'><strong>Χριστῷ,</strong></span> <span class='ocrx_word' id='word_1_43' title='bbox 756 767 845 818; x_wconf 81' lang='grc' dir='ltr'><strong>ἴνα</strong></span> <span class='ocrx_word' id='word_1_44' title='bbox 876 764 972 817; x_wconf 79' lang='grc' dir='ltr'>καὶ</span> <span class='ocrx_word' id='word_1_45' title='bbox 1005 763 1390 833; x_wconf 51' lang='grc' dir='ltr'>συνέλθωμεν)</span> <span class='ocrx_word' id='word_1_46' title='bbox 1426 762 1565 831; x_wconf 86' lang='grc' dir='ltr'><strong>μετὰ</strong></span> <span class='ocrx_word' id='word_1_47' title='bbox 1588 761 1836 829; x_wconf 78' lang='grc' dir='ltr'>ἀγγέλων</span> 
     </span>
    </p>
   </div>
   <div class='ocr_carea' id='block_1_9' title="bbox 262 846 1837 929">
    <p class='ocr_par' dir='ltr' id='par_1_9' title="bbox 262 846 1837 929">
     <span class='ocr_line' id='line_1_9' title="bbox 262 846 1837 929; baseline -0.006 -17"><span class='ocrx_word' id='word_1_48' title='bbox 262 862 633 929; x_wconf 71' lang='grc' dir='ltr'>ὑμνήσωμεν·</span> <span class='ocrx_word' id='word_1_49' title='bbox 681 858 819 928; x_wconf 78' lang='grc' dir='ltr'>μετὰ</span> <span class='ocrx_word' id='word_1_50' title='bbox 874 855 983 909; x_wconf 83' lang='grc' dir='ltr'><strong>τῶν</strong></span> <span class='ocrx_word' id='word_1_51' title='bbox 1034 854 1241 907; x_wconf 80' lang='grc' dir='ltr'>παίδων</span> <span class='ocrx_word' id='word_1_52' title='bbox 1284 846 1599 921; x_wconf 78' lang='grc' dir='ltr'>δὀξάσωμεν</span> <span class='ocrx_word' id='word_1_53' title='bbox 1628 868 1641 882; x_wconf 86' lang='grc'><strong>·</strong></span> <span class='ocrx_word' id='word_1_54' title='bbox 1697 851 1837 920; x_wconf 81' lang='grc' dir='ltr'>μετὰ</span> 
     </span>
    </p>
   </div>
   <div class='ocr_carea' id='block_1_10' title="bbox 263 938 1840 1016">
    <p class='ocr_par' dir='ltr' id='par_1_10' title="bbox 263 938 1840 1016">
     <span class='ocr_line' id='line_1_10' title="bbox 263 938 1840 1016; baseline -0.005 -17"><span class='ocrx_word' id='word_1_55' title='bbox 263 946 360 999; x_wconf 83' lang='grc' dir='ltr'>τοῦ</span> <span class='ocrx_word' id='word_1_56' title='bbox 388 947 543 1016; x_wconf 72' lang='grc' dir='ltr'>δχλου</span> <span class='ocrx_word' id='word_1_57' title='bbox 576 947 645 1000; x_wconf 83' lang='grc' dir='ltr'>τὰ</span> <span class='ocrx_word' id='word_1_58' title='bbox 678 944 773 999; x_wconf 83' lang='grc' dir='ltr'>τοῦ</span> <span class='ocrx_word' id='word_1_59' title='bbox 806 944 967 1014; x_wconf 74' lang='grc' dir='ltr'>ὄχλου</span> <span class='ocrx_word' id='word_1_60' title='bbox 1008 944 1294 1013; x_wconf 80' lang='grc' dir='ltr'>βοήσωμεν</span> <span class='ocrx_word' id='word_1_61' title='bbox 1321 957 1335 971; x_wconf 85' lang='grc'><em>’</em></span> <span class='ocrx_word' id='word_1_62' title='bbox 1397 941 1535 1009; x_wconf 78' lang='grc' dir='ltr'>μετὰ</span> <span class='ocrx_word' id='word_1_63' title='bbox 1569 938 1840 1008; x_wconf 74' lang='grc' dir='ltr'><strong>Βηθανίας</strong></span> 
     </span>
    </p>
   </div>
   <div class='ocr_carea' id='block_1_11' title="bbox 274 1032 1838 1108">
    <p class='ocr_par' dir='ltr' id='par_1_11' title="bbox 274 1032 1838 1108">
     <span class='ocr_line' id='line_1_11' title="bbox 274 1032 1838 1108; baseline -0.004 -18"><span class='ocrx_word' id='word_1_64' title='bbox 274 1039 682 1108; x_wconf 84' lang='grc' dir='ltr'>σκιρτήσωμεν·</span> <span class='ocrx_word' id='word_1_65' title='bbox 729 1035 868 1105; x_wconf 80' lang='grc' dir='ltr'>μετὰ</span> <span class='ocrx_word' id='word_1_66' title='bbox 919 1032 1169 1106; x_wconf 78' lang='grc' dir='ltr'>Λαζάρου</span> <span class='ocrx_word' id='word_1_67' title='bbox 1209 1034 1317 1086; x_wconf 86' lang='grc' dir='ltr'><strong>τῶν</strong></span> <span class='ocrx_word' id='word_1_68' title='bbox 1383 1032 1597 1102; x_wconf 83' lang='grc' dir='ltr'>νεκρῶν</span> <span class='ocrx_word' id='word_1_69' title='bbox 1660 1032 1838 1101; x_wconf 77' lang='grc' dir='ltr'>ἔργων</span> 
     </span>
    </p>
   </div>
   <div class='ocr_carea' id='block_1_12' title="bbox 266 1119 1839 1194">
    <p class='ocr_par' dir='ltr' id='par_1_12' title="bbox 266 1119 1839 1194">
     <span class='ocr_line' id='line_1_12' title="bbox 266 1119 1839 1194; baseline -0.004 -15"><span class='ocrx_word' id='word_1_70' title='bbox 266 1125 618 1194; x_wconf 78' lang='grc' dir='ltr'>ἀναστῶμενο</span> <span class='ocrx_word' id='word_1_71' title='bbox 669 1124 808 1194; x_wconf 76' lang='grc' dir='ltr'>μετὰ</span> <span class='ocrx_word' id='word_1_72' title='bbox 850 1122 960 1177; x_wconf 83' lang='grc' dir='ltr'><strong>τῶν</strong></span> <span class='ocrx_word' id='word_1_73' title='bbox 1012 1125 1071 1175; x_wconf 72' lang='grc' dir='ltr'>ὲν</span> <span class='ocrx_word' id='word_1_74' title='bbox 1108 1121 1247 1174; x_wconf 88' lang='grc' dir='ltr'>Σιὼν</span> <span class='ocrx_word' id='word_1_75' title='bbox 1293 1122 1659 1191; x_wconf 73' lang='grc' dir='ltr'>χορεύσωμεψ</span> <span class='ocrx_word' id='word_1_76' title='bbox 1703 1119 1839 1190; x_wconf 79' lang='grc' dir='ltr'>μετὰ</span> 
     </span>
    </p>
   </div>
   <div class='ocr_carea' id='block_1_13' title="bbox 266 1211 1837 1285">
    <p class='ocr_par' dir='ltr' id='par_1_13' title="bbox 266 1211 1837 1285">
     <span class='ocr_line' id='line_1_13' title="bbox 266 1211 1837 1285; baseline -0.004 -15"><span class='ocrx_word' id='word_1_77' title='bbox 266 1216 378 1270; x_wconf 82' lang='grc' dir='ltr'><strong>τῶν</strong></span> <span class='ocrx_word' id='word_1_78' title='bbox 404 1216 814 1285; x_wconf 79' lang='grc' dir='ltr'>ἁναδλεψάντων</span> <span class='ocrx_word' id='word_1_79' title='bbox 832 1214 1046 1283; x_wconf 77' lang='grc' dir='ltr'>τυφλῶν</span> <span class='ocrx_word' id='word_1_80' title='bbox 1076 1211 1367 1284; x_wconf 82' lang='grc' dir='ltr'>κράξωμεν</span> <span class='ocrx_word' id='word_1_81' title='bbox 1391 1228 1405 1244; x_wconf 88' lang='grc'><strong>·</strong></span> <span class='ocrx_word' id='word_1_82' title='bbox 1439 1211 1579 1282; x_wconf 76' lang='grc' dir='ltr'>μετὰ</span> <span class='ocrx_word' id='word_1_83' title='bbox 1626 1212 1837 1281; x_wconf 81' lang='grc' dir='ltr'>νηπίων</span> 
     </span>
    </p>
   </div>
   <div class='ocr_carea' id='block_1_14' title="bbox 268 1292 1838 1380">
    <p class='ocr_par' dir='ltr' id='par_1_14' title="bbox 268 1292 1838 1380">
     <span class='ocr_line' id='line_1_14' title="bbox 268 1292 1838 1380; baseline -0.004 -18"><span class='ocrx_word' id='word_1_84' title='bbox 268 1309 366 1362; x_wconf 74' lang='grc' dir='ltr'>καὶ</span> <span class='ocrx_word' id='word_1_85' title='bbox 394 1308 663 1380; x_wconf 84' lang='grc' dir='ltr'>γερόντων</span> <span class='ocrx_word' id='word_1_86' title='bbox 684 1292 988 1375; x_wconf 74' lang='grc' dir='ltr'>αἰνέσωμεν</span> <span class='ocrx_word' id='word_1_87' title='bbox 1007 1322 1021 1337; x_wconf 80' lang='grc' dir='ltr'><strong><em>ο</em></strong></span> <span class='ocrx_word' id='word_1_88' title='bbox 1050 1306 1188 1375; x_wconf 82' lang='grc' dir='ltr'><strong>μετὰ</strong></span> <span class='ocrx_word' id='word_1_89' title='bbox 1211 1304 1466 1375; x_wconf 80' lang='grc' dir='ltr'>μαθητῶν</span> <span class='ocrx_word' id='word_1_90' title='bbox 1492 1304 1838 1375; x_wconf 79' lang='grc' dir='ltr'>κηρύξωμεν·</span> 
     </span>
    </p>
   </div>
   <div class='ocr_carea' id='block_1_15' title="bbox 268 1391 1844 1464">
    <p class='ocr_par' dir='ltr' id='par_1_15' title="bbox 268 1391 1844 1464">
     <span class='ocr_line' id='line_1_15' title="bbox 268 1391 1844 1464; baseline -0.003 -15"><span class='ocrx_word' id='word_1_91' title='bbox 268 1397 469 1451; x_wconf 68' lang='grc' dir='ltr'>ἐλαιῶν</span> <span class='ocrx_word' id='word_1_92' title='bbox 498 1397 724 1459; x_wconf 82' lang='grc' dir='ltr'><strong>κλάδους</strong></span> <span class='ocrx_word' id='word_1_93' title='bbox 761 1395 830 1448; x_wconf 80' lang='grc' dir='ltr'><strong>δι’</strong></span> <span class='ocrx_word' id='word_1_94' title='bbox 882 1394 1257 1463; x_wconf 84' lang='grc' dir='ltr'>ἐλεημοσύνης</span> <span class='ocrx_word' id='word_1_95' title='bbox 1285 1397 1343 1447; x_wconf 79' lang='grc' dir='ltr'>ὲν</span> <span class='ocrx_word' id='word_1_96' title='bbox 1374 1396 1438 1464; x_wconf 82' lang='grc' dir='ltr'>τῇ</span> <span class='ocrx_word' id='word_1_97' title='bbox 1467 1393 1562 1446; x_wconf 83' lang='grc' dir='ltr'><strong>τοῦ</strong></span> <span class='ocrx_word' id='word_1_98' title='bbox 1597 1394 1714 1463; x_wconf 82' lang='grc' dir='ltr'>βίου</span> <span class='ocrx_word' id='word_1_99' title='bbox 1741 1391 1844 1461; x_wconf 84' lang='grc' dir='ltr'><strong>ὁδῷ</strong></span> 
     </span>
    </p>
   </div>
   <div class='ocr_carea' id='block_1_16' title="bbox 269 1483 1845 1558">
    <p class='ocr_par' dir='ltr' id='par_1_16' title="bbox 269 1483 1845 1558">
     <span class='ocr_line' id='line_1_16' title="bbox 269 1483 1845 1558; baseline -0.004 -16"><span class='ocrx_word' id='word_1_100' title='bbox 269 1488 453 1551; x_wconf 85' lang='grc' dir='ltr'>καλῶς</span> <span class='ocrx_word' id='word_1_101' title='bbox 509 1486 947 1558; x_wconf 78' lang='grc' dir='ltr'>ὑποστρώσωμεν</span> <span class='ocrx_word' id='word_1_102' title='bbox 970 1500 986 1519; x_wconf 82' lang='grc'><strong><em>⁸</em></strong></span> <span class='ocrx_word' id='word_1_103' title='bbox 1043 1486 1186 1541; x_wconf 73' lang='grc' dir='ltr'>κατὰ</span> <span class='ocrx_word' id='word_1_104' title='bbox 1217 1487 1344 1548; x_wconf 76' lang='grc' dir='ltr'>τοὺς</span> <span class='ocrx_word' id='word_1_105' title='bbox 1383 1486 1579 1549; x_wconf 81' lang='grc' dir='ltr'>παῖδας</span> <span class='ocrx_word' id='word_1_106' title='bbox 1617 1483 1845 1555; x_wconf 78' lang='grc' dir='ltr'>περικό-</span> 
     </span>
    </p>
   </div>
   <div class='ocr_carea' id='block_1_17' title="bbox 266 1574 1845 1648">
    <p class='ocr_par' dir='ltr' id='par_1_17' title="bbox 266 1574 1845 1648">
     <span class='ocr_line' id='line_1_17' title="bbox 266 1574 1845 1648; baseline -0.005 -16"><span class='ocrx_word' id='word_1_107' title='bbox 266 1579 462 1648; x_wconf 75' lang='grc' dir='ltr'>ψωμεν</span> <span class='ocrx_word' id='word_1_108' title='bbox 504 1577 604 1648; x_wconf 80' lang='grc' dir='ltr'>τῆς</span> <span class='ocrx_word' id='word_1_109' title='bbox 659 1577 929 1631; x_wconf 79' lang='grc' dir='ltr'>πολυΰλου</span> <span class='ocrx_word' id='word_1_110' title='bbox 988 1576 1142 1647; x_wconf 75' lang='grc' dir='ltr'>ἡμῶν</span> <span class='ocrx_word' id='word_1_111' title='bbox 1196 1575 1483 1647; x_wconf 76' lang='grc' dir='ltr'>ὑπάρξεως</span> <span class='ocrx_word' id='word_1_112' title='bbox 1515 1575 1607 1629; x_wconf 83' lang='grc' dir='ltr'>τὸν</span> <span class='ocrx_word' id='word_1_113' title='bbox 1639 1574 1803 1642; x_wconf 74' lang='grc' dir='ltr'>ὄγκον</span> <span class='ocrx_word' id='word_1_114' title='bbox 1829 1588 1845 1603; x_wconf 70' lang='grc'><strong><em>³</em></strong></span> 
     </span>
    </p>
   </div>
   <div class='ocr_carea' id='block_1_18' title="bbox 271 1654 1858 1741">
    <p class='ocr_par' dir='ltr' id='par_1_18' title="bbox 271 1654 1858 1741">
     <span class='ocr_line' id='line_1_18' title="bbox 271 1654 1858 1741; baseline -0.004 -18"><span class='ocrx_word' id='word_1_115' title='bbox 271 1670 369 1723; x_wconf 70' lang='grc' dir='ltr'><strong>καὶ</strong></span> <span class='ocrx_word' id='word_1_116' title='bbox 416 1669 754 1741; x_wconf 73' lang='grc' dir='ltr'>ἐλεημοσύνῃ</span> <span class='ocrx_word' id='word_1_117' title='bbox 788 1670 1015 1731; x_wconf 79' lang='grc' dir='ltr'>ἑαυτοὺς</span> <span class='ocrx_word' id='word_1_118' title='bbox 1052 1668 1493 1738; x_wconf 81' lang='grc' dir='ltr'>ὐποστρὼσωμεν</span> <span class='ocrx_word' id='word_1_119' title='bbox 1547 1666 1606 1719; x_wconf 75' lang='grc' dir='ltr'>ὲν</span> <span class='ocrx_word' id='word_1_120' title='bbox 1639 1669 1706 1738; x_wconf 81' lang='grc' dir='ltr'>τῇ</span> <span class='ocrx_word' id='word_1_121' title='bbox 1741 1654 1858 1737; x_wconf 78' lang='grc' dir='ltr'><strong>6δῷ</strong></span> 
     </span>
    </p>
   </div>
   <div class='ocr_carea' id='block_1_19' title="bbox 270 1759 1847 1845">
    <p class='ocr_par' dir='ltr' id='par_1_19' title="bbox 270 1759 1847 1845">
     <span class='ocr_line' id='line_1_19' title="bbox 270 1759 1847 1845; baseline 0 -32"><span class='ocrx_word' id='word_1_122' title='bbox 270 1763 340 1831; x_wconf 78' lang='grc' dir='ltr'>τῇ</span> <span class='ocrx_word' id='word_1_123' title='bbox 374 1759 608 1832; x_wconf 80' lang='grc' dir='ltr'>λεγούσῃ</span> <span class='ocrx_word' id='word_1_124' title='bbox 635 1777 648 1791; x_wconf 89' lang='grc'><strong>·</strong></span> <span class='ocrx_word' id='word_1_125' title='bbox 693 1761 834 1830; x_wconf 76' lang='grc' dir='ltr'><strong>Ἐγώ</strong></span> <span class='ocrx_word' id='word_1_126' title='bbox 867 1760 1057 1845; x_wconf 63' lang='grc' dir='ltr'>εἰμι-ἠ</span> <span class='ocrx_word' id='word_1_127' title='bbox 1095 1759 1254 1825; x_wconf 83' lang='grc' dir='ltr'><strong>όδός’</strong></span> <span class='ocrx_word' id='word_1_128' title='bbox 1286 1761 1435 1822; x_wconf 86' lang='grc' dir='ltr'>ὅπως</span> <span class='ocrx_word' id='word_1_129' title='bbox 1464 1759 1561 1812; x_wconf 79' lang='grc' dir='ltr'>καὶ</span> <span class='ocrx_word' id='word_1_130' title='bbox 1588 1760 1754 1830; x_wconf 75' lang='grc' dir='ltr'>ἡμεῖς</span> <span class='ocrx_word' id='word_1_131' title='bbox 1778 1759 1847 1813; x_wconf 83' lang='grc' dir='ltr'><strong>δι’</strong></span> 
     </span>
    </p>
   </div>
   <div class='ocr_carea' id='block_1_20' title="bbox 1933 575 3519 652">
    <p class='ocr_par' dir='ltr' id='par_1_20' title="bbox 1933 575 3519 652">
     <span class='ocr_line' id='line_1_20' title="bbox 1933 575 3519 652; baseline -0.002 -19"><span class='ocrx_word' id='word_1_132' title='bbox 1933 590 2008 634; x_wconf 77' lang='lat' dir='ltr'><strong>est</strong></span> <span class='ocrx_word' id='word_1_133' title='bbox 2059 580 2445 652; x_wconf 69' lang='lat' dir='ltr'><strong>inteUectus&quot;,</strong></span> <span class='ocrx_word' id='word_1_134' title='bbox 2476 579 2747 635; x_wconf 75' lang='lat' dir='ltr'><strong>eﬂ‘eraris.</strong></span> <span class='ocrx_word' id='word_1_135' title='bbox 2782 576 3020 633; x_wconf 84' lang='lat' dir='ltr'><strong>Proinde</strong></span> <span class='ocrx_word' id='word_1_136' title='bbox 3054 591 3155 631; x_wconf 87' lang='lat' dir='ltr'><strong>nos</strong></span> <span class='ocrx_word' id='word_1_137' title='bbox 3188 575 3357 631; x_wconf 87' lang='lat' dir='ltr'><strong>etiam</strong></span> <span class='ocrx_word' id='word_1_138' title='bbox 3409 591 3519 630; x_wconf 83' lang='lat' dir='ltr'><strong>una</strong></span> 
     </span>
    </p>
   </div>
   <div class='ocr_carea' id='block_1_21' title="bbox 1934 666 3520 734">
    <p class='ocr_par' dir='ltr' id='par_1_21' title="bbox 1934 666 3520 734">
     <span class='ocr_line' id='line_1_21' title="bbox 1934 666 3520 734; baseline -0.003 -8"><span class='ocrx_word' id='word_1_139' title='bbox 1934 666 2058 726; x_wconf 86' lang='lat' dir='ltr'><strong>cum</strong></span> <span class='ocrx_word' id='word_1_140' title='bbox 2084 672 2307 727; x_wconf 82' lang='lat' dir='ltr'><strong>Christo</strong></span> <span class='ocrx_word' id='word_1_141' title='bbox 2330 671 2651 726; x_wconf 76' lang='lat' dir='ltr'><strong>modestiam</strong></span> <span class='ocrx_word' id='word_1_142' title='bbox 2674 670 2941 734; x_wconf 89' lang='lat' dir='ltr'><strong>colamus,</strong></span> <span class='ocrx_word' id='word_1_143' title='bbox 2966 676 3029 721; x_wconf 90' lang='lat' dir='ltr'><strong>ut</strong></span> <span class='ocrx_word' id='word_1_144' title='bbox 3059 666 3299 721; x_wconf 80' lang='lat' dir='ltr'><strong>ct-simul</strong></span> <span class='ocrx_word' id='word_1_145' title='bbox 3327 681 3520 723; x_wconf 84' lang='lat' dir='ltr'><strong>ascen-</strong></span> 
     </span>
    </p>
   </div>
   <div class='ocr_carea' id='block_1_22' title="bbox 1934 758 3515 832">
    <p class='ocr_par' dir='ltr' id='par_1_22' title="bbox 1934 758 3515 832">
     <span class='ocr_line' id='line_1_22' title="bbox 1934 758 3515 832; baseline -0.005 -15"><span class='ocrx_word' id='word_1_146' title='bbox 1934 763 2128 817; x_wconf 92' lang='lat' dir='ltr'><strong>damus</strong></span> <span class='ocrx_word' id='word_1_147' title='bbox 2178 780 2191 816; x_wconf 94' lang='lat'><strong>:</strong></span> <span class='ocrx_word' id='word_1_148' title='bbox 2242 778 2369 817; x_wconf 90' lang='lat' dir='ltr'><strong>cum</strong></span> <span class='ocrx_word' id='word_1_149' title='bbox 2417 762 2627 832; x_wconf 80' lang='lat' dir='ltr'><strong>angelis</strong></span> <span class='ocrx_word' id='word_1_150' title='bbox 2668 774 3029 828; x_wconf 86' lang='lat' dir='ltr'><strong>personemus</strong></span> <span class='ocrx_word' id='word_1_151' title='bbox 3074 758 3323 828; x_wconf 80' lang='lat' dir='ltr'><strong>bymnos-</strong></span> <span class='ocrx_word' id='word_1_152' title='bbox 3352 771 3515 811; x_wconf 88' lang='lat' dir='ltr'><strong>:cum</strong></span> 
     </span>
    </p>
   </div>
   <div class='ocr_carea' id='block_1_23' title="bbox 1939 847 3521 924">
    <p class='ocr_par' dir='ltr' id='par_1_23' title="bbox 1939 847 3521 924">
     <span class='ocr_line' id='line_1_23' title="bbox 1939 847 3521 924; baseline -0.005 -15"><span class='ocrx_word' id='word_1_153' title='bbox 1939 854 2127 923; x_wconf 83' lang='lat' dir='ltr'><strong>pueris</strong></span> <span class='ocrx_word' id='word_1_154' title='bbox 2164 853 2570 924; x_wconf 81' lang='lat' dir='ltr'><strong>giorilicemus:</strong></span> <span class='ocrx_word' id='word_1_155' title='bbox 2603 866 2729 907; x_wconf 86' lang='lat' dir='ltr'><strong>cum</strong></span> <span class='ocrx_word' id='word_1_156' title='bbox 2784 851 2968 915; x_wconf 89' lang='lat' dir='ltr'><strong>turba,</strong></span> <span class='ocrx_word' id='word_1_157' title='bbox 3024 848 3215 904; x_wconf 87' lang='lat' dir='ltr'><strong>eadem</strong></span> <span class='ocrx_word' id='word_1_158' title='bbox 3275 863 3340 903; x_wconf 89' lang='lat' dir='ltr'><strong>ac</strong></span> <span class='ocrx_word' id='word_1_159' title='bbox 3405 847 3521 917; x_wconf 88' lang='lat' dir='ltr'><strong>ipsa</strong></span> 
     </span>
    </p>
   </div>
   <div class='ocr_carea' id='block_1_24' title="bbox 1939 939 3534 1003">
    <p class='ocr_par' dir='ltr' id='par_1_24' title="bbox 1939 939 3534 1003">
     <span class='ocr_line' id='line_1_24' title="bbox 1939 939 3534 1003; baseline -0.005 -5"><span class='ocrx_word' id='word_1_160' title='bbox 1939 946 2238 1000; x_wconf 89' lang='lat' dir='ltr'><strong>elamcmns</strong></span> <span class='ocrx_word' id='word_1_161' title='bbox 2263 962 2275 997; x_wconf 93' lang='lat'><strong>:</strong></span> <span class='ocrx_word' id='word_1_162' title='bbox 2301 959 2425 999; x_wconf 90' lang='lat' dir='ltr'><strong>cum</strong></span> <span class='ocrx_word' id='word_1_163' title='bbox 2448 943 2715 998; x_wconf 76' lang='lat' dir='ltr'><strong>Bethania</strong></span> <span class='ocrx_word' id='word_1_164' title='bbox 2743 940 3084 997; x_wconf 79' lang='lat' dir='ltr'><strong>exsultemus</strong></span> <span class='ocrx_word' id='word_1_165' title='bbox 3106 958 3121 993; x_wconf 94' lang='lat'><strong>:</strong></span> <span class='ocrx_word' id='word_1_166' title='bbox 3147 955 3272 995; x_wconf 89' lang='lat' dir='ltr'><strong>cum</strong></span> <span class='ocrx_word' id='word_1_167' title='bbox 3291 939 3534 1003; x_wconf 77' lang='lat' dir='ltr'><strong>Lazaro,.</strong></span> 
     </span>
    </p>
   </div>
   <div class='ocr_carea' id='block_1_25' title="bbox 1940 1032 3523 1108">
    <p class='ocr_par' dir='ltr' id='par_1_25' title="bbox 1940 1032 3523 1108">
     <span class='ocr_line' id='line_1_25' title="bbox 1940 1032 3523 1108; baseline -0.003 -17"><span class='ocrx_word' id='word_1_168' title='bbox 1940 1037 2010 1091; x_wconf 91' lang='lat' dir='ltr'><strong>ab</strong></span> <span class='ocrx_word' id='word_1_169' title='bbox 2041 1037 2306 1108; x_wconf 87' lang='lat' dir='ltr'><strong>operibus</strong></span> <span class='ocrx_word' id='word_1_170' title='bbox 2343 1036 2581 1091; x_wconf 80' lang='lat' dir='ltr'><strong>mortuis</strong></span> <span class='ocrx_word' id='word_1_171' title='bbox 2631 1048 3175 1104; x_wconf 78' lang='lat' dir='ltr'><strong>resurgamus:-cum</strong></span> <span class='ocrx_word' id='word_1_172' title='bbox 3209 1032 3393 1088; x_wconf 89' lang='lat' dir='ltr'><strong>Sionis</strong></span> <span class='ocrx_word' id='word_1_173' title='bbox 3436 1032 3523 1087; x_wconf 88' lang='lat' dir='ltr'><strong>in-</strong></span> 
     </span>
    </p>
   </div>
   <div class='ocr_carea' id='block_1_26' title="bbox 1940 1112 3526 1197">
    <p class='ocr_par' dir='ltr' id='par_1_26' title="bbox 1940 1112 3526 1197">
     <span class='ocr_line' id='line_1_26' title="bbox 1940 1112 3526 1197; baseline -0.004 -14"><span class='ocrx_word' id='word_1_174' title='bbox 1940 1128 2079 1184; x_wconf 87' lang='lat' dir='ltr'><strong>colis</strong></span> <span class='ocrx_word' id='word_1_175' title='bbox 2138 1128 2338 1182; x_wconf 87' lang='lat' dir='ltr'><strong>choros</strong></span> <span class='ocrx_word' id='word_1_176' title='bbox 2384 1128 2688 1197; x_wconf 81' lang='lat' dir='ltr'><strong>agitemus:</strong></span> <span class='ocrx_word' id='word_1_177' title='bbox 2726 1140 2853 1180; x_wconf 91' lang='lat' dir='ltr'><strong>cum</strong></span> <span class='ocrx_word' id='word_1_178' title='bbox 2912 1124 3071 1179; x_wconf 67' lang='lat' dir='ltr'><strong>caecis</strong></span> <span class='ocrx_word' id='word_1_179' title='bbox 3118 1112 3322 1194; x_wconf 84' lang='lat' dir='ltr'><strong>quibus</strong></span> <span class='ocrx_word' id='word_1_180' title='bbox 3371 1123 3526 1177; x_wconf 82' lang='lat' dir='ltr'><strong>visus</strong></span> 
     </span>
    </p>
   </div>
   <div class='ocr_carea' id='block_1_27' title="bbox 1914 1214 3526 1287">
    <p class='ocr_par' dir='ltr' id='par_1_27' title="bbox 1914 1214 3526 1287">
     <span class='ocr_line' id='line_1_27' title="bbox 1914 1214 3526 1287; baseline -0.004 -13"><span class='ocrx_word' id='word_1_181' title='bbox 1914 1220 2227 1276; x_wconf 81' lang='lat' dir='ltr'><strong>‘restitutus</strong></span> <span class='ocrx_word' id='word_1_182' title='bbox 2279 1218 2403 1282; x_wconf 82' lang='lat' dir='ltr'><strong>fuit,</strong></span> <span class='ocrx_word' id='word_1_183' title='bbox 2450 1218 2787 1273; x_wconf 88' lang='lat' dir='ltr'><strong>clamemus:</strong></span> <span class='ocrx_word' id='word_1_184' title='bbox 2819 1232 2943 1273; x_wconf 90' lang='lat' dir='ltr'><strong>cum</strong></span> <span class='ocrx_word' id='word_1_185' title='bbox 2994 1214 3184 1287; x_wconf 88' lang='lat' dir='ltr'><strong>pueris</strong></span> <span class='ocrx_word' id='word_1_186' title='bbox 3211 1222 3268 1268; x_wconf 90' lang='lat' dir='ltr'><strong>et</strong></span> <span class='ocrx_word' id='word_1_187' title='bbox 3300 1214 3526 1268; x_wconf 84' lang='lat' dir='ltr'><strong>senibus</strong></span> 
     </span>
    </p>
   </div>
   <div class='ocr_carea' id='block_1_28' title="bbox 1942 1304 3527 1380">
    <p class='ocr_par' dir='ltr' id='par_1_28' title="bbox 1942 1304 3527 1380">
     <span class='ocr_line' id='line_1_28' title="bbox 1942 1304 3527 1380; baseline -0.003 -16"><span class='ocrx_word' id='word_1_188' title='bbox 1942 1310 2268 1366; x_wconf 80' lang='lat' dir='ltr'><strong>laudemus:</strong></span> <span class='ocrx_word' id='word_1_189' title='bbox 2302 1326 2425 1365; x_wconf 91' lang='lat' dir='ltr'><strong>cum</strong></span> <span class='ocrx_word' id='word_1_190' title='bbox 2460 1309 2750 1380; x_wconf 83' lang='lat' dir='ltr'><strong>discipulis</strong></span> <span class='ocrx_word' id='word_1_191' title='bbox 2777 1309 3141 1380; x_wconf 66' lang='lat' dir='ltr'><strong>praedicemus</strong></span> <span class='ocrx_word' id='word_1_192' title='bbox 3176 1321 3400 1361; x_wconf 90' lang='lat' dir='ltr'><strong>:ramos</strong></span> <span class='ocrx_word' id='word_1_193' title='bbox 3425 1304 3527 1360; x_wconf 80' lang='lat' dir='ltr'><strong>oli-</strong></span> 
     </span>
    </p>
   </div>
   <div class='ocr_carea' id='block_1_29' title="bbox 1942 1397 3524 1467">
    <p class='ocr_par' dir='ltr' id='par_1_29' title="bbox 1942 1397 3524 1467">
     <span class='ocr_line' id='line_1_29' title="bbox 1942 1397 3524 1467; baseline -0.001 -16"><span class='ocrx_word' id='word_1_194' title='bbox 1942 1413 2132 1452; x_wconf 82' lang='lat' dir='ltr'><strong>varum</strong></span> <span class='ocrx_word' id='word_1_195' title='bbox 2164 1413 2264 1467; x_wconf 87' lang='lat' dir='ltr'><strong>per</strong></span> <span class='ocrx_word' id='word_1_196' title='bbox 2296 1397 2731 1453; x_wconf 87' lang='lat' dir='ltr'><strong>misericordiam</strong></span> <span class='ocrx_word' id='word_1_197' title='bbox 2760 1399 2816 1452; x_wconf 91' lang='lat' dir='ltr'><strong>in</strong></span> <span class='ocrx_word' id='word_1_198' title='bbox 2848 1398 2974 1452; x_wconf 66' lang='lat' dir='ltr'><strong>vita:</strong></span> <span class='ocrx_word' id='word_1_199' title='bbox 3004 1398 3200 1451; x_wconf 86' lang='lat' dir='ltr'><strong>itinere</strong></span> <span class='ocrx_word' id='word_1_200' title='bbox 3224 1410 3524 1466; x_wconf 91' lang='lat' dir='ltr'><strong>puerorum</strong></span> 
     </span>
    </p>
   </div>
   <div class='ocr_carea' id='block_1_30' title="bbox 1946 1482 3529 1559">
    <p class='ocr_par' dir='ltr' id='par_1_30' title="bbox 1946 1482 3529 1559">
     <span class='ocr_line' id='line_1_30' title="bbox 1946 1482 3529 1559; baseline 0 -18"><span class='ocrx_word' id='word_1_201' title='bbox 1946 1502 2102 1542; x_wconf 87' lang='lat' dir='ltr'><strong>more</strong></span> <span class='ocrx_word' id='word_1_202' title='bbox 2133 1489 2237 1542; x_wconf 81' lang='lat' dir='ltr'><strong>rite</strong></span> <span class='ocrx_word' id='word_1_203' title='bbox 2277 1496 2589 1545; x_wconf 87' lang='lat' dir='ltr'><strong>sternamus</strong></span> <span class='ocrx_word' id='word_1_204' title='bbox 2617 1508 2628 1541; x_wconf 94' lang='lat'><strong>:</strong></span> <span class='ocrx_word' id='word_1_205' title='bbox 2661 1488 3124 1545; x_wconf 87' lang='lat' dir='ltr'><strong>cireumcidamus</strong></span> <span class='ocrx_word' id='word_1_206' title='bbox 3156 1489 3317 1559; x_wconf 78' lang='lat' dir='ltr'><strong>longe</strong></span> <span class='ocrx_word' id='word_1_207' title='bbox 3357 1482 3529 1542; x_wconf 66' lang='lat' dir='ltr'><strong>{nate-</strong></span> 
     </span>
    </p>
   </div>
   <div class='ocr_carea' id='block_1_31' title="bbox 1948 1577 3529 1648">
    <p class='ocr_par' dir='ltr' id='par_1_31' title="bbox 1948 1577 3529 1648">
     <span class='ocr_line' id='line_1_31' title="bbox 1948 1577 3529 1648; baseline -0.001 -16"><span class='ocrx_word' id='word_1_208' title='bbox 1948 1578 2101 1633; x_wconf 87' lang='lat' dir='ltr'><strong>rialis</strong></span> <span class='ocrx_word' id='word_1_209' title='bbox 2154 1589 2354 1634; x_wconf 69' lang='lat' dir='ltr'><strong>nostra:</strong></span> <span class='ocrx_word' id='word_1_210' title='bbox 2404 1579 2726 1635; x_wconf 74' lang='lat' dir='ltr'><strong>substantia:</strong></span> <span class='ocrx_word' id='word_1_211' title='bbox 2776 1581 2997 1644; x_wconf 90' lang='lat' dir='ltr'><strong>molem,</strong></span> <span class='ocrx_word' id='word_1_212' title='bbox 3051 1594 3263 1648; x_wconf 83' lang='lat' dir='ltr'><strong>nosque</strong></span> <span class='ocrx_word' id='word_1_213' title='bbox 3312 1577 3529 1632; x_wconf 89' lang='lat' dir='ltr'><strong>miseri-</strong></span> 
     </span>
    </p>
   </div>
   <div class='ocr_carea' id='block_1_32' title="bbox 1948 1670 3528 1743">
    <p class='ocr_par' dir='ltr' id='par_1_32' title="bbox 1948 1670 3528 1743">
     <span class='ocr_line' id='line_1_32' title="bbox 1948 1670 3528 1743; baseline -0.001 -18"><span class='ocrx_word' id='word_1_214' title='bbox 1948 1670 2152 1726; x_wconf 70' lang='lat' dir='ltr'><strong>cordias</strong></span> <span class='ocrx_word' id='word_1_215' title='bbox 2204 1672 2259 1725; x_wconf 90' lang='lat' dir='ltr'><strong>in</strong></span> <span class='ocrx_word' id='word_1_216' title='bbox 2297 1671 2385 1725; x_wconf 86' lang='lat' dir='ltr'><strong>via</strong></span> <span class='ocrx_word' id='word_1_217' title='bbox 2418 1671 2858 1738; x_wconf 86' lang='lat' dir='ltr'><strong>substernamus,</strong></span> <span class='ocrx_word' id='word_1_218' title='bbox 2907 1688 3031 1743; x_wconf 57' lang='lat' dir='ltr'><strong>quas</strong></span> <span class='ocrx_word' id='word_1_219' title='bbox 3058 1671 3229 1727; x_wconf 82' lang='lat' dir='ltr'><strong>dicit:</strong></span> <span class='ocrx_word' id='word_1_220' title='bbox 3272 1671 3386 1741; x_wconf 85' lang='lat' dir='ltr'><strong>Ego</strong></span> <span class='ocrx_word' id='word_1_221' title='bbox 3410 1685 3528 1724; x_wconf 79' lang='lat' dir='ltr'><strong>sum</strong></span> 
     </span>
    </p>
   </div>
   <div class='ocr_carea' id='block_1_33' title="bbox 1950 1761 3529 1833">
    <p class='ocr_par' dir='ltr' id='par_1_33' title="bbox 1950 1761 3529 1833">
     <span class='ocr_line' id='line_1_33' title="bbox 1950 1761 3529 1833; baseline -0.003 -16"><span class='ocrx_word' id='word_1_222' title='bbox 1950 1764 2090 1817; x_wconf 81' lang='lat' dir='ltr'><strong>via&quot;</strong></span> <span class='ocrx_word' id='word_1_223' title='bbox 2115 1780 2129 1815; x_wconf 92' lang='lat'><strong>:</strong></span> <span class='ocrx_word' id='word_1_224' title='bbox 2163 1771 2224 1817; x_wconf 90' lang='lat' dir='ltr'><strong>ut</strong></span> <span class='ocrx_word' id='word_1_225' title='bbox 2256 1773 2312 1819; x_wconf 87' lang='lat' dir='ltr'><strong>et</strong></span> <span class='ocrx_word' id='word_1_226' title='bbox 2352 1778 2452 1818; x_wconf 91' lang='lat' dir='ltr'><strong>nos</strong></span> <span class='ocrx_word' id='word_1_227' title='bbox 2480 1778 2579 1833; x_wconf 88' lang='lat' dir='ltr'><strong>per</strong></span> <span class='ocrx_word' id='word_1_228' title='bbox 2608 1778 2729 1818; x_wconf 90' lang='lat' dir='ltr'><strong>eam</strong></span> <span class='ocrx_word' id='word_1_229' title='bbox 2754 1772 2812 1818; x_wconf 87' lang='lat' dir='ltr'><strong>et</strong></span> <span class='ocrx_word' id='word_1_230' title='bbox 2838 1779 2963 1817; x_wconf 88' lang='lat' dir='ltr'><strong>eum</strong></span> <span class='ocrx_word' id='word_1_231' title='bbox 3001 1778 3064 1817; x_wconf 89' lang='lat' dir='ltr'><strong>ea</strong></span> <span class='ocrx_word' id='word_1_232' title='bbox 3090 1761 3529 1816; x_wconf 83' lang='lat' dir='ltr'><strong>misericordiam</strong></span> 
     </span>
    </p>
   </div>
   <div class='ocr_carea' id='block_1_34' title="bbox 274 1850 1843 1925">
    <p class='ocr_par' dir='ltr' id='par_1_34' title="bbox 274 1850 1835 1925">
     <span class='ocr_line' id='line_1_34' title="bbox 274 1850 1835 1925; baseline -0.001 -19"><span class='ocrx_word' id='word_1_233' title='bbox 274 1853 447 1923; x_wconf 79' lang='grc' dir='ltr'>αὐτῆς</span> <span class='ocrx_word' id='word_1_234' title='bbox 478 1852 728 1925; x_wconf 71' lang='grc' dir='ltr'>εὕρωμεν</span> <span class='ocrx_word' id='word_1_235' title='bbox 755 1852 908 1917; x_wconf 76' lang='grc' dir='ltr'>ἔλεος</span> <span class='ocrx_word' id='word_1_236' title='bbox 940 1853 1072 1923; x_wconf 82' lang='grc' dir='ltr'>παρ’</span> <span class='ocrx_word' id='word_1_237' title='bbox 1101 1852 1290 1923; x_wconf 82' lang='grc' dir='ltr'>αὐτῆς,</span> <span class='ocrx_word' id='word_1_238' title='bbox 1314 1852 1409 1905; x_wconf 75' lang='grc' dir='ltr'>καὶ</span> <span class='ocrx_word' id='word_1_239' title='bbox 1443 1852 1541 1905; x_wconf 83' lang='grc' dir='ltr'><strong>σὺν</strong></span> <span class='ocrx_word' id='word_1_240' title='bbox 1581 1850 1719 1922; x_wconf 74' lang='grc' dir='ltr'>αὐτῇ</span> <span class='ocrx_word' id='word_1_241' title='bbox 1753 1853 1835 1909; x_wconf 79' lang='grc' dir='ltr'><strong>εἰς</strong></span> 
     </span>
    </p>
   </div>
   <div class='ocr_carea' id='block_1_35' title="bbox 1944 1850 3529 1925">
    <p class='ocr_par' dir='ltr' id='par_1_35' title="bbox 1948 1850 3529 1924">
     <span class='ocr_line' id='line_1_35' title="bbox 1948 1850 3529 1924; baseline -0.001 -17"><span class='ocrx_word' id='word_1_242' title='bbox 1948 1852 2301 1907; x_wconf 82' lang='lat' dir='ltr'><strong>inveniamus</strong></span> <span class='ocrx_word' id='word_1_243' title='bbox 2327 1854 2385 1907; x_wconf 90' lang='lat' dir='ltr'><strong>in</strong></span> <span class='ocrx_word' id='word_1_244' title='bbox 2409 1868 2645 1923; x_wconf 85' lang='lat' dir='ltr'><strong>superna</strong></span> <span class='ocrx_word' id='word_1_245' title='bbox 2676 1853 2999 1909; x_wconf 78' lang='lat' dir='ltr'><strong>Jerusalem.</strong></span> <span class='ocrx_word' id='word_1_246' title='bbox 3026 1852 3083 1907; x_wconf 83' lang='lat' dir='ltr'><strong>In</strong></span> <span class='ocrx_word' id='word_1_247' title='bbox 3107 1868 3364 1924; x_wconf 76' lang='lat' dir='ltr'><strong>magnum</strong></span> <span class='ocrx_word' id='word_1_248' title='bbox 3392 1850 3529 1906; x_wconf 87' lang='lat' dir='ltr'><strong>illud</strong></span> 
     </span>
    </p>
   </div>
   <div class='ocr_carea' id='block_1_36' title="bbox 270 1940 1837 2014">
    <p class='ocr_par' dir='ltr' id='par_1_36' title="bbox 270 1940 1837 2014">
     <span class='ocr_line' id='line_1_36' title="bbox 270 1940 1837 2014; baseline 0 -19"><span class='ocrx_word' id='word_1_249' title='bbox 270 1942 373 2014; x_wconf 77' lang='grc' dir='ltr'>τὴν</span> <span class='ocrx_word' id='word_1_250' title='bbox 405 1942 516 1998; x_wconf 75' lang='grc' dir='ltr'>ἄνω</span> <span class='ocrx_word' id='word_1_251' title='bbox 542 1943 923 2014; x_wconf 80' lang='grc' dir='ltr'>Ἰερουσαλήμ.</span> <span class='ocrx_word' id='word_1_252' title='bbox 959 1943 1054 2007; x_wconf 83' lang='grc' dir='ltr'>Εἰς</span> <span class='ocrx_word' id='word_1_253' title='bbox 1081 1942 1142 1995; x_wconf 80' lang='grc' dir='ltr'>τὸ</span> <span class='ocrx_word' id='word_1_254' title='bbox 1169 1942 1312 2013; x_wconf 78' lang='grc' dir='ltr'>ἱερὸν</span> <span class='ocrx_word' id='word_1_255' title='bbox 1347 1942 1409 1994; x_wconf 82' lang='grc' dir='ltr'>τὸ</span> <span class='ocrx_word' id='word_1_256' title='bbox 1435 1940 1580 2010; x_wconf 84' lang='grc' dir='ltr'>μέγα</span> <span class='ocrx_word' id='word_1_257' title='bbox 1619 1958 1837 1996; x_wconf 79' lang='grc' dir='ltr'>συνεισ-</span> 
     </span>
    </p>
   </div>
   <div class='ocr_carea' id='block_1_37' title="bbox 272 2032 1839 2105">
    <p class='ocr_par' dir='ltr' id='par_1_37' title="bbox 272 2032 1839 2105">
     <span class='ocr_line' id='line_1_37' title="bbox 272 2032 1839 2105; baseline -0.001 -19"><span class='ocrx_word' id='word_1_258' title='bbox 272 2033 541 2104; x_wconf 53' lang='lat' dir='ltr'><strong>nam“,</strong></span> <span class='ocrx_word' id='word_1_259' title='bbox 571 2035 667 2088; x_wconf 77' lang='grc' dir='ltr'><strong>καὶ</strong></span> <span class='ocrx_word' id='word_1_260' title='bbox 695 2035 745 2087; x_wconf 83' lang='grc' dir='ltr'>οἱ</span> <span class='ocrx_word' id='word_1_261' title='bbox 771 2034 1123 2105; x_wconf 72' lang='grc' dir='ltr'>προάγοντες.</span> <span class='ocrx_word' id='word_1_262' title='bbox 1166 2033 1260 2086; x_wconf 77' lang='grc' dir='ltr'><strong>καὶ</strong></span> <span class='ocrx_word' id='word_1_263' title='bbox 1314 2032 1365 2086; x_wconf 85' lang='grc' dir='ltr'><strong>οἰ</strong></span> <span class='ocrx_word' id='word_1_264' title='bbox 1399 2032 1839 2095; x_wconf 65' lang='grc' dir='ltr'>ἀκολουθοῦντες</span> 
     </span>
    </p>
   </div>
   <div class='ocr_carea' id='block_1_38' title="bbox 274 2122 1846 2196">
    <p class='ocr_par' dir='ltr' id='par_1_38' title="bbox 274 2122 1846 2196">
     <span class='ocr_line' id='line_1_38' title="bbox 274 2122 1846 2196; baseline -0.001 -19"><span class='ocrx_word' id='word_1_265' title='bbox 274 2126 329 2178; x_wconf 87' lang='grc' dir='ltr'>οἱ</span> <span class='ocrx_word' id='word_1_266' title='bbox 359 2127 690 2195; x_wconf 77' lang='grc' dir='ltr'>προάγοντες</span> <span class='ocrx_word' id='word_1_267' title='bbox 718 2125 838 2196; x_wconf 75' lang='grc' dir='ltr'>μὲν,</span> <span class='ocrx_word' id='word_1_268' title='bbox 865 2127 914 2177; x_wconf 89' lang='grc' dir='ltr'><strong>οἰ</strong></span> <span class='ocrx_word' id='word_1_269' title='bbox 948 2126 1006 2178; x_wconf 70' lang='grc' dir='ltr'>ἑν</span> <span class='ocrx_word' id='word_1_270' title='bbox 1033 2127 1101 2195; x_wconf 77' lang='grc' dir='ltr'>τῇ</span> <span class='ocrx_word' id='word_1_271' title='bbox 1130 2124 1289 2195; x_wconf 80' lang='grc' dir='ltr'>τρίτῃ</span> <span class='ocrx_word' id='word_1_272' title='bbox 1326 2122 1468 2196; x_wconf 81' lang='grc' dir='ltr'>ὥρᾳ,</span> <span class='ocrx_word' id='word_1_273' title='bbox 1499 2123 1595 2177; x_wconf 75' lang='grc' dir='ltr'><strong>καὶ</strong></span> <span class='ocrx_word' id='word_1_274' title='bbox 1627 2125 1677 2176; x_wconf 86' lang='grc' dir='ltr'><strong>οἰ</strong></span> <span class='ocrx_word' id='word_1_275' title='bbox 1712 2125 1846 2176; x_wconf 84' lang='grc' dir='ltr'>ἀκο-</span> 
     </span>
    </p>
   </div>
   <div class='ocr_carea' id='block_1_39' title="bbox 276 2214 1851 2287">
    <p class='ocr_par' dir='ltr' id='par_1_39' title="bbox 276 2214 1851 2287">
     <span class='ocr_line' id='line_1_39' title="bbox 276 2214 1851 2287; baseline -0.002 -18"><span class='ocrx_word' id='word_1_276' title='bbox 276 2214 618 2279; x_wconf 81' lang='grc' dir='ltr'>λουθοῦντες,</span> <span class='ocrx_word' id='word_1_277' title='bbox 648 2216 861 2287; x_wconf 78' lang='grc' dir='ltr'>οἱπερὶ</span> <span class='ocrx_word' id='word_1_278' title='bbox 918 2214 1019 2286; x_wconf 81' lang='grc' dir='ltr'>τὴν</span> <span class='ocrx_word' id='word_1_279' title='bbox 1069 2216 1364 2285; x_wconf 78' lang='grc' dir='ltr'>ἑνδεκάτην</span> <span class='ocrx_word' id='word_1_280' title='bbox 1385 2231 1399 2246; x_wconf 86' lang='grc'><strong>·</strong></span> <span class='ocrx_word' id='word_1_281' title='bbox 1460 2216 1554 2269; x_wconf 79' lang='grc' dir='ltr'>καὶ</span> <span class='ocrx_word' id='word_1_282' title='bbox 1615 2214 1665 2267; x_wconf 78' lang='grc' dir='ltr'><strong>οἱ</strong></span> <span class='ocrx_word' id='word_1_283' title='bbox 1714 2230 1851 2286; x_wconf 81' lang='grc' dir='ltr'>προ-</span> 
     </span>
    </p>
   </div>
   <div class='ocr_carea' id='block_1_40' title="bbox 278 2306 1852 2379">
    <p class='ocr_par' dir='ltr' id='par_1_40' title="bbox 278 2306 1852 2379">
     <span class='ocr_line' id='line_1_40' title="bbox 278 2306 1852 2379; baseline -0.003 -15"><span class='ocrx_word' id='word_1_284' title='bbox 278 2310 506 2375; x_wconf 81' lang='grc' dir='ltr'>άγοντες</span> <span class='ocrx_word' id='word_1_285' title='bbox 530 2308 619 2363; x_wconf 79' lang='grc' dir='ltr'><strong>διὰ</strong></span> <span class='ocrx_word' id='word_1_286' title='bbox 646 2308 920 2379; x_wconf 82' lang='grc' dir='ltr'>πράξεων,</span> <span class='ocrx_word' id='word_1_287' title='bbox 958 2307 1049 2361; x_wconf 73' lang='grc' dir='ltr'>καὶ</span> <span class='ocrx_word' id='word_1_288' title='bbox 1070 2308 1120 2360; x_wconf 84' lang='grc' dir='ltr'><strong>οἰ</strong></span> <span class='ocrx_word' id='word_1_289' title='bbox 1153 2306 1570 2369; x_wconf 80' lang='grc' dir='ltr'>ἀκολουθοῦντες</span> <span class='ocrx_word' id='word_1_290' title='bbox 1598 2306 1683 2360; x_wconf 81' lang='grc' dir='ltr'><strong>διὰ</strong></span> <span class='ocrx_word' id='word_1_291' title='bbox 1720 2323 1852 2377; x_wconf 86' lang='grc' dir='ltr'>προ-</span> 
     </span>
    </p>
   </div>
   <div class='ocr_carea' id='block_1_41' title="bbox 278 2395 1850 2471">
    <p class='ocr_par' dir='ltr' id='par_1_41' title="bbox 278 2395 1850 2471">
     <span class='ocr_line' id='line_1_41' title="bbox 278 2395 1850 2471; baseline -0.003 -17"><span class='ocrx_word' id='word_1_292' title='bbox 278 2400 504 2465; x_wconf 69' lang='grc' dir='ltr'>θέσεως,</span> <span class='ocrx_word' id='word_1_293' title='bbox 536 2401 774 2463; x_wconf 72' lang='grc' dir='ltr'>ᾶπαντες</span> <span class='ocrx_word' id='word_1_294' title='bbox 822 2397 969 2471; x_wconf 77' lang='grc' dir='ltr'>[σὺν]</span> <span class='ocrx_word' id='word_1_295' title='bbox 1000 2396 1221 2469; x_wconf 81' lang='grc' dir='ltr'>Χριστῷ</span> <span class='ocrx_word' id='word_1_296' title='bbox 1240 2395 1292 2463; x_wconf 74' lang='grc' dir='ltr'>ἀ,</span> <span class='ocrx_word' id='word_1_297' title='bbox 1327 2397 1376 2449; x_wconf 87' lang='grc' dir='ltr'><strong>οἰ</strong></span> <span class='ocrx_word' id='word_1_298' title='bbox 1422 2397 1578 2451; x_wconf 76' lang='grc' dir='ltr'>αὐτοὶ</span> <span class='ocrx_word' id='word_1_299' title='bbox 1618 2412 1850 2450; x_wconf 85' lang='grc' dir='ltr'>συνακο-</span> 
     </span>
    </p>
   </div>
   <div class='ocr_carea' id='block_1_42' title="bbox 278 2475 1850 2561">
    <p class='ocr_par' dir='ltr' id='par_1_42' title="bbox 278 2475 1850 2561">
     <span class='ocr_line' id='line_1_42' title="bbox 278 2475 1850 2561; baseline -0.005 -15"><span class='ocrx_word' id='word_1_300' title='bbox 278 2491 622 2556; x_wconf 77' lang='grc' dir='ltr'>λουθοῦντες,</span> <span class='ocrx_word' id='word_1_301' title='bbox 682 2493 777 2544; x_wconf 73' lang='grc' dir='ltr'>καὶ</span> <span class='ocrx_word' id='word_1_302' title='bbox 829 2489 1299 2559; x_wconf 81' lang='grc' dir='ltr'>ἀκολουθήσαντες</span> <span class='ocrx_word' id='word_1_303' title='bbox 1353 2475 1850 2561; x_wconf 66' lang='grc' dir='ltr'>συμϐασιλευοντες</span> 
     </span>
    </p>
   </div>
   <div class='ocr_carea' id='block_1_43' title="bbox 280 2575 1851 2651">
    <p class='ocr_par' dir='ltr' id='par_1_43' title="bbox 280 2575 1851 2651">
     <span class='ocr_line' id='line_1_43' title="bbox 280 2575 1851 2651; baseline -0.004 -17"><span class='ocrx_word' id='word_1_304' title='bbox 280 2579 454 2651; x_wconf 77' lang='grc' dir='ltr'>αὐτῷ,</span> <span class='ocrx_word' id='word_1_305' title='bbox 484 2581 579 2634; x_wconf 78' lang='grc' dir='ltr'>καὶ</span> <span class='ocrx_word' id='word_1_306' title='bbox 606 2579 715 2633; x_wconf 87' lang='grc' dir='ltr'><strong>τῶν</strong></span> <span class='ocrx_word' id='word_1_307' title='bbox 749 2578 984 2633; x_wconf 78' lang='grc' dir='ltr'>αἰωνίων</span> <span class='ocrx_word' id='word_1_308' title='bbox 1018 2577 1238 2646; x_wconf 84' lang='grc' dir='ltr'>ἀγαθῶν</span> <span class='ocrx_word' id='word_1_309' title='bbox 1269 2576 1659 2639; x_wconf 82' lang='grc' dir='ltr'>ἀπολαύοντες,</span> <span class='ocrx_word' id='word_1_310' title='bbox 1689 2575 1851 2641; x_wconf 80' lang='grc' dir='ltr'>δόξαν</span> 
     </span>
    </p>
   </div>
   <div class='ocr_carea' id='block_1_44' title="bbox 282 2666 1847 2741">
    <p class='ocr_par' dir='ltr' id='par_1_44' title="bbox 282 2666 1847 2741">
     <span class='ocr_line' id='line_1_44' title="bbox 282 2666 1847 2741; baseline -0.003 -17"><span class='ocrx_word' id='word_1_311' title='bbox 282 2670 380 2724; x_wconf 78' lang='grc' dir='ltr'><strong>καὶ</strong></span> <span class='ocrx_word' id='word_1_312' title='bbox 437 2670 809 2741; x_wconf 81' lang='grc' dir='ltr'>μιγαλοσύνην</span> <span class='ocrx_word' id='word_1_313' title='bbox 861 2668 1296 2739; x_wconf 77' lang='grc' dir='ltr'>ἁναπέμψωμιν,</span> <span class='ocrx_word' id='word_1_314' title='bbox 1358 2666 1474 2736; x_wconf 69' lang='grc' dir='ltr'><strong>ἅμα</strong></span> <span class='ocrx_word' id='word_1_315' title='bbox 1531 2666 1612 2738; x_wconf 82' lang='grc' dir='ltr'>τῷ</span> <span class='ocrx_word' id='word_1_316' title='bbox 1649 2667 1847 2738; x_wconf 76' lang='grc' dir='ltr'>Πατρὶ,</span> 
     </span>
    </p>
   </div>
   <div class='ocr_carea' id='block_1_45' title="bbox 282 2749 1853 2831">
    <p class='ocr_par' dir='ltr' id='par_1_45' title="bbox 282 2749 1853 2831">
     <span class='ocr_line' id='line_1_45' title="bbox 282 2749 1853 2831; baseline -0.003 -14"><span class='ocrx_word' id='word_1_317' title='bbox 282 2763 379 2817; x_wconf 73' lang='grc' dir='ltr'>καὶ</span> <span class='ocrx_word' id='word_1_318' title='bbox 424 2759 503 2829; x_wconf 82' lang='grc' dir='ltr'>τῷ</span> <span class='ocrx_word' id='word_1_319' title='bbox 547 2761 794 2831; x_wconf 49' lang='lat' dir='ltr'><strong>«avarius</strong></span> <span class='ocrx_word' id='word_1_320' title='bbox 838 2762 933 2814; x_wconf 80' lang='grc' dir='ltr'><strong>καὶ</strong></span> <span class='ocrx_word' id='word_1_321' title='bbox 979 2749 1586 2829; x_wconf 79' lang='grc' dir='ltr'>ζωοποιῷΠνεύματι,</span> <span class='ocrx_word' id='word_1_322' title='bbox 1630 2757 1727 2812; x_wconf 79' lang='grc' dir='ltr'>νῦν</span> <span class='ocrx_word' id='word_1_323' title='bbox 1758 2758 1853 2813; x_wconf 75' lang='grc' dir='ltr'><strong>καὶ</strong></span> 
     </span>
    </p>
   </div>
   <div class='ocr_carea' id='block_1_46' title="bbox 281 2848 1672 2919">
    <p class='ocr_par' dir='ltr' id='par_1_46' title="bbox 281 2848 1672 2919">
     <span class='ocr_line' id='line_1_46' title="bbox 281 2848 1672 2919; baseline 0.001 -18"><span class='ocrx_word' id='word_1_324' title='bbox 281 2850 395 2916; x_wconf 77' lang='grc' dir='ltr'>ἀεὶ,</span> <span class='ocrx_word' id='word_1_325' title='bbox 425 2850 520 2905; x_wconf 80' lang='grc' dir='ltr'><strong>καὶ</strong></span> <span class='ocrx_word' id='word_1_326' title='bbox 555 2851 635 2912; x_wconf 84' lang='grc' dir='ltr'><strong>εἰς</strong></span> <span class='ocrx_word' id='word_1_327' title='bbox 664 2850 789 2913; x_wconf 83' lang='grc' dir='ltr'>τοὺς</span> <span class='ocrx_word' id='word_1_328' title='bbox 811 2851 1011 2913; x_wconf 87' lang='grc' dir='ltr'>αἰῶνας</span> <span class='ocrx_word' id='word_1_329' title='bbox 1034 2848 1144 2903; x_wconf 83' lang='grc' dir='ltr'><strong>τῶν</strong></span> <span class='ocrx_word' id='word_1_330' title='bbox 1169 2849 1402 2903; x_wconf 74' lang='grc' dir='ltr'>αἰώνων.</span> <span class='ocrx_word' id='word_1_331' title='bbox 1480 2849 1672 2919; x_wconf 81' lang='grc' dir='ltr'>Ἀμήν.</span> 
     </span>
    </p>
   </div>
   <div class='ocr_carea' id='block_1_47' title="bbox 356 2986 1367 3054">
    <p class='ocr_par' dir='ltr' id='par_1_47' title="bbox 356 2986 1367 3054">
     <span class='ocr_line' id='line_1_47' title="bbox 356 2986 1367 3054; baseline 0.001 -12"><span class='ocrx_word' id='word_1_332' title='bbox 356 2986 400 3018; x_wconf 78' lang='grc'><strong>’⁸</strong></span> <span class='ocrx_word' id='word_1_333' title='bbox 442 2986 586 3042; x_wconf 86' lang='lat' dir='ltr'><strong>Psal.</strong></span> <span class='ocrx_word' id='word_1_334' title='bbox 622 3003 767 3053; x_wconf 75' lang='lat' dir='ltr'><strong>uxr,</strong></span> <span class='ocrx_word' id='word_1_335' title='bbox 794 2988 848 3043; x_wconf 89' lang='lat'><strong>9.</strong></span> <span class='ocrx_word' id='word_1_336' title='bbox 911 2988 957 3021; x_wconf 85' lang='lat'><strong>&quot;</strong></span> <span class='ocrx_word' id='word_1_337' title='bbox 984 2988 1142 3045; x_wconf 82' lang='lat' dir='ltr'><strong>Joan.</strong></span> <span class='ocrx_word' id='word_1_338' title='bbox 1169 3004 1281 3054; x_wconf 69' lang='lat' dir='ltr'><strong>xxv,</strong></span> <span class='ocrx_word' id='word_1_339' title='bbox 1310 2988 1367 3043; x_wconf 83' lang='lat'><strong>6.</strong></span> 
     </span>
    </p>
   </div>
   <div class='ocr_carea' id='block_1_48' title="bbox 1946 1942 3531 2015">
    <p class='ocr_par' dir='ltr' id='par_1_48' title="bbox 1946 1942 3531 2015">
     <span class='ocr_line' id='line_1_48' title="bbox 1946 1942 3531 2015; baseline 0.001 -19"><span class='ocrx_word' id='word_1_340' title='bbox 1946 1943 2211 2012; x_wconf 86' lang='lat' dir='ltr'><strong>templum</strong></span> <span class='ocrx_word' id='word_1_341' title='bbox 2247 1944 2455 2013; x_wconf 88' lang='lat' dir='ltr'><strong>pariter</strong></span> <span class='ocrx_word' id='word_1_342' title='bbox 2494 1943 2889 2015; x_wconf 73' lang='lat' dir='ltr'><strong>ingrediamur,</strong></span> <span class='ocrx_word' id='word_1_343' title='bbox 2941 1956 3057 1999; x_wconf 89' lang='lat' dir='ltr'><strong>tum</strong></span> <span class='ocrx_word' id='word_1_344' title='bbox 3116 1946 3211 2014; x_wconf 90' lang='lat' dir='ltr'><strong>qui</strong></span> <span class='ocrx_word' id='word_1_345' title='bbox 3268 1942 3531 2013; x_wconf 68' lang='lat' dir='ltr'><strong>prmeedi-</strong></span> 
     </span>
    </p>
   </div>
   <div class='ocr_carea' id='block_1_49' title="bbox 1949 2033 3531 2106">
    <p class='ocr_par' dir='ltr' id='par_1_49' title="bbox 1949 2033 3531 2106">
     <span class='ocr_line' id='line_1_49' title="bbox 1949 2033 3531 2106; baseline 0.001 -20"><span class='ocrx_word' id='word_1_346' title='bbox 1949 2046 2096 2098; x_wconf 86' lang='lat' dir='ltr'><strong>mus,</strong></span> <span class='ocrx_word' id='word_1_347' title='bbox 2127 2040 2245 2086; x_wconf 86' lang='lat' dir='ltr'><strong>tum</strong></span> <span class='ocrx_word' id='word_1_348' title='bbox 2279 2033 2373 2103; x_wconf 89' lang='lat' dir='ltr'><strong>qui</strong></span> <span class='ocrx_word' id='word_1_349' title='bbox 2400 2035 2723 2104; x_wconf 87' lang='lat' dir='ltr'><strong>sequimur:</strong></span> <span class='ocrx_word' id='word_1_350' title='bbox 2755 2036 2851 2106; x_wconf 86' lang='lat' dir='ltr'><strong>qui</strong></span> <span class='ocrx_word' id='word_1_351' title='bbox 2893 2035 3289 2106; x_wconf 72' lang='lat' dir='ltr'><strong>praecedimus,</strong></span> <span class='ocrx_word' id='word_1_352' title='bbox 3321 2035 3414 2105; x_wconf 92' lang='lat' dir='ltr'><strong>qui</strong></span> <span class='ocrx_word' id='word_1_353' title='bbox 3443 2035 3531 2088; x_wconf 87' lang='lat' dir='ltr'><strong>ni-</strong></span> 
     </span>
    </p>
   </div>
   <div class='ocr_carea' id='block_1_50' title="bbox 1951 2122 3533 2197">
    <p class='ocr_par' dir='ltr' id='par_1_50' title="bbox 1951 2122 3533 2197">
     <span class='ocr_line' id='line_1_50' title="bbox 1951 2122 3533 2197; baseline 0.003 -22"><span class='ocrx_word' id='word_1_354' title='bbox 1951 2122 2150 2177; x_wconf 87' lang='lat' dir='ltr'><strong>mirum</strong></span> <span class='ocrx_word' id='word_1_355' title='bbox 2176 2123 2312 2179; x_wconf 88' lang='lat' dir='ltr'><strong>hora</strong></span> <span class='ocrx_word' id='word_1_356' title='bbox 2355 2126 2545 2181; x_wconf 88' lang='lat' dir='ltr'><strong>tertia:</strong></span> <span class='ocrx_word' id='word_1_357' title='bbox 2572 2136 2627 2181; x_wconf 92' lang='lat' dir='ltr'><strong>et</strong></span> <span class='ocrx_word' id='word_1_358' title='bbox 2653 2127 2750 2197; x_wconf 89' lang='lat' dir='ltr'><strong>qui</strong></span> <span class='ocrx_word' id='word_1_359' title='bbox 2777 2127 3063 2197; x_wconf 83' lang='lat' dir='ltr'><strong>sequimur</strong></span> <span class='ocrx_word' id='word_1_360' title='bbox 3086 2169 3101 2194; x_wconf 88' lang='lat'><strong>,</strong></span> <span class='ocrx_word' id='word_1_361' title='bbox 3132 2127 3228 2196; x_wconf 90' lang='lat' dir='ltr'><strong>qui</strong></span> <span class='ocrx_word' id='word_1_362' title='bbox 3253 2128 3398 2181; x_wconf 84' lang='lat' dir='ltr'><strong>circa</strong></span> <span class='ocrx_word' id='word_1_363' title='bbox 3430 2143 3533 2180; x_wconf 90' lang='lat' dir='ltr'><strong>nn-</strong></span> 
     </span>
    </p>
   </div>
   <div class='ocr_carea' id='block_1_51' title="bbox 1954 2212 3531 2287">
    <p class='ocr_par' dir='ltr' id='par_1_51' title="bbox 1954 2212 3531 2287">
     <span class='ocr_line' id='line_1_51' title="bbox 1954 2212 3531 2287; baseline 0.003 -20"><span class='ocrx_word' id='word_1_364' title='bbox 1954 2212 2269 2268; x_wconf 89' lang='lat' dir='ltr'><strong>decimam:</strong></span> <span class='ocrx_word' id='word_1_365' title='bbox 2328 2215 2444 2284; x_wconf 90' lang='lat' dir='ltr'><strong>qui,</strong></span> <span class='ocrx_word' id='word_1_366' title='bbox 2493 2216 2743 2286; x_wconf 86' lang='lat' dir='ltr'><strong>inquam,</strong></span> <span class='ocrx_word' id='word_1_367' title='bbox 2801 2232 2900 2287; x_wconf 89' lang='lat' dir='ltr'><strong>per</strong></span> <span class='ocrx_word' id='word_1_368' title='bbox 2955 2225 3075 2273; x_wconf 86' lang='lat' dir='ltr'><strong>acta</strong></span> <span class='ocrx_word' id='word_1_369' title='bbox 3130 2216 3531 2287; x_wconf 65' lang='lat' dir='ltr'><strong>praecedimus;</strong></span> 
     </span>
    </p>
   </div>
   <div class='ocr_carea' id='block_1_52' title="bbox 1955 2303 3536 2378">
    <p class='ocr_par' dir='ltr' id='par_1_52' title="bbox 1955 2303 3536 2378">
     <span class='ocr_line' id='line_1_52' title="bbox 1955 2303 3536 2378; baseline 0.005 -21"><span class='ocrx_word' id='word_1_370' title='bbox 1955 2303 2161 2373; x_wconf 89' lang='lat' dir='ltr'><strong>quique</strong></span> <span class='ocrx_word' id='word_1_371' title='bbox 2211 2307 2499 2376; x_wconf 85' lang='lat' dir='ltr'><strong>sequimur</strong></span> <span class='ocrx_word' id='word_1_372' title='bbox 2549 2322 2648 2377; x_wconf 89' lang='lat' dir='ltr'><strong>per</strong></span> <span class='ocrx_word' id='word_1_373' title='bbox 2689 2310 3031 2378; x_wconf 89' lang='lat' dir='ltr'><strong>propositum</strong></span> <span class='ocrx_word' id='word_1_374' title='bbox 3092 2309 3298 2376; x_wconf 87' lang='lat' dir='ltr'><strong>animi;</strong></span> <span class='ocrx_word' id='word_1_375' title='bbox 3342 2324 3536 2365; x_wconf 83' lang='lat' dir='ltr'><strong>omnes</strong></span> 
     </span>
    </p>
   </div>
   <div class='ocr_carea' id='block_1_53' title="bbox 1953 2391 3537 2472">
    <p class='ocr_par' dir='ltr' id='par_1_53' title="bbox 1953 2391 3537 2472">
     <span class='ocr_line' id='line_1_53' title="bbox 1953 2391 3537 2472; baseline 0.004 -24"><span class='ocrx_word' id='word_1_376' title='bbox 1953 2391 2195 2462; x_wconf 84' lang='lat' dir='ltr'><strong>Christo,</strong></span> <span class='ocrx_word' id='word_1_377' title='bbox 2219 2399 2270 2452; x_wconf 85' lang='lat' dir='ltr'><strong>ei</strong></span> <span class='ocrx_word' id='word_1_378' title='bbox 2302 2412 2450 2453; x_wconf 88' lang='lat' dir='ltr'><strong>nunc</strong></span> <span class='ocrx_word' id='word_1_379' title='bbox 2469 2414 2532 2454; x_wconf 91' lang='lat' dir='ltr'><strong>ac</strong></span> <span class='ocrx_word' id='word_1_380' title='bbox 2550 2400 2682 2455; x_wconf 92' lang='lat' dir='ltr'><strong>olim</strong></span> <span class='ocrx_word' id='word_1_381' title='bbox 2722 2401 2973 2465; x_wconf 81' lang='lat' dir='ltr'><strong>comites,</strong></span> <span class='ocrx_word' id='word_1_382' title='bbox 2998 2417 3122 2458; x_wconf 91' lang='lat' dir='ltr'><strong>cum</strong></span> <span class='ocrx_word' id='word_1_383' title='bbox 3153 2402 3273 2472; x_wconf 83' lang='lat' dir='ltr'><strong>ipso</strong></span> <span class='ocrx_word' id='word_1_384' title='bbox 3302 2417 3537 2471; x_wconf 76' lang='lat' dir='ltr'><strong>regnan-</strong></span> 
     </span>
    </p>
   </div>
   <div class='ocr_carea' id='block_1_54' title="bbox 1956 2477 3536 2562">
    <p class='ocr_par' dir='ltr' id='par_1_54' title="bbox 1956 2477 3536 2562">
     <span class='ocr_line' id='line_1_54' title="bbox 1956 2477 3536 2562; baseline 0.003 -21"><span class='ocrx_word' id='word_1_385' title='bbox 1956 2497 2076 2554; x_wconf 89' lang='lat' dir='ltr'><strong>tes,</strong></span> <span class='ocrx_word' id='word_1_386' title='bbox 2126 2504 2191 2544; x_wconf 89' lang='lat' dir='ltr'><strong>ae</strong></span> <span class='ocrx_word' id='word_1_387' title='bbox 2245 2477 2599 2559; x_wconf 84' lang='lat' dir='ltr'><strong>sempiternis</strong></span> <span class='ocrx_word' id='word_1_388' title='bbox 2644 2490 2808 2547; x_wconf 87' lang='lat' dir='ltr'><strong>bonis</strong></span> <span class='ocrx_word' id='word_1_389' title='bbox 2868 2491 3139 2557; x_wconf 80' lang='lat' dir='ltr'><strong>fruentes,</strong></span> <span class='ocrx_word' id='word_1_390' title='bbox 3189 2490 3420 2562; x_wconf 79' lang='lat' dir='ltr'><strong>gloriam</strong></span> <span class='ocrx_word' id='word_1_391' title='bbox 3471 2506 3536 2545; x_wconf 89' lang='lat' dir='ltr'><strong>ac</strong></span> 
     </span>
    </p>
   </div>
   <div class='ocr_carea' id='block_1_55' title="bbox 1955 2571 3535 2648">
    <p class='ocr_par' dir='ltr' id='par_1_55' title="bbox 1955 2571 3535 2648">
     <span class='ocr_line' id='line_1_55' title="bbox 1955 2571 3535 2648; baseline 0.001 -17"><span class='ocrx_word' id='word_1_392' title='bbox 1955 2577 2417 2648; x_wconf 76' lang='lat' dir='ltr'><strong>magniﬁcentiam</strong></span> <span class='ocrx_word' id='word_1_393' title='bbox 2472 2582 2905 2647; x_wconf 78' lang='lat' dir='ltr'><strong>submittamus,</strong></span> <span class='ocrx_word' id='word_1_394' title='bbox 2968 2598 3077 2637; x_wconf 85' lang='lat' dir='ltr'><strong>una</strong></span> <span class='ocrx_word' id='word_1_395' title='bbox 3144 2596 3271 2636; x_wconf 87' lang='lat' dir='ltr'><strong>cum</strong></span> <span class='ocrx_word' id='word_1_396' title='bbox 3348 2571 3535 2643; x_wconf 76' lang='lat' dir='ltr'><strong>Patre,</strong></span> 
     </span>
    </p>
   </div>
   <div class='ocr_carea' id='block_1_56' title="bbox 1956 2669 3536 2742">
    <p class='ocr_par' dir='ltr' id='par_1_56' title="bbox 1956 2669 3536 2742">
     <span class='ocr_line' id='line_1_56' title="bbox 1956 2669 3536 2742; baseline 0.003 -21"><span class='ocrx_word' id='word_1_397' title='bbox 1956 2669 2416 2741; x_wconf 85' lang='lat' dir='ltr'><strong>sanetissimoque</strong></span> <span class='ocrx_word' id='word_1_398' title='bbox 2444 2687 2508 2727; x_wconf 90' lang='lat' dir='ltr'><strong>ae</strong></span> <span class='ocrx_word' id='word_1_399' title='bbox 2532 2671 2753 2727; x_wconf 80' lang='lat' dir='ltr'><strong>viviﬁco</strong></span> <span class='ocrx_word' id='word_1_400' title='bbox 2779 2670 3017 2742; x_wconf 82' lang='lat' dir='ltr'><strong>Spiritu,</strong></span> <span class='ocrx_word' id='word_1_401' title='bbox 3040 2687 3191 2727; x_wconf 88' lang='lat' dir='ltr'><strong>nunc</strong></span> <span class='ocrx_word' id='word_1_402' title='bbox 3217 2679 3274 2727; x_wconf 90' lang='lat' dir='ltr'><strong>et</strong></span> <span class='ocrx_word' id='word_1_403' title='bbox 3295 2684 3536 2741; x_wconf 83' lang='lat' dir='ltr'><strong>semper,</strong></span> 
     </span>
    </p>
   </div>
   <div class='ocr_carea' id='block_1_57' title="bbox 1956 2760 2921 2821">
    <p class='ocr_par' dir='ltr' id='par_1_57' title="bbox 1956 2760 2921 2821">
     <span class='ocr_line' id='line_1_57' title="bbox 1956 2760 2921 2821; baseline 0.005 -7"><span class='ocrx_word' id='word_1_404' title='bbox 1956 2769 2013 2815; x_wconf 90' lang='lat' dir='ltr'><strong>et</strong></span> <span class='ocrx_word' id='word_1_405' title='bbox 2042 2760 2095 2815; x_wconf 92' lang='lat' dir='ltr'><strong>in</strong></span> <span class='ocrx_word' id='word_1_406' title='bbox 2122 2762 2319 2817; x_wconf 80' lang='lat' dir='ltr'><strong>saecula</strong></span> <span class='ocrx_word' id='word_1_407' title='bbox 2344 2765 2691 2819; x_wconf 83' lang='lat' dir='ltr'><strong>saeculorum.</strong></span> <span class='ocrx_word' id='word_1_408' title='bbox 2724 2766 2921 2821; x_wconf 83' lang='lat' dir='ltr'><strong>Amen.</strong></span> 
     </span>
    </p>
   </div>
   <div class='ocr_carea' id='block_1_58' title="bbox 1558 3081 2246 3139">
    <p class='ocr_par' dir='ltr' id='par_1_58' title="bbox 1558 3081 2246 3139">
     <span class='ocr_line' id='line_1_58' title="bbox 1558 3081 2246 3139; baseline 0.009 -6"><span class='ocrx_word' id='word_1_409' title='bbox 1558 3081 1794 3138; x_wconf 67' lang='lat' dir='ltr'><strong>VARIAE</strong></span> <span class='ocrx_word' id='word_1_410' title='bbox 1833 3081 2126 3139; x_wconf 75' lang='lat' dir='ltr'><strong>LECTION</strong></span> <span class='ocrx_word' id='word_1_411' title='bbox 2139 3083 2246 3139; x_wconf 87' lang='lat' dir='ltr'><strong>ES.</strong></span> 
     </span>
    </p>
   </div>
   <div class='ocr_carea' id='block_1_59' title="bbox 357 3146 1200 3226">
    <p class='ocr_par' dir='ltr' id='par_1_59' title="bbox 357 3146 1200 3226">
     <span class='ocr_line' id='line_1_59' title="bbox 357 3146 1200 3226; baseline 0.007 -23"><span class='ocrx_word' id='word_1_412' title='bbox 357 3146 387 3189; x_wconf 68' lang='grc' dir='ltr'><strong><em>ἀ</em></strong></span> <span class='ocrx_word' id='word_1_413' title='bbox 416 3150 655 3222; x_wconf 79' lang='grc' dir='ltr'>Χριστῷ.</span> <span class='ocrx_word' id='word_1_414' title='bbox 686 3151 816 3223; x_wconf 83' lang='lat' dir='ltr'><strong>Leg.</strong></span> <span class='ocrx_word' id='word_1_415' title='bbox 850 3152 928 3224; x_wconf 83' lang='grc' dir='ltr'>τῷ</span> <span class='ocrx_word' id='word_1_416' title='bbox 955 3153 1200 3226; x_wconf 84' lang='grc' dir='ltr'>Χριστῷ.</span> 
     </span>
    </p>
   </div>
   <div class='ocr_carea' id='block_1_60' title="bbox 290 3347 2806 3385">
    <p class='ocr_par' dir='ltr' id='par_1_60' title="bbox 290 3347 2806 3385">
     <span class='ocr_line' id='line_1_60' title="bbox 290 3347 2806 3385; baseline 0 -19"><span class='ocrx_word' id='word_1_417' title='bbox 290 3347 2806 3385; x_wconf 51' lang='lat' dir='ltr'><strong>m~m~mm</strong></span> 
     </span>
    </p>
   </div>
   <div class='ocr_carea' id='block_1_61' title="bbox 680 3486 3166 3639">
    <p class='ocr_par' dir='ltr' id='par_1_61' title="bbox 680 3486 3166 3639">
     <span class='ocr_line' id='line_1_61' title="bbox 680 3486 3166 3639; baseline -0.003 -10"><span class='ocrx_word' id='word_1_418' title='bbox 680 3514 979 3639; x_wconf 84' lang='grc' dir='ltr'><strong>ΤΟΥ</strong></span> <span class='ocrx_word' id='word_1_419' title='bbox 1088 3486 2291 3634; x_wconf 82' lang='grc' dir='ltr'><strong>ΜΑΚΑΡΙΩΤΑΤΟΥ</strong></span> <span class='ocrx_word' id='word_1_420' title='bbox 2397 3504 3166 3625; x_wconf 90' lang='grc' dir='ltr'><strong>ΕΥΛΟΓΙΟΥ</strong></span> 
     </span>
    </p>
   </div>
   <div class='ocr_carea' id='block_1_62' title="bbox 1519 3726 2332 3787">
    <p class='ocr_par' dir='ltr' id='par_1_62' title="bbox 1519 3726 2332 3787">
     <span class='ocr_line' id='line_1_62' title="bbox 1519 3726 2332 3787; baseline -0.002 -2"><span class='ocrx_word' id='word_1_421' title='bbox 1519 3732 1721 3787; x_wconf 79' lang='grc' dir='ltr'><strong>ΠΔΠΑ</strong></span> <span class='ocrx_word' id='word_1_422' title='bbox 1760 3726 2332 3785; x_wconf 78' lang='grc' dir='ltr'><strong>ΔΛΕΞΑΝΔΡΕΙΔΣ</strong></span> 
     </span>
    </p>
   </div>
   <div class='ocr_carea' id='block_1_63' title="bbox 1444 3889 2389 3978">
    <p class='ocr_par' dir='ltr' id='par_1_63' title="bbox 1444 3889 2389 3978">
     <span class='ocr_line' id='line_1_63' title="bbox 1444 3889 2389 3978; baseline -0.003 0"><span class='ocrx_word' id='word_1_423' title='bbox 1444 3889 2014 3978; x_wconf 84' lang='grc' dir='ltr'><strong>ΚΕΦΑΛΑΙΑ</strong></span> <span class='ocrx_word' id='word_1_424' title='bbox 2087 3890 2389 3977; x_wconf 87' lang='grc' dir='ltr'><strong>ΕΠΤΑ</strong></span> 
     </span>
    </p>
   </div>
   <div class='ocr_carea' id='block_1_64' title="bbox 435 4060 3403 4132">
    <p class='ocr_par' dir='ltr' id='par_1_64' title="bbox 435 4060 3403 4132">
     <span class='ocr_line' id='line_1_64' title="bbox 435 4060 3403 4132; baseline -0.004 -4"><span class='ocrx_word' id='word_1_425' title='bbox 435 4072 594 4129; x_wconf 77' lang='grc' dir='ltr'><strong>ΠΕΡΙ</strong></span> <span class='ocrx_word' id='word_1_426' title='bbox 624 4074 760 4129; x_wconf 85' lang='grc' dir='ltr'><strong>ΤΩΝ</strong></span> <span class='ocrx_word' id='word_1_427' title='bbox 787 4073 921 4130; x_wconf 83' lang='grc' dir='ltr'><strong>ΔΥΟ</strong></span> <span class='ocrx_word' id='word_1_428' title='bbox 950 4073 1219 4132; x_wconf 74' lang='grc' dir='ltr'><strong>ΦΥΣΕΩΝ</strong></span> <span class='ocrx_word' id='word_1_429' title='bbox 1247 4075 1384 4132; x_wconf 86' lang='grc' dir='ltr'><strong>Τ.οΥ</strong></span> <span class='ocrx_word' id='word_1_430' title='bbox 1426 4074 1690 4131; x_wconf 74' lang='grc' dir='ltr'><strong>ΚΥΡΙοΥ</strong></span> <span class='ocrx_word' id='word_1_431' title='bbox 1725 4076 1847 4131; x_wconf 75' lang='grc' dir='ltr'><strong>ΚΑΙ</strong></span> <span class='ocrx_word' id='word_1_432' title='bbox 1883 4073 2067 4129; x_wconf 86' lang='grc' dir='ltr'>ΘΕΟΥ</span> <span class='ocrx_word' id='word_1_433' title='bbox 2114 4074 2237 4128; x_wconf 77' lang='grc' dir='ltr'><strong>ΚΑΙ</strong></span> <span class='ocrx_word' id='word_1_434' title='bbox 2272 4071 2588 4126; x_wconf 80' lang='grc' dir='ltr'><strong>ΣΩΤΗΡΟΣ</strong></span> <span class='ocrx_word' id='word_1_435' title='bbox 2620 4068 2821 4127; x_wconf 82' lang='grc' dir='ltr'><strong>ΗΜΩΝ</strong></span> <span class='ocrx_word' id='word_1_436' title='bbox 2851 4066 3059 4124; x_wconf 78' lang='grc' dir='ltr'>ιΗΣοΥ</span> <span class='ocrx_word' id='word_1_437' title='bbox 3082 4060 3403 4120; x_wconf 79' lang='grc' dir='ltr'><strong>ΧΡΙΣΤΟΥ.</strong></span> 
     </span>
    </p>
   </div>
   <div class='ocr_carea' id='block_1_65' title="bbox 1175 4412 2681 4531">
    <p class='ocr_par' dir='ltr' id='par_1_65' title="bbox 1175 4412 2681 4531">
     <span class='ocr_line' id='line_1_65' title="bbox 1175 4412 2681 4531; baseline -0.001 -6"><span class='ocrx_word' id='word_1_438' title='bbox 1175 4412 1979 4531; x_wconf 89' lang='lat' dir='ltr'><strong>BEATISS-lMl</strong></span> <span class='ocrx_word' id='word_1_439' title='bbox 2096 4414 2681 4530; x_wconf 83' lang='lat' dir='ltr'><strong>EULOGII</strong></span> 
     </span>
    </p>
   </div>
   <div class='ocr_carea' id='block_1_66' title="bbox 1562 4632 2293 4691">
    <p class='ocr_par' dir='ltr' id='par_1_66' title="bbox 1562 4632 2293 4691">
     <span class='ocr_line' id='line_1_66' title="bbox 1562 4632 2293 4691; baseline -0.001 -1"><span class='ocrx_word' id='word_1_440' title='bbox 1562 4633 1774 4691; x_wconf 66' lang='lat' dir='ltr'><strong><em>PAPxE</em></strong></span> <span class='ocrx_word' id='word_1_441' title='bbox 1806 4632 2293 4690; x_wconf 78' lang='lat' dir='ltr'><strong>ALEXANDRINI</strong></span> 
     </span>
    </p>
   </div>
   <div class='ocr_carea' id='block_1_67' title="bbox 1338 4809 2439 4922">
    <p class='ocr_par' dir='ltr' id='par_1_67' title="bbox 1338 4809 2439 4922">
     <span class='ocr_line' id='line_1_67' title="bbox 1338 4809 2439 4922; baseline -0.005 -1"><span class='ocrx_word' id='word_1_442' title='bbox 1338 4830 1754 4922; x_wconf 80' lang='lat' dir='ltr'><strong>CAPITA</strong></span> <span class='ocrx_word' id='word_1_443' title='bbox 1788 4809 1909 4893; x_wconf 68' lang='lat'><strong>(15)</strong></span> <span class='ocrx_word' id='word_1_444' title='bbox 1979 4827 2439 4919; x_wconf 80' lang='lat' dir='ltr'><strong>SEPTEM</strong></span> 
     </span>
    </p>
   </div>
   <div class='ocr_carea' id='block_1_68' title="bbox 407 5018 3452 5097">
    <p class='ocr_par' dir='ltr' id='par_1_68' title="bbox 407 5018 3452 5097">
     <span class='ocr_line' id='line_1_68' title="bbox 407 5018 3452 5097; baseline -0.002 -12"><span class='ocrx_word' id='word_1_445' title='bbox 407 5025 503 5085; x_wconf 91' lang='lat' dir='ltr'><strong>DE</strong></span> <span class='ocrx_word' id='word_1_446' title='bbox 549 5021 847 5084; x_wconf 86' lang='lat' dir='ltr'><strong>DUABUS</strong></span> <span class='ocrx_word' id='word_1_447' title='bbox 896 5020 1227 5084; x_wconf 84' lang='lat' dir='ltr'><strong>NATURIS</strong></span> <span class='ocrx_word' id='word_1_448' title='bbox 1269 5021 1536 5085; x_wconf 84' lang='lat' dir='ltr'><strong>DOMINI</strong></span> <span class='ocrx_word' id='word_1_449' title='bbox 1574 5021 1870 5097; x_wconf 82' lang='lat' dir='ltr'><strong>DEIQUE-</strong></span> <span class='ocrx_word' id='word_1_450' title='bbox 1907 5022 1996 5084; x_wconf 85' lang='lat' dir='ltr'><strong>AC</strong></span> <span class='ocrx_word' id='word_1_451' title='bbox 2038 5019 2513 5084; x_wconf 79' lang='lat' dir='ltr'><strong>SALVATORIS</strong></span> <span class='ocrx_word' id='word_1_452' title='bbox 2568 5018 2847 5082; x_wconf 81' lang='lat' dir='ltr'><strong>NOSTRI</strong></span> <span class='ocrx_word' id='word_1_453' title='bbox 2898 5018 3080 5089; x_wconf 80' lang='lat' dir='ltr'><strong>JESU</strong></span> <span class='ocrx_word' id='word_1_454' title='bbox 3128 5018 3452 5082; x_wconf 81' lang='lat' dir='ltr'><strong>CHRISTI.</strong></span> 
     </span>
    </p>
   </div>
   <div class='ocr_carea' id='block_1_69' title="bbox 1484 5183 2385 5257">
    <p class='ocr_par' dir='ltr' id='par_1_69' title="bbox 1484 5183 2385 5257">
     <span class='ocr_line' id='line_1_69' title="bbox 1484 5183 2385 5257; baseline -0.001 -23"><span class='ocrx_word' id='word_1_455' title='bbox 1484 5184 1755 5257; x_wconf 79' lang='lat' dir='ltr'><strong>Interprete</strong></span> <span class='ocrx_word' id='word_1_456' title='bbox 1779 5183 2051 5235; x_wconf 69' lang='lat' dir='ltr'><strong>Funclsco</strong></span> <span class='ocrx_word' id='word_1_457' title='bbox 2083 5184 2385 5235; x_wconf 73' lang='lat' dir='ltr'><strong>Connmsxo.</strong></span> 
     </span>
    </p>
   </div>
   <div class='ocr_carea' id='block_1_70' title="bbox 369 5457 3561 5534">
    <p class='ocr_par' dir='ltr' id='par_1_70' title="bbox 369 5457 3561 5534">
     <span class='ocr_line' id='line_1_70' title="bbox 369 5457 3561 5534; baseline -0 -22"><span class='ocrx_word' id='word_1_458' title='bbox 369 5457 451 5515; x_wconf 81' lang='lat' dir='ltr'><strong>A&#39;.</strong></span> <span class='ocrx_word' id='word_1_459' title='bbox 473 5460 534 5513; x_wconf 81' lang='lat' dir='ltr'><strong>Et</strong></span> <span class='ocrx_word' id='word_1_460' title='bbox 556 5462 688 5530; x_wconf 73' lang='grc' dir='ltr'>μιᾶς</span> <span class='ocrx_word' id='word_1_461' title='bbox 703 5461 915 5531; x_wconf 81' lang='grc' dir='ltr'>φύσεως</span> <span class='ocrx_word' id='word_1_462' title='bbox 935 5462 1080 5531; x_wconf 77' lang='grc' dir='ltr'>μετὰ</span> <span class='ocrx_word' id='word_1_463' title='bbox 1102 5459 1202 5531; x_wconf 78' lang='grc' dir='ltr'>τὴν</span> <span class='ocrx_word' id='word_1_464' title='bbox 1222 5462 1414 5514; x_wconf 74' lang='grc' dir='ltr'>ἕνωσιν</span> <span class='ocrx_word' id='word_1_465' title='bbox 1437 5461 1685 5532; x_wconf 80' lang='grc' dir='ltr'>όΚὺριος</span> <span class='ocrx_word' id='word_1_466' title='bbox 1714 5461 1868 5532; x_wconf 78' lang='grc' dir='ltr'>ἡμῶν</span> <span class='ocrx_word' id='word_1_467' title='bbox 1896 5466 1944 5528; x_wconf 79' lang='lat' dir='ltr'>c</span> <span class='ocrx_word' id='word_1_468' title='bbox 2043 5462 2083 5516; x_wconf 92' lang='lat' dir='ltr'><strong>l.</strong></span> <span class='ocrx_word' id='word_1_469' title='bbox 2130 5461 2186 5517; x_wconf 90' lang='lat' dir='ltr'><strong>Si</strong></span> <span class='ocrx_word' id='word_1_470' title='bbox 2214 5461 2379 5517; x_wconf 87' lang='lat' dir='ltr'><strong>unius</strong></span> <span class='ocrx_word' id='word_1_471' title='bbox 2408 5471 2621 5517; x_wconf 59' lang='lat' dir='ltr'><strong>natura</strong></span> <span class='ocrx_word' id='word_1_472' title='bbox 2655 5471 2781 5534; x_wconf 89' lang='lat' dir='ltr'><strong>post</strong></span> <span class='ocrx_word' id='word_1_473' title='bbox 2844 5461 3106 5517; x_wconf 88' lang='lat' dir='ltr'><strong>unionem</strong></span> <span class='ocrx_word' id='word_1_474' title='bbox 3157 5468 3242 5514; x_wconf 79' lang='lat' dir='ltr'><strong>est</strong></span> <span class='ocrx_word' id='word_1_475' title='bbox 3274 5458 3561 5514; x_wconf 70' lang='lat' dir='ltr'><strong>Dominus</strong></span> 
     </span>
    </p>
   </div>
   <div class='ocr_carea' id='block_1_71' title="bbox 309 5549 1867 5625">
    <p class='ocr_par' dir='ltr' id='par_1_71' title="bbox 309 5549 1867 5625">
     <span class='ocr_line' id='line_1_71' title="bbox 309 5549 1867 5625; baseline 0.011 -23"><span class='ocrx_word' id='word_1_476' title='bbox 309 5549 521 5619; x_wconf 74' lang='grc' dir='ltr'>Ἰησοῦς</span> <span class='ocrx_word' id='word_1_477' title='bbox 546 5551 783 5622; x_wconf 86' lang='grc' dir='ltr'>Χριστός</span> <span class='ocrx_word' id='word_1_478' title='bbox 818 5554 986 5618; x_wconf 77' lang='grc' dir='ltr'>ἐστιν,</span> <span class='ocrx_word' id='word_1_479' title='bbox 1018 5553 1160 5617; x_wconf 80' lang='grc' dir='ltr'>εἰπὲ,</span> <span class='ocrx_word' id='word_1_480' title='bbox 1199 5552 1394 5619; x_wconf 83' lang='grc' dir='ltr'>ποίας;</span> <span class='ocrx_word' id='word_1_481' title='bbox 1440 5554 1540 5623; x_wconf 82' lang='grc' dir='ltr'><strong>τῆς</strong></span> <span class='ocrx_word' id='word_1_482' title='bbox 1570 5554 1867 5625; x_wconf 75' lang='grc' dir='ltr'>λαϐούσης,</span> 
     </span>
    </p>
   </div>
   <div class='ocr_carea' id='block_1_72' title="bbox 1977 5550 3561 5627">
    <p class='ocr_par' dir='ltr' id='par_1_72' title="bbox 1977 5550 3561 5627">
     <span class='ocr_line' id='line_1_72' title="bbox 1977 5550 3561 5627; baseline -0.006 -16"><span class='ocrx_word' id='word_1_483' title='bbox 1977 5564 2167 5611; x_wconf 86' lang='lat' dir='ltr'><strong>noster</strong></span> <span class='ocrx_word' id='word_1_484' title='bbox 2196 5555 2358 5611; x_wconf 81' lang='lat' dir='ltr'><strong>Jesus</strong></span> <span class='ocrx_word' id='word_1_485' title='bbox 2386 5554 2641 5612; x_wconf 87' lang='lat' dir='ltr'><strong>Christus</strong></span> <span class='ocrx_word' id='word_1_486' title='bbox 2662 5598 2677 5622; x_wconf 90' lang='lat'><strong>,</strong></span> <span class='ocrx_word' id='word_1_487' title='bbox 2737 5570 2892 5627; x_wconf 81' lang='lat' dir='ltr'><strong>rogo,</strong></span> <span class='ocrx_word' id='word_1_488' title='bbox 2924 5551 3251 5625; x_wconf 69' lang='lat' dir='ltr'><strong>cuiusnam?</strong></span> <span class='ocrx_word' id='word_1_489' title='bbox 3291 5550 3412 5622; x_wconf 82' lang='lat' dir='ltr'><strong>ejus</strong></span> <span class='ocrx_word' id='word_1_490' title='bbox 3439 5564 3561 5620; x_wconf 80' lang='lat' dir='ltr'><strong>qua:</strong></span> 
     </span>
    </p>
   </div>
   <div class='ocr_carea' id='block_1_73' title="bbox 264 5690 3559 5773">
    <p class='ocr_par' dir='ltr' id='par_1_73' title="bbox 264 5690 3559 5773">
     <span class='ocr_line' id='line_1_73' title="bbox 264 5690 3559 5773; baseline -0.001 -24"><span class='ocrx_word' id='word_1_491' title='bbox 264 5700 265 5703; x_wconf 75' lang='lat'>‘</span> <span class='ocrx_word' id='word_1_492' title='bbox 299 5760 341 5773; x_wconf 49' lang='grc' dir='ltr'>Α</span> <span class='ocrx_word' id='word_1_493' title='bbox 375 5690 489 5773; x_wconf 73' lang='grc'><strong>(15)</strong></span> <span class='ocrx_word' id='word_1_494' title='bbox 522 5692 750 5773; x_wconf 72' lang='lat' dir='ltr'><strong>Exstant</strong></span> <span class='ocrx_word' id='word_1_495' title='bbox 799 5695 939 5773; x_wconf 63' lang='lat' dir='ltr'><strong>hrec_</strong></span> <span class='ocrx_word' id='word_1_496' title='bbox 963 5701 1170 5773; x_wconf 72' lang='lat' dir='ltr'><strong>septem</strong></span> <span class='ocrx_word' id='word_1_497' title='bbox 1226 5694 1416 5773; x_wconf 66' lang='lat' dir='ltr'><strong>Capita</strong></span> <span class='ocrx_word' id='word_1_498' title='bbox 1452 5698 1629 5773; x_wconf 69' lang='lat' dir='ltr'><strong>sancti</strong></span> <span class='ocrx_word' id='word_1_499' title='bbox 1661 5698 1873 5772; x_wconf 78' lang='lat' dir='ltr'><strong>Eulogii</strong></span> <span class='ocrx_word' id='word_1_500' title='bbox 1912 5702 2057 5759; x_wconf 90' lang='lat' dir='ltr'><strong>inter</strong></span> <span class='ocrx_word' id='word_1_501' title='bbox 2075 5702 2340 5772; x_wconf 82' lang='lat' dir='ltr'><strong>opuscula</strong></span> <span class='ocrx_word' id='word_1_502' title='bbox 2385 5702 2688 5773; x_wconf 82' lang='lat' dir='ltr'><strong>theologica</strong></span> <span class='ocrx_word' id='word_1_503' title='bbox 2728 5700 2903 5757; x_wconf 85' lang='lat' dir='ltr'><strong>sancti</strong></span> <span class='ocrx_word' id='word_1_504' title='bbox 2942 5697 3160 5755; x_wconf 74' lang='lat' dir='ltr'><strong>Maximi</strong></span> <span class='ocrx_word' id='word_1_505' title='bbox 3200 5692 3559 5757; x_wconf 79' lang='lat' dir='ltr'><strong>confessoris,</strong></span> 
     </span>
    </p>
   </div>
   <div class='ocr_carea' id='block_1_74' title="bbox 294 5760 1764 5836">
    <p class='ocr_par' dir='ltr' id='par_1_74' title="bbox 294 5760 1764 5836">
     <span class='ocr_line' id='line_1_74' title="bbox 294 5760 1764 5836; baseline 0.005 -20"><span class='ocrx_word' id='word_1_506' title='bbox 294 5760 442 5831; x_wconf 78' lang='lat' dir='ltr'><strong>Opp.</strong></span> <span class='ocrx_word' id='word_1_507' title='bbox 471 5770 603 5818; x_wconf 87' lang='lat' dir='ltr'><strong>tom.</strong></span> <span class='ocrx_word' id='word_1_508' title='bbox 634 5764 696 5831; x_wconf 88' lang='lat' dir='ltr'><strong>ll,</strong></span> <span class='ocrx_word' id='word_1_509' title='bbox 732 5781 890 5836; x_wconf 74' lang='lat' dir='ltr'><strong>pagg.</strong></span> <span class='ocrx_word' id='word_1_510' title='bbox 923 5760 1151 5836; x_wconf 57' lang='lat' dir='ltr'><strong>Mii&#39;scq.</strong></span> <span class='ocrx_word' id='word_1_511' title='bbox 1172 5760 1764 5825; x_wconf 53' lang='lat' dir='ltr'><strong>edithombt-lisianw.</strong></span> 
     </span>
    </p>
   </div>
  </div>
