4110 6332
504 402 508 406 ’
608 408 761 474 ερτις

1626 418 1690 478 S.
1729 414 2045 476 EULOGII
2083 417 2436 479 ARCHIEP.
2476 420 2857 482 ALEXAND:
3755 422 3911 487 me"

607 523 926 595 assumpsit,
961 530 1055 578 aut
1101 539 1223 594 quae
1278 536 1557 597 assumpta
1606 530 1733 583 est?
1777 531 1982 601 quidve
2025 532 2191 607 altera

2304 535 2335 607 ἢ
2366 535 2465 605 τῆς
2494 534 2835 607 ληφθείσηςς
2897 538 2992 592 καὶ
3048 537 3099 591 τε
3143 538 3369 608 γέγονεν
3405 540 3437 611 ὴ
3473 539 3687 611 ἑτέρας
3744 545 3793 597 ει
3833 544 3888 596 δὲ

607 616 811 672 factum
831 614 1078 671 est?Sin
1121 624 1305 672 autem
1355 620 1623 676 exsistant
1664 622 1861 689 ambas,
1914 624 2191 694 quomodo

2302 626 2639 697 ὑπάρχουσιν
2665 628 3001 700 ἀμφότεραι,
3042 628 3162 692 πῶς
3192 629 3312 699 μία,
3355 633 3405 685 ει
3449 632 3526 701 μὴ
3556 631 3617 698 ἐξ
3643 634 3885 704 ἀμφοτέ-

608 716 741 763 sunt
798 721 931 771 una,
961 706 1068 761 nisi
1100 722 1169 762 ex
1198 707 1463 763 ambabus
1517 725 1627 765 una
1683 713 1987 782 composita
2050 712 2191 768 facta

2302 735 2411 789 ρων
2444 720 2542 789 μία
2574 719 2913 790 ἀπετελέσθη
2947 719 3245 788 adventu;
3301 723 3350 775 εἰ
3409 724 3467 777 δὲ
3526 725 3713 789 τοῦτο,
3773 726 3881 789 πῶς

607 800 737 856 est?
764 797 860 855 Sin
884 807 1068 853 autem
1100 814 1159 853 se
1197 814 1289 854 res
1326 800 1405 853 sic
1430 800 1617 865 habet,
1661 804 1938 872 quomodo
1963 819 2075 859 non
2105 805 2192 859 di-

608 908 784 948 versa:
808 892 1130 947 substantia:
1146 890 1401 949 Christus
1424 908 1454 947 a
1478 894 1660 959 Patre,
1682 896 1776 964 qui
1796 896 1979 951 omnis
1994 912 2195 967 expers

608 984 1027 1055 compositionis
1060 986 1183 1039 est?

679 1078 745 1133 ll.
789 1075 844 1132 Si
878 1092 1163 1146 nunquam
1197 1077 1438 1149 duplicis
1472 1087 1687 1133 naturae
1716 1080 1984 1138 Dominus
2003 1091 2198 1139 noster

608 1171 769 1226 Jesus
798 1169 1060 1227 Christus
1093 1171 1313 1242 agnitus
1363 1161 1469 1238 est,
1518 1173 1797 1243 quomodo
1851 1185 2033 1245 potest
2083 1175 2193 1233 dici

607 1263 893 1319 Christum
948 1272 1072 1334 post
1132 1264 1393 1318 unionem
1424 1265 1608 1320 vunius
1656 1280 1779 1321 esse
1837 1276 2069 1332 natura),
2100 1278 2196 1323 aut

606 1355 775 1410 etiam
802 1369 1027 1424 prorsus
1050 1356 1359 1425 nuncupari
1392 1357 1565 1410 unio?
1591 1356 1687 1412 Sin
1741 1366 1928 1414 autem
1958 1358 2093 1413 ﬁdes
2111 1368 2196 1414 est

611 1445 780 1502 fuisse
807 1444 1090 1501 Christum
1118 1447 1360 1518 duplicis
1391 1459 1626 1516 natura,
1674 1451 1784 1514 dic,
1824 1467 1979 1522 rogo,
2014 1468 2195 1523 quan-

606 1534 810 1591 donam
867 1535 1123 1593 Christus
1167 1548 1287 1594 erat
1339 1539 1580 1611 duplicis
1620 1550 1853 1607 naturae,
1885 1556 1950 1597 ac
1974 1542 2197 1613 quando

611 1627 778 1683 unius
809 1627 1028 1684 factus?

680 1718 770 1773 lll.
821 1720 1151 1791 Ejusdemne
1196 1722 1343 1777 Deus
1371 1722 1611 1778 Verbum
1672 1740 1797 1780 cum
1829 1741 1994 1782 carne
2020 1727 2090 1783 ab
2127 1743 2194 1783 eo

572 1820 578 1827 '
607 1820 887 1881 assumpta
921 1812 1245 1869 substantiae
1297 1823 1405 1881 est,
1454 1831 1525 1871 an
1576 1816 1851 1873 diversae?
1878 1821 1969 1885 At,
1992 1821 2036 1874 si
2065 1820 2193 1890 qui-

2297 811 2397 881 οὗχ
2436 812 2774 883 ὲτεροούσιος
2805 814 2834 867 6
2872 813 3130 884 Χριστὸς,
3183 813 3275 868 τοῦ
3328 815 3545 887 Πατρὸς
3582 817 3883 871 ἁσυνῡέτω

2298 900 2637 972 ὑπάρχοντος
2660 917 2673 967 ;

2369 1076 2444 1130 B'.
2466 1076 2529 1128 Εἰ
2558 1075 2814 1129 οὐδέποτε
2837 1076 2934 1129 δύο
2950 1075 3164 1146 φύσεων
3183 1079 3212 1130 6
3238 1078 3439 1150 Κύριος
3473 1079 3632 1151 ἡμῶν
3671 1081 3874 1150 Ἰησοῦς

2298 1166 2534 1236 Χριστὸς
2557 1165 2907 1237 ὡμολόγηται
2958 1165 3055 1231 ὢν,
3087 1168 3208 1232 πῶς
3260 1170 3484 1225 δυνατὸν
3532 1173 3716 1240 λέγειν
3753 1174 3883 1241 μιᾶς

2300 1259 2441 1328 μετὰ
2486 1257 2584 1327 τὴν
2628 1256 2824 1310 ἕνωσιν
2874 1258 2966 1311 τὸν
3022 1260 3284 1330 Χριστὸν,
3320 1262 3351 1332 ἦ
3391 1264 3489 1316 καὶ
3537 1265 3673 1328 ὅλως
3701 1264 3883 1331 λέγειν

2296 1347 2529 1402 ἓνωσινε
2580 1348 2630 1413 ει
2683 1347 2741 1400 δὲ
2794 1347 3145 1418 ὡμολόγηται
3190 1351 3219 1403 6
3264 1352 3501 1421 Χριστὸς
3534 1353 3627 1406 δύο
3665 1353 3885 1421 φύσεων

2296 1438 2600 1507 γεγονέναι
2633 1439 2757 1507 εἰπὲ
2802 1440 2933 1492 πότε
2970 1440 3063 1494 δύο
3099 1440 3315 1512 φύσεων
3347 1439 3416 1515 ἦν
3441 1445 3469 1496 6
3498 1445 3756 1513 Χριστὸς,
3792 1449 3885 1499 καὶ

2297 1530 2428 1583 πότε
2458 1532 2684 1599 γέγονεν
2715 1531 2779 1583 ὲκ
2804 1532 2934 1600 μιᾶς
2962 1548 2978 1598 ;

2364 1704 2441 1760 Γ.
2458 1706 2776 1774 Ὀμοούσιος
2805 1709 2831 1759 ό
2849 1705 2978 1768 Θεὸς
2996 1706 3165 1775 Λόγος
3186 1711 3251 1779 τῇ
3276 1709 3408 1778 παρ’
3427 1708 3591 1763 αὑτοῦ
3614 1709 3903 1782 ληφθείη.-

2298 1797 2482 1866 σαρκὶ,
2516 1796 2562 1863 ἢ·
2585 1796 2920 1866 ὲτεροούσιος
2951 1815 2965 1863 ;
2992 1798 3103 1850 ἀλλ’
3128 1800 3176 1850 εἰ
3210 1800 3308 1868 μὲν
3332 1799 3643 1868 όμοούσιος,
3670 1803 3788 1865 πῶς
3820 1802 3881 1855 οὐ

608 1902 735 1957 dem
770 1902 1017 1973 ejusdem
1065 1914 1169 1968 est,
1215 1908 1495 1976 quomodo
1546 1908 1792 1965 Trinitas
1836 1926 1945 1965 non
1994 1889 2191 1967 eﬂ‘ecta

2295 1890 2486 1957 γέγονε
2519 1889 2715 1960 τετρὰς
2744 1891 2776 1961 ὴ
2807 1890 3012 1960 Τριὰςς
3045 1892 3093 1943 εἰ
3115 1892 3171 1945 δὲ
3190 1892 3532 1961 ὲτεροούσιος
3554 1894 3589 1963 ἡ
3623 1892 3760 1963 σὰρξ
3789 1892 3881 1947 τοῦ

607 1996 952 2064 quaternitas
984 1998 1104 2053 est?
1145 1997 1241 2053 Sin
1275 2009 1461 2056 autem
1493 2016 1625 2057 caro
1659 2001 1889 2058 diversa:
1936 2003 2194 2058 substan-

604 2082 699 2137 tiae
727 2097 759 2137 a
795 2082 906 2137 Deo
944 2083 1121 2140 Verbo
1168 2096 1274 2151 est,
1306 2089 1585 2157 quomodo
1632 2089 1889 2147 Christus
1928 2107 2047 2167 non,
2089 2091 2194 2145 du-

606 2170 769 2240 plicis
805 2180 891 2226 est
918 2179 1128 2228 natura:
1151 2174 1172 2227 ?

676 2270 767 2326 IV.
801 2273 941 2329 Sunt
985 2275 1079 2344 qui
1117 2290 1278 2330 unam
1332 2277 1425 2331 Dei
1456 2277 1618 2333 Verbi
1654 2289 1907 2335 naturam
1941 2282 2193 2336 incarna-

609 2373 715 2418 tam
765 2364 957 2419 dicunt
1003 2364 1150 2437 (l6):
1198 2368 1446 2421 arbitror
1490 2378 1673 2425 autem
1729 2385 1825 2426 vos
1859 2387 2080 2443 quoque
2111 2374 2192 2428 sic

607 2455 813 2510 dicere.
843 2456 914 2510 At
942 2458 1113 2521 enim,
1149 2460 1193 2514 si
1238 2459 1346 2513 hoc
1394 2460 1470 2515 ita
1525 2461 1963 2533 intelligendum,
1989 2478 2050 2520 ut
2083 2482 2192 2521 una

603 2546 677 2602 sit
708 2546 804 2602 Dei
836 2564 898 2603 ac
944 2550 1130 2605 carnis
1172 2550 1521 2619 substantia;
1551 2570 1789 2623 quonam
1846 2558 2011 2613 modo
2070 2557 2190 2614 ﬁeri

555 2635 559 2640 ’
608 2646 787 2708 potest
833 2648 892 2694 ut
933 2641 1078 2696 idem
1110 2652 1356 2698 creatum
1398 2646 1472 2709 sit.
1509 2663 1634 2701 cum
1662 2649 1929 2715 increato,
1963 2662 2018 2706 et
2041 2652 2189 2722 quod

602 2740 690 2787 est
723 2731 1124 2798 sempiternum
1159 2750 1283 2789 cum
1316 2751 1384 2791 eo
1418 2739 1565 2807 quod
1616 2741 1849 2810 tempori
1881 2742 2190 2812 subjectum

602 2822 726 2895 est?
752 2822 848 2877 Sin
883 2832 1067 2877 autem
1092 2824 1322 2891 idcirco,
1353 2828 1499 2897 quod
1533 2845 1640 2885 una
1666 2840 1862 2885 natura
1889 2830 2091 2885 habeat
2113 2832 2191 2886 al-

604 2921 802 2979 teram,
829 2921 922 2967 aut
951 2914 1020 2968 ab
1049 2916 1221 2969 altera
1256 2916 1550 2982 habeatur,
1582 2921 1705 2989 quis
1750 2934 1914 2975 unam
1940 2930 1995 2976 et
2022 2936 2189 2976 unam

598 3018 715 3058 non
737 3005 892 3068 duas,
927 3006 1023 3061 sed
1048 3023 1216 3061 unam
1240 3009 1505 3077 appellari
1530 3010 1712 3065 ferat?

681 3094 741 3150 V.
767 3097 823 3151 Si
851 3113 959 3152 una
997 3107 1195 3154 natura
1232 3100 1328 3155 Dei
1364 3100 1531 3156 Verbi
1581 3111 1637 3157 et
1678 3102 1881 3169 Patris,
1908 3105 2188 3174 quomodo

606 3203 714 3241 non
761 3205 866 3242 una
901 3198 1095 3243 natura
1126 3190 1222 3245 Dei
1254 3190 1418 3245 Verbi
1450 3200 1506 3247 et
1533 3194 1711 3249 Patris
1740 3204 1796 3249 et
1826 3195 2050 3250 carnis?

681 3364 765 3419 Vl.
795 3364 848 3420 Si
878 3364 1028 3418 nulla
1062 3363 1273 3419 ratiene
1305 3364 1449 3418 Deus
1477 3365 1714 3419 Verbum
1767 3376 1825 3422 et
1880 3384 2010 3422 caro
2060 3376 2191 3449 sunt

605 3459 736 3522 duo,
779 3457 1057 3527 quomodo
1088 3474 1197 3510 non
1250 3457 1399 3511 omni
1444 3458 1655 3511 ratione
1686 3459 1829 3513 Deus
1865 3457 2113 3523 Verbum
2136 3466 2192 3513 et

607 3566 734 3607 caro
772 3566 945 3604 unum
991 3550 1151 3605 sunt?
1195 3550 1293 3615 Ac,
1325 3550 1370 3605 si
1402 3549 1626 3619 quidem
1678 3551 1825 3606 Deus
1857 3549 2097 3605 Verbum
2137 3559 2191 3604 et

606 3659 735 3698 caro
767 3642 917 3697 omni
961 3643 1174 3696 ratione
1236 3641 1381 3696 idem
1446 3649 1595 3707 sunt,
1640 3641 1918 3711 quomodo
1949 3641 2190 3698 Verbum

608 3749 737 3789 caro
768 3748 877 3787 non
910 3733 1038 3797 erit,
1069 3742 1127 3787 et
1157 3747 1287 3787 caro
1314 3732 1576 3797 Verbum,
1628 3732 1889 3802 Patrique
1916 3742 2207 3789 comter'na

608 3834 665 3882 et
704 3824 1194 3880 consubstantialis
1250 3823 1397 3877 haud
1432 3836 1594 3878 secus
1633 3839 1697 3879 ac
1741 3822 1884 3878 Deus
1913 3824 2192 3879 Verbum?

609 3917 704 3973 Sin
746 3926 929 3972 autem
981 3932 1090 3971 non
1135 3915 1283 3970 omni
1330 3914 1492 3969 modo
1528 3915 1672 3969 Deus
1709 3914 1950 3970 Verbum
1976 3923 2033 3969 et
2062 3930 2193 3970 caro

2295 1980 2431 2034 Θεοῦ
2473 1980 2678 2050 Λόγου,
2722 1982 2838 2045 πῶς
2869 1982 2930 2035 οὐ
2959 1982 3053 2035 δύο
3086 1984 3303 2050 φύσεων
3327 1983 3354 2035 6
3385 1983 3619 2052 Χριστός
3645 2001 3661 2049 ;

2365 2264 2439 2317 A'.
2473 2263 2618 2316 Μίαν
2638 2262 2799 2332 φύσιν
2813 2261 2903 2315 τοῦ
2921 2261 3055 2315 Θεοῦ
3082 2263 3256 2329 Λόγου
3296 2260 3725 2331 σεσαρκωμένην
3750 2260 3879 2330 φασί

2292 2360 2438 2419 τινες
2461 2372 2475 2385 ’
2507 2350 2663 2425 οἶμαι
2690 2354 2747 2407 δὲ
2780 2354 2875 2407 καὶ
2907 2354 3052 2423 ὑμᾶς
3086 2352 3229 2407 οὕτω
3268 2353 3472 2421 λέγειν.
3520 2353 3663 2407 Ἀλλ’
3693 2355 3744 2407 ει
3781 2354 3901 2425 μὲν.

2295 2448 2425 2520 μιᾶς
2452 2447 2643 2510 οὐσίας
2674 2446 2769 2499 τοῦ
2810 2446 2946 2499 Θεοῦ
2974 2446 3068 2499 καὶ
3095 2446 3194 2515 τῆς
3223 2446 3426 2516 σαρκὸς
3444 2444 3603 2499 τοῦτο
3633 2447 3876 2516 νοητέον,

2293 2540 2411 2604 πῶς
2444 2534 2557 2593 οἷόν
2586 2557 2646 2593 τε
2691 2540 2755 2592 τὸ
2784 2537 3003 2592 κτιστὸν
3044 2537 3124 2607 τῷ
3163 2537 3429 2608 ἀκτίστῳ,
3462 2540 3560 2592 καὶ
3597 2540 3661 2608 τὸ
3712 2540 3879 2594 ἀΐδιον

2291 2632 2727 2704 τῷ,ὑπὸνχρόνον
2760 2629 2902 2686 εἶναι
2940 2632 3175 2696 ταυτόν;
3212 2632 3260 2683 εἰ
3290 2630 3348 2683 δὲ
3390 2629 3466 2693 ὡς
3505 2632 3636 2700 μιᾶς
3662 2632 3878 2699 φύσεως

2292 2724 2524 2796 ἐχούσης
2548 2723 2768 2795 ἑτέραν,
2804 2724 2838 2795 ἦ
2873 2708 3139 2794 ἐχομένης
3171 2722 3261 2792 ὑφ’
3295 2723 3514 2795 ἑτέρας,
3549 2722 3631 2786 τις
3665 2720 3877 2775 basiaret

2296 2817 2428 2889 μίαν
2458 2817 2553 2871 καὶ
2581 2816 2732 2886 μίαν,
2771 2815 2833 2869 οὐ
2866 2814 2981 2879 δύο,
3015 2800 3153 2868 ἀλλᾶ
3200 2815 3329 2884 μίαν
3352 2816 3527 2866 εἰπεῖν
3558 2830 3574 2876 ;

2364 3095 2439 3148 E'.
2468 3094 2529 3147 Εἰ
2568 3094 2667 3164 μία
2697 3091 2857 3162 φύσις
2892 3091 2986 3146 τοῦ
3024 3091 3157 3145 Θεοῦ
3184 3092 3356 3160 Λόγου
3381 3093 3473 3144 καὶ
3508 3092 3600 3145 τοῦ
3630 3093 3864 3162 Πατρὸῖ,

2295 3185 2409 3247 πῶς
2440 3187 2500 3238 οὐ
2553 3186 2651 3256 μία
2678 3186 2839 3255 φύσις
2870 3184 2965 3239 τοῦ
3004 3182 3141 3238 Θεοῦ
3184 3184 3361 3251 Λόγου
3404 3182 3503 3236 καὶ
3534 3182 3629 3236 τοῦ
3661 3184 3873 3253 Πατρὸς

2297 3276 2389 3326 καὶ
2418 3273 2516 3343 τῆς
2548 3274 2749 3343 σαρκός
2772 3290 2786 3337 ;

2368 3368 2458 3433 (Γ.
2480 3367 2544 3420 Ei
2573 3367 2694 3419 κατ’
2712 3365 2865 3418 οὐδὲν
2887 3364 2979 3417 δύο
3007 3367 3035 3419 6
3054 3365 3183 3427 Θεὸς
3206 3365 3375 3433 Λόγος
3402 3367 3495 3419 καὶ
3520 3368 3554 3437 ἡ
3585 3366 3744 3431 σὰρξ,
3764 3367 3879 3430 πῶς

2294 3460 2355 3511 οὐ
2380 3459 2520 3512 κατὰ
2553 3459 2731 3512 πάντα
2785 3458 2843 3511 ἓν
2881 3461 2908 3512 6
2940 3459 3072 3522 Θεὸς
3119 3460 3289 3527 Λόγος
3315 3460 3409 3513 κα)⁴
3440 3461 3473 3530 ἡ
3509 3441 3679 3527 σὰρξς
3706 3460 3801 3512 καὶ
3828 3460 3878 3511 ει

2296 3549 2441 3604 κατὰ
2472 3551 2650 3605 πάντα
2679 3549 2737 3603 ἓν
2763 3551 2791 3604 ὁ
2828 3549 2962 3615 Θεὸς
2999 3550 3170 3617 Λόγος
3229 3553 3324 3603 καὶ
3356 3552 3385 3621 ἡ
3432 3550 3591 3622 σὰρξ,
3631 3551 3745 3614 πῶς
3779 3551 3880 3603 οὐκ

2298 3642 2448 3695 ἔσται
2486 3644 2514 3694 6
2547 3642 2718 3711 Λόγος
2743 3642 2903 3713 σὰρξ,
2936 3643 3087 3711 καὶή
3122 3641 3259 3711 σὰρξ
3312 3642 3500 3708 Λόγος.
3550 3636 3645 3695 κκαὶ
3690 3642 3879 3694 συναΐ-

2294 3734 2405 3797 διος
2435 3732 2513 3802 τῷ
2544 3733 2746 3803 Πατρὶ,
2779 3734 2873 3784 καὶ
2914 3731 3201 3801 όμοούσιος
3244 3733 3319 3793 ὡς
3346 3733 3373 3783 6
3416 3732 3548 3795 Θεὸς
3585 3731 3795 3799 Λόγοςς
3828 3730 3877 3781 ει

2293 3827 2349 3880 δὲ
2375 3826 2435 3878 οὒ
2466 3826 2607 3879 κατά
2652 3826 2831 3879 πάντα
2859 3824 2916 3877 ἓν
2945 3828 2970 3879 6
3004 3825 3135 3887 Θεὸς
3171 3824 3343 3893 Λόγος
3375 3825 3471 3877 καὶ
3500 3826 3535 3894 ἡ
3572 3823 3878 3893 σὰρξ,’πῶς

2293 3919 2354 3973 οὐ
2382 3918 2523 3973 κατά
2561 3938 2613 3971 τι
2647 3919 2740 3973 δύο
2783 3922 2810 3972 6
2831 3917 2964 3981 Θεὸς
2995 3917 3168 3984 Λόγος
3206 3918 3301 3971 καὶ
3336 3918 3369 3987 ἡ
3423 3916 3601 3987 σὰρξς

578 4044 581 4047 ›
610 4024 776 4062 unum
836 4016 985 4073 sunt,
1018 4006 1296 4077 quomodo
1320 4021 1429 4061 non
1454 4006 1688 4075 quadam
1713 4006 1925 4060 ratione
1956 4006 2100 4062 Deus
2122 4007 2447 4069 Verbum'et
2476 4027 2605 4067 caro
2634 4011 2745 4065 duo
2777 4009 2944 4065 sunt?

677 4099 784 4154 ΥΠ.
822 4100 876 4155 Si
914 4098 1030 4154 ﬁeri
1066 4115 1172 4154 non
1209 4108 1389 4169 potest
1421 4107 1479 4151 ut
1522 4097 1695 4168 magis
1735 4097 1999 4151 unianlur
2042 4099 2186 4155 Deus

610 4191 847 4247 Verbum
893 4200 947 4247 et
999 4208 1146 4257 eam,
1195 4207 1358 4261 quam
1413 4192 1559 4246 Deus
1607 4189 1850 4245 Verbum
1898 4197 1955 4244 et
2000 4190 2191 4258 Pater,

608 4283 885 4353 quomodo
916 4284 1059 4337 Deus
1088 4283 1327 4338 Verbum
1355 4283 1542 4337 uuitus
1566 4290 1622 4337 et
1645 4297 1772 4337 caro
1795 4280 1943 4335 nulla
1974 4283 2187 4341 ratione

607 4374 910 4430 suutduo?

2205 4578 2613 4590 _-————-

2368 4064 2443 4159 Zv';
2470 4064 2813 4158 ὰεόνᾷἷτοξι
2850 4100 3007 4154 πλέον
3030 4098 3273 4170 ἡνῶσθαι
3298 4064 3387 4152 τὸν
3420 4100 3552 4152 Θεὸν
3575 4101 3679 4165 Λόῖ
3690 4118 3746 4151 ον
3786 4098 3875 4151 καὶ

2296 4197 2393 4267 τὴν
2434 4194 2637 4266 σάρκα,
2662 4187 2722 4246 οῦ
2761 4194 2969 4263 ἥνωται
3020 4191 3049 4243 6
3078 4190 3213 4253 Θεὸς
3255 4190 3425 4258 Λόγος
3470 4193 3563 4245 καὶ
3594 4194 3620 4243 ὁ
3669 4191 3874 4259 Πατὴρ,

2296 4287 2415 4349 πῶς
2444 4286 2724 4356 ἡνωμένος
2753 4288 2781 4338 6
2805 4286 2936 4347 Θεὸς
2969 4283 3143 4352 Λόγος
3178 4284 3273 4336 καὶ
3312 4286 3345 4352 ὴ
3388 4283 3523 4352 σὰρξ
3560 4283 3679 4335 κατ’
3724 4283 3873 4335 οὐδέν

2295 4380 2400 4432 εἱσι
2429 4376 2521 4430 δύο
2541 4395 2557 4445 ;

2630 4580 2804 4591 ..ια-.-
2825 4579 3389 4590 σ--υ-ι--οσ--ρ--ο

1716 4740 2751 4873 FRAGMENTA.

605 5128 815 5210 Eulogii
850 5127 1195 5209 [alexandrini
1224 5126 1469 5210 episcopi.
1501 5140 1687 5204 'sermo
1735 5122 2093 5210 ieiunitate
2137 5131 2184 5174 ct

2295 5134 2586 5210 Εῠέοπίρυ
2616 5133 2956 5210 ἐπισκρποο
2985 5129 3458 5210 ,Ἀλεξανδρείας
3517 5130 3699 5210 ,λέπος
3741 5128 3868 5210 περὶ

764 5200 833 5252 de
865 5199 1228 5251 incarnatione
1258 5198 1396 5248 unici
1426 5195 1695 5248 Trinitatis
1726 5194 1819 5246 Dei
1861 5194 2023 5248 Verbi.

2368 5199 2607 5269 Τριᾶδος
2639 5205 2733 5256 καὶ
2767 5201 2878 5268 τῆς
2907 5202 3068 5265 θείας
3094 5200 3440 5270 οικονομίας
3472 5199 3578 5253 τοῦ
3600 5199 3738 5263 ἐνὸς
3767 5199 3869 5266 τῆς

2370 5273 2609 5341 Τριάδος
2642 5272 2790 5327 Θεοῦ
2812 5273 3027 5339 Λόγου.

1238 5402 1336 5471 (Ex
1364 5401 1484 5455 cod.
1513 5401 1686 5455 Vatic.
1732 5402 1821 5457 ed.
1852 5406 1983 5472 Arg.
2016 5404 2138 5465 MM,
2174 5402 2370 5472 Script.
2427 5402 2666 5454 Veterum
2696 5398 2914 5454 collect.
2943 5397 3055 5463 VII,
3099 5397 3241 5463 I77.)

670 5520 728 5574 lu
763 5517 1038 5588 principio
1080 5525 1205 5571 ante
1246 5517 1444 5571 szetzula
1477 5515 1580 5570 fuit
1608 5517 1770 5579 Deus,
1804 5526 1858 5570 et
1899 5517 2044 5571 Deus
2081 5516 2184 5570 fuit

600 5621 723 5666 ante
770 5609 988 5672 sazcula,
1021 5616 1075 5663 et
1123 5616 1250 5663 aute
1300 5611 1483 5662 omnia
1536 5608 1638 5663 fuit
1687 5610 1831 5663 Deus
1874 5608 2180 5678 tV’erbum),

601 5712 724 5758 ante
757 5701 1045 5766 mundum,
1080 5712 1207 5755 ante
1242 5702 1468 5771 angelos
1496 5744 1509 5765 ,
1564 5713 1688 5756 ante
1752 5704 1947 5755 lft't'illitt
1980 5744 1991 5765 ,
2056 5714 2182 5755 ante

693 5843 777 5915 ιδ)
820 5841 1105 5909 Athamas,
1143 5842 1323 5915 Cyrill.

2374 5517 2459 5568 Ἐν
2490 5516 2633 5585 ἀρχῇ
2669 5513 2775 5584 πρὸ
2804 5514 3015 5565 αἰώνων
3044 5507 3110 5584 ἦν
3138 5514 3166 5564 6
3191 5510 3343 5572 Θεὸς,
3383 5511 3479 5563 καὶ
3509 5509 3643 5572 Θεὸς
3669 5504 3737 5581 ἦν
3768 5507 3868 5577 πρὸ

2295 5610 2400 5661 τῶν
2450 5608 2662 5659 αἰώνων
2684 5646 2697 5670 ,
2756 5608 2849 5658 καὶ
2897 5606 3002 5676 πρὸ
3039 5605 3255 5658 πάντων
3289 5599 3355 5674 ἦν
3383 5605 3414 5674 ⁴ὁ
3441 5603 3575 5664 Θεὸς
3610 5597 3868 5675 [Λόγος].

2296 5701 2399 5771 πρὸ
2434 5702 2664 5769 κῦσμου,
2702 5698 2807 5769 πρὸ
2835 5697 3106 5765 ἀγγέλων,
3140 5697 3244 5767 πρὸ
3270 5691 3526 5766 οὐρανοῦ,
3562 5693 3671 5764 πρὸ
3696 5692 3872 5763 ἡλίου,
