4110 6332
308 445 449 512 29“

1157 450 1417 513 SERMO
1454 451 1554 512 DE
1592 452 2013 517 TRINITATE
2052 453 2147 514 ET
2190 452 2769 517 INCABNATIONE

3471 453 3621 521 2942

311 562 423 635 προ
450 559 649 631 φωτὸς,
685 559 793 630 πρὸ
825 557 1097 631 ἀστέρων,
1130 558 1239 630 πρὸ
1263 560 1507 632 ἀνέμων,
1539 562 1648 632 πρὸ
1672 540 1902 626 ὗδάτων,

2040 554 2597 629 οιοω,“οιιιε’1ιιοεηι,
2625 571 2754 618 ante
2804 560 3012 646 sidera,
3059 572 3189 619 ante
3230 570 3449 636 ventos,
3483 572 3615 621 ante

312 648 423 727 πρὸ
452 653 643 725 πνοῆς,
682 654 790 725 πρὸ
820 652 921 723 τῆς
954 653 1077 723 γῆς,
1116 652 1236 724 πρὸ»
1254 652 1433 724 πάσης
1461 654 1664 725 ὁρατῆς
1692 670 1773 716 τε.
1815 656 1910 708 καὶ
1952 640 1966 653 ’

313 746 558 818 ἀοράτου
600 745 871 807 κτίσεωςο
928 737 1084 807 οὗτος
1126 744 1309 798 τοίνυν
1351 744 1380 796 6
1417 746 1763 817 προάναρχος
1816 746 1912 801 καὶ

316 836 646 914 προσιώνιος
681 838 710 890 6
740 835 998 898 άκτιστος
1027 834 1161 899 Θεὸς
1196 834 1376 908 οἰκείᾳ
1407 835 1665 908 βουλήσει
1700 839 1795 909 καί
1821 839 1914 891 εὑ·-

314 928 538 997 δοκήσει
566 927 643 991 ὡς
673 926 832 997 μόνος
864 921 1007 980 οἶδεν
1035 927 1221 991 αὐτὸς,
1254 928 1347 981 καὶ
1372 930 1463 981 ὅτε
1488 924 1651 995 οἶδεν,
1673 930 1766 982 καὶ
1790 928 1913 984 ὅθεν

315 1014 491 1084 οἱδεν,
532 1018 714 1073 ἔκτισε
747 1019 929 1081 πᾶσας
954 1019 1055 1083 τὰς
1081 1020 1373 1091 οὐρανίους
1400 1021 1510 1074 τῶν
1532 1021 1784 1090 ἀγγέλων
1820 1020 1916 1074 καὶ

318 1113 633 1182 ἀσωμάτων
683 1112 1113 1182 στρατευμάτων
1159 1114 1253 1166 καὶ
1286 1114 1605 1184 ταγμάτων,
1636 1112 1913 1184 ἀοράτων,

321 1204 755 1275 πολυομμάτων,
815 1204 1151 1275 ἀομμάτων.
1202 1204 1627 1276 ἑξαπτερύγων.
1676 1202 1913 1274 θρόνων.

321 1297 571 1370 οὐρανῶν
619 1297 912 1369 δυνάμεις·
978 1294 1098 1352 εἶτα
1149 1296 1291 1375 μετά
1339 1300 1545 1362 ταύτας
1591 1299 1920 1375 δημιουργεῖ

322 1391 417 1445 τὸν
464 1390 743 1463 ὁρώμενον
790 1392 849 1457 ἐξ
894 1392 1129 1464 οὐρανοῦ
1182 1392 1277 1447 καὶ
1323 1378 1435 1462 γῆς
1457 1393 1702 1463 κόσμον.
1753 1392 1813 1457 ἐξ
1843 1374 1918 1447 ab

323 1484 442 1537 tm
475 1484 571 1538 καὶ
602 1486 630 1539 6
657 1483 965 1557 ἄνθρωπος,
1003 1484 1230 1557 μίμημα
1258 1485 1359 1554 τῆς
1383 1484 1586 1554 ὁρατῆς
1615 1486 1705 1539 καὶ
1731 1484 1920 1557 [ἀοράέ

323 1572 457 1647 του]
491 1575 744 1641 κτίσεως,
780 1574 984 1646 ὀρατὴν
1019 1576 1116 1646 μὲν
1147 1577 1287 1646 ἔχων
1320 1576 1419 1646 τὴν
1447 1574 1648 1647 σάρκα,
1683 1578 1919 1645 ἀόρατον

324 1664 384 1716 δὲ
442 1666 543 1735 τὴν
590 1664 793 1735 ψυχήν.
864 1663 1071 1718 Τοῦτον
1126 1664 1218 1717 τὸν
1270 1663 1562 1734 ἄνθρωπον
1609 1662 1921 1716 πλασθέντα

327 1754 689 1827 ἐνουθέτησεν
726 1758 755 1810 6
788 1755 920 1819 Θεὸς
948 1795 962 1816 ,
1001 1756 1125 1819 δοὺς
1160 1754 1311 1825 αὐτῷ
1343 1756 1423 1819 είς
1454 1755 1793 1827 ἐπιστροφὴν
1824 1756 1922 1827 τὴν

327 1851 393 1901 ἐκ
448 1848 549 1918 τῆς
594 1848 805 1920 πλάνης
852 1848 1303 1919 εἰδωλολατρείας
1340 1847 1506 1928 νᾴμον
1554 1850 1802 1919 γραπτὸν
1833 1848 1922 1902 διά

2012 668 2207 724 aquas,
2256 663 2383 709 ante
2414 654 2628 718 ﬂatum,
2655 662 2786 711 ante
2819 664 3045 718 terram,
3074 666 3202 710 ante
3231 669 3454 710 omnem
3482 654 3617 711 visi-

2013 745 2181 799 bilem
2231 744 2680 825 invisibilcmque
2733 754 3069 801 creaturam.
3114 743 3216 800 llic
3263 734 3434 817 igitur
3474 746 3617 815 initii

2012 852 2216 907 expers
2262 844 2619 907 aeternusque
2662 845 2719 892 et
2773 837 3057 892 incrcatus
3101 836 3248 892 Deus
3274 836 3500 912 prepria
3523 850 3620 892 vo-

2016 930 2228 983 luntate
2281 937 2334 983 et
2390 928 2766 998 beneplacito,
2816 930 2899 984 uti
2954 929 3112 983 novit
3170 930 3287 998 ipse
3344 930 3515 993 solus,
3563 937 3623 984 et

2016 1019 2240 1090 quando
2267 1018 2421 1073 novit
2452 1028 2509 1074 et
2540 1018 2686 1074 unde
2725 1018 2882 1074 novit
2911 1034 3108 1075 omnes
3153 1018 3409 1074 caelestes
3448 1034 3621 1091 ange-

2015 1113 2197 1168 lorum
2233 1122 2290 1168 et
2325 1113 2783 1183 incorporearum
2830 1112 3177 1167 exercituum
3224 1122 3283 1167 et
3330 1112 3623 1181 ordinum,

2020 1205 2407 1273 invisibilium,
2448 1212 2506 1260 et
2536 1204 2730 1260 multis
2759 1204 2939 1260 oculis
2970 1204 3331 1275 praeditorum
3358 1215 3417 1261 et
3444 1204 3626 1279 oculis

2019 1298 2349 1380 carentium,
2392 1311 2489 1353 sex
2522 1295 2625 1351 alis
2652 1294 3078 1360 instructorum,
3114 1295 3470 1359 thronorum,
3509 1309 3627 1350 cte-

2013 1392 2202 1445 lorum
2235 1389 2475 1445 virtutes
2509 1388 2742 1444 creavit.
2770 1387 2911 1441 Tum
2936 1397 3061 1457 post
3088 1386 3211 1442 illas
3242 1394 3399 1441 creat
3428 1384 3624 1441 visibi-

2020 1483 2127 1539 lem
2165 1480 2457 1547 mundum,
2482 1480 2624 1536 ccelo
2648 1490 2707 1535 et
2732 1489 2877 1535 terra
2909 1478 3333 1543 consistentem,
3365 1477 3430 1532 ad
3459 1491 3627 1547 quem

2022 1574 2261 1645 pertinet
2295 1573 2484 1638 homo,
2522 1572 2701 1645 imago
2741 1570 2976 1627 visibilis
3006 1568 3087 1642 [et
3117 1568 3436 1640 invisibilis]
3465 1582 3627 1623 erea-

2026 1659 2229 1722 tio’ni‘s’:
2267 1666 2555 1737 siquidem
2592 1679 2815 1719 carnem
2859 1663 3028 1719 habet
3058 1662 3355 1727 visibilem,
3388 1661 3628 1716 animam

2024 1770 2211 1816 autem
2266 1758 2626 1813 invisibilem.
2675 1757 2835 1813 llunc
2864 1755 3159 1811 hominem
3196 1763 3445 1809 creatum
3478 1766 3633 1807 com-

2028 1851 2247 1905 monuit
2294 1850 2459 1915 Deus,
2508 1849 2799 1921 legemque
2842 1864 2873 1902 a
2917 1846 3102 1918 Moyse
3153 1844 3526 1914 conscriptam
3579 1842 3633 1897 ei

328 1910 634 2007 Μωῦσὲως.
682 1910 829 1997 Ἀλλ’
875 1942 977 1999 οὐκ
1015 1910 1237 2012 ἴσχυσεν
1266 1910 1484 2011 ἀνόμος
1638 1939 1925 2012 ἄνθρωπον

2040 1943 2205 2008 dedit,
2255 1950 2316 1997 ut
2360 1941 2432 1998 ab
2471 1956 2711 1996 erroneo
2738 1939 3034 1995 idolorum
3077 1938 3229 1992 cultu
3260 1945 3631 1992 averteretur.

329 2035 821 2090 ἀνακαλέσασθαιι
898 2029 1017 2087 εἶτα
1080 2030 1404 2086 ἀπέστειλεν
1460 2034 1749 2105 προφήτας
1800 2049 1926 2085 νου-

331 2125 661 2191 θετοῦντας,
711 2123 1112 2190 ἀπειλοῦντας,
1154 2123 1736 2197 θαυματουργοῖωτας.
1784 2121 1925 2175 Ἀλλ’

328 2215 451 2269 οὐδὲ
481 2214 659 2279 οὕτως
706 2216 734 2268 6
782 2214 1079 2285 πλανηθεὶς
1129 2212 1418 2285 ἄνθρωπος
1474 2214 1537 2266 ὲκ
1587 2211 1685 2283 τῆς
1716 2211 1928 2280 πλάνης

328 2305 661 2376 ὲπεστρέψε.
718 2306 883 2368 Τέλος
931 2304 988 2358 δὲ
1036 2304 1226 2358 λοιπὸν
1279 2304 1653 2367 κατοικτίσας¹
1686 2304 1748 2357 τὸ
1799 2301 1929 2357 ἴδιον

332 2396 580 2466 πλάσμα,
609 2399 637 2449 6
663 2396 794 2460 Θεὸς
816 2396 984 2460 αὐτὸς
1014 2396 1108 2450 ἐπὶ
1132 2397 1236 2464 γῆς
1263 2394 1444 2467 ὤφθη,
1470 2398 1563 2448 καὶ
1586 2397 1700 2460 τοῖς
1720 2397 1816 2451 ἀνθ
1828 2396 1933 2467 ρὼο

330 2505 462 2551 ποις
491 2488 571 2552 ὼς
596 2487 692 2543 ἄνθ
704 2504 885 2556 ρωπος
914 2489 943 2541 6
964 2472 1107 2551 ’Θεὸς
1138 2487 1311 2557 Λόγος
1340 2486 1761 2557 συνανεστράφη
1785 2528 1799 2552 ,
1820 2488 1931 2541 ,καὶ

335 2582 522 2654 μορφὴ
550 2578 647 2634 τοῦ
680 2575 954 2633 Δεσπότου
982 2579 1076 2633 ἐπὶ
1096 2579 1202 2649 γῆς
1232 2578 1525 2648 κατῆλθεν,
1561 2578 1649 2631 ἵνα
1681 2580 1714 2649 ὴ
1747 2578 1932 2649 μορφὴ

330 2672 428 2727 τοῦ
455 2670 644 2726 δούλου
681 2673 740 2726 ὲν
766 2672 1019 2744 οὐρανοῖς
1049 2670 1276 2743 ἀνέλθῃ.

348 2747 368 2768 ⁸
401 2761 539 2820 Εἶτα
588 2764 842 2819 ἐκπεσὼν
880 2765 978 2835 τῆς
1016 2764 1291 2834 προτέρας
1328 2763 1539 2834 πλάνης
1591 2764 1685 2816 καὶ
1716 2764 1933 2829 ἐλπίδος

333 2859 364 2914 ὁ
390 2859 625 2930 πονηρὸς
653 2856 760 2910 τῶν
802 2855 1117 2928 ἀνθρώπων
1154 2855 1434 2927 πολέμιος,
1471 2857 1547 2922 ὡς
1576 2854 1717 2911 εἶδεν
1741 2860 1935 2913 ἑαυτὸν
1976 2874 1977 2877 ‘

338 2951 645 3026 ἡττηθέντα
662 2951 768 3035 καὶ
794 2950 879 3004 διὰ
906 2949 1148 3022 Χριστοῦ
1179 2949 1559 3021 συντριϐέντα,
1583 2950 1672 3006 διὰ
1697 2951 1934 3023 σταυροῦ

274 3072 275 3075 η
341 3045 699 3116 πατηθέντασ,
736 3044 833 3097 καὶ
864 3043 955 3097 διὰ
984 3042 1366 3114 βαπτίσματος
1396 3041 1749 3112 βυθισθέντα,
1782 3043 1849 3097 τά
1875 3060 1935 3097 τε

2027 2034 2300 2102 Quoniam
2332 2041 2531 2091 autem
2557 2033 2646 2087 lex
2677 2032 2958 2086 hominem
2991 2045 3254 2085 revocare
3285 2045 3397 2084 non
3430 2018 3632 2101 potuitll

2031 2128 2185 2184 misit
2238 2126 2453 2200 (Deus)
2504 2126 2807 2198 prophetas
2853 2124 3236 2187 cohortantes,
3282 2122 3632 2185 minitantes,

2000 2221 2301 2277 ‘miracula
2336 2226 2644 2292 patrantes.
2676 2219 2747 2273 At
2785 2230 2968 2287 neque
3017 2215 3099 2271 sic
3144 2214 3313 2269 homo
3366 2212 3635 2269 seductus

2032 2315 2102 2370 ab
2140 2329 2332 2369 errore
2370 2312 2559 2368 rediit.
2608 2310 2690 2366 Ad
2740 2318 3073 2372 extremum,
3126 2306 3375 2379 figmenti
3410 2306 3496 2360 sui
3530 2305 3637 2359 mi-

2035 2416 2240 2470 sertus,
2279 2406 2428 2461 Deus
2455 2404 2574 2475 ipse
2602 2404 2657 2459 in
2692 2412 2839 2459 terra
2865 2400 3146 2472 apparuit,
3190 2408 3247 2454 et
3292 2414 3419 2454 cum
3452 2397 3634 2452 homi-

2035 2502 2203 2557 nibus
2249 2509 2310 2555 ut
2354 2499 2524 2554 homo
2578 2504 2939 2553 conversatus
2982 2501 3068 2548 est
3096 2493 3243 2548 Deus
3272 2491 3540 2553 Verbum,
3572 2506 3637 2546 ac

2036 2593 2251 2665 Species
2310 2590 2530 2646 Domini
2581 2589 2638 2644 in
2686 2597 2894 2643 terram
2945 2570 3265 2649 descendit,
3318 2591 3385 2643 ut
3421 2582 3638 2653 species

2036 2689 2183 2745 servi
2215 2688 2283 2743 ad
2315 2686 2485 2742 caelos
2514 2685 2875 2741 eveheretur.

2110 2780 2249 2835 Tum
2275 2780 2442 2849 igitur
2464 2777 2755 2849 improbus
2777 2774 3071 2831 hominum
3097 2770 3450 2827 adversarius
3466 2769 3639 2840 priori

2037 2889 2228 2929 errore
2276 2883 2445 2944 atque
2492 2886 2589 2942 spe
2628 2868 2856 2925 excidit.
2889 2865 3028 2922 Cum
3060 2873 3247 2919 autem
3275 2862 3491 2917 videret
3517 2875 3641 2916 sese

2039 2974 2365 3037 superatura
2393 2978 2459 3018 ac
2482 2978 2583 3034 per
2609 2960 2898 3017 Christum
2929 2956 3257 3019 contritum,
3291 2968 3642 3026 perxcrucem

2040 3056 2453 3121 conculcatum,
2495 3068 2596 3123 per
2639 3049 2916 3121 baptisma
2950 3046 3018 3102 ad
3050 3046 3280 3117 abyssos
3327 3044 3642 3108 detrusum,

341 3136 539 3194 εἴδωλα
594 3133 1097 3206 καταστραφέντα,
1181 3132 1277 3188 καὶ
1334 3131 1433 3201 τὴν
1491 3130 1938 3205 εἰδωλολατρείαν

2042 3164 2210 3220 porro
2238 3146 2386 3201 idola
2413 3159 2630 3208 eversa,
2656 3141 3027 3196 idololatrian]
3054 3154 3122 3193 ex
3151 3135 3475 3192 hominibus
3492 3133 3645 3189 dele-

340 3229 528 3283 λοιπὸν
563 3228 623 3293 ἐξ
651 3226 957 3298 ἀνθρώπων
994 3224 1478 3296 καταργηθείσαν,
1532 3226 1625 3278 καὶ
1673 3225 1771 3296 τὴν
1819 3226 1940 3279 θεο-

2041 3254 2178 3303 tam,
2214 3240 2311 3304 Dei
2341 3236 2715 3308 cognitionem
2747 3234 2804 3288 in
2834 3231 3046 3286 mundo
3074 3229 3425 3300 prazdicatam
3452 3246 3466 3281 :
3507 3228 3643 3298 quid

340 3322 579 3404 γνῳσίαν
606 3323 665 3375 ὲν
689 3321 881 3391 κόσμῳ
902 3317 1297 3391 κηρυχθείσαν,
1328 3318 1381 3370 τί
1407 3320 1554 3371 ποιεῖ
1576 3321 1603 3372 6
1627 3318 1935 3390 κακοῦργος

2042 3334 2155 3405 agit
2187 3331 2479 3401 improbus
2506 3336 2835 3396 astutusque
2857 3324 3128 3380 malorum
3150 3321 3448 3377 inventor?
3469 3321 3646 3375 Aliam

344 3414 444 3469 καὶ
492 3413 903 3484 παμμήχανοςς
961 3411 1224 3481 δευτέραν
1270 3408 1439 3480 ἄλλην
1488 3410 1939 3479 εἰδωλολατρείαν

2042 3424 2337 3497 quamdam
2370 3420 2746 3477 idololatriam
2789 3425 2845 3472 et
2884 3430 3131 3471 errorem
3160 3414 3216 3468 in
3252 3413 3445 3468 orbem
3475 3422 3650 3466 terra-

344 3506 445 3563 καὶ
470 3506 682 3577 πλάνην
706 3508 786 3569 είς
814 3506 1142 3577 οἰκουμένην
1170 3502 1649 3573 κατέσπειρενιτά
1667 3503 1775 3557 τῶν
1792 3504 1943 3575 αἱρέ-

2046 3533 2168 3572 rum
2217 3514 2463 3579 diliudit,
2495 3510 2792 3567 haeresium
2826 3508 3058 3564 zizania.
3091 3506 3212 3561 Jam
3239 3506 3387 3559 enim
3419 3514 3649 3573 aposto-

348 3617 489 3653 σεων
522 3596 759 3665 ζιζάνια.
817 3598 1037 3661 Εὐθέως
1086 3596 1181 3650 ἐπὶ
1223 3597 1333 3650 τῶν
1374 3595 1688 3649 ἀποστόλων
1719 3595 1943 3666 Σίμωνα

2044 3607 2225 3661 lorum
2270 3614 2519 3675 tempore
2555 3599 2818 3655 excitavit
2858 3598 3141 3653 Simonem
3194 3594 3445 3665 Magum,
3495 3592 3643 3647 dcte-

346 3692 443 3747 τδν
464 3689 657 3759 Μάγον
673 3690 987 3762 ἀναστήσας
1007 3706 1144 3761 μυσε
1155 3689 1363 3761 ράρχην
1383 3688 1603 3756 πρῶτον
1618 3688 1723 3740 τῶν
1744 3686 1839 3742 τοῦ
1863 3688 1945 3741 κό-

351 3803 493 3856 σμου
524 3785 814 3856 αἱρέσεων,
840 3783 1071 3851 λέγοντα
1106 3783 1300 3835 ἑαυτὸν
1330 3777 1470 3835 εἷναι
1497 3780 1641 3836 θεόν.
1670 3775 1805 3834 Εἶτα
1826 3779 1945 3833 δεύ-

350 3893 511 3948 τερον
542 3875 835 3938 Νικόλαον,
871 3874 931 3941 ἐξ
957 3867 1017 3928 οὗ
1048 3875 1097 3927 οί
1126 3869 1451 3929 Νικολαῖται
1503 3872 1775 3939 ἐλέγοντο.
1811 3870 1945 3927 Εἶτα

352 3970 583 4024 Θευδᾶν.
626 3963 760 4023 Εῐτα
801 3967 1021 4040 ἑτέρους
1053 3966 1289 4037 καθεξῆς
1318 3958 1555 4030 οἰκείους
1584 3967 1822 4036 ἐργάτας
1854 3969 1949 4020 καὶ

352 4064 457 4135 τῆς
483 4063 694 4133 πλάνης
721 4063 1020 4134 ὲφτυρέτας
1041 4099 1055 4123 .
1084 4061 1151 4114 δι’
1176 4059 1271 4119 οὓς
1298 4061 1550 4121 πλεῖσται
1578 4053 1675 4113 καὶ
1700 4060 1949 4131 διάφοροι

326 4152 515 4225 ⁷ἆγιαι
564 4154 772 4209 συνόδοι
824 4154 931 4208 ὑπὸ
971 4152 1072 4223 τῆς
1107 4153 1403 4223 καθολικῆς
1442 4152 1773 4223 Ἐκκλησίας
1825 4170 1951 4203 συνο

355 4250 425 4321 ηθ
435 4248 746 4319 ροίσθησαν.

430 4337 588 4393 Οὕτω
614 4339 741 4393 ποτὲ
767 4340 887 4393 τότε
910 4338 1119 4411 ἀνέστη
1151 4338 1501 4411 μυσεράρχης
1518 4341 1735 4411 Ἄρειος
1770 4340 1953 4405 Ἀλεξ-

357 4432 613 4505 ανδρείας
656 4431 1030 4505 πρεσϐύτερος
1054 4473 1069 4497 ,
1105 4432 1280 4501 λέγων
1310 4434 1516 4503 κτίσμα
1542 4429 1679 4487 εἶναι
1709 4435 1800 4487 τὸν
1828 4435 1956 4489 Υίίλν

359 4529 457 4580 καὶ
485 4525 658 4595 Λόγον
688 4524 783 4578 τοῦ
809 4524 969 4589 Θεοῦ,
1000 4524 1341 4597 ἑτεροούσιον
1371 4524 1467 4578 τοῦ
1494 4526 1729 4598 Πατρός
1750 4526 1871 4580 καθ’
1896 4523 1955 4582 οὗ

358 4620 392 4686 ἡ
426 4616 558 4685 ἁγία
583 4615 801 4679 σύνοδος
832 4616 865 4687 ἡ
898 4596 1153 4687 νικητικὴ
1183 4615 1292 4668 τῶν
1322 4618 1379 4668 ἐν
1408 4596 1625 4688 Νικαίατ
1646 4623 1750 4687 τιη¹
1777 4618 1950 4686 ἁγίων

2057 4612 2316 4668 essentia:
2357 4630 2369 4664 :

360 4698 623 4779 Πατὲρων
670 4708 1037 4783 συνηθροίσθη
1064 4749 1079 4774 ,
1118 4709 1408 4780 ὁμοούσιον
1442 4711 1673 4782 ὁρίσασα
1702 4711 1796 4765 τὸν
1828 4711 1956 4765 Υἰὸν

358 4804 439 4875 τῷ
482 4803 660 4871 Πατρὶ
711 4801 855 4857 κατά
899 4802 997 4874 τὴν
1044 4804 1274 4874 θεότητα
1302 4845 1315 4868 ,
1381 4804 1478 4856 καὶ
1528 4804 1817 4873 ὀμοούσιον
1866 4804 1957 4858 τὸν

362 4895 528 4949 αὑτὸν
548 4896 679 4964 ἡμῖν
700 4896 815 4957 τοῖς
844 4893 1155 4965 ἀνθρώποις
1185 4897 1327 4949 κατὰ
1357 4896 1453 4967 τὴν
1476 4896 1643 4949 αὑτοῦ
1674 4896 1960 4968 ἀνθρωπόο

362 5006 524 5057 τητα,
562 4988 853 5060 κηρύξασα
873 5029 889 5055 ,
926 4990 984 5043 οὐ
1017 4990 1223 5061 κτίσμα
1251 4990 1403 5055 ὄντα,
1435 4990 1572 5045 ἀλλά
1598 4990 1861 5062 Κτίστην’
1896 4992 1958 5046 οὺ

364 5084 603 5154 ποίημα,
630 5082 771 5138 ἀλλά
799 5084 1041 5153 Ποιητὴν
1068 5084 1177 5135 τῶν
1204 5084 1484 5140 ἁπάντων.
1517 5080 1652 5139 Εἶτα
1679 5084 1962 5156 μετάχρό-

364 5195 490 5241 vos;
510 5176 582 5230 νε⁹
610 5177 849 5248 ἀνεφάνη
880 5176 1208 5239 Μακεδόνως
1236 5177 1263 5228 6
1287 5177 1459 5241 δόλιος
1484 5178 1786 5241 ἐπίσκοπος
1807 5178 1963 5231 Κων-

367 5270 887 5334 σταντινουπόλεως,
926 5271 1136 5341 κτίσμα
1166 5270 1349 5338 λέγων.
1367 5270 1429 5323 τὸ
1452 5271 1679 5341 Πνεῦμα
1702 5270 1762 5323 τὸ
1785 5270 1959 5339 ἅγιον.

368 5366 445 5418 Δι’
474 5365 533 5418 ὃν
564 5367 596 5434 ἠ
625 5366 758 5428 ἁγία
786 5365 1003 5426 σύνοδος
1028 5365 1136 5417 τῶν
1162 5368 1236 5436 ρν¹
1266 5363 1437 5433 ἁγίων
1465 5366 1725 5437 Πατέρων
1744 5365 1987 5435 γέγονεν,

367 5456 657 5527 ὁμοούσιον
687 5456 923 5526 λέγουσα
949 5458 1009 5510 τὸ
1037 5458 1260 5528 Πνεῦμα
1287 5458 1349 5511 τὸ
1379 5459 1529 5526 ἅγιον
1559 5458 1652 5513 καὶ
1677 5458 1961 5525 ἀκτιστον,

370 5554 539 5619 ἣγουν
573 5550 699 5620 μίαν
728 5550 917 5604 οὐσίαν
936 5550 1169 5621 “acpbe,
1204 5551 1298 5604 καὶ
1322 5550 1589 5617 Υἱοῦ,καὶ
1616 5549 1773 5619 ἁγίου
1796 5551 1965 5604 Πνέύ⁹

375 5660 564 5714 ματος,
607 5642 736 5713 μίαν
768 5643 1029 5711 θεότητα,
1074 5643 1204 5713 μίαν
1234 5643 1513 5709 ἐξουσίαν,
1553 5644 1681 5714 μίαν
1709 5642 1963 5715 δύναμιν,

374 5738 434 5790 ἐν
462 5751 640 5807 apta»
666 5732 1053 5795 ὑποστάσεσιν.

2047 3698 2305 3754 stabilem
2356 3694 2655 3749 haeresium
2704 3688 2899 3747 mundi
2940 3688 3251 3760 principem
3306 3686 3400 3756 qui
3444 3693 3654 3739 semel-

2051 3791 2235 3862 ipsum
2276 3788 2445 3861 deum
2476 3801 2598 3842 esse
2650 3782 2811 3839 dixit.
2856 3780 3116 3837 Secundo
3173 3780 3297 3835 loco
3337 3779 3649 3840 Nicolaum,

2048 3897 2079 3936 e
2112 3897 2223 3951 quo
2255 3879 2539 3934 Nicolaitte
2580 3887 2713 3935 sunt
2752 3872 3048 3945 appellati;
3072 3880 3191 3925 tum
3239 3869 3550 3935 Thcudam,
3596 3876 3655 3923 et

2052 3982 2243 4042 postea
2280 3980 2513 4025 caeteros
2561 3966 2828 4035 deinceps
2873 3963 3111 4018 famulos
3158 3976 3290 4016 suos
3331 3958 3655 4029 errorisque

2055 4064 2398 4124 inventores,
2438 4066 2666 4129 propter
2700 4070 2841 4127 quos
2874 4056 3065 4126 plures
3090 4069 3156 4108 ac
3185 4052 3418 4108 diversa:
3447 4058 3652 4104 sanctae

2058 4154 2252 4229 synodi
2284 4154 2354 4208 ab
2395 4151 2643 4207 Ecclesia
2683 4148 2954 4204 catholica
2998 4158 3315 4201 convocatae
3356 4153 3505 4198 sunt.

2152 4335 2245 4391 Sic
2311 4331 2581 4403 temporis
2644 4330 2887 4385 decursu
2946 4320 3192 4383 surrexit
3250 4319 3659 4377 abominandus

2060 4428 2224 4484 Arius
2258 4424 2551 4497 presbyter
2578 4419 3009 4485 Alexandrinus,
3044 4418 3235 4473 dicens
3261 4424 3508 4469 creatum
3534 4427 3657 4466 esse

2063 4520 2264 4576 Filium
2304 4516 2659 4585 Verbumque
2688 4513 2809 4578 Dei,
2842 4526 3025 4581 neque
3055 4508 3304 4582 ejusdem
3342 4521 3470 4561 eum
3497 4505 3658 4559 Patre

2428 4617 2623 4665 contra
2685 4620 2849 4676 quem
2894 4612 3084 4658 sancta
3140 4599 3384 4672 synodus
3434 4597 3682 4677 Nicena.

2065 4704 2328 4763 trecentis
2379 4702 2688 4758 octodecim
2745 4698 2953 4754 sanctis
3005 4695 3265 4751 Patribus
3314 4690 3657 4761 composita,

2061 4799 2293 4855 collecta
2331 4807 2438 4860 est,
2478 4795 2705 4851 ediccns
2744 4792 2944 4847 Filium
2978 4787 3285 4844 secundum
3310 4784 3660 4839 divinitatem

2062 4892 2234 4955 Patri,
2271 4890 2643 4959 cumdcmque
2691 4884 2997 4941 secundum
3046 4880 3447 4936 humanitatem
3497 4874 3663 4931 nobis

2062 4982 2591 5040 consubstantialem
2616 4995 2758 5043 esse,
2780 4994 2891 5033 non
2908 4988 3176 5037 creatum,
3197 4972 3292 5028 sed
3313 4973 3661 5036 Creatorem,

2063 5095 2173 5133 non
2200 5078 2427 5141 factum,
2453 5075 2549 5129 sed
2585 5074 2872 5128 Factorem
2903 5069 3171 5126 universi.
3208 5066 3437 5130 Deinde,
3462 5063 3667 5133 elapsis

2064 5171 2467 5241 quinquaginta
2501 5168 2749 5238 quinque
2800 5166 2982 5230 annis,
3026 5163 3237 5234 prodiit
3279 5159 3663 5221 Macedonius,

2064 5263 2291 5317 dolosas
2342 5262 2433 5316 ille
2492 5261 2789 5336 episcopus
2843 5254 3519 5325 Constantinopolitanus,
3569 5251 3662 5320 qui

2066 5358 2336 5429 Spiritum
2371 5364 2625 5410 sanctum
2658 5362 2970 5410 creaturam
3011 5365 3133 5407 esse
3163 5344 3486 5403 declaravit.
3527 5344 3665 5399 Pro-

2065 5460 2190 5520 pter
2244 5463 2408 5519 quem
2464 5459 2655 5502 sancta
2698 5445 2941 5518 synodus
2992 5451 3217 5499 centum
3266 5437 3665 5509 quinquaginta

2067 5556 2387 5600 sanctorum
2444 5543 2668 5596 Patrum
2724 5547 2914 5595 coacta
2971 5546 3075 5601 est,
3128 5552 3251 5607 quae
3297 5530 3669 5604 promulgavit

2069 5635 2341 5705 Spiritum
2376 5645 2627 5689 sanctum
2672 5634 3005 5697 inci-catum,
3047 5629 3098 5683 id
3131 5638 3238 5693 est,
3274 5641 3440 5681 unam
3471 5634 3667 5679 essen-

2072 5729 2203 5784 tiam
2229 5728 2427 5789 Patris,
2470 5727 2618 5792 Filii,
2647 5736 2704 5781 et
2740 5725 2983 5795 Spiritus
3026 5721 3228 5799 sancti,
3260 5734 3427 5777 unam
3461 5714 3670 5774 divini-

2072 5829 2264 5886 tatem,
2295 5836 2463 5876 unam
2493 5827 2843 5892 potestatem,
2874 5833 3040 5874 unam
3081 5815 3371 5880 virtutem,
3398 5812 3454 5868 in
3484 5807 3671 5867 tribus

2072 5913 2416 5971 substantiis.
