4110 6332
555 384 696 449 29ί3

1546 393 1604 454 S.
1642 394 1955 456 EULOGII
1984 391 2352 454 'ARCHIEP.
2396 391 2770 452 ALEXAND.

3664 387 3799 457 29“

623 502 1004 572 Preterlapsis
1061 504 1259 558 iterum
1314 503 1473 558 anuis
1530 504 1928 577 quinquaginta
1991 521 2100 560 uno

2307 503 2528 572 Χρόνων
2556 503 2611 555 δέ
2640 520 2744 556 που
2773 502 2933 557 πάλιν
2961 504 3038 556 να¹
3058 504 3491 575 διαδραμόντων,
3520 508 3798 578 προέκυςρι

550 596 781 652 emersit
830 591 1141 660 Nestorius,
1194 596 1466 652 nefandus
1520 598 1878 668 impurusque
1930 600 2128 668 praesul

550 670 1228 757 Cdnstantinopolitanus,
1259 689 1352 758 qui
1386 688 1810 759 hominiparam,
1852 706 1961 743 non
2003 692 2129 746 Dei-

552 795 737 850 param
793 794 914 833 esse
970 787 1211 833 sanctam
1266 777 1559 849 Virginem
1592 782 1847 836 asseruit.
1901 782 2130 853 Propter

552 870 703 925 hunc
738 871 923 924 habita
971 878 1055 925 est
1086 872 1238 940 prior
1271 871 1557 941 Ephesina-
1595 872 1953 927 ducentorum
2004 888 2129 927 san-

549 971 764 1017 ctorum
816 963 1040 1017 Patrum
1076 963 1336 1033 synodus,
1392 979 1513 1032 qum
1566 964 1787 1033 proprie
1832 972 1887 1017 et
1936 977 2127 1017 revera

549 1055 836 1124 Deiparam
888 1070 1007 1109 esse
1050 1059 1295 1111 sanetam
1332 1056 1610 1125 Virginem
1648 1056 2031 1126 promulgavit,
2071 1064 2127 1110 et

549 1143 868 1200 Nestorium
927 1155 1134 1203 aeterno
1180 1148 1525 1201 anathemate
1574 1148 1864 1216 percussit.
1918 1146 2124 1211 Deinde

549 1246 671 1306 post
707 1237 890 1308 viginti
928 1239 1172 1306 quinque
1215 1239 1436 1292 circiter
1480 1253 1673 1303 annos,
1704 1240 1928 1295 emersit
1958 1234 2124 1310 Euty-

551 1324 685 1380 ches
732 1324 1017 1379 nefaustus
1066 1326 1527 1380 monasteriorum
1561 1325 2122 1395 Constantinopolita-

548 1430 747 1469 norum
795 1415 1245 1478 archimandrita,
1290 1416 1479 1471 dicens
1515 1433 1625 1472 non
1656 1418 2121 1473 consubStantiale

547 1505 710 1560 nobis
737 1521 857 1560 esse
892 1521 1094 1576 corpus
1122 1506 1362 1572 Christi;
1394 1507 1697 1577 eodemque
1729 1507 1847 1562 fere
1873 1517 2116 1578 tempore

549 1594 764 1648 exstitit
789 1593 1086 1649 Dioscorus
1116 1610 1253 1664 papa
1292 1595 1692 1651 Alexandrinus
1741 1596 1832 1666 qui
1866 1612 2027 1650 unam
2063 1597 2119 1652 in

546 1682 767 1740 Christo
801 1692 1051 1738 naturam
1088 1684 1246 1739 dixit.
1288 1684 1515 1755 Propter
1542 1685 1643 1740 bos
1671 1686 1808 1739 duos
1840 1685 2119 1741 detestan-

2234 594 2327 646 καὶ
2375 594 2670 665 Νεστόριος
2723 596 2751 648 6
2799 597 2993 668 μιαρὸς
3046 599 3141 651 καὶ
3182 598 3488 668 ἀκάθαρτος
3540 600 3801 671 πρόεδρος

2232 687 2877 749 Κωνσταντινουπόλεως.
2897 689 3310 759 ἀνθρωποτόκον
3330 690 3505 757 λέγων
3526 692 3590 761 τὴ
3604 710 3621 744 δ
3642 692 3801 759 ἁγίαν

2230 776 2528 848 Παρθένον,
2561 780 2656 831 καὶ
2681 778 2741 831 οὐ
2767 779 3049 832 Θεοτόκον⁹
3067 781 3137 833 δι’
3165 782 3223 835 ὃν
3253 778 3473 850 γέγονεν
3503 784 3543 852 ἡ
3562 784 3622 835 ἐν
3646 784 3800 851 Ἐφέο

2230 887 2307 940 σῳ
2334 870 2395 922 τὸ
2420 871 2684 940 πρότερον
2716 878 2760 923 σθ
2786 871 2956 939 ἁγίων
2982 873 3240 943 Πατέρων
3270 874 3509 937 σύνοδος,
3540 874 3802 927 Θεοτόκον

2228 960 2432 1031 κυρίως
2463 964 2558 1013 καὶ
2584 961 2795 1032 ἀληθῶς
2825 963 3169 1032 κηρύττουσα
3197 966 3295 1036 τὴν
3320 966 3479 1033 ἁγίαν
3503 965 3798 1036 Παρθένον,

2226 1053 2321 1103 καὶ
2353 1052 2646 1121 Νεστόριον
2679 1054 2884 1122 αἰωνίῳ
2915 1053 3218 1123 ἁναθέματι
3247 1053 3687 1106 ὑποϐαλοῦσα.⁹υ
3714 1050 3801 1105 διὰ

2227 1143 2443 1195 πάντων
2486 1143 2545 1195 δὲ
2586 1144 2713 1213 περί
2742 1161 2842 1195 που
2876 1143 2953 1197 κε’
2976 1145 3185 1213 χρόνων
3215 1145 3460 1213 Εὑτυχὴς
3484 1145 3513 1196 ὁ
3534 1143 3800 1214 δυστυχὴς

2224 1235 2652 1305 ἀρχιμανδρίτης
2713 1236 3095 1306 μοναστηρίων
3149 1235 3799 1300 Κωνσταντινουτιόλεως,

2224 1327 2489 1396 ἀνέκυψε,
2534 1326 2608 1396 μὴ
2647 1326 2820 1395 λέγων
2864 1325 3152 1396 ὁμοούσιον
3183 1325 3337 1397 ἡμῶν
3372 1322 3511 1378 εἶναι
3544 1326 3605 1378 τὸ
3638 1327 3798 1394 σῶμα

2221 1416 2317 1470 τοῦ
2343 1416 2602 1487 Χριστοῦ.
2634 1415 2834 1469 Λοιπὸν
2860 1416 2918 1468 δὲ
2948 1416 3044 1469 καὶ
3069 1415 3360 1485 Διόσκορος
3387 1414 3625 1484 προῆλθε
3674 1414 3796 1467 τότε

2222 1509 2410 1571 πὰπας
2426 1493 2855 1577 ςΑλεξανδρείας,
2875 1507 3005 1575 μίαν
3023 1506 3184 1577 φύσιν
3198 1506 3373 1574 λέγων
3392 1509 3449 1560 ὲν
3461 1505 3539 1576 τῷ
3554 1505 3794 1577 Χριστῷ·

2217 1598 2413 1664 δι’,οῑς
2447 1617 2597 1662 τινας
2640 1598 2733 1652 δύο
2775 1598 3003 1669 μιαροὺς
3034 1597 3391 1668 αίρεσιάρχας
3433 1596 3794 1667 συνηθροίσθη

2216 1694 2249 1761 ἡ
2295 1691 2427 1759 ἁγία
2458 1691 2674 1754 σύνοδος
2712 1690 2745 1760 ή
2778 1688 3121 1760 Χαλκηδόνος
3156 1688 3268 1741 τῶν
3296 1686 3592 1757 ὀρθοδόξων
3621 1686 3794 1754 ἁγίων

548 1773 649 1828 dos
698 1773 1097 1831 haeresiarchas
1145 1776 1373 1830 collecta
1414 1784 1497 1830 est
1537 1785 1849 1831 sanctorum
1892 1777 2115 1832 Patrum

2219 1783 2482 1851 Πατέρων
2516 1780 2969 1850 ἁναθεματίσασα
3001 1779 3128 1842 τοὺς
3158 1778 3481 1849 εἰρημένους
3510 1777 3793 1848 αἱρεσιὰρ-

547 1865 788 1936 synodus
814 1864 1297 1932 Chalcedonensis,
1333 1882 1456 1936 qua:
1482 1875 1681 1937 prmter
1720 1867 1882 1922 modo
1921 1869 2116 1923 citatos

526 1940 935 2010 ‘hzresiarchas
986 1956 1297 2012 Nestorium
1346 1974 1564 2029 quoque
1604 1959 2111 2023 anathematizavit,

542 2038 1073 2103 Christum'auteni
1137 2047 1439 2104 secundum
1500 2049 1892 2104 humanitatem
1953 2048 2114 2122 nobis

542 2136 1070 2193 consubstantialem
1106 2140 1299 2204 edixit,
1340 2150 1409 2196 et‘
1439 2140 1578 2195 duas
1607 2142 1970 2197 iudivisibiles
2006 2145 2115 2196 'na-

542 2237 696 2282 turas
743 2243 867 2282 eum
927 2245 1033 2283 una
1075 2245 1309 2300 persona
1352 2233 1657 2287 credendas
1708 2233 1916 2288 statuit.
1959 2231 2114 2291 Unus

538 2318 697 2372 enim
730 2330 816 2374 est
864 2319 1140 2386 Christus,
1176 2330 1233 2376 et
1260 2338 1367 2377 non
1398 2324 1529 2389 duo,
1568 2334 1624 2379 et
1654 2324 1957 2393 composita
1994 2326 2121 2395 ejus

539 2408 872 2462 substantia.

556 2556 573 2568 ,
610 2497 907 2553 Ειειὶηοῑίδ
931 2499 1116 2570 igitur,
1149 2501 1201 2555 id
1217 2510 1302 2556 est
1328 2500 1819 2568 anathematizatis,
1848 2500 2111 2558 illis'duo-

539 2589 644 2644 bus
689 2590 1091 2659 haresiarcbis,
1128 2594 1287 2648 annis
1330 2593 1445 2649 fere
1490 2606 1711 2649 centum
1748 2604 1875 2665 post
1924 2594 2108 2650 habita

535 2691 622 2737 est
662 2682 841 2738 fausta
892 2684 1082 2754 quinta
1114 2686 1373 2755 synodus,
1407 2686 1509 2741 sub
1533 2687 1841 2743 Justlniano
1878 2688 2111 2757 impera-

537 2785 677 2853 tore,
717 2775 979 2829 adversus
1016 2775 1329 2847 Origenem,
1381 2779 1670 2851 Didymum
1700 2788 1755 2833 et
1793 2778 2105 2849 Evagrium,

535 2862 653 2935 qui.
682 2881 824 2921 vano
863 2882 1026 2922 sensu
1053 2868 1287 2939 abrepti,
1322 2872 1533 2926 animas
1564 2881 1778 2926 nostras
1820 2879 1945 2926 ante
1988 2887 2110 2926 cor-

535 2970 672 3026 pora
698 2958 752 3011 in
776 2960 930 3014 caelis
954 2960 1155 3031 degere
1179 2969 1236 3013 et
1265 2975 1453 3031 pamas
1482 2971 1716 3017 atemas
1753 2965 1914 3016 linem
1955 2962 2109 3016 habi-

536 3062 691 3106 turas
735 3066 892 3117 esse,
942 3054 1330 3123 nugabantur:
1375 3056 1575 3123 quibus
1619 3052 1831 3109 cu'ﬁctis
1865 3054 2104 3125 rejectis,
2144 3096 2149 3101 .

2217 1891 2317 1944 χας
2344 1912 2359 1937 ,
2418 1872 2556 1943 όμοῦ
2604 1888 2663 1925 τε
2712 1871 2808 1925 καὶ
2848 1871 3177 1940 Νεστόριον,
3226 1868 3510 1939 ὁμοούσιον
3538 1870 3669 1939 ἡμῖν
3703 1867 3791 1920 τὸν

2218 1964 2449 2035 Χριστὸν
2478 1964 2618 2017 κατὰ
2645 1962 2743 2032 τὴν
2769 1961 3167 2033 ἀνθρωπότητα
3208 1960 3521 2030 κηρύξασα.
3570 1961 3666 2012 καὶ
3698 1959 3793 2014 δύο

2215 2056 2550 2126 ἀδιαιρέτους
2575 2056 2802 2126 ὁρίσασα
2839 2055 2936 2107 σὺν
2970 2054 3051 2105 ἑνὶ
3081 2052 3792 2124 προσώπῳςγνωριζομένας

2215 2147 2407 2216 φύσεις
2432 2163 2447 2179 ⁸
2509 2141 2588 2211 εἷς
2636 2146 2745 2216 γάρ
2798 2147 2946 2197 ἑστιν
2988 2146 3016 2197 ὁ
3045 2142 3283 2213 Χριστὸς
3320 2144 3502 2197 καὶού
3528 2141 3620 2196 δύο
3643 2184 3658 2210 ,
3695 2145 3788 2196 καὶ

2216 2238 2472 2305 σύνθετος
2502 2237 2668 2294 αὐτοῦ
2700 2239 2735 2310 ἠ
2762 2236 3085 2300 ὑπόστασις.

2281 2499 2609 2569 Σδεσθίίσης
2637 2499 2815 2555 τοίνυν
2840 2498 3123 2570 κάκείνης,
3140 2498 3314 2568 ’ἤγουν
3340 2493 3784 2567 ἁναθεματισθείο

2212 2611 2311 2664 σης
2342 2594 2443 2663 τῆς
2474 2592 2768 2663 ξυνωρίδος
2798 2592 2909 2646 τῶν
2952 2589 3350 2663 αίρισιαρχῶν,
3384 2588 3641 2642 διίππασέ
3684 2603 3785 2640 που

2210 2692 2256 2757 ρ’
2272 2684 2479 2748 τούτοις
2502 2685 2714 2754 χρόνοις
2730 2684 2825 2735 καὶ⁸
2847 2682 3116 2752 γίγονενή
3145 2679 3392 2751 μακαρία
3415 2680 3484 2733 πί
3494 2696 3643 2749 μπτη
3669 2678 3785 2732 σύν-

2212 2776 2329 2839 οδος
2360 2776 2454 2829 ἐπὶ
2481 2772 2859 2828 Ἰουστινιανοῦ
2883 2771 2977 2826 τοῦ
3002 2771 3265 2843 βασιλέως
3290 2770 3433 2824 κατὰ
3456 2768 3783 2839 Ὤριγένοος,

2207 2869 2479 2939 Διδύμου,
2527 2868 2620 2921 καὶ
2663 2866 2963 2935 Εὑαγρίου,
3008 2862 3115 2917 τῶν
3159 2862 3572 2933 ματαιοφρόνων
3608 2861 3786 2932 ληρῳο

2206 2954 2439 3014 δούντων
2468 2958 2847 3029 προῦπάρχειν
2878 2956 2987 3011 τῶν
3015 2956 3283 3026 σωμάτων
3305 2954 3466 3024 ἡμῶν
3488 2953 3586 3016 τὰς
3606 2953 3782 3023 ψυχὰς

2208 3053 2265 3105 ἑν
2308 3051 2559 3121 οὐρανοῖς
2604 3050 2698 3103 καὶ
2738 3046 2891 3110 τέλος
2935 3046 3080 3118 ἔχειν
3129 3046 3229 3117 τὴν
3273 3046 3497 3098 κόλασιν
3532 3041 3779 3097 αίώνιον·

534 3140 775 3211 synodus
804 3141 1071 3197 divinitus
1106 3142 1370 3213 inspirata
1399 3142 1522 3198 illos
1562 3144 1906 3197 anathemate
1930 3142 2101 3197 feriit.

2216 3142 2351 3211 Ξπερ
2402 3138 2619 3195 ἅπαντα
2664 3138 2970 3192 ἁπεόάλετο
3024 3137 3122 3192 καὶ
3174 3135 3567 3205 ἁνεθεμάτισεν
3599 3134 3782 3195 αὐτοῖς

534 3233 781 3303 Longum
816 3242 902 3288 est
932 3237 995 3288 «le
1028 3235 1257 3305 reliquis
1288 3237 1339 3289 in
1374 3236 1612 3290 diversis
1644 3235 1778 3290 locis
1802 3234 1946 3288 haud
1985 3249 2106 3287 raro

2216 3236 2247 3304 ὴ
2282 3233 2640 3295 θεόπνευστος
2670 3230 2909 3294 σύνοδος.
2947 3228 3175 3299 Μακρὸς
3209 3228 3252 3281 δ’
3282 3226 3346 3280 ἂν
3380 3226 3467 3294 εἴη
3494 3225 3652 3293 λόγος
3686 3224 3781 3277 καὶ

533 3322 738 3379 habitis
756 3327 960 3381 sanctis
981 3329 1203 3398 synodis
1223 3330 1526 3405 orationem
1547 3337 1750 3392 texere,
1771 3335 1825 3381 et
1847 3326 1914 3380 de
1939 3326 2105 3380 variis

535 3415 839 3471 haeresibus
889 3425 1103 3488 tempus
1146 3428 1201 3473 et
1252 3419 1428 3472 locum
1484 3419 1685 3487 quibus
1744 3420 2101 3483 emerserint,

532 3523 817 3564 enarrare.
852 3510 1085 3576 Quidam
1135 3512 1284 3566 enim
1336 3529 1505 3566 unum
1543 3511 1761 3585 [Deum]
1791 3528 1910 3567 esse
1942 3527 2104 3581 nega-

534 3609 687 3663 runt,
731 3608 788 3659 ut
818 3603 1079 3672 gentiles;
1115 3603 1204 3657 alii
1234 3604 1393 3668 duos,
1425 3605 1535 3658 imo
1560 3616 1795 3673 quatuor
1822 3604 2098 3667 dicebant,

535 3701 596 3746 ut
641 3692 829 3754 Ariani
868 3702 924 3747 et
957 3694 1270 3769 Maiiichtei;
1320 3695 1410 3748 alii
1458 3705 1569 3751 tres
1596 3696 1864 3750 essentias
1891 3697 1944 3748 in
1975 3700 2108 3748 san-i

532 3792 620 3837 cta
650 3782 919 3838 Trinitat‘e
956 3782 1201 3854 improbe
1237 3786 1773 3856 blasphemaverunt,
1824 3798 1882 3843 ut
1916 3788 2100 3843 Sabel-

531 3871 685 3935 liani,
734 3882 898 3943 atque
945 3890 1108 3929 unam
1140 3875 1195 3930 in
1221 3890 1285 3930 ea
1315 3877 1677 3931 substantiam
1712 3885 2093 3943 asseruerunt;

529 3962 624 4019 alii
656 3979 849 4022 rursus
875 3964 1574 4036 dispensatione'Christi...

611 4160 970 4173 *α*-

553 4160 607 4176 ν

1125 4330 2101 4461 FRAGMENTA

2214 3326 2341 3394 περὶ
2368 3324 2477 3377 τῶν
2500 3321 2704 3376 λοιπῶν
2730 3320 2973 3375 τοπικῶν
3000 3318 3260 3381 πολλάκις
3286 3317 3591 3387 γενομένων
3610 3316 3780 3382 ἁγίων

2210 3415 2444 3467 συνόὲων
2472 3411 2864 3484 διηγήσασθαι,
2921 3412 3016 3466 καὶ
3047 3410 3157 3463 τῶν
3185 3408 3307 3461 καθ’
3333 3409 3561 3461 ἕκαστον
3589 3404 3781 3475 καιρὸν

2207 3509 2302 3559 καὶ
2328 3501 2514 3567 τόπον,
2545 3503 2929 3572 ἁναφανέντων
2956 3502 3217 3555 ποικίλων
3244 3500 3529 3570 αἱρέσεων,
3546 3498 3658 3551 τῶν
3682 3498 3780 3566 μὲν

2204 3595 2553 3668 ἀρνουμένων
2584 3595 2677 3647 τοῦ
2708 3591 2845 3647 εἶναι
2870 3592 3233 3663 ἒνπΕλληνες·
3267 3591 3375 3644 τῶν
3399 3590 3455 3643 δὲ
3482 3589 3576 3642 δύο
3594 3589 3781 3656 λεγόν-

2203 3707 2310 3741 των
2345 3688 2440 3741 καὶ
2472 3688 2532 3740 τὸ
2560 3687 2818 3757 τέταρτον
2846 3687 2923 3751 δὲ,
2959 3682 3251 3754 ’Δρειανολη
3285 3677 3595 3751 Μινιχαῖοι,
3629 3684 3780 3749 τρεῖς

2202 3782 2390 3841 οὐσίας
2444 3779 2538 3831 ἐπὶ
2580 3778 2678 3845 τῆς
2718 3776 2876 3844 ἁγίας
2933 3774 3401 3846 βλασφημούντων
3426 3771 3656 3843 Τριάδος
3684 3774 3781 3825 καὶ

2202 3876 2383 3929 αὐτῶν
2413 3875 2469 3928 δὲ
2500 3872 2870 3936 Σαϐελλιανοὶ,
2908 3870 3038 3939 μίαν
3068 3868 3335 3935 λεγόντων
3368 3867 3454 3919 ἐπ’
3481 3864 3653 3932 αὑτῆς
3678 3865 3779 3934 τὴν

2202 3969 2497 4023 ὑπόστασιν
2514 3979 2526 3994 ’
2558 3963 2731 4019 ἄλλων
2759 3963 2815 4017 δὲ
2841 3965 2907 4033 τῇ
2932 3960 3213 4031 οἰκονομίᾳ
3235 3958 3562 4030 Χριστοῦ....

2218 4328 3190 4459 DOGMATICA.

524 4703 607 4757 Ex-
637 4700 857 4771 Eulogio
890 4700 1248 4771 Alexandrino
1277 4699 1473 4755 Contra
1499 4716 1583 4753 eos
1608 4702 1699 4771 qui
1724 4702 1925 4762 dicunt,
1976 4720 1993 4751 ι
2033 4699 2090 4755 Si

2216 4703 2307 4754 Ἐκ
2372 4699 2491 4753 τῶν
2540 4698 2920 4771 συνηγοριῶν
2967 4695 3265 4771 Εὑλρῖίου
3316 4695 3775 4771 Ἀλεξιιτδρείης

596 4774 763 4828 dicitis
779 4769 979 4823 'Imbsre
998 4769 1259 4823 Christum
1285 4773 1416 4825 duas
1440 4769 1781 4833 substantias,
1800 4774 2091 4825 necessario

589 4852 774 4897 sancta
804 4840 1032 4895 Trinitas
1066 4843 1345 4895 incuruata
1373 4850 1470 4896 est.
1500 4860 1518 4891 ι

2269 4770 2419 4834 πρὸς
2467 4770 2608 4833 τοὺς
2647 4768 2939 4835 ,λέγοντας
2964 4785 2976 4798 ·
3036 4785 3056 4814 ι
3094 4767 3166 4819 EI
3196 4782 3350 4835 pars
3383 4770 3487 4820 τὸν
3516 4768 3775 4835 Χριστόν

2267 4840 2376 4893 δύο
2406 4839 2570 4923 ξχειν
2597 4840 2812 4903 οὐσίας
2834 4878 2847 4900 ,
2889 4836 3124 4903 πάντως
3155 4836 3193 4902 ὴ
3227 4836 3369 4905 ἁγία
3400 4835 3570 4905 Τριὰς
3600 4835 3771 4891 πᾶσα

2267 4925 2654 4977 σεσαρκωτίρι.
2694 4929 2711 4958 ι

1580 5027 1735 5097 (Aug.
1768 5027 1868 5082 MM
1896 5027 2089 5098 δεῖ-ἔμε.
2123 5040 2215 5081 ret.
2267 5040 2304 5082 ι.
2335 5028 2445 5093 VII,
2484 5028 2570 5091 l8,
2604 5026 2711 5096 l9.)

588 5146 714 5201 llmc
738 5153 866 5199 sunt
896 5159 1017 5213 quae
1046 5143 1116 5199 ab
1135 5143 1470 5199 adversariis
1492 5146 1862 5216 objectantur.
1882 5149 2086 5203 Forsan

2267 5148 2451 5201 Ταῦτα
2496 5149 2604 5201 τῶν
2634 5148 2893 5202 ἐναντίων
2926 5146 3161 5218 ὑπάρχει
3193 5147 3573 5219 προϐλήματα.
3610 5150 3765 5203 Οίονς

515 5238 661 5293 enim
691 5246 889 5306 putant
922 5236 1228 5291 divinitatis
1251 5237 1549 5291 essentiam
1581 5237 1917 5293 divisibilem
1943 5255 2084 5303 esse,

2216 5261 2280 5295 ται
2304 5244 2411 5309 γὰρ
2437 5243 2567 5303 ἴσως
2594 5240 2854 5310 μεριστὴν
2875 5234 3014 5292 εἶναι
3039 5239 3137 5309 τὴν
3160 5241 3259 5308 τῆς
3284 5239 3531 5310 θεότητος
3556 5242 3766 5306 οὐσίαν,

515 5333 675 5402 cujus
716 5346 821 5383 una
857 5318 984 5399 pars
1035 5330 1091 5383 in
1125 5330 1283 5385 Patre
1309 5338 1602 5396 cernatur,
1638 5332 1810 5385 altera
1838 5332 1893 5385 in
1924 5334 2083 5398 Filio,

2216 5335 2283 5386 ιαί
2334 5334 2391 5384 τὸ
2435 5332 2601 5402 μέρος
2648 5331 2819 5400 αὐτῆς
2868 5332 2926 5382 ὲν
2965 5329 3144 5400 Πατρὶ
3188 5328 3549 5395 θεωρεῖσθαι,
3606 5332 3667 5383 τὸ
3712 5332 3769 5385 δὲ

514 5432 570 5477 et
604 5420 776 5475 altera
812 5420 866 5472 in
898 5418 1105 5489 Spiritu
1136 5428 1325 5475 sancto
1350 5459 1364 5483 ,
1415 5434 1518 5474 ceu
1564 5421 1820 5489 quaslibet
1850 5436 2085 5490 persona

2220 5443 2249 5477 ν
2271 5424 2405 5493 Υἰῴ,
2435 5424 2496 5476 τὸ
2521 5424 2576 5477 δὲ
2608 5425 2665 5475 ὲν
2693 5423 2831 5493 ἁγίῳ
2858 5422 3161 5491 Πνεύμιτι,
3192 5422 3268 5485 ὼς
3295 5422 3511 5492 ἐκείνης
3536 5424 3767 5478 ὑποστά-

514 5528 581 5566 ex
608 5520 762 5580 parte
786 5511 988 5573 solum,
1014 5517 1071 5564 et
1096 5525 1205 5564 non
1232 5526 1294 5565 ex
1327 5518 1443 5565 toto
1473 5510 1697 5565 deitatis
1720 5513 2087 5581 pr0prietates

2216 5533 2327 5578 ιεως
2360 5518 2423 5568 ὲκ
2454 5516 2653 5585 μέρους
2674 5552 2690 5578 ,
2725 5514 2840 5566 ἁλλ’
2873 5515 2975 5567 οὐκ
3004 5515 3061 5567 ὲν
3084 5515 3221 5567 πᾶσι
3250 5516 3366 5578 τοῖς
3389 5516 3489 5584 τῆς
3514 5516 3766 5587 θεότητος

516 5602 737 5657 referat.
761 5602 871 5656 Nos
888 5617 1019 5655 vero
1042 5616 1389 5671 nequaquam
1412 5617 1478 5656 eo
1500 5602 1796 5672 impietatis
1812 5602 2084 5669 venimus,

2216 5606 2447 5676 διὼμασι
2479 5604 2911 5676 γνωριζομένης.
2969 5607 3159 5676 Ἡμεῖς
3187 5606 3245 5659 δὲ
3276 5607 3377 5659 οὐκ
3408 5608 3487 5670 είς
3510 5606 3768 5661 τοσοῦτον

520 5705 579 5748 ιιι
608 5694 662 5748 in
694 5694 879 5748 divina
904 5695 1141 5751 essentia
1170 5696 1493 5753 divisionem
1518 5706 1614 5752 aut
1634 5698 1929 5756 sectionem
1952 5698 2087 5753 ima-

2216 5699 2439 5761 ισεὸείας
2465 5699 2769 5769 ἠλάσαμεν.
2800 5699 2874 5763 ὡς
2904 5698 3171 5769 μερισμὸν
3196 5700 3446 5768 ἡγεῖσθαι
3488 5699 3583 5754 καὶ
3606 5716 3783 5754 κατα--

518 5784 787 5853 κίηοηιυτ.
840 5786 983 5853 Quin
1013 5788 1277 5854 dicimus,
1314 5793 1567 5860 quamvis
1596 5806 1885 5861 personam
1918 5791 2087 5847 certis

2216 5791 2360 5861 νομὴν
2398 5792 2525 5863 περὶ
2558 5790 2655 5862 τὴν
2682 5789 2833 5844 θείαν
2866 5792 3130 5862 ὑπάρχειν
3158 5792 3345 5846 οὐσίαν
3366 5808 3379 5823 ο
3418 5791 3555 5847 ἀλλά
3583 5809 3784 5863 φαμεν-
