4110 6332
344 339 483 406 9.945

1489 347 1953 408 FRAGMENTA
1994 349 2449 411 DOGMATICA.

3472 357 3614 424 2916

343 456 581 524 ἑκάστην
628 458 1135 529 χαρακτηριστικήν
1181 458 1478 513 ὑπόστασιν
1510 460 1812 526 ἀνελλιπῶς
1856 460 1922 515 τά

2028 465 2174 520 notis
2198 465 2539 536 obsignatam
2566 465 2791 523 deitatis
2810 468 3050 541 insignia
3070 470 3379 541 possidere,
3403 483 3462 529 ut
3483 474 3611 529 nul-

340 546 438 613 τῆς
478 543 734 615 θεότητος
783 545 927 616 ἔχειν
965 548 1358 618 γνωρίσματα,
1405 547 1465 601 τὸ
1502 549 1917 621 δημιουργικὸν,

342 637 434 689 καί
463 637 561 689 ὃσα
590 638 717 706 περὶ
743 638 841 707 τὴν
867 639 1121 692 άκτιστον
1145 640 1317 717 φύσιν,
1334 642 1587 712 ὑπάρχει.
1608 641 1765 695 Οῦτω
1788 644 1917 714 γὰρ,

341 728 436 781 καὶ
491 728 776 799 ὁμοούσιον
828 730 928 800 τήν
979 731 1186 802 Τριάδα
1233 734 1452 804 φαμὲν,
1501 734 1576 795 ὡς
1616 737 1716 806 τῆς
1742 736 1921 806 αὐτῆς

341 820 528 884 οὐσίας
564 821 826 885 ὁλοτελῶς
869 824 927 877 ὲν
956 825 1103 893 τρισὶ
1135 825 1455 896 προσώποις
1484 827 1916 897 γνωριζομένης.

341 913 452 966 Καὶ
502 913 609 983 γὰρ
657 914 685 965 6
726 914 1183 984 Πατὴρ-τελείως
1231 915 1344 986 ἔχει
1392 919 1489 987 τὴν
1530 918 1630 988 τῆς
1668 918 1919 987 θεότητος

338 1000 528 1053 οὐσίαν
552 1016 565 1029 ⁸
615 1001 815 1070 ὁμοίως
847 1004 875 1054 6
906 1002 1055 1067 Υἱὸς,
1087 1004 1291 1073 ὁμοίως
1317 1005 1377 1057 τὸ
1402 1005 1625 1076 Πνεῦμα
1652 1007 1714 1058 τὸ
1742 1006 1917 1075 ἅγιον.

339 1091 585 1155 Τούτοις,
616 1093 709 1146 καὶ
734 1096 762 1146 6
786 1096 885 1163 τῆς
910 1094 1170 1164 ἀληθείας
1195 1095 1373 1167 κῆρυξ
1396 1095 1607 1159 Παῦλος
1629 1096 1925 1169 συνηγορὲἴ

339 1184 583 1251 φάσκωνο
627 1185 728 1239 Ἐν
760 1185 920 1251 αὐτῷ
950 1186 1061 1255 γὰρ
1095 1188 1367 1241 κατοικεῖ
1389 1187 1515 1242 πᾶν
1543 1187 1608 1241 τὸ
1628 1188 1922 1258 πλήρωμα

338 1273 448 1342 τῆς
472 1278 749 1344 θεότητος
780 1278 1151 1345 σωματικῶς.
1182 1280 1255 1332 Οὐ
1285 1281 1394 1349 γάρ
1425 1279 1514 1332 τὸν
1539 1280 1761 1352 Πατέρα
1788 1282 1920 1351 φησὶ

339 1366 726 1434 σεσιρκῶσθαι
746 1410 759 1433 ,
812 1360 935 1420 ἀλλ⁴
967 1358 1052 1422 ὅτι
1086 1371 1234 1423 πᾶσα
1264 1372 1297 1440 ὴ
1327 1370 1518 1440 θεότης
1547 1371 1606 1423 ὲν
1633 1352 1755 1433 ταῖς
1786 1372 1922 1424 ὑπο-

334 1457 593 1509 στάσεσιν
626 1458 917 1531 ἀνελλιπὴς
948 1461 1223 1531 ὑπάρχει,
1275 1462 1332 1513 ἑν
1364 1462 1536 1533 Πατρὶ
1556 1502 1571 1525 ,
1606 1462 1664 1514 έν
1694 1462 1826 1531 Υίῷ,
1865 1464 1922 1515 ὲν

338 1550 480 1620 άγίῳ
524 1552 838 1623 Πνεύματι,
892 1556 950 1607 ὲν
999 1556 1207 1627 ἑκάστῃ
1253 1556 1553 1608 ὑποστάσει
1584 1555 1805 1617 τελείως
1833 1559 1923 1610 ὲν-

338 1644 680 1713 υπὰρχουσα,
713 1647 853 1699 κατά
882 1647 982 1716 τὴν
1008 1647 1194 1715 φωνὴν
1222 1647 1314 1700 τοῦ
1344 1646 1596 1717 Σωτῆρος
1621 1648 1884 1717 λέγουσαν
1904 1663 1919 1677 ·

339 1735 542 1789 Πάντα
584 1737 654 1790 τὰ
697 1739 803 1792 τοῦ
837 1740 1063 1806 Πατρός
1098 1738 1209 1808 ἐμά
1237 1741 1354 1792 εισι
1420 1755 1433 1771 ο
1485 1739 1786 1803 τουτέστιν,
1822 1739 1924 1793 ὅσα

2026 556 2141 608 lum
2194 556 2244 610 ei
2295 556 2474 623 desit;
2532 567 2664 627 puta
2711 558 3050 627 bonitatem,
3099 562 3321 619 creandi
3365 563 3512 629 vim,
3552 572 3611 619 et

2028 665 2369 719 quascunque
2392 650 2647 705 increata:
2676 662 2887 707 natura:
2921 655 3280 709 conveniunt.
3306 655 3433 711 Ideo
3461 656 3612 709 enim

2029 738 2358 801 Trinitatem
2390 756 2512 795 esse
2536 742 3062 798 consubstantialem
3093 744 3455 814 proﬁtemur;
3482 745 3613 815 quia

2028 830 2340 885 substantia
2385 832 2581 887 eadem
2642 833 2699 887 in
2743 834 2923 889 tribus
2957 837 3212 905 personis
3254 837 3614 907 integerrime

2028 923 2398 992 cognoscitur.
2456 923 2620 978 Pater
2655 926 2805 979 enim
2854 926 3123 997 integram
3163 927 3388 983 deitatis
3422 944 3614 983 essen-

2029 1014 2157 1067 tiam
2188 1013 2379 1081 habet,
2411 1015 2583 1069 veluti
2613 1015 2808 1080 Filius,
2844 1024 2900 1071 et
2929 1016 3173 1087 Spiritus
3200 1024 3444 1072 sanctus.
3481 1016 3614 1083 Qum

2027 1107 2231 1161 Paulus
2264 1107 2521 1163 veritatis
2548 1123 2730 1177 praeco
2761 1108 3071 1173 confirmat,
3100 1109 3195 1163 ubi
3238 1110 3314 1163 ait
3344 1127 3357 1162 :
3394 1109 3459 1164 In
3498 1111 3614 1180 ipsa

2027 1190 2290 1252 inhabitat
2339 1200 2508 1253 omnis
2548 1200 2825 1269 plenitudo
2872 1199 3165 1254 divinitatis
3233 1202 3607 1269 corporaliter.

2026 1291 2146 1345 Non
2176 1290 2320 1344 enim
2356 1292 2702 1345 incarnatum
2733 1291 2949 1345 Patrem
2978 1306 3098 1346 esse
3130 1291 3359 1356 annuit,
3396 1291 3491 1346 sed
3528 1300 3614 1346 to-

2029 1391 2138 1436 tam
2189 1381 2536 1437 divinitatem
2591 1382 2745 1437 nullo
2786 1381 3003 1437 defectu
3048 1382 3104 1436 in
3144 1382 3324 1437 tribus
3362 1382 3615 1452 personis

2028 1482 2247 1529 exstare
2282 1492 2294 1527 :
2328 1475 2533 1544 quippe
2568 1489 2689 1543 qua:
2719 1472 2775 1527 in
2801 1470 2990 1537 Patre,
3029 1482 3086 1528 et
3116 1473 3285 1539 Filio,
3318 1486 3374 1528 et
3401 1472 3612 1543 Spiritu

2030 1568 2254 1629 sancto,
2294 1575 2351 1620 et
2383 1566 2437 1618 in
2469 1580 2798 1633 unaquaque
2823 1579 3057 1633 persona
3088 1564 3336 1633 perfecte
3360 1565 3610 1629 exsistat,

2030 1651 2335 1705 secundum
2382 1651 2682 1705 Salvatoris
2737 1666 2928 1705 vocem
2972 1667 2985 1703 :
3027 1651 3220 1705 Omnia
3269 1668 3386 1722 (μίαν
3431 1652 3612 1707 Patris

2032 1744 2133 1795 mei
2176 1753 2319 1807 sunt,
2354 1758 2471 1796 mea
2515 1751 2675 1807 sunt;
2708 1742 2815 1796 hoc
2861 1750 2965 1805 est,
2994 1757 3337 1813 quaecunque
3362 1744 3615 1800 essentia:

337 1828 436 1897 τῆς
468 1827 562 1881 τοῦ
592 1829 805 1899 Πατρὺς
838 1830 1025 1893 οὐσίας
1060 1831 1296 1901 ὑπάρχει
1324 1831 1679 1901 γνωρίσματα
1699 1872 1712 1896 ,
1748 1831 1922 1886 ταῦτα

2030 1831 2209 1886 Patris
2238 1831 2496 1902 insignia,
2529 1831 2720 1886 eadem
2755 1840 2811 1885 et
2834 1830 2997 1886 Verbi
3024 1831 3118 1885 Dei
3152 1844 3302 1899 sunt,
3333 1834 3499 1889 etiam
3531 1836 3615 1890 in-

340 1917 433 1970 τοῦ
476 1919 610 1971 Θεοῦ
640 1920 851 1986 Λόγου,
905 1921 998 1973 καὶ
1043 1921 1417 1991 σαρκωθέντος
1457 1923 1641 1974 ἐστίν·
1701 1923 1800 1992 οὐχ
1850 1922 1925 1985 ὡς

338 2009 432 2079 τοῦ
479 2010 691 2080 Πατρός
730 2011 892 2073 ’ὖντος
934 2012 1093 2077 Υίοῦ,
1144 2012 1175 2082 ἢ
1215 2011 1310 2065 τοῦ
1350 2013 1479 2066 Υίοῦ
1506 2012 1658 2076 ὄντος
1687 2011 1922 2083 Πατρός.

340 2097 528 2151 Ταῦτα
573 2102 679 2171 γάρ
730 2100 970 2170 ὀνόματα
1003 2102 1315 2169 σημαντικά
1359 2102 1457 2172 τῆς
1493 2102 1629 2173 πρὸς
1663 2103 1926 2173 ἀλλήλους

343 2186 580 2256 σχέσεως
613 2188 867 2259 ὑπάρχει.
929 2190 1054 2254 Πῶς
1085 2191 1177 2244 οῦν
1226 2193 1298 2264 μὴ
1335 2176 1579 2259 εἴπωμεν
1609 2192 1708 2263 τὴν
1735 2195 1925 2247 οὐσίαν

340 2277 440 2345 τῆς
472 2276 723 2347 θεότητος
759 2280 1062 2343 άνελλιπῶς
1094 2282 1153 2333 ὲν
1183 2268 1262 2351 τῷ
1304 2282 1525 2352 Χριστῷ
1554 2278 1691 2335 εἶναι
1711 2324 1725 2347 ,
1762 2284 1923 2336 ὁπότε

340 2366 544 2419 τέλειον
572 2368 703 2421 Θεὸν
730 2370 890 2422 αὐτόν
915 2367 1054 2423 εἶναί
1082 2388 1297 2440 φαμενς
1332 2371 1455 2435 Πῶς
1483 2372 1557 2436 δὲ,
1591 2371 1685 2426 καὶ
1710 2376 1821 2435 τοῖς
1839 2374 1928 2426 τέ-

343 2457 485 2511 λειον
500 2458 662 2511 αὐτόν
680 2459 964 2531 ἄνθρωπον
975 2461 1350 2531 ὁμολογοῦσιν,
1368 2464 1426 2515 οὐ
1448 2465 1627 2516 πᾶσαν
1644 2462 1740 2517 ἀνθ
1750 2464 1925 2535 ρωπό-

342 2560 505 2613 τητος
538 2546 727 2600 οὐσίαν
768 2549 1097 2619 ἐνυπάρχειν
1129 2551 1279 2622 αὐτῷ
1338 2554 1922 2623 προσομολογήσομενς

336 2637 421 2693 .οὐ
453 2638 560 2707 γὰρ
594 2624 759 2708 μέρος
790 2641 959 2710 αὐτῆς
999 2644 1400 2713 προσείληφεν,
1452 2644 1526 2707 ὡς
1548 2645 1923 2715 Ἀπολινάριός

344 2743 479 2794 φησι
498 2767 513 2791 ,
566 2730 743 2799 σάρκα
786 2729 906 2800 δίχα
936 2730 1160 2801 λογικῆς
1189 2732 1370 2803 ψυχῆς
1394 2772 1408 2795 ,
1444 2734 1581 2787 ἀλλά
1613 2735 1796 2787 πᾶσαν
1824 2734 1923 2804 τὴν

326 2818 553 2881 σούσίαν,
581 2819 609 2871 ὃ
639 2822 753 2872 ἐστι
784 2820 921 2891 σὰρξ
945 2822 1315 2895 ὲμψυχωμένη
1349 2823 1494 2893 ψυχῇ
1521 2825 1710 2894 λογικῇ
1739 2842 1798 2876 τε
1829 2826 1924 2878 καὶ

343 2924 428 2961 vos
439 2910 530 2980 ρᾷ.

416 3003 561 3074 Αὕτη
595 3004 703 3075 γὰρ
736 3005 929 3069 κοινῶς
966 3007 1025 3060 ὲν
1052 3008 1164 3071 τοῖς
1197 3007 1321 3061 καθ’
1353 3008 1582 3061 ἕκαστον
1612 3006 1924 3077 ἀνθρώποις

340 3093 561 3157 τελείως
613 3094 995 3166 ἐνυπάρχουσα
1015 3136 1029 3161 ,
1085 3098 1267 3151 οὐσία
1292 3100 1542 3164 εἰκότως
1574 3096 1650 3152 ἂν
1671 3098 1886 3165 ῥηθείη
1907 3115 1920 3128 ο
1951 3142 1996 3203 C

342 3183 668 3253 χωρίζονται
694 3186 803 3256 γὰρ
830 3186 1073 3258 ἀλλήλων
1101 3189 1151 3241 oi
1178 3190 1321 3242 κατὰ
1346 3188 1533 3260 μέρος,
1560 3191 1621 3243 οὐ
1648 3193 1713 3261 τῇ
1739 3192 1918 3261 οὐσίᾳ,

342 3278 455 3339 τοτς
482 3272 547 3329 δὲ’
568 3280 971 3348 παρεπομένοις
1006 3279 1262 3349 ίδιώμασι
1282 3319 1297 3345 ,
1353 3280 1601 3349 μεγέθει,
1649 3280 1747 3333 καὶ¹
1776 3281 1922 3350 χρώ-

296 3360 299 3363 ’
346 3384 475 3437 ματι
494 3408 507 3429 ,
552 3369 645 3421 καὶ
677 3370 863 3433 ἁπλῶς
891 3372 1088 3431 εἰπεῖν,
1120 3376 1238 3433 ταῖς
1266 3374 1787 3441 χαρακτηριστικοῖς
1816 3372 1924 3425 τῶν

345 3460 656 3531 προσώπων
684 3462 953 3530 ποιότησι.
995 3462 1120 3525 Πῶς
1150 3462 1207 3515 δὲ
1237 3463 1329 3521 καὶ
1358 3462 1423 3515 ὲκ
1450 3462 1544 3517 δύο
1570 3462 1784 3532 φύσεων
1814 3464 1921 3534 φή·

348 3568 503 3604 σουσι
531 3552 620 3604 τὸν
646 3552 906 3623 Χριστὸν,
935 3554 985 3605 εἰ
1012 3554 1091 3623 μὴ
1118 3553 1239 3606 ἀντὶ
1265 3552 1464 3608 οὐσιῶν
1494 3555 1678 3618 αὐτοῖς
1703 3556 1921 3627 νοηθείη

341 3642 403 3695 τὸ
450 3643 549 3712 τῆς
595 3643 810 3711 φύσεως
861 3643 1075 3713 όνομα;
1132 3643 1192 3695 οὐ
1242 3642 1351 3714 γὰρ
1404 3643 1524 3696 ἀντὶ
1568 3644 1923 3698 ὐποστάσεων

341 3736 879 3807 χαρακτηριστικῶν,
903 3737 1240 3807 τολμήσουσι
1261 3736 1462 3804 λέγειν’
1490 3737 1611 3788 ἐπεὶ
1632 3738 1725 3790 καὶ
1748 3739 1809 3789 ὲκ
1831 3736 1922 3790 δύο

343 3829 655 3901 προσώπων
676 3829 1189 3899 ἀναγκασθήσονται
1208 3830 1468 3899 είπεῖνσή
1494 3830 1603 3899 γὰρ
1624 3829 1922 3893 ὑπόστασις

341 3926 376 3994 ἠ
406 3923 905 3994 χαρακτηριστικὴ,
932 3924 1225 3992 πρόσωπον
1256 3922 1469 3975 δίδωσιν
1499 3923 1719 3974 ἐννοεῖν·
1752 3924 1808 3975 ὲν
1832 3941 1923 3993 χα-

346 4014 580 4084 ρακτῆρι
610 4014 667 4066 δέ
701 4031 843 4083 φημι
867 4054 882 4079 ,
918 4015 1117 4083 μήπως
1149 4016 1212 4083 τῇ
1248 4014 1465 4083 συνήθει
1498 4014 1603 4066 τῶν
1631 4015 1921 4084 αἱρετικῶν

342 4106 526 4176 ἀπάτῃ
570 4105 696 4175 δίχα
736 4105 1084 4175 χαρακτῆρος
1115 4104 1428 4158 ὑποθῶνται
1460 4107 1558 4176 τὴν
1587 4105 1884 4159 ὑπόστασιν
1904 4120 1919 4138 ⁹

339 4197 460 4250 τότε
487 4198 593 4266 γὰρ
624 4195 722 4265 τὴν
751 4196 850 4263 τῆς
873 4196 1062 4259 οὐσίας
1091 4194 1369 4267 σημασίαν
1404 4196 1761 4267 ἀποφέρεται.
1795 4196 1922 4258 Πῶς

338 4288 398 4341 δὲ
449 4288 542 4341 καὶ
592 4287 877 4357 ὁμοούσιον
912 4287 987 4358 τῷ
1021 4290 1196 4357 Ila-cpt
1230 4289 1323 4341 καὶ
1353 4290 1484 4359 ήμῖν
1511 4288 1799 4358 όμοούσιον
1829 4290 1921 4344 τὸν

339 4379 577 4450 Χριστὸν
603 4381 741 4450 μετά
760 4381 857 4450 τὴν
880 4380 1076 4433 ἕνωσιν
1097 4380 1477 4446 ὑποτίθενται;
1506 4382 1601 4433 καὶ
1622 4383 1682 4434 οὐ
1706 4382 1930 4452 ναρκῶ-’

2030 1922 2280 1987 carnali;
2324 1938 2436 1976 non
2472 1932 2533 1977 ut
2561 1924 2723 1977 Pater
2754 1922 2925 1977 Filius
2954 1922 3055 1987 sit,
3093 1933 3189 1977 aut
3221 1924 3395 1979 Filius
3426 1926 3611 1980 Pater.

2027 2011 2154 2066 Haec
2182 2026 2421 2080 namque
2450 2010 2673 2065 nomina
2703 2010 3029 2085 relationem
3066 2010 3415 2083 solummodo
3443 2012 3613 2082 signi-

2028 2102 2216 2156 ficant.
2268 2102 2449 2156 Eccur
2479 2117 2609 2171 ergo
2655 2117 2768 2155 non
2801 2101 3051 2156 dicamus
3082 2102 3391 2156 divinitatis
3420 2117 3611 2157 essen-

2028 2199 2183 2262 tiam,
2228 2198 2437 2266 absque
2477 2198 2589 2250 uilo
2623 2196 2865 2262 defectu,
2902 2195 3168 2266 integram
3198 2210 3317 2250 esse
3352 2195 3409 2249 in
3436 2195 3609 2261 Filio;

2026 2288 2474 2358 quandoquidem
2532 2286 2711 2359 ipsum
2759 2302 2881 2341 esse
2915 2285 3220 2355 perfectum
3257 2286 3429 2339 Deum
3477 2301 3611 2355 pro-

2027 2379 2392 2433 nuntiamus?
2444 2377 2544 2443 Qui
2597 2393 2732 2431 vero
2772 2393 2895 2430 cum
2930 2376 3013 2430 his
3051 2378 3143 2445 qui
3178 2376 3477 2446 perfectum
3511 2376 3614 2431 ho-

2025 2471 2235 2525 minem
2286 2472 2438 2523 illum
2472 2484 2594 2523 esse
2632 2471 2907 2533 fatentur,
2946 2476 3116 2522 totam
3154 2483 3373 2537 quoque
3411 2468 3611 2523 huma-

2028 2561 2221 2615 nitatis
2267 2560 2635 2615 substantiam
2687 2560 2741 2613 in
2787 2574 2854 2613 eo
2893 2574 3013 2613 esse
3062 2574 3173 2611 non
3207 2558 3615 2613 conﬁteamur?

2026 2654 2146 2708 Non
2189 2653 2334 2708 enim
2383 2661 2593 2722 partem
2634 2650 2903 2703 duntaxat
2935 2650 3057 2719 ejus
3086 2649 3324 2718 accepit,
3363 2656 3423 2702 ut
3451 2648 3614 2703 docet

2028 2745 2423 2816 Apollinarius,
2445 2743 2537 2797 sed
2566 2743 2928 2797 substantiam
2954 2741 3222 2809 integram
3252 2740 3366 2794 sive
3388 2754 3611 2794 carnem

2028 2838 2210 2893 anima
2240 2835 2496 2890 rationali
2529 2843 2586 2889 et
2614 2833 2958 2903 intelligente
2986 2834 3307 2887 animatam.

2099 3010 2224 3064 llaac
2273 3007 2419 3062 enim
2472 3007 2843 3062 communiter
2897 3006 2953 3061 in
3006 3006 3238 3076 singulis
3288 3004 3613 3061 hominibus

2026 3097 2269 3170 perfecte
2298 3096 2590 3159 exsistens,
2623 3094 2780 3146 οὐσία
2812 3094 3033 3158 εἰκότως
3065 3094 3132 3148 ἃν
3161 3094 3373 3165 ῥηθείη,
3416 3093 3470 3148 id
3502 3103 3609 3155 est.

2028 3193 2177 3239 recte
2221 3190 2305 3237 est
2349 3182 2677 3236 substantia.
2727 3180 2939 3252 Singuli
2975 3181 3127 3236 enim
3170 3182 3607 3253 distinguuntur,

2025 3276 2141 3333 sive
2180 3282 2507 3345 separantur
2548 3275 2693 3328 inter
2736 3290 2794 3329 se
2827 3288 2940 3329 non
2969 3273 3277 3329 substantia
3312 3316 3326 3339 ,
3354 3274 3447 3330 sed
3484 3290 3614 3331 nro-

2025 3350 2359 3437 prietatibus
2387 3364 2881 3434 consequentibus,
2918 3365 3035 3421 sive
3065 3366 3464 3423 comitantibus
3492 3382 3611 3423 ma-

2023 3456 2339 3529 gnitudine,
2374 3457 2581 3522 colore,
2614 3464 2694 3522 et,
2734 3465 2793 3511 ut
2828 3471 2940 3512 uno
2966 3458 3138 3514 verbo
3173 3458 3379 3525 dicam,
3411 3459 3611 3514 chara-

2024 3551 2320 3606 cteristicis
2347 3565 2709 3620 personarum
2742 3550 3121 3619 qualitatibus.
3148 3551 3435 3619 Quomodo
3459 3553 3608 3607 enim

2023 3660 2092 3699 ex
2138 3643 2355 3698 duabus
2398 3642 2614 3697 naturis
2654 3641 2937 3698 Christum
2967 3659 3090 3700 esse
3116 3645 3327 3709 dicent.
3368 3646 3472 3701 nisi
3510 3661 3613 3700 no-

2025 3752 2151 3791 men
2182 3745 2393 3791 naturaz
2423 3751 2523 3805 pro
2550 3735 2878 3791 substantiis
2907 3735 3256 3808 intelligant?
3298 3738 3417 3794 Non
3460 3739 3610 3793 enim

2025 3826 2312 3881 audebunt
2350 3826 2535 3881 dicere
2579 3842 2679 3896 pro
2724 3827 3117 3898 hypostasibus
3146 3830 3612 3887 cbaracteristicis

2024 3918 2134 3973 dici
2190 3934 2259 3971 ex
2312 3918 2528 3972 duabus
2570 3920 2804 3984 naturis,
2859 3935 2929 3975 ne
2982 3932 3252 3992 cogantur
3301 3923 3490 3979 dicere
3542 3940 3609 3981 ex

2023 4010 2236 4064 duabus
2272 4011 2544 4080 personis.
2584 4010 2905 4082 llypostasis
2957 4013 3103 4068 enim
3160 4014 3611 4073 eharacteristica

2024 4109 2263 4173 persona
2296 4102 2661 4170 intelligitur:
2712 4101 2837 4156 dico
2875 4112 3057 4159 autem
3092 4105 3429 4176 hypostasim
3476 4108 3610 4163 cha-

2022 4195 2442 4257 racteristicam,
2479 4195 2593 4249 sive
2630 4195 2684 4248 in
2716 4194 3067 4263 charactere,
3118 4212 3205 4263 ne,
3259 4198 3452 4254 fraude
3504 4201 3612 4254 liae-

2024 4286 2213 4340 reticis
2248 4295 2531 4351 consueta,
2583 4287 2918 4357 hypostasim
2969 4289 3089 4343 sine
3125 4289 3449 4346 charactere
3480 4307 3612 4362 sup-

2023 4388 2250 4447 ponant.
2287 4378 2443 4433 Tunc
2475 4379 2622 4433 enim
2655 4380 3115 4451 signiﬁcationem
3150 4383 3471 4439 substantiae
3502 4385 3609 4441 fert

342 4486 432 4535 σι,
476 4469 569 4522 δύο
614 4471 711 4540 μὲν
752 4470 1013 4540 όμοούσια
1046 4471 1463 4543 ὁμολογοῦντες,
1504 4474 1829 4543 ἀρνούμενοι
1860 4473 1915 4526 δὲ

2025 4470 2351 4541 hypostasis.
2407 4471 2694 4537 Quomodo
2725 4484 2906 4526 autem
2938 4474 3468 4531 consubSta‘ntialem
3504 4478 3607 4532 Pa-

337 4563 438 4624 τὰς
469 4562 561 4615 δύο
590 4563 777 4623 οὐσίας
801 4580 815 4627 ;

349 4865 679 4938 Ἀητίθεσις
726 4868 1063 4936 πρὸς”τοὺς
1104 4869 1415 4938 λέγοντας,
1449 4870 1651 4934 ιὸικὴν
1699 4871 1921 4925 οὐσίαν

409 4934 562 4991 εἷναι
591 4938 696 4991 τοῦ
731 4940 957 5007 Πατρός
981 4980 995 5001 ,
1041 4934 1149 4993 ήκαὶ
1188 4934 1409 5008 Manili?
1444 4941 1550 4995 τοῦ
1598 4942 1761 5005 Υἰοῦ,
1818 4941 1917 4993 καὶ

413 5009 629 5077 ὁμοίως
659 5008 764 5061 τοῦ
795 5008 967 5079 ἁγίου
996 5010 1362 5079 Πνεύματος.

412 5116 475 5171 Et
526 5120 766 5186 όΔόγος,
819 5118 940 5172 καθ’
977 5120 1020 5183 ὑ·
1050 5121 1222 5189 Λόγος
1252 5122 1420 5185 ἐστὶν,
1459 5122 1618 5192 φύσις
1652 5125 1819 5189 ἐστὶν,
1854 5127 1917 5179 οὐ

338 5207 466 5261 καθ’
493 5208 523 5260 6
547 5208 699 5271 Θιός·
734 5210 826 5261 καὶ
854 5210 883 5261 6
910 5209 1118 5280 Πατὴρ,
1139 5212 1261 5264 καθ’
1289 5211 1317 5264 6
1350 5213 1560 5283 Πατὴρ,
1586 5213 1744 5282 φύσις
1775 5216 1915 5278 ἐστὶ,

336 5299 435 5352 καὶ
467 5298 528 5351 οὐ
560 5298 680 5352 καθ’
710 5299 738 5352 6
769 5300 899 5364 Θεὸς
926 5317 939 5332 ο
975 5303 1070 5354 καὶ
1102 5302 1163 5355 τὸ
1195 5303 1419 5374 Πνεῦμα
1449 5305 1509 5358 τὺ
1536 5305 1709 5374 ἅγιον,
1742 5306 1863 5359 καθ’
1889 5307 1918 5360 6

333 5390 669 5460 ικπορευτὴ,
704 5392 864 5460 φύσις
890 5393 1027 5457 ἐστὶ,
1050 5395 1145 5446 καὶ
1174 5395 1233 5447 οὐ
1264 5395 1388 5448 καθ’
1413 5395 1442 5449 6
1470 5396 1621 5459 Θεὸς,
1648 5398 1756 5450 οὐδ’
1784 5396 1915 5451 61:6-

330 5496 493 5549 τερος
516 5481 696 5534 αὐτῶν
720 5482 871 5536 ἔσται
900 5486 1057 5552 φύσει
1079 5481 1210 5549 Θεός
1233 5503 1248 5518 ·
1282 5488 1438 5557 εἴπερ
1460 5489 1520 5541 τὸ
1541 5488 1704 5555 Θεὸς,
1726 5490 1916 5544 οὐκέτι

334 5570 435 5645 διαὶ
475 5572 751 5643 ωτρότης
784 5575 877 5627 καὶ
904 5577 1091 5647 υίότης
1123 5570 1214 5632 {cat
1242 5580 1572 5650 ὲκπόρευσις
1597 5598 1613 5613 ο
1664 5583 1714 5634 si
1744 5580 1801 5635 δὲ
1840 5583 1914 5655 μὴ

333 5659 491 5724 θεός,
526 5660 731 5729 κτίσμα
760 5663 997 5728 πάντως.
1047 5668 1153 5720 Καὶ
1189 5668 1409 5721 πάλιν·
1465 5670 1554 5723 Ἐν
1584 5666 1666 5733 οἷς
1696 5671 1913 5743 διακρί-

338 5766 484 5802 νεται
534 5751 628 5803 τοῦ
676 5753 886 5823 Πατρός
932 5759 959 5807 6
1000 5757 1187 5824 Λόγος,
1229 5759 1437 5820 τούτοις
1466 5762 1555 5813 καὶ
1585 5762 1744 5829 φύσις
1772 5764 1910 5829 ἐστὶ,

2025 4561 2093 4610 tri
2153 4570 2206 4613 et
2258 4560 2418 4614 nobis
2474 4558 2755 4614 Christum
2803 4570 2930 4630 post
2967 4563 3227 4617 unionem
3280 4574 3511 4633 ponunt,
3551 4576 3609 4621 et

2024 4665 2132 4703 non
2180 4659 2311 4704 sunt
2357 4652 2562 4721 stupidi
2606 4651 2934 4708 confitentes
2973 4654 3196 4723 quidem
3228 4656 3338 4709 duo
3367 4658 3607 4713 consub-

2023 4742 2320 4808 stantialia,
2355 4752 2618 4814 negantes
2647 4759 2781 4799 vero
2808 4744 2945 4799 duas
2972 4747 3352 4804 substantias?

2022 4873 2289 4951 Oppositio
2328 4879 2381 4930 in
2404 4877 2553 4951 illos,
2591 4880 2681 4949 qui
2718 4879 2898 4934 dicunt
2930 4882 3309 4951 particularcm
3356 4884 3606 4939 substan.

2092 4947 2362 5020 tiam_csse_
2398 4946 2611 5012 Patris,
2648 4959 2699 5003 et
2746 4946 3123 5020 particularem
3158 4952 3299 5019 Filii,
3335 4955 3605 5009 similiter-

2092 5032 2190 5085 que
2222 5014 2448 5086 Spiritus
2489 5020 2679 5074 sancti.
2746 5014 2756 5020 ’
2977 5016 2983 5023 ’
3286 5014 3296 5019 ’
3566 5034 3571 5035 ’

2092 5128 2148 5182 Si
2177 5128 2439 5194 Verbum,
2469 5130 2775 5185 secundum
2806 5134 2957 5203 quod
2989 5144 3072 5189 est
3109 5134 3374 5198 Verbum,
3408 5144 3604 5195 natura

2019 5227 2125 5283 est,
2154 5235 2264 5273 non
2292 5220 2594 5276 secundum
2621 5224 2769 5293 quod
2799 5226 2945 5281 Deus
2968 5237 3085 5293 est;
3116 5236 3172 5282 et
3195 5228 3377 5292 Pater,
3408 5244 3604 5284 secun-

2019 5312 2149 5365 dum
2174 5312 2322 5381 quod
2351 5313 2531 5379 Pater,
2563 5324 2756 5371 natura
2782 5327 2886 5383 est,
2916 5327 2971 5372 et
2994 5334 3100 5373 non
3124 5320 3427 5374 secundum
3455 5323 3603 5391 qutnl

2020 5402 2167 5457 Deus
2220 5411 2342 5469 est;
2394 5414 2451 5460 et
2500 5405 2741 5476 Spiritus
2801 5419 3044 5475 sanctus,
3082 5410 3386 5466 secundum
3453 5413 3602 5483 quod

2016 5494 2329 5562 procedens
2360 5506 2556 5551 natura
2586 5508 2693 5564 est,
2726 5510 2784 5555 et
2817 5517 2926 5555 non
2952 5502 3257 5557 secundum
3283 5503 3429 5573 quod
3456 5505 3607 5560 Deus

2017 5593 2133 5651 est;
2186 5586 2382 5641 horum
2445 5599 2639 5645 neuter
2694 5602 2891 5648 natura
2946 5595 3090 5650 Deus
3141 5596 3277 5662 erit;
3328 5595 3601 5663 siquidem

2018 5673 2190 5739 Dens,
2242 5678 2467 5734 minime
2546 5684 2876 5752 paternitas,
2947 5685 3137 5741 ﬁliatio
3202 5698 3258 5741 et
3318 5690 3603 5757 processio

2016 5776 2127 5829 est;
2180 5769 2327 5836 quod
2381 5771 2424 5823 si
2474 5788 2580 5825 non
2622 5773 2769 5827 Deus
2810 5784 2914 5840 est,
2949 5787 3197 5831 creatura
3244 5778 3489 5832 omnino.
3536 5776 3605 5831 Et
