4110 6332
523 305 668 372 2947

1559 310 1623 369 S.
1664 307 1983 369 EULOGII
2022 307 2375 368 ARCHlEP.
2417 310 2796 373 ALEXAND.

3660 313 3799 379 2948

527 434 753 474 rursus:
786 417 848 473 In
874 418 1076 488 quibus
1114 416 1480 489 distinguitur
1508 433 1537 472 a
1567 418 1728 472 Patre
1760 407 2025 480 Verbum,
2060 417 2105 470 in

2219 417 2432 479 τούτοις
2477 416 2532 469 δὲ
2576 419 2669 469 καὶ
2703 419 2839 488 πρὸς
2869 417 2966 487 τὴν
2994 417 3175 488 σάρκα
3200 419 3517 495 ταυτὶζεται
3548 423 3578 473 ὁ
3601 423 3796 489 Δόγος’

527 511 616 564 his
642 517 839 564 natura
876 516 984 575 est,
1016 507 1211 568 iisdem
1246 522 1379 563 vero
1412 507 1495 561 ad"
1521 522 1746 563 carnem
1778 506 2111 563 assimilatur

525 599 792 666 Verbum,
818 599 1066 670 ejusdem
1109 598 1329 670 quidem
1375 599 1449 653 ita
1490 609 1703 653 naturae
1723 598 1837 667 erit
1875 614 1938 653 ac
1961 613 2107 662 caro,

522 693 750 748 alterius
796 700 980 746 autem
1015 704 1223 746 natura:
1262 706 1325 745 ac
1350 690 1533 745 Pater.
1582 689 2026 760 Singularltatem
2054 689 2109 744 in

522 782 920 839 communitate
971 789 1184 836 natura:
1226 782 1391 836 habet
1422 798 1546 835 cum
1577 780 2111 851 particularitatibus

518 889 646 943 qua
680 875 833 928 illum
870 889 900 927 a
930 868 1331 928 communitate
1380 872 1747 943 distinguunt,
1776 887 1887 925 non
1910 885 2109 925 secun-

452 968 455 971 ’
523 966 657 1020 dum
702 974 863 1019 notas
889 980 1013 1035 qua:
1040 966 1201 1035 illum
1226 965 1296 1020 ab
1323 964 1517 1019 iisdem
1546 963 1851 1018 substantia
1876 961 2108 1031 reliquis

504 1056 897 1125 distinguunt,
929 1055 1244 1111 communis
1272 1056 1614 1124 ejusnatura
1645 1062 1762 1119 est';
1793 1053 1886 1107 sed
1916 1069 2108 1108 secun-

520 1146 652 1200 dum
704 1155 876 1201 totam
905 1156 1022 1201 toto
1062 1147 1116 1201 in
1148 1147 1242 1201 illo
1270 1147 1627 1201 exsistentem
1655 1144 1914 1215 distincte
1945 1155 2107 1200 natu-

522 1222 661 1289 ram.
700 1235 822 1290 Non
850 1237 999 1290 enim
1026 1234 1178 1289 aliud
1213 1243 1301 1290 est
1332 1233 1692 1290 subsistentia
1722 1234 1869 1289 circa
1893 1233 2111 1289 divinos

519 1325 834 1394 genitores,
892 1340 955 1379 ac
1001 1318 1311 1379 substantia
1363 1339 1490 1379 eum
1544 1323 2106 1394 particularitatibus.

520 1416 763 1486 Superat
797 1419 946 1471 enim
978 1404 1207 1471 Omnino
1233 1402 1744 1486 subsistentia'ejus
1790 1415 2111 1470 substantiae

519 1507 924 1579 distinguentes
953 1509 1019 1563 ab
1042 1509 1107 1562 iis
1139 1509 1231 1579 qui
1263 1508 1509 1579 ejusdem
1542 1507 1748 1577 speciei
1780 1517 1909 1567 sunt
1937 1508 2108 1577 parti-

519 1600 861 1655 eularitatcs.
912 1601 1069 1656 Unde
1104 1602 1240 1655 nihil
1274 1603 1331 1654 in
1360 1599 1686 1656 substantia:
1723 1600 1884 1654 istius
1912 1598 2110 1654 delini-

523 1690 673 1743 Iionc
705 1691 1030 1753 assumitur,
1060 1689 1166 1755 sed
1211 1690 1271 1743 in
1314 1688 1677 1753 indicatione,
1711 1685 1983 1755 siquidem
2016 1700 2111 1755 ap-

2212 506 2458 578 ὁμοφυὴς
2496 509 2595 577 μὲν
2625 509 2775 579 ἔσται
2811 510 2953 562 οὓτω
2985 527 3048 577 γε
3078 514 3143 580 τῇ
3173 513 3339 581 σειρειι)⁸
3360 551 3374 574 ,
3409 513 3712 583 ἑτεροφυὴς
3740 515 3797 567 δὲ

2212 600 2288 670 τῷ
2311 599 2490 669 Haupt
2512 615 2525 630 '
2562 604 2624 651 τὸ
2650 600 2988 654 καθέκαστον
3013 600 3074 653 τὸ
3096 602 3275 654 κοινὸν
3296 600 3435 672 ἔχων
3461 585 3558 672 τῆς
3581 603 3799 671 φύσεως

2216 689 2353 757 μετὰ
2378 688 2485 742 τῶν
2502 692 2879 760 Δ(Ξιφοριστικῶν
2908 691 3074 745 αὐτοῦ
3102 692 3210 745 ἀπὸ
3235 692 3328 746 τοῦ
3353 692 3533 746 κοινοῦ
3566 694 3799 762 ἰδιωμά-

2212 794 2319 831 των
2339 821 2354 844 ,
2406 780 2465 832 οὐ
2502 781 2641 834 κατὰ
2672 782 2737 834 τὰ
2765 782 3094 851 ἀφοριστικὰ
3120 783 3283 837 αὐτοῦ
3321 784 3429 837 ἀπὸ
3458 784 3569 837 τῶν
3593 784 3799 839 λοιπῶν

2216 870 2515 937 ὁμοουσίων
2536 912 2550 936 ,
2609 876 2749 925 κατὰ
2784 874 2957 927 ταῦτα
2994 877 3028 944 ή
3063 874 3218 947 κοινὴ
3246 875 3407 946 φύσις
3436 876 3621 930 ἐστίν·
3662 878 3800 933 ἀλλὰ

2217 957 2355 1010 κατὰ
2412 959 2511 1028 τὴν
2554 958 2683 1029 ὅλην
2727 961 2834 1032 ὅλῳ
2872 963 3287 1033 ἐνυπάρχουσαν
3322 963 3475 1034 αὐτῷ
3504 964 3797 1035 ὁριστικῶς

2216 1049 2398 1117 φύσιν.
2444 1052 2578 1104 Οὐδὲ
2611 1053 2715 1122 γὰρ
2741 1053 2933 1124 ἕτερόν
2964 1055 3469 1125 ὲστινήὺπόστασις
3501 1057 3798 1117 κατατοῦς

2214 1140 2505 1217 θεοφόρους
2538 1142 2788 1212 Πατέρας
2810 1182 2826 1205 ,
2873 1143 2907 1214 ἢ
2946 1144 3101 1196 οὐσία
3151 1145 3291 1213 μετὰ
3320 1146 3427 1196 τῶν
3461 1147 3725 1217 ίδιωμάτι.
3746 1162 3795 1200 ν’

2213 1218 2521 1300 περιττεύει
2570 1233 2680 1305 γὰρ
2732 1235 2952 1299 πάντως
3019 1237 3051 1306 ή
3100 1236 3401 1300 ὑπόστασις
3458 1238 3561 1307 τῆς
3606 1240 3799 1301 οὐσίας

2212 1324 2385 1389 αὐτῆς
2435 1327 2548 1387 τοῖς
2589 1330 2964 1396 ἀφοριστικοῖς
3005 1328 3112 1380 ἀπὸ
3145 1327 3253 1381 τῶν
3284 1327 3489 1381 λοιπῶν
3530 1330 3799 1397 ὁμοειδῶν

2217 1412 2506 1482 ιδιώμασιν
2527 1429 2540 1445 ⁵
2590 1415 2713 1469 ὅθεν
2747 1416 2902 1469 οὐδὲν
2934 1420 2991 1469 ἐν
3022 1417 3097 1487 τῷ
3125 1420 3237 1488 ὅρῳ
3276 1408 3381 1486 τῆς
3411 1419 3597 1482 οὐσίας
3623 1420 3797 1488 αὐτῆς

2213 1504 2577 1575 λαμϐάνεται,
2619 1508 2735 1560 ἀλλ’
2763 1511 2823 1562 ὲν
2851 1511 2916 1579 τῇ
2947 1506 3262 1585 ὑπογρανῇ.
3299 1511 3487 1582 ἐπειδὴ
3519 1513 3797 1565 ἑτι-ουσιιῦ-

2212 1593 2273 1664 δη
2330 1598 2729 1667 τυγχάνουσιν,
2786 1600 2887 1653 οὐκ
2938 1600 3191 1669 οὐσιώδη.
3245 1600 3338 1653 Διδ
3383 1601 3479 1655 καὶ
3515 1602 3798 1668 Βασίλειός

2213 1703 2379 1755 φησιν
2401 1728 2417 1752 ,
2470 1689 2553 1740 ὃτι
2590 1684 2821 1753 ἕκαστος
2849 1690 3006 1761 ήμῶν
3040 1691 3134 1749 καὶ
3165 1690 3243 1760 τῷ
3275 1691 3440 1762 κοινῷ
3475 1695 3575 1763 τῆς
3603 1694 3797 1757 οὐσίας

521 1782 766 1850 parentia
798 1780 975 1834 solum
1009 1780 1274 1841 occurrit,
1298 1794 1408 1833 non
1441 1779 1769 1835 substantia.
1797 1777 1929 1853 Ideo
1956 1777 2105 1831 Basi-

2212 1778 2355 1850 λόγῳ
2388 1778 2482 1831 τοῦ
2516 1774 2655 1833 εἶναι
2688 1783 2903 1852 μετέχει
2929 1800 2942 1813 ο
3000 1776 3091 1836 καὶ
3134 1786 3251 1847 τοῖς
3283 1786 3411 1855 περὶ
3436 1786 3618 1839 αὐτῶν
3652 1786 3799 1839 ἰδιώ-

519 1870 628 1926 lius
672 1870 829 1934 dicit,
866 1886 1144 1940 quemque
1186 1878 1437 1925 nostrum
1471 1868 1752 1924 communi
1782 1868 2104 1921 substantia:

441 2016 444 2020 .
520 1961 737 2018 ratione
756 1963 1091 2018 exsistentiaa
1113 1963 1467 2033 participare;
1494 1972 1549 2016 et
1574 1960 2105 2030 particularitatibus

520 2070 619 2122 per
669 2055 938 2125 singulos,
994 2054 1157 2107 talem
1210 2064 1305 2107 aut
1356 2053 1519 2107 talem
1555 2066 1830 2122 quemque
1864 2065 2007 2122 esse.
2047 2048 2103 2103 Si

519 2134 852 2223 cogitatione
904 2158 1191 2203 moventes
1224 2162 1416 2202 omnes
1457 2163 1580 2217 qua:
1618 2146 1939 2223 contingere
1983 2161 2107 2215 pos-

520 2249 652 2295 sunt
687 2240 1175 2309 particularitates,
1207 2248 1262 2292 et
1292 2239 1442 2293 Petri
1487 2246 1741 2291 naturam
1769 2238 1939 2306 ipsam
1971 2251 2103 2290 con-

520 2331 861 2395 siderantes,
925 2332 999 2384 ita
1056 2330 1373 2385 definiendo
1434 2329 1701 2395 dicimus,
1764 2329 1919 2382 illum
1981 2343 2103 2383 esse

521 2423 721 2477 animal
755 2424 1081 2477 rationabile
1114 2424 1366 2476 mortale.
1404 2422 1607 2476 Eadem
1643 2430 1825 2475 autem
1857 2419 2104 2475 deﬁnitio

522 2516 576 2568 in
636 2524 835 2569 natura
892 2515 1219 2584 simpliciter
1256 2530 1285 2568 a
1330 2514 1495 2568 nobis
1536 2514 1877 2583 assignatur;
1910 2512 2102 2565 eadem

521 2623 653 2678 ergo
698 2608 805 2662 erit
858 2608 998 2660 ratio
1038 2604 1095 2660 in
1136 2616 1331 2660 natura
1360 2606 1711 2675 simpliciter.
1742 2614 1798 2659 et
1825 2606 1878 2657 in
1909 2613 2101 2658 natura

524 2698 578 2751 in
625 2698 810 2767 aliquo
854 2696 1223 2751 considerata.
1268 2696 1556 2763 Quomodo
1597 2697 1763 2765 igitur
1804 2710 1913 2748 non
1946 2710 2103 2764 posse

522 2803 871 2843 communem
904 2790 975 2842 in
1025 2788 1258 2858 singulis
1306 2796 1561 2842 naturam
1595 2802 1738 2850 esse,
1774 2788 1879 2841 etsi
1908 2786 2105 2855 saepius

521 2898 589 2934 ex
619 2881 710 2934 illa
743 2880 968 2943 dicitur,
1001 2896 1029 2933 a
1061 2880 1216 2933 vobis
1252 2879 1551 2933 amrmatur
1589 2878 1711 2931 ?ita
1740 2886 1791 2932 ut
1827 2890 2019 2932 natura
2050 2878 2102 2931 in

524 2971 1107 3042 singulis.communis,
1150 2970 1506 3025 subsistentia
1543 2978 1723 3023 autem
1757 2970 2105 3038 particularis

2212 1888 2376 1938 μασιν
2402 1909 2417 1931 .
2455 1873 2484 1924 ό
2517 1870 2665 1927 δεῖνὰ
2689 1874 2805 1927 ἐστι
2840 1875 2931 1927 καὶ
2964 1876 2991 1927 ὁ
3019 1874 3187 1945 δεῖνα.
3244 1876 3305 1935 El
3341 1878 3695 1947 χωρήσαντες
3727 1883 3795 1949 τῇ

2208 1962 2424 2032 snt-voto
2455 1962 2523 2015 τὰ
2557 1962 2947 2033 συμϐεϐηκότα
2977 1965 3243 2035 ἰδιώματα
3266 2004 3281 2027 ,
3337 1968 3433 2020 καὶ
3475 1967 3563 2037 ἐφ’
3592 1970 3797 2039 ἑαυτὴν

2207 2051 2303 2121 τὴν
2335 2053 2542 2123 Πέτρου
2572 2048 2947 2125 σκοπήσαντες
2974 2056 3157 2126 φύσιν,
3194 2058 3502 2128 ὁριζόμενοι
3527 2058 3675 2114 οὕτω
3706 2060 3799 2113 λέ-

2207 2158 2400 2211 γομεν,
2438 2145 2520 2196 ὃτι
2553 2144 2693 2207 ζῶον
2716 2147 2932 2214 λογικὸν
2964 2148 3179 2217 θνητόν·
3216 2150 3244 2200 ό
3274 2149 3433 2211 αὐτὸς
3464 2150 3519 2203 δὲ
3549 2151 3675 2219 ὅρος
3702 2152 3797 2205 καὶ

2209 2236 2301 2286 ἐπὶ
2349 2235 2447 2302 τῆς
2497 2234 2684 2300 ἁπλῶς
2738 2236 2953 2307 φύσεως
3011 2240 3153 2311 παρ’
3200 2241 3359 2309 ἡμῶν
3391 2242 3795 2321 exossam“?

2206 2324 2367 2387 αὐτὸς
2396 2326 2502 2396 ἄρα
2530 2326 2681 2411 ἔσται
2704 2328 2861 2396 λόγος
2884 2332 2976 2383 ἐπὶ
2998 2332 3095 2401 τῆς
3119 2330 3563 2398 ἁπλῶςίφύσεως,
3590 2332 3681 2385 καὶ
3701 2333 3795 2383 ἐπὶ

2206 2418 2303 2487 τῆς
2334 2418 2389 2468 ἔν
2411 2435 2515 2472 τινι
2545 2418 2945 2491 θεωρουμένης·
2984 2422 3079 2476 ποῦ
3106 2423 3197 2477 οὖν
3225 2424 3284 2478 τὸ
3313 2424 3389 2495 μὴ
3414 2423 3675 2477 δύνασθαι
3696 2424 3798 2491 τὴν

2208 2510 2392 2576 φύσιν,
2425 2511 2519 2563 τοῦ
2551 2510 2674 2564 καθ’
2704 2511 2935 2566 ἕκαστον
2968 2514 3154 2582 κοινὴν
3180 2510 3351 2579 εἶναι,
3388 2514 3495 2567 κᾶν
3524 2514 3795 2576 πολλάκις

2184 2600 2265 2665 ’ἐξ
2306 2601 2475 2681 αὐτῆς
2511 2601 2775 2672 λέγηται,
2816 2604 2954 2675 ὅπερ
2992 2605 3050 2658 ἓν
3090 2605 3435 2675 βεϐαιοῦται;
3466 2606 3606 2658 ὥστε
3634 2605 3668 2669 ή
3694 2605 3794 2673 μὲν

2159 2699 2169 2705 ’
2208 2694 2368 2761 φύσις
2398 2691 2491 2746 τοῦ
2522 2693 2644 2747 καθ’
2668 2695 2899 2748 ἕκαστον
2932 2696 3119 2766 κοινὴ,
3158 2698 3191 2766 ἡ
3219 2696 3264 2749 δ’
3296 2697 3597 2759 ὑπόστασις
3625 2698 3791 2767 ῐδική.

2208 2786 2269 2839 Εἰ
2314 2786 2411 2856 τὴν
2448 2788 2635 2858 κοινὴν
2669 2788 2830 2856 φύσιν
2874 2790 2902 2840 ὁ
2945 2790 3120 2857 Λόγος
3167 2792 3268 2843 ούκ
3318 2790 3619 2854 ἀνέλαϐεν,
3658 2792 3795 2844 ἁπο-

2208 2877 2519 2946 λογούμεθα
2550 2879 2748 2948 ἡμεῖς,
2786 2878 2867 2931 ὃτι
2894 2878 2991 2948 τὴν
3017 2878 3180 2942 φύσιν
3205 2881 3434 2951 εἷπομεν
3461 2881 3626 2935 αὑτὸν
3652 2881 3792 2934 dva-

2207 2966 2392 3019 λαϐεῖν
2420 3008 2435 3032 ,
2491 2969 2565 3051 οὐ.
2605 2969 2710 3038 μὴν
2743 2969 2811 3020 τὰ
2841 2969 3185 3023 stemma
3214 2971 3451 3024 ἑκάστου
3485 2971 3752 3042 ἰδιώματα
3772 2988 3788 3001 ·

523 3064 616 3118 sit.
656 3063 710 3117 Si
741 3078 1085 3116 communem
1112 3071 1365 3116 naturam
1388 3061 1624 3115 Verbum
1649 3075 1758 3114 non
1785 3061 2100 3126 assumpsit.

2208 3056 2378 3109 ταῦτα
2410 3057 2517 3128 γὰρ
2548 3060 2696 3109 ποιεῖ
2723 3059 2813 3111 τὸν
2841 3057 3039 3112 Ἰούδαν
3072 3062 3167 3115 καὶ
3192 3061 3284 3114 τὸν
3314 3061 3462 3115 δεῖνα
3483 3080 3496 3091 ⁸
3533 3063 3562 3116 ὃ
3593 3080 3646 3115 τι
3676 3064 3793 3126 τοῖς

524 3170 855 3209 excusamur
897 3170 997 3208 nos
1038 3154 1185 3223 quod
1232 3162 1486 3207 naturam
1533 3152 1770 3206 dicimus
1813 3152 1967 3205 illum
2019 3167 2105 3205 as-

527 3246 861 3315 sumpsisse,
911 3259 1022 3296 non
1069 3243 1289 3312 quidem
1344 3241 1789 3296 subsistentialcs
1839 3241 2106 3309 cujusque

526 3336 993 3406 particularitatcs
1020 3352 1032 3387 :
1073 3335 1157 3389 hic
1185 3335 1336 3388 enim
1362 3332 1608 3388 efﬁciunt
1645 3331 1841 3386 ludam
1869 3346 1991 3386 esse
2024 3341 2106 3385 tae

528 3430 633 3482 lem
672 3436 768 3481 aut
800 3427 996 3489 talem;
1029 3425 1176 3495 quod
1208 3424 1464 3479 omnibus
1493 3424 1720 3478 omnino
1745 3424 1970 3477 evidens
1999 3431 2102 3476 est.

528 3522 655 3576 Ideo
685 3537 714 3575 e
749 3519 1139 3574 communibus
1181 3516 1507 3571 substantiis
1551 3516 1811 3569 unionem
1860 3514 1978 3569 ﬁeri
2020 3514 2106 3568 di-

525 3622 734 3676 centes,
768 3627 879 3665 non
913 3610 1313 3665 necessitamur
1344 3594 1607 3663 inducere
1639 3622 1831 3662 omnes
1878 3607 1930 3659 in
1963 3606 2105 3673 invi:

527 3719 649 3759 cem
675 3698 1089 3765 StleiSanllaS,
1124 3710 1184 3754 ut
1214 3701 1302 3754 isti
1344 3699 1641 3769 hypocrita:
1669 3698 2015 3753 cavillantur.
2050 3686 2105 3752 Si

530 3796 696 3866 igitur
722 3794 1017 3864 perlectam
1048 3801 1105 3847 et
1129 3790 1453 3860 completam
1482 3786 2105 3856 etsuperabundantem

526 3890 584 3942 in
628 3888 721 3942 illo
768 3886 1076 3941 divinitatis
1119 3894 1366 3947 naturam
1416 3882 1693 3935 hominem
1745 3880 1941 3934 factam
1984 3894 2106 3934 esse

525 3980 785 4040 dicimus.
835 3993 958 4049 quae
1002 3976 1305 4032 necessitas
1352 3973 1498 4043 cogit
1548 3988 1649 4027 nos
1702 3973 1828 4027 talia
1872 3970 2108 4025 dicendo

529 4076 592 4121 ut
628 4066 841 4122 Patrem
888 4077 945 4122 ct
975 4065 1244 4134 Spiritum
1284 4062 1347 4116 ad
1384 4062 1626 4115 hominis
1674 4060 2105 4129 assumptionem

527 4175 750 4231 quoque
776 4160 1002 4215 omnino
1024 4155 1418 4211 dcmittamusl
1450 4153 1736 4220 Quomodo
1755 4152 1921 4235 enim,
1942 4151 2106 4205 Petro

528 4252 819 4315 erucillxo,
850 4259 906 4305 et
924 4250 1097 4305 Paulo
1120 4248 1415 4311 decollato,
1445 4260 1512 4300 eo
1538 4246 1684 4315 quod
1710 4246 1923 4299 illorum
1957 4253 2106 4297 uter-

527 4361 635 4413 que
662 4328 887 4414 plenam.
913 4351 969 4396 et
993 4341 1321 4409 completam
1350 4338 1488 4393 cum"
1509 4336 1828 4391 hominibus
1859 4351 2105 4390 commu-

2211 3147 2438 3201 καΟόλου
2481 3149 2648 3202 πᾶσιν
2683 3150 2831 3202 ἐστιν
2861 3148 3102 3220 εὔδηλον.
3146 3152 3347 3223 Διόπερ
3383 3154 3448 3205 ἐκ
3477 3152 3677 3207 κοινῶν
3705 3155 3794 3207 οὑ-

2210 3240 2342 3291 σιῶν
2374 3238 2624 3307 λέγοντες
2656 3239 2753 3307 τὴν
2782 3240 2972 3293 ἕνωσιν
3000 3242 3290 3309 γενέσθαι,
3345 3244 3446 3296 οὐκ
3481 3242 3795 3310 ἀναγκαζό·

2212 3330 2351 3400 μεΘα
2395 3331 2738 3397 συνεισάγειν
2776 3332 2872 3391 τὰς
2907 3332 2998 3383 ὑπ’
3025 3333 3196 3395 αὐτὰς
3223 3334 3553 3397 ὑποστάσεις
3581 3332 3789 3395 πάσας.

2207 3420 2282 3481 ὡς
2329 3420 2377 3472 οἱ
2428 3420 2766 3489 συκοφάνται
2806 3420 3087 3491 ληροῦσιν.
3140 3423 3203 3475 Εἰ
3237 3425 3415 3477 τοίνυν
3448 3424 3663 3478 τελείαν
3696 3424 3791 3478 καὶ

2207 3509 2471 3581 ἀνελλιπῆ
2511 3512 2605 3564 καὶ
2650 3512 2979 3585 ὑπερπλήρη
3011 3513 3204 3584 ἔχοντα
3246 3516 3305 3569 ιν
3335 3516 3511 3587 ἑαυτῷ
3542 3514 3639 3586 τῆς
3668 3517 3792 3570 Θεό-

2206 3618 2367 3669 τητος
2394 3601 2490 3673 τὴν
2511 3601 2672 3670 φύσιν
2692 3602 3116 3673 ὲνανθρωπῆσαι
3139 3604 3392 3674 λέγομεν,
3418 3607 3548 3659 ποία
3571 3607 3787 3676 ἀνάγκη

2208 3693 2355 3760 ἡμᾶς
2389 3690 2545 3745 τοῦτο
2577 3692 2835 3759 λέγοντας
2862 3693 3082 3757 πάντως
3115 3696 3210 3748 καὶ
3238 3694 3329 3749 τὸν
3358 3697 3581 3767 Πατέρα
3610 3697 3707 3751 καὶ
3730 3698 3792 3749 τδ

2210 3785 2435 3855 Πνεῦμα
2461 3785 2851 3849 καταϐιϐάζειν
2879 3788 2959 3848 εἰς
2985 3788 3084 3857 τὴν
3110 3786 3549 3859 ὲνανθρώπησιν;
3587 3789 3653 3841 ’τι
3683 3786 3793 3859 γὰρ

2212 3879 2419 3948 Πέτρου
2454 3878 2860 3948 σταυρωθέντος
2910 3879 2943 3948 ἢ
2981 3879 3197 3931 Παύλου
3227 3879 3660 3949 ἁποτμηθέντος,
3698 3884 3793 3933 καὶ

2211 3966 2442 4037 Θατέρου
2497 3967 2677 4020 αὐτῶν
2732 3968 2916 4039 πλήρη
2974 3970 3065 4021 καὶ
3111 3969 3410 4041 ὀλόκληρον
3460 3971 3559 4039 τὴν
3603 3971 3792 4039 κοινὴν

2208 4060 2421 4129 ἔχοντος
2469 4060 2579 4113 τῶν
2624 4060 2927 4132 ἀνθρώπων
2966 4062 3129 4131 φύσιν
3153 4103 3168 4127 ,
3221 4064 3347 4125 τοὺς
3375 4062 3598 4125 λοιποὺς
3632 4062 3792 4115 τοῦτο

2208 4151 2549 4221 παρέὅλαψε,
2588 4153 2713 4215 τοὺς
2744 4152 2848 4204 ὑπὸ
2874 4154 2970 4223 τὴν
2995 4153 3165 4223 αὐτὴν
3191 4153 3565 4223 ἀναγομένους
3592 4153 3786 4220 φύσινς

2207 4244 2287 4296 ὃτι
2322 4243 2383 4294 οὗ
2416 4244 2663 4308 φύσεων,
2702 4242 2817 4295 ἀλλ’
2849 4244 3202 4297 ὐποστάσεων
3239 4244 3508 4313 ἰδιότητας
3533 4243 3787 4297 διδασκό·

2211 4334 2372 4403 μεθα.
2434 4335 2737 4407 Γρηγόριος
2786 4337 2842 4387 ὲν
2886 4337 3126 4406 δευτέρῳ
3176 4337 3297 4389 κατ’
3333 4336 3603 4402 Εύνομίου
3644 4334 3790 4403 λόγῳ

528 4450 653 4489 nem
685 4433 942 4487 habuerit
974 4440 1251 4493 naturam,
1281 4430 1523 4499 reliquos
1563 4428 1681 4482 haec
1710 4426 1979 4496 supplicia
2011 4426 2105 4481 lae-

2211 4426 2353 4479 οΰτω
2385 4428 2517 4497 φησὶ
2559 4427 2688 4497 περὶ
2730 4427 2962 4498 Πατρδς,
2996 4429 3090 4482 καὶ
3118 4427 3270 4493 Υἱοῦ,
3298 4429 3394 4481 καὶ
3429 4427 3584 4495 ἁγίου
3613 4427 3789 4480 Πνεύ-

533 4532 727 4579 serunt
779 4536 990 4587 omnes,
1037 4520 1129 4590 qui
1161 4518 1408 4574 eamdem
1437 4524 1688 4571 naturam
1720 4516 1898 4569 sortiti
1933 4516 2105 4569 sunt?

526 4618 655 4682 quia
700 4631 811 4669 non
843 4621 1163 4668 naturarum
1196 4610 1292 4665 sed
1335 4607 1816 4664 subsistentiarum
1863 4604 2104 4674 particu—

528 4708 777 4760 laritates
806 4704 1177 4775 agnoscimus.
1213 4686 1511 4770 Gregorius
1544 4697 1598 4751 in
1633 4695 1879 4752 secundo
1908 4706 2103 4752 contra

2215 4535 2382 4587 ματος
2406 4558 2418 4579 ,
2468 4518 2541 4580 ὡς
2574 4518 2659 4571 διὰ
2688 4518 2795 4571 τῶν
2820 4520 3065 4587 κλήσεων
3090 4519 3315 4584 τούτων,
3344 4520 3406 4571 οὐ
3430 4517 3644 4588 φύσεων
3669 4518 3786 4570 δια·

2212 4607 2383 4676 φορὰν
2404 4606 2794 4675 διδασκόμεθα,
2821 4607 2957 4660 ἀλλὰ
2985 4607 3150 4677 μόνας
3178 4607 3277 4669 τὰς
3300 4607 3407 4659 τῶν
3433 4606 3784 4659 ὑποστάσεων

2209 4699 2577 4769 γνωριστικὰς
2616 4698 2908 4769 ἰδιότητας.

529 4799 863 4853 Ευηοωίιιιῐι
895 4808 1150 4851 sermone
1179 4794 1252 4847 ita
1282 4790 1417 4845 dicit
1461 4789 1528 4843 de
1577 4788 1754 4852 Patre,
1794 4796 1852 4842 et
1894 4788 2052 4847 Filio.
2099 4798 2155 4843 et
2193 4797 2385 4843 sancto
2435 4789 2662 4859 Spiritu.
2710 4789 2857 4860 quod
2909 4804 3008 4858 per
3058 4789 3159 4843 has
3206 4788 3620 4857 appellationes,
3672 4801 3781 4839 nou

527 4908 850 4953 naturarum
875 4890 1240 4948 differentiam
1262 4887 1627 4958 agnoscimus,
1659 4882 1754 4938 sed
1780 4883 1924 4937 solas
1943 4882 2422 4939 subsistentiarum
2451 4884 2798 4938 distinctivas
2822 4883 3303 4954 particularitates.

743 5013 825 5067 Ea:
854 5010 1069 5080 Eulogii
1098 4993 1445 5061 Alexandrini
1469 5000 1882 5073 Defensionibus.

2281 4999 2373 5050 Ἐκ
2400 4997 2518 5049 τῶν
2544 4996 2922 5065 Συνηγοριών
2943 4996 3241 5063 Εὐλογιου
3277 4994 3623 5062 ’Λλεξιη-εθρε
3640 4996 3741 5057 ⁸ης.

1540 5116 1699 5187 (Aug.
1733 5114 1831 5168 MM
1865 5111 2059 5183 Script.
2088 5121 2189 5165 vet.
2228 5123 2265 5165 t.
2303 5112 2433 5176 Vill,
2458 5128 2514 5181 p.
2549 5111 2764 5180 δαί-57.)

598 5245 792 5301 Audivi
819 5243 1059 5311 aliquem
1099 5254 1291 5294 eorum
1319 5246 1543 5291 strenue
1574 5231 1895 5303 gestientem
1925 5230 2093 5284 disse-

525 5353 666 5401 rere,
712 5351 821 5389 non
860 5349 980 5389 esse
1014 5340 1267 5385 naturam
1299 5324 1744 5397 impcrsonalcm.
1781 5322 1875 5376 sed
1906 5336 2100 5374 conse-

524 5432 751 5485 ctariam
810 5436 1019 5481 natum
1076 5436 1384 5492 personam.
1446 5418 1502 5473 Si
1568 5417 1737 5486 igitur
1796 5414 1918 5467 dtlcc
1973 5421 2102 5465 sunt

524 5530 764 5584 naturae,
831 5516 1125 5571 admodum
1185 5528 1404 5583 quoque
1465 5525 1587 5565 esse
1628 5508 1766 5562 duas
1815 5519 2099 5575 personas,

526 5612 804 5675 quomodo
840 5612 1062 5665 illorum
1106 5608 1201 5678 qui
1239 5607 1363 5661 talia
1397 5604 1681 5674 proferunt
1712 5616 1820 5654 non
1852 5614 1953 5653 nos
2001 5597 2103 5650 mi-

528 5716 758 5771 sereret,
788 5720 914 5759 cum
946 5704 1018 5758 ita
1052 5702 1339 5757 evidenter
1367 5699 1648 5760 aberrent,
1689 5704 1743 5749 et
1787 5691 2099 5749 Nestorium

2284 5230 2530 5282 ’Ἦκουσά
2581 5244 2725 5290 τινος
2774 5227 2955 5281 αὐτῶν
3002 5228 3265 5295 γενναίως
3315 5226 3562 5295 οξομὲνου
3605 5223 3784 5276 διαλὲο

2208 5319 2396 5387 γεσοαι
2454 5322 2536 5373 ὅτι
2588 5322 2687 5371 οὒκ
2734 5319 2850 5371 ἐστι
2892 5318 3052 5387 φύσις
3086 5319 3433 5387 ἁπρόσωπος,
3471 5314 3610 5367 ἀλλὰ
3639 5330 3787 5383 παρ’¹

2206 5413 2397 5463 ἐπεται
2449 5414 2515 5481 τῇ
2556 5410 2715 5478 φύσει
2761 5412 2853 5463 καὶ
2886 5411 3202 5481 πρόσωπον.
3242 5408 3301 5460 Et
3327 5404 3419 5461 οὖν
3449 5407 3542 5460 δύο
3569 5405 3782 5474 φύσεις,

2209 5505 2425 5564 πάντως
2468 5505 2558 5555 καὶ
2594 5503 2686 5555 δύο
2718 5504 2985 5573 πρόσωπα
3012 5518 3027 5531 ·
3084 5500 3202 5561 πῶς
3232 5499 3330 5553 οὐκ
3358 5499 3421 5552 ἄν
3448 5514 3531 5560 τις
3558 5499 3687 5561 τοὺς
3715 5497 3784 5550 τὰ

2208 5597 2431 5649 τοιαῦτα
2466 5596 2938 5666 προϐαλλομένους
2971 5594 3249 5664 ἐλεήσειεν
3273 5630 3286 5654 .
3327 5591 3375 5644 οἳ
3420 5589 3607 5657 σαφῶς
3638 5589 3788 5643 οὕτω

2213 5688 2679 5759 προσπταίουτινς
2734 5688 2827 5741 καὶ
2874 5686 3156 5757 Νεστορὶῳ
3190 5680 3651 5755 προσποιούμενοι
3686 5698 3789 5735 πο-
