4110 6332
253 329 398 394 2949

1426 300 1898 384 FRAGMENTA
1938 315 2395 376 DOGMATICA.

3398 310 3547 376 2950

248 444 439 516 λεμεϊν
464 484 480 511 ,
536 446 650 501 τοῖς
697 440 862 496 αὑτοὺ
891 438 1243 511 προϐλήμασι
1271 436 1596 507 κέχρηνται,
1630 430 1727 485 xal.
1755 429 1855 500 τὴν

1965 427 2293 512 impugnare
2319 425 2667 491 simulantes,
2708 424 2877 497 hujus
2909 423 3252 495 argumentis
3290 432 3544 490 utuntur,

252 535 463 590 ἐκείνου
504 534 656 589 νόσον
699 533 762 587 τό
800 548 865 603 γε
904 530 991 584 ἐπ’
1032 530 1215 592 αὐτοῖς
1257 523 1626 591 ἀσπάζονται;
1657 523 1721 579 Et
1745 520 1856 592 γάρ

251 626 351 681 οὑκ
371 625 485 681 ἔστι
504 626 665 697 φύσις
686 626 1033 695 ἀπρόσωπος,
1052 621 1187 679 ἀλλά
1208 623 1301 674 καὶ
1322 619 1632 692 παρέπεται
1660 616 1727 685 τῇ
1755 612 1859 682 φύ-

257 732 342 769 σει
374 718 468 771 καὶ
500 714 815 785 πρόσωπον,
850 712 981 784 φασὶ
1009 712 1066 765 δὲ
1095 712 1161 765 ἐκ
1188 709 1282 764 δύο
1311 709 1529 778 φύσεων
1553 705 1652 777 τὴν
1678 702 1853 773 ἀπόρ-

261 812 425 881 ρητον
447 808 642 863 ἕνωσιν
666 809 723 860 ἑν
745 802 969 876 Χριστῷ
990 801 1296 873 γεγονέναι,
1330 800 1441 874 ἀρα
1473 799 1539 889 ἐκ
1563 796 1666 889 δύο,
1682 810 1855 865 προσ-

259 901 427 957 ώπων
480 902 601 955 κατ’
644 898 845 960 αὐτοὺς
893 898 921 949 ὁ
959 892 1354 965 Ἐμμανουὴλ,
1418 887 1516 944 καὶ
1572 887 1852 957 ἀνέῳκται

254 993 447 1047 λοιπδν
470 994 581 1055 τοῖς
613 986 999 1060 βλασφημοῦσι
1027 982 1312 1056 παρρησία
1339 981 1434 1035 δύο
1462 979 1735 1051 πρόσωπα
1756 972 1850 1031 Χέ-

255 1100 378 1153 γειν
411 1085 470 1136 ὲν
501 1078 763 1151 Χριστῷ,
822 1078 961 1147 ὅπερ
1015 1076 1214 1146 μανίας
1246 1072 1579 1145 ἀνάμεστον.
1629 1071 1707 1125 Οὑ
1742 1068 1853 1141 γὰρ

248 1174 324 1229 ’ἂν
354 1174 562 1243 Πέτρον
591 1170 624 1243 ἢ
654 1169 867 1225 Παῦλον
898 1170 951 1223 εί
974 1186 1060 1232 τις
1088 1167 1309 1222 ὲνὼσειε
1348 1207 1363 1231 ,
1391 1164 1522 1236 μίαν
1546 1162 1851 1217 ὑπόστασιν

258 1266 356 1321 καὶ
389 1264 447 1319 ἓν
477 1264 774 1335 πρόσωπον
807 1262 991 1316 εἴποι·
1040 1262 1096 1314 al.
1126 1261 1235 1331 γάρ
1266 1258 1619 1322 ὑποστάσεις,
1648 1254 1685 1309 ἃ.
1712 1251 1852 1308 εῖναι

258 1360 529 1431 πρόσωπα
571 1357 669 1429 τὴν
703 1357 826 1411 κατ’
856 1355 1045 1408 οὐσίαν
1099 1354 1195 1407 καὶ
1226 1353 1413 1424 σχέσιν
1441 1352 1637 1405 ἕνωσιν
1667 1347 1852 1402 ἑπιδέ-

258 1466 446 1521 χονται
469 1489 484 1514 ,
536 1448 600 1502 οὑ
645 1447 748 1519 τὴν
777 1445 1145 1500 ὲνυπόστατον
1174 1443 1269 1498 καὶ
1298 1443 1357 1496 ἓν
1387 1442 1683 1513 πρόσωπον
1709 1441 1850 1493 ἀπο-

257 1540 529 1597 τελοῦσιν.
570 1538 713 1595 Κατ’
743 1538 935 1593 οὑσίαν
967 1536 1067 1609 μὲν
1094 1537 1189 1591 οὑν
1220 1536 1275 1589 αί
1305 1534 1633 1597 ὑποστάσεις
1665 1532 1853 1586 ἑνοῦν-

258 1650 373 1699 ται,
406 1632 480 1696 ὡς
515 1630 739 1700 ὲπὶτῆς
768 1631 933 1698 ἀγίας
958 1630 1190 1701 Τριὰδος
1211 1646 1223 1660 '
1280 1632 1435 1701 τρεῖς
1463 1629 1573 1699 γὰρ
1607 1624 1848 1680 ὑποστά-

255 1740 375 1788 σεις
409 1726 536 1796 μιᾶς
564 1722 754 1787 οὐσίας
788 1723 1151 1794 ὑπάρχουσιν.

336 1904 412 1957 Ἦ
458 1904 514 1957 δὲ
566 1901 711 1956 κατά
757 1901 942 1971 σχέσιν
987 1900 1184 1963 ἕνωσις
1220 1899 1359 1953 κατά
1393 1894 1625 1957 πολλοὺς
1656 1896 1858 1948 νοεῖται

258 1996 521 2067 τρόπους,
559 1996 617 2045 ὲν
656 1991 968 2063 ὁμωνυμία,
999 1993 1057 2044 ὲν
1090 1988 1349 2061 ἰσοτιμίᾳ,
1379 1989 1435 2041 ὲν
1474 1985 1858 2056 ταυτοΰουλία,

264 2083 356 2136 καὶ
388 2081 489 2134 ὅσα
517 2079 730 2143 τούτοις
761 2078 1159 2149 παραπλήσια·
1206 2080 1264 2131 ὲν
1292 2076 1583 2148 ὁμωνυμίᾳ
1612 2075 1712 2145 μὲν
1734 2115 1748 2139 ,
1785 2075 1862 2138 ὡς

276 2172 476 2236 Ἰούδας
506 2174 534 2225 ὀ
568 2170 849 2236 Ἰακώϐου,
878 2172 973 2225 καὶ
988 2156 1187 2233 Ἰούδας
1211 2169 1584 2241 Ἰσκαριώτης·
1622 2166 1862 2237 ἰσοτιμία

259 2265 320 2319 δὲ
369 2264 461 2317 καὶ
495 2262 848 2334 ταυτοεουλίᾳ
869 2303 883 2325 ,
923 2261 998 2326 ὡς
1028 2264 1234 2333 Πέτρος
1264 2263 1358 2316 καὶ
1393 2261 1644 2330 Ἰωάννης
1666 2274 1679 2287 ·
1730 2260 1861 2312 ἐκά-

263 2373 419 2426 τερος
439 2358 544 2427 γὰρ
562 2356 859 2418 ἀπόστολος
881 2356 974 2408 καὶ
996 2353 1180 2419 αὑξειν
1215 2346 1507 2424 ἠϐούλοντο
1523 2351 1582 2403 τὸ
1600 2351 1863 2422 κήρυγμα

262 2450 358 2503 τοῦ
390 2448 649 2521 Χριστοῦ.
685 2450 751 2500 ’0
782 2447 872 2501 οὑν
906 2446 1074 2519 ἔφθην
1115 2446 1286 2500 είπὼν
1328 2446 1386 2499 αἱ
1416 2444 1511 2498 δύο
1534 2444 1865 2505 ὑποστάσεις

264 2546 327 2615 ἦε,
341 2560 435 2597 ουν
460 2542 728 2613 πρόσωπα
754 2542 1039 2611 ἑνούμενα,
1065 2540 1320 2594 οὐδέποτε
1354 2539 1482 2609 μίαν
1511 2536 1865 2591 ἀποτελοῦσιν

264 2637 568 2690 ὑπόστασιν
598 2634 691 2688 καὶ
716 2633 781 2704 ,ἒν
821 2634 1129 2704 πρόσωπον.
1176 2630 1246 2685 Ἐἰ
1273 2628 1365 2685 οὖν
1409 2632 1475 2683 ὲκ
1515 2628 1608 2682 δύο
1647 2620 1867 2698 φύσεων

264 2731 295 2782 ὁ
324 2726 691 2798 Ἐμμανουὴλ,
714 2728 747 2798 ή
770 2726 828 2779 δὲ
858 2725 1018 2795 φύσις
1051 2724 1339 2795 πρόσωπόν
1363 2726 1482 2777 ἐστι
1505 2725 1623 2777 κατ’
1645 2723 1867 2786 αὐτοὺς,

267 2821 423 2875 Ξσται
467 2821 603 2889 ἄρα,
626 2820 720 2872 καὶ
764 2820 829 2871 ἐκ
867 2816 962 2870 δύο
1007 2816 1317 2887 προσώπων
1342 2857 1357 2880 ,
1391 2815 1535 2886 ἅπερ
1566 2815 1666 2869 οὐκ
1692 2812 1869 2867 ἐπιδέ-

267 2922 454 2975 χονται
484 2908 581 2977 τὴν
611 2906 974 2959 ὲνυπόστατον
1004 2906 1201 2960 ἕνωσιν
1226 2923 1239 2937 ·
1291 2907 1384 2959 καὶ
1416 2904 1476 2958 οὖ
1489 2922 1558 2958 τω
1589 2905 1730 2959 κατὰ
1758 2902 1867 2957 τῶν

246 2997 680 3067 διεφθαρμένων
728 2999 887 3067 λόγον
927 2998 988 3051 τὸ
1029 3000 1127 3069 τῆς
1154 2998 1313 3052 ἀθέου
1342 2996 1663 3068 διαιρέσεως
1689 2995 1869 3066 δόγμα

268 3089 455 3161 χώραν
484 3090 744 3161 εὑρήσει’
800 3090 894 3143 καὶ
942 3088 1209 3161 Κύριλλος
1258 3086 1656 3159 ἐκϐληθήσεται
1697 3084 1865 3139 πάλαι
1889 3117 1935 3180 C

265 3182 411 3235 κατὰ
442 3180 737 3252 Νεστορίου
769 3179 993 3234 τοιαῦτα
1024 3181 1193 3251 βοῶν,
1226 3180 1408 3250 ὀνήσει
1435 3179 1492 3232 δὲ
1522 3178 1639 3230 κατ’
1670 3176 1865 3230 οὑδένα

251 3276 468 3344 ⁸τρόπον
488 3274 578 3327 τὸν
598 3274 758 3345 ὀρθὸν
774 3275 899 3345 περὶ
920 3274 1018 3344 τῆς
1047 3272 1280 3335 πίστεως
1310 3271 1465 3340 λόγον
1496 3272 1575 3333 εἰς
1603 3269 1663 3323 τὸ
1690 3267 1864 3331 οὑτως

260 3366 444 3437 ίχειν.
493 3366 615 3420 Κᾶν
647 3367 695 3418 εξ
727 3363 1038 3436 προσώπων
1062 3363 1257 3416 ἕνωσιν
1287 3360 1667 3431 ὲπιφημίζωσί
1695 3376 1861 3441 τινες,

272 3459 391 3513 ἀλλ’
446 3459 545 3530 οὑχ
586 3457 761 3521 οὑτως
792 3456 917 3510 οὕτε
948 3458 980 3526 ή
1013 3454 1240 3524 ἀλήθεια
1272 3455 1519 3518 ἀπαιτεῖ,
1555 3451 1669 3506 οὑθ’
1701 3454 1866 3523 ἡμεῖς

262 3549 579 3618 ’ἀνεξόμεθα
599 3584 614 3609 ,
662 3545 799 3600 ἀλλά
827 3545 925 3615 τὴν
952 3544 1144 3615 ἀκλινῆ
1177 3545 1267 3597 καὶΙ
1300 3544 1476 3614 μέσην
1499 3542 1617 3596 ὁδὸν
1647 3541 1865 3612 βαδιού-

268 3640 450 3713 γμεθα,
480 3642 608 3704 τοὺς
641 3640 741 3710 μὲν
768 3638 937 3693 δυάδα
966 3638 1275 3708 προσώπων
1302 3637 1701 3706 εἰσαγαγόντας
1733 3636 1866 3687 ἀνα-

255 3734 659 3806 σοεματίςοντες
683 3773 697 3797 ,
754 3732 854 3803 τὴν
897 3730 952 3784 δὲ
997 3729 1258 3801 ἀλήθειαν
1286 3728 1395 3782 τῶν
1424 3732 1480 3782 ὲν
1507 3726 1732 3799 Χριστῷ
1766 3725 1863 3779 δύο

260 3825 476 3883 νοὺσιῶν
506 3822 920 3896 ὁμολογοῦντες.

358 4072 499 4128 Ἀλλ’
534 4072 666 4137 ἴσως
694 4072 755 4137 ἐξ
774 4072 1004 4143 ἀπορίας
1034 4070 1379 4141 διαστρέφειν
1408 4070 1739 4143 πειρώμενοι
1768 4074 1865 4144 τὴν

275 4166 539 4236 τοιαύτην
569 4164 900 4234 πεποίηνται
933 4163 1220 4233 πρότασιν·
1254 4162 1413 4234 ἡμῶν
1437 4164 1547 4236 γάρ
1574 4148 1865 4220 ὲνυποστά·

275 4276 385 4321 τως
417 4255 706 4328 ἡνωμένας
735 4254 829 4308 δύο
856 4254 1051 4323 φύσεις
1077 4253 1350 4322 λεγόντων
1368 4296 1384 4323 ,
1422 4256 1864 4327 ἑθελοκωφῶσιν,

279 4354 378 4407 καὶ
416 4349 765 4422 περιξὺοντες
794 4348 895 4417 τῆς
919 4348 1214 4418 ὁμολογίας
1242 4351 1274 4419 ἡ
1285 4349 1426 4419 μῶν,
1460 4348 1537 4418 τῷ
1563 4349 1865 4402 ὲνυποστά·

1959 529 2017 576 et
2046 520 2198 576 illius
2229 505 2593 575 mlorbum'ita
2624 517 2731 574 sibi
2780 516 3142 588 adjudieant?
3170 515 3228 572 Si
3256 517 3406 573 enim
3436 532 3547 572 non

1958 620 2045 667 est
2088 620 2289 667 natura
2325 610 2736 682 impersonalis,
2788 608 2883 667 sed
2929 618 3185 663 naturam
3238 606 3550 677 insequitur

1960 718 2228 773 persona,
2279 703 2474 758 dicunt
2516 718 2547 757 e
2599 702 2817 757 duabus
2872 690 3091 756 naturis
3150 699 3551 770 impossibilem

1957 794 2018 850 in
2062 793 2288 850 Christo
2341 794 2603 849 unionem
2637 792 2839 847 factam
2886 807 3030 857 esse,
3063 806 3195 863 ergo
3232 806 3302 846 ex
3334 791 3553 848 duabus

1956 886 2213 957 personis
2267 886 2578 963 secundum
2630 888 2768 944 istos
2821 895 3037 944 constat
3083 888 3442 954 Emmanuel,
3494 896 3554 944 et

1956 985 2370 1048 consequenter
2438 976 2689 1048 aperitur
2749 977 3268 1049 blasphemantibus
3321 978 3554 1033 libertas

1924 1069 2095 1151 ‘duas
2132 1084 2404 1140 personas
2431 1069 2654 1125 dicendi
2685 1068 2742 1124 in
2764 1068 3011 1135 Christo,
3041 1068 3188 1140 quod
3216 1077 3303 1124 est
3328 1069 3557 1123 demen~

1957 1162 2033 1228 tia
2093 1161 2383 1216 refertum.
2451 1161 2574 1215 Non
2623 1161 2795 1227 enim,
2852 1160 2899 1216 si
2951 1161 3175 1216 Petrum
3219 1169 3276 1215 et
3320 1160 3551 1215 Paulum

1957 1253 2229 1319 univeris,
2270 1268 2438 1307 unam
2488 1253 2908 1308 subsistentiam
2955 1261 3014 1308 et
3044 1268 3212 1307 unam
3256 1266 3553 1323 personam

1956 1348 2200 1415 dixeris;
2265 1363 2389 1419 quae
2448 1347 2599 1403 enim
2652 1346 3060 1411 subsistentiae,
3122 1361 3246 1416 quae
3305 1358 3555 1416 personat

1957 1443 2220 1497 unionem
2267 1441 2323 1495 in
2358 1439 2670 1496 substantia
2698 1448 2757 1496 et
2781 1440 3054 1495 relatione
3100 1440 3399 1509 recipiunt,
3440 1455 3554 1495 non

1958 1549 2124 1588 unam
2160 1533 2582 1589 subsistentiam
2628 1547 2811 1602 neque
2856 1547 3023 1587 unam
3055 1546 3348 1603 personam
3386 1532 3556 1601 perii-

1957 1626 2134 1680 ciunt.
2182 1624 2503 1689 Secundum
2548 1623 2918 1679 substantiam
2961 1622 3134 1692 igitur
3181 1621 3556 1677 subsistentiis

1957 1715 2251 1779 uniuntur,
2285 1700 2345 1769 ut
2376 1714 2432 1768 in
2463 1722 2654 1769 sancta
2681 1712 2917 1777 Triade;
2952 1720 3067 1767 tres
3102 1711 3251 1766 enim
3304 1710 3382 1765 ibi
3417 1711 3553 1766 sub-

1890 1784 1928 1838 B
1961 1806 2230 1862 sistentire
2276 1805 2443 1860 unius
2476 1819 2607 1861 sunt
2637 1805 2981 1860 substantias.

2064 1895 2209 1951 Unio
2274 1905 2461 1951 autem
2528 1894 2837 1950 secundum
2905 1894 3234 1951 relationem
3301 1894 3559 1966 plurimis

1962 1983 2279 2054 concipitur
2314 1983 2526 2049 modis,
2559 1984 2618 2038 in
2652 1983 3006 2056 homonymia
3031 2025 3047 2050 ,
3095 1986 3151 2040 in
3186 1984 3471 2057 dignitatis
3501 1993 3560 2039 et

1961 2076 2270 2133 voluntatis
2298 2077 2711 2142 conformitate,
2743 2086 2800 2133 et
2826 2079 2954 2133 aliis
2976 2096 3098 2149 qua:
3124 2080 3276 2136 hisce
3306 2079 3559 2135 referun-

1964 2177 2094 2224 tur:
2130 2169 2187 2224 in
2215 2169 2573 2242 homonymia
2596 2169 2847 2241 quidem,
2886 2181 2947 2226 ut
2979 2172 3153 2228 Judas
3181 2173 3354 2229 Jacob
3389 2166 3558 2232 illius.

1963 2268 2021 2317 et
2048 2257 2219 2317 Judas
2253 2260 2582 2327 Iscariotes;
2622 2261 2679 2315 in
2713 2261 3001 2332 dignitatis
3032 2272 3217 2318 autem
3264 2273 3320 2317 et
3364 2262 3562 2317 volun-

1968 2354 2098 2408 tatis
2151 2353 2563 2418 conformitate,
2604 2362 2666 2409 ut
2694 2354 2893 2410 Petrus
2924 2363 2982 2409 et
3014 2355 3278 2419 Joannes,
3323 2365 3559 2426 uterque

1964 2450 2115 2506 enim
2146 2450 2430 2521 apostolus
2456 2458 2513 2505 et
2543 2452 2850 2507 extendere
2884 2451 3144 2507 volebant
3165 2452 3374 2508 Christi
3423 2466 3561 2521 pra:-

1966 2541 2327 2598 dicationem.
2360 2541 2521 2609 Quod
2558 2543 2727 2614 igitur
2755 2545 2869 2614 jam
2901 2544 3113 2599 asserui
3146 2543 3382 2598 dicens:
3436 2542 3560 2597 dua:

1966 2634 2373 2699 subsistentia,
2425 2650 2673 2705 personae
2725 2636 2969 2700 scilicet,
3033 2636 3224 2701 unitze,
3276 2650 3558 2706 nunquam

1968 2740 2137 2779 unam
2183 2726 2600 2782 subsistentiam
2635 2744 2818 2798 neque
2866 2744 3030 2783 unam
3066 2743 3359 2797 personam
3399 2728 3563 2798 peril-

1969 2816 2144 2872 ciunt.
2194 2816 2250 2872 Si
2301 2818 2473 2888 igitur
2510 2835 2578 2874 ex
2615 2819 2837 2876 duabus
2886 2820 3102 2875 naturis
3156 2828 3373 2875 constat
3430 2819 3561 2874 Em~

1970 2907 2210 2973 manuel,
2241 2916 2298 2962 et
2325 2924 2557 2978 quaeque
2587 2921 2788 2965 natura
2832 2912 2905 2965 sit
2952 2927 3190 2981 persona
3246 2911 3555 2967 secundum

1971 2995 2127 3061 istos,
2157 2997 2433 3051 constabit
2472 3014 2605 3069 ergo
2646 3015 2713 3055 ex
2750 3001 2967 3056 duabus
2989 3004 3268 3071 personis,
3299 3020 3424 3073 quae
3450 3019 3560 3058 non

1971 3083 2271 3140 admittunt
2324 3085 2590 3141 unionem
2646 3088 2702 3142 id
2752 3106 2863 3145 una
2915 3091 3294 3149 subsistentia.
3337 3093 3413 3148 lta
3464 3110 3566 3163 per

1971 3174 2203 3230 istorum
2235 3176 2581 3247 perditorum
2616 3181 2887 3238 rationem
2916 3183 3025 3237 hoc
3052 3184 3232 3254 impiae
3252 3184 3565 3240 distinctio-

1966 3269 2054 3321 nis
2085 3267 2281 3339 dogma
2314 3271 2501 3327 locum
2534 3272 2820 3341 inveniet;
2851 3286 2907 3331 et
2941 3276 3183 3348 Cyrillus
3213 3277 3564 3334 deridebitur
3613 3319 3617 3323 ι

1967 3372 2091 3411 cum
2141 3359 2270 3414 talia
2304 3359 2440 3415 dicit
2472 3362 2526 3417 in
2572 3362 2914 3427 Nestorium,
2950 3373 3003 3419 et
3036 3367 3189 3421 nullo
3221 3366 3387 3420 modo
3436 3382 3565 3435 pro—
3596 3378 3607 3399 ί

1967 3450 2113 3505 derit
2146 3459 2207 3505 ut
2236 3463 2449 3508 rectum
2478 3455 2626 3510 circa
2655 3455 2782 3511 fidei
2806 3459 3099 3524 rationem,
3128 3470 3189 3515 ut
3215 3460 3321 3514 tale
3343 3459 3559 3515 evadat.

1966 3542 2231 3609 Quamvis
2277 3560 2641 3614 personarum
2696 3549 2960 3605 unionem
2991 3553 3414 3621 patrocinantur
3441 3552 3564 3620 qui-

1968 3635 2117 3699 dam,
2166 3652 2275 3690 non
2331 3636 2386 3691 id
2434 3646 2618 3692 tamen
2654 3638 2861 3709 veritas
2913 3642 3177 3709 postulat,
3230 3656 3409 3711 neque
3462 3656 3568 3695 nos

1967 3727 2234 3793 feremus,
2287 3728 2383 3784 sed
2417 3730 2675 3785 inﬂexam
2704 3739 2763 3785 et
2788 3732 3026 3787 mediam
3058 3733 3204 3787 viam
3245 3750 3562 3804 sequemur,

1915 3877 1918 3881 ,
1969 3820 2071 3874 hos
2115 3820 2211 3890 qui
2246 3820 2485 3874 duadem
2516 3835 2880 3891 personarum
2925 3823 3197 3878 inducunt
3247 3826 3567 3879 anathema-

1971 3910 2213 3976 tizando,
2252 3910 2546 3967 veritatem
2591 3922 2778 3968 autem
2823 3912 3062 3969 duarum
3096 3914 3151 3969 in
3179 3913 3405 3971 Christo
3434 3917 3567 3971 sul:-

1969 4004 2298 4059 stantiarum
2326 4003 2662 4075 profitendo.

2073 4095 2183 4151 Sed
2252 4095 2396 4151 forte
2459 4096 2528 4152 ad
2594 4095 2975 4152 ditﬁcultatem
3025 4097 3344 4153 solvendam
3399 4098 3563 4154 talem

1970 4188 2296 4243 statuissent
2346 4188 2807 4258 propositionem.
2859 4188 3031 4245 Nobis
3083 4190 3231 4245 enim
3280 4190 3335 4245 in
3376 4190 3561 4247 subsi-

1970 4277 2174 4333 stentia
2226 4277 2413 4333 unitas
2464 4278 2603 4333 duas
2664 4289 2896 4335 naturas
2957 4279 3298 4345 dicentibus,
3365 4281 3567 4335 surdos

1968 4383 2029 4423 se
2092 4369 2379 4439 prarbent,
2432 4378 2488 4424 et
2547 4369 2706 4440 quasi
2753 4377 3003 4425 nostram
3046 4370 3408 4426 assertionem
3475 4388 3564 4425 ra-

279 4462 388 4508 τως
419 4441 701 4514 ἡνωμένας
736 4440 1075 4513 προσλήματι
1104 4440 1398 4511 κέχρηνται
1429 4439 1550 4493 καθ’
1582 4440 1739 4511 ἡμῶν
1768 4442 1864 4511 τῆς

1972 4457 2210 4523 dentes,
2269 4467 2521 4513 statuunt
2564 4458 2791 4530 quidem
2858 4460 3059 4514 unitas.
3098 4460 3153 4515 in
3204 4461 3564 4517 subsistentia

282 4527 564 4607 ἡμετέρας
596 4533 891 4604 ὁμολογίας
923 4533 1181 4603 ἁπᾲδοντι
1205 4573 1221 4597 ,
1258 4535 1352 4586 καί
1385 4550 1573 4602 φασιν,
1605 4534 1721 4586 Οὑκ
1750 4534 1867 4587 ἔστι

284 4629 447 4699 φύσις
480 4628 811 4696 ἀπρόσωπος
834 4641 849 4655 ’
904 4624 957 4677 τί
991 4625 1171 4677 τοίνυν
1201 4625 1385 4687 αὐτοῖς
1419 4623 1479 4677 τὸ
1517 4625 1681 4694 σοφὸν
1710 4625 1870 4678 τοῦτο

285 4719 534 4791 βούλεται
565 4718 859 4789 πρόϐλημα
886 4736 901 4783 ;
942 4718 1004 4769 Et
1039 4717 1139 4786 μὲν
1181 4718 1263 4769 ὅτι
1292 4718 1350 4769 οὑ
1381 4718 1606 4771 δυνατὸν
1636 4718 1734 4780 τὰς
1765 4717 1870 4785 φύ-

284 4834 399 4879 σεις
433 4815 609 4879 άλλως
641 4815 675 4885 ἢ
708 4815 767 4867 ὲν
795 4813 1108 4885 προσώποις
1137 4813 1486 4883 θεωρεῖσθαι,
1520 4814 1729 4877 τούτοις
1763 4816 1872 4878 πᾶς

281 4927 367 4974 τις
395 4911 489 4965 καὶ
512 4908 621 4961 τῶν
654 4908 827 4980 μικρά
854 4906 1071 4960 εἰδότων
1102 4906 1612 4977 συνομολογήσειενο
1649 4908 1732 4971 τίς
1760 4907 1870 4978 γὰρ

284 5004 472 5070 ἀγνοεῖ
515 5002 596 5054 ὅτι
643 4997 874 5053 καθόλου
921 5001 979 5053 ἐν
1013 5002 1125 5061 τοῖς
1158 5000 1303 5064 κατά
1333 4999 1502 5070 μέρος
1531 4999 1868 5071 προσώποις,

284 5098 427 5167 ὅπερ
471 5098 593 5156 ταῖς
636 5094 1166 5163 χαρακτηριστικαῖς
1194 5092 1528 5147 ὑποστάσεσι
1557 5093 1870 5166 θεωρεῖται,

287 5193 374 5258 εἰη
421 5191 519 5258 τῆς
562 5187 816 5255 θεότητος
849 5185 1012 5255 φύσις
1044 5187 1102 5238 ἐν
1130 5186 1337 5252 “arpi,
1381 5188 1438 5239 ἐν
1472 5187 1609 5257 Υίῷ,
1645 5190 1702 5241 ὲν
1731 5188 1872 5260 ἁγίῳ

288 5280 564 5353 Πνεὺματι
593 5297 607 5345 ;
646 5280 849 5350 ὁμοίως
884 5281 917 5349 ἡ
947 5281 1215 5352 ἀγγελικὴ
1247 5281 1410 5350 φύσις
1442 5282 1500 5333 ἐν
1531 5282 1774 5353 Μιχαὴλ,
1816 5285 1874 5334 ὲν

289 5373 530 5445 Γαϐριὴλ
571 5372 667 5426 καὶ
708 5375 822 5437 τοῖς
855 5372 1097 5437 λοιποῖςς
1140 5374 1235 5426 καὶ
1261 5376 1295 5444 ἡ
1324 5374 1425 5441 τῆς
1453 5374 1875 5447 ἀνθρωπότητος

290 5463 455 5535 φύσις
501 5467 559 5518 ἐν
601 5468 714 5527 τοῖς
755 5464 878 5518 καθ’
907 5464 1139 5518 ἕκαστον
1164 5466 1494 5536 γνωρίζεται
1522 5468 1871 5538 προσώποις

291 5560 357 5615 Ei
384 5559 442 5619 δὲ
470 5556 629 5611 τοῦτο
654 5557 935 5627 βούλονται
962 5558 1398 5622 κατασκευάζειν
1427 5560 1509 5611 ὅτι
1540 5561 1686 5631 πάσῃ
1716 5561 1874 5629 φύσει

292 5650 493 5716 ἰδιάζον
523 5649 847 5719 περιέπεται
875 5650 1188 5721 πρόσωπον,
1213 5651 1306 5703 ἐπὶ
1346 5652 1458 5704 τῶν
1490 5653 1564 5722 μὴ
1592 5652 1716 5705 καθ’
1741 5653 1874 5706 ὑπό-

290 5759 482 5799 στασιν
506 5741 806 5812 ἡνωμένων
830 5741 1068 5813 φύσεων,
1093 5744 1120 5796 ὅ
1148 5746 1293 5796 ἐστιν
1318 5744 1541 5809 οὐσιῶν,
1569 5745 1661 5798 καὶ
1686 5745 1874 5801 τοῦτον

1972 4560 2237 4616 naturas,
2289 4550 2384 4605 sed
2442 4562 2635 4606 contra
2684 4567 2786 4607 nos
2843 4551 3051 4608 utendo
3108 4554 3489 4624 propositione
3535 4573 3566 4611 a

1973 4656 2163 4705 nostra
2211 4645 2521 4702 assertione
2568 4645 2932 4716 discrepanti,
2979 4657 3037 4703 et
3080 4646 3276 4701 dicunt
3303 4663 3412 4702 non
3445 4663 3567 4703 esse

1973 4748 2229 4794 naturam
2281 4737 2731 4807 impersonalem.
2782 4736 2925 4804 Quid
2975 4738 3144 4807 igitur
3196 4738 3418 4807 sapiens
3463 4740 3568 4795 ista

1974 4830 2093 4886 vult
2135 4828 2495 4901 propositio?
2544 4828 2834 4899 Siquidem
2869 4845 2981 4884 non
3022 4844 3183 4899 posse
3220 4829 3339 4884 ﬁeri
3381 4830 3570 4888 dicant

1976 4933 2038 4976 ut
2078 4931 2293 4977 natura:
2318 4930 2746 4991 cognoscantur,
2775 4920 2883 4976 nisi
2925 4921 2979 4974 in
3015 4921 3273 4990 personis
3296 4921 3403 4977 hoc
3436 4937 3569 4992 pro-

1976 5012 2124 5068 fecto
2178 5012 2287 5065 illis
2336 5012 2675 5066 concesserit
2706 5011 2962 5082 quisquis
2991 5011 3076 5066 vel
3115 5010 3572 5082 modicumperi-

1978 5114 2066 5159 tus
2115 5104 2208 5158 sit.
2245 5103 2379 5170 Quis
2409 5103 2556 5159 enim
2596 5103 2812 5174 ignorat
2856 5102 2910 5157 id
2944 5104 3095 5173 quod
3132 5080 3452 5159 universale
3484 5115 3572 5160 est

1978 5196 2031 5251 in
2085 5197 2322 5267 singulis
2367 5196 2646 5266 personis,
2678 5196 2733 5251 id
2760 5196 3260 5251 est-subsistentiis
3289 5199 3576 5251 characte-

1979 5288 2184 5358 risticis
2240 5288 2553 5359 inspicitur,
2605 5299 2760 5359 puta,
2807 5288 3127 5344 Divinilatis
3160 5295 3354 5342 natura
3384 5289 3440 5341 in
3467 5288 3574 5342 Pa-

1981 5391 2082 5445 tre,
2122 5380 2262 5435 Filio
2290 5389 2347 5435 ct
2381 5389 2576 5435 sancto
2616 5380 2879 5450 Spiritu?
2920 5379 3171 5449 angelica
3218 5380 3275 5434 in
3315 5378 3573 5443 Michael,

1978 5470 2200 5528 Gabriel
2255 5482 2313 5527 et
2358 5474 2618 5528 caneris?
2649 5482 2704 5528 et
2738 5472 3101 5528 humanitatis
3131 5481 3331 5528 natura
3362 5472 3416 5526 in
3456 5474 3574 5527 sin—

1979 5564 2122 5635 gulis
2146 5566 2501 5636 cognoscitur
2529 5567 2828 5636 personis?
2878 5566 2977 5622 Sin
3009 5575 3193 5621 autem
3226 5565 3575 5622 contendunt
3614 5566 3615 5569 “

1983 5674 2430 5729 unamquamque
2466 5666 2721 5714 naturam
2762 5676 3058 5730 personam
3093 5660 3371 5731 propriam
3405 5662 3578 5715 comi-

1982 5748 2114 5817 tari;
2144 5749 2251 5803 hoc
2274 5750 2500 5820 quidem
2529 5766 2652 5808 esse
2684 5768 2877 5807 verum
2909 5751 3223 5810 censuerim
3256 5753 3312 5808 in
3338 5754 3578 5815 naturis,
