4110 6332
595 355 732 418 2951

1619 353 1681 413 S.
1723 349 2037 410 EULOGII
2078 345 2427 405 ARCHIEP.
2472 348 2847 411 ALEXAND.

3720 345 3864 408 2952

597 473 712 526 sive
739 469 1066 523 substantiis
1094 481 1214 537 qua:
1240 467 1542 522 secundum
1573 463 1982 518 subsistentiam
2008 461 2174 515 unitzn

2285 460 2454 531 ὀρθῶς
2482 463 2626 533 ἔχειν
2659 466 2898 536 ἡγοῦμαι
2932 466 3022 518 τὸν
3051 465 3223 531 λόγον·
3261 464 3349 515 ἐπὶ
3367 463 3426 517 δὲ
3453 454 3561 514 τῶν
3585 463 3644 513 tv
3667 461 3864 512 συνθέ-

598 576 707 614 ιιοη
745 569 900 624 sunt;
947 567 1001 612 at
1043 559 1230 626 procul
1273 559 1428 612 abest
1464 573 1494 609 a
1521 571 1672 620 vero,
1703 555 1748 608 si
1781 569 1960 608 sermo
1990 560 2072 606 est
2105 551 2170 604 de

598 649 812 703 naturis
841 665 963 718 qua:
1008 664 1105 718 per
1153 647 1606 717 compositionem
1639 657 1693 699 et
1732 645 1784 697 in
1813 641 2170 697 subsistentia

598 740 948 807 copulantur.
1002 740 1202 794 Verum
1245 734 1394 792 enim
1439 739 1491 790 in
1524 739 1627 790 hoc
1656 744 1870 791 constat
1907 753 1919 786 :
1954 733 2172 803 quando

599 830 921 884 differentes
962 839 1180 883 natura:
1225 829 1549 882 indivisibili
1591 827 1792 881 unione
1830 826 2171 882 coadunataz.

599 937 762 975 unam
794 935 1082 990 personam
1110 930 1166 974 et
1197 935 1361 972 unam
1394 919 1806 973 subsistentiam
1838 916 2171 985 perﬁciunt;

599 1014 643 1066 si
678 1023 914 1083 quatuor
944 1014 1054 1067 siut
1085 1013 1378 1077 elementa,
1409 1013 1728 1066 diﬂ‘erentes
1759 1019 1886 1065 sunt
1914 1010 2172 1062 substan-

600 1103 707 1167 tiae,
753 1103 848 1156 sed
897 1103 1149 1156 similiter
1196 1118 1366 1155 unum
1418 1101 1665 1155 elIiciunt
1704 1116 1908 1168 corpus
1938 1099 1991 1152 in
2027 1098 2175 1168 ligno

601 1204 694 1247 aut
737 1195 920 1263 lapide
966 1194 1374 1264 particulariter
1428 1179 1670 1260 sumpto,
1714 1189 1861 1259 quod
1917 1197 2001 1242 est
2043 1187 2175 1241 sub-

601 1287 870 1340 sistentia.

666 1377 777 1431 Sed
807 1392 931 1430 cum
969 1376 1074 1431 hoc
1101 1376 1412 1446 exemplum
1432 1375 1682 1430 breviter
1706 1385 1760 1429 et
1787 1375 1953 1429 nimis
1980 1375 2174 1428 conl'u-

603 1484 660 1522 se
694 1468 1004 1522 adhibitum
1037 1468 1281 1532 videtur,
1312 1469 1642 1522 sumendum
1697 1467 1858 1521 nobis
1888 1477 1972 1521 est
1997 1482 2178 1521 exem-

605 1559 754 1627 plum
784 1558 838 1612 in
866 1557 1089 1612 homine
1123 1571 1227 1610 una
1263 1557 1624 1610 subsistentia
1661 1555 1913 1624 praedito.
1945 1555 2002 1608 ln
2032 1569 2174 1606 uno-

607 1664 827 1717 quoque
885 1657 1132 1702 nostrum
1197 1650 1390 1703 anima
1457 1649 1760 1702 substantia
1827 1647 1930 1700 alia
1979 1657 2062 1700 est
2117 1660 2179 1699 ac

612 1741 858 1809 corporis
890 1741 1234 1805 substantia;
1259 1740 1354 1795 sed
1389 1749 1568 1793 tamen
1606 1740 1686 1792 hae
1721 1739 1840 1792 dum
1858 1738 2178 1792 substantiae

602 1832 906 1900 conjuncta:
955 1832 1009 1884 in
1073 1832 1301 1901 singulis
1361 1848 1523 1886 unam
1578 1847 1865 1901 personam
1915 1831 2176 1888 elliciunt.

609 1921 758 1974 verbi
817 1922 1021 1990 gratia,
1085 1922 1350 1976 Joannem
1409 1907 1504 1976 aut
1562 1923 1790 1976 Paulum
1863 1931 1956 1975 aut
2008 1923 2175 1976 alium

604 2011 870 2078 quemvis,
903 2011 1022 2065 duae
1053 2022 1360 2066 manentes.
1405 2014 1521 2066 Non
1549 2013 1692 2065 enim
1720 2012 1899 2065 anima
1926 2012 2062 2065 facta
2097 2022 2180 2065 est

604 2117 756 2165 caro,
806 2119 987 2171 neque
1031 2119 1159 2157 caro
1193 2106 1371 2157 anima
1405 2103 1544 2158 facta
1571 2112 1673 2157 est.
1711 2103 1886 2170 Hujus
1915 2103 1992 2156 rei
2027 2105 2179 2156 testis

608 2202 691 2246 est
739 2192 940 2247 Paulus
986 2195 1235 2248 veritatis
1287 2211 1485 2264 praeco,
1534 2210 1656 2248 cum
1729 2195 1896 2258 dicit;
1961 2196 2180 2246 interior

606 2289 755 2338 homo
781 2297 827 2338 et
862 2289 1209 2353 exterior',ut
1237 2269 1603 2342 dill'erentiam
1633 2287 1900 2355 signiticet
1927 2288 2180 2340 substan-

609 2380 827 2431 tiarum.
889 2381 1127 2448 Vestigia
1165 2382 1284 2450 ejus
1323 2393 1546 2434 secutus
1587 2381 1824 2434 Joannes
1861 2379 2178 2433 Constanti-

606 2470 820 2537 nopolis
845 2471 1138 2539 episcopus
1162 2480 1216 2524 et
1237 2471 1510 2526 universae
1537 2471 1794 2524 Ecclesia:
1819 2471 2032 2534 doctor,
2053 2470 2180 2522 talia

607 2561 800 2614 scribit
833 2562 884 2614 in
913 2577 1012 2616 suo
1040 2564 1245 2631 scripto
1278 2577 1533 2616 sermone
1569 2562 1625 2615 ln
1651 2563 2044 2616 obscuritatem
2077 2561 2180 2614 Ve-

613 2655 746 2706 teris
797 2654 1158 2707 Testamenti.
1203 2655 1410 2724 Duplex
1432 2656 1569 2707 enim
1616 2654 1752 2706 illud
1795 2653 2000 2707 animal
2030 2654 2181 2705 homo

609 2745 810 2798 duabus
855 2756 1102 2800 constans
1156 2748 1484 2809 substantiis,
1538 2748 1790 2800 sentiente
1841 2765 1972 2810 una,
2009 2746 2182 2799 altera

609 2846 784 2890 autem
819 2840 1103 2908 cogitante,
1137 2842 1372 2892 animam
1426 2840 1538 2892 dico
1570 2848 1618 2892 et
1649 2855 1857 2910 corpus,
1889 2848 1936 2892 et
1970 2841 2024 2893 in
2056 2839 2181 2892 cazto

607 2939 655 2982 et
679 2930 732 2982 in
764 2938 907 2983 terra
941 2933 1304 3000 cognationem
1327 2931 1541 2984 habens.
1584 2929 1723 2984 Nam
1747 2947 1838 2999 per
1865 2932 2182 3000 cogitantem

2278 571 2359 606 σει
2389 558 2481 607 καὶ
2509 557 2889 622 ὲνυποστάτως
2913 558 3234 628 ἡνωμένων,
3258 559 3446 626 πόρρω
3466 555 3569 622 ’τῆς
3597 553 3863 622 ἀληθείας

2275 647 2632 719 καθέστηκεν.
2665 652 2819 702 Ἐστι
2849 652 2956 720 γὰρ
2988 651 3073 702 ὅτε
3102 649 3348 718 διάφοροι
3377 647 3567 714 φύσεις
3596 646 3862 715 συνερχόο

2279 757 2437 809 μεναι
2471 741 2612 792 κατὰ
2640 741 2737 810 τὴν
2764 742 3066 809 ἀδιαίρετον
3091 740 3306 801 ἕνωσιν,
3345 739 3400 790 ἓν
3429 739 3730 807 πρόσωπον
3765 737 3862 788 καὶ

2280 832 2408 899 μίαν
2435 831 2790 884 ἀποτελοῦσιν
2817 833 3134 893 ὑπόστασιν,
3160 834 3209 881 εί
3231 831 3297 880 τὰ
3321 831 3565 895 τέσσαρα
3592 831 3859 896 στοιχεῖα,

2275 923 2522 992 διάφοροι
2554 925 2894 993 ὑπάρχουσιν
2925 922 3124 983 οὐσίαι,
3159 921 3275 973 ἀλλ’
3301 922 3446 989 ὅμως
3477 919 3533 970 ἒν
3562 917 3861 971 ἀποτελοῦ-

2279 1033 2331 1067 σι
2367 1017 2522 1085 σῶμα
2553 1017 2706 1068 τοίδε
2735 1017 2897 1085 τυχὸν
2927 1017 3018 1068 τοῦ
3045 1015 3202 1080 ξύλου
3249 1015 3281 1084 ἢ
3321 1012 3469 1065 λίθου
3499 1010 3609 1063 τῶν
3639 1013 3697 1062 ὲν
3731 1010 3861 1061 [6:5-

2275 1125 2398 1176 τητι
2426 1110 2825 1178 θεωρουμένου,
2861 1111 2998 1177 ὅπερ
3024 1108 3172 1160 ἐστὶν
3202 1108 3517 1166 ὑπόστασις.

2310 1371 2314 1376 ’
2364 1373 2518 1424 Ἀλλ’
2565 1373 2797 1444 ἐπείπερ
2827 1373 3176 1444 παράδειγμα
3208 1375 3403 1444 κρᾶσιν
3432 1374 3579 1427 δοκεὶ
3613 1394 3728 1435 πως
3760 1378 3860 1444 ἐμ.-

2281 1463 2493 1531 φαίνειν
2526 1464 2619 1516 καὶ
2648 1466 2934 1534 σύγχυσιν,
2972 1465 3206 1534 ληπτέον
3233 1467 3365 1534 ἡμῖν
3393 1467 3452 1528 τρ
3480 1466 3621 1518 κατά
3649 1466 3742 1518 τὸν
3768 1469 3865 1520 ἄν·

2280 1555 2496 1626 θρωπον
2522 1557 2877 1627 παράδειγμα
2897 1558 2986 1608 τὸν
3010 1558 3068 1608 tv
3092 1559 3189 1627 μιᾷ
3211 1558 3532 1611 ὑποστάσειο
3559 1560 3618 1609 tv
3641 1559 3864 1626 ἑκάστῳ

2280 1649 2388 1718 γὰρ
2417 1649 2577 1717 ἡμῶν
2621 1649 2652 1717 ἡ
2688 1648 2844 1703 οὐσία
2877 1650 2975 1716 τῆς
3004 1649 3179 1718 ψυχῆς
3211 1649 3371 1718 ἑτέρα
3401 1651 3568 1714 ἐστὶν,
3615 1649 3691 1711 ὡς
3724 1652 3865 1717 πρὸς

2281 1738 2376 1808 τὴν
2423 1740 2612 1790 οὐσίαν
2659 1739 2752 1791 τοῦ
2805 1741 3075 1807 σώματος.
3120 1740 3259 1793 Ἀλλ’
3299 1743 3446 1810 ὅμως
3475 1743 3530 1794 αἱ
3555 1742 3650 1794 δύο
3677 1743 3864 1794 οὐσίαι

2285 1829 2636 1881 συνελθοῦσαι
2671 1831 2726 1881 tv
2755 1833 2864 1893 τοῖς
2894 1832 3014 1883 καθ’
3039 1831 3290 1895 ἕκαστον,
3325 1832 3381 1884 ἓν
3411 1833 3702 1903 πρόσωπον
3729 1836 3877 1885 ἀπορ-

2279 1920 2559 1984 τελοῦσιν,
2620 1922 2752 1992 φέρε
2799 1925 2974 1975 εἰπεῖν
3013 1924 3258 1977 Ἰωάννου
3306 1925 3338 1995 ἢ
3387 1926 3594 1978 Παύλου
3629 1927 3661 1996 ἢ
3697 1926 3863 1980 ἄλλον

2281 2014 2447 2074 τινος,
2481 2014 2734 2080 μείνασαι
2762 2013 2876 2068 δύο.
2913 2014 3050 2067 Οὑτε
3081 2015 3188 2087 γὰρ
3219 2015 3252 2086 ἡ
3279 2016 3424 2086 ψυχὴ
3460 2017 3595 2089 σὰρξ
3621 2019 3862 2085 ἐγένετο,

2281 2100 2404 2152 οὑτε
2456 2101 2560 2172 μὴν
2611 2104 2644 2172 ὴ
2690 2103 2826 2174 σάρξ
2861 2105 3008 2176 ψυχὴ
3040 2106 3295 2174 γέγονεν·
3341 2109 3548 2179 μάρτυς
3577 2110 3634 2162 δὲ
3667 2112 3861 2163 τούτου

2283 2191 2496 2255 Παῦλος
2542 2194 2570 2244 ό
2610 2196 2784 2264 κήρυξ
2814 2200 2911 2267 τῆς
2938 2199 3192 2266 ἀληθείας
3225 2201 3472 2268 φάσκων,
3516 2203 3570 2254 ’0
3602 2202 3726 2256 ἔσω
3752 2203 3860 2254 ἄν-

2283 2287 2513 2350 θρωπος
2562 2286 2660 2338 καὶ
2708 2291 2738 2340 ό
2778 2287 2926 2354 ἕξω,
2981 2289 3065 2342 ἵνα
3098 2291 3156 2344 τὸ
3188 2291 3441 2361 διάφορον
3478 2294 3717 2366 σημαίνῃ
3752 2295 3864 2346 τῶν

2282 2375 2510 2425 οὑσιῶν⁶
2547 2377 2722 2446 τούτῳ
2767 2379 2887 2430 κατ’
2924 2379 3068 2448 ῐχνος
3103 2381 3366 2450 ἑπόμενος
3399 2382 3669 2451 Ἰωάννης,
3700 2383 3730 2434 ὁ
3763 2385 3862 2452 τῆς

2284 2465 2905 2532 Κωνσταντινουπόλεως
2972 2470 3272 2533 ἐπίσκοπος
3343 2473 3438 2524 καὶ
3495 2472 3674 2542 πάσης
3741 2475 3863 2526 Ἐκ-

2284 2551 2513 2621 κλησίας
2552 2554 2906 2623 διδάσκαλος,
2947 2559 3170 2612 τοιαῦτα
3206 2561 3408 2630 γράφει
3460 2563 3517 2613 tv
3559 2561 3637 2631 τῷ
3667 2563 3860 2628 ἐπιγε-

2282 2645 2587 2716 γραμμένῳ
2609 2646 2749 2716 λόγῳ
2774 2649 2854 2710 εἰς
2877 2649 2972 2717 τὴν
2999 2649 3260 2716 ἀσάφειαν
3284 2650 3384 2719 τῆς
3408 2650 3646 2712 Παλαιᾶς
3667 2652 3862 2718 Διαθή-

2285 2753 2386 2804 κης
2410 2753 2422 2766 ·
2466 2739 2727 2792 Διπλοῦν
2756 2740 2865 2808 γὰρ
2894 2742 3069 2795 τοῦτο
3113 2742 3179 2794 τὸ
3210 2741 3369 2801 ζῶον-
3389 2745 3421 2794 ό
3445 2741 3755 2810 ἅνθρωπος
3793 2745 3862 2795 ἐι

2283 2826 2392 2881 δύο
2420 2831 2820 2898 συγκείμενον
2849 2831 3092 2894 οὐσιῶν,
3131 2831 3240 2899 τῆς
3262 2833 3375 2900 μὲν
3399 2832 3716 2898 αἰσθητῆς,
3752 2834 3862 2899 τῆν,-

2283 2915 2350 2968 δὲ
2372 2917 2615 2985 νοητῆς,
2645 2918 2874 2987 ψυχῆς,
2901 2920 3074 2988 λέγω,
3109 2921 3204 2973 καὶ
3230 2920 3521 2990 σώματος,
3543 2921 3640 2974 καὶ
3665 2923 3737 2975 ἐν
3760 2926 3861 2976 οὐ·

609 3023 961 3076 substantiam
983 3023 1333 3075 communicat
1360 3023 1601 3092 supernis
1622 3022 1920 3083 uirtutibus,
1950 3037 2040 3089 per
2061 3037 2180 3074 sen-

2285 3008 2446 3075 ρανῷ
2493 3009 2592 3061 καὶ
2639 3010 2707 3062 ἐν
2752 3009 2829 3079 γῇ
2875 3011 3234 3079 συγγένειαν
3262 3013 3434 3081 ἕχον.
3484 3013 3586 3066 Διά
3612 3016 3723 3082 γὰρ
3753 3013 3860 3080 τῆς

611 3117 844 3178 tientem,
883 3114 1212 3167 terrestribus
1235 3123 1573 3168 conversatur
1594 3115 1765 3180 rebus,
1794 3123 1999 3168 arctum
2018 3113 2180 3182 factus

2285 3099 2516 3167 νοητῆς
2540 3103 2756 3166 οὐσίας
2784 3103 3059 3157 κοινωνεῖ
3084 3103 3212 3170 ταῖς
3237 3105 3358 3158 ἀνω
3380 3105 3734 3173 δυνάμεσιν·
3767 3107 3861 3159 διὰ

609 3205 882 3272 utriusque
913 3205 1195 3257 creationis
1234 3202 1522 3256 vinculum.
1575 3204 1651 3258 ita
1694 3220 1824 3274 ergo
1875 3205 1929 3258 in
1963 3203 2184 3258 Christo

610 3297 842 3350 duarum
873 3297 1307 3350 substantiarum
1338 3297 1480 3351 facta
1504 3306 1586 3351 est
1616 3298 1748 3351 unio
1779 3299 1833 3352 in
1865 3313 2027 3351 unam
2051 3298 2185 3351 sub-

612 3389 920 3444 sistentiam
971 3400 1026 3443 et
1071 3406 1234 3443 unam
1290 3405 1614 3460 personam;
1661 3392 1765 3447 etsi
1823 3391 2057 3446 obscure
2091 3407 2188 3462 pcr

609 3482 856 3550 exempla
892 3480 1330 3552 demonstratum
1352 3483 1460 3547 sit';
1493 3499 1710 3538 omnem
1747 3484 1893 3537 enim
1923 3485 2185 3538 unionem

611 3568 797 3623 habita
849 3570 902 3622 in
953 3569 1176 3624 Christo
1207 3571 1497 3641 dispositio
1530 3587 1659 3627 vere
1693 3587 1960 3642 superans
1993 3572 2189 3628 buma-

611 3675 734 3713 nam
770 3659 907 3730 fugit
937 3661 1309 3715 collationem.

684 3921 790 3983 Sed
826 3922 1026 3976 iterum
1065 3922 1259 3976 iisdem
1283 3921 1606 3990 epidemicis
1644 3922 1874 3987 morbis,
1901 3933 1955 3978 et
1985 3938 2187 3978 secun-

611 4015 742 4068 dum
791 4015 1066 4068 rationem
1107 4015 1224 4067 luto
1274 4014 1540 4076 immersi,
1571 4013 1685 4067 hazc
1712 4013 1925 4068 diverse
1952 4021 2189 4082 prmten-

611 4107 769 4160 dunt.
821 4105 1021 4159 Dicunt
1068 4104 1258 4158 enim:
1305 4119 1413 4157 non
1473 4113 1555 4158 est
1595 4105 1898 4158 substantia
1951 4104 2190 4159 insubsi-

611 4209 798 4260 stens;
832 4196 1110 4266 quomodo
1141 4211 1272 4265 ergo
1301 4211 1409 4250 non
1443 4196 1738 4249 dicendum
1767 4197 1937 4267 estin
1969 4197 2186 4250 duabus

611 4290 1004 4352 subsistentiis,
1071 4289 1115 4343 si
1169 4288 1306 4343 duas
1350 4288 1682 4342 substantias
1724 4288 1948 4342 dicitis?
1991 4288 2185 4343 Videte

613 4383 917 4450 peritorum
950 4382 1148 4434 horum
1181 4382 1580 4451 ignorantiam;
1615 4383 1754 4434 hanc
1792 4382 1939 4435 enim
1989 4383 2183 4435 incon-

2288 3189 2356 3241 δὲ
2408 3189 2516 3257 τῆς
2563 3189 2856 3260 αἰσθητῆς
2883 3233 2897 3256 ,
2952 3192 3078 3259 τοῖς
3109 3195 3205 3246 ἐπὶ
3239 3191 3351 3264 γῆς
3381 3193 3685 3261 συνῆπται
3715 3197 3862 3263 πρά-

2288 3295 2531 3348 γμασιν,
2558 3282 2906 3351 σύνδεσμος
2930 3283 3014 3336 ὦν
3039 3285 3288 3354 ἀκριόὴς
3310 3285 3593 3354 ἑκατέρας
3615 3286 3725 3355 τῆς
3748 3283 3860 3342 κτί-

2286 3385 2459 3438 σεως.
2521 3372 2708 3437 Οὕτως
2734 3370 2826 3427 οὖν
2859 3376 2915 3427 ὲν
2932 3375 3153 3445 Χριστῷ
3167 3375 3274 3428 τῶν
3298 3375 3390 3428 sto
3416 3377 3612 3429 οὐσιῶν
3641 3378 3861 3444 γέγονεν

2286 3465 2478 3530 ἓνωσις
2513 3469 2593 3531 είς
2627 3469 2755 3535 μίαν
2784 3469 3082 3521 ὑπόστασιν
3112 3467 3207 3520 κα)⁸
3235 3467 3291 3521 ἓν
3319 3469 3612 3540 πρόσωπον
3639 3487 3651 3500 -
3689 3473 3738 3523 εί
3769 3471 3859 3523 καὶ

2287 3559 2546 3629 ἀμυδρῶς
2575 3559 2662 3614 διὰ
2688 3559 2798 3613 τῶν
2824 3559 3283 3630 παραδειγμάτων
3313 3560 3722 3614 ἀποδέδεικται·
3760 3563 3860 3615 πᾶ-

2289 3667 2387 3703 σαν
2435 3651 2544 3721 γὰρ
2589 3651 2784 3704 ἕνωσιν
2823 3653 2854 3720 ἡ
2889 3653 2946 3704 ὲν
2977 3651 3200 3723 Χριστῷ
3228 3652 3510 3720 οἰκονομία
3546 3652 3622 3714 ὡς
3648 3652 3859 3723 ἀληθῶς

2289 3743 2663 3812 ὑπεραίρουσα
2725 3745 2823 3810 τὴν
2881 3741 3231 3813 ἀνθρωπίνην
3277 3742 3646 3812 διαδιδράσκει
3693 3746 3858 3797 κατά-

2286 3832 2467 3902 ληψιν.

2361 3925 2522 3978 Ἀλλὰ
2544 3925 2703 3978 πάλιν
2732 3927 2841 3987 τοῖς
2866 3926 3049 3989 αὐτοῖς
3077 3924 3512 3995 ὲμφιλοχωροῦσι
3537 3928 3856 3996 νοσήμασιν,

2288 4019 2383 4070 καὶ
2415 4018 2554 4070 κατά
2582 4017 2671 4069 τὸν
2695 4017 2854 4084 λόγον
2883 4017 2960 4087 τῷ
2993 4017 3237 4088 βορὸόρῳ
3266 4019 3662 4088 ὲγκυλιόμενοι·
3692 4018 3858 4072 ταῦτα

2287 4111 2394 4180 γάρ
2426 4111 2587 4164 πάλιν
2620 4110 2890 4180 διαφόρως
2925 4110 3320 4178 προϐάλλονται
3344 4127 3356 4141 ·
3397 4111 3530 4178 φασὶ
3561 4111 3705 4180 γὰρ,
3751 4113 3856 4162 Οὐκ

2287 4203 2434 4258 ἐστιν
2455 4205 2606 4257 οὐσία
2631 4203 3020 4266 ἀνυπόστατος.
3050 4203 3170 4266 [Ιῶς
3195 4199 3286 4255 οὖν
3311 4203 3410 4255 οὐκ
3438 4205 3494 4254 ἐν
3517 4203 3608 4255 δύο
3631 4204 3859 4256 ὑποστά-

2289 4309 2405 4343 σεσι
2439 4293 2629 4362 ῥητέον
2650 4331 2664 4354 ,
2697 4293 2854 4360 εἴπερ
2887 4293 2996 4360 ἄρα
3025 4291 3116 4343 δύο
3141 4289 3327 4352 οὐσίας
3359 4291 3529 4357 φατες
3563 4291 3724 4358 ὁρᾶτε
3756 4293 3856 4341 τῶν

2289 4383 2514 4452 κομψῶν
2549 4383 2752 4436 τούτων
2779 4382 2876 4452 τὴν
2904 4384 3125 4449 ἄγνοιαν
3151 4396 3165 4411 '
3220 4383 3318 4452 τὴν
3363 4386 3471 4452 γάρ
3515 4383 3686 4450 αὐτὴν
3731 4384 3855 4450 ἡμῖν

610 4475 848 4528 siderate
897 4473 1139 4528 afferunt
1205 4474 1656 4543 propositionem,
1709 4475 1929 4528 nomina
1986 4475 2180 4527 iterum

2292 4474 2534 4544 ἀνοήτως
2583 4475 2876 4544 εἰσήγαγον
2926 4474 3228 4543 πρότασιν;
3287 4473 3354 4525 τὰ
3412 4474 3654 4542 ὀνόματα
3704 4473 3856 4525 πάλιν

613 4567 986 4617 immutantes.
1038 4563 1170 4628 Quae
1221 4572 1303 4617 cst
1351 4564 1498 4617 enim
1541 4563 1901 4618 substantiam
1939 4566 2082 4620 inter
2129 4575 2186 4621 et

612 4663 863 4707 naturam
915 4652 1263 4706 diderentia?
1322 4653 1468 4706 unde
1550 4654 1693 4708 idem
1739 4655 1898 4709 nobis
1930 4658 2093 4709 etiam
2127 4657 2181 4710 in

611 4763 666 4800 re
694 4747 945 4814 prmsenti
975 4761 1157 4800 sermo
1176 4747 1548 4816 suppleretur.
1573 4747 1820 4802 Dicerem
1851 4749 1996 4802 enim
2027 4749 2176 4802 istis:

610 4838 724 4892 Etsi
772 4837 1156 4891 consideretur
1183 4838 1237 4891 in
1263 4839 1696 4907 proprietatibus
1726 4839 2182 4895 cbaracteristicis

612 4929 775 4981 homo
803 4943 866 4979 ex
903 4927 1083 4980 anima
1126 4936 1182 4982 et
1213 4943 1444 4998 corpore
1476 4931 2026 5000 constans,plurimas
2058 4931 2188 4986 sul:-

611 5020 888 5073 sistentias
920 5029 974 5072 et
1003 5019 1273 5087 plurimos
1316 5021 1568 5075 homines
1606 5023 1758 5076 illum
1784 5021 1998 5076 eﬂicere
2030 5032 2188 5094 puta-

615 5117 714 5168 tis?
763 5109 1056 5168 Non-enim
1089 5113 1154 5166 ad
1198 5114 1251 5167 id
1294 5114 1540 5168 stultitiae
1568 5115 1812 5177 venistis,
1847 5125 1905 5168 ut
1932 5116 2188 5169 nesciatis

611 5205 775 5258 diam
807 5218 929 5257 esse
955 5204 1191 5256 animam
1224 5203 1277 5256 in
1317 5204 1620 5258 substantia
1648 5219 1710 5258 ac
1740 5220 1958 5274 corpus,
1994 5207 2185 5259 aliam-

611 5312 715 5364 quc
744 5311 943 5364 corpus
985 5295 1129 5348 circa
1163 5296 1524 5348 substantiam
1557 5295 1822 5348 rationem
1861 5313 2098 5350 servare.
2127 5296 2183 5350 Si

611 5399 790 5443 autem
816 5404 1044 5458 quasque
1088 5387 1394 5442 substantia
1429 5388 1730 5462 secundum
1762 5402 1858 5439 vos
1891 5389 2184 5455 particula-

615 5497 726 5532 rem
765 5479 1182 5534 subsistentiam
1237 5479 1742 5533 cbaracteristicam
1797 5479 2012 5547 recipit,
2072 5479 2182 5548 jam

614 5570 744 5622 mihi
777 5568 979 5622 unione
1000 5576 1171 5631 caret,
1205 5575 1260 5620 et
1286 5583 1428 5621 unus
1461 5568 1519 5620 tit
1546 5567 1676 5628 duo,
1705 5574 1761 5618 ut
1793 5566 1945 5618 vobis
1976 5576 2028 5618 et
2064 5566 2183 5619 ina-

614 5661 773 5714 nibus
806 5658 1206 5714 subtilitatibus
1235 5659 1412 5713 visum
1473 5659 1561 5711 sit.
1612 5658 1705 5710 Sin
1764 5667 1943 5710 autem
1989 5674 2091 5728 ego
2118 5675 2181 5713 ex

696 5771 705 5795 ι
750 5768 791 5821 n
818 5772 944 5827 Cor.
977 5777 1046 5837 iv,
1080 5767 1169 5822 ιδ.

2289 4565 2715 4630 ὑπαλλάξαντες.
2752 4564 2849 4626 Τίς
2889 4565 2987 4632 γάρ
3018 4563 3248 4632 διαφορὰ
3273 4562 3458 4624 οὐσίας
3489 4563 3584 4614 καὶ
3611 4562 3851 4629 φύσεωςς

2285 4660 2368 4720 τις
2395 4657 2451 4709 δὲ
2485 4655 2774 4725 προσώπου
2809 4654 3077 4722 προέστην
3109 4654 3166 4704 tv
3195 4651 3503 4722 χαρακτῆρι
3535 4650 3850 4712 ὑπόστασιν;

2287 4749 2450 4802 ’Ὅθεν
2489 4749 2515 4799 ό
2546 4746 2704 4808 αὐτὸς
2737 4747 2867 4813 ἡμῖν
2915 4745 3008 4795 καὶ
3053 4745 3145 4795 ἐπὶ
3188 4743 3279 4794 τοῦ
3331 4741 3592 4811 παρόντος
3638 4741 3852 4808 ἀρκέσει

2283 4842 2437 4909 λόγος
2464 4856 2477 4870 °
2515 4839 2722 4908 εἴποιμι
2756 4837 2860 4905 γὰρ
2896 4837 2960 4889 ἂν
2992 4836 3125 4907 πρὸς
3155 4835 3349 4889 αὐτούς
3375 4849 3389 4865 °
3429 4833 3536 4886 Καὶ
3566 4833 3610 4884 εί
3645 4833 3741 4902 μὲν
3770 4833 3852 4884 τὸν

2290 4932 2352 4982 ὲκ
2405 4929 2580 4998 ψυχῆς
2635 4929 2728 4980 καὶ
2777 4926 3028 4995 σώματος
3079 4926 3136 4979 tv
3188 4923 3471 4994 ἱδιώμασιν
3521 4940 3853 4993 χαρακτηρι-

2289 5024 2490 5083 πικοῖς
2519 5019 2722 5090 Θεωρού
2733 5037 2891 5090 μενον
2922 5019 3242 5088 ἄνθρωπον,
3300 5017 3500 5079 πολλὰς
3535 5015 3852 5074 ὑποστάσεις

2284 5115 2379 5168 καὶ
2429 5114 2656 5176 πολλοὺς
2707 5112 3025 5181 ἀνθρώπους
3065 5111 3274 5163 δοκεῖτε
3308 5113 3482 5161 ποιεῖν
3511 5125 3524 5173 ;
3566 5109 3625 5161 οὐ
3658 5109 3762 5176 γὰρ
3792 5108 3849 5176 δὴ

2287 5205 2534 5259 τοσοῦτον
2566 5204 2760 5273 ἠλίθιοι
2794 5202 3094 5270 πεφύκατε,
3131 5202 3271 5255 ὥστε
3302 5203 3514 5268 ἀγνοεῖν
3545 5201 3735 5268 ἑτέραν
3763 5199 3850 5268 μὲν

2293 5292 2430 5349 εἶναι
2465 5295 2581 5347 κατ’
2605 5295 2793 5347 οὐσίαν
2825 5299 2921 5364 τὴν
2948 5293 3124 5366 ψυχὴν
3157 5293 3288 5362 πρὸς
3315 5292 3372 5342 τὸ
3401 5292 3580 5359 σῶμα,
3599 5291 3780 5358 ἕτερον
3802 5288 3849 5338 δὲ

2291 5389 2352 5440 τὸ
2397 5387 2556 5455 σῶμα
2608 5388 2698 5439 τὸν
2746 5387 2876 5456 περὶ
2907 5386 3008 5454 τῆς
3033 5384 3219 5446 οὐσίας
3249 5382 3408 5449 λόγον
3435 5383 3651 5450 ἐπέχειν
3676 5396 3691 5412 ο
3733 5382 3776 5432 εί
3801 5378 3847 5428 δὲ

2294 5479 2494 5548 ἑκάστη
2522 5478 2677 5532 οὐσία
2705 5479 2826 5532 καθ’
2851 5479 2995 5544 ὑμᾶς
3022 5476 3194 5547 ίδικὴν
3215 5477 3513 5529 ὑπόστασιν
3535 5487 3853 5544 χαρακτηρι-

2296 5571 2485 5640 στικὴν
2539 5571 2894 5639 ἀναδέχεται,
2951 5568 3083 5621 κενά
3131 5586 3218 5636 μοι
3253 5568 3318 5621 τὰ
3344 5570 3439 5636 τῆς
3470 5567 3734 5625 ἑνώσεως,
3771 5566 3854 5614 καὶ

2293 5666 2320 5714 ό
2368 5657 2446 5724 εἷς
2496 5663 2687 5728 γέγονε
2734 5661 2849 5725 δύο,
2903 5663 2988 5714 ἵνα
3025 5663 3153 5731 ὑμῖν
3186 5661 3309 5729 δόξῃ
3347 5662 3438 5711 καὶ
3473 5661 3585 5720 τοῖς
3615 5656 3853 5726 ματαίας
