4110 6332
582 350 720 416 2951
1606 350 1669 417 S,
1710 345 2025 408 EULOGII
2064 343 2414 403 ABCHIEP.
2458 345 2833 409 ALEXAND.
3703 342 3859 406 2952

584 469 699 524 sive
725 464 1053 521 substantiis
1080 479 1202 535 quia:
1226 464 1530 519 secundum
1559 460 1969 517 subsistentiam
1995 458 2161 513 unita:

2269 457 2441 529 ὀρθῶς
2468 460 2613 530 ἔχειν
2645 463 2885 533 ἡγοῦμαι
2917 464 3009 517 τὸν
3038 462 3210 529 λόγον·
3248 462 3337 513 ἐπὶ
3353 459 3414 514 δὲ
3439 451 3548 513 τῶν
3571 459 3631 511 ἐν
3652 458 3859 511 συνθέ-

584 572 695 611 non
731 566 887 621 sunt;
933 563 988 609 at
1028 555 1218 624 procul
1259 556 1415 610 abest
1451 570 1481 607 a
1508 568 1660 617 vero,
1689 552 1735 606 si
1767 566 1948 606 sermo
1976 557 2060 604 est
2090 548 2157 602 de

2269 568 2346 604 σει
2375 555 2469 605 καὶ
2496 554 2875 619 ὲνυποστάτως
2899 555 3221 625 ήνωμένων,
3244 556 3433 625 πόρρω
3453 552 3556 619 τῆς
3582 550 3857 619 ἀληθείας

584 646 799 700 naturis
828 661 951 715 qua:
994 661 1092 715 per
1140 644 1594 714 compositionem
1625 654 1680 696 et
1718 641 1771 695 in
1799 638 2157 695 subsistentia

2269 644 2620 717 καθέστηκεν.
2651 649 2805 700 Ἐστι
2836 649 2942 717 γὰρ
2974 648 3062 700 ὅτε
3089 646 3334 715 διάφοροι
3362 644 3554 711 φύσεις
3582 642 3857 713 συνερχό-

584 736 935 805 copulantur.
988 736 1189 791 Verum
1232 731 1381 790 cniin
1424 735 1479 788 in
1510 735 1614 788 hoc
1642 740 1858 789 constat
1893 750 1906 784 :
1940 729 2160 800 quando

586 827 908 881 dill‘erentes
948 835 1167 881 natura:
1211 825 1537 880 indivisibili
1577 824 1779 878 unione
1817 822 2158 880 coadunatae.

586 933 748 973 unam
780 932 1069 987 personam
1096 926 1153 972 et
1183 932 1348 970 unam
1380 915 1793 971 subsistentiam
1824 912 2158 983 perﬁciunt;

586 1011 630 1064 si
664 1020 901 1081 quatuor
930 1010 1041 1065 sint
1072 1010 1365 1075 elementa,
1395 1010 1715 1064 ditl‘erentes
1745 1016 1874 1062 sunt
1900 1007 2159 1061 substan-

586 1099 694 1165 tiae,
739 1099 835 1153 sed
883 1099 1137 1155 similiter
1182 1115 1354 1153 unum
1404 1098 1653 1153 eﬂiciunt
1690 1112 1894 1166 corpus
1924 1096 1978 1149 in
2013 1095 2161 1165 ligno

587 1200 682 1245 aut
723 1191 907 1260 lapide
952 1191 1361 1265 particulariter
1414 1176 1658 1259 sumptu,
1700 1185 1848 1257 quod
1902 1194 1987 1241 est
2030 1184 2162 1238 sub-

587 1283 857 1338 sistentia‘.

652 1374 764 1429 Sed
793 1388 918 1428 cum
955 1373 1062 1429 hoc
1087 1372 1400 1444 exemplum
1417 1372 1670 1427 breviter
1692 1381 1747 1427 et
1773 1372 1940 1427 nimis
1966 1371 2162 1427 confu-

589 1481 648 1519 se
680 1465 991 1519 adhibitum
1023 1465 1267 1529 videtur,
1298 1466 1629 1520 sumendum
1683 1464 1845 1519 nobis
1874 1473 1959 1519 est
1983 1479 2165 1519 exem-

591 1556 742 1624 plum
770 1554 825 1610 in
851 1554 1076 1609 homine
1109 1568 1214 1607 una
1249 1554 1611 1608 subsistentia
1647 1552 1900 1622 praedito.
1930 1552 1989 1606 ln
2018 1558 2161 1604 uno-

593 1661 814 1715 quoque
872 1654 1120 1700 nostrum
1183 1646 1377 1700 animae
1442 1646 1748 1699 substantia
1813 1644 1917 1698 alia
1965 1653 2049 1697 est
2103 1657 2166 1696 ac

598 1738 845 1806 corporis
876 1737 1220 1802 substantia;
1245 1736 1340 1792 sed
1374 1745 1554 1790 tamen
1592 1737 1674 1790 hae
1707 1735 1827 1789 duae
1844 1734 2165 1789 substantiae

588 1828 893 1897 conjunctae
942 1828 996 1881 in
1060 1828 1289 1899 singulis
1346 1844 1510 1883 unam
1563 1844 1853 1898 personant
1900 1828 2163 1887 eliiciunt,

595 1917 746 1971 verbi
803 1917 1008 1987 gratia,
1070 1919 1337 1973 Joannem
1395 1902 1491 1974 aut
1548 1920 1778 1974 Paulum
1848 1928 1943 1973 aut
1994 1920 2162 1973 alium

590 2008 857 2075 quemvis,
888 2008 1010 2063 dua:
1038 2019 1347 2064 manentes.
1390 2010 1507 2063 Non
1535 2010 1679 2063 enim
1706 2009 1887 2063 anima
1912 2009 2049 2062 facta
2084 2018 2167 2063 est

591 2113 743 2163 caro,
792 2115 974 2168 neque
1017 2115 1145 2154 caro
1178 2102 1358 2155 anima
1390 2099 1531 2155 facta
1557 2109 1660 2155 est.
1697 2100 1872 2168 Hujus
1900 2100 1979 2154 rei
2014 2101 2166 2154 testis

594 2199 679 2243 est
726 2188 927 2244 Paulus
971 2192 1221 2246 veritatis
1272 2207 1471 2261 prmco,
1520 2207 1643 2271 cum
1715 2191 1883 2257 dicit;
1946 2193 2166 2244 interior

592 2285 742 2335 homo
767 2293 814 2336 et
848 2284 1196 2351 exterior‘,ut
1223 2284 1590 2339 din‘erentiam
1619 2284 1887 2353 signiticet
1913 2285 2167 2345 substan-

595 2376 814 2429 tiarum.
874 2377 1114 2446 Vestigia
1151 2378 1272 2447 ejus
1309 2389 1533 2432 secutus
1572 2378 1811 2431 Joannes
1847 2376 2165 2431 Constanti-

592 2467 807 2535 nopolis
831 2467 1125 2536 episcopus
1148 2477 1202 2521 et
1222 2468 1497 2522 universa
1521 2468 1781 2522 Ecclesiae
1804 2468 2018 2531 doctor,
2038 2467 2167 2520 talia

592 2557 786 2611 scribit
818 2558 871 2611 in
899 2574 999 2613 suo
1026 2560 1232 2629 scripto
1264 2558 1519 2614 sermone
1555 2559 1612 2613 In
1636 2559 2032 2614 obscuritatem
2061 2558 2167 2612 Ve-

598 2651 732 2703 teris
783 2651 1145 2729 Testamenti.
1189 2651 1396 2721 Duplex
1418 2653 1556 2705 enim
1602 2650 1739 2704 illud
1780 2650 1986 2704 animal
2016 2651 2167 2703 homo

594 2741 797 2795 duabus
841 2753 1089 2797 constans
1142 2744 1471 2807 substantiis,
1524 2745 1777 2798 sentiente
1828 2761 1958 2808 una,
1995 2743 2169 2796 altera

594 2842 771 2887 autem
805 2837 1090 2905 cogitante,
1122 2838 1359 2890 animam
1411 2837 1525 2890 dico
1555 2845 1605 2889 et
1634 2852 1844 2907 corpus,
1874 2845 1922 2890 et
1955 2838 2012 2890 in
2041 2836 2168 2890 cutio

594 2927 719 2980 etin
750 2932 894 2980 terra
927 2930 1290 2997 cognationem
1313 2928 1526 2982 habens.
1570 2925 1709 2981 Nam
1732 2943 1825 2997 per
1850 2929 2168 2998 cogitantem

2264 754 2424 807 μεναι
2457 737 2599 790 κατὰ
2626 737 2723 808 τὴν
2750 739 3053 807 ἀδιαίρετον
3077 737 3293 799 ἕνωσιν,
3330 735 3387 788 ἓν
3414 735 3715 805 πρόσωπον
3749 735 3856 786 καὶ

2266 829 2394 896 μίαν
2421 828 2777 881 ἀποτελοῦσιν
2802 830 3121 891 ὑπόστασιν,
3145 830 3195 879 εί
3217 828 3283 878 τά
3306 828 3553 893 τέσσαρα
3578 828 3852 893 στοιχεῖα,

2261 920 2509 989 διάφοροι
2541 922 2880 991 ὑπάρχουσιν
2910 919 3111 981 οὐσίαι,
3145 918 3261 971 ἀλλ’
3287 919 3434 987 ὅμως
3462 917 3521 968 ἐν
3548 915 3856 969 ἀποτελοῦ·

2264 1030 2318 1069 σι
2352 1014 2509 1083 σῶμα
2539 1013 2692 1067 τοῦδε
2721 1014 2883 1083 τυχὸν
2912 1013 3005 1066 τοῦ
3031 1012 3188 1078 ξύλου
3234 1012 3267 1082 ἢ
3307 1010 3455 1063 λίθου
3486 1007 3596 1061 τῶν
3625 1010 3683 1060 ὲν
3715 1007 3853 1060 ίδιὸο

2262 1122 2385 1175 τητι
2412 1106 2811 1176 θεωρουμένου,
2848 1107 2985 1175 ὅπερ
3011 1106 3159 1157 ἔστιν
3187 1105 3504 1164 ὑπόστασις.

2295 1367 2302 1375 ’
2350 1370 2505 1422 Ἀλλ’
2551 1369 2783 1441 ἐπείπερ
2813 1370 3161 1442 παράδειγμα
3190 1373 3390 1442 κρᾶσιν
3417 1371 3566 1425 δοκεὶ
3598 1391 3713 1434 πως
3743 1375 3852 1442 ἔμε

2266 1460 2480 1529 φαίνειν
2512 1461 2606 1514 καὶ
2634 1462 2920 1532 σύγχυσιν,
2958 1462 3191 1533 ληπτέον
3219 1464 3351 1532 ἡμῖν
3378 1463 3439 1526 τὸ
3466 1463 3608 1516 κατὰ
3633 1463 3726 1516 τὸν
3750 1467 3858 1518 άν-

2266 1552 2483 1623 θρωπον
2508 1553 2864 1625 παράδειγμα
2882 1555 2973 1607 τὸν
2996 1555 3054 1606 iv
3078 1557 3174 1625 μιᾷ
3196 1555 3520 1609 ὑποστάσειθ
3545 1557 3605 1608 ὲν
3626 1556 3858 1625 ἑκάστῳ

2266 1646 2375 1715 γάρ
2403 1646 2564 1714 ἡμῶν
2607 1647 2639 1716 ἠ
2674 1646 2830 1701 οὐσία
2863 1648 2962 1715 τῆς
2990 1644 3165 1716 ψυχῆς
3196 1647 3358 1716 ἑτέρα
3386 1648 3555 1713 ἐστὶν,
3600 1646 3676 1709 ὡς
3708 1649 3856 1716 πρὸς

2266 1735 2364 1806 τὴν
2410 1737 2599 1788 οὐσίαν
2645 1737 2739 1789 τοῦ
2790 1738 3062 1806 σώματος.
3105 1737 3245 1792 Ἀλλ’
3284 1740 3441 1808 ὅμως
3462 1740 3518 1792 αἱ
3542 1738 3635 1793 δύο
3662 1741 3856 1793 οὐσίαι

2271 1826 2622 1879 συνελθοῦσαι
2657 1829 2713 1879 ὲν
2739 1830 2851 1891 τοϊς
2880 1830 3000 1881 καθ’
3025 1828 3277 1893 ἕκαστον,
3310 1830 3369 1883 ἓν
3398 1830 3687 1901 πρόσωπον
3714 1834 3871 1883 ἀπο-ί

2266 1917 2546 1982 τελοῦσιν,
2606 1918 2739 1991 φέρε
2785 1922 2960 1973 εἰπεῖν
2998 1920 3245 1975 Ἰωάννου
3291 1920 3324 1994 ἢ
3372 1923 3581 1976 Παύλου
3610 1924 3646 1993 ,ἢ
3680 1923 3855 1978 ἄλλου

2266 2011 2434 2072 τινὸς,
2468 2010 2720 2077 μείνασαι
2747 2010 2862 2065 δύο.
2899 2011 3036 2065 Οὔτε
3065 2013 3174 2085 γὰρ
3204 2013 3237 2083 ἢ
3264 2013 3411 2085 ψυχὴ
3446 2014 3582 2087 σὰρξ
3606 2016 3854 2083 ἐγένετο,

2266 2098 2391 2150 οὕτε
2442 2098 2547 2169 μὴν
2597 2100 2630 2171 ἡ
2675 2100 2812 2172 σὰρξ
2846 2102 2994 2174 ψυχὴ
3026 2103 3281 2172 γέγονεν·
3326 2107 3535 2177 μάρτυς
3563 2107 3619 2160 δὲ
3650 2108 3853 2161 τούτου

2267 2188 2483 2253 Παῦλος
2528 2191 2557 2243 ό
2596 2193 2771 2261 κῆρυξ
2800 2197 2897 2264 τῆς
2924 2195 3178 2264 ἀληθείας
3209 2198 3465 2269 φάσκων,
3503 2200 3556 2252 Ὀ
3587 2199 3711 2253 ἔσω
3737 2200 3852 2253 dr-

2269 2284 2500 2348 θριυπος
2548 2284 2647 2336 καὶ
2694 2288 2725 2338 d
2763 2284 2913 2352 ἔξω,
2966 2286 3051 2340 ἵνα
3082 2288 3141 2341 τὸ
3173 2288 3427 2363 διάφορον
3463 2290 3702 2364 σημαίνῃ
3737 2292 3857 2344 τῶν

2250 2372 2497 2443 οὐσιῶν·
2533 2372 2709 2443 τούτῳ
2753 2376 2873 2429 κατ’
2910 2377 3054 2446 ῐχνος
3088 2378 3352 2448 ἑπόμενος
3384 2379 3654 2449 Ἰωάννης,
3686 2380 3716 2432 ό
3748 2382 3855 2451 τῆς

2268 2462 2892 2529 Κωνσταντινουπόλεως
2958 2466 3258 2532 ἐπίσκοπος
3329 2469 3424 2522 καὶ
3480 2470 3660 2540 πάσης
3725 2472 3855 2523 Ἐκ-

2270 2548 2499 2619 κλησίας
2538 2551 2893 2620 διδάσκαλος,
2932 2557 3157 2610 τοιαῦτα
3191 2542 3394 2627 γράφει
3445 2560 3504 2611 ὲν
3545 2558 3623 2629 τῷ
3652 2560 3852 2627 ὶπιγε-

2268 2642 2573 2713 γραμμὲνῳ
2594 2643 2735 2714 λόγῳ
2759 2646 2841 2707 είς
2862 2645 2959 2715 τὴν
2984 2646 3246 2714 ἀσάφειαν
3269 2648 3370 2717 τῆς
3394 2647 3632 2711 Παλαιᾶς
3651 2648 3853 2716 Διαθή-

2270 2750 2371 2802 κης
2396 2750 2409 2764 ·
2451 2732 2713 2790 Διπλοῦν
2740 2737 2851 2805 γὰρ
2880 2739 3056 2792 τοῦτο
3099 2740 3165 2791 τό
3196 2738 3354 2799 ζῶον-
3374 2742 3408 2793 ό
3431 2738 3741 2808 ἄνθρωπος
3778 2742 3853 2793 ἐκ

2269 2822 2379 2879 δύο
2405 2827 2807 2896 συγκείμενον
2834 2828 3078 2893 οὐσιῶν,
3117 2828 3227 2897 τῆς
3246 2830 3361 2898 μὲν
3385 2830 3701 2896 αἰσθητῆς,
3737 2830 3854 2898 τῆς

2268 2912 2337 2965 δὲ
2357 2914 2601 2983 νοητῆς,
2630 2915 2860 2985 ψυχῆς,
2886 2917 3061 2987 λέγω,
3094 2917 3191 2970 καί
3216 2917 3507 2987 σώματος,
3528 2918 3626 2972 καί
3650 2920 3723 2973 ἐν
3744 2922 3852 2974 οὐ-

594 3019 948 3073 substantiam
969 3020 1320 3073 communicat
1345 3019 1587 3090 supernis
1608 3018 1907 3082 virtutibus,
1936 3034 2027 3087 per
2046 3034 2167 3072 sen-

2269 3005 2432 3073 ρανῷ
2479 3006 2578 3059 καὶ
2624 3006 2693 3059 ἐν
2738 3005 2816 3077 γῆ
2861 3008 3220 3077 συγγένειαν
3247 3010 3420 3079 ἕχον.
3470 3010 3572 3064 Διὰ
3597 3012 3709 3081 γὰρ
3738 3010 3853 3078 τῆς

596 3112 831 3176 tientem,
868 3110 1199 3164 terrestribus
1221 3119 1560 3165 conversatur
1580 3111 1752 3177 rebus,
1779 3120 1986 3165 arctam
2004 3110 2167 3179 factus

2269 3097 2499 3166 νοητῆς
2526 3100 2742 3165 οὐσίας
2770 3100 3046 3155 κοινωνεῖ
3068 3100 3198 3167 ταῖς
3223 3101 3345 3155 dra:
3366 3103 3720 3171 δυνάμεσιν·
3752 3104 3853 3157 διὰ

595 3201 869 3270 utriusque
899 3201 1181 3255 creationis
1220 3198 1508 3253 vinculum.
1560 3200 1638 3255 Ita
1679 3216 1811 3272 ergo
1860 3201 1916 3256 in
1948 3199 2171 3257 Christo

595 3294 829 3347 duarum
858 3278 1293 3348 substantiarum
1324 3294 1466 3348 facta
1489 3303 1572 3349 est
1602 3294 1734 3348 unio
1764 3295 1820 3349 in
1850 3310 2014 3348 unam
2037 3295 2170 3348 sub-

597 3386 908 3441 sistentiam
957 3396 1013 3440 et
1056 3401 1221 3441 unam
1276 3402 1601 3457 personam;
1647 3388 1751 3445 etsi
1808 3387 2043 3444 obscure
2077 3402 2174 3459 per

594 3478 843 3547 exempla
878 3476 1317 3555 demonstratum
1337 3480 1447 3545 sitf;
1479 3495 1697 3535 omnem
1732 3480 1879 3534 enim
1910 3481 2172 3536 unionem

597 3565 783 3620 habita
834 3566 889 3620 in
939 3565 1162 3621 Christo
1193 3568 1483 3638 dispositio
1516 3584 1645 3625 vere
1678 3584 1946 3639 superans
1980 3569 2175 3624 buma-

596 3672 721 3711 nam
756 3656 893 3727 fugit
923 3657 1295 3712 collationem.

669 3918 777 3981 Sed
812 3918 1012 3973 iterum
1050 3918 1245 3973 iisdem
1268 3918 1592 3989 epidemicis
1630 3918 1860 3985 morbis,
1886 3930 1941 3975 et
1970 3934 2173 3975 secun-

596 4010 728 4066 dum
776 4011 1052 4065 rationem
1092 4010 1210 4065 luto
1260 4010 1527 4074 immersi,
1556 4010 1672 4065 haec
1698 4010 1912 4065 diverse
1938 4018 2175 4079 praeten-

596 4104 755 4157 dunt.
806 4102 1007 4156 Dicunt
1053 4101 1245 4156 enim:
1290 4116 1400 4155 non
1459 4110 1542 4155 est
1581 4094 1885 4155 substantia
1937 4100 2175 4156 insubsi-

596 4205 784 4258 stens;
818 4192 1096 4263 quomodo
1126 4207 1258 4263 ergo
1286 4207 1396 4247 non
1428 4192 1724 4247 dicendum
1753 4200 1850 4264 εει,
1867 4193 1924 4247 in
1954 4192 2173 4247 duabus

596 4286 990 4349 subsistentiis,
1056 4286 1102 4340 si
1154 4285 1292 4341 duas
1336 4284 1669 4341 substantias
1709 4284 1934 4340 dicitis?
1976 4284 2171 4341 Videte

598 4379 903 4448 peritorum
935 4379 1135 4432 horum
1166 4378 1567 4448 ignorantiam;
1600 4379 1740 4431 hanc
1777 4378 1925 4433 enim
1975 4379 2169 4433 incon-

2274 3186 2343 3239 δὲ
2393 3185 2502 3255 τῆς
2549 3186 2843 3258 αἰσθητῆς
2867 3230 2883 3254 ,
2936 3188 3064 3257 τοῖς
3094 3191 3191 3244 ἐπὶ
3224 3188 3337 3261 γῆς
3366 3191 3671 3260 συνῆπται
3699 3194 3854 3261 πρά-

2273 3292 2517 3345 γμασιν,
2544 3278 2893 3349 σύνδεσμος
2915 3280 3001 3334 ὢν
3024 3282 3274 3353 άκριόιὴς
3295 3282 3579 3352 ἑκατέρας
3599 3283 3711 3353 τῆς
3732 3280 3850 3341 κτί-

2272 3382 2445 3435 σεως.
2507 3368 2695 3435 Οὕτως
2719 3367 2813 3425 οὖν
2844 3373 2901 3425 ἐν
2918 3371 3139 3443 Χριστῷ
3152 3373 3260 3426 τῶν
3283 3372 3377 3427 δύο
3401 3373 3598 3427 οὐσιῶν
3625 3375 3851 3442 γέγονεν

2272 3462 2465 3527 ῑνωσις
2499 3466 2579 3528 εἰς
2612 3466 2742 3533 μίαν
2769 3466 3067 3519 ὑπόστασιν
3098 3465 3193 3518 καὶ
3219 3463 3277 3519 ἓν
3304 3466 3597 3537 πρόσωπον
3622 3484 3637 3499 ’
3674 3470 3725 3521 εί
3754 3469 3851 3521 καὶ

2273 3555 2532 3626 ἀμυδρῶς
2561 3556 2649 3611 διὰ
2674 3556 2784 3611 τῶν
2810 3556 3270 3628 παραδειγμάτων
3299 3557 3708 3612 ἀποδέδεικταιο
3745 3561 3851 3613 πᾶ-

2274 3663 2374 3699 σαν
2421 3647 2531 3718 γὰρ
2575 3647 2771 3701 ἕνωσιν
2808 3650 2840 3718 ἡ
2874 3650 2932 3701 ὲν
2963 3648 3186 3725 Χριστῷ
3213 3649 3496 3718 οἰκονομία
3531 3649 3607 3713 ὡς
3633 3649 3850 3721 άληθῶς

2273 3739 2649 3809 ὑπεραίρουσα
2710 3741 2809 3807 τὴν
2866 3738 3217 3811 ἀνθρωπίνην
3263 3739 3631 3811 διαδιδράσκει
3677 3743 3847 3795 κατά-

2270 3828 2454 3885 ληὼιν.

2386 3851 2454 3885 ιν.

2306 3832 2509 3976 “tyana
2530 3921 2690 3976 πάλιν
2717 3924 2827 3984 τοῖς
2852 3923 3034 3988 αὐτοῖς
3062 3921 3499 3993 ὲμφιλοχωροῦσι
3522 3925 3845 3994 νοσήμασιν,

2226 4080 2233 4083 Α
2273 4015 2369 4068 καὶ
2400 4015 2540 4067 κατὰ
2568 4014 2657 4067 τὸν
2681 4013 2840 4082 λόγον
2868 4014 2946 4085 τῷ
2978 4014 3224 4085 βορόόρῳ
3251 4015 3647 4085 ὲγκυλιόμενοι·
3676 4016 3847 4069 ταῦτα

2272 4108 2380 4177 γὰρ
2411 4107 2573 4161 πάλιν
2606 4108 2877 4179 διαφόρως
2910 4106 3307 4176 προϐάλλονται
3330 4124 3344 4138 ι
3382 4109 3516 4176 φασὶ
3546 4108 3690 4177 γὰρ,
3736 4109 3846 4160 οὐκ

2272 4200 2419 4255 ἐστιν
2441 4201 2592 4255 οὐσία
2617 4200 3006 4263 ἀνυπόστατος.
3035 4200 3157 4263 Πῶς
3180 4196 3273 4253 οὖν
3297 4200 3396 4253 οὐκ
3423 4202 3479 4251 ἐν
3503 4199 3593 4252 δύο
3616 4201 3847 4253 ὑποστά-

2274 4305 2391 4340 σεσι
2424 4289 2615 4358 ῥητέον
2636 4328 2650 4351 ,
2682 4289 2841 4357 εἴπερ
2872 4289 2981 4357 ἄρα
3010 4286 3103 4340 δύο
3127 4286 3314 4350 οὐσίας
3344 4287 3515 4355 φατές
3547 4287 3710 4356 ὁρᾶτε
3741 4290 3845 4339 τῶν

2274 4380 2501 4449 κομψῶν
2534 4379 2738 4433 τούτων
2764 4378 2862 4450 τὴν
2889 4380 3111 4446 ἄγνοιαν
3136 4392 3152 4408 ο
3205 4379 3305 4449 τὴν
3349 4382 3457 4449 γὰρ
3499 4379 3671 4447 αὐτὴν
3716 4380 3844 4448 ἡμῖν

595 4471 834 4525 siderate
882 4470 1125 4526 aﬂ‘erunt
1191 4470 1642 4541 pr0positionem,
1694 4471 1916 4525 nomina
1971 4472 2167 4525 iterum

2277 4470 2520 4540 ἀνοήτως
2568 4471 2862 4542 εἰσήγαγον
2910 4470 3214 4540 πρότασιν;
3272 4470 3340 4522 τὰ
3397 4470 3640 4539 ὀνόματα
3688 4470 3846 4523 πάλιν

598 4563 972 4614 iinmutantes.
1023 4559 1155 4625 Quae
1206 4567 1289 4614 cst
1336 4560 1484 4614 enim
1526 4559 1889 4616 substantiam
1924 4562 2067 4617 inter
2114 4570 2172 4619 et

597 4659 849 4704 naturam
886 4648 1249 4703 differentia?
1307 4649 1454 4703 unde
1535 4650 1680 4705 idem
1724 4651 1884 4706 nobis
1915 4654 2079 4707 etiam
2112 4654 2167 4707 in

595 4759 653 4797 re
678 4744 932 4811 prazsenti
960 4757 1144 4797 sermo
1161 4743 1534 4813 suppleretur.
1558 4743 1806 4798 Dicerem
1837 4745 1983 4799 enim
2012 4745 2163 4799 istis:

2274 4561 2701 4628 ὑπαλλάξαντες.
2737 4560 2835 4623 Τίς
2872 4560 2973 4629 γὰρ
3003 4560 3234 4629 διαφορὰ
3259 4559 3444 4622 οὐσίας
3474 4559 3569 4612 καὶ
3596 4558 3841 4627 φύσεωςς

2270 4656 2354 4717 τίς
2380 4654 2437 4707 δὲ
2471 4651 2760 4722 προσώπου
2794 4650 3063 4720 προέστην
3094 4650 3152 4701 ὲν
3180 4648 3489 4719 χαρακτῆρι
3520 4647 3839 4711 ὑπόστασιν;

2272 4746 2437 4800 Ὅθεν
2473 4745 2501 4796 ὁ
2531 4742 2691 4806 αὐτὸς
2722 4742 2853 4811 ἡμῖν
2901 4742 2995 4793 καὶ
3037 4742 3130 4792 ἐπὶ
3173 4739 3266 4792 τοῦ
3316 4738 3577 4808 παρόντος
3623 4738 3841 4806 ἀρκέσει

595 4835 709 4889 Etsi
756 4833 1142 4889 consideretur
1168 4835 1223 4889 in
1248 4834 1682 4905 proprietatibus
1711 4835 2167 4892 cbaracleristicis

2269 4839 2423 4906 λόγος
2449 4853 2463 4866 ο
2500 4835 2708 4905 εἴποιμι
2741 4833 2846 4903 γὰρ
2881 4835 2946 4886 ἂν
2977 4833 3111 4904 πρὸς
3140 4831 3335 4886 αὐτούς
3360 4846 3376 4862 ο
3415 4830 3521 4884 Καὶ
3550 4830 3595 4881 εί
3631 4831 3727 4900 μὲν
3755 4829 3842 4882 τὸν

596 4925 761 4978 homo
788 4939 853 4977 ex
888 4925 1069 4978 anima
1111 4932 1168 4979 et
1198 4939 1430 4995 corpore
1462 4928 2012 4998 constans,plurimas
2043 4928 2174 4983 sul:-

596 5016 874 5079 sistentias
906 5025 960 5069 et
988 5015 1259 5084 plurimos
1300 5017 1554 5072 homines
1590 5018 1745 5073 illum
1769 5018 2175 5091 enicet-epula-

600 5112 701 5166 tis?
748 5105 1042 5165 Non-eniin
1074 5109 1140 5163 ad
1182 5110 1236 5165 id
1279 5111 1526 5165 stultitiae
1552 5110 1797 5174 venistis,
1832 5120 1891 5165 ut
1917 5113 2175 5167 nesciatis

596 5201 761 5255 aliam
792 5214 915 5254 esse
940 5200 1177 5253 animam
1209 5200 1263 5254 in
1302 5200 1606 5255 substantia
1634 5215 1697 5255 ac
1725 5216 1945 5271 corpus.
1978 5203 2171 5257 aliam-

596 5308 701 5361 que
729 5307 929 5363 corpus
970 5292 1115 5346 circa
1148 5292 1510 5346 substantiam
1542 5291 1809 5346 rationem
1846 5308 2084 5347 servare.
2112 5292 2169 5347 Si

596 5395 776 5440 autem
801 5400 1031 5455 quasque
1073 5384 1380 5439 substantia
1414 5384 1716 5459 secundum
1742 5366 1844 5437 vos
1876 5385 2171 5453 particula-

600 5493 712 5530 rcm
751 5475 1167 5531 subsistentiam
1222 5475 1728 5531 characteristicam
1782 5475 1998 5545 recipit,
2058 5476 2168 5545 jam

599 5566 730 5619 mibi
762 5564 966 5619 unione
985 5572 1157 5628 caret,
1189 5572 1246 5617 et
1271 5579 1414 5619 unus
1445 5565 1505 5618 lit
1531 5564 1661 5626 duo,
1690 5570 1748 5616 ut
1778 5562 1932 5616 vobis
1961 5572 2015 5616 et
2048 5563 2169 5616 ina-

598 5658 759 5710 nibus
791 5642 1192 5711 subtilitatibus
1220 5656 1398 5711 visum
1458 5655 1547 5709 sit.
1573 5654 1690 5715 ,Sin
1749 5664 1929 5709 autem
1975 5670 2076 5726 ego
2103 5671 2167 5711 ex

680 5768 692 5792 ι
735 5764 777 5818 n
803 5768 930 5824 Cor.
963 5773 1033 5834 iv,
1065 5763 1155 5819 ts.

2275 4928 2338 4978 ὲκ
2390 4925 2565 4996 ψυχῆς
2620 4925 2714 4977 καὶ
2762 4922 3014 4993 σώματος
3064 4923 3122 4976 ὲν
3173 4920 3457 4992 ἰδιώμασιν
3506 4937 3843 4991 χαρακτηρι-

2274 5021 2475 5080 στικοῑς
2504 5016 2877 5088 θεωρούμενον
2907 5015 3228 5086 ἄνθρωπον,
3285 5014 3486 5077 πολλὰς
3520 5012 3842 5074 ὑποστάσεις

2269 5111 2364 5165 καὶ
2414 5110 2642 5173 πολλοὺς
2692 5108 3011 5179 ἀνθρώπους
3050 5108 3259 5161 δοκεῖτε
3293 5110 3510 5170 ποιεῖν;
3550 5106 3611 5158 οὐ
3643 5105 3749 5175 γὰρ
3778 5107 3841 5175 δὴ

2272 5201 2520 5256 τοσοῦτον
2551 5200 2745 5271 ἠλίθιοι
2779 5198 3081 5268 πεφύκατε,
3117 5198 3258 5253 ὥστε
3287 5200 3499 5265 ἀγνοεῖν
3530 5198 3722 5267 ἑτέραν
3749 5196 3841 5266 μὲν

2278 5288 2417 5347 εἶναι
2450 5293 2567 5345 κατ’
2591 5292 2779 5345 οὐσίαν
2810 5295 2907 5362 τὴν
2933 5290 3109 5364 ψυχὴν
3140 5289 3275 5360 πρὸς
3300 5288 3358 5340 τὸ
3386 5289 3565 5356 σῶμα,
3583 5288 3767 5356 ἕτερον
3789 5285 3841 5337 δὲ

2277 5385 2338 5437 τὸ
2382 5383 2542 5453 σῶμα
2593 5384 2684 5436 τὸν
2731 5383 2861 5453 περὶ
2891 5382 2994 5452 τῆς
3018 5380 3205 5444 οὐσίας
3234 5378 3394 5445 λόγον
3421 5379 3638 5447 ἐπέχειν
3661 5392 3677 5409 '
3718 5378 3764 5429 εί
3789 5376 3841 5428 δὲ

2279 5476 2480 5546 ἑκάστη
2507 5475 2662 5529 οὐσία
2691 5475 2811 5530 καθ’
2836 5475 2982 5542 ὑμᾶς
3008 5473 3178 5544 ίδικὴν
3199 5474 3498 5525 ὑπόστασιν
3520 5485 3846 5541 χαρακτηρι-

2281 5568 2471 5637 στικὴν
2523 5567 2843 5637 ἀναδέχεται
2864 5603 2878 5627 .
2936 5550 3068 5619 κενά
3115 5582 3203 5634 μοι
3237 5564 3303 5619 τὰ
3328 5566 3425 5633 τῆς
3454 5562 3723 5624 ἑνώσεως,
3758 5565 3847 5613 καὶ

2278 5662 2306 5712 ὁ
2353 5655 2431 5721 εἷς
2482 5660 2674 5727 γέγονε
2718 5658 2835 5724 δύο,
2888 5660 2974 5712 ἵνα
3010 5659 3138 5729 ὑμῖν
3170 5656 3295 5727 δόξῃ
3331 5658 3422 5709 καὶ
3458 5658 3572 5717 τοις
3601 5654 3845 5724 ματαίας
