4110 6332
677 339 817 400 2035

1714 331 1771 393 S.
1807 332 2123 397 EULOGJI
2155 338 2511 400 ARCHIEP.
2550 340 2929 403 ALEXAND.

3794 343 3923 404 2956

674 459 984 521 spectatur,
1017 460 1075 505 ut
1100 458 1383 506 ostensum
1405 464 1509 505 εει.
1539 448 1595 504 Si
1622 448 1789 520 igitur
1806 457 2060 504 naturam
2087 464 2243 504 unam

2353 450 2537 522 νουὴλ,
2562 450 2699 519 ὅπερ
2719 450 2819 504 οὐκ
2845 451 2982 506 εστι.
3005 452 3153 524 Μηδὲ
3173 452 3427 507 τοσοῦτον
3444 453 3922 527 παραφρονήσειαν

673 542 943 598 ambabus
992 541 1253 597 constitui
1307 539 1598 605 alﬁrment,
1628 541 1880 596 essentia
1910 540 2156 611 ejusdem
2186 556 2249 597 ac

675 636 999 690 Emmanuel
1040 634 1134 689 alii
1184 642 1468 688 consortes
1516 640 1702 697 erunt,
1729 632 1876 702 quod
1912 647 2103 687 verum
2136 648 2248 688 non

2358 542 2407 594 οί
2440 541 2533 593 νῦν
2584 541 2941 609 συκοφάνται,
2970 544 3019 594 εί
3050 543 3143 595 καὶ
3195 542 3317 595 λίαν
3369 542 3632 615 θεομάχοι
3694 545 3790 597 καὶ
3832 543 3923 611 τῆς

2355 631 2615 701 ἀληθείας
2640 631 2828 702 ἐχθροὶ
2854 631 3251 703 καθεστήκασι.

672 738 777 783 est.
811 727 921 783 Nec
954 728 1043 782 isti
1082 726 1456 799 sycophanta,
1502 726 1810 795 quamlibet
1873 725 1985 782 Deo
2042 727 2249 782 bellum
2288 726 2549 791 inferant,
2579 740 2647 779 eo
2682 726 2937 780 amentia
2963 727 3332 792 venerint,-ut
3360 736 3415 783 et
3443 722 3561 782 hoc
3584 736 3854 783 astruant.

1064 839 1133 894 Et
1175 839 1490 909 quibusdam
1521 840 1807 910 interjectt's
1841 858 1860 894 :

745 930 1177 995 Humanitatem,
1212 931 1341 1000 quia
1366 946 1433 985 ex
1469 930 1703 985 diversis
1751 931 1916 985 rebus
1943 931 2248 1000 composita

671 1034 778 1089 est,
814 1023 979 1078 unius
1007 1023 1263 1077 essentia
1318 1023 1586 1086 dicimus,
1648 1037 1757 1075 non
1808 1022 2029 1090 quidem
2062 1023 2247 1076 habita

671 1117 889 1170 ratione
932 1115 1127 1169 anima
1160 1122 1217 1168 et
1262 1114 1529 1182 corporis,
1564 1112 1686 1166 sed
1713 1114 1886 1182 magis
1933 1116 2053 1181 ejus
2100 1114 2247 1182 quod

672 1221 965 1263 commune
986 1214 1103 1271 est;
1127 1208 1330 1275 quippe
1347 1220 1471 1259 cum
1501 1205 1555 1257 in
1578 1204 1837 1259 omnibus
1858 1221 1980 1273 qua
1999 1206 2246 1275 ejusdem

672 1298 1085 1368 speciei.sunt,
1130 1295 1500 1349 communiter
1545 1294 1947 1348 consideretur.
1982 1294 2117 1349 Nam
2156 1309 2246 1348 es-

674 1382 1145 1444 sentiadeﬁnitio
1174 1386 1291 1440 hac
1343 1394 1449 1449 est,
1510 1400 1676 1454 quam
1730 1384 1969 1438 Basilius
2021 1383 2249 1439 tradidit

670 1478 909 1534 dicendo
963 1475 1477 1543 :Quemadmodum
1533 1489 1825 1529 commune
1878 1489 1935 1527 se
1970 1474 2138 1528 habet
2177 1473 2245 1526 ad

670 1570 1026 1641 particulare,
1048 1568 1127 1623 sic
1161 1566 1400 1622 essentia
1441 1564 1509 1619 ad
1534 1565 1887 1635 hypostasim.
1913 1563 2085 1633 igitur
2108 1564 2247 1617 ratio

671 1660 1085 1716 communitatis
1146 1658 1566 1720 humanitatem,
1636 1670 1758 1724 qua
1814 1655 1869 1708 in
1928 1654 2248 1709 hominibus

671 1752 995 1822 inspicitur,
1022 1750 1181 1804 unius
1211 1764 1332 1804 esse
1354 1748 1609 1802 essentia
1634 1747 1871 1800 dicimus
1896 1765 1909 1799 ι
1940 1748 2068 1815 quia
2096 1761 2246 1817 com-

2895 839 3000 894 Kal
3036 839 3165 908 μεθ’
3189 839 3360 911 ἔτερα
3376 854 3391 868 ·

2436 950 2538 1000 inv
2588 930 2986 1001 ἁνθρωπότητα
3038 930 3292 983 σύνθετον
3346 926 3511 984 οὖσαν
3556 930 3617 995 ἐξ
3663 929 3920 1001 ἀνομοίων

2354 1025 2694 1093 πραγμάτων
2731 1024 2859 1092 μιᾶς
2886 1023 3075 1084 οὐσίας
3108 1024 3309 1091 φαμὲν,
3341 1025 3402 1076 οὐ
3432 1025 3571 1095 πρδς
3618 1025 3719 1091 (rip;
3746 1024 3923 1086 διαξιο·

2354 1118 2455 1185 ράν
2492 1115 2591 1183 τῆς
2628 1115 2806 1185 ψυχῆς
2860 1114 2956 1167 καὶ¹
2983 1112 3262 1181 σώματος,
3292 1113 3447 1167 sm
3477 1114 3615 1183 πρὸς
3661 1114 3722 1165 τὸ
3751 1112 3923 1165 κοινὸν

2350 1207 2666 1277 ἀφορῶντες
2686 1224 2699 1237 ·
2741 1206 2824 1257 ὅτι
2884 1204 3079 1267 κοινῶς
3102 1206 3158 1255 ὲν
3183 1206 3319 1257 πᾶσι
3360 1207 3473 1267 τοῖς
3504 1206 3594 1257 ὑπ’
3620 1204 3756 1256 αὐτο
3796 1205 3922 1254 ἁνα-

2350 1298 2604 1364 γομένοις
2669 1296 2979 1365 θεωρεῖται.
3044 1291 3213 1359 Οὗτος
3258 1296 3365 1363 γάρ
3422 1297 3539 1347 ἐστι
3584 1298 3685 1361 τῆς
3741 1294 3923 1354 οὐσίας

2351 1388 2497 1455 ὅρος,
2535 1387 2611 1449 ὡς
2666 1386 2951 1448 Βασίλειος
3001 1386 3289 1439 ἐπαίδευσε
3317 1385 3512 1454 λέγων,
3566 1387 3651 1438 δτι
3688 1387 3786 1437 ’ον
3816 1385 3925 1452 ἔχει

2350 1481 2511 1547 λόγον
2546 1482 2607 1534 τὸ
2657 1480 2834 1534 κοινὸν
2862 1482 2996 1551 πρὸς
3028 1482 3087 1533 τὸ
3134 1481 3287 1542 ῐδιον,
3318 1480 3505 1533 τοῦτον
3563 1480 3676 1548 ἔχει
3711 1482 3745 1545 ἠ
3770 1478 3922 1530 οὐσία

2352 1573 2487 1643 πρὸς
2528 1573 2626 1641 τὴν
2669 1573 2988 1625 ὑπόστασιν.
3024 1570 3181 1624 Κατὰ
3212 1570 3401 1622 τοῦτον
3431 1569 3525 1622 οὖν
3553 1568 3646 1621 τὸν
3692 1571 3794 1634 τῆς
3820 1584 3929 1619 κοι-

2349 1663 2571 1733 νότητος
2602 1664 2778 1729 λόγον,
2819 1663 2949 1730 μιᾶς
2978 1661 3167 1722 οὐσίας
3191 1660 3369 1728 φαμὲν
3392 1659 3491 1729 τὴν
3517 1662 3576 1710 ὲν
3622 1656 3928 1727 ἀνθρώποις

2351 1754 2746 1823 ἀνθρωπότητα
2768 1768 2785 1785 ι
2817 1754 2898 1805 ὅτι
2936 1751 3129 1813 κοινῶς
3156 1753 3214 1803 ὲν
3266 1752 3434 1803 πᾶσιν
3482 1748 3794 1819 ἀνθρώποις
3819 1751 3929 1809 τοῖς

672 1843 826 1899 muni
849 1843 1065 1896 ratione
1087 1840 1342 1895 omnibus
1363 1848 1419 1894 et
1440 1838 1740 1907 unicuique
1768 1838 1978 1891 homini
2003 1853 2067 1891 ex
2090 1852 2243 1906 aquo

2356 1844 2474 1896 καθ’
2501 1843 2730 1894 ἕκαστον
2761 1842 2859 1911 καὶ
2884 1840 2941 1906 ἐξ
2974 1840 3088 1892 ἴσου
3134 1839 3370 1909 ὑπάρχει
3403 1839 3463 1890 τδ
3488 1834 3632 1890 εἶναι
3663 1838 3807 1903 ζῷον
3846 1836 3932 1888 λο-

673 1934 933 1990 convenit
976 1942 1036 1987 ut
1080 1932 1153 1986 sit
1188 1930 1391 1985 animal
1439 1930 1728 1993 rationale,
1771 1928 2149 1997 intelligentia
2194 1936 2251 1982 et

673 2026 979 2095 disciplina
1004 2038 1192 2093 capax.
1224 2022 1377 2077 [stac
1402 2022 1552 2076 enim
1597 2020 1956 2074 humanitatis
1995 2018 2247 2074 deﬁnitio

671 2125 775 2172 est.
801 2115 904 2172 Ubi
934 2129 1066 2169 vero
1089 2126 1385 2183 pensamus
1414 2126 1477 2166 ea
1500 2126 1566 2165 ex
1589 2110 1791 2179 quibus
1816 2118 2054 2175 constat,
2082 2117 2248 2179 atque

672 2205 909 2259 animam
952 2203 1323 2266 nominamus,
1357 2210 1410 2256 et
1449 2214 1651 2268 corpus
1681 2198 2118 2263 consideramus,
2148 2212 2247 2252 ne-

671 2310 948 2366 quaquam
973 2292 1283 2355 intlciamur
1305 2301 1601 2358 utrumque
1623 2288 2078 2355 diversanatura
2101 2304 2243 2353 esse,

670 2398 727 2444 et
753 2402 874 2457 qua
903 2384 1266 2441 essentiarum
1294 2384 1485 2437 harum
1513 2381 1735 2451 propria
1757 2371 2095 2455 sunthetiam
2120 2389 2245 2450 post

676 2480 979 2533 unitionem
1010 2490 1251 2530 manere.
1281 2474 1415 2528 Nam
1454 2472 1500 2526 si
1530 2486 1733 2540 corpus
1776 2478 1833 2525 ct
1884 2472 2066 2524 anima
2117 2481 2245 2525 sunt

670 2568 917 2640 ejusdem
947 2579 1219 2630 essentia,
1254 2562 1700 2634 quandoquidem
1734 2562 1925 2616 eadem
1976 2562 2115 2615 ratio
2162 2569 2248 2616 est

671 2674 864 2714 eorum
899 2672 1022 2727 qua
1052 2654 1430 2711 coessentialia
1462 2661 1592 2708 sunt
1627 2652 1857 2721 (alioqui
1888 2666 2020 2706 vero
2047 2667 2248 2721 corpus

671 2749 1002 2818 corruptela
1026 2746 1324 2801 obnoxium
1339 2744 1469 2813 est),
1489 2743 1720 2797 omnino
1737 2727 1990 2810 sequitur
2009 2743 2245 2796 animam

2356 1928 2513 1996 γικδν
2545 1927 2757 1997 θνητὸν,
2796 1927 2887 1979 νοῦ
2948 1929 3042 1979 καὶ
3082 1929 3393 1997 ἐπιστήμης
3447 1926 3737 1979 δεκτικόν·
3776 1918 3931 1986 οὗτος

2355 2020 2461 2089 γὰρ
2510 2022 2541 2072 ὁ
2579 2020 2704 2087 ὅρος
2735 2020 2834 2085 τῆς
2866 2018 3306 2089 ἁνθρωπότητος.
3356 2018 3529 2071 Ἐπὰν
3556 2016 3613 2069 δὲ
3644 2016 3715 2068 τὰ
3762 2017 3821 2080 ἐξ
3860 2011 3928 2067 ἆυ

2353 2111 2468 2162 ἔστι
2498 2108 2867 2179 λογισώμεθα,
2897 2110 2988 2161 καὶ
3010 2109 3188 2180 ψυχὴν
3226 2108 3607 2177 δνομάσωμεν,
3639 2108 3738 2161 καὶ
3769 2107 3927 2175 σῶμα

2354 2200 2740 2270 σκοπήσωμεν,
2776 2200 2837 2252 τὸ
2870 2202 3164 2269 ἑτεροφυὲς
3195 2202 3289 2254 καὶ
3317 2200 3385 2251 τὰ
3411 2200 3519 2253 ίδια
3562 2198 3674 2251 τῶν
3732 2199 3928 2251 οὐσιῶν

2352 2292 2447 2343 καὶ
2478 2292 2616 2359 μετὰ
2642 2290 2739 2359 τὴν
2782 2291 2976 2343 ἕνωσιν
3016 2292 3115 2344 οὐκ
3144 2290 3539 2361 ἀρνηθείημεν.
3574 2288 3638 2340 Εἰ
3672 2290 3783 2358 γὰρ
3827 2287 3925 2351 τῆς

2347 2382 2518 2452 αὐτῆς
2546 2382 2735 2445 οὐσίας
2765 2382 2826 2435 τὸ
2856 2383 3012 2452 σῶμα
3048 2386 3139 2435 καὶ
3162 2387 3194 2453 ἡ
3217 2383 3383 2452 ψυχὴ,
3408 2383 3514 2433 τῶν
3537 2381 3593 2433 δὲ
3626 2378 3927 2448 ὁμοουσίων

2347 2473 2375 2524 ὀ
2400 2473 2561 2533 αὐτὸς
2588 2475 2767 2540 λόγος,
2804 2474 3042 2544 φθαρτὸν
3074 2474 3129 2526 δὲ
3157 2473 3219 2526 τὺ
3254 2473 3436 2542 σῶμα,
3473 2471 3667 2523 οὐκοῦν
3695 2472 3805 2540 ἄρα
3836 2471 3925 2520 καὶ

2349 2566 2382 2633 ἡ
2416 2563 2561 2635 ψυχὴ
2582 2564 2974 2633 διαφθείρεται,
3009 2566 3101 2616 καὶ
3140 2564 3201 2617 τὸ
3225 2563 3404 2630 λέγειν
3457 2562 3727 2615 ἀθάνατον
3787 2553 3924 2612 εἶναι

2349 2656 2448 2727 τὴν
2486 2655 2683 2725 ψυχὴν,
2731 2655 2926 2725 ψευδὲς
2971 2655 3420 2725 ἀναδειχθήσεται
3473 2654 3562 2708 διὰ
3608 2656 3709 2717 τὰς
3777 2652 3925 2719 ὑμῶν

2351 2746 2612 2814 ἀνοήτους
2635 2746 2985 2814 κενοφωνίας.

672 2841 1091 2910 corruptibilem
1124 2854 1265 2901 esse,
1331 2846 1388 2892 et
1456 2845 1683 2906 propter
1717 2836 1941 2891 insanas
1977 2837 2319 2907 nugacitates
2354 2848 2567 2893 vestras
2606 2838 2727 2893 falsi
2765 2850 3027 2910 arguetur
3077 2838 3131 2893 id
3176 2838 3327 2910 quod
3360 2839 3658 2904 asset-itur,
3688 2838 3923 2891 animam

671 2952 812 3009 esse
831 2935 1213 2991 immortalem.

1062 3048 1147 3105 Ex
1171 3048 1384 3120 Eulogii
1415 3046 1858 3104 Defensionibus.

2645 3043 2739 3096 Ἐκ
2784 3043 2903 3097 τῶν
2941 3044 3238 3115 Εὑλογίου
3276 3043 3641 3115 Συνηγοριῶν.

1907 3156 2045 3225 Aug.
2082 3155 2205 3219 MAI,
2239 3155 2276 3208 l.
2308 3168 2355 3208 c.
2386 3168 2439 3222 ρ.
2472 3153 2560 3215 61,
2593 3154 2679 3206 6⁵2.

745 3273 1041 3332 Sciendum
1070 3272 1215 3325 enim
1240 3278 1325 3326 est
1371 3284 1492 3333 nos,
1520 3269 1741 3338 quando
1777 3269 2141 3338 compositum
2168 3269 2245 3322 di-

676 3368 855 3420 cimus
885 3377 1049 3417 unam
1081 3360 1332 3414 absolute
1362 3366 1637 3422 naturam,
1669 3357 1894 3410 minime
1920 3371 2081 3425 posse
2114 3371 2244 3426 pro-

676 3456 796 3528 prie
823 3455 875 3507 in
902 3453 1007 3507 hoc
1044 3449 1378 3520 simplicium
1404 3446 1667 3501 adhibere
1700 3448 1923 3500 nomina
1950 3465 1961 3498 :
2010 3447 2243 3516 exempli

676 3546 872 3616 gratia,
922 3556 1123 3612 corpus
1154 3556 1184 3595 e
1221 3545 1457 3609 quatuor
1503 3536 1790 3590 elementis
1840 3544 2121 3599 constans,
2179 3550 2247 3588 ex

678 3652 817 3706 aqua
833 3635 1088 3696 dicimus,
1113 3642 1281 3691 terra,
1303 3644 1431 3683 aere
1458 3636 1513 3682 et
1536 3628 1690 3697 igne;
1713 3642 1907 3695 aquam
1938 3638 1993 3680 et
2022 3636 2243 3690 terram,

592 3748 595 3749 ν
679 3740 864 3781 acrem
912 3731 967 3778 et
1018 3724 1198 3791 ignem
1246 3720 1465 3789 proprie
1516 3733 1627 3770 non
1670 3731 1964 3785 possumus
2013 3715 2195 3769 dicere
2230 3756 2243 3777 ,

680 3828 735 3872 et
793 3816 916 3869 ideo
968 3827 1130 3867 uuam
1168 3810 1455 3879 corporis,
1518 3818 1768 3861 naturam
1831 3822 2125 3869 vocamus,
2180 3821 2248 3859 eo

677 3904 821 3974 quod
854 3902 1000 3957 istud
1022 3900 1245 3970 proprie
1265 3899 1598 3968 simplicium
1629 3897 1945 3951 nominibus
1961 3898 2247 3966 designare

676 4012 784 4052 non
840 3996 1103 4050 valemus.
1158 3993 1375 4055 ltem,e
1417 3991 1691 4061 lapidibus
1733 3999 1788 4045 et
1828 3991 1989 4059 lignis
2024 3990 2245 4044 domum

677 4085 932 4147 dicimus,
962 4082 1110 4135 illam
1156 4089 1338 4135 autem
1373 4095 1475 4133 nec
1515 4079 1659 4149 ligna
1698 4092 1800 4132 nec
1825 4078 2035 4147 lapides
2060 4078 2248 4132 nullus

678 4177 866 4239 posset
927 4166 1236 4228 nominare,
1289 4165 1336 4219 si
1390 4166 1631 4235 propriis
1667 4163 1897 4219 \ocibus
1931 4165 2010 4218 uti
2058 4164 2241 4217 vellet.

678 4261 810 4314 Item
836 4257 1115 4310 hominem
1142 4254 1323 4308 anima
1346 4264 1403 4309 et
1442 4268 1674 4324 corpore
1700 4262 1955 4307 constare
1983 4253 2241 4319 dicimus,

678 4359 787 4397 non
822 4351 1006 4398 autem
1042 4340 1263 4409 proprie
1288 4355 1409 4394 esse
1432 4341 1670 4394 animam
1696 4349 1751 4393 et
1781 4354 2015 4407 corpus;
2053 4348 2108 4393 et
2139 4339 2245 4394 hoc

674 4433 906 4488 evidens
935 4440 1021 4486 est
1060 4445 1128 4485 ex
1156 4445 1223 4484 eo
1251 4429 1396 4499 quod
1442 4429 1735 4498 nequimus
1768 4428 1963 4482 anima
1994 4437 2087 4482 aut
2116 4444 2244 4483 cor-

2435 3263 2630 3317 Ὶστέον
2673 3264 2779 3334 γὰρ
2819 3265 2899 3316 ὅτι
2942 3265 3060 3318 τότε
3093 3265 3155 3317 τὸ
3194 3265 3450 3319 σύνθετον
3485 3265 3614 3335 μίαν
3642 3266 3921 3327 ἀπολύτως

2345 3354 2575 3423 λέγομεν
2629 3356 2819 3424 φύσιν,
2870 3358 2958 3408 ὅτε
3011 3356 3210 3427 μηκέτι
3260 3357 3536 3428 δυνάμεθα
3583 3360 3789 3429 κυρίως
3835 3359 3922 3413 ἐπ’

2346 3446 2510 3499 αὐτοῦ
2551 3446 2621 3499 τὰ
2662 3448 2770 3498 τῶν
2805 3446 2989 3500 ἁπλῶν
3019 3448 3201 3515 λέγειν
3238 3448 3500 3518 ὀνόματα·
3538 3444 3650 3502 οἷόν
3678 3467 3732 3502 τι
3762 3452 3919 3521 λέγω·

2347 3536 2419 3588 Τὸ
2470 3537 2534 3588 ἐκ
2582 3538 2865 3606 τεσσάρων
2914 3538 3192 3607 στοιχείων
3243 3538 3402 3607 σῶμα
3458 3541 3837 3611 συγκείμενον,
3868 3544 3935 3608 ἐξ.

2349 3625 2559 3691 ὓδατος,
2583 3627 2815 3697 ἔφαμεν,
2845 3628 2936 3680 καὶ
2976 3627 3079 3696 γῆς
3120 3629 3279 3697 ἀέρος
3306 3645 3363 3680 τε
3412 3632 3505 3684 καὶ
3540 3632 3733 3701 πυρὸς,
3783 3631 3921 3699 ὕδωρ

2346 3717 2437 3769 καὶ
2472 3718 2574 3785 γῆν
2612 3718 2750 3786 ἀέρα
2787 3734 2849 3770 τε
2889 3720 2982 3770 καὶ
3020 3718 3131 3788 πῦρ
3162 3719 3264 3772 οὐκ
3308 3720 3375 3773 ἂν
3410 3720 3663 3791 εἴποιμεν
3699 3724 3921 3794 κυρίως.

2348 3807 2441 3861 καὶ
2466 3807 2553 3860 διὰ
2578 3807 2734 3877 τούτο
2766 3808 2894 3878 μίαν
2922 3809 3177 3879 σώματος
3200 3810 3363 3878 φύσιν
3392 3812 3824 3883 ἐπονομάζομεν,
3851 3812 3923 3876 ὡς

2351 3899 2547 3965 μηκέτι
2579 3899 2710 3950 αὐτὸ
2736 3900 2939 3969 κυρίως
2972 3903 3087 3963 τοῖς
3112 3900 3337 3970 ὀνόμασι
3368 3903 3479 3956 τῶν
3512 3905 3701 3957 ἁπλῶν
3738 3908 3921 3959 ἐπονο-

2351 3989 2543 4058 μάζειν
2576 3989 2869 4058 ἰσχύοντες·
2904 3991 2999 4043 καὶ
3029 3990 3193 4045 πάλιν
3219 3994 3283 4046 ὲκ
3313 3994 3475 4047 λίθων
3509 3996 3602 4048 καὶ
3633 3995 3803 4061 ξύλων
3830 3997 3921 4067 τὴν

2346 4080 2524 4133 οἰκίαν
2556 4081 2757 4150 φαμὲν,
2802 4081 2933 4145 ξύλα
2971 4082 3028 4134 δὲ
3065 4083 3235 4152 αὐτὴν
3267 4089 3359 4138 καὶ
3391 4084 3574 4149 λίθους
3611 4088 3712 4141 οὐκ
3744 4088 3809 4141 ἄν
3842 4106 3921 4151 τις

2348 4171 2599 4235 καλέσοι,
2634 4172 2851 4241 κυρίαις
2880 4172 3059 4238 λέξεσι
3096 4174 3334 4243 χρῆσθαι
3374 4175 3695 4245 βουλόμενος
3718 4196 3730 4207 ·
3766 4179 3919 4231 πάλιν

2346 4262 2436 4313 τὸν
2464 4262 2750 4330 ἄνθρωπον
2790 4265 2854 4316 ὲκ
2899 4262 3076 4333 ψυχῆς
3124 4265 3216 4317 καὶ
3265 4264 3519 4333 σώματος
3552 4262 3693 4322 εἷναί
3725 4285 3918 4337 φαμεν,

2349 4350 2508 4419 σῶμα
2560 4351 2617 4403 δὲ
2663 4352 2759 4405 καὶ
2804 4352 2982 4422 ψυχὴν
3023 4353 3205 4407 οὐκέτι
3249 4354 3475 4425 κυρίως
3526 4357 3623 4409 καὶ
3667 4357 3825 4428 δῆλον
3861 4360 3921 4409 ἐκ

2346 4439 2439 4493 τοῦ
2474 4441 2548 4511 μὴ
2575 4440 2835 4495 δύνασθαι
2864 4442 2952 4496 τὸν
2984 4446 3081 4514 τῆς
3110 4444 3291 4513 ψυχῆς
3321 4446 3354 4515 ἢ
3394 4444 3488 4499 τοῦ
3520 4447 3773 4515 σώματος
3801 4450 3919 4516 ὅρον

676 4524 827 4594 poris
866 4520 1242 4575 deﬁnitionem
1276 4520 1332 4572 in
1366 4528 1661 4586 utrumque
1689 4515 1953 4569 adhibere
1975 4556 1988 4579 ,
2028 4525 2083 4569 et
2110 4531 2239 4584 pro-

2347 4531 2439 4583 ἐπὶ
2480 4530 2573 4584 τοῦ
2627 4533 3041 4604 συναμφοτέρου
3087 4535 3418 4602 ἀποδιδόναι,
3440 4536 3534 4589 καὶ
3556 4538 3746 4590 τούτου
3765 4539 3919 4607 χάριν

674 4626 863 4686 pterea
890 4627 957 4667 ex
1005 4610 1222 4665 duobus
1271 4608 1482 4663 naturis
1525 4622 1647 4661 esse
1702 4607 1957 4661 dicimus.
2004 4607 2242 4680 Diversa

672 4710 819 4763 cnim
846 4717 1058 4761 natura
1084 4704 1471 4776 componentia
1508 4713 1564 4757 et
1603 4702 1833 4757 diversa
1859 4701 2090 4756 invicem
2115 4702 2246 4756 sub-

672 4799 909 4861 stantia,
970 4811 1134 4851 unam
1182 4795 1237 4849 in
1270 4796 1579 4865 composito
1611 4802 1864 4849 naturam
1896 4803 2237 4863 reputamus.

670 4892 789 4946 Non
815 4890 961 4944 enim
1012 4902 1212 4957 corpus
1238 4895 1294 4941 et
1314 4886 1553 4941 animam
1580 4885 1802 4955 proprie
1826 4886 2113 4955 loquentes
2142 4899 2241 4939 vo-

670 4996 859 5035 camus
897 4981 1199 5044 homincm,
1259 4979 1361 5032 etsi
1391 4988 1671 5032 assuetum
1701 4979 1771 5031 sit
1805 4978 2104 5047 Scriptura
2134 4994 2237 5033 sa-

668 5071 792 5141 pius
812 5070 1065 5123 libertate
1086 5066 1264 5121 utunti
1290 5067 1517 5135 spiritus
1545 5076 1699 5135 parte
1724 5076 1898 5120 totum
1921 5068 2249 5137 designare,

670 5173 928 5230 tanquam
974 5176 1081 5214 non
1122 5159 1406 5212 submissa
1446 5159 1577 5227 jugo
1616 5158 1899 5213 servitutis
1938 5160 2238 5214 dialectica

668 5253 943 5307 vanitatis.
974 5253 1033 5307 ln
1091 5252 1313 5307 Christo
1347 5259 1531 5304 autem
1570 5250 1866 5305 inell‘abilis
1909 5260 1964 5305 et
1990 5267 2101 5306 non
2134 5254 2233 5307 illl-

665 5357 827 5396 mana
867 5342 1239 5410 intelligentia
1292 5342 1420 5393 huic
1453 5340 1647 5393 anima
1672 5342 1860 5411 juncta
1887 5352 1973 5396 cst
2010 5358 2112 5397 nec
2153 5343 2229 5412 ju-

662 5445 808 5487 stum
839 5434 1153 5503 eremplum
1186 5433 1240 5485 in
1275 5433 1533 5486 omnibus
1580 5433 1837 5487 invenire
1872 5434 2084 5488 ratione
2110 5449 2237 5503 pos-

663 5536 872 5583 sumus,
912 5537 1034 5575 cum
1081 5522 1237 5574 illum
1283 5535 1390 5573 non
1424 5522 1600 5574 solum
1643 5538 1708 5574 ex
1742 5521 2029 5577 divinitate
2050 5536 2107 5579 et
2139 5525 2235 5579 hu-

664 5611 923 5664 manitate
950 5624 1203 5667 constare
1245 5612 1499 5673 dicimus,
1560 5611 1651 5665 sed
1680 5612 1735 5665 iu
1780 5614 1873 5667 illo
1910 5614 1987 5666 uti
2018 5616 2232 5685 simpli-

663 5704 806 5751 cium
842 5700 1179 5756 nominibus.
1227 5702 1398 5754 Deum
1428 5703 1573 5754 cuitu
1597 5701 1832 5758 dicimus
1862 5704 2143 5761 Christum
2173 5720 2229 5763 et

2344 4623 2408 4675 ὲκ
2438 4621 2532 4675 δύο
2582 4622 2796 4691 φύσεων
2842 4624 3090 4692 λέγοντες
3139 4626 3431 4696 (ἑτεροφυῆ
3476 4628 3589 4698 γὰρ
3618 4630 3688 4684 τά
3734 4629 3916 4683 συνελ-

2346 4711 2505 4766 θόντα
2557 4714 2650 4766 καὶ
2706 4714 2954 4789 ἀλλήλοις
3005 4716 3103 4785 οὐχ
3160 4715 3467 4787 ὁμοούσιο),
3514 4717 3644 4785 μίαν
3690 4720 3782 4771 ἐπὶ
3829 4720 3917 4771 τοῦ

2345 4802 2599 4856 συνθέτου
2638 4804 2798 4873 φύσιν
2826 4803 3147 4875 δοξάζομεν*
3182 4807 3301 4859 οὐδὲ
3346 4810 3456 4877 γὰρ
3487 4806 3649 4876 σῶμα
3680 4808 3712 4877 ἢ
3746 4809 3917 4877 ψυχὴν

2344 4898 2819 4967 κυριολεκτοῦντες
2859 4900 3242 4971 ἀποκαλοῦμεν
3280 4904 3373 4957 τὸν
3402 4904 3722 4974 ἄνθρωπον,
3750 4908 3799 4958 εί
3830 4906 3916 4959 καὶ

2344 4988 2570 5056 σύνηθες
2595 4994 2661 5061 τῇ
2692 4992 2880 5062 Γραφῇ
2913 4992 3170 5056 πολλάκις
3207 4997 3272 5064 τῇ
3298 4994 3580 5068 ἐλευθερίᾳ
3606 4998 3914 5069 κεχρημένῃ

2343 5078 2441 5131 τοῦ
2477 5082 2791 5150 Πνεύματος
2812 5084 2875 5134 ἐκ
2894 5083 2985 5135 τοῦ
3012 5085 3209 5152 μέρους
3226 5087 3285 5138 τὸ
3303 5088 3422 5139 ὅλον
3447 5089 3823 5157 ἐπονομάζειν,
3842 5090 3913 5151 ὠς

2346 5168 2492 5238 ζυγῴ
2516 5170 2759 5233 δουλείας
2779 5173 2877 5224 οὐκ
2899 5174 3190 5246 ἐνεχομὲνῃ
3214 5176 3308 5239 τῆς
3324 5177 3669 5246 διαλεκτικῆς
3695 5181 3911 5247 ματαιέ-

2350 5278 2517 5330 cura:
2538 5264 2629 5314 ἐπὶ
2657 5264 2713 5316 δὲ
2734 5265 2825 5315 τοῦ
2843 5265 3073 5334 Χριστοῦ
3092 5266 3367 5338 ἄφραστος
3392 5270 3488 5337 μὲν
3521 5272 3615 5322 καὶ
3657 5271 3913 5341 ἀλαλητός

2343 5357 2457 5406 ἐστι
2489 5358 2519 5424 ἡ
2549 5358 2741 5419 ἕνωσι,
2769 5358 2866 5411 οὐκ
2889 5357 3226 5428 ἀνθρώπινος
3258 5362 3377 5424 νοῦς
3412 5363 3618 5433 ταύτης
3660 5366 3910 5434 ἐφίκοιτο,

2336 5445 2456 5497 οὐδὲ
2506 5448 2851 5517 παράδειγμα
2885 5449 3061 5520 εὑρεῖν
3090 5451 3201 5504 ἴσον
3236 5454 3377 5506 κατά
3415 5471 3476 5521 γε
3505 5456 3707 5521 πάντα,
3734 5455 3875 5525 λέγω
3898 5498 3911 5521 ,

2339 5535 2844 5609 δυνήσεται,ὲπειδὴ
2870 5542 2925 5594 δὲ
2948 5542 3107 5594 αὐτὸν
3134 5543 3193 5595 οὐ
3224 5545 3381 5613 μόνον
3409 5547 3471 5599 ἐκ
3509 5546 3764 5618 θεότητος
3783 5546 3911 5602 εἶναι

2342 5629 2434 5679 καὶ
2488 5628 2901 5699 ἀνθρωπὸτητός
2925 5650 3123 5701 φαμεν,
3153 5635 3286 5687 ἀλλὰ
3310 5637 3405 5688 καὶ
3426 5639 3538 5700 τοῖς
3558 5639 3813 5708 ὀνόμασιν
3830 5641 3912 5693 ἐπ’

2333 5716 2497 5769 αὐτοῦ
2556 5718 2871 5790 κεχρήμεθα
2901 5721 3009 5773 τῶν
3038 5721 3245 5776 ἁπλῶν·
3262 5723 3393 5780 Θεὸν
3428 5725 3537 5800 γὰρ
3570 5727 3806 5801 λέγομεν
3830 5732 3914 5785 τὸν
