4110 6332
289 348 428 415 2957

1470 350 1940 414 FRAGMENTA
1975 356 2435 423 DOGMATICA.

3434 374 3577 439 2958

289 461 528 532 Χριστὸν
561 459 657 515 καὶ
696 460 985 532 ἄνθρωπον
1014 460 1106 512 τὸν
1146 458 1333 525 αὑτὸν,
1369 460 1508 527 ὅπερ
1540 462 1626 515 ἐπ’
1658 463 1860 516 ἐκείνω·

1987 468 2245 525 eumdem
2267 472 2551 529 hominem
2585 476 2733 545 quod
2767 478 2821 531 in
2852 478 2973 534 istis
3001 482 3227 553 proprie
3251 482 3439 540 dicere
3466 503 3578 543 non

286 552 467 622 λέγειν
514 553 717 625 κυρίως
766 554 867 607 οὐκ
915 550 1130 622 ἔχομεν·
1182 551 1389 623 κυρίως
1434 553 1542 625 γάρ
1592 554 1688 606 καὶ
1740 555 1883 608 κατά

283 646 546 719 ἀλήθειαν
601 647 736 710 Θεὸς
790 648 819 700 6
866 646 1143 717 Χριστός·
1193 645 1275 700 διὸ
1331 646 1538 716 κυρίως
1595 646 1689 700 καὶ
1741 648 1884 702 κατά

282 740 542 811 ἀλήθειαν
579 741 845 795 Θεοτόκον
885 740 985 811 τῆν
1028 741 1193 808 ἁγίαν
1233 738 1510 811 Παρθένον
1545 740 1752 810 φαμέι·
1787 743 1882 794 καὶ

283 838 491 908 κυρίως
546 836 668 891 κατ’
719 835 979 907 ἀλήθειαν
1030 836 1320 907 ἅνθρωπος
1359 837 1387 889 6
1430 835 1614 898 αὐτὸς,
1663 834 1881 905 ἀληθῶς

281 927 598 992 ἀποθανὼν,
654 928 875 1000 ἀληθῶς
924 928 1197 991 ἀναστάς·
1252 927 1444 981 τούτου
1499 928 1661 997 χάριν
1717 929 1880 981 αὑτὸν

286 1020 420 1089 μίαν
450 1021 614 1089 φύσιν
646 1021 834 1085 ἁπλῶς
869 1023 1041 1077 εἰπεῖν
1070 1021 1354 1076 ἀδύνατον·
1395 1020 1483 1074 διὰ
1512 1018 1673 1075 τοῦτο
1700 1020 1881 1075 τοίνυν

279 1112 446 1180 ἡμεῖς
474 1112 565 1164 καὶ
588 1112 651 1164 ἑκ
676 1110 770 1165 δῦο
798 1111 1032 1183 λέγομεν
1052 1112 1292 1182 φύσεων,
1318 1112 1509 1182 ἐπειδὴ
1536 1114 1599 1166 ὲκ
1624 1112 1880 1183 θεότητος

277 1200 464 1253 αὑτὸν
498 1201 657 1271 ῐσμεν
713 1202 809 1255 καὶ
859 1200 1281 1273 άνθρωπότητος
1336 1203 1729 1272 συγκείμενον,
1785 1206 1881 1255 καὶ

276 1292 547 1363 ἑτεροφυῆ
585 1294 652 1347 τά
680 1295 1006 1349 συνελθόντα
1034 1294 1397 1365 γνωρίζομεν·
1436 1295 1529 1347 καὶ
1560 1294 1655 1347 δύο
1686 1293 1879 1363 φύσεις

274 1381 591 1454 διαιρετοὺς
650 1382 911 1437 ὲπάὑτοῦ
971 1382 1244 1453 λέγομεν,
1318 1383 1507 1453 ἐπειδὴ
1578 1383 1711 1437 Θεὸν
1784 1385 1880 1437 καὶ

275 1472 569 1543 ἄνθρωπον
592 1476 799 1546 κυρίως
819 1474 910 1528 τὸν
932 1474 1098 1529 αὑτὸν
1117 1472 1258 1528 εἶναι
1281 1475 1601 1545 δοξάζομεν
1625 1475 1877 1547 καθάπερ

274 1561 305 1615 6
363 1564 421 1615 ὲν
470 1563 650 1631 ἁγίοις
698 1567 836 1633 φησὶ
893 1563 1164 1634 Κύριλλος
1210 1565 1268 1616 ἐν
1321 1568 1386 1635 τῇ
1455 1565 1683 1637 δευτέρᾳ
1742 1566 1878 1635 πρὸς

273 1654 581 1709 Σούκενσον
634 1656 918 1729 ἐπιστολῇ,
974 1658 1127 1712 Ἕνα
1176 1657 1414 1711 καὶτὸν
1463 1657 1654 1712 αὑτὸν
1697 1658 1875 1713 τοῦτο

272 1746 521 1801 κάκεῖνο
566 1747 937 1816 ὑπάρχοντα·
993 1748 1088 1801 καὶ
1132 1748 1408 1819 σκόπησον
1455 1747 1531 1812 ὡς
1574 1750 1676 1802 οὐκ
1698 1744 1871 1816 εἶπεν,

270 1839 343 1891 ἐκ
384 1841 602 1895 τούτου
627 1842 912 1895 κάκείνου
940 1818 1306 1909 ὑπάρχοντα
1329 1841 1446 1910 (καὶ
1479 1842 1639 1895 τοῦτο
1672 1843 1780 1913 γὰρ
1809 1838 1877 1913 ἢν
1908 1818 1950 1874 Β

270 1929 519 2000 ἀληθὲς),
556 1930 693 1984 ἀλλὰ
752 1931 927 1986 τοῦτο
974 1932 1221 1986 κάκεῖνο
1254 1931 1636 2001 ὑπάρχοντα·
1670 1933 1732 1987 τὸ
1767 1936 1875 2005 γὰρ

266 2024 434 2077 τοῦτο
466 2026 706 2091 κάκεῖ-ιο,
742 2023 839 2077 δύο
879 2024 1097 2089 πάντως
1124 2020 1267 2090 ἐστὶ,
1306 2026 1411 2078 κᾶν
1447 2025 1610 2089 αὐτὸς
1643 2026 1719 2099 μὴ
1752 2028 1876 2100 βου-

261 2118 515 2187 ληθείης·
551 2118 713 2171 πάλιν
746 2117 803 2172 δὲ
831 2118 859 2169 6
890 2117 1055 2180 αὐτὸς
1080 2118 1218 2188 πρὸς
1246 2118 1613 2189 Οὐαλεριανὸν
1642 2120 1736 2172 τὸν
1773 2118 1870 2173 τοῦ

268 2208 519 2263 Εἰκονίου
575 2208 875 2262 ἐπίσκοπον
928 2206 1070 2261 οὕτω
1125 2207 1361 2279 γράφει·
1414 2208 1625 2261 Οὐκοῦν
1677 2208 1873 2278 ὁμολο-

264 2298 476 2368 γιῦμεν
504 2296 580 2360 ὡς
615 2297 714 2369 μὲν
748 2296 810 2350 τὸ
854 2295 962 2350 ἀπὸ
1000 2297 1205 2369 σαρκὸς
1240 2297 1376 2368 σάρξ
1415 2298 1555 2361 ἐστι,
1601 2298 1661 2351 τὸ
1698 2297 1756 2351 δὲ
1804 2300 1868 2352 ὲκ

264 2394 403 2446 Θεοῦ
448 2392 604 2456 Θεός·
640 2393 757 2447 ἔστι
792 2392 850 2448 δὲ
893 2393 1034 2447 κατά
1063 2392 1263 2447 ταυτὸν
1308 2394 1598 2463 ἀμφότερα
1630 2394 1867 2465 Χριστὸς

261 2481 345 2549 εἷς
394 2485 469 2538 ὢν
499 2486 628 2551 Υίὸς
666 2489 766 2541 καὶ
806 2482 887 2550 εἷς
920 2486 1126 2559 Κύριος
1172 2488 1311 2559 μετά
1358 2489 1457 2557 τῆς
1509 2488 1646 2551 ίδίας
1696 2487 1864 2542 αὑτοῦ

265 2581 507 2648 σαρκός·
559 2578 622 2634 τὸ
676 2578 734 2633 δὲ
789 2578 884 2632 τὸν
939 2578 1177 2649 Χριστὸν
1235 2577 1376 2633 εἶναι
1428 2579 1762 2651 ἀμφότερα,
1812 2579 1866 2631 τί

262 2668 453 2739 ἔτερόν
494 2671 663 2735 ἐστιν,
712 2669 745 2740 ἢ
780 2670 873 2723 δύο
916 2666 1057 2724 εἶναι
1103 2670 1295 2741 φύσεις
1341 2672 1433 2725 τὸν
1473 2670 1756 2743 Χριστόν;
1802 2670 1865 2723 οὐ

260 2760 375 2831 γὰρ
415 2754 569 2814 εἶπεν
600 2761 838 2815 ινταῦθα
866 2761 925 2827 ἐξ
953 2764 1282 2835 ἀμφοτέρων
1309 2758 1451 2817 εἶναι
1482 2763 1574 2817 τὸν
1602 2763 1862 2835 Χριστὸν,

258 2852 381 2907 ἀλλ’
405 2853 487 2907 ὃτι
517 2854 807 2927 ἀμφότερά
834 2857 982 2910 ἐστιν
1007 2859 1035 2911 6
1060 2857 1297 2929 Χριστὸς
1328 2851 1409 2921 εἷς
1441 2855 1537 2911 ὢν.

273 2966 379 3021 Ἐκ
419 2965 861 3041 tali-£61071on
900 2968 1248 3041 Συηγοριῶν
1286 2970 1437 3041 πρὸς
1468 2970 1612 3041 τοὺς
1644 2969 1860 3037 λόγον·

332 3052 462 3110 ξας,
489 3037 582 3110 ὅτι
616 3058 632 3089 ι
658 3042 727 3092 Et
760 3038 869 3110 δύο
912 3037 1064 3108 φατὲ
1106 3037 1345 3107 οῠσιάςζ
1365 3040 1407 3110 ῥ’
1461 3040 1595 3095 ἐστι
1641 3040 1862 3110 φύσεις

333 3107 667 3193 ᾑνωμένας,
719 3108 986 3193 πάντωςη
999 3111 1101 3175 μία
1140 3111 1353 3193 γέγονε
1374 3107 1605 3180 ἡφύσις·
1640 3107 1715 3163 τὰ
1747 3109 1860 3177 γὰρ

330 3175 649 3248 ἐνούμενα,
682 3179 923 3246 πάντως
956 3179 1027 3234 ἓν
1064 3197 1118 3234 τι
1146 3175 1401 3244 ’γίνεταιξ
1442 3199 1461 3233 ι

1987 577 2315 631 possumus;
2374 569 2600 637 pr0prie
2649 570 2796 625 enim
2829 579 2885 626 et
2923 574 3232 630 secundum
3283 577 3577 633 veritatem

1984 654 2242 712 Christus
2285 669 2371 714 est
2397 660 2580 728 Deus;
2610 662 2736 719 ideo
2764 667 2990 737 proprie
3013 676 3070 722 et
3093 670 3403 725 secundum
3434 676 3581 728 veri-

1987 761 2155 807 tatem
2200 753 2295 808 Dei
2347 753 2574 810 Matrem
2620 758 2904 829 Virginem
2950 771 3196 818 sanctam
3225 764 3495 832 dicimus;
3525 776 3582 821 et

1985 845 2210 913 proprie
2240 848 2547 902 secundum
2585 851 2877 907 veritatem
2932 852 3100 909 homo
3125 864 3211 911 est
3248 856 3418 922 idem,
3446 873 3578 913 vere

1984 947 2259 1004 mortuus,
2306 954 2437 994 vere
2471 956 2790 1011 resurgens.
2813 943 3186 1011 Quamobrem
3221 946 3377 1002 illum
3415 966 3578 1004 unam

1984 1025 2316 1096 simpliciter
2342 1037 2598 1085 naturam
2624 1031 2815 1090 dicere
2844 1036 3190 1105 impossibile
3223 1046 3327 1103 est,
3358 1050 3580 1110 propte-

1985 1133 2076 1197 rea
2106 1119 2274 1188 igitur
2297 1137 2397 1177 nos
2432 1131 2490 1178 et
2519 1141 2586 1180 ex
2622 1125 2839 1183 duabus
2868 1129 3087 1185 naturis
3120 1140 3380 1186 constare
3434 1132 3579 1187 dici-

1982 1226 2127 1276 mus,
2170 1228 2296 1268 cum
2340 1216 2634 1274 divinitate
2687 1220 2843 1274 illum
2888 1223 3098 1278 scimus
3142 1233 3199 1279 et
3231 1226 3579 1280 humanitate

1982 1314 2263 1372 constare,
2297 1316 2355 1361 et
2399 1308 2637 1365 diversa
2671 1327 2793 1367 esse
2824 1324 3036 1370 natura
3067 1319 3461 1386 componentia
3487 1334 3579 1375 co-

1982 1397 2322 1467 gnoscimus.
2358 1401 2518 1457 Dicas
2553 1418 2778 1475 quoque
2808 1414 3040 1463 naturas
3069 1407 3365 1465 distinctas
3400 1412 3457 1467 in
3484 1413 3579 1466 illo

1982 1491 2248 1557 dicimus,
2277 1509 2403 1548 cum
2437 1495 2609 1551 Deum
2649 1506 2706 1552 et
2750 1498 3033 1553 hominem
3066 1502 3289 1571 proprie
3318 1505 3575 1560 eumdem

1980 1594 2103 1635 esse
2135 1591 2476 1651 reputamus.
2510 1587 2663 1641 Sicut
2696 1599 2925 1645 sanctus
2952 1590 3192 1662 Cyrillus
3230 1593 3368 1649 dicit
3403 1596 3457 1650 in
3492 1612 3579 1651 se-

1981 1674 2163 1729 cunda
2217 1675 2282 1729 ad
2330 1676 2673 1735 Succensum
2709 1683 2969 1752 epistola,
3015 1685 3190 1740 Unum
3244 1696 3292 1741 et
3335 1690 3576 1743 eumdem

1978 1769 2074 1822 hoc
2098 1779 2145 1822 et
2174 1770 2309 1824 illud
2339 1790 2480 1838 esse;
2514 1784 2569 1829 et
2616 1778 2920 1834 notandum
2970 1778 3113 1833 hanc
3158 1796 3266 1835 non
3296 1782 3481 1837 dicere
3513 1801 3577 1836 ea.

1980 1862 2076 1915 hoc
2106 1872 2155 1915 et
2187 1865 2279 1918 illo
2316 1883 2443 1931 esse,
2477 1868 2629 1923 istud
2656 1870 2803 1925 enim
2838 1870 2981 1927 foret
3017 1890 3239 1937 verum,
3272 1876 3368 1931 sed
3400 1878 3496 1931 hoc
3524 1886 3575 1931 rt

1978 1954 2115 2008 illud
2174 1975 2302 2012 esse.
2342 1960 2458 2016 Hoc
2511 1977 2709 2034 nempe
2745 1974 2802 2020 et
2848 1966 2984 2022 illud
3014 1967 3126 2022 duo
3153 1971 3384 2023 omnino
3418 1981 3570 2035 sunt,

1976 2047 2083 2101 etsi
2132 2050 2407 2106 nolueris.
2454 2054 2662 2109 lterum
2710 2057 2859 2113 idem
2909 2060 2977 2115 ad
3015 2062 3370 2117 Valerianum
3400 2063 3572 2117 lconii

1973 2139 2302 2210 episcopum
2355 2143 2437 2198 sic
2494 2146 2730 2202 scribit:
2766 2150 2912 2220 Ergo
2964 2151 3293 2221 proﬁtemur
3346 2170 3571 2209 carnem

1974 2232 2201 2299 quidem
2231 2250 2260 2288 e
2289 2250 2456 2292 carne
2483 2253 2628 2303 esse,
2658 2242 2834 2296 Deum
2896 2260 3030 2298 vero
3066 2262 3135 2300 ex
3170 2247 3321 2311 Deo;
3354 2255 3438 2301 est
3471 2262 3572 2301 au-

1978 2330 2089 2377 tem
2120 2338 2349 2395 propter
2393 2328 2539 2383 idem
2565 2330 2824 2388 Christus
2858 2343 3116 2405 utraque,
3158 2354 3284 2392 cum
3318 2339 3390 2393 sit
3427 2356 3571 2394 unus

1975 2414 2149 2471 Filius
2197 2429 2253 2473 et
2300 2437 2446 2476 unus
2488 2423 2757 2480 Dominus
2799 2441 2923 2481 cum
2965 2430 3194 2497 propria
3243 2447 3339 2485 sua
3378 2447 3567 2486 carne.

1973 2507 2257 2565 Christum
2289 2523 2475 2569 autem
2514 2530 2636 2571 esse
2679 2526 2936 2589 utraque,
2962 2520 3095 2591 quid
3134 2522 3284 2577 aliud
3321 2533 3426 2586 est.
3462 2525 3567 2580 nisi

1973 2600 2113 2657 duas
2146 2618 2268 2659 esse
2300 2614 2528 2662 naturas
2560 2608 2613 2662 in
2642 2607 2907 2666 Christo?
2938 2629 3050 2668 non
3081 2616 3230 2669 enim
3278 2616 3391 2671 illic
3426 2615 3568 2671 dixit

1969 2708 2038 2747 ex
2077 2695 2327 2766 utrisque
2354 2713 2477 2753 esse
2506 2699 2815 2769 Christum,
2866 2705 2961 2760 sed
3000 2716 3239 2778 utraque
3281 2709 3566 2765 Christum

1967 2802 2088 2843 esse
2118 2804 2246 2845 cum
2297 2807 2442 2847 unus
2470 2791 2561 2847 sit.

1973 2966 2059 3021 Ea:
2106 2967 2321 3048 Eulogii
2355 2969 2830 3048 Defensionibus
2878 2978 2949 3031 ad
3005 2996 3089 3033 eos
3139 2981 3231 3048 qui
3299 2982 3483 3035 dicunt
3541 3003 3558 3038 :

2046 3055 2065 3087 ι
2110 3037 2367 3115 l_]nam,si
2402 3040 2536 3093 duas
2560 3044 2732 3115 dicitis
2751 3046 3098 3113 substantias,
3118 3037 3173 3102 id
3201 3061 3279 3105 est
3306 3037 3557 3115 naturas.

2041 3110 2223 3188 unitas
2257 3124 2387 3188 esse2
2426 3113 2642 3167 omnino
2676 3115 2875 3183 factam
2908 3135 3018 3173 esse
3057 3110 3354 3188 naturam;
3383 3110 3559 3178 unitas

2038 3179 2202 3243 enim,
2237 3182 2455 3235 omnino
2503 3179 2685 3237 unum'
2710 3189 2838 3255 quid
2879 3188 3019 3256 ﬁeri.
3062 3209 3082 3241 ›

1594 3299 1737 3371 Aug.
1764 3296 1869 3353 Mn
1896 3295 1938 3352 l.
1969 3312 2018 3353 c.
2054 3312 2109 3367 p.
2144 3296 2233 3352 65.

330 3418 397 3475 Ei
422 3418 519 3491 μὲν
545 3418 606 3473 τὸ
642 3419 712 3473 ἓν
746 3437 796 3473 τι
838 3416 1093 3488 γενέσθαι
1124 3419 1269 3475 κατά
1293 3420 1393 3489 τὴν
1427 3434 1856 3490 χαρακτηριστι-

2032 3416 2090 3472 Si
2120 3416 2345 3487 quidem
2378 3434 2544 3473 unum
2566 3418 2700 3490 quid
2728 3419 2850 3476 ﬁeri
2881 3426 3188 3482 secundum
3212 3430 3556 3489 characteri-

252 3512 364 3583 τὴν
410 3514 710 3567 ὑπόστασιν
745 3511 1028 3583 βούλονται
1058 3512 1515 3578 κατασκευάζειν,
1549 3511 1728 3584 ὀρθῶς
1758 3511 1855 3564 κει)⁵

253 3606 381 3660 λίαν
412 3605 652 3669 εὐσεϐῶς
680 3605 776 3659 καὶ
814 3604 1026 3677 συνῳδὰ
1063 3606 1177 3668 τοῖς
1217 3604 1277 3657 ὲν
1310 3604 1617 3677 Χαλκηδόνι
1648 3605 1855 3676 δογμα-

252 3703 519 3769 τίζουσιν·
548 3703 791 3757 κάκεῖνοι
815 3701 925 3773 γάρ
953 3701 1082 3771 μίαν
1109 3700 1411 3754 ὑπόστασιν
1432 3699 1849 3769 ἀποφαίνονται,

251 3794 350 3849 δύο
389 3796 444 3849 δὲ
464 3796 563 3858 τὰς
607 3794 795 3858 οὐσίας
819 3808 834 3823 ·
866 3793 1033 3866 ἡγὰρ
1079 3791 1215 3864 σὰρξ
1242 3791 1428 3863 ἔμεινε
1462 3792 1623 3865 σὰρξ,
1664 3792 1713 3845 εί
1756 3791 1851 3845 καὶ

249 3887 351 3942 τοῦ
396 3886 532 3941 Θεοῦ
580 3887 756 3955 Λόγου
805 3884 945 3959 σάρξ
987 3884 1229 3952 ἐγένετο,
1274 3885 1303 3938 6
1346 3886 1466 3938 ἐστι
1511 3881 1848 3955 προσείληφε

251 3978 435 4050 σάρκα
462 3980 557 4033 καὶ
581 3977 792 4050 ἥνωσεν
816 3975 998 4046 ἑαυτῷ
1025 3975 1369 4046 ἀδιαιρέτως.
1402 3974 1479 4028 Οὐ
1504 3974 1614 4044 γάρ
1636 3974 1849 4046 τροπὴν

251 4072 465 4139 ὑπέστη
484 4070 585 4141 τὴν
610 4072 690 4134 είς
714 4069 916 4140 σάρκα·
943 4068 1075 4131 Θεὸς
1097 4068 1207 4139 γὰρ
1228 4066 1590 4132 ἀναλλοίωτος
1610 4068 1848 4138 ὑπάρχει

246 4160 354 4231 τῆς
382 4160 612 4230 Τριάδος
635 4160 669 4229 ὴ
701 4158 882 4228 φύσις·
915 4158 990 4221 ὡς
1027 4157 1165 4228 ἔφην
1198 4153 1293 4211 οὖν
1333 4158 1632 4229 ἀσύγχυτοι
1676 4175 1849 4228 μεμε-

248 4252 482 4323 νήκασιν
518 4252 579 4304 ὲν
618 4248 697 4320 τῷ
744 4247 1093 4321 Ἐμμσνουὴλ
1137 4247 1216 4318 τῷ
1256 4249 1337 4300 ἐνὶ
1370 4248 1593 4319 Χριστῷ
1622 4248 1699 4318 τῷ
1732 4247 1847 4318 Υίῴ

244 4341 346 4396 τοῦ
377 4340 514 4395 Θεοῦ
564 4340 705 4411 μετά
744 4340 843 4411 τὴν
884 4337 1303 4411 ὲνανθρώπησιν
1338 4339 1396 4392 αἱ
1436 4337 1531 4392 δύο
1567 4340 1766 4393 οὐσίαι·
1796 4339 1846 4391 εί

246 4432 310 4489 δὲ
342 4434 470 4505 μίαν
502 4434 692 4487 οὐσίαν
719 4433 852 4502 φασὶ
875 4431 1165 4500 γεγονέναι
1197 4432 1294 4495 τὰς
1322 4430 1415 4485 δύο
1440 4430 1651 4501 φύσεις,
1691 4429 1847 4501 λελή-

248 4524 409 4578 θασιν
426 4525 652 4587 ἑαυτοὺς
674 4523 1015 4588 ἀπατῶντες,
1039 4521 1133 4575 καὶ
1157 4522 1421 4593 σύγχυσιν
1442 4522 1700 4595 ἧτροπὴν
1716 4523 1847 4577 ὑποο

248 4615 549 4687 τιθέμενοι,
584 4616 660 4680 ὡς
688 4617 787 4686 τῆς
815 4616 944 4687 μιᾶς
974 4614 1281 4687 τραπείσης
1325 4618 1405 4680 είς
1444 4616 1544 4687 τὴν
1587 4618 1782 4688 ἑτέραν
1808 4616 1842 4687 ἢ

247 4712 651 4784 συγχυθείσης·
696 4711 778 4765 ὅτι
819 4711 928 4782 γάρ
976 4710 1047 4765 τά
1090 4710 1353 4781 ὲνούμενα
1410 4711 1697 4781 ἀτρέπτως
1748 4711 1845 4764 καὶ

1958 3511 2153 3566 sticam
2171 3511 2587 3567 subsistentiam
2604 3514 2797 3570 volunt
2814 3525 3082 3583 statuere,
3106 3536 3255 3577 reete
3273 3535 3330 3579 et
3343 3525 3433 3595 pie
3454 3529 3555 3582 ad-

1957 3605 2185 3661 modum
2222 3615 2277 3662 et
2316 3608 2830 3687 conformiterqcum
2862 3614 3250 3676 Chalcedonia
3290 3623 3553 3680 Patribus

1955 3698 2350 3771 dogmatizant.
2376 3700 2440 3757 lli
2463 3704 2611 3759 enim
2631 3721 2794 3760 unam
2810 3707 3226 3767 subsistentiam
3242 3714 3550 3781 declarant,

1955 3792 2093 3847 duas
2131 3802 2320 3849 autem
2349 3794 2764 3853 subsistentias.
2800 3798 2946 3855 Caro
2976 3803 3125 3858 enim
3153 3809 3359 3864 mansit
3393 3825 3547 3874 caro,

1953 3885 2057 3941 etsi
2082 3886 2177 3941 Dei
2202 3887 2360 3943 verbi
2389 3904 2520 3946 caro
2543 3892 2693 3951 facta
2712 3897 2804 3965 sit,
2829 3900 2983 3957 idest
2998 3915 3224 3956 carnem
3245 3906 3549 3974 sumpserit

1952 3985 2010 4032 et
2024 3978 2134 4034 sibi
2158 3980 2611 4053 inseparabiliter
2636 3989 2882 4046 univerit
2903 4009 2917 4057 ;
2936 4008 3048 4046 non
3070 3993 3218 4047 enim
3239 3994 3293 4048 in
3318 4010 3547 4050 carnem

1952 4084 2260 4128 conversus
2285 4081 2401 4141 est;
2446 4091 2577 4132 nam
2605 4078 2752 4136 Deus
2784 4081 3155 4141 immutabilis
3191 4094 3278 4141 est
3321 4086 3547 4143 Triadis

1951 4174 2173 4219 natura.
2217 4166 2289 4223 Ut
2333 4167 2446 4223 dixi
2492 4170 3053 4245 igitur,_'inconfusa
3101 4191 3428 4235 manserunt
3485 4182 3545 4237 in

1950 4256 2280 4313 Emmanuel
2308 4274 2420 4315 uno
2454 4259 2685 4319 Christo
2715 4265 2855 4321 Filio
2886 4267 2985 4322 Dei
3012 4277 3137 4338 post
3199 4270 3547 4327 incarnatio-

1949 4363 2078 4404 nem
2102 4348 2227 4405 dua
2253 4351 2620 4421 substantia;
2650 4355 2739 4411 sin
2768 4365 2959 4413 autem
2979 4375 3146 4414 unam
3171 4361 3545 4417 substantiam

1948 4438 2145 4495 dicunt
2167 4440 2341 4498 factas
2373 4458 2497 4499 esse
2525 4444 2667 4500 duas
2695 4455 2947 4517 naturas,
2983 4450 3205 4521 seipsos
3253 4453 3547 4524 decipien-

1950 4540 2033 4586 tes
2054 4532 2273 4599 fallunt,
2314 4548 2441 4589 cum
2494 4536 2883 4593 confusionem
2947 4555 3047 4595 seu
3112 4545 3542 4602 conversionem

1946 4634 2216 4691 statuant,
2230 4635 2499 4705 tanquam
2538 4645 2648 4685 una
2697 4646 2966 4689 conversa
3008 4634 3260 4691 fueritin
3307 4638 3541 4695 alteram

1949 4731 2047 4776 aut
2077 4738 2204 4778 cum
2230 4722 2403 4779 altera
2431 4722 2687 4779 confusa.
2719 4722 2879 4790 Quod
2909 4726 3059 4781 enim
3084 4727 3255 4783 unita
3282 4730 3542 4787 substan-

241 4805 568 4877 ἀσυγχύτως
601 4802 928 4875 φυλάττεται
955 4804 1013 4857 ἐν
1039 4806 1105 4875 τῇ
1138 4802 1316 4874 οἰκείᾳ
1362 4803 1644 4874 ποσότητι,
1682 4802 1844 4857 τοῦτο

1963 4814 2039 4869 ria
2076 4815 2287 4886 absque
2314 4816 2686 4872 conversione
2717 4825 2774 4871 et
2813 4817 3149 4875 confusione
3191 4836 3538 4880 conserven-

242 4899 433 4968 σαφῶς
453 4899 583 4969 ὑμῖν
608 4899 948 4968 παραστήσω
968 4897 1057 4950 διὰ
1072 4896 1520 4968 παραδείγματος
1540 4897 1650 4950 τῶν
1671 4896 1841 4968 τριῶν

238 4992 597 5046 ὑποστάσεων
636 4990 961 5061 ἀδιαιρέτως
1011 4991 1107 5045 καὶ
1160 4990 1489 5060 ἀσυγχύτως
1537 4991 1840 5061 ἡνωμένων

236 5079 513 5155 κατά“τὴν
536 5083 749 5147 οὐσίαν,
782 5082 929 5154 φημὶ
949 5082 1005 5137 δὲ
1038 5082 1171 5154 πρὸς
1203 5082 1420 5154 [ἰατρὸς
1449 5082 1546 5135 καὶ
1580 5082 1711 5136 Υίοῦ
1743 5084 1838 5138 καὶ

236 5177 396 5245 ἁγίου
436 5176 790 5248 Πνεύματος·
833 5176 895 5229 οὐ
942 5175 1053 5247 γὰρ
1097 5176 1184 5229 διὰ
1235 5175 1297 5229 τὸ
1346 5174 1833 5247 ήνῶσθαιαύτάς,

239 5270 341 5341 μία
387 5269 683 5334 ὑπόστασις
719 5269 1009 5339 γεγόνασιν
1032 5308 1049 5334 ,
1091 5268 1205 5323 ἀλλ’
1234 5268 1513 5340 ἡνωμέναι
1558 5268 1659 5341 μέν
1693 5271 1834 5323 εἰσιν

238 5364 384 5419 κατὰ
419 5363 519 5433 τὴν
555 5362 767 5428 οὐσίαν,
802 5364 860 5415 ὲν
892 5361 1045 5432 τρισὶ
1074 5361 1132 5415 δὲ
1171 5362 1264 5415 καὶ
1293 5363 1603 5433 ἡνωμέναις
1632 5362 1833 5436 γνωρίο

236 5457 422 5523 ξονται
464 5456 860 5511 ὑποστάσεσιν·
897 5453 1071 5517 οὕτως
1101 5454 1195 5506 καὶ
1240 5453 1333 5508 ἐπὶ
1372 5454 1471 5525 τῆς
1517 5455 1833 5526 οἰκονομίας

233 5550 334 5607 τοῦ
377 5549 616 5622 Χριστοῦ
670 5547 765 5603 δύο
814 5548 995 5602 οὐσίαι
1046 5547 1328 5619 ἡνωμέναι
1369 5546 1695 5619 ἀδιαιρέτως
1736 5550 1835 5604 καὶ

234 5644 559 5715 ἀσυγχύτως
590 5642 957 5715 ὑπάρχουσιν·
988 5642 1192 5697 κείσθω
1212 5642 1269 5696 δὲ
1293 5642 1355 5696 τὸ
1376 5644 1728 5715 παράδειγμα
1756 5647 1835 5709 είς

237 5736 403 5808 μόνον
442 5737 502 5791 τὸ
534 5734 886 5807 παραστῆσαι
920 5733 981 5787 τὸ
1022 5732 1317 5805 πρόϐλημα
1345 5732 1407 5787 τὸ
1439 5733 1639 5806 σαθρόν
1662 5751 1675 5764 ·
1712 5736 1837 5789 επεὶ

231 5832 297 5887 τὸ
344 5830 443 5902 τῆς
492 5831 551 5887 ιν
604 5826 826 5901 Χριστῷ
884 5824 1153 5893 ένώσεως,
1210 5826 1448 5897 ἔμπαλιν
1510 5824 1542 5896 ἦ
1596 5827 1687 5882 tat
1737 5829 1836 5900 τῆς

1951 4915 2042 4961 tur
2072 4908 2128 4961 in
2158 4908 2385 4979 prapria
2417 4908 2751 4979 quantitate,
2790 4910 2900 4965 hoc
2956 4911 3105 4967 clare
3133 4913 3291 4969 vobis
3350 4925 3542 4972 osten-

1948 4998 2076 5053 dam
2096 5014 2197 5069 per
2226 4999 2543 5070 exemplum
2578 5000 2748 5054 trium
2800 5000 3291 5058 subsistentiarum
3328 5006 3540 5061 indivi-

1946 5090 2186 5146 sibiliter
2213 5100 2271 5146 et
2301 5090 2594 5147 inconfuse
2628 5093 2912 5147 unitarum
2934 5095 3247 5150 secundum
3277 5097 3543 5154 substan-

1946 5182 2109 5249 tiam;
2133 5181 2203 5237 de
2225 5183 2387 5238 Patre
2421 5182 2567 5249 dico,
2600 5184 2742 5239 Filio
2770 5196 2828 5240 et
2888 5171 3103 5255 Spiritu
3155 5196 3374 5245 sancto.
3415 5189 3538 5245 Non

1944 5276 2092 5331 enim
2123 5274 2230 5331 illa
2256 5277 2638 5346 perunionem
2694 5293 2803 5333 una
2850 5278 3160 5335 substantia
3223 5281 3379 5363 ﬁunt,
3438 5283 3540 5339 sed

1945 5369 2113 5425 unita
2142 5369 2369 5440 quidem
2394 5379 2528 5426 sunt
2561 5371 2873 5426 secundum
2920 5372 3315 5442 substantiam,
3349 5376 3408 5431 in
3436 5378 3548 5442 tris

1943 5462 2049 5518 bus
2076 5472 2261 5518 autem
2277 5474 2334 5520 et
2352 5464 2526 5519 unitis
2543 5464 2927 5519 subsistentiis
2948 5481 3071 5521 esse
3096 5477 3534 5537 cognoscuntur;

1939 5556 2014 5611 ita
2045 5556 2103 5610 in
2133 5554 2731 5627 Christidispositione
2754 5557 2879 5613 dua
2914 5558 3241 5615 substantia
3281 5566 3412 5615 sunt
3452 5560 3538 5615 in-

1938 5648 2301 5705 tlivisibiliter
2353 5658 2411 5705 et
2475 5650 2768 5707 incoul‘use
2834 5651 3027 5707 unita.
3080 5653 3401 5711 Proferatur
3428 5653 3537 5710 hoc

1938 5740 2256 5812 exemplum
2275 5743 2628 5798 solummodo
2658 5743 2724 5799 ad
2757 5744 3162 5802 ostendendam
3203 5754 3537 5801 controvero

1941 5831 2078 5887 siam
2106 5831 2326 5888 inanem
2362 5847 2485 5889 esse
2509 5850 2524 5900 ;
2554 5848 2680 5889 cum
2708 5837 2839 5891 unio
2870 5837 2926 5892 in
2947 5834 3175 5892 Christo
3201 5852 3311 5892 non
3336 5832 3534 5891 eadem
