4110 6332
650 368 791 435 2959

1652 373 1712 436 S.
1757 366 2068 433 EULOGH
2110 376 2462 435 Μὶίζίἒὶἷῖἷδ.
2506 374 2879 435 ALEXAND.

3776 371 3918 434 2960

652 486 720 538 sit
756 499 815 537 ac
850 484 901 536 in
930 483 1147 537 Τνίοειυ.
1183 482 1283 539 llic
1335 488 1480 539 enim
1516 486 1656 540 alius
1704 495 1767 541 et
1798 487 1958 551 alius,
1994 505 2059 543 ne
2089 490 2222 543 sub—

2331 489 2553 558 Τριάδος
2583 489 2716 559 ἔχει·
2756 490 2875 543 ἐκεῖ
2908 490 3005 560 μὲν
3030 490 3139 559 γὰρ
3176 488 3331 545 ἄλλος
3363 490 3455 541 καὶ
3489 487 3671 551 ἄλλος,
3715 489 3804 541 ἵνα
3837 487 3917 557 μὴ

650 574 929 628 sistentias
955 575 1377 639 couinndamus,
1419 593 1531 631 non
1563 578 1707 632 aliud
1744 589 1797 633 et
1845 580 1989 632 aliud
2013 599 2025 635 :
2053 597 2219 634 unum

648 667 794 718 enim
846 676 901 719 et
964 670 1105 720 ltlclll
1162 670 1262 722 tria
1299 678 1425 722 sunt
1479 670 1533 722 in
1571 669 1880 723 divinitate.
1920 673 1974 723 lu
2011 672 2223 724 Emma-

651 760 780 811 nuel
827 769 1008 811 autem
1068 762 1213 813 aliud
1272 770 1356 815 est
1409 762 1693 824 divinitas,
1728 762 1875 821 aliud
1909 766 2223 818 humanitas

654 868 720 903 ne
744 854 1079 906 substantias
1108 854 1533 908 conlundamns.
1579 854 1697 908 Non
1737 854 1883 909 enim
1920 856 2061 908 idem
2095 866 2221 909 sunt

653 953 921 994 'J‘lCl‘lllllll
950 953 1004 995 et
1029 944 1349 1012 temporale,
1380 944 1596 998 visibile
1630 956 1685 1000 et
1735 946 2052 1010 invisibile;
2113 962 2222 1000 non

651 1041 833 1083 autem
858 1031 1066 1087 dicitur
1093 1034 1237 1088 alius
1260 1042 1315 1091 et
1345 1035 1507 1094 alius,
1540 1051 1609 1089 ne
1633 1036 1737 1089 hoc
1770 1036 1881 1089 ﬁat.
1916 1037 2035 1090 Duo
2074 1039 2220 1092 enim

656 1123 858 1177 unione
884 1140 1047 1178 unam
1069 1140 1357 1194 personam
1383 1125 1628 1181 eﬂieiunt
1657 1136 1713 1180 et
1744 1142 1907 1181 unam
1933 1128 2221 1183 characte-

656 1217 892 1270 risticam
929 1217 1364 1272 subsistentiam.

1026 1328 1106 1381 Ea:
1151 1327 1361 1399 Eulogii
1404 1329 1846 1385 Defensionibus.

723 1446 797 1497 Ne
829 1459 958 1514 ergo
992 1443 1209 1513 negotia
1242 1444 1401 1497 nobis
1433 1444 1819 1514 przestent,qui
1854 1444 1994 1498 nihil
2028 1459 2222 1498 sanum

650 1537 890 1605 cogitare
926 1538 1136 1611 volunt,
1164 1535 1258 1589 sed
1293 1535 1701 1589 inconsiderate
1725 1536 1994 1605 garriunt,
2024 1545 2078 1589 et
2103 1551 2219 1590 rec-

653 1638 758 1681 tam
782 1636 838 1679 et
873 1626 1417 1695 irreprehensibilem
1447 1625 1609 1680 iidem
1646 1634 1906 1680 excutere
1949 1627 2222 1682 nituntur.

651 1720 760 1773 Nos
789 1720 934 1773 enim
962 1733 1131 1772 unum
1163 1716 1443 1773 Christum
1498 1718 1595 1772 Dei
1648 1718 1848 1772 Filium
1907 1718 2220 1782 adoramus,

653 1813 704 1865 in
747 1826 911 1865 carne
971 1811 1147 1863 visum
1180 1810 1265 1863 his
1291 1811 1384 1880 qni
1427 1811 1480 1864 in
1533 1820 1681 1864 terra
1736 1810 1980 1881 degunt;
2023 1810 2224 1864 distin-
2256 1846 2297 1901 Β

650 1905 890 1957 ctionem
945 1912 1126 1956 tamen
1183 1901 1531 1955 divinitatem
1588 1902 1735 1955 inter
1762 1911 1816 1955 et
1864 1917 2085 1956 carnem
2124 1902 2221 1954 ad-

652 1994 941 2048 mittimus.
977 1993 1124 2046 Deus
1150 1992 1297 2047 enim
1327 1990 1569 2046 Verbum
1599 2001 1861 2049 aeternus.
1890 2002 1974 2045 est
2005 1993 2221 2045 increa-

652 2096 761 2149 tus,
808 2083 1187 2153 impassibilis,
1237 2092 1291 2137 ct
1338 2098 1460 2152 qua:
1504 2082 1702 2136 decent
1750 2082 1992 2136 divinam
2042 2082 2223 2151 perte.

651 2178 913 2229 i-Iior.em.
941 2174 1082 2230 Caro
1108 2182 1293 2228 autem
1326 2173 1473 2227 illius
1504 2189 1672 2227 unum
1709 2161 1916 2242 aliquid
1948 2188 2073 2225 cum
2132 2172 2223 2225 illo

649 2266 889 2320 rﬂicicns
922 2282 1019 2335 per
1068 2275 1275 2319 arctam
1312 2274 1366 2319 et
1420 2265 1895 2320 subsistentialem
1938 2265 2221 2326 unionem,

649 2358 716 2409 de,
748 2373 854 2427 qua
891 2357 1250 2425 pmphetieus
1286 2356 1524 2411 Joannes
1561 2358 1777 2410 clamat.
1834 2356 2058 2409 Verbum
2101 2372 2224 2407 caro

651 2455 846 2520 factum
870 2458 942 2502 est
974 2458 1020 2501 et
1049 2448 1302 2501 habitavit
1326 2450 1376 2501 in
1414 2447 1556 2501 nobis
1580 2449 1619 2509 ³,
1652 2448 1989 2518 temporalis,
2016 2456 2219 2512 creata,

650 2541 923 2611 passibilis
984 2550 1086 2595 est.
1152 2539 1353 2595 Omnes
1420 2550 1599 2595 autem
1665 2541 1783 2595 illas
1846 2542 2030 2596 carnis
2095 2556 2222 2610 pro-

650 2633 915 2702 prietates
944 2632 1271 2701 protitemur
1302 2629 1473 2685 factas
1496 2646 1615 2685 esse.
1637 2646 1859 2700 quoque
1898 2632 1993 2685 Dei
2018 2630 2180 2685 Verbi
2208 2647 2221 2694 ;

652 2738 773 2774 nam
804 2722 845 2775 si
877 2722 1101 2790 propria
1134 2722 1252 2791 ejus
1282 2736 1412 2776 caro
1442 2721 1631 2785 fuerit,
1673 2722 1901 2776 evidens
1932 2732 2015 2776 est
2041 2722 2225 2776 carnis

652 2811 1017 2880 proprietates
1062 2811 1181 2879 ejus
1232 2826 1453 2880 quoque
1503 2810 1715 2866 futuras
1767 2827 1912 2865 esse.
1966 2812 2225 2881 Proprias

648 2902 794 2955 rnim
823 2902 926 2956 sibi
957 2903 1077 2956 illas
1108 2902 1259 2967 facit,
1297 2904 1402 2958 etsi
1452 2920 1562 2958 non
1612 2904 1939 2972 subjiciatur
1990 2905 2096 2957 illis
2141 2903 2226 2957 di-

651 2994 777 3047 vina
808 2995 927 3063 ejus
959 3004 1175 3048 natura.
1221 2994 1442 3049 Etenim
1498 3009 1693 3049 omnes
1742 2993 1911 3049 Verbi
1953 2995 2051 3049 Dei
2099 3008 2222 3048 esse

650 3090 774 3157 post
799 3083 1236 3161 incarnationem
1286 3086 1471 3140 carnis
1516 3086 1635 3155 ejus
1693 3084 2087 3155 proprietates,
2138 3084 2222 3137 di-

2325 586 2417 646 τέές
2450 585 2772 646 ὑποστάσεις
2820 586 3167 654 συγχέωμεν,
3200 585 3301 637 οὑκ
3336 585 3459 637 ἄλλο
3504 584 3562 636 δὲ
3614 587 3710 635 καὶ
3744 584 3877 637 ἄλλο
3899 601 3912 613 ο

2326 678 2381 725 ἓν
2422 677 2528 745 γὰρ
2572 677 2641 727 τὰ
2682 677 2810 741 τρία
2856 680 2949 729 καὶ
2990 677 3184 731 ταυτδν
3232 680 3297 745 τῇ
3346 678 3581 744 θεότητι·
3631 676 3691 727 ὲν
3741 676 3799 727 δὲ
3833 677 3914 744 τῷ

2340 768 2683 837 ’ἱ-ἷμμανουὴλ
2717 769 2843 822 ἄλλο
2879 771 2976 837 μὲν
3010 769 3221 837 θεότης,
3253 769 3379 822 ἄλλο
3423 769 3476 820 δὲ
3526 767 3914 845 ἀνθρωπότης,

2327 860 2414 913 ἵνα
2471 860 2544 929 μὴ
2602 862 2699 921 τὰς
2751 862 2939 923 οὐσίας
2993 862 3309 931 συγχέωμεν
3341 860 3441 913 ’οὗ
3475 860 3585 930 γὰρ
3633 860 3802 914 ταυτδ
3852 862 3917 913 τὸ

2328 949 2551 1019 ἄχρονον
2572 951 2650 1022 τῷ
2684 952 2741 1004 ὲν
2769 952 2977 1021 χρόνῳ,
3001 954 3095 1004 καὶ
3121 952 3181 1004 τὸ
3208 953 3401 1022 ὁρατὸν
3435 951 3510 1022 τῷ
3542 953 3785 1021 ἀοράτῳσ
3814 953 3916 1004 οὑκ

2326 1026 2483 1103 ἀλλος
2511 1043 2566 1095 δὲ
2596 1044 2690 1095 καὶ
2714 1043 2889 1108 ἄλλος,
2932 1043 3005 1113 μὴ
3033 1043 3261 1110 γένοιτο·
3294 1045 3361 1097 τὰ
3392 1044 3500 1115 γὰρ
3528 1044 3819 1111 ἀμφότερα
3846 1048 3911 1111 τῇ

2327 1132 2516 1183 ὲνὼσει
2552 1132 2609 1182 ἓν
2646 1132 2938 1202 πρόσωπον
2970 1132 3339 1203 ἀπετελέσθη,
3376 1132 3470 1185 καὶ
3507 1132 3638 1202 μίαν
3677 1132 3911 1184 {nr/sata-

2330 1236 2412 1272 σιν
2441 1223 2966 1291 χαρακτηριστικήν.

2620 1333 2721 1385 Ἐκ
2758 1330 2878 1384 τῶν
2914 1333 3213 1402 Εὐλογιου
3254 1333 3623 1403 Συνηγοριῶν.

2395 1447 2486 1515 Μὴ
2516 1446 2694 1499 τοϊνυν
2732 1447 3035 1517 πράγματα
3065 1446 3197 1516 ήμΐν
3230 1446 3621 1516 παρεχέτωσαν
3655 1446 3704 1499 οἱ
3745 1446 3919 1517 μηδὲν

2326 1537 2476 1603 ὑγιὲς
2510 1539 2649 1589 νοεῖν
2692 1536 3024 1607 βουλόμενοι,
3060 1537 3192 1589 ἀλλὰ
3236 1537 3412 1607 μάτην
3452 1535 3917 1603 εἰκαιολογοῦντες

2326 1628 2418 1678 καὶ
2458 1627 2553 1697 τὴν
2593 1626 2757 1699 ὀρθὴν
2796 1629 2889 1681 καὶ
2932 1627 3231 1699 ἀμώμητον
3258 1625 3493 1698 [πίστιν]
3530 1626 3918 1699 διαταράττειν

2326 1712 2759 1783 ἐπιχειροῦντες
2802 1717 2962 1785 ἡμεῖς
3013 1716 3119 1788 γὰρ
3174 1715 3269 1769 ἕνα
3326 1716 3561 1785 Χριστὸν
3605 1717 3735 1770 Υιδν
3776 1714 3919 1769 Θεοῦ

2328 1804 2739 1874 προσκυνοῦμεν
2771 1808 2935 1875 σαρκὶ
2963 1807 3194 1874 ὀφθέντα
3223 1810 3335 1872 τοῖς
3368 1809 3460 1861 ἐπὶ
3493 1809 3619 1877 γῆς·
3647 1808 3922 1879 διαφορὰν

2330 1893 2511 1962 μέντοι
2561 1896 2654 1965 τῆς,
2702 1895 2955 1965 θεότητος
3001 1898 3137 1966 πρὸς
3177 1900 3273 1967 τὴν
3321 1900 3500 1971 σάρκα
3538 1900 3916 1967 γινώσκομεν·

2327 1987 2420 2037 καὶ
2456 1986 2565 2055 γὰρ
2598 1989 2625 2039 ό
2659 1986 2791 2049 Θεὸς
2845 1988 3017 2055 Λόγος
3059 1988 3301 2059 ἄχρονος,
3353 1990 3623 2055 ἄκτιστος,
3673 1990 3917 2060 ἀπαθὴς,

2327 2078 2420 2130 καὶ
2477 2079 2576 2132 ὅσα
2628 2081 2827 2151 πρέπει
2879 2083 2943 2150 τῇ
2992 2080 3115 2151 θεία
3166 2082 3553 2155 μεγαλωσὺνῃο
3599 2085 3632 2153 ὴ
3680 2083 3736 2136 δὲ
3780 2085 3919 2153 σὰρξ

2325 2168 2488 2220 αὑτοῦ
2530 2169 2588 2220 ἓν
2631 2187 2680 2221 τι
2724 2172 3045 2241 ὑπάρχουσα
3080 2173 3214 2241 πρὸς
3245 2174 3407 2226 αὑτὸν
3460 2173 3546 2228 διὰ
3598 2176 3698 2243 τὴν
3736 2175 3921 2245 ἄκραν

2328 2261 2425 2313 καὶ
2480 2262 2840 2315 ὲνυπόστατον
2894 2264 3118 2330 ἕνωσιν,
3172 2266 3240 2318 δι’
3287 2267 3351 2335 ἣν
3401 2266 3495 2318 καὶ
3549 2268 3577 2319 ὁ
3608 2265 3921 2331 θεσπέσιος

2339 2354 2587 2423 Ἰωάννης
2626 2354 2755 2424 βοᾷο
2801 2354 2863 2408 ’0
2902 2357 3084 2423 λόγος
3121 2358 3279 2424 σὰρξ
3311 2356 3547 2425 ἐγένετο
3592 2358 3690 2411 καὶ
3728 2358 3918 2421 ἐσκή-

2324 2460 2521 2496 νωσεν
2549 2445 2617 2497 ἐν
2646 2445 2810 2513 ἡμῖν,
2843 2446 3098 2517 ἐγχρονος
3134 2448 3391 2519 ὑπάρχει,
3425 2448 3639 2520 κτιστὴ,
3669 2451 3914 2519 παθητίγ

2326 2535 2501 2587 πάντα
2546 2534 2602 2587 δὲ
2651 2537 2823 2590 ταῦτα
2869 2539 2967 2607 τῆς
3020 2540 3220 2609 σαρκὸς
3258 2541 3625 2611 ὁμολογοῦμεν
3661 2541 3920 2608 γενέσθαι

2322 2625 2415 2677 τοῦ
2462 2626 2597 2678 Θεοῦ
2645 2627 2838 2696 Λόγου·
2888 2630 2937 2680 sl
2985 2629 3093 2700 γὰρ
3131 2630 3234 2683 ἰδία
3264 2630 3427 2683 αὑτοῦ
3475 2634 3509 2702 ἡ
3552 2631 3710 2700 σὰρξ,
3755 2632 3918 2702 δῆλον

2323 2716 2405 2769 ὅτι
2444 2718 2538 2769 καὶ
2588 2718 2655 2771 τὰ
2692 2718 2790 2786 τῆς
2836 2719 3038 2783 σαρκὸς
3082 2720 3257 2774 πάντα
3303 2719 3467 2775 αὑτοῦ
3504 2720 3677 2773 ἔσται·
3713 2723 3917 2775 οἰκειο-

2324 2811 2557 2861 ποιεῖται
2587 2809 2695 2880 γὰρ
2718 2809 2879 2876 αὑτὰ,
2909 2811 2956 2862 εἰ
2986 2810 3077 2862 καὶ
3103 2810 3178 2881 μὴ
3210 2807 3468 2865 ὑπέκειτο
3490 2812 3705 2877 τούτοις
3735 2814 3768 2883 ἡ
3797 2813 3917 2867 θεία

2322 2898 2488 2951 αὑτοῦ
2548 2898 2737 2967 φύσις·
2763 2900 2845 2953 ὅτι
2876 2902 2984 2970 γὰρ
3024 2901 3203 2954 πάντα
3249 2900 3346 2955 τοῦ
3380 2902 3518 2956 Θεοῦ
3572 2903 3752 2970 Λόγου
3794 2906 3916 2957 ἐστὶ

2326 2989 2461 3057 μετὰ
2508 2989 2604 3058 τὴν
2650 2988 3061 3061 ὲνανθρώπησιν
3114 2993 3183 3045 τὰ
3228 2993 3332 3063 τῆς
3386 2993 3589 3065 σαρκὸς
3634 2995 3833 3061 αὑτοῦ,
3880 2998 3912 3061 ἠ

2324 3075 2442 3129 θεία
2487 3077 2677 3149 Γραφὴ
2704 3081 2847 3149 ἡμᾶς
2896 3080 3157 3135 παιδεύει·
3191 3082 3325 3153 φησὶ
3357 3085 3465 3154 γὰρ
3487 3122 3500 3145 ,
3542 3084 3916 3153 Ἑωράκαμεν

652 3173 778 3226 \ina
810 3172 1093 3247 Scriptura
1125 3190 1227 3233 nos
1263 3175 1445 3240 docet,
1480 3176 1616 3230 dicit
1643 3175 1831 3230 enim:
1866 3175 2099 3229 Vidimus
2124 3174 2226 3228 Do-

2331 3166 2439 3219 τὸν
2468 3168 2706 3234 Κύριον,
2736 3169 2797 3222 τὸ
2828 3172 3234 3241 συναμφότερον
3258 3172 3572 3240 “vostra-.6
3593 3176 3703 3247 γὰρ
3738 3178 3913 3247 ἑωρα-

654 3265 878 3327 minum,
904 3275 1201 3334 utrumque
1226 3265 1563 3336 signiﬁcans.
1600 3265 1702 3332 Qui
1757 3266 1904 3321 enim
1938 3267 2074 3321 vidit
2108 3279 2223 3321 car-

654 3371 779 3409 nem
806 3354 1035 3419 Christi,
1059 3366 1233 3409 totum
1261 3356 1423 3422 vidit,
1457 3357 1559 3412 etsi
1604 3356 1898 3412 invisibilis
1933 3367 2127 3411 natura
2156 3356 2227 3409 sit

654 3445 944 3509 divinitas;
967 3455 1022 3500 et
1046 3447 1241 3501 iterum
1267 3464 1278 3499 :
1300 3447 1580 3501 Dominum
1604 3447 1787 3517 gloriae
1808 3464 1910 3501 non
1934 3447 2230 3505 cruciﬁxi:-

652 3546 766 3590 sent
798 3539 838 3600 ⁸,
864 3537 1049 3591 divina
1074 3554 1268 3607 nempe
1298 3548 1494 3593 natura
1558 3540 1650 3593 illo
1680 3554 1788 3593 non
1822 3540 2084 3608 patiente,
2133 3539 2225 3594 sed

656 3630 876 3699 prapria
944 3646 1130 3683 carne.
1181 3631 1455 3685 Docemur
1508 3646 1638 3700 ergo
1690 3632 1779 3685 his
1826 3632 2085 3686 omnibus
2131 3630 2227 3685 Dei

657 3721 820 3775 Verbi
860 3722 1129 3775 incarnati
1164 3721 1338 3776 fuisse
1371 3733 1430 3780 et
1454 3722 1672 3777 divinas
1698 3732 1753 3777 et
1793 3724 2061 3779 humanas
2098 3726 2227 3792 pro-

658 3813 957 3882 prietatcs;
985 3812 1080 3867 sed
1108 3813 1165 3867 in
1192 3812 1280 3867 bis
1312 3814 1515 3883 quibus
1545 3815 1749 3868 dicitur
1789 3814 2070 3869 Christum
2098 3830 2220 3868 esu-

657 3906 873 3970 rivissc,
900 3906 1171 3971 sitivisse,
1199 3914 1402 3961 tactum
1442 3916 1538 3959 aut
1591 3920 1809 3975 passum
1848 3906 2039 3969 fuisse,
2093 3915 2228 3975 puto

658 3995 811 4052 illum
865 4010 973 4048 non
1038 3996 1091 4048 in
1160 3994 1344 4049 divina
1376 4002 1573 4049 natura
1623 3994 1739 4049 lucc
1764 4002 2047 4064 expertum
2084 4008 2225 4059 esse,

656 4085 751 4139 sed
789 4086 842 4139 in
898 4102 1060 4141 carne
1109 4102 1272 4155 quam
1330 4096 1659 4157 sumpserat,
1695 4094 1750 4140 et
1798 4100 1896 4155 per
1947 4100 2110 4154 quam
2170 4094 2230 4141 ut

657 4175 821 4230 han
849 4184 1210 4231 conversatus
1227 4182 1327 4234 est.

2331 3256 2443 3321 κὼς
2471 3258 2569 3327 τὴν
2606 3260 2781 3327 σάρκα
2815 3261 2909 3313 τοῦ
2943 3262 3199 3333 Χριστοῦ,
3237 3265 3358 3318 ὅλον
3398 3264 3657 3321 ἐθεάσατο
3678 3307 3693 3330 ,
3724 3271 3773 3322 tl
3818 3273 3910 3325 καὶ

2332 3349 2558 3414 ἀθέατος
2590 3354 2647 3404 τὸ
2679 3354 2816 3405 κατὰ
2840 3352 2999 3422 φύσιν
3030 3357 3060 3422 ὴ
3092 3355 3281 3427 θεότης
3306 3358 3572 3429 ὑπῆρχενο
3606 3361 3701 3414 καὶ
3729 3362 3911 3429 πάλιν,

2337 3442 2458 3494 Οὐκ
2493 3442 2569 3495 ἂν
2604 3444 2709 3495 τόν
2734 3445 2952 3513 Κύριον
2990 3445 3099 3512 τῆς
3122 3446 3305 3513 δόξης
3332 3448 3728 3517 ἐσταύρωσαν
3748 3470 3763 3485 ο
3792 3453 3916 3507 sui.

2334 3548 2416 3585 τοι
2463 3536 2529 3602 τῇ
2582 3535 2701 3606 θείᾳ
2766 3536 2927 3604 φύσει
2973 3537 3134 3590 αὑτοῦ
3191 3538 3265 3609 μὴ
3314 3540 3610 3607 παθόντος,
3664 3543 3804 3597 ἀλλὰ
3847 3546 3909 3614 τῇ

2336 3624 2511 3694 οἰκείᾳ
2543 3626 2739 3695 σαρκί·
2772 3627 3136 3698 διδασκόμεθα
3173 3626 3267 3682 οὖν
3307 3631 3365 3683 ὲν
3401 3633 3537 3684 πᾶσι
3572 3633 3802 3698 τούτοις,
3834 3636 3909 3688 ὅτι

2335 3716 2426 3769 τοῦ
2455 3717 2589 3770 Θεοῦ
2619 3718 2787 3787 Λόγου
2824 3721 3197 3785 σαρκωθέντος
3224 3717 3292 3793 ἦν
3320 3723 3388 3777 τά
3412 3740 3471 3775 τε
3505 3724 3784 3798 θεοπρεπῆ
3818 3731 3910 3785 καὶ

2331 3805 2401 3858 τὰ
2427 3806 2758 3878 ἀνθρώπινα’
2796 3808 2910 3861 ἀλλ’
2950 3811 3008 3862 ὲν
3044 3806 3125 3871 οἷς
3166 3828 3330 3881 φησιν
3374 3814 3455 3865 ὅτι
3498 3814 3787 3887 ὲπείνησεν
3821 3819 3911 3874 καὶ

2334 3898 2582 3965 ἐδίψησεν
2616 3899 2647 3968 ἢ
2682 3899 3003 3971 ἐψηλαφήθη
3042 3902 3074 3971 ἢ
3104 3903 3290 3974 ὡράθη
3316 3944 3332 3968 ,
3366 3907 3469 3959 νοῶ
3495 3907 3577 3961 ὅτι
3605 3910 3667 3963 οὐ
3698 3914 3766 3982 τῇ
3796 3912 3909 3984 θείᾳ

2330 3992 2492 4054 φύσει
2516 3991 2683 4044 ταῦτα
2712 3992 2999 4059 πέπονθεν,
3025 3994 3162 4049 ἀλλὰ
3185 3998 3250 4066 τῇ
3278 3998 3689 4073 προσληφθείσῃ
3724 4004 3904 4073 σαρκὶ,

2332 4080 2451 4134 καθ’
2488 4081 2554 4151 ἢν
2586 4081 2869 4153 ἄνθρωπος
2898 4084 3267 4155 ἐχρημάτισεν
3296 4087 3393 4158 (Ι).

1028 4355 1084 4409 8.
1121 4354 1331 4428 Eulogii
1357 4359 1674 4428 patriarcha:
1696 4356 2070 4422 Alexandrini,
2100 4369 2163 4409 ex
2200 4353 2289 4409 lib.
2318 4369 2397 4417 ιιι,
2422 4352 2685 4410 Adversus
2710 4352 3059 4408 Novatianos.
3090 4354 3245 4409 Phot.
3275 4354 3402 4413 Cod.
3430 4358 3555 4419 280.

1254 4517 1315 4570 F.
1357 4516 1649 4571 FRAVCISCO
1682 4514 1963 4571 Counsris.
1996 4514 2316 4583 interprete.
2345 4511 2591 4567 Biblioth.
2618 4512 2922 4568 Concionat.
2950 4520 2990 4567 t.
3031 4513 3097 4580 V,
3120 4527 3177 4582 p.
3221 4512 3341 4566 {27.

726 4672 879 4740 Quod
909 4673 984 4726 ait
1016 4672 1326 4741 Apostolus,
1362 4671 1669 4725 Valuntarie
1700 4673 2031 4742 peccantibus
2082 4671 2227 4723 nobis

658 4775 770 4834 post
811 4772 1081 4834 acceptam
1116 4764 1361 4815 notitiam
1384 4765 1766 4833 veritatis,jam
1786 4777 1885 4815 non
1911 4762 2228 4819 relinquitur

657 4873 753 4927 pro
781 4864 990 4925 peccato
1019 4854 1248 4916 hostia“,
1279 4869 1390 4907 non
1409 4867 1476 4907 eo
1499 4861 1707 4921 Spectat
1746 4862 2000 4922 tanquam
2024 4852 2233 4906 sacrili-

657 4964 687 5000 c
713 4966 802 5001 um
844 4946 1071 5001 omnino
1094 4945 1371 5000 sublatum
1404 4944 1578 4999 velit:
1618 4944 1712 4997 sed
1760 4944 1893 4997 illud
1938 4944 2226 5003 duntaxat,

660 5041 807 5111 quod
842 5041 979 5110 legis
1010 5039 1119 5093 ritu
1152 5038 1453 5108 peragitur.
1496 5037 1609 5092 Nec
1648 5036 1809 5089 modo
1869 5037 1921 5089 id
1953 5051 2123 5105 genus
2146 5050 2233 5089 sa-

658 5132 851 5186 erilicii
889 5140 1056 5193 vetat,
1097 5129 1190 5183 sed
1222 5139 1276 5184 et
1299 5144 1615 5197 supremum
1644 5127 1911 5196 judicium
1944 5128 2011 5180 iis
2068 5128 2235 5179 inter-

660 5224 919 5281 minutur.
954 5222 1048 5290 qui
1084 5227 1203 5289 post
1237 5218 1474 5289 agnitam
1502 5218 1815 5278 veritatem,
1861 5232 1922 5270 ac
1945 5232 2069 5270 cum
2120 5231 2235 5285 my-

658 5317 856 5368 sticum
882 5312 1212 5367 sacriﬁcium
1248 5311 1394 5365 nacti
1422 5309 1556 5371 sint,
1591 5308 1656 5362 ad
1693 5307 1884 5377 legale,
1911 5309 2056 5376 quod
2116 5317 2234 5362 tan-

660 5420 843 5462 tarum
878 5421 940 5460 ac
966 5405 1243 5458 hircorum
1273 5400 1645 5455 immolatione
1698 5407 2009 5469 praestatur,
2066 5400 2233 5453 sacri-

732 5588 926 5642 3.loan.
960 5603 997 5647 ι,
1036 5586 1121 5638 ll.
1196 5584 1260 5637 ‘l
1315 5583 1439 5638 Cor.
1465 5599 1520 5643 ιι,
1576 5582 1626 5635 8.
1708 5584 1725 5613 ⁸
1763 5581 1927 5634 llehr.
1962 5596 2012 5642 χ,
2048 5580 2135 5631 26.

2339 4667 2523 4723 licium
2556 4670 2811 4724 redeunt.
2838 4670 3076 4739 Haecque
3099 4670 3235 4726 adeo
3267 4670 3473 4724 Paulus
3495 4685 3562 4725 eo
3591 4672 3779 4728 animo
3835 4676 3908 4729 lo-

2338 4758 2547 4828 quitur,
2580 4768 2641 4811 ut
2668 4758 2910 4823 Judaeos,
2935 4759 3031 4828 qui
3084 4758 3151 4813 ad
3188 4758 3472 4814 Christum
3524 4760 3636 4829 jam
3669 4776 3907 4818 accesse-

2340 4857 2462 4901 rant
2490 4858 2709 4904 revocet
2756 4850 2825 4903 ab
2854 4850 3242 4905 observatione
3293 4850 3575 4918 legalium.
3636 4851 3899 4917 Quemad-

2339 4939 2562 4993 modum
2588 4941 2755 5010 igitur
2776 4941 3044 5010 legalibus
3068 4940 3439 5009 baptismatis,
3470 4940 3551 4995 sic
3580 4948 3638 4995 et
3666 4946 3906 4997 cruentis

2340 5030 2651 5091 sacriﬁciis,
2686 5032 2756 5086 iis
2802 5031 3103 5086 interdicit.
3129 5031 3301 5087 Judaei
3334 5046 3575 5100 namque
3613 5047 3755 5101 quos
3785 5049 3906 5102 pee-

2341 5120 2447 5174 cati
2502 5131 2690 5176 reatus
2745 5121 3097 5193 astringeret,
3167 5121 3408 5190 primum
3458 5121 3681 5191 quidem
3732 5125 3907 5192 expia-

2340 5214 2564 5277 bantur,
2595 5222 2820 5283 tumque
2850 5229 2990 5283 aqua
3051 5214 3420 5269 abluebantur
3452 5228 3517 5267 ac
3572 5214 3907 5283 intingebau-

2343 5314 2468 5369 tur;
2504 5320 2567 5359 ac
2594 5313 2873 5374 postremo
2901 5306 3011 5375 jam
3029 5304 3277 5359 eruentis
3314 5304 3511 5358 hostiis
3562 5303 3855 5367 faciebant,
3879 5322 3905 5359 ι

2342 5397 2545 5466 quibus
2575 5411 2671 5451 eos
2727 5412 2963 5451 avocans
3010 5396 3324 5461 Apostolus,
3375 5395 3658 5451 terribiles
3696 5411 3902 5468 quoque

732 5724 806 5789 (1)
843 5720 1230 5788 Sequebantur
1258 5720 1309 5770 in
1347 5718 1536 5789 codice
1575 5716 1794 5786 plurimi
1836 5716 2029 5769 l’isida‘;
2066 5714 2231 5769 iambi
2277 5712 2540 5768 adversus
2594 5712 2879 5776 Severum,
2928 5726 3067 5780 quos
3092 5726 3190 5782 ego
3218 5724 3370 5765 more
3410 5724 3533 5765 meo
3556 5711 3897 5785 praetermisi,

661 5794 785 5864 quia
812 5800 995 5846 extant
1028 5792 1082 5844 in
1108 5788 1466 5843 editionibus.
