4110 6332
636 374 771 439 ἓέΝΤῖ

1902 376 1961 433 S.
1999 373 2292 433 SYMEON
2334 374 2638 436 JUNIOR.

3744 380 3891 441 2968

635 502 664 538 τι
729 484 998 539 »ιιιμιτιήο
1062 485 1337 554 Daphnes,
1390 485 1442 538 in
1500 495 1687 539 monte
1737 501 1899 554 quem
1950 486 2205 554 pluribus
2236 491 2281 546 Α
2311 483 2456 536 intra
2488 470 2768 537 mandram
2798 485 3056 539 conclusa
3092 484 3215 554 fuit,
3266 487 3345 541 uti
3386 487 3663 553 Senioris,
3708 501 3883 559 prout

636 576 1017 633 describemus
1046 577 1205 630 infra.
1232 578 1309 631 De
1344 576 1523 646 primo
1550 576 1767 629 abunde
1795 576 2091 630 Bollandus
2112 591 2208 629 no-

634 678 748 721 ster
778 669 889 739 egit
914 670 969 722 in
1002 669 1282 732 Januario,
1310 677 1365 722 et
1393 668 1736 737 cognominis
1766 668 2011 736 praedicti
2039 667 2206 720 ratio-

645 775 775 812 nem
826 776 893 813 ex
933 769 1161 813 auclore
1206 759 1351 841 haud
1411 760 1573 828 paulo
1620 758 1918 828 antiquiori
1972 758 2208 828 Evagrio

638 850 1048 919 intelligendam
1092 840 1269 912 dedit.
1309 849 1563 920 allegatis
1618 850 1739 920 ejus
1795 846 1999 913 verbis,
2031 861 2209 903 annos

634 942 760 995 vita:
785 942 865 995 sic
895 939 1378 1005 distribuentibus,
1420 949 1477 995 ut
1504 941 1701 995 dicatis
1734 940 1909 1010 egisse
1961 942 2019 991 ὲν
2071 939 2206 1010 αὐτῇ

641 1032 948 1103 καλουμένῃ
1018 1032 1244 1103 Μάνδρᾳ
1300 1034 1440 1086 ἑπτα
1504 1034 1594 1085 καὶ
1631 1034 2035 1104 τεσσαράκοντα
2086 1031 2205 1101 ἐτη,

636 1123 689 1175 in
738 1140 800 1176 ea
842 1140 959 1192 qum
985 1132 1199 1177 rocatur
1246 1122 1474 1176 Handra
1523 1139 1691 1177 annos
1733 1123 2091 1193 quadraginta
2127 1139 2209 1176 se-

637 1222 800 1282 ptem,
828 1214 1084 1268 videlicet
1110 1213 1339 1267 ultimos
1378 1213 1501 1267 vitm
1541 1229 1673 1279 suas,
1710 1214 1875 1285 idque
1919 1230 2084 1282 supra
2118 1229 2205 1266 va-

639 1306 751 1360 rias
774 1305 1083 1361 successive
1116 1306 1421 1370 columnas,
1452 1308 1594 1361 intra
1630 1292 1880 1362 eamdem
1925 1306 2204 1363 Mandram

636 1403 873 1456 erectas,
919 1402 1085 1463 prout
1117 1409 1183 1447 ex
1234 1394 1354 1447 Vita
1385 1396 1451 1448 ab
1480 1396 1724 1448 Antonio
1760 1395 2031 1463 discipulo
2073 1392 2206 1447 scri-

637 1490 729 1549 pta
763 1483 1105 1552 intelligitur.
1144 1483 1239 1536 Est
1268 1493 1453 1537 autem
1490 1484 1717 1537 Mandra
1744 1485 1797 1537 in
1824 1485 2000 1553 prlmo
2041 1494 2207 1552 atque

633 1573 938 1641 originario
989 1588 1090 1628 suo
1128 1572 1454 1643 signiﬁcato.
1501 1576 1657 1629 locus
1704 1576 1939 1629 maceria
1992 1576 2205 1645 lapidea

634 1651 1056 1734 circumseptus,
1087 1665 1302 1734 qualem
1349 1666 1451 1718 sibi
1500 1667 1553 1719 in
1586 1666 1755 1736 Syriae
1792 1668 1999 1737 campis
2027 1668 2205 1722 facere

635 1756 892 1809 solebant
944 1766 1209 1823 pastores,
1246 1758 1499 1827 intraque
1530 1774 1651 1811 eam
1680 1759 1920 1827 pecudes
1946 1775 2075 1814 suas
2101 1776 2205 1814 no-

628 1856 729 1900 ‘ctu
796 1848 1073 1918 colligere,
1108 1847 1200 1901 ubi
1227 1863 1256 1901 a
1288 1849 1427 1916 lupis
1464 1865 1526 1902 ac
1578 1849 1797 1903 furibus
1826 1860 1955 1904 tuta:
1996 1862 2200 1907 essent.

636 1939 805 2003 Talis,
840 1953 942 1993 nec
999 1940 1125 2002 alia,
1152 1938 1259 1992 fuit
1289 1938 1535 2003 Mandra,
1575 1956 1697 2009 qua:
1732 1942 1912 2009 primo
1958 1941 2205 2012 Symeoni

636 2045 837 2089 nomen
862 2031 1013 2085 dedit
1043 2049 1058 2096 ;
1092 2032 1293 2101 quippe
1332 2032 1421 2100 qui
1449 2041 1646 2099 prmter
1675 2049 1842 2086 unum
1887 2035 1991 2088 sibi
2046 2036 2208 2089 mini-

634 2131 899 2177 strantem
926 2122 1221 2175 Antonium
1242 2122 1421 2175 nullos
1448 2124 1655 2176 sciatur
1671 2122 1929 2177 habuisse
1960 2123 2205 2193 discipu-

638 2217 756 2277 los;
781 2223 917 2267 ctco
942 2222 1149 2266 tantum
1173 2214 1276 2267 line
1312 2216 1431 2267 loco
1448 2230 1608 2282 quem
1635 2216 1886 2268 columna
1916 2231 2013 2268 sua
2042 2232 2208 2269 occu-

638 2307 803 2376 pabat
828 2304 1197 2360 circumduxit
1236 2306 1551 2367 maceriam,
1587 2321 1655 2376 ne
1688 2306 2032 2374 promiscuus
2058 2307 2125 2359 ad
2150 2324 2207 2361 se

639 2409 895 2448 accessus
934 2394 1158 2448 daretur
1193 2394 1358 2447 etiam
1390 2374 1716 2448 mulieribus
1748 2410 1761 2446 :
1788 2394 1916 2448 huic
1943 2410 2073 2447 vero
2106 2395 2205 2448 ad-

630 2488 821 2552 juncta
848 2495 967 2539 erat
1016 2486 1243 2539 mandra
1285 2485 1477 2547 altera,
1511 2486 1655 2538 intra
1682 2500 1845 2553 quam
1876 2501 1997 2539 sese
2047 2501 2206 2553 pere-

635 2574 778 2643 grini
832 2575 1187 2645 hospitesque
1244 2577 1591 2645 reciperent,
1628 2574 1804 2629 donec
1840 2575 1907 2630 ad
1956 2585 2206 2630 sanctum

635 2663 1082 2719 admitterentur.

707 2755 761 2807 ι.
800 2754 1072 2810 ῦωιετυῐη
1101 2757 1230 2825 quia
1261 2758 1519 2826 paulatim
1556 2773 1687 2813 usus
1720 2759 1982 2821 obtinuit,
2010 2766 2070 2812 ut
2090 2773 2205 2812 mo.

635 2847 936 2933 nacborum
995 2848 1247 2903 cmnobia
1295 2850 1535 2904 Mandris
1564 2894 1578 2914 ,
1610 2850 1674 2905 et'
1727 2851 1917 2905 barum
1970 2851 2207 2921 praefecti

635 2940 954 2993 dicerentur
987 2941 1456 3005 Archimandritaz;
1495 2942 1625 2997 hinc
1670 2942 1872 2997 factum
1905 2951 1966 2997 ut
2012 2942 2209 2997 Senior

638 3032 889 3103 Symeon,
922 3034 1016 3102 qui
1040 3034 1152 3103 jam
1184 3034 1384 3101 passim
1422 3034 1919 3105 cognominabatur
1980 3032 2207 3104 Symeon

2310 574 2513 629 dicitur
2566 576 2619 628 in
2676 574 2795 629 Vita
2829 577 3057 642 matris,
3089 579 3407 646 apparuisse
3447 580 3535 633 illa
3584 596 3613 633 ε
3654 582 3889 635 subdicli

2310 676 2461 736 parte
2488 667 2729 721 mandrw
2748 708 2763 730 ,
2814 674 2869 720 in
2922 685 3029 737 qua
3094 670 3340 725 columna
3368 681 3483 725 erat
3508 688 3529 739 ;
3563 673 3659 727 sed
3687 675 3882 729 eadem

2311 757 2539 811 mandra
2562 757 2891 828 intelligitur
2916 760 3175 815 habuisse
3205 770 3391 829 partes
3417 779 3526 817 non
3567 764 3876 827 subdiales,

2307 863 2499 903 verum
2535 860 2703 903 tectas
2742 863 2838 918 per
2874 850 3096 904 modum
3134 850 3356 906 claustri
3389 854 3733 909 monacbalis
3763 856 3873 909 cir-

2309 940 2791 994 cumcurrentibus
2823 941 3219 995 monachorum
3276 932 3450 1007 cellis,
3510 959 3633 1013 qua:
3666 945 3723 997 in
3777 944 3879 997 im-

2308 1029 2556 1099 pluvium
2585 1039 2748 1098 atque
2780 1031 2833 1083 in
2859 1032 3169 1085 columnam
3203 1043 3553 1102 prospectum
3576 1034 3877 1099 habebant,

2309 1121 2774 1188 quemadmodum
2804 1123 2968 1175 etiam
3000 1123 3165 1177 hodie
3183 1124 3381 1188 videri,
3406 1125 3630 1179 memini
3664 1142 3754 1180 me
3776 1142 3881 1179 au-

2309 1211 2511 1267 divisse
2542 1229 2607 1267 ex
2639 1212 2707 1266 iis
2736 1214 2831 1282 qui
2866 1214 3262 1285 Hierosolymis
3306 1216 3536 1279 reversi,
3565 1218 3734 1271 etiam
3764 1217 3879 1271 An—

2311 1302 2505 1356 tiochus
2536 1303 2795 1357 dicebant
2826 1320 2883 1357 se
2913 1303 3105 1358 fuisse.
3132 1302 3199 1359 Et
3226 1305 3330 1359 hoc
3352 1314 3435 1360 est
3470 1310 3876 1367 monasterium,

2308 1394 2376 1447 dc
2400 1410 2509 1463 quo
2537 1399 2590 1447 in
2622 1396 2740 1450 Vita
2764 1396 2937 1449 sancti
2968 1410 3024 1447 n.
3064 1395 3188 1456 168.
3234 1396 3334 1449 ubi
3365 1397 3533 1453 etiam
3562 1396 3622 1450 tit
3664 1398 3879 1451 mentio

2310 1484 2579 1553 inferioris
2615 1484 2935 1538 monasterii
2984 1482 3050 1537 ad
3080 1483 3273 1552 pedem
3334 1486 3502 1539 credo
3535 1487 3741 1539 montis
3778 1502 3879 1555 po-

2309 1575 2419 1637 siti,
2450 1591 2547 1645 pro
2579 1574 2913 1643 recipiendis
2942 1575 3251 1644 hospitibus
3276 1576 3467 1633 etaliis
3490 1574 3737 1641 advenis,
3766 1577 3879 1631 sic-

2310 1667 2387 1719 uti
2422 1665 2609 1719 videre
2633 1666 2982 1721 estinltalia
3042 1668 3435 1721 monasterium
3508 1671 3750 1737 positum
3810 1668 3879 1722 ad

2310 1756 2502 1825 pedem
2543 1756 2749 1809 montis
2778 1765 2941 1825 atque
2963 1757 3138 1810 eremi
3167 1756 3623 1812 Camaldulensis.
3652 1760 3880 1814 [τιτρω-

2309 1864 2414 1915 que
2446 1858 2628 1901 autem
2658 1862 2914 1915 magnum
2943 1847 3341 1917 discipulorum
3370 1865 3662 1903 numerum
3714 1853 3879 1902 hahe-

2307 1938 2400 1991 bat
2434 1946 2692 1991 sanctus:
2725 1939 2927 2007 quibus
2972 1948 3027 1993 et
3070 1940 3291 1993 vivendi
3320 1956 3567 1994 normam
3623 1945 3881 2010 parseri-

2308 2040 2531 2098 pserat,
2570 2030 2729 2098 cuius
2759 2030 3202 2084 observationem
3249 2032 3551 2085 moriturus
3600 2047 3883 2085 commen-

2308 2122 2476 2174 (lavit.
2509 2122 2633 2175 Fuit
2668 2137 2797 2191 ergo
2829 2138 2956 2177 vere
3007 2122 3435 2181 Arcliimandrita
3473 2123 3563 2177 hic
3616 2122 3869 2195 ngron.

2307 2214 2454 2268 Nihil
2500 2224 2675 2267 tamen
2713 2213 3279 2283 opuseratejusmodi
3306 2230 3433 2275 eum
3465 2215 3627 2269 titulo
3675 2215 3872 2283 appel-

2307 2306 2437 2367 lare,
2472 2306 2697 2374 quijam
2723 2305 2962 2359 habebat
2987 2303 3055 2359 ab
3081 2306 3231 2359 omni
3281 2306 3545 2360 memoria
3605 2307 3776 2359 notio.
3792 2321 3879 2359 em

2307 2395 2777 2448 nomenclaturam
2826 2394 2919 2447 τοῦ
2969 2397 3026 2447 ἐν
3081 2396 3159 2466 τῷ
3204 2395 3499 2465 θαυμαστῷ
3546 2398 3682 2465 ὄρει,
3734 2396 3881 2451 unde

2306 2486 2613 2554 composito
2652 2485 2875 2539 nomine
2912 2482 3426 2549 Thaumastoristam
3458 2489 3701 2556 appellat
3731 2490 3879 2543 Alla-

2309 2578 2437 2631 tius.
2457 2577 2629 2646 Hujus
2644 2578 2811 2633 cultui
2838 2588 2997 2632 vetus
3014 2578 3375 2647 Menologium
3389 2578 3604 2649 Crypta:
3619 2580 3877 2645 βενε-τηε,

2303 2667 2457 2736 jussu
2487 2666 2670 2720 Basilii
2705 2668 3053 2736 imperatoris
3099 2668 3415 2730 collectum,
3450 2684 3516 2722 ex
3570 2684 3749 2738 eoque
3786 2686 3878 2723 ac-

2308 2765 2527 2824 ceptum
2555 2771 2731 2826 nuper
2758 2757 3197 2827 impressumque
3230 2757 3490 2811 Basiliani
3529 2757 3670 2811 ritus
3696 2758 3878 2812 [loro-

2306 2847 2514 2917 logium
2542 2831 2866 2902 aScribit23
2932 2848 3054 2901 Maii
3092 2864 3192 2917 per
3240 2849 3405 2903 unius
3454 2849 3567 2903 diei
3608 2850 3875 2918 anticipa-

2308 2939 2537 3003 tionem,
2578 2938 2712 2993 satis
2746 2938 3151 3008 l'requenterin
3209 2939 3304 2993 illo
3344 2938 3654 3008 Menologio
3685 2940 3873 2993 obser-

2310 3038 2492 3085 vatam
2515 3046 2546 3085 a
2577 3030 2759 3094 nobis,
2790 3029 3018 3085 incertis
3048 3045 3118 3083 an
3147 3044 3268 3085 eam
3294 3039 3550 3099 oporteat
3569 3030 3873 3093 collectori,

633 3126 690 3176 in
722 3124 972 3185 llandra,
1003 3124 1056 3177 in
1102 3124 1320 3178 excusis
1356 3124 1669 3179 Graecorum
1699 3125 2013 3179 Ritualibus
2043 3140 2207 3179 voce-
2237 3136 2277 3191 (ς
2312 3138 2381 3175 an
2418 3122 2595 3175 solum
2635 3120 2895 3189 scriptori
2940 3120 3236 3189 imputare.
3290 3120 3501 3175 Caatera
3530 3121 3717 3174 omnia
3766 3132 3872 3175 tam

634 3225 727 3266 tur
780 3212 1462 3282 Archimandrita,preter
1514 3216 1684 3267 totius
1733 3214 1979 3268 historias
2021 3214 2204 3268 ﬁdem.

635 3304 815 3358 Minus
842 3304 999 3373 longe
1020 3304 1317 3367 aberravit,
1349 3304 1553 3359 erravit
1585 3313 1767 3359 tamen
1812 3313 2004 3360 auctor
2033 3304 2207 3374 Syna-

634 3395 777 3449 xarii
824 3394 1257 3458 Glaromontani,
1285 3394 1519 3465 elogium
1554 3397 1675 3466 ejus
1704 3396 1783 3450 sic
1818 3395 2019 3449 finiens
2050 3412 2065 3446 :
2116 3395 2207 3448 Ἐκ

636 3486 768 3551 γοῧν
824 3484 919 3538 τοῦ
996 3486 1213 3555 οἰκῆσαι
1279 3489 1347 3557 τῇ
1379 3487 1553 3559 λαύρᾳ
1616 3492 1683 3558 τῇ
1760 3487 2205 3559 ἑπονομαζομένῃ

632 3577 883 3646 Βίάνδρᾳ,
914 3576 1129 3643 λέγεται
1161 3576 1382 3645 Συμεὼν
1403 3579 1439 3630 ὁ
1460 3580 1555 3646 τῆς
1579 3580 1835 3649 Μάνδρας
1870 3594 1882 3608 ·
1922 3582 1986 3633 ὲκ
2016 3580 2071 3631 δὲ
2110 3580 2205 3634 τοῦ

638 3668 718 3728 εἰς
744 3667 1030 3735 διαφόρους
1066 3665 1290 3727 στύλους
1322 3667 1620 3735 ἀναχθῆναι
1646 3710 1660 3731 ,
1689 3669 1934 3721 καλεῖται
1984 3669 2206 3737 Συμεὼν

636 3758 914 3825 Στυλίτης.
947 3758 1029 3811 Ex
1054 3774 1113 3811 eo
1140 3759 1277 3827 quod
1309 3759 1580 3811 habitabat
1610 3759 1664 3811 in
1693 3740 2040 3829 monasterio~
2069 3758 2207 3829 quod

635 3847 921 3918 uocabatur
944 3848 1191 3912 Mandra,
1219 3848 1408 3901 dicitur
1429 3847 1617 3919 Symeo
1655 3852 1708 3903 in
1748 3850 2018 3905 Mandra:
2051 3866 2112 3904 ea:
2147 3868 2205 3904 eo

634 3952 757 3990 vero
792 3938 929 4005 quod
954 3938 1182 3992 diversos
1212 3938 1406 4008 Stylos,
1436 3940 1491 3994 id
1538 3950 1620 3994 est
1669 3943 1973 4004 columnas,
2021 3956 2207 3997 ascen-

634 4029 730 4092 dit,
761 4030 1066 4081 nominatur
1116 4028 1340 4099 Symeon
1402 4030 1634 4099 Stylites.
1667 4031 1821 4087 Licet
1872 4034 2039 4097 enim,
2066 4043 2205 4089 teste

633 4120 887 4187 Evagrio,
914 4122 965 4172 in
993 4123 1309 4173 monasterio
1329 4163 1342 4185 ,
1370 4124 1423 4175 in
1458 4139 1560 4192 quo
1596 4125 1825 4192 primum
1874 4125 2078 4178 divinas
2128 4128 2203 4179 vi-

636 4212 788 4263 t-cndi
840 4213 1210 4281 pra-captiones
1250 4214 1445 4274 didicit.
1479 4231 1647 4268 annos
1671 4214 1800 4268 vixit
1834 4232 2052 4281 novem,
2096 4232 2203 4271 non

640 4313 819 4355 tamen
856 4303 959 4356 hoc
984 4305 1373 4357 monasterium
1428 4307 1653 4374 proprio
1692 4309 1915 4362 nomine
1968 4310 2204 4363 vocaba-

637 4404 730 4446 tur
760 4393 1008 4457 Mandra,
1045 4394 1140 4449 sed
1184 4394 1475 4460 Timothei;
1516 4413 1695 4467 neque
1746 4415 2048 4470 congruum
2078 4402 2201 4465 fuit,

2312 3212 2687 3281 manuscripta
2712 3225 2876 3280 quam
2911 3210 3051 3281 typis
3082 3225 3285 3264 excusa
3309 3211 3511 3265 Menaea
3536 3211 3865 3280 ac.Synasa-

2309 3306 2391 3359 ria
2424 3304 2693 3359 inhaerent
2722 3302 2830 3355 diei
2860 3302 2930 3356 ab
2989 3309 3217 3355 auctore
3248 3302 3385 3355 Vitae
3410 3309 3619 3363 notato,
3666 3301 3761 3370 qui
3792 3314 3873 3355 est

2310 3394 2403 3447 hic
2433 3393 2503 3447 24
2552 3390 2701 3455 Maii,
2732 3389 2955 3458 quando
2991 3390 3155 3443 etiam
3192 3389 3417 3453 Menaea,
3457 3389 3604 3458 quod
3626 3391 3764 3445 alias
3788 3406 3873 3443 ra-

2299 3499 2455 3549 rum,
2490 3482 2567 3538 ita
2600 3490 2792 3545 totum
2819 3479 3057 3535 cilicium
3083 3479 3153 3534 de
3201 3479 3306 3534 hoc
3353 3487 3545 3545 sancto
3587 3492 3869 3550 peragunt,

2309 3576 2623 3631 utalterius
2652 3574 2889 3643 alicujus
2955 3585 3054 3626 nec
3102 3570 3689 3625 commemorationem
3750 3570 3872 3640 qui-

2308 3668 2432 3722 dem
2467 3666 2791 3735 adjungant.

2377 3758 2429 3812 6.
2490 3760 2695 3811 Auctor
2744 3755 2907 3810 cilicii
2932 3765 3097 3825 atque
3158 3755 3387 3809 canonis
3430 3753 3651 3808 videtur
3706 3755 3871 3809 fuisse

2305 3854 2530 3900 sanctus
2566 3844 2895 3909 Germanus,
2955 3844 3267 3913 patriarcha
3314 3842 3873 3912 Constantinopolita-

2304 3956 2436 3994 nus:
2464 3941 2628 4011 hujus
2652 3939 2921 4010 siquidem
2954 3940 3159 3993 nomini
3189 3939 3487 3993 aseribitur
3519 3939 3871 4009 Troparium,

2305 4042 2429 4102 post
2473 4032 2747 4094 Similaria
2804 4032 2871 4085 ad
2909 4031 3132 4094 Gloria,
3188 4030 3336 4099 quod
3402 4039 3487 4085 est
3547 4032 3652 4085 tale
3702 4049 3716 4083 :
3788 4032 3873 4092 Ei;

2303 4126 2426 4195 ὅρος
2492 4123 2695 4193 ὑψηλὸν
2750 4122 3093 4192 συμϐολικῶς
3153 4122 3210 4173 τὸ
3258 4121 3572 4190 θαυμαστὸν
3621 4122 3871 4182 ἀνελθὼν,

2303 4214 2398 4266 καὶ
2424 4213 2521 4283 τὴν
2552 4214 2754 4282 σεπτὴν
2781 4212 3008 4265 κιῦωτδν
3061 4211 3135 4270 ὡς
3192 4211 3380 4263 ἄδυτον
3431 4210 3708 4273 εἰσελθὼν,
3740 4214 3874 4281 πρᾶ-

2304 4305 2385 4371 ξιν
2398 4305 2625 4381 ἀρίστην
2645 4306 2737 4357 καὶ
2759 4304 3010 4355 ἐπίϐασιν
3027 4304 3265 4372 θεωριῶν
3284 4302 3630 4370 ὲπεδείξω,τῇ
3659 4304 3755 4369 μὲν
3770 4306 3873 4371 βίον

2303 4394 2667 4465 λαμπρύνας,
2724 4394 2941 4463 δεσμοῖς
3014 4393 3253 4463 σιδηροῖς
3295 4393 3371 4457 ὡς
3418 4394 3701 4463 ὁρμίσκοες
3752 4413 3874 4465 χρυο

638 4491 750 4535 uta
790 4482 911 4536 loco
937 4498 1099 4551 quem
1126 4498 1263 4553 pene
1303 4502 1438 4553 puer
1468 4487 1831 4552 habitaverat,
1864 4503 2061 4541 nomen
2088 4503 2206 4541 sor—

2311 4488 2419 4549 σοῖς
2445 4485 2839 4553 κθσμούμενος·
2869 4485 2994 4554 τῇδε
3022 4484 3152 4537 Θεὸν
3180 4485 3319 4553 ὁρῶν
3357 4502 3417 4537 τε
3455 4485 3550 4537 καὶ
3581 4486 3869 4553 ὁρώμειοος,

638 4576 837 4627 tiretur
887 4582 1010 4642 post
1067 4583 1319 4628 mortem.
1352 4576 1493 4629 Fieri
1526 4585 1708 4631 tamen
1764 4579 1942 4647 potuit
1995 4588 2054 4633 ut
2095 4595 2204 4633 non

638 4663 817 4716 solum
869 4678 1037 4732 super
1092 4664 1233 4727 illas,
1267 4681 1403 4734 quas
1433 4666 1522 4720 ille
1560 4668 1872 4722 successive
1896 4728 1897 4731 η
1921 4669 2232 4737 dimiserat,

636 4755 920 4809 columnas
942 4756 1307 4809 ascenderem
1334 4757 1425 4810 alii
1474 4757 1567 4811 diu
1611 4767 1796 4827 postea
1827 4774 1840 4823 ;
1874 4760 1967 4813 sed
2000 4760 2163 4813 etiam
2188 4801 2204 4825 ,

636 4847 886 4915 quamvis
939 4861 1142 4915 corpus
1189 4856 1335 4901 esset
1389 4848 1710 4911 Antiochiae,
1772 4850 1956 4918 plures
2025 4857 2206 4904 tamen

638 4939 729 4995 alii
781 4938 983 4992 ibidem
1050 4940 1286 5001 collecti,
1335 4940 1532 5009 partim
1568 4941 1796 5011 Stylitae,
1850 4942 2045 5010 partim
2081 4939 2205 4996 Ca:-

638 5028 872 5093 nobitar,
945 5028 1232 5083 eﬂ'eceriut
1295 5030 1527 5098 amplum
1600 5047 1664 5083 ac
1722 5030 1981 5084 {annosam
2043 5032 2206 5085 Man-

638 5117 790 5169 dram
813 5134 842 5169 ιε
880 5116 947 5170 ad
983 5133 1145 5185 quam
1177 5118 1305 5187 quia
1337 5118 1582 5187 Undique
1618 5121 2011 5173 accurrebatur
2047 5139 2078 5174 a
2114 5138 2209 5189 pe-

636 5208 892 5277 regrinis,
924 5208 1203 5262 celebrem
1237 5207 1312 5261 ibi
1362 5206 1633 5278 Symeonis
1668 5209 1979 5263 columnam
2027 5210 2209 5265 visere

636 5300 1011 5367 cupientibus,
1044 5299 1190 5368 apud
1227 5302 1566 5354 recentiores
1599 5300 1889 5353 invaluerit
1912 5342 1924 5363 ,
1962 5309 2020 5354 ut
2052 5303 2209 5370 cujus

637 5390 893 5447 columna
931 5390 1110 5443 stabat
1143 5390 1194 5443 in
1225 5390 1467 5453 Mandra.
1499 5392 1679 5461 ipsum
1720 5407 1938 5461 quoque
1966 5394 2019 5444 in
2053 5392 2207 5445 Man-

636 5484 733 5537 dra
766 5482 1238 5550 cognominarent.
1266 5482 1608 5548 Haec,minus
1630 5482 1705 5537 ibi
1737 5483 2005 5552 explicata
2038 5498 2067 5536 a
2090 5482 2209 5536 Bol-

637 5572 825 5634 lando,
867 5572 1073 5640 placuit
1104 5573 1194 5627 hic
1220 5572 1514 5627 deducere.

712 5666 762 5712 Ξ.
802 5662 1087 5717 Secundus
1117 5662 1341 5734 Symeon
1361 5680 1487 5719 vere
1515 5682 1577 5719 ac
1605 5668 1823 5735 proprie
1882 5667 2063 5720 vocari
2081 5685 2093 5693 ·
2114 5681 2211 5735 po-

638 5756 742 5810 tuit
772 5754 1200 5809 .lrchimandrita
1238 5774 1253 5809 .’
1282 5772 1388 5809 non
1411 5758 1555 5811 enim
1592 5758 1766 5812 solum
1803 5758 2055 5812 euiunma
2091 5759 2208 5829 ejus

2305 4580 2397 4630 καὶ
2433 4577 2590 4647 μόνος
2623 4576 2768 4646 μόνῳ
2798 4575 3139 4645 προσλαλῶν·
3165 4576 3222 4627 ὃν
3244 4576 3474 4640 ἱκέτευε,
3497 4577 3761 4643 σεϐάσμιε
3783 4577 3873 4627 Συ-

2310 4666 2472 4737 μεὼν,
2512 4667 2652 4735 ὑπὲρ
2680 4666 2787 4718 τῶν
2818 4665 3008 4733 ψυχῶν
3053 4665 3225 4733 ὑμῶν.
3283 4665 3516 4720 Videtur
3566 4667 3871 4734 respexisse

2306 4766 2499 4814 auctor
2528 4760 2595 4813 ad
2621 4758 2913 4813 Noeticam
2956 4773 3161 4820 arcam,
3222 4757 3277 4809 in
3339 4757 3570 4810 summis
3608 4758 3872 4810 Armenia:

2308 4850 2589 4905 montibus
2618 4850 2995 4919 quiescentem
3014 4888 3027 4911 ,
3050 4848 3193 4901 sicut
3215 4847 3443 4917 legimus
3462 4846 3742 4901 Geneseos
3762 4862 3865 4898 vui.

2308 4941 2481 4995 Verba
2538 4941 2653 5009 ipsa
2684 4939 2873 4993 Latine
2903 4938 2983 4992 sic
3014 4936 3188 4991 reddo
3214 4955 3225 4989 :
3255 4936 3319 4990 In
3352 4946 3576 4989 montem
3596 4936 3865 4994 excelsum.

2307 5032 2583 5102 symbolice
2619 5030 2915 5083 mirabilem
2951 5030 3256 5093 ascendens,
3284 5037 3332 5080 et
3392 5029 3748 5091 venerandam
3783 5046 3866 5079 ar-

2309 5141 2424 5177 cam
2452 5124 2590 5177 velut
2617 5124 2835 5192 adytum
2863 5138 3075 5175 sacrum
3096 5123 3377 5191 ingressus,
3411 5120 3666 5188 optimam
3690 5136 3867 5188 opera-

2312 5215 2503 5267 tionem
2534 5222 2581 5266 ct
2603 5213 3105 5283 contemplationum
3123 5213 3425 5265 divinarum
3456 5211 3730 5263 sublimem
3755 5226 3867 5279 gra-

2311 5306 2435 5358 dum
2478 5305 2751 5358 ostendisti
2781 5314 2831 5357 te
2889 5315 3183 5357 assecutum
3216 5319 3231 5355 :
3263 5304 3380 5355 hinc
3429 5302 3641 5371 quidem
3700 5302 3865 5368 ferreis

2312 5394 2553 5456 vinculis,
2580 5404 2835 5459 tanquam
2855 5393 3028 5445 aureis
3058 5389 3357 5454 monilibus,
3376 5404 3564 5457 corpus
3588 5401 3865 5446 exornans;

2312 5487 2430 5539 inde
2479 5502 2599 5538 vero
2643 5484 2809 5536 Deum
2857 5484 3174 5552 conspiciens
3222 5481 3285 5534 ab
3343 5496 3504 5547 coque
3554 5488 3863 5547 conspectus.

2312 5577 2433 5629 dum
2460 5576 2601 5627 solus
2622 5573 2717 5626 soli
2737 5573 3052 5641 loquereris;
3083 5588 3233 5639 quem
3264 5587 3355 5639 pro
3380 5571 3571 5621 nostris
3608 5570 3866 5621 animabus

2312 5666 2622 5735 depreceris,
2676 5679 3012 5730 quwsumus,
3045 5662 3269 5730 Symeon
3322 5660 3638 5725 reuernnde.
3698 5657 3869 5727 Elogio

2315 5756 2612 5828 prxtigitur
2648 5755 2923 5809 distichon
2950 5752 3261 5823 hujusmodi
3290 5770 3302 5805 :
