4110 6332
293 382 439 447 2969

441 492 768 561 Βαυματτδν
798 491 928 561 ᾤκει
954 491 1084 561 πρὶν
1115 490 1338 558 Συμεὼν
1363 490 1464 557 γῆς
1502 489 1647 558 ὅρος,

442 542 585 616 110‘s":
596 562 666 613 ’δὲ
690 542 1116 630 πανόαύμαᾶτον
1145 542 1286 613 οἱῖῑεῐ
1319 542 1591 631 νῖῖκίὸρός.

301 676 422 743 Quo
457 676 756 740 indicatur,
782 674 928 744 quod
960 677 1049 745 qui
1072 676 1128 728 in
1159 684 1305 728 terra
1330 684 1559 729 montem
1586 677 1881 728 mirabilem

295 760 591 833 habitabat,
626 784 767 821 nunc
786 765 900 820 caeli
932 777 1160 821 montem
1194 760 1426 821 maxime
1464 766 1761 819 mirabilem
1788 767 1887 821 ha-

297 858 464 912 bitet:
493 866 549 913 et
593 858 649 912 in
702 857 850 912 hunc
904 858 1129 912 sensum
1179 857 1345 913 etiam
1383 856 1707 927 premeris
1765 871 1886 911 mea

202 954 213 959 ’
296 949 434 1003 trica
460 966 474 1002 :

440 1047 628 1112 Εἰκάδι
684 1056 782 1129 ἠδὲ
817 1059 1054 1132 τετάρτῃ
1072 1059 1196 1129 ὅρος
1224 1055 1450 1128 Συμεὼν
1486 1050 1685 1127 ἥμειψε
1704 1074 1717 1085 ·

441 1165 633 1223 Vicena
663 1177 861 1239 quarta
894 1178 1125 1223 montem
1148 1166 1376 1238 ngeon
1408 1168 1651 1221 mutavit.

293 1293 655 1374 Evangellum
684 1304 925 1375 denique
945 1305 1670 1375 przeSCribitUrargumento
1694 1311 1881 1372 aptum

292 1412 360 1450 ex
417 1396 605 1452 verbis
646 1398 888 1453 Matthaei
922 1406 991 1451 vi
1024 1397 1148 1451 'Vos
1184 1400 1307 1452 estis
1341 1400 1433 1450 tux
1474 1397 1658 1450 mundi
1702 1413 1719 1449 :
1778 1412 1882 1448 non

292 1494 463 1555 potest
491 1488 673 1541 civitas
702 1488 951 1542 abscondi
979 1506 1137 1559 super
1163 1499 1391 1543 montem
1420 1489 1612 1557 posita,
1645 1498 1755 1542 ctc.

366 1575 418 1628 7.
464 1575 610 1629 idem
655 1577 935 1631 secundus
1005 1593 1100 1633 seu
1159 1578 1353 1632 .lunior
1407 1578 1671 1648 ngeon,
1712 1579 1879 1633 etiam

292 1665 563 1736 presbyter
594 1668 716 1729 fuit,
753 1669 832 1722 uti
868 1670 1045 1723 scitur
1082 1686 1146 1723 ex
1183 1669 1320 1724 Vitae
1364 1687 1414 1724 (τ.
1449 1671 1515 1725 l9
1540 1687 1552 1723 :
1582 1671 1767 1725 nullus
1800 1680 1879 1725 ta:-

294 1770 420 1807 men
459 1755 589 1810 hinc
624 1759 757 1810 mihi
788 1760 1083 1827 scrupulus
1132 1762 1379 1814 nascitur
1425 1761 1571 1815 circa
1624 1762 1875 1827 tertium,

302 1846 398 1914 qui
426 1860 535 1900 non
565 1849 743 1902 solum
771 1866 927 1920 mque
951 1867 1014 1905 ac
1043 1852 1134 1906 ille
1153 1852 1421 1922 presbyter
1443 1853 1630 1915 fuerit,
1668 1854 1879 1923 specia-

300 1937 435 1992 liter
462 1948 647 1995 autem
693 1940 879 1997 dictus
938 1943 1010 1997 sit
1052 1945 1512 2000 Archimandrita.
1556 1946 1693 1999 Nam
1752 1946 1883 2001 licet

289 2030 437 2085 alius
488 2046 710 2100 quoque
773 2034 899 2088 talis
927 2034 1115 2097 fuerit,
1146 2037 1517 2111 communiter
1551 2047 1731 2090 tamen
1787 2053 1883 2106 ap-

289 2122 598 2191 pellabatur
645 2125 830 2178 aliter.
874 2124 1030 2191 Quod
1082 2136 1270 2181 autem
1337 2128 1478 2181 nihil
1529 2128 1883 2197 impcdiverit

286 2213 541 2269 simulet
600 2214 854 2285 Stglitam
887 2232 1019 2280 ,esse
1066 2226 1121 2271 et
1170 2219 1689 2293 Art/timcndritam,
1733 2227 1882 2288 patet

284 2320 354 2361 cx
379 2305 500 2361 Vita
526 2308 787 2361 secundi:
826 2322 991 2378 quem
1031 2310 1201 2363 etiam
1239 2326 1307 2363 cx
1336 2310 1537 2364 eadem
1606 2310 1877 2382 intelligi-

286 2411 418 2450 mus
450 2396 504 2450 in
525 2412 622 2451 sua
663 2399 925 2452 columna
951 2415 1060 2454 non
1093 2401 1166 2454 ita
1205 2401 1541 2471 perstitisse,
1571 2403 1705 2471 quin
1735 2416 1879 2471 saepe

286 2488 359 2541 ab
382 2487 580 2543 eadem
624 2488 1015 2553 descenderet,
1080 2506 1193 2546 non
1230 2493 1410 2547 solum
1456 2494 1524 2547 ad
1577 2494 1880 2562 discipulos

291 2582 441 2636 intra
471 2582 779 2647 mandram,
801 2584 895 2637 sed
918 2583 1086 2638 etiam
1117 2584 1184 2638 ad
1218 2584 1453 2639 inferius
1481 2585 1879 2639 monasterium

292 2671 659 2729 visitandum.
689 2672 757 2725 Et
789 2673 929 2727 forte
955 2675 1123 2728 statio
1163 2674 1253 2728 illa
1285 2662 1345 2728 in.
1380 2676 1659 2735 columna,
1711 2676 1880 2731 certis

295 2750 1293 2832 interrumpebaturconversationis
1330 2768 1641 2821 communis
1700 2768 1878 2821 inter-

290 2854 454 2907 vallis
508 2852 566 2907 ld
595 2870 727 2909 vero
754 2856 920 2909 etiam
950 2856 1330 2913 necessarium
1358 2856 1473 2912 fuit
1505 2857 1557 2911 ei
1588 2858 1683 2927 qui
1745 2874 1876 2927 pre-

290 2942 483 3011 sbyter
510 2952 653 3008 erat,
687 2956 747 2997 ut
794 2954 982 3013 posset
1019 2944 1212 2999 divina
1257 2946 1546 3001 celebrare
1589 2942 1873 3017 mysteria,

286 3034 758 3104 quemadmodum
798 3036 948 3090 hunc
988 3036 1057 3091 de
1087 3052 1200 3107 quo
1234 3038 1451 3107 agimus
1489 3037 1741 3094 sanctum
1774 3038 1877 3110 Sy-

284 3148 543 3187 mconem
567 3133 761 3189 fecisse
795 3134 850 3189 in
878 3134 1262 3190 anniversario
1289 3150 1403 3189 sua:
1440 3138 1654 3200 matris,
1676 3134 1879 3204 legitur
1906 3166 1948 3222 ο

290 3230 351 3279 ln
387 3225 553 3296 hujus
582 3236 785 3280 sancta:
820 3224 943 3280 Vita
988 3243 1044 3280 n.
1073 3228 1162 3281 71.
1188 3227 1361 3281 Porro
1391 3226 1543 3281 tertii
1572 3226 1723 3281 illius
1750 3225 1876 3297 Sty-

285 3319 401 3373 lita:
451 3318 741 3389 Symeonis
804 3320 923 3372 Vita
967 3319 1146 3389 optari
1197 3318 1417 3373 facilius
1476 3328 1659 3389 potest
1706 3335 1875 3389 quam

283 3409 523 3478 sperari.
554 3408 690 3463 Nam
723 3409 874 3478 quod
899 3408 967 3463 ad
998 3410 1401 3479 Ephemerides
1440 3409 1878 3465 Gracco-moscas

286 3509 483 3554 noster
506 3500 669 3555 Pater
704 3501 1121 3570 Papcbroehius
1154 3502 1244 3555 die
1270 3501 1333 3555 21
1377 3501 1533 3567 Julii,
1586 3512 1877 3571 postquam

282 3589 399 3659 egit
431 3588 499 3643 de
524 3598 712 3643 sancto
740 3590 1011 3659 Symeone
1056 3590 1204 3655 Salo,
1266 3591 1473 3645 iudicat
1493 3606 1552 3645 se
1601 3593 1879 3662 reperisse

284 3680 467 3736 Vitam
495 3682 778 3753 cujusdam
804 3684 977 3736 sancti
1008 3684 1282 3755 ngeonis
1305 3683 1566 3750 Junioris,
1587 3684 1880 3755 Hegumeni

282 3774 463 3829 sancti
553 3774 843 3828 Mamantis
919 3776 972 3828 in
1041 3774 1332 3829 Xeracerco
1397 3776 1648 3846 (rectius
1714 3775 1881 3829 Xero-

292 3865 492 3935 cerco),
510 3865 579 3920 de
610 3881 719 3935 quo
745 3866 1037 3920 dubitabat
1068 3882 1135 3919 an
1159 3875 1347 3938 posset
1375 3867 1520 3921 inter
1546 3876 1768 3921 sanctos
1792 3883 1881 3920 re-

292 3957 456 4023 ferri,
484 3964 542 4012 et
574 3957 801 4027 quidem
853 3956 927 4010 ad
947 3967 1434 4027 pnememoratum
1478 3957 1548 4013 26
1591 3958 1759 4023 Julii;
1823 3957 1876 4011 id

290 4049 388 4104 hic
419 4064 450 4103 a
479 4064 565 4103 me
597 4049 771 4104 voluit
801 4064 904 4105 suo
934 4036 1157 4104 nomine
1177 4060 1564 4117 retractatum,
1590 4060 1880 4122 postquam

289 4142 428 4210 legit
452 4153 574 4210 quae
601 4140 668 4194 de
696 4142 817 4211 ejus
849 4155 959 4195 non
995 4157 1127 4196 suta
1155 4142 1262 4204 fide
1293 4143 1713 4200 accuratissime
1742 4158 1877 4197 con-

292 4232 439 4304 gerit
473 4231 583 4286 Leo
610 4216 851 4287 Allatius
898 4232 1102 4303 p.137.
1174 4233 1530 4297 Demonstrat
1576 4234 1727 4288 enim
1759 4232 1875 4298 hic,

292 4339 363 4377 ex
392 4322 542 4376 illius
604 4322 959 4392 potissimum
1034 4324 1260 4393 scriptis
1310 4333 1664 4395 propagatam
1736 4325 1882 4379 inter

293 4412 597 4466 monachos
658 4412 883 4468 Graecos
932 4413 1110 4469 fuisse
1155 4415 1762 4486 Umpltalopsychorum
1811 4415 1882 4470 de

1432 376 2038 442 COMMENTARlUS
2074 380 2442 444 PREEVIUS.

1909 491 1950 546 Δ
1983 497 2093 544 trcs
2129 493 2303 545 nostri
2354 491 2582 547 Parisiis
2631 494 2987 549 contulerant
3033 509 3158 564 cum
3200 492 3577 551 Combefisio:

3436 383 3581 447 2970

1998 581 2143 635 unde
2166 597 2277 645 non
2310 583 2510 637 mirum
2538 585 2582 638 si
2607 585 2696 639 hic
2725 586 2862 655 ipsis
2886 586 3181 664 nihilccrti
3213 594 3327 641 tum
3354 598 3583 657 respon-

1991 672 2136 726 derit
2184 674 2253 728 de
2285 676 2593 757 orthodoxa
2621 678 2927 747 Hegumeni
2964 676 3398 733 Xerocercensis
3447 676 3579 742 fide,

1992 774 2049 817 et
2074 767 2477 834 opusculorum
2517 785 2626 823 una
2657 785 2785 825 cum
2844 770 2966 851 Vita
2999 772 3427 843 descriptorum
3483 770 3583 825 do-

1989 856 2188 911 ctrina.

1989 1010 2015 1078 §
2050 1009 2113 1063 ll.
2146 1034 2216 1051 -ε-
2243 1012 2317 1065 Dc
2340 1013 2517 1067 Monte
2555 1014 2811 1090 Mirabili,
2848 1016 2902 1090 in
2944 1032 3056 1090 quo
3085 1027 3304 1072 sanctus
3356 1017 3581 1090 Symeon

2595 1084 2786 1138 Iunior
2848 1084 2998 1141 vixit.

2060 1215 2111 1269 8‘.
2144 1216 2404 1271 Sanctum
2440 1218 2788 1289 Symeonem,
2813 1221 2882 1275 de
2905 1236 3015 1291 quo
3038 1222 3275 1293 agimus,
3296 1224 3579 1279 Juniorem

1987 1307 2272 1379 Stylitam,
2309 1310 2364 1363 in
2403 1310 2584 1365 lucem
2609 1314 2790 1381 primo
2824 1313 3058 1380 editum,
3096 1315 3417 1381 Antiochia,
3474 1318 3577 1387 Sy—

1990 1399 2087 1454 riae
2108 1400 2396 1455 notissima
2425 1402 2577 1467 urbs,
2616 1404 2861 1472 excepit,
2927 1422 3169 1475 moxque
3220 1408 3277 1461 in
3324 1409 3571 1463 vicinum

1988 1500 2232 1545 montem
2274 1493 2573 1547 transtulit.
2609 1478 2823 1549 lnde~is
2850 1511 2909 1550 se
2941 1498 3181 1551 contulit
3233 1498 3287 1552 in
3342 1498 3577 1553 Montem

1990 1584 2321 1651 Mirabilem,
2366 1603 2460 1655 qun
2496 1587 2779 1656 praecipua
2828 1588 2935 1641 viri
2986 1590 3163 1643 sancti
3210 1592 3464 1660 palaestra
3506 1592 3581 1646 ita

1985 1678 2168 1731 dictus
2193 1677 2317 1743 fuit,
2354 1694 2463 1732 non
2499 1681 2582 1750 (ut
2609 1682 2922 1749 suspicatur
2948 1682 3198 1750 quidam)
3252 1689 3380 1737 ante
3412 1683 3579 1754 hujus

1988 1772 2039 1824 in
2073 1770 2225 1824 illum
2258 1761 2581 1833 adventum,
2616 1772 2762 1826 unde
2786 1788 2912 1827 cum
2956 1773 3064 1828 hoc
3108 1775 3579 1829 communicatum

1985 1877 2187 1915 nomen
2213 1861 2451 1928 fuisset;
2486 1862 2581 1916 sed
2609 1880 2672 1916 cx
2703 1862 2869 1933 hujus
2902 1865 3077 1934 ipsius
3104 1865 3368 1920 inauditis
3413 1875 3580 1935 atque

1986 1953 2330 2007 admirandis
2363 1955 2521 2022 plane
2548 1956 2851 2024 operibus;
2890 1957 2969 2010 uti
3023 1965 3151 2011 mox
3183 1957 3394 2012 indicat
3444 1959 3577 2012 Pro—

1984 2045 2143 2114 logus
2188 2043 2329 2098 Vitae
2358 2060 2524 2114 quam
2558 2047 2757 2101 damus
2787 2064 2799 2100 :
2834 2048 2946 2102 imo
2978 2063 3045 2101 ex
3076 2047 3172 2101 Dcl
3199 2048 3374 2118 ipsius
3408 2058 3572 2114 nutu,

1985 2136 2450 2205 quemadmodum
2481 2154 2536 2190 ιι.
2575 2138 2642 2191 79
2677 2140 2940 2207 expresse
2969 2149 3250 2192 narratur.
3296 2140 3434 2194 Cum
3470 2140 3576 2210 igi-

1987 2234 2077 2278 tur
2098 2226 2151 2279 in
2178 2226 2326 2281 illius
2346 2226 2585 2281 decursu
2609 2229 2873 2298 frequens
2906 2231 3173 2285 memoria
3197 2230 3287 2285 fiat
3317 2247 3426 2284 non
3459 2241 3583 2285 tan-

1987 2324 2101 2368 tum
2131 2316 2334 2369 Montis
2364 2316 2513 2370 illius
2543 2318 2815 2373 Mirabilis
2838 2361 2853 2385 ,
2903 2321 2997 2375 sed
3024 2321 3330 2376 AntiOchim
3355 2332 3574 2392 quoque

1982 2414 2036 2459 et
2066 2406 2362 2475 Daphnes,
2417 2405 2562 2459 haud
2610 2409 2853 2463 otiosum
2901 2410 3092 2477 fuerit,
3143 2420 3316 2464 totam
3378 2411 3575 2464 harum

1982 2496 2230 2548 locorum
2280 2495 2753 2563 descriptionem,
2833 2499 3144 2569 elegantem
3206 2515 3361 2554 sanc-
3408 2508 3577 2568 atquc.

1982 2596 2323 2653 accuratam,
2360 2577 2427 2641 ei
2468 2587 2681 2642 Joanne
2717 2588 2935 2655 Phocus,
2977 2590 3073 2659 qui
3115 2605 3207 2643 an.
3263 2590 3399 2643 “85
3453 2591 3577 2642 istic

1984 2678 2371 2747 peregrinatus
2404 2680 2520 2731 visa
2550 2690 2771 2733 enarrat
2802 2678 3049 2746 referre;
3102 2690 3163 2734 ut
3208 2680 3275 2734 ad
3340 2697 3565 2734 manum

1983 2768 2403 2833 habeatlector,
2431 2770 2601 2823 veluti
2631 2769 2996 2835 delineatum,
3036 2771 3147 2826 loci
3197 2771 3251 2824 in
3297 2787 3408 2840 quo
3442 2788 3569 2827 ver-

1987 2875 2172 2914 samur
2214 2861 2385 2915 totius
2420 2862 2587 2915 situm
2630 2861 2723 2916 Sic
2749 2863 2826 2916 ait
2855 2862 3033 2916 illc’n.
3076 2863 3132 2915 ll
3161 2880 3174 2914 :

2050 2950 2315 3004 Ea‘stabat
2375 2962 2524 3015 tum,
2571 2969 2691 3004 cum
2749 2961 2887 3017 erat,
2919 2954 2991 3005 azl
3037 2952 3288 3006 Orontem
3334 2953 3580 3007 Antiochi

1982 3039 2255 3110 Tlte0polis
2278 3081 2293 3103 ,
2329 3044 2659 3095 theatrorum
2685 3044 3074 3113 magnitudine,
3118 3052 3361 3098 stoarum
3404 3045 3581 3114 splen-

1984 3130 2219 3193 doribus,
2250 3130 2568 3202 templorum
2598 3134 2904 3196 structuris,
2950 3135 3100 3204 copia
3130 3136 3256 3188 item
3294 3137 3483 3189 civium
3529 3146 3579 3189 et

1983 3223 2292 3277 divitiarum
2322 3223 2724 3293 magniﬁcentia
2765 3225 2995 3295 superba
3028 3242 3090 3278 ac
3119 3236 3349 3291 tumens,
3374 3226 3583 3297 lateque

1979 3325 2199 3369 ctuteras
2239 3318 2348 3385 fere
2371 3317 2655 3371 orientales
2686 3317 2838 3371 urbes
2885 3320 3256 3387 exsuperabat.
3288 3318 3394 3374 Sed
3448 3329 3580 3373 tem-

1981 3425 2077 3473 pus
2112 3427 2175 3461 ac
2218 3410 2290 3462 vis
2321 3409 2556 3462 barbara
2589 3410 2896 3463 beatitatcm
2951 3409 3096 3463 illius
3147 3406 3388 3464 exhausit
3416 3428 3433 3465 :
3465 3412 3581 3464 licet

1980 3506 2262 3574 conspicua
2297 3504 2469 3557 adhuc
2499 3505 2588 3569 sit,
2638 3514 2687 3556 et
2728 3504 2958 3556 turrium
2996 3504 3284 3557 altitudine
3302 3514 3353 3557 et
3382 3520 3581 3573 prapu-

1980 3594 2335 3666 gnaculorum
2371 3594 2666 3658 validitate,
2702 3606 2751 3647 et
2791 3604 3068 3664 pratorum
3095 3612 3158 3646 ac
3181 3596 3378 3665 ﬂorum
3409 3597 3581 3647 omni-

1980 3705 2115 3759 gena
2152 3687 2494 3757 fecunditate,
2520 3697 2568 3739 et
2597 3687 2651 3740 in
2686 3685 2865 3755 plures
2894 3702 3007 3739 sese
3034 3687 3380 3739 dividentium
3409 3704 3583 3755 aqua-

1984 3794 2105 3831 rum
2136 3776 2347 3842 sibilis;
2375 3793 2493 3828 cum
2549 3775 2759 3846 placide
2789 3777 2983 3845 ﬂuvius
3030 3775 3363 3845 circumﬂuat
3404 3779 3581 3827 urbrm

1982 3879 2031 3925 et
2061 3873 2259 3941 cingat,
2289 3878 2338 3923 et
2360 3869 2508 3923 molli
2535 3879 2679 3923 tactu
2708 3870 2821 3938 ejus
2868 3878 3042 3921 turres
3094 3867 3579 3938 cfrcumplectutur.

1982 3963 2210 4033 Insuper
2244 3979 2270 4016 e
2320 3960 2546 4017 Castalii
2575 3961 2734 4030 fontis
2778 3962 2992 4032 ﬂuentis
3043 3962 3245 4031 egregie
3284 3962 3584 4030 irrigatur;

1983 4057 2134 4126 cujus
2162 4070 2314 4125 aqua:
2348 4054 2665 4107 torrentium
2699 4054 2874 4105 instar
2903 4051 3199 4122 pelluntur,
3234 4061 3282 4103 et
3332 4052 3586 4120 frequen-

1984 4146 2119 4197 tibus
2165 4141 2437 4196 sulcorum
2482 4143 2606 4196 rivis
2661 4142 2843 4194 urbem
2895 4142 3197 4193 unimrsam
3232 4134 3582 4208 per’fumlunt,

1984 4224 2205 4305 eamque
2234 4234 2459 4305 ﬂuxibus
2500 4244 2790 4305 aspergunt
2818 4251 2835 4297 ;
2864 4248 3149 4303 operarum
3189 4233 3338 4300 capia
3378 4243 3423 4284 el
3456 4250 3580 4283 con-

1985 4328 2171 4379 ditoris
2214 4308 2610 4395 magniﬁcentia
2646 4341 2709 4377 ex.
2751 4324 2857 4377 illis
2902 4325 3128 4392 fontibus
3153 4340 3247 4393 per
3274 4334 3474 4375 montes
3516 4325 3585 4377 τέ

1984 4420 2157 4488 ipsum
2204 4417 2469 4470 civitatem
2525 4416 2768 4469 laticibus
2821 4414 3246 4493 corrigatis.'ﬂic
3295 4414 3443 4483 fama
3492 4430 3584 4482 pu-

288 4503 525 4558 Lumine
556 4503 822 4559 Taborteo
852 4505 1135 4569 hatresim;
1169 4522 1332 4575 quam
1355 4515 1543 4576 postea
1575 4506 1878 4575 Gregorius
1904 4508 1958 4567 D
1984 4510 2162 4564 orbem
2206 4507 2483 4579 vulgatum
2525 4507 2774 4578 Daphnes
2801 4509 3129 4571 suburbium,
3160 4508 3387 4576 proceris
3420 4523 3574 4558 omne

291 4593 545 4647 Palamas
592 4595 801 4663 aliique
869 4609 1171 4667 sequaCes,
1233 4597 1580 4665 dissanulato
1631 4597 1879 4667 magistri

290 4684 542 4749 nomine,
592 4685 1035 4754 pertinacissime
1069 4694 1498 4756 propugnarunt
1527 4686 1747 4756 lateque
1770 4686 1883 4741 dis-

290 4775 679 4842 seminarunt;
716 4783 772 4831 et
803 4776 893 4830 cui
929 4786 988 4831 ut
1012 4779 1189 4848 major
1238 4777 1635 4833 conciliaretur
1686 4786 1880 4833 aucto-

290 4868 453 4933 ritas,
492 4869 805 4937 conscripta
828 4868 921 4922 illa
975 4869 1098 4923 Vita
1150 4878 1256 4932 est,
1306 4869 1654 4940 confictaque
1696 4870 1882 4924 eidem

289 4958 594 5028 subjuncta
623 4958 911 5013 miracula.
948 4959 1085 5014 Cum
1125 4971 1314 5013 autem
1376 4960 1625 5014 Palamas
1671 4962 1882 5015 circum

291 5050 541 5105 medium
562 5052 748 5105 satculi
768 5067 851 5104 xw
870 5052 1147 5118 lloruerit,
1167 5052 1438 5106 credibile
1463 5068 1568 5107 non
1592 5052 1650 5107 fit
1680 5053 1749 5107 de
1774 5062 1881 5107 tam

295 5143 519 5197 recenti
551 5158 713 5214 agere
737 5144 963 5199 Mcna'a.
992 5143 1149 5211 Quod
1185 5147 1227 5199 si
1267 5145 1333 5198 ad
1362 5162 1587 5200 manum
1610 5147 1731 5201 Vita
1768 5147 1885 5217 ipsa

294 5248 451 5289 nunc
493 5245 664 5301 esset,
710 5236 818 5289 levi
877 5245 1017 5290 tunc
1066 5237 1227 5290 oculo
1253 5247 1309 5292 ct
1358 5237 1476 5291 solo
1518 5239 1680 5292 titulo
1726 5248 1886 5294 tenus

295 5323 431 5377 olim
458 5323 727 5392 inspecta,
764 5326 1015 5379 fortassis
1042 5327 1189 5379 hunc
1208 5328 1651 5397 quulctttt'unquc
1692 5338 1747 5381 ct
1790 5346 1889 5382 cu-

294 5418 610 5487 juscunque
638 5416 765 5471 lidei
799 5418 1130 5485 Symeoncm
1181 5420 1290 5471 alio
1347 5435 1575 5488 prorsus
1616 5419 1705 5472 die
1739 5435 1887 5471 mor-

299 5518 459 5561 tuum
506 5507 852 5571 ostenderet,
895 5523 947 5561 (ι
996 5509 1047 5561 in
1084 5510 1339 5564 columna
1391 5527 1631 5579 unquam
1684 5511 1887 5566 Visis-se

300 5598 585 5668 probaret.
608 5599 799 5654 Restat
828 5599 995 5669 igitur
1026 5610 1083 5654 ut
1109 5602 1195 5653 hic
1228 5611 1543 5665 retractata,
1568 5603 1640 5655 illi
1664 5603 1884 5657 delean-

302 5697 417 5741 tur.
461 5688 618 5742 Edita
651 5706 814 5759 porro
836 5690 937 5745 fuit
967 5692 1148 5747 Allalii
1184 5694 1251 5746 dc
1282 5694 1605 5748 Sitneonum
1665 5696 1889 5764 scriptis

307 5776 560 5833 lliatriba
595 5781 754 5834 annis
795 5790 1051 5850 quatuor.
1082 5793 1371 5853 [metm-am
1403 5786 1468 5841 dc
1500 5787 1589 5840 illa
1631 5787 1748 5841 Vita
1792 5789 1883 5842 Fa-

1984 4618 2147 4672 gcnus
2196 4599 2471 4653 arboribus
2517 4607 2868 4664 exornatum;
2923 4608 2973 4651 et
3034 4614 3181 4651 mons
3238 4607 3313 4650 est
3350 4597 3578 4649 moriare

1987 4691 2197 4755 nobilis,
2225 4707 2381 4762 quem
2433 4691 2782 4745 admirandus
2816 4689 3043 4762 Symeon
3084 4693 3139 4743 in
3197 4689 3578 4743 habitationem

1987 4785 2282 4853 adoptavit.

2062 4875 2148 4927 10.
2177 4874 2331 4928 Hisce
2370 4873 2634 4942 ﬁnitimus
2685 4882 2757 4926 est
2792 4890 2940 4927 mons
2979 4872 3202 4926 Maurus
3230 4880 3276 4925 et
3305 4870 3584 4940 Scopulu:-'.

1988 4967 2043 5019 in
2079 4966 2267 5035 quibus
2295 4966 2591 5034 antiquitus
2620 4964 2775 5017 multi
2803 4963 2909 5017 Deo
2942 4963 3291 5017 addictissimi
3315 4964 3434 5023 viri,
3463 4980 3580 5014 cum

1990 5059 2318 5127 requirentes
2374 5058 2712 5121 invenerunt,
2746 5065 2795 5110 et
2852 5056 2921 5110 ad
2950 5058 3058 5110 lucc
3101 5065 3341 5124 tempora
3385 5057 3580 5124 perclu—

1991 5157 2138 5213 rant,
2172 5159 2221 5202 ct
2246 5148 2589 5205 laudatorum
2623 5149 2880 5202 montium
2913 5147 3315 5218 pulchritudine
3358 5146 3586 5214 ῃυΙΙα-ιὶ,

1990 5240 2150 5294 silvas
2186 5240 2507 5293 inhabitant.
2536 5238 2806 5294 Castalius
2847 5239 2962 5308 fons
2983 5240 3121 5293 inter
3150 5239 3279 5291 duos
3308 5239 3467 5291 colles
3493 5255 3583 5289 «nr-

1989 5330 2192 5393 siliens,
2222 5345 2285 5383 ex
2336 5330 2471 5399 ejus,
2499 5330 2590 5399 qui
2633 5330 2689 5383 in
2725 5345 2875 5382 mare
2937 5332 3222 5399 procurrit,
3262 5330 3368 5381 inm
3415 5338 3588 5396 partv,

1993 5422 2185 5475 eximia
2234 5420 2479 5490 quoniam
2531 5437 2798 5489 aquarum
2852 5422 3057 5491 irrigua
3108 5421 3337 5484 evomit;
3377 5422 3428 5471 in
3488 5436 3589 5487 quo

1993 5512 2323 5581 prwgrandis
2351 5512 2578 5582 assurgit
2606 5515 2863 5581 porticus,
2888 5530 3101 5565 cursum
3128 5513 3285 5582 fontis
3307 5528 3585 5564 σωκ-,ωηε-

1996 5622 2142 5657 rarts.
2172 5604 2305 5658 Mitte
2332 5620 2484 5673 aqua:
2508 5605 2784 5673 afﬂuenter
2821 5605 3174 5674 prosilirutcs,
3202 5606 3253 5656 in
3279 5604 3405 5655 duos
3454 5620 3543 5653 rm
3566 5618 3587 5653 δ

1998 5696 2323 5750 dividuntur.
2353 5696 2555 5750 Earum
2604 5715 2709 5749 una
2738 5714 2862 5766 pars
2894 5714 2987 5766 per
3035 5697 3323 5750 altissimos
3373 5698 3590 5751 «luctus,

1996 5786 2623 5841 t'elutisulcos"lcr’rata.
2654 5802 2800 5840 u‘aue
2824 5804 2883 5839 ac
2914 5788 3088 5840 acrius
3114 5788 3327 5856 ﬂuvius,
3356 5802 3415 5838 cr
3438 5795 3603 5852 parte
