4110 6332
603 398 742 463 ΞΑἾῙ

1854 392 1949 456 ,5.
1991 387 2288 450 SYMEON
2326 386 2631 449 JUNIOR.
3723 379 3855 440 2972

603 513 821 566 dextera
850 508 1214 580 superiorique
1231 512 1285 562 in
1304 510 1485 563 urbem
1507 511 1680 579 inﬂuit
1704 526 1721 573 ;
1754 507 1927 561 altera
1949 504 2178 559 sinistris
2209 506 2249 559 Α
2279 501 2486 555 fuerint
2515 517 2527 551 :
2568 498 2661 553 hic
2689 497 2990 553 emindlsse
3014 496 3161 550 inter
3210 508 3405 548 omnes
3431 484 3713 563 dicendus
3736 500 3850 553 est,

604 602 742 671 fonti
768 602 891 654 locis
916 601 1292 669 campestribus
1333 600 1633 665 exundans,
1669 600 1722 651 in
1764 595 2045 667 paludibus
2086 611 2168 646 δτι·

603 698 931 761 perstagnat,
956 690 1301 759 universaque
1349 689 1596 757 Daphnes
1636 693 1796 756 prata
1845 686 2067 745 irrorat,-
2097 684 2184 735 de-

608 798 750 835 mum
808 780 951 834 lavis
1001 778 1214 834 Orontis
1258 781 1470 849 ﬂuentis
1499 782 1839 833 immiscetur.
1868 776 2020 829 Mons
2060 792 2182 828 vero

608 872 977 935 admirandus,
1006 872 1144 924 inter
1175 872 1353 923 urbem
1386 878 1434 922 et
1467 886 1614 924 mare
1643 868 1835 931 elatus,
1864 884 1944 921 res
1970 869 2181 937 egregia

608 976 670 1013 ac
691 959 988 1026 spectabilis
1036 969 1082 1012 et
1122 960 1511 1013 advenientium
1538 959 1701 1013 oculis
1754 959 2018 1020 delicium,
2058 973 2183 1010 con-

608 1051 1107 1120 spiciturmamque
1126 1051 1239 1103 urbi
1266 1049 1541 1119 thosoque
1565 1050 1941 1111 conterminus,
1957 1058 2183 1116 utraque

604 1118 668 1195 ea:
716 1150 869 1212 parte
908 1118 1170 1195 montibus
1213 1118 1822 1210 SciopuloiCaucasoque
1865 1140 2182 1207 constringi-

606 1241 713 1282 tur.
739 1229 958 1285 Orontes
983 1233 1172 1302 ﬂuvius
1196 1231 1489 1283 innumeris
1516 1232 1861 1299 inﬂexionum
1902 1228 2199 1283 verticibus.

609 1322 679 1374 ad
719 1322 872 1391 pedes
903 1324 1089 1375 montis
1120 1323 1353 1389 pro/luit,
1386 1329 1434 1373 et
1460 1323 1513 1375 in
1555 1338 1702 1374 mare
1734 1338 1901 1391 aquas
1924 1322 2179 1373 immittit.

680 1413 855 1467 11.1η
908 1414 1097 1465 montis
1130 1414 1345 1483 hujusce
1399 1415 1595 1466 vertice
1649 1429 1870 1482 magnus
1930 1411 2021 1465 ille
2079 1412 2179 1476 vir,

604 1503 895 1573 tranquille
923 1506 1087 1557 vitam
1112 1521 1275 1574 agens
1298 1513 1347 1557 et
1378 1505 1432 1557 in
1460 1506 1614 1557 corde
1644 1506 1972 1557 ascensiones
2000 1503 2181 1571 dispo-

606 1611 755 1659 nens,
788 1611 1006 1664 corpore
1030 1596 1267 1649 sublimis
1291 1594 1579 1659 extollitur,
1605 1604 1653 1648 et
1678 1612 1794 1649 cum
1825 1598 1936 1664 ipso
1967 1611 2183 1663 corpore

604 1688 857 1739 art/nereus
882 1685 1021 1753 ﬁeri,
1040 1688 1279 1755 interque
1302 1686 1466 1739 Deum
1490 1695 1537 1739 ct
1560 1688 1793 1739 homines
1817 1686 2016 1739 medius
2049 1702 2179 1749 esse,

604 1776 888 1828 contendit.
918 1775 984 1829 At
1011 1792 1116 1837 qua
1147 1777 1351 1829 ratione
1385 1776 1495 1829 Deo
1517 1776 1691 1828 dedito
1720 1777 1829 1828 viro
1855 1776 1956 1829 ista
1983 1791 2062 1828 res
2082 1774 2181 1827 ad-

603 1866 887 1918 miratione
935 1867 1097 1935 digna
1135 1855 1393 1927 evenerit,
1418 1869 1527 1934 ipse
1574 1868 1766 1920 dicam.
1802 1866 2181 1937 Lapieidarum

603 1972 767 2025 Opera
791 1958 1092 2010 summitate
1113 1956 1303 2011 Montis
1316 1958 1631 2011 .«ldmirandi
1652 1963 1756 2012 atte
1774 1966 2050 2020 excavata,
2068 1974 2181 2010 mo-

606 2046 897 2097 nasterium
918 2060 977 2097 ea:
992 2061 1095 2097 uno
1114 2046 1447 2114 ejusdemque
1466 2055 1675 2099 natura:
1698 2045 1873 2115 lapide
1896 2047 2177 2113 exstruxit,

610 2135 667 2185 in
705 2134 853 2203 cujus
879 2136 1048 2191 medio
1070 2137 1307 2189 nativam
1334 2135 1636 2190 columnam
1662 2139 2002 2191 excidendam
2021 2155 2181 2197 cura-

604 2227 697 2283 vit.
724 2227 779 2279 in
802 2241 967 2294 eaque
988 2228 1206 2295 vestigia
1226 2228 1420 2295 posuit,
1439 2226 1686 2293 ﬁrmans,
1709 2231 1784 2281 uti
1801 2246 1953 2281 sacra
1990 2238 2182 2282 sonant

606 2315 859 2385 Eloquia,
885 2332 1044 2385 super
1064 2325 1267 2381 petram
1294 2317 1445 2385 pedes
1468 2334 1588 2370 suos
1604 2319 1645 2370 ί.
1674 2317 1859 2371 Versus
1882 2318 2045 2371 solem
2064 2335 2183 2371 vero

606 2396 953 2469 exorientem,
985 2404 1243 2472 templum
1274 2404 1376 2456 Deo
1408 2405 1820 2473 pulcherrimum
1842 2408 2108 2468 excitavit,
2130 2408 2183 2458 in

606 2494 746 2564 quod
772 2493 1087 2547 convocabat
1123 2494 1404 2563 discipulos
1441 2510 1458 2547 :
1502 2506 1659 2565 atque
1704 2498 1779 2549 ita
1812 2496 1905 2549 sub
1948 2498 2033 2549 dio
2076 2498 2186 2563 ipse

609 2602 967 2650 commorans,
994 2585 1075 2639 illi
1125 2595 1233 2639 tota
1266 2596 1413 2639 nocte
1440 2587 1493 2639 in
1524 2586 1716 2656 templo
1738 2596 1957 2651 stantes,
1994 2598 2049 2641 ut
2092 2589 2183 2641 de-

608 2677 757 2729 cebat
787 2685 1019 2739 sanctos,
1048 2677 1277 2730 debitum
1301 2677 1409 2729 Deo
1440 2676 1638 2730 cultum
1670 2679 1971 2747 offerebant.

682 2765 769 2819 η.
794 2764 1073 2819 Hactenus
1094 2767 1426 2835 perpulchre
1446 2768 1686 2821 Joannes
1713 2768 1926 2822 Phocae.
1973 2769 2029 2822 lu
2059 2769 2185 2837 qui-

610 2858 713 2930 bus
738 2865 919 2910 tamen
950 2857 1053 2911 sub
1084 2857 1245 2911 finem
1273 2860 1505 2927 paucula
1588 2860 1839 2928 mai-dam,
1877 2876 1943 2913 ex
1982 2861 2189 2915 versio-

620 2962 688 3000 ne
716 2946 919 3009 Allatii,
950 2963 1112 3015 quam
1154 2956 1209 3002 et
1236 2964 1337 3002 nos
1368 2950 1488 3003 loco
1506 2951 1779 3019 assignato
1798 2952 2063 3021 integram
2089 2952 2185 3005 de-

616 3037 819 3101 dimus,
851 3038 1212 3103 subobscura,
1248 3041 1338 3094 hic
1366 3056 1489 3094 cum
1516 3038 1705 3095 Graeco
1756 3050 1906 3096 textu
1966 3043 2186 3107 collata,

612 3127 846 3181 clariora
880 3129 1005 3182 feci.
1037 3129 1177 3194 Quid
1208 3131 1355 3184 enim
1380 3130 1485 3185 sibi
1524 3133 1640 3184 vult
1666 3130 1841 3186 istud:
1872 3132 1936 3185 In
1988 3135 2185 3185 colum-
2213 3158 2259 3219 α

616 3233 685 3269 na
720 3216 915 3285 gradus
943 3218 1207 3286 appinxit,
1265 3217 1356 3271 ubi
1412 3216 1597 3271 (ἰπνοῦ
1664 3226 1752 3271 est
1805 3222 1861 3272 ὲν
1917 3220 2053 3271 κίονι
2088 3220 2186 3281 τὰς

618 3307 804 3377 βάσεις
838 3308 1030 3360 testo?
1062 3308 1289 3363 Rectius
1318 3318 1373 3362 et
1401 3318 1731 3377 argumento
1791 3310 2048 3379 praesenti
2094 3326 2188 3365 ac-

617 3398 1022 3452 commodatius
1048 3400 1563 3467 interpretaberis_:
1596 3400 1661 3453 In
1688 3401 1938 3455 columna
1971 3405 2189 3472 vestigia

615 3506 706 3542 seu
760 3489 911 3559 pedes
956 3490 1147 3559 posuit.
1205 3491 1443 3545 lnnuere
1496 3494 1700 3562 quippe
1760 3495 1878 3548 vult
1927 3496 2186 3564 scriptor,

616 3582 942 3651 Symemiem
965 3582 1281 3637 ascendisse
1309 3584 1675 3650 columnam,
1717 3586 1773 3638 in
1820 3601 1983 3656 eaque
2042 3596 2192 3641 stan-

620 3678 725 3723 tem
752 3670 857 3725 sub
894 3672 986 3725 dio
1018 3672 1270 3727 laudasse
1292 3674 1486 3728 Deum.

691 3762 778 3815 i3.
806 3762 897 3817 Sic
927 3762 1094 3833 igitur
1125 3763 1291 3817 situm
1322 3765 1526 3819 montis
1568 3767 1818 3837 concipe.
1855 3766 1974 3824 Non
2000 3769 2190 3823 admo-

620 3850 753 3904 dum
786 3851 975 3919 procul
1030 3851 1098 3907 ab
1156 3852 1469 3916 Antiochia,
1528 3854 1595 3907 ad
1648 3854 1913 3911 Orontem
1961 3857 2188 3912 ﬂuvium

621 3939 866 4005 condita,
915 3942 1567 4010 septentrionemversus
1614 3945 1747 4000 urbs
1789 3947 2011 4001 Rhosus
2044 3950 2187 4003 mari

616 4030 858 4102 adjacet:
894 4033 1037 4087 inter
1071 4042 1359 4103 utramque
1393 4044 1563 4097 terra,
1591 4036 1936 4107 longiuscule
1959 4039 2015 4093 in
2036 4056 2186 4097 mare

615 4137 809 4177 versus
850 4123 1191 4178 occidentem
1226 4112 1579 4194 procurrens,
1610 4128 1663 4181 in
1714 4138 1962 4184 extremo
1993 4131 2188 4186 Seleu-

614 4213 755 4268 ciam
807 4214 1126 4280 continent,
1159 4215 1259 4270 150
1298 4214 1473 4269 stadia
1536 4216 1831 4276 Antiochia
1888 4220 2141 4276 dissitam

612 4304 753 4359 adeo
780 4312 839 4358 ut
866 4303 1099 4358 formam
1129 4306 1396 4376 trigonem
1427 4316 1595 4362 ternze
1624 4308 1741 4363 isne
1768 4310 2019 4367 civitates
2045 4329 2186 4382 quo-

611 4396 907 4451 dammodo
953 4406 1372 4466 reprazsentent,
1401 4400 1521 4468 pari
1546 4399 1719 4455 ferme
1751 4402 1894 4455 inter
1922 4419 1981 4456 se
2004 4406 2185 4474 spatio

2210 1832 2257 1890 B

2284 607 2407 645 cum
2437 589 2706 644 nominati
2740 586 2999 658 Seopulus
3021 595 3078 641 et
3098 584 3368 647 Caucasus
3415 582 3587 635 veluti
3616 596 3718 651 pro
3760 596 3852 649 ap-

2284 681 2613 751 pendicibus
2650 680 3005 751 adjiciantur.
3033 693 3137 732 nec
3167 677 3340 731 ullum
3370 674 3610 729 aliorum
3662 686 3853 725 nomen

2283 780 2517 841 excepto
2547 768 2759 835 Mauro,
2786 778 2882 824 aut
2916 770 3025 833 hic,
3088 776 3185 823 aut
3238 769 3296 821 in
3323 766 3468 831 ~Vita,
3522 762 3691 828 forte,
3759 775 3857 814 nec

2284 863 2421 918 alibi
2443 864 2723 918 memoria:
2758 860 3039 931 proditum
3082 859 3421 914 inveniatur.

2355 955 2442 1009 14.
2474 954 2541 1008 Et
2585 968 2736 1017 sane,
2785 967 2952 1023 quem
3006 950 3226 1006 eminus
3275 949 3668 1004 advenientium
3737 960 3855 999 ncu-

2285 1045 2347 1098 lis
2370 1044 2615 1097 delicium
2645 1044 2885 1112 appellat
2910 1048 3123 1104 auctor,
3159 1055 3269 1110 non
3305 1037 3646 1109 iniucundus
3683 1034 3853 1089 fuerit

2283 1136 2438 1191 locus
2464 1150 2689 1190 necesse
2734 1144 2839 1199 est,
2866 1132 3117 1202 quamvis
3148 1130 3202 1185 in
3236 1130 3379 1194 Vita,
3409 1145 3467 1183 n.
3503 1129 3595 1193 92,
3620 1128 3855 1183 desertus

2282 1226 2631 1297 incultusque,
2669 1242 2771 1279 non
2824 1227 2889 1280 ab
2922 1242 3082 1294 aqua,
3113 1232 3279 1287 tecto,
3314 1220 3489 1276 aliave
3515 1236 3575 1273 re
3595 1218 3666 1272 ad
3698 1219 3858 1271 vitam

2283 1319 2579 1371 necessaria
2639 1319 2927 1370 instructus
2997 1318 3233 1369 dicatur.
3306 1308 3855 1366 Commendationem

2282 1410 2486 1478 quippe
2516 1409 2787 1463 meruisse
2826 1415 3005 1476 potest
3032 1405 3150 1476 ipsa
3184 1402 3475 1459 sterilitate
3505 1408 3674 1469 atque
3703 1412 3858 1467 aspe-

2282 1501 2444 1554 ritate
2478 1515 2597 1558 sua.
2630 1498 2834 1568 quibus
2862 1497 3075 1561 oculos,
3093 1493 3406 1549 virentibus
3432 1491 3644 1546 circum
3672 1489 3858 1544 rideno

2284 1589 2541 1658 tibusque
2594 1588 2767 1657 pratis
2814 1595 3086 1661 assuetos,
3116 1583 3418 1655 jucundius
3440 1580 3735 1635 alliciebat.
3760 1580 3860 1633 Po-

2284 1680 2389 1733 tuit
2416 1679 2584 1732 etiam
2615 1678 2851 1740 laudari,
2878 1676 3025 1747 quod
3048 1674 3538 1746 injucundissimus
3579 1670 3712 1725 inde
3733 1684 3860 1738 pro-

2284 1780 2506 1840 spectus
2534 1778 2698 1824 esset.
2734 1767 2859 1823 Sive
2901 1751 3251 1836 enim'(quod
3299 1763 3506 1820 sanctis
3535 1761 3862 1815 deliciarum

2284 1862 2529 1915 omnium
2565 1859 3046 1915 deliciosissimum
3061 1857 3167 1929 est)
3188 1866 3406 1912 erectos
3429 1854 3487 1908 in
3505 1854 3713 1908 caelum
3736 1851 3863 1906 vul-

2284 1954 2564 2021 tusplacet
2587 1954 2802 2017 tollere,
2836 1953 2926 2007 hic
2947 1951 3247 2022 spatiosius
3269 1948 3621 2017 lucidiusque
3643 1945 3865 2015 conspi-

2285 2046 2451 2109 citur,
2488 2045 2657 2100 nul-lis
2691 2054 2855 2100 terra:
2874 2042 3198 2113 fumigantis
3235 2040 3528 2096 inammnis
3566 2037 3865 2109 vaporibus

2285 2134 2690 2203 interceptum:
2724 2136 2840 2189 sive
2890 2143 3113 2188 terrena
3187 2130 3549 2202 contemplari
3606 2128 3863 2191 delectat,

2286 2228 2415 2282 inde
2446 2243 2510 2282 ac
2548 2229 2859 2283 caelestium
2910 2227 3327 2282 meditatiOnem
3366 2222 3625 2298 securius
3670 2236 3863 2276 ascen-

2284 2334 2507 2384 surum;
2544 2320 2890 2388 ubi.qu:eso,
2928 2328 3200 2372 terrarum
3238 2316 3582 2385 voluptatum
3629 2311 3865 2382 amplior

2287 2418 2713 2479 sanctarumque
2800 2410 3200 2480 cogitationum
3266 2408 3506 2469 fertilior
3586 2403 3866 2475 campus?

2286 2499 2462 2554 Urbes
2511 2500 2780 2568 imprimis
2841 2502 3099 2571 subjectae
3142 2499 3435 2554 Antiochia
3474 2512 3539 2552 ac
3589 2495 3864 2558 Seleucia,

2288 2591 2674 2645 memorabiles
2701 2592 2934 2646 maxime
2962 2608 3026 2647 ac
3059 2592 3341 2661 speciosae,
3362 2590 3493 2660 quid
3527 2604 3637 2643 non
3664 2603 3867 2657 reprae-

2288 2684 2545 2736 sentant?
2576 2683 2715 2737 Hinc
2766 2682 3062 2752 Scopulus,
3087 2681 3388 2751 asperitate
3414 2694 3514 2733 sua
3553 2691 3806 2733 amamus
3850 2692 3867 2741 ;

2289 2771 2416 2826 inde
2440 2772 2716 2825 celebrata
2750 2772 2999 2826 omnium
3029 2771 3269 2841 scriptis,
3298 2779 3359 2824 ut
3378 2766 3869 2836 merita,Dapbne.

2288 2871 2554 2932 quantum
2584 2866 2874 2917 recreant!
2912 2862 3112 2931 Prope,
3143 2861 3247 2916 sub
3284 2860 3403 2930 ipso
3444 2868 3657 2922 monte,
3722 2857 3865 2911 ludit

2289 2953 2458 3006 variis
2500 2952 2778 3007 meandris
2813 2960 2977 3020 atque
3003 2950 3354 3010 anfractibus
3379 2949 3652 3004 Orontes:
3675 2946 3869 3018 procul

2289 3052 2441 3113 patet
2464 3042 2919 3113 spatiosissimum
2949 3048 3112 3110 atque
3127 3039 3304 3093 oculis
3329 3036 3744 3092 interminabile
3763 3050 3862 3104 pe-

2291 3136 2478 3206 lagus;
2510 3141 2660 3203 patet
2698 3134 2827 3187 item
2854 3133 3071 3186 diversa
3104 3141 3288 3193 terrae,
3319 3129 3447 3184 hinc
3482 3129 3536 3182 in
3562 3126 3863 3182 collesela—

2294 3238 2381 3291 tre,
2415 3227 2541 3281 inde
2573 3226 2628 3279 in
2654 3225 2821 3279 valles
2842 3224 3133 3293 depressae,
3165 3221 3297 3276 alibi
3328 3219 3557 3283 arentis,
3590 3218 3723 3274 alibi
3741 3234 3875 3272 etin-

2292 3318 2412 3373 sita:
2449 3318 2637 3372 facies.
2667 3315 2880 3385 Ecquid
2916 3314 3083 3384 igitur
3110 3312 3286 3377 deest,
3320 3321 3381 3367 ut
3421 3311 3669 3366 delicium
3718 3310 3872 3367 dica-

2295 3418 2384 3464 tur
2416 3425 2571 3464 mons
2609 3409 2761 3464 iste?

2439 3499 2466 3570 ᾗ
2495 3499 2582 3553 Ill.
2621 3499 2693 3551 De
2729 3508 2885 3552 (etate
2921 3498 3091 3551 sancti
3122 3495 3397 3566 Symeonis
3432 3494 3691 3550 Junioris.

2366 3592 2453 3645 15.
2490 3592 2607 3645 Duo
2638 3591 2905 3645 hactenus
2938 3604 3202 3659 perquam
3232 3589 3489 3652 obscura,
3524 3603 3647 3657 quae
3690 3587 3759 3643 ad
3787 3588 3873 3642 di-

2292 3682 2643 3737 Stinctionem
2704 3681 3036 3751 Symeonum
3094 3680 3457 3751 Stylitarum,
3508 3695 3741 3749 queque
3792 3680 3862 3733 ad

2292 3773 2528 3827 Montem
2552 3771 2875 3835 Mirabilem,
2909 3771 3025 3826 solo
3054 3770 3169 3827 fere
3193 3772 3416 3839 nomine
3437 3771 3531 3825 diu
3564 3772 3870 3841 cognitum,

2290 3862 2548 3925 attinent,
2579 3862 2923 3931 prosecutis;
2957 3860 3103 3917 haud
3135 3862 3297 3931 paulo
3318 3860 3539 3932 gravior
3576 3860 3873 3917 difﬁcultas

2288 3952 2561 4007 incumbit
2586 3946 2886 4006 definiendi
2912 3959 3149 4015 certum,
3176 3953 3222 4007 si
3255 3952 3449 4022 possit,
3475 3960 3694 4021 tempus
3714 3992 3729 4016 ,
3761 3966 3872 4021 quo

2286 4043 2483 4098 Junior
2514 4043 2749 4114 Symeon
2779 4051 2943 4097 natus
2972 4049 3332 4112 mortuusque
3366 4041 3555 4095 fuerit.
3582 4042 3869 4097 Neminem

2288 4134 2533 4204 reperire
2588 4134 2749 4188 licuit
2804 4143 3111 4197 auctorem,
3143 4133 3241 4202 qui
3301 4132 3733 4188 determinatius
3769 4132 3870 4187 ali-

2286 4224 2419 4295 quid
2447 4224 2765 4289 aﬂirmaret,
2802 4240 2967 4294 quam
2998 4224 3169 4280 fuisse
3224 4224 3553 4295 Symeonem
3611 4226 3865 4295 tempori-

2286 4317 2378 4371 bus
2393 4316 2589 4393 Justini
2620 4315 2874 4370 Senioris.
2904 4317 3020 4371 lmo
3045 4332 3223 4387 neque
3252 4316 3399 4382 Vita,
3426 4331 3589 4386 quam
3638 4316 3865 4387 subjici-

2286 4406 2585 4471 mus,diem
2598 4422 2871 4461 annumve
2896 4416 3049 4461 ortus
3064 4416 3158 4462 aut
3170 4406 3354 4462 obitus
3370 4406 3517 4461 illius
3532 4407 3869 4463 determina-

611 4485 901 4541 distantes.
945 4484 1086 4541 Hinc
1115 4502 1294 4553 mons,
1342 4488 1438 4558 qui
1481 4489 1848 4545 'Antiocbiam
1911 4492 2185 4547 Rhosum-
2216 4477 2262 4534 ι)
2288 4502 2401 4547 tum
2421 4495 2602 4565 ponit;
2638 4495 2878 4565 suggerit
2899 4496 3340 4565 tamenquaedam
3356 4495 3732 4560 bincinde,ex
3749 4496 3870 4568 qui-

609 4588 718 4643 que
744 4573 950 4628 dicitur
972 4576 1341 4639 committere,
1380 4577 1691 4633 Seleuciam
1740 4580 1974 4635 includit
2002 4597 2185 4652 segre-

607 4673 810 4736 gatque
842 4666 911 4720 ab
937 4666 1150 4737 reliqua
1171 4668 1516 4724 continente.
1541 4671 1720 4741 Atque
1776 4674 1853 4728 ita
1900 4685 2047 4729 recte
2074 4692 2175 4745 po-

610 4753 764 4808 nitur
793 4755 937 4811 inter
968 4757 1161 4811 urbem
1193 4758 1597 4814 Antiochenam
1644 4770 1814 4833 atque
1869 4781 2020 4820 mare
2064 4768 2182 4821 cla-

603 4854 731 4899 tus:
766 4847 914 4914 quod
949 4849 1125 4917 ipsum
1164 4848 1328 4903 etiam
1352 4864 1418 4905 ex
1468 4852 1595 4907 Vita
1622 4869 1678 4907 n.
1718 4855 1783 4908 77
1818 4857 2052 4912 stabiliri
2085 4875 2184 4930 po-

610 4945 735 4990 test.
758 4938 1132 5013 Habet‘porro
1154 4957 1313 4997 mons
1346 4944 1453 4997 iste
1480 4945 1761 5014 oppositos
1809 4948 1950 5004 duos
1998 4950 2180 5018 alios;

607 5043 843 5095 quorum
870 5030 1010 5085 alter
1043 5030 1159 5100 qui,
1192 5030 1451 5099 Scopulus
1503 5034 1726 5103 dicitur,
1760 5035 2008 5092 Seleucia
2038 5040 2186 5094 Rho—

608 5130 730 5169 sum
764 5117 1011 5173 tendenti
1037 5118 1216 5174 media
1247 5122 1495 5177 occurrit
1535 5125 1644 5188 via,
1678 5127 1815 5179 mari
1848 5128 2180 5197 imminens;

608 5215 665 5260 et
693 5205 763 5261 ab
792 5206 894 5263 bac
952 5209 1113 5275 urbe,
1148 5212 1340 5276 credo,
1380 5210 1630 5284 Scopolus
1662 5215 1911 5273 thosicus
1943 5222 2186 5290 appella-

610 5305 738 5361 tur;
768 5297 1027 5363 alterum,
1056 5302 1146 5354 cui
1173 5300 1441 5357 Caucasus
1494 5321 1694 5361 nomen
1720 5309 1940 5379 obtigit,
1989 5313 2044 5366 in
2076 5313 2182 5366 ad-

607 5401 764 5441 versa
786 5404 906 5443 esse
938 5400 1095 5459 parte
1123 5392 1314 5447 Montis
1340 5394 1601 5450 Mirabilis
1620 5438 1634 5461 ,
1692 5398 1949 5455 videlicet
2003 5404 2185 5459 orien-

614 5479 732 5541 tali,
769 5495 835 5533 ex
889 5484 1484 5541 narrationeconstare
1534 5490 1772 5545 videtur.
1818 5492 1973 5558 Quod
2019 5495 2183 5566 sivqui

608 5569 698 5622 alii
732 5572 903 5627 colles
945 5588 1231 5631 montesve
1286 5578 1664 5648 ignobiliores,
1718 5584 2181 5652 quemadmodum

610 5660 727 5715 fieri
764 5665 965 5719 assolet
994 5675 1157 5736 atque
1188 5669 1243 5723 in
1278 5670 1397 5726 Vita
1429 5672 1591 5728 etiam
1630 5674 1905 5743 proditur,
1942 5677 2181 5733 circum-

690 5778 703 5806 ¹
744 5780 877 5833 Psal.
915 5797 1093 5843 mus,
1133 5785 1183 5837 ’5.

2290 4582 2394 4637 bus
2422 4582 2640 4638 definiri
2658 4584 2893 4639 certiora
2914 4584 3146 4653 possint.
3159 4584 3280 4639 Mox
3296 4585 3443 4639 enim
3456 4601 3513 4640 n.
3535 4584 3600 4639 10
3612 4585 3869 4651 habetur,

2292 4674 2617 4747 Symeonem
2646 4678 3058 4748 quinquennem
3082 4678 3270 4746 fuisse,
3306 4696 3432 4735 cum
3471 4682 3656 4752 gravis
3710 4693 3873 4739 terra:

2292 4771 2475 4818 motus
2487 4764 2834 4819 Antiochiam
2858 4764 3350 4837 labefactavit,quo
3371 4782 3563 4823 eversa
3578 4768 3729 4825 illius
3741 4786 3873 4841 quo-

2293 4870 2400 4924 que
2418 4856 2612 4913 domus
2632 4857 2777 4912 inter
2810 4857 2945 4913 alias
2972 4869 3077 4923 est,
3115 4866 3172 4914 et
3196 4869 3354 4930 pater
3378 4860 3555 4917 ruinis
3584 4862 3873 4918 involutus

2292 4944 2524 5003 interiit.
2554 4947 2848 5001 Deﬁnitum
2881 4947 2975 5002 bic
3006 4948 3171 5013 foret,
3199 4950 3246 5004 si
3284 4949 3502 5010 felicior
3553 4954 3865 5016 Antiochia,

2288 5038 2470 5092 minus
2496 5038 2883 5108 frequentibus
2911 5049 3167 5109 quassata
3198 5039 3441 5103 motibus
3470 5040 3690 5099 fuisset.
3724 5045 3870 5099 Duo-

2287 5144 2410 5183 rum
2434 5128 2810 5184 meminerunt
2831 5139 3085 5185 auctores
3115 5131 3383 5202 Evagrius
3404 5142 3571 5204 atque
3584 5135 3870 5207 Theopha-

2285 5235 2406 5285 nes,
2432 5221 2528 5289 qui
2563 5220 2668 5275 sub
2693 5221 2840 5276 idem
2874 5220 2991 5277 fere
3009 5231 3243 5293 tempus,
3278 5224 3573 5295 interjecto
3594 5231 3867 5286 mensium

2287 5313 2512 5383 triginta
2545 5328 2657 5368 non
2689 5314 2925 5384 amplius
2957 5316 3154 5385 spatio,
3188 5316 3561 5374 invaluerunt.

2361 5403 2449 5458 16.
2477 5402 2726 5459 Priorem
2767 5403 2845 5458 sic
2879 5403 3428 5477 describitEvagrius
3453 5408 3493 5462 Ι.
3525 5426 3602 5476 iv,
3636 5426 3759 5483 cap.
3790 5414 3823 5469 5
3851 5430 3868 5468 ι

2287 5494 2483 5549 Iisdem
2522 5495 2722 5549 lustini
2755 5496 3071 5566 temporibus
3090 5497 3273 5553 crebra
3302 5500 3591 5570 graviaque
3625 5502 3868 5559 incendia

2288 5588 2580 5643 Antiochia:
2611 5590 2965 5659 contigerunt,
3006 5605 3123 5659 qua:
3150 5590 3311 5645 veluti
3333 5591 3488 5646 duces
3522 5594 3743 5663 fuerunt
3766 5605 3870 5651 ter-

2295 5680 2559 5750 riﬁcorum
2611 5690 2769 5735 terra:
2812 5691 3067 5748 motuum,
3094 5682 3283 5737 ibidem
3331 5693 3512 5754 postea
3566 5698 3866 5746 consecuto-

3520 6174 3791 6225 1.;‘31‘FLLC'
3820 6174 3835 6185 ﬁ

3522 6216 3687 6259 alii!
3866 6248 3867 6251 η
