  <div class='ocr_page' id='page_1' title='image "/cluster/home/n/w/nwhite01/storage/ocr_20150623/86 pars.2/pst.000005712885/662.png"; bbox 0 0 4110 6332; ppageno 0'>
   <div class='ocr_carea' id='block_1_1' title="bbox 268 407 410 470">
    <p class='ocr_par' dir='ltr' id='par_1_1' title="bbox 268 407 410 470">
     <span class='ocr_line' id='line_1_1' title="bbox 268 407 410 470; baseline -0.021 0"><span class='ocrx_word' id='word_1_1' title='bbox 268 407 410 470; x_wconf 76' lang='lat'><strong><em>2373</em></strong></span> 
     </span>
    </p>
   </div>
   <div class='ocr_carea' id='block_1_2' title="bbox 1396 408 2409 473">
    <p class='ocr_par' dir='ltr' id='par_1_2' title="bbox 1396 408 2409 473">
     <span class='ocr_line' id='line_1_2' title="bbox 1396 408 2409 473; baseline 0.003 -3"><span class='ocrx_word' id='word_1_2' title='bbox 1396 408 2000 473; x_wconf 78' lang='lat' dir='ltr'><strong><em>COMMENTARIUS</em></strong></span> <span class='ocrx_word' id='word_1_3' title='bbox 2041 412 2409 473; x_wconf 54' lang='lat' dir='ltr'><strong><em>PRIEVIUS.</em></strong></span> 
     </span>
    </p>
   </div>
   <div class='ocr_carea' id='block_1_3' title="bbox 3393 420 3541 487">
    <p class='ocr_par' dir='ltr' id='par_1_3' title="bbox 3393 420 3541 487">
     <span class='ocr_line' id='line_1_3' title="bbox 3393 420 3541 487; baseline 0.027 -4"><span class='ocrx_word' id='word_1_4' title='bbox 3393 420 3541 487; x_wconf 67' lang='grc'><strong><em>2974</em></strong></span> 
     </span>
    </p>
   </div>
   <div class='ocr_carea' id='block_1_4' title="bbox 267 525 1860 611">
    <p class='ocr_par' dir='ltr' id='par_1_4' title="bbox 267 525 1847 596">
     <span class='ocr_line' id='line_1_4' title="bbox 267 525 1847 596; baseline 0.002 -18"><span class='ocrx_word' id='word_1_5' title='bbox 267 525 889 596; x_wconf 69' lang='grc' dir='ltr'><strong><em>ηνη,ρνωιιιδεηιητᾳαε</em></strong></span> <span class='ocrx_word' id='word_1_6' title='bbox 948 526 1343 581; x_wconf 72' lang='lat' dir='ltr'><strong><em>calamitatibus</em></strong></span> <span class='ocrx_word' id='word_1_7' title='bbox 1394 530 1649 582; x_wconf 69' lang='lat' dir='ltr'><strong><em>venturis.</em></strong></span> <span class='ocrx_word' id='word_1_8' title='bbox 1706 528 1847 583; x_wconf 87' lang='lat' dir='ltr'><strong><em>Nam</em></strong></span> 
     </span>
    </p>
   </div>
   <div class='ocr_carea' id='block_1_5' title="bbox 1963 525 3535 611">
    <p class='ocr_par' dir='ltr' id='par_1_5' title="bbox 1963 529 3535 611">
     <span class='ocr_line' id='line_1_5' title="bbox 1963 529 3535 611; baseline 0.006 -29"><span class='ocrx_word' id='word_1_9' title='bbox 1963 531 2104 593; x_wconf 73' lang='grc' dir='ltr'><strong><em>λείας</em></strong></span> <span class='ocrx_word' id='word_1_10' title='bbox 2123 570 2137 590; x_wconf 86' lang='grc'>,</span> <span class='ocrx_word' id='word_1_11' title='bbox 2172 531 2301 600; x_wconf 71' lang='grc' dir='ltr'><strong><em>μηνὶ</em></strong></span> <span class='ocrx_word' id='word_1_12' title='bbox 2322 530 2533 600; x_wconf 77' lang='grc' dir='ltr'><strong><em>δεκάτῳ</em></strong></span> <span class='ocrx_word' id='word_1_13' title='bbox 2560 546 2573 559; x_wconf 76' lang='grc' dir='ltr'><strong><em>ο</em></strong></span> <span class='ocrx_word' id='word_1_14' title='bbox 2610 529 2713 583; x_wconf 72' lang='grc' dir='ltr'><strong><em>ἀνὰ</em></strong></span> <span class='ocrx_word' id='word_1_15' title='bbox 2744 531 2833 581; x_wconf 75' lang='grc' dir='ltr'><strong><em>τὸν</em></strong></span> <span class='ocrx_word' id='word_1_16' title='bbox 2864 532 3207 603; x_wconf 76' lang='grc' dir='ltr'><strong><em>Ἀρτεμίσιον</em></strong></span> <span class='ocrx_word' id='word_1_17' title='bbox 3241 537 3383 605; x_wconf 76' lang='grc' dir='ltr'>μῆνα</span> <span class='ocrx_word' id='word_1_18' title='bbox 3414 542 3535 611; x_wconf 77' lang='grc' dir='ltr'><strong><em>ἦτοι</em></strong></span> 
     </span>
    </p>
   </div>
   <div class='ocr_carea' id='block_1_6' title="bbox 270 614 1853 694">
    <p class='ocr_par' dir='ltr' id='par_1_6' title="bbox 270 614 1853 694">
     <span class='ocr_line' id='line_1_6' title="bbox 270 614 1853 694; baseline 0.006 -27"><span class='ocrx_word' id='word_1_19' title='bbox 270 614 412 669; x_wconf 77' lang='lat' dir='ltr'><strong><em>brevi</em></strong></span> <span class='ocrx_word' id='word_1_20' title='bbox 466 626 599 691; x_wconf 52' lang='lat' dir='ltr'><strong><em>post.</em></strong></span> <span class='ocrx_word' id='word_1_21' title='bbox 617 628 869 688; x_wconf 87' lang='lat' dir='ltr'><strong><em>tempore,</em></strong></span> <span class='ocrx_word' id='word_1_22' title='bbox 896 638 1037 676; x_wconf 89' lang='lat' dir='ltr'><strong><em>anno</em></strong></span> <span class='ocrx_word' id='word_1_23' title='bbox 1065 625 1286 694; x_wconf 91' lang='lat' dir='ltr'><strong><em>septimo</em></strong></span> <span class='ocrx_word' id='word_1_24' title='bbox 1332 619 1542 694; x_wconf 64' lang='lat' dir='ltr'><strong><em>iinperii</em></strong></span> <span class='ocrx_word' id='word_1_25' title='bbox 1581 624 1780 679; x_wconf 81' lang='lat' dir='ltr'><strong><em>Justini</em></strong></span> <span class='ocrx_word' id='word_1_26' title='bbox 1802 633 1853 679; x_wconf 88' lang='lat' dir='ltr'><strong><em>et</em></strong></span> 
     </span>
    </p>
   </div>
   <div class='ocr_carea' id='block_1_7' title="bbox 270 707 1854 785">
    <p class='ocr_par' dir='ltr' id='par_1_7' title="bbox 270 707 1854 785">
     <span class='ocr_line' id='line_1_7' title="bbox 270 707 1854 785; baseline 0.008 -28"><span class='ocrx_word' id='word_1_27' title='bbox 270 721 449 759; x_wconf 84' lang='lat' dir='ltr'><strong><em>mense</em></strong></span> <span class='ocrx_word' id='word_1_28' title='bbox 482 707 679 763; x_wconf 85' lang='lat' dir='ltr'><strong><em>decimo</em></strong></span> <span class='ocrx_word' id='word_1_29' title='bbox 709 726 727 774; x_wconf 91' lang='lat'><strong><em>;</em></strong></span> <span class='ocrx_word' id='word_1_30' title='bbox 757 727 932 765; x_wconf 88' lang='lat' dir='ltr'><strong><em>mense</em></strong></span> <span class='ocrx_word' id='word_1_31' title='bbox 969 713 1254 769; x_wconf 77' lang='lat' dir='ltr'><strong><em>Artemisio</em></strong></span> <span class='ocrx_word' id='word_1_32' title='bbox 1281 732 1372 768; x_wconf 83' lang='lat' dir='ltr'><strong><em>seu</em></strong></span> <span class='ocrx_word' id='word_1_33' title='bbox 1394 714 1574 781; x_wconf 77' lang='lat' dir='ltr'><strong><em>Maia;</em></strong></span> <span class='ocrx_word' id='word_1_34' title='bbox 1614 716 1698 769; x_wconf 85' lang='lat' dir='ltr'><strong><em>die</em></strong></span> <span class='ocrx_word' id='word_1_35' title='bbox 1742 716 1854 785; x_wconf 88' lang='lat' dir='ltr'><strong><em>ejus</em></strong></span> 
     </span>
    </p>
   </div>
   <div class='ocr_carea' id='block_1_8' title="bbox 271 802 1855 873">
    <p class='ocr_par' dir='ltr' id='par_1_8' title="bbox 271 802 1855 873">
     <span class='ocr_line' id='line_1_8' title="bbox 271 802 1855 873; baseline 0.008 -25"><span class='ocrx_word' id='word_1_36' title='bbox 271 810 412 850; x_wconf 83' lang='lat' dir='ltr'><strong><em>nona</em></strong></span> <span class='ocrx_word' id='word_1_37' title='bbox 436 815 498 851; x_wconf 82' lang='lat' dir='ltr'><strong><em>ac</em></strong></span> <span class='ocrx_word' id='word_1_38' title='bbox 529 802 794 865; x_wconf 76' lang='lat' dir='ltr'><strong><em>vicesima,</em></strong></span> <span class='ocrx_word' id='word_1_39' title='bbox 822 803 934 873; x_wconf 82' lang='lat' dir='ltr'><strong><em>ipso</em></strong></span> <span class='ocrx_word' id='word_1_40' title='bbox 973 806 1190 858; x_wconf 80' lang='lat' dir='ltr'><strong><em>meridie</em></strong></span> <span class='ocrx_word' id='word_1_41' title='bbox 1224 806 1369 873; x_wconf 72' lang='lat' dir='ltr'><strong><em>ferite</em></strong></span> <span class='ocrx_word' id='word_1_42' title='bbox 1392 815 1573 869; x_wconf 69' lang='lat' dir='ltr'><strong><em>sextae,</em></strong></span> <span class='ocrx_word' id='word_1_43' title='bbox 1597 816 1655 860; x_wconf 90' lang='lat' dir='ltr'><strong><em>ut</em></strong></span> <span class='ocrx_word' id='word_1_44' title='bbox 1698 823 1855 861; x_wconf 82' lang='lat' dir='ltr'><strong><em>voca-</em></strong></span> 
     </span>
    </p>
   </div>
   <div class='ocr_carea' id='block_1_9' title="bbox 270 877 1852 958">
    <p class='ocr_par' dir='ltr' id='par_1_9' title="bbox 270 877 1852 958">
     <span class='ocr_line' id='line_1_9' title="bbox 270 877 1852 958; baseline 0.008 -22"><span class='ocrx_word' id='word_1_45' title='bbox 270 891 379 949; x_wconf 86' lang='lat' dir='ltr'><strong><em>tur,</em></strong></span> <span class='ocrx_word' id='word_1_46' title='bbox 404 877 738 943; x_wconf 83' lang='lat' dir='ltr'><strong><em>hebdomadis</em></strong></span> <span class='ocrx_word' id='word_1_47' title='bbox 771 907 789 954; x_wconf 86' lang='lat'><em>;</em></span> <span class='ocrx_word' id='word_1_48' title='bbox 818 895 1080 947; x_wconf 86' lang='lat' dir='ltr'><strong><em>succussio</em></strong></span> <span class='ocrx_word' id='word_1_49' title='bbox 1114 912 1175 948; x_wconf 91' lang='lat' dir='ltr'><strong><em>ac</em></strong></span> <span class='ocrx_word' id='word_1_50' title='bbox 1197 904 1367 949; x_wconf 91' lang='lat' dir='ltr'><strong><em>motus</em></strong></span> <span class='ocrx_word' id='word_1_51' title='bbox 1398 906 1571 958; x_wconf 80' lang='lat' dir='ltr'><strong><em>terrte,</em></strong></span> <span class='ocrx_word' id='word_1_52' title='bbox 1597 894 1852 949; x_wconf 81' lang='lat' dir='ltr'><strong><em>invaden-</em></strong></span> 
     </span>
    </p>
   </div>
   <div class='ocr_carea' id='block_1_10' title="bbox 269 978 1855 1053">
    <p class='ocr_par' dir='ltr' id='par_1_10' title="bbox 269 978 1855 1053">
     <span class='ocr_line' id='line_1_10' title="bbox 269 978 1855 1053; baseline 0.008 -25"><span class='ocrx_word' id='word_1_53' title='bbox 269 985 347 1030; x_wconf 93' lang='lat' dir='ltr'><strong><em>tes</em></strong></span> <span class='ocrx_word' id='word_1_54' title='bbox 401 978 603 1043; x_wconf 86' lang='lat' dir='ltr'><strong><em>urbem,</em></strong></span> <span class='ocrx_word' id='word_1_55' title='bbox 639 996 771 1049; x_wconf 89' lang='lat' dir='ltr'><strong><em>pene</em></strong></span> <span class='ocrx_word' id='word_1_56' title='bbox 829 992 996 1037; x_wconf 90' lang='lat' dir='ltr'><strong><em>totam</em></strong></span> <span class='ocrx_word' id='word_1_57' title='bbox 1041 985 1281 1053; x_wconf 87' lang='lat' dir='ltr'><strong><em>funditus</em></strong></span> <span class='ocrx_word' id='word_1_58' title='bbox 1305 986 1694 1041; x_wconf 81' lang='lat' dir='ltr'><strong><em>subverterunt.</em></strong></span> <span class='ocrx_word' id='word_1_59' title='bbox 1725 985 1855 1040; x_wconf 88' lang='lat' dir='ltr'><strong><em>Post</em></strong></span> 
     </span>
    </p>
   </div>
   <div class='ocr_carea' id='block_1_11' title="bbox 268 1067 1857 1147">
    <p class='ocr_par' dir='ltr' id='par_1_11' title="bbox 268 1067 1857 1147">
     <span class='ocr_line' id='line_1_11' title="bbox 268 1067 1857 1147; baseline 0.008 -27"><span class='ocrx_word' id='word_1_60' title='bbox 268 1067 382 1122; x_wconf 70' lang='lat' dir='ltr'><strong><em>hac</em></strong></span> <span class='ocrx_word' id='word_1_61' title='bbox 424 1073 668 1125; x_wconf 71' lang='lat' dir='ltr'><strong><em>successit</em></strong></span> <span class='ocrx_word' id='word_1_62' title='bbox 726 1075 862 1142; x_wconf 83' lang='lat' dir='ltr'><strong><em>ignis</em></strong></span> <span class='ocrx_word' id='word_1_63' title='bbox 914 1092 1140 1145; x_wconf 85' lang='lat' dir='ltr'><strong><em>quoque,</em></strong></span> <span class='ocrx_word' id='word_1_64' title='bbox 1180 1084 1230 1130; x_wconf 88' lang='lat' dir='ltr'><strong><em>et</em></strong></span> <span class='ocrx_word' id='word_1_65' title='bbox 1285 1078 1650 1131; x_wconf 82' lang='lat' dir='ltr'><strong><em>calamitatem</em></strong></span> <span class='ocrx_word' id='word_1_66' title='bbox 1701 1078 1857 1147; x_wconf 87' lang='lat' dir='ltr'><strong><em>quasi</em></strong></span> 
     </span>
    </p>
   </div>
   <div class='ocr_carea' id='block_1_12' title="bbox 228 1158 1857 1239">
    <p class='ocr_par' dir='ltr' id='par_1_12' title="bbox 228 1158 1857 1239">
     <span class='ocr_line' id='line_1_12' title="bbox 228 1158 1857 1239; baseline 0.007 -28"><span class='ocrx_word' id='word_1_67' title='bbox 228 1158 233 1167; x_wconf 81' lang='grc'><em>”</em></span> <span class='ocrx_word' id='word_1_68' title='bbox 268 1174 389 1212; x_wconf 89' lang='lat' dir='ltr'><strong><em>cum</em></strong></span> <span class='ocrx_word' id='word_1_69' title='bbox 434 1160 542 1215; x_wconf 91' lang='lat' dir='ltr'><strong><em>illis</em></strong></span> <span class='ocrx_word' id='word_1_70' title='bbox 603 1166 832 1232; x_wconf 90' lang='lat' dir='ltr'><strong><em>partitus</em></strong></span> <span class='ocrx_word' id='word_1_71' title='bbox 883 1176 978 1221; x_wconf 89' lang='lat' dir='ltr'><strong><em>est.</em></strong></span> <span class='ocrx_word' id='word_1_72' title='bbox 1015 1166 1213 1232; x_wconf 85' lang='lat' dir='ltr'><strong><em>Quibus</em></strong></span> <span class='ocrx_word' id='word_1_73' title='bbox 1239 1171 1378 1223; x_wconf 88' lang='lat' dir='ltr'><strong><em>enim</em></strong></span> <span class='ocrx_word' id='word_1_74' title='bbox 1407 1169 1531 1237; x_wconf 81' lang='lat' dir='ltr'><strong><em>locis</em></strong></span> <span class='ocrx_word' id='word_1_75' title='bbox 1581 1171 1857 1239; x_wconf 84' lang='lat' dir='ltr'><strong><em>quassatio</em></strong></span> 
     </span>
    </p>
   </div>
   <div class='ocr_carea' id='block_1_13' title="bbox 270 1256 1857 1329">
    <p class='ocr_par' dir='ltr' id='par_1_13' title="bbox 270 1256 1857 1329">
     <span class='ocr_line' id='line_1_13' title="bbox 270 1256 1857 1329; baseline 0.007 -29"><span class='ocrx_word' id='word_1_76' title='bbox 270 1259 545 1321; x_wconf 86' lang='lat' dir='ltr'><strong><em>motusque</em></strong></span> <span class='ocrx_word' id='word_1_77' title='bbox 573 1263 937 1322; x_wconf 81' lang='lat' dir='ltr'><strong><em>pepercerant,</em></strong></span> <span class='ocrx_word' id='word_1_78' title='bbox 970 1256 1067 1310; x_wconf 88' lang='lat' dir='ltr'><strong><em>illa</em></strong></span> <span class='ocrx_word' id='word_1_79' title='bbox 1097 1258 1236 1327; x_wconf 85' lang='lat' dir='ltr'><strong><em>ignis</em></strong></span> <span class='ocrx_word' id='word_1_80' title='bbox 1261 1261 1459 1313; x_wconf 87' lang='lat' dir='ltr'><strong><em>circum</em></strong></span> <span class='ocrx_word' id='word_1_81' title='bbox 1483 1259 1769 1329; x_wconf 76' lang='lat' dir='ltr'><strong><em>deposcens</em></strong></span> <span class='ocrx_word' id='word_1_82' title='bbox 1802 1259 1857 1311; x_wconf 89' lang='lat' dir='ltr'><strong><em>in</em></strong></span> 
     </span>
    </p>
   </div>
   <div class='ocr_carea' id='block_1_14' title="bbox 269 1341 1859 1421">
    <p class='ocr_par' dir='ltr' id='par_1_14' title="bbox 269 1341 1859 1421">
     <span class='ocr_line' id='line_1_14' title="bbox 269 1341 1859 1421; baseline 0.008 -29"><span class='ocrx_word' id='word_1_83' title='bbox 269 1341 471 1395; x_wconf 83' lang='lat' dir='ltr'><strong><em>cineres</em></strong></span> <span class='ocrx_word' id='word_1_84' title='bbox 526 1343 847 1415; x_wconf 86' lang='lat' dir='ltr'><strong><em>favillasque</em></strong></span> <span class='ocrx_word' id='word_1_85' title='bbox 894 1347 1113 1418; x_wconf 81' lang='lat' dir='ltr'><strong><em>redegit.</em></strong></span> <span class='ocrx_word' id='word_1_86' title='bbox 1148 1347 1278 1414; x_wconf 65' lang='lat' dir='ltr'><strong><em>Qui:</em></strong></span> <span class='ocrx_word' id='word_1_87' title='bbox 1309 1368 1469 1420; x_wconf 84' lang='lat' dir='ltr'><strong><em>porro</em></strong></span> <span class='ocrx_word' id='word_1_88' title='bbox 1502 1351 1643 1404; x_wconf 86' lang='lat' dir='ltr'><strong><em>urbis</em></strong></span> <span class='ocrx_word' id='word_1_89' title='bbox 1680 1360 1859 1421; x_wconf 82' lang='lat' dir='ltr'><strong><em>partes</em></strong></span> 
     </span>
    </p>
   </div>
   <div class='ocr_carea' id='block_1_15' title="bbox 271 1436 1860 1512">
    <p class='ocr_par' dir='ltr' id='par_1_15' title="bbox 271 1436 1860 1512">
     <span class='ocr_line' id='line_1_15' title="bbox 271 1436 1860 1512; baseline 0.009 -31"><span class='ocrx_word' id='word_1_90' title='bbox 271 1436 501 1496; x_wconf 85' lang='lat' dir='ltr'><strong><em>ruerint,</em></strong></span> <span class='ocrx_word' id='word_1_91' title='bbox 536 1444 660 1505; x_wconf 87' lang='lat' dir='ltr'><strong><em>quot</em></strong></span> <span class='ocrx_word' id='word_1_92' title='bbox 686 1437 924 1491; x_wconf 77' lang='lat' dir='ltr'><strong><em>homines</em></strong></span> <span class='ocrx_word' id='word_1_93' title='bbox 952 1441 1187 1509; x_wconf 74' lang='lat' dir='ltr'><strong><em>ﬂammis</em></strong></span> <span class='ocrx_word' id='word_1_94' title='bbox 1220 1442 1568 1512; x_wconf 82' lang='lat' dir='ltr'><strong><em>motibusque,</em></strong></span> <span class='ocrx_word' id='word_1_95' title='bbox 1606 1443 1683 1495; x_wconf 88' lang='lat' dir='ltr'><strong><em>uti</em></strong></span> <span class='ocrx_word' id='word_1_96' title='bbox 1710 1443 1860 1495; x_wconf 87' lang='lat' dir='ltr'><strong><em>simi-</em></strong></span> 
     </span>
    </p>
   </div>
   <div class='ocr_carea' id='block_1_16' title="bbox 271 1523 1857 1602">
    <p class='ocr_par' dir='ltr' id='par_1_16' title="bbox 271 1523 1857 1602">
     <span class='ocr_line' id='line_1_16' title="bbox 271 1523 1857 1602; baseline 0.008 -27"><span class='ocrx_word' id='word_1_97' title='bbox 271 1523 373 1576; x_wconf 85' lang='lat' dir='ltr'><strong><em>lius</em></strong></span> <span class='ocrx_word' id='word_1_98' title='bbox 429 1542 547 1580; x_wconf 79' lang='lat' dir='ltr'><strong><em>vero</em></strong></span> <span class='ocrx_word' id='word_1_99' title='bbox 575 1536 670 1590; x_wconf 88' lang='lat' dir='ltr'><strong><em>est,</em></strong></span> <span class='ocrx_word' id='word_1_100' title='bbox 715 1530 1056 1596; x_wconf 88' lang='lat' dir='ltr'><strong><em>interierint,</em></strong></span> <span class='ocrx_word' id='word_1_101' title='bbox 1120 1548 1239 1602; x_wconf 70' lang='lat' dir='ltr'><strong><em>quae</em></strong></span> <span class='ocrx_word' id='word_1_102' title='bbox 1282 1534 1442 1587; x_wconf 90' lang='lat' dir='ltr'><strong><em>etiam</em></strong></span> <span class='ocrx_word' id='word_1_103' title='bbox 1476 1534 1747 1588; x_wconf 88' lang='lat' dir='ltr'><strong><em>mirabilia</em></strong></span> <span class='ocrx_word' id='word_1_104' title='bbox 1777 1535 1857 1588; x_wconf 87' lang='lat' dir='ltr'><strong><em>di-</em></strong></span> 
     </span>
    </p>
   </div>
   <div class='ocr_carea' id='block_1_17' title="bbox 268 1615 1863 1703">
    <p class='ocr_par' dir='ltr' id='par_1_17' title="bbox 268 1615 1863 1703">
     <span class='ocr_line' id='line_1_17' title="bbox 268 1615 1863 1703; baseline 0.012 -37"><span class='ocrx_word' id='word_1_105' title='bbox 268 1615 524 1687; x_wconf 88' lang='lat' dir='ltr'><strong><em>cendique</em></strong></span> <span class='ocrx_word' id='word_1_106' title='bbox 563 1619 816 1688; x_wconf 79' lang='lat' dir='ltr'><strong><em>facultate</em></strong></span> <span class='ocrx_word' id='word_1_107' title='bbox 846 1628 993 1679; x_wconf 90' lang='lat' dir='ltr'><strong><em>omni</em></strong></span> <span class='ocrx_word' id='word_1_108' title='bbox 1018 1629 1229 1699; x_wconf 78' lang='lat' dir='ltr'><strong><em>majora</em></strong></span> <span class='ocrx_word' id='word_1_109' title='bbox 1255 1633 1593 1700; x_wconf 87' lang='lat' dir='ltr'><strong><em>contigerint,</em></strong></span> <span class='ocrx_word' id='word_1_110' title='bbox 1650 1632 1863 1703; x_wconf 72' lang='lat' dir='ltr'><strong><em>lugubri</em></strong></span> 
     </span>
    </p>
   </div>
   <div class='ocr_carea' id='block_1_18' title="bbox 269 1718 1856 1789">
    <p class='ocr_par' dir='ltr' id='par_1_18' title="bbox 269 1718 1856 1789">
     <span class='ocr_line' id='line_1_18' title="bbox 269 1718 1856 1789; baseline 0.014 -30"><span class='ocrx_word' id='word_1_111' title='bbox 269 1721 579 1773; x_wconf 86' lang='lat' dir='ltr'><strong><em>prosecutus</em></strong></span> <span class='ocrx_word' id='word_1_112' title='bbox 629 1723 705 1767; x_wconf 89' lang='lat' dir='ltr'><strong><em>est</em></strong></span> <span class='ocrx_word' id='word_1_113' title='bbox 745 1718 987 1771; x_wconf 88' lang='lat' dir='ltr'><strong><em>oratione</em></strong></span> <span class='ocrx_word' id='word_1_114' title='bbox 1034 1718 1271 1777; x_wconf 78' lang='lat' dir='ltr'><strong><em>Joannes</em></strong></span> <span class='ocrx_word' id='word_1_115' title='bbox 1330 1724 1535 1789; x_wconf 87' lang='lat' dir='ltr'><strong><em>rhetor,</em></strong></span> <span class='ocrx_word' id='word_1_116' title='bbox 1566 1724 1856 1781; x_wconf 80' lang='lat' dir='ltr'><strong><em>Historiam</em></strong></span> 
     </span>
    </p>
   </div>
   <div class='ocr_carea' id='block_1_19' title="bbox 267 1804 1858 1882">
    <p class='ocr_par' dir='ltr' id='par_1_19' title="bbox 267 1804 1858 1882">
     <span class='ocr_line' id='line_1_19' title="bbox 267 1804 1858 1882; baseline 0.013 -31"><span class='ocrx_word' id='word_1_117' title='bbox 267 1815 428 1853; x_wconf 87' lang='lat' dir='ltr'><strong><em>suam</em></strong></span> <span class='ocrx_word' id='word_1_118' title='bbox 461 1805 543 1856; x_wconf 88' lang='lat' dir='ltr'><strong><em>hic</em></strong></span> <span class='ocrx_word' id='word_1_119' title='bbox 587 1804 922 1862; x_wconf 84' lang='lat' dir='ltr'><strong><em>concludens.</em></strong></span> <span class='ocrx_word' id='word_1_120' title='bbox 972 1809 1309 1882; x_wconf 78' lang='lat' dir='ltr'><strong><em>Euphrasius</em></strong></span> <span class='ocrx_word' id='word_1_121' title='bbox 1335 1832 1456 1869; x_wconf 85' lang='lat' dir='ltr'><strong><em>vero</em></strong></span> <span class='ocrx_word' id='word_1_122' title='bbox 1482 1818 1646 1870; x_wconf 85' lang='lat' dir='ltr'><strong><em>etiam</em></strong></span> <span class='ocrx_word' id='word_1_123' title='bbox 1688 1818 1858 1871; x_wconf 88' lang='lat' dir='ltr'><strong><em>ruinis</em></strong></span> 
     </span>
    </p>
   </div>
   <div class='ocr_carea' id='block_1_20' title="bbox 268 1891 1854 1975">
    <p class='ocr_par' dir='ltr' id='par_1_20' title="bbox 268 1891 1854 1975">
     <span class='ocr_line' id='line_1_20' title="bbox 268 1891 1854 1975; baseline 0.011 -33"><span class='ocrx_word' id='word_1_124' title='bbox 268 1891 612 1963; x_wconf 87' lang='lat' dir='ltr'><strong><em>interceptus.</em></strong></span> <span class='ocrx_word' id='word_1_125' title='bbox 636 1897 797 1949; x_wconf 85' lang='lat' dir='ltr'><strong><em>vitam</em></strong></span> <span class='ocrx_word' id='word_1_126' title='bbox 836 1897 1050 1963; x_wconf 78' lang='lat' dir='ltr'><strong><em>ﬁnivit:</em></strong></span> <span class='ocrx_word' id='word_1_127' title='bbox 1085 1919 1149 1955; x_wconf 90' lang='lat' dir='ltr'><strong><em>ac</em></strong></span> <span class='ocrx_word' id='word_1_128' title='bbox 1211 1912 1379 1957; x_wconf 85' lang='lat' dir='ltr'><strong><em>morte</em></strong></span> <span class='ocrx_word' id='word_1_129' title='bbox 1438 1923 1537 1959; x_wconf 88' lang='lat' dir='ltr'><strong><em>sua</em></strong></span> <span class='ocrx_word' id='word_1_130' title='bbox 1580 1904 1854 1975; x_wconf 86' lang='lat' dir='ltr'><strong><em>publicam</em></strong></span> 
     </span>
    </p>
   </div>
   <div class='ocr_carea' id='block_1_21' title="bbox 266 1981 1854 2065">
    <p class='ocr_par' dir='ltr' id='par_1_21' title="bbox 266 1981 1854 2065">
     <span class='ocr_line' id='line_1_21' title="bbox 266 1981 1854 2065; baseline 0.01 -33"><span class='ocrx_word' id='word_1_131' title='bbox 266 1981 633 2037; x_wconf 86' lang='lat' dir='ltr'><strong><em>calamitatem</em></strong></span> <span class='ocrx_word' id='word_1_132' title='bbox 666 1989 837 2053; x_wconf 76' lang='lat' dir='ltr'><strong><em>auxit,</em></strong></span> <span class='ocrx_word' id='word_1_133' title='bbox 876 1991 1084 2045; x_wconf 83' lang='lat' dir='ltr'><strong><em>nemine</em></strong></span> <span class='ocrx_word' id='word_1_134' title='bbox 1101 1994 1242 2063; x_wconf 83' lang='lat' dir='ltr'><strong><em>jam,</em></strong></span> <span class='ocrx_word' id='word_1_135' title='bbox 1270 1993 1361 2065; x_wconf 84' lang='lat' dir='ltr'><strong><em>qui</em></strong></span> <span class='ocrx_word' id='word_1_136' title='bbox 1400 2000 1685 2065; x_wconf 83' lang='lat' dir='ltr'><strong><em>profutura</em></strong></span> <span class='ocrx_word' id='word_1_137' title='bbox 1728 2012 1854 2065; x_wconf 85' lang='lat' dir='ltr'><strong><em>sug-</em></strong></span> 
     </span>
    </p>
   </div>
   <div class='ocr_carea' id='block_1_22' title="bbox 266 2079 1855 2155">
    <p class='ocr_par' dir='ltr' id='par_1_22' title="bbox 266 2079 1855 2155">
     <span class='ocr_line' id='line_1_22' title="bbox 266 2079 1855 2155; baseline 0.009 -31"><span class='ocrx_word' id='word_1_138' title='bbox 266 2083 496 2142; x_wconf 86' lang='lat' dir='ltr'><strong><em>gereret,</em></strong></span> <span class='ocrx_word' id='word_1_139' title='bbox 518 2086 827 2144; x_wconf 84' lang='lat' dir='ltr'><strong><em>superante.</em></strong></span> <span class='ocrx_word' id='word_1_140' title='bbox 859 2079 1029 2135; x_wconf 80' lang='lat' dir='ltr'><strong><em>Addit</em></strong></span> <span class='ocrx_word' id='word_1_141' title='bbox 1059 2083 1430 2155; x_wconf 88' lang='lat' dir='ltr'><strong><em>Theophanes</em></strong></span> <span class='ocrx_word' id='word_1_142' title='bbox 1458 2105 1470 2139; x_wconf 91' lang='lat'>:</span> <span class='ocrx_word' id='word_1_143' title='bbox 1512 2086 1701 2140; x_wconf 82' lang='lat' dir='ltr'><strong><em>Omnes</em></strong></span> <span class='ocrx_word' id='word_1_144' title='bbox 1723 2102 1855 2154; x_wconf 88' lang='lat' dir='ltr'><strong><em>quo-</em></strong></span> 
     </span>
    </p>
   </div>
   <div class='ocr_carea' id='block_1_23' title="bbox 265 2165 1855 2237">
    <p class='ocr_par' dir='ltr' id='par_1_23' title="bbox 265 2165 1855 2237">
     <span class='ocr_line' id='line_1_23' title="bbox 265 2165 1855 2237; baseline 0.012 -27"><span class='ocrx_word' id='word_1_145' title='bbox 265 2176 369 2230; x_wconf 90' lang='lat' dir='ltr'><strong><em>que</em></strong></span> <span class='ocrx_word' id='word_1_146' title='bbox 398 2165 533 2217; x_wconf 78' lang='lat' dir='ltr'><strong><em>cedes</em></strong></span> <span class='ocrx_word' id='word_1_147' title='bbox 563 2175 611 2218; x_wconf 83' lang='lat' dir='ltr'><strong><em>et</em></strong></span> <span class='ocrx_word' id='word_1_148' title='bbox 627 2166 855 2224; x_wconf 70' lang='lat' dir='ltr'><strong><em>ecclesia:</em></strong></span> <span class='ocrx_word' id='word_1_149' title='bbox 874 2173 1237 2237; x_wconf 89' lang='lat' dir='ltr'><strong><em>conciderunt,</em></strong></span> <span class='ocrx_word' id='word_1_150' title='bbox 1264 2185 1312 2229; x_wconf 90' lang='lat' dir='ltr'><strong><em>et</em></strong></span> <span class='ocrx_word' id='word_1_151' title='bbox 1348 2177 1487 2232; x_wconf 85' lang='lat' dir='ltr'><strong><em>urbis</em></strong></span> <span class='ocrx_word' id='word_1_152' title='bbox 1504 2178 1660 2231; x_wconf 88' lang='lat' dir='ltr'><strong><em>decor</em></strong></span> <span class='ocrx_word' id='word_1_153' title='bbox 1685 2178 1855 2231; x_wconf 90' lang='lat' dir='ltr'><strong><em>omnis</em></strong></span> 
     </span>
    </p>
   </div>
   <div class='ocr_carea' id='block_1_24' title="bbox 267 2249 1854 2326">
    <p class='ocr_par' dir='ltr' id='par_1_24' title="bbox 267 2249 1854 2326">
     <span class='ocr_line' id='line_1_24' title="bbox 267 2249 1854 2326; baseline 0.008 -22"><span class='ocrx_word' id='word_1_154' title='bbox 267 2249 471 2306; x_wconf 85' lang='lat' dir='ltr'><strong><em>deletus</em></strong></span> <span class='ocrx_word' id='word_1_155' title='bbox 495 2263 571 2307; x_wconf 90' lang='lat' dir='ltr'><strong><em>est</em></strong></span> <span class='ocrx_word' id='word_1_156' title='bbox 605 2273 623 2309; x_wconf 87' lang='lat'><strong><em>:</em></strong></span> <span class='ocrx_word' id='word_1_157' title='bbox 660 2257 750 2310; x_wconf 87' lang='lat' dir='ltr'><strong><em>sed</em></strong></span> <span class='ocrx_word' id='word_1_158' title='bbox 804 2274 971 2326; x_wconf 87' lang='lat' dir='ltr'><strong><em>neque</em></strong></span> <span class='ocrx_word' id='word_1_159' title='bbox 1001 2261 1123 2315; x_wconf 87' lang='lat' dir='ltr'><strong><em>talis</em></strong></span> <span class='ocrx_word' id='word_1_160' title='bbox 1153 2263 1434 2318; x_wconf 88' lang='lat' dir='ltr'><strong><em>calamitas</em></strong></span> <span class='ocrx_word' id='word_1_161' title='bbox 1490 2263 1610 2317; x_wconf 89' lang='lat' dir='ltr'><strong><em>aliis</em></strong></span> <span class='ocrx_word' id='word_1_162' title='bbox 1647 2262 1854 2321; x_wconf 81' lang='lat' dir='ltr'><strong><em>sa‘culis</em></strong></span> 
     </span>
    </p>
   </div>
   <div class='ocr_carea' id='block_1_25' title="bbox 266 2344 1853 2426">
    <p class='ocr_par' dir='ltr' id='par_1_25' title="bbox 266 2344 1853 2426">
     <span class='ocr_line' id='line_1_25' title="bbox 266 2344 1853 2426; baseline 0.009 -32"><span class='ocrx_word' id='word_1_163' title='bbox 266 2344 454 2412; x_wconf 83' lang='lat' dir='ltr'><strong><em>quavis</em></strong></span> <span class='ocrx_word' id='word_1_164' title='bbox 499 2347 553 2398; x_wconf 87' lang='lat' dir='ltr'><strong><em>in</em></strong></span> <span class='ocrx_word' id='word_1_165' title='bbox 615 2348 740 2401; x_wconf 88' lang='lat' dir='ltr'><strong><em>urbe</em></strong></span> <span class='ocrx_word' id='word_1_166' title='bbox 796 2354 1038 2423; x_wconf 89' lang='lat' dir='ltr'><strong><em>contigit.</em></strong></span> <span class='ocrx_word' id='word_1_167' title='bbox 1064 2351 1431 2409; x_wconf 87' lang='lat' dir='ltr'><strong><em>Pientissimus</em></strong></span> <span class='ocrx_word' id='word_1_168' title='bbox 1456 2366 1633 2411; x_wconf 90' lang='lat' dir='ltr'><strong><em>autem</em></strong></span> <span class='ocrx_word' id='word_1_169' title='bbox 1690 2358 1853 2426; x_wconf 91' lang='lat' dir='ltr'><strong><em>impe-</em></strong></span> 
     </span>
    </p>
   </div>
   <div class='ocr_carea' id='block_1_26' title="bbox 267 2434 1854 2515">
    <p class='ocr_par' dir='ltr' id='par_1_26' title="bbox 267 2434 1854 2515">
     <span class='ocr_line' id='line_1_26' title="bbox 267 2434 1854 2515; baseline 0.009 -30"><span class='ocrx_word' id='word_1_170' title='bbox 267 2441 422 2486; x_wconf 90' lang='lat' dir='ltr'><strong><em>rator</em></strong></span> <span class='ocrx_word' id='word_1_171' title='bbox 451 2434 713 2503; x_wconf 81' lang='lat' dir='ltr'><strong><em>Justinus,</em></strong></span> <span class='ocrx_word' id='word_1_172' title='bbox 743 2457 800 2494; x_wconf 89' lang='lat' dir='ltr'><strong><em>re</em></strong></span> <span class='ocrx_word' id='word_1_173' title='bbox 822 2444 1055 2513; x_wconf 87' lang='lat' dir='ltr'><strong><em>cognita.</em></strong></span> <span class='ocrx_word' id='word_1_174' title='bbox 1081 2446 1286 2515; x_wconf 82' lang='lat' dir='ltr'><strong><em>ingenti</em></strong></span> <span class='ocrx_word' id='word_1_175' title='bbox 1318 2445 1499 2499; x_wconf 90' lang='lat' dir='ltr'><strong><em>dolore</em></strong></span> <span class='ocrx_word' id='word_1_176' title='bbox 1524 2448 1692 2501; x_wconf 85' lang='lat' dir='ltr'><strong><em>animi</em></strong></span> <span class='ocrx_word' id='word_1_177' title='bbox 1730 2464 1854 2515; x_wconf 79' lang='lat' dir='ltr'><strong><em>per—</em></strong></span> 
     </span>
    </p>
   </div>
   <div class='ocr_carea' id='block_1_27' title="bbox 266 2527 1857 2606">
    <p class='ocr_par' dir='ltr' id='par_1_27' title="bbox 266 2527 1857 2606">
     <span class='ocr_line' id='line_1_27' title="bbox 266 2527 1857 2606; baseline 0.009 -30"><span class='ocrx_word' id='word_1_178' title='bbox 266 2539 473 2589; x_wconf 85' lang='lat' dir='ltr'><strong><em>cussus,</em></strong></span> <span class='ocrx_word' id='word_1_179' title='bbox 497 2527 703 2582; x_wconf 87' lang='lat' dir='ltr'><strong><em>sublato</em></strong></span> <span class='ocrx_word' id='word_1_180' title='bbox 732 2532 921 2601; x_wconf 85' lang='lat' dir='ltr'><strong><em>capitis</em></strong></span> <span class='ocrx_word' id='word_1_181' title='bbox 942 2534 1024 2586; x_wconf 89' lang='lat' dir='ltr'><strong><em>sui</em></strong></span> <span class='ocrx_word' id='word_1_182' title='bbox 1067 2543 1261 2587; x_wconf 88' lang='lat' dir='ltr'><strong><em>ornatu</em></strong></span> <span class='ocrx_word' id='word_1_183' title='bbox 1304 2552 1646 2605; x_wconf 82' lang='lat' dir='ltr'><strong><em>purpuraque</em></strong></span> <span class='ocrx_word' id='word_1_184' title='bbox 1697 2538 1857 2606; x_wconf 83' lang='lat' dir='ltr'><strong><em>depo-</em></strong></span> 
     </span>
    </p>
   </div>
   <div class='ocr_carea' id='block_1_28' title="bbox 265 2616 1856 2699">
    <p class='ocr_par' dir='ltr' id='par_1_28' title="bbox 265 2616 1856 2699">
     <span class='ocr_line' id='line_1_28' title="bbox 265 2616 1856 2699; baseline 0.006 -29"><span class='ocrx_word' id='word_1_185' title='bbox 265 2616 393 2680; x_wconf 88' lang='lat' dir='ltr'><strong><em>sita,</em></strong></span> <span class='ocrx_word' id='word_1_186' title='bbox 428 2616 608 2687; x_wconf 83' lang='lat' dir='ltr'><strong><em>plures</em></strong></span> <span class='ocrx_word' id='word_1_187' title='bbox 645 2619 754 2674; x_wconf 88' lang='lat' dir='ltr'><strong><em>dies</em></strong></span> <span class='ocrx_word' id='word_1_188' title='bbox 784 2638 996 2676; x_wconf 87' lang='lat' dir='ltr'><strong><em>saccum</em></strong></span> <span class='ocrx_word' id='word_1_189' title='bbox 1037 2624 1253 2679; x_wconf 87' lang='lat' dir='ltr'><strong><em>indutus</em></strong></span> <span class='ocrx_word' id='word_1_190' title='bbox 1285 2626 1465 2691; x_wconf 76' lang='lat' dir='ltr'><strong><em>luxit;</em></strong></span> <span class='ocrx_word' id='word_1_191' title='bbox 1499 2627 1629 2681; x_wconf 84' lang='lat' dir='ltr'><strong><em>adeo</em></strong></span> <span class='ocrx_word' id='word_1_192' title='bbox 1678 2636 1736 2680; x_wconf 91' lang='lat' dir='ltr'><strong><em>ut</em></strong></span> <span class='ocrx_word' id='word_1_193' title='bbox 1775 2628 1856 2699; x_wconf 88' lang='lat' dir='ltr'><strong><em>fe-</em></strong></span> 
     </span>
    </p>
   </div>
   <div class='ocr_carea' id='block_1_29' title="bbox 273 2708 1856 2784">
    <p class='ocr_par' dir='ltr' id='par_1_29' title="bbox 273 2708 1856 2784">
     <span class='ocr_line' id='line_1_29' title="bbox 273 2708 1856 2784; baseline 0.004 -21"><span class='ocrx_word' id='word_1_194' title='bbox 273 2715 361 2763; x_wconf 76' lang='lat' dir='ltr'><strong><em>sta</em></strong></span> <span class='ocrx_word' id='word_1_195' title='bbox 411 2724 616 2777; x_wconf 86' lang='lat' dir='ltr'><strong><em>quoque</em></strong></span> <span class='ocrx_word' id='word_1_196' title='bbox 658 2708 771 2763; x_wconf 89' lang='lat' dir='ltr'><strong><em>luce</em></strong></span> <span class='ocrx_word' id='word_1_197' title='bbox 801 2712 1085 2780; x_wconf 85' lang='lat' dir='ltr'><strong><em>procedens</em></strong></span> <span class='ocrx_word' id='word_1_198' title='bbox 1115 2713 1169 2766; x_wconf 89' lang='lat' dir='ltr'><strong><em>in</em></strong></span> <span class='ocrx_word' id='word_1_199' title='bbox 1198 2714 1472 2784; x_wconf 79' lang='lat' dir='ltr'><strong><em>templum,</em></strong></span> <span class='ocrx_word' id='word_1_200' title='bbox 1492 2726 1856 2769; x_wconf 88' lang='lat' dir='ltr'><strong><em>coronamaut</em></strong></span> 
     </span>
    </p>
   </div>
   <div class='ocr_carea' id='block_1_30' title="bbox 263 2801 1854 2878">
    <p class='ocr_par' dir='ltr' id='par_1_30' title="bbox 263 2801 1854 2878">
     <span class='ocr_line' id='line_1_30' title="bbox 263 2801 1854 2878; baseline 0.004 -21"><span class='ocrx_word' id='word_1_201' title='bbox 263 2801 605 2873; x_wconf 80' lang='lat' dir='ltr'><strong><em>_cltlamydem</em></strong></span> <span class='ocrx_word' id='word_1_202' title='bbox 630 2815 837 2874; x_wconf 87' lang='lat' dir='ltr'><strong><em>gestare</em></strong></span> <span class='ocrx_word' id='word_1_203' title='bbox 862 2809 1139 2865; x_wconf 86' lang='lat' dir='ltr'><strong><em>renuerit:</em></strong></span> <span class='ocrx_word' id='word_1_204' title='bbox 1169 2824 1349 2861; x_wconf 86' lang='lat' dir='ltr'><strong><em>verum</em></strong></span> <span class='ocrx_word' id='word_1_205' title='bbox 1387 2810 1462 2861; x_wconf 90' lang='lat' dir='ltr'><strong><em>sic</em></strong></span> <span class='ocrx_word' id='word_1_206' title='bbox 1493 2809 1720 2878; x_wconf 82' lang='lat' dir='ltr'><strong><em>simplici</em></strong></span> <span class='ocrx_word' id='word_1_207' title='bbox 1756 2812 1854 2863; x_wconf 83' lang='lat' dir='ltr'><strong><em>ha-</em></strong></span> 
     </span>
    </p>
   </div>
   <div class='ocr_carea' id='block_1_31' title="bbox 267 2895 1854 2968">
    <p class='ocr_par' dir='ltr' id='par_1_31' title="bbox 267 2895 1854 2968">
     <span class='ocr_line' id='line_1_31' title="bbox 267 2895 1854 2968; baseline 0.004 -22"><span class='ocrx_word' id='word_1_208' title='bbox 267 2895 382 2949; x_wconf 86' lang='lat' dir='ltr'><strong><em>bitu</em></strong></span> <span class='ocrx_word' id='word_1_209' title='bbox 421 2911 536 2946; x_wconf 87' lang='lat' dir='ltr'><strong><em>cum</em></strong></span> <span class='ocrx_word' id='word_1_210' title='bbox 570 2896 683 2949; x_wconf 83' lang='lat' dir='ltr'><strong><em>solo</em></strong></span> <span class='ocrx_word' id='word_1_211' title='bbox 724 2898 954 2967; x_wconf 83' lang='lat' dir='ltr'><strong><em>mandya</em></strong></span> <span class='ocrx_word' id='word_1_212' title='bbox 986 2915 1250 2968; x_wconf 89' lang='lat' dir='ltr'><strong><em>purpureo</em></strong></span> <span class='ocrx_word' id='word_1_213' title='bbox 1282 2901 1623 2967; x_wconf 83' lang='lat' dir='ltr'><strong><em>processerit,</em></strong></span> <span class='ocrx_word' id='word_1_214' title='bbox 1658 2916 1720 2952; x_wconf 87' lang='lat' dir='ltr'><strong><em>ac</em></strong></span> <span class='ocrx_word' id='word_1_215' title='bbox 1765 2917 1854 2952; x_wconf 76' lang='lat' dir='ltr'><strong><em>co-</em></strong></span> 
     </span>
    </p>
   </div>
   <div class='ocr_carea' id='block_1_32' title="bbox 271 2990 1854 3061">
    <p class='ocr_par' dir='ltr' id='par_1_32' title="bbox 271 2990 1854 3061">
     <span class='ocr_line' id='line_1_32' title="bbox 271 2990 1854 3061; baseline 0.003 -22"><span class='ocrx_word' id='word_1_216' title='bbox 271 3003 391 3041; x_wconf 90' lang='lat' dir='ltr'><strong><em>ram</em></strong></span> <span class='ocrx_word' id='word_1_217' title='bbox 426 2994 532 3041; x_wconf 88' lang='lat' dir='ltr'><strong><em>toto</em></strong></span> <span class='ocrx_word' id='word_1_218' title='bbox 576 2999 766 3043; x_wconf 86' lang='lat' dir='ltr'><strong><em>senatu</em></strong></span> <span class='ocrx_word' id='word_1_219' title='bbox 799 2990 1137 3059; x_wconf 66' lang='lat' dir='ltr'><strong><em>ingemuerit,</em></strong></span> <span class='ocrx_word' id='word_1_220' title='bbox 1170 2992 1448 3059; x_wconf 73' lang='lat' dir='ltr'><strong><em>cwterique</em></strong></span> <span class='ocrx_word' id='word_1_221' title='bbox 1490 3008 1668 3049; x_wconf 78' lang='lat' dir='ltr'><strong><em>omnes</em></strong></span> <span class='ocrx_word' id='word_1_222' title='bbox 1700 2991 1854 3061; x_wconf 90' lang='lat' dir='ltr'><strong><em>lugu-</em></strong></span> 
     </span>
    </p>
   </div>
   <div class='ocr_carea' id='block_1_33' title="bbox 266 3076 1855 3153">
    <p class='ocr_par' dir='ltr' id='par_1_33' title="bbox 266 3076 1855 3153">
     <span class='ocr_line' id='line_1_33' title="bbox 266 3076 1855 3153; baseline 0.004 -23"><span class='ocrx_word' id='word_1_223' title='bbox 266 3076 417 3153; x_wconf 19' lang='lat' dir='ltr'><strong><em>bria,</em></strong></span> <span class='ocrx_word' id='word_1_224' title='bbox 449 3078 621 3133; x_wconf 80' lang='lat' dir='ltr'><strong><em>induti</em></strong></span> <span class='ocrx_word' id='word_1_225' title='bbox 675 3096 784 3133; x_wconf 91' lang='lat' dir='ltr'><strong><em>una</em></strong></span> <span class='ocrx_word' id='word_1_226' title='bbox 848 3096 966 3133; x_wconf 88' lang='lat' dir='ltr'><strong><em>cum</em></strong></span> <span class='ocrx_word' id='word_1_227' title='bbox 1021 3082 1133 3149; x_wconf 90' lang='lat' dir='ltr'><strong><em>ipso</em></strong></span> <span class='ocrx_word' id='word_1_228' title='bbox 1188 3080 1458 3137; x_wconf 71' lang='lat' dir='ltr'><strong><em>luxerunt.</em></strong></span> <span class='ocrx_word' id='word_1_229' title='bbox 1492 3079 1619 3135; x_wconf 67' lang='lat' dir='ltr'><strong><em>Haec</em></strong></span> <span class='ocrx_word' id='word_1_230' title='bbox 1661 3080 1741 3132; x_wconf 86' lang='lat' dir='ltr'><strong><em>illi</em></strong></span> <span class='ocrx_word' id='word_1_231' title='bbox 1786 3080 1855 3135; x_wconf 89' lang='lat' dir='ltr'><strong><em>de</em></strong></span> 
     </span>
    </p>
   </div>
   <div class='ocr_carea' id='block_1_34' title="bbox 266 3167 1212 3237">
    <p class='ocr_par' dir='ltr' id='par_1_34' title="bbox 266 3167 1212 3237">
     <span class='ocr_line' id='line_1_34' title="bbox 266 3167 1212 3237; baseline 0.005 -17"><span class='ocrx_word' id='word_1_232' title='bbox 266 3167 443 3237; x_wconf 85' lang='lat' dir='ltr'><strong><em>priori</em></strong></span> <span class='ocrx_word' id='word_1_233' title='bbox 469 3168 814 3225; x_wconf 81' lang='lat' dir='ltr'><strong><em>Antiocheno</em></strong></span> <span class='ocrx_word' id='word_1_234' title='bbox 850 3179 1011 3225; x_wconf 71' lang='lat' dir='ltr'><strong><em>terra:</em></strong></span> <span class='ocrx_word' id='word_1_235' title='bbox 1038 3181 1212 3226; x_wconf 89' lang='lat' dir='ltr'><strong><em>motu.</em></strong></span> 
     </span>
    </p>
   </div>
   <div class='ocr_carea' id='block_1_35' title="bbox 346 3260 1851 3334">
    <p class='ocr_par' dir='ltr' id='par_1_35' title="bbox 346 3260 1851 3334">
     <span class='ocr_line' id='line_1_35' title="bbox 346 3260 1851 3334; baseline 0.003 -20"><span class='ocrx_word' id='word_1_236' title='bbox 346 3261 430 3314; x_wconf 81' lang='grc'><strong><em>17.</em></strong></span> <span class='ocrx_word' id='word_1_237' title='bbox 464 3260 669 3315; x_wconf 77' lang='lat' dir='ltr'><strong><em>Verum</em></strong></span> <span class='ocrx_word' id='word_1_238' title='bbox 722 3264 1055 3333; x_wconf 83' lang='lat' dir='ltr'><strong><em>priusquam</em></strong></span> <span class='ocrx_word' id='word_1_239' title='bbox 1117 3264 1184 3317; x_wconf 89' lang='lat' dir='ltr'><strong><em>ad</em></strong></span> <span class='ocrx_word' id='word_1_240' title='bbox 1237 3264 1479 3319; x_wconf 86' lang='lat' dir='ltr'><strong><em>alterum</em></strong></span> <span class='ocrx_word' id='word_1_241' title='bbox 1529 3264 1851 3334; x_wconf 81' lang='lat' dir='ltr'><strong><em>progredia-</em></strong></span> 
     </span>
    </p>
   </div>
   <div class='ocr_carea' id='block_1_36' title="bbox 271 3354 1859 3427">
    <p class='ocr_par' dir='ltr' id='par_1_36' title="bbox 271 3354 1859 3427">
     <span class='ocr_line' id='line_1_36' title="bbox 271 3354 1859 3427; baseline 0.003 -20"><span class='ocrx_word' id='word_1_242' title='bbox 271 3368 418 3413; x_wconf 82' lang='lat' dir='ltr'><strong><em>mur.</em></strong></span> <span class='ocrx_word' id='word_1_243' title='bbox 448 3354 1010 3413; x_wconf 84' lang='lat' dir='ltr'><strong><em>monitumlcctorem</em></strong></span> <span class='ocrx_word' id='word_1_244' title='bbox 1060 3358 1249 3423; x_wconf 86' lang='lat' dir='ltr'><strong><em>velim,</em></strong></span> <span class='ocrx_word' id='word_1_245' title='bbox 1282 3372 1383 3412; x_wconf 85' lang='lat' dir='ltr'><strong><em>nos</em></strong></span> <span class='ocrx_word' id='word_1_246' title='bbox 1431 3357 1587 3410; x_wconf 90' lang='lat' dir='ltr'><strong><em>illum</em></strong></span> <span class='ocrx_word' id='word_1_247' title='bbox 1638 3357 1859 3427; x_wconf 77' lang='lat' dir='ltr'><strong><em>Evagrii</em></strong></span> 
     </span>
    </p>
   </div>
   <div class='ocr_carea' id='block_1_37' title="bbox 267 3446 1858 3518">
    <p class='ocr_par' dir='ltr' id='par_1_37' title="bbox 267 3446 1858 3518">
     <span class='ocr_line' id='line_1_37' title="bbox 267 3446 1858 3518; baseline 0.001 -19"><span class='ocrx_word' id='word_1_248' title='bbox 267 3446 474 3508; x_wconf 88' lang='lat' dir='ltr'><strong><em>locum,</em></strong></span> <span class='ocrx_word' id='word_1_249' title='bbox 501 3462 641 3499; x_wconf 90' lang='lat' dir='ltr'><strong><em>anno</em></strong></span> <span class='ocrx_word' id='word_1_250' title='bbox 668 3450 936 3516; x_wconf 67' lang='lat' dir='ltr'><strong><em>septima,</em></strong></span> <span class='ocrx_word' id='word_1_251' title='bbox 971 3465 1158 3503; x_wconf 90' lang='lat' dir='ltr'><strong><em>mense</em></strong></span> <span class='ocrx_word' id='word_1_252' title='bbox 1187 3449 1389 3502; x_wconf 88' lang='lat' dir='ltr'><strong><em>decimo</em></strong></span> <span class='ocrx_word' id='word_1_253' title='bbox 1425 3450 1635 3518; x_wconf 86' lang='lat' dir='ltr'><strong><em>imperii</em></strong></span> <span class='ocrx_word' id='word_1_254' title='bbox 1660 3447 1858 3503; x_wconf 82' lang='lat' dir='ltr'><strong><em>Justini</em></strong></span> 
     </span>
    </p>
   </div>
   <div class='ocr_carea' id='block_1_38' title="bbox 270 3537 1859 3610">
    <p class='ocr_par' dir='ltr' id='par_1_38' title="bbox 270 3537 1859 3610">
     <span class='ocr_line' id='line_1_38' title="bbox 270 3537 1859 3610; baseline 0.004 -21"><span class='ocrx_word' id='word_1_255' title='bbox 270 3537 391 3606; x_wconf 79' lang='lat' dir='ltr'><strong><em>(qui</em></strong></span> <span class='ocrx_word' id='word_1_256' title='bbox 423 3552 610 3592; x_wconf 90' lang='lat' dir='ltr'><strong><em>errare</em></strong></span> <span class='ocrx_word' id='word_1_257' title='bbox 630 3538 763 3592; x_wconf 80' lang='lat' dir='ltr'><strong><em>fecit</em></strong></span> <span class='ocrx_word' id='word_1_258' title='bbox 788 3539 1117 3605; x_wconf 85' lang='lat' dir='ltr'><strong><em>Baronium,</em></strong></span> <span class='ocrx_word' id='word_1_259' title='bbox 1150 3540 1473 3609; x_wconf 87' lang='lat' dir='ltr'><strong><em>errorisque</em></strong></span> <span class='ocrx_word' id='word_1_260' title='bbox 1534 3541 1785 3610; x_wconf 77' lang='lat' dir='ltr'><strong><em>arguitur</em></strong></span> <span class='ocrx_word' id='word_1_261' title='bbox 1829 3555 1859 3595; x_wconf 87' lang='lat' dir='ltr'><strong><em>a</em></strong></span> 
     </span>
    </p>
   </div>
   <div class='ocr_carea' id='block_1_39' title="bbox 267 3628 1860 3701">
    <p class='ocr_par' dir='ltr' id='par_1_39' title="bbox 267 3628 1860 3701">
     <span class='ocr_line' id='line_1_39' title="bbox 267 3628 1860 3701; baseline 0.001 -18"><span class='ocrx_word' id='word_1_262' title='bbox 267 3628 493 3683; x_wconf 76' lang='lat' dir='ltr'><strong><em>Valesio</em></strong></span> <span class='ocrx_word' id='word_1_263' title='bbox 524 3628 578 3682; x_wconf 92' lang='lat' dir='ltr'><strong><em>in</em></strong></span> <span class='ocrx_word' id='word_1_264' title='bbox 611 3628 1086 3685; x_wconf 85' lang='lat' dir='ltr'><strong><em>Adnotationibus</em></strong></span> <span class='ocrx_word' id='word_1_265' title='bbox 1116 3630 1257 3701; x_wconf 87' lang='lat' dir='ltr'><strong><em>hic),</em></strong></span> <span class='ocrx_word' id='word_1_266' title='bbox 1308 3629 1597 3701; x_wconf 72' lang='lat' dir='ltr'><strong><em>interiecta</em></strong></span> <span class='ocrx_word' id='word_1_267' title='bbox 1623 3631 1860 3701; x_wconf 82' lang='lat' dir='ltr'><strong><em>conjun—</em></strong></span> 
     </span>
    </p>
   </div>
   <div class='ocr_carea' id='block_1_40' title="bbox 270 3718 1859 3793">
    <p class='ocr_par' dir='ltr' id='par_1_40' title="bbox 270 3718 1859 3793">
     <span class='ocr_line' id='line_1_40' title="bbox 270 3718 1859 3793; baseline 0.003 -20"><span class='ocrx_word' id='word_1_268' title='bbox 270 3718 458 3773; x_wconf 88' lang='lat' dir='ltr'><strong><em>ctione</em></strong></span> <span class='ocrx_word' id='word_1_269' title='bbox 486 3728 556 3780; x_wconf 89' lang='lat' dir='ltr'><strong><em>et,</em></strong></span> <span class='ocrx_word' id='word_1_270' title='bbox 585 3719 664 3773; x_wconf 90' lang='lat' dir='ltr'><strong><em>sic</em></strong></span> <span class='ocrx_word' id='word_1_271' title='bbox 687 3722 990 3791; x_wconf 79' lang='lat' dir='ltr'><strong><em>corrigere,</em></strong></span> <span class='ocrx_word' id='word_1_272' title='bbox 1028 3738 1171 3776; x_wconf 86' lang='lat' dir='ltr'><strong><em>anno</em></strong></span> <span class='ocrx_word' id='word_1_273' title='bbox 1192 3723 1414 3793; x_wconf 89' lang='lat' dir='ltr'><strong><em>septimo</em></strong></span> <span class='ocrx_word' id='word_1_274' title='bbox 1447 3730 1496 3775; x_wconf 91' lang='lat' dir='ltr'><strong><em>et</em></strong></span> <span class='ocrx_word' id='word_1_275' title='bbox 1542 3738 1717 3775; x_wconf 91' lang='lat' dir='ltr'><strong><em>mense</em></strong></span> <span class='ocrx_word' id='word_1_276' title='bbox 1765 3723 1859 3777; x_wconf 89' lang='lat' dir='ltr'><strong><em>de-</em></strong></span> 
     </span>
    </p>
   </div>
   <div class='ocr_carea' id='block_1_41' title="bbox 272 3811 1857 3883">
    <p class='ocr_par' dir='ltr' id='par_1_41' title="bbox 272 3811 1857 3883">
     <span class='ocr_line' id='line_1_41' title="bbox 272 3811 1857 3883; baseline 0.001 -19"><span class='ocrx_word' id='word_1_277' title='bbox 272 3812 412 3864; x_wconf 82' lang='lat' dir='ltr'><strong><em>cimo</em></strong></span> <span class='ocrx_word' id='word_1_278' title='bbox 439 3812 649 3881; x_wconf 86' lang='lat' dir='ltr'><strong><em>imperii</em></strong></span> <span class='ocrx_word' id='word_1_279' title='bbox 669 3811 888 3878; x_wconf 81' lang='lat' dir='ltr'><strong><em>Justiui,</em></strong></span> <span class='ocrx_word' id='word_1_280' title='bbox 910 3822 969 3868; x_wconf 88' lang='lat' dir='ltr'><strong><em>ut</em></strong></span> <span class='ocrx_word' id='word_1_281' title='bbox 998 3830 1197 3883; x_wconf 87' lang='lat' dir='ltr'><strong><em>nempe</em></strong></span> <span class='ocrx_word' id='word_1_282' title='bbox 1233 3822 1508 3871; x_wconf 78' lang='lat' dir='ltr'><strong><em>statuatur</em></strong></span> <span class='ocrx_word' id='word_1_283' title='bbox 1526 3814 1620 3868; x_wconf 91' lang='lat' dir='ltr'><strong><em>hic</em></strong></span> <span class='ocrx_word' id='word_1_284' title='bbox 1648 3822 1857 3879; x_wconf 83' lang='lat' dir='ltr'><strong><em>motus,</em></strong></span> 
     </span>
    </p>
   </div>
   <div class='ocr_carea' id='block_1_42' title="bbox 280 3904 1860 3978">
    <p class='ocr_par' dir='ltr' id='par_1_42' title="bbox 280 3904 1860 3978">
     <span class='ocr_line' id='line_1_42' title="bbox 280 3904 1860 3978; baseline 0.003 -20"><span class='ocrx_word' id='word_1_285' title='bbox 280 3905 362 3958; x_wconf 88' lang='lat' dir='ltr'><strong><em>uti</em></strong></span> <span class='ocrx_word' id='word_1_286' title='bbox 388 3904 573 3971; x_wconf 84' lang='lat' dir='ltr'><strong><em>debet,</em></strong></span> <span class='ocrx_word' id='word_1_287' title='bbox 600 3906 869 3961; x_wconf 84' lang='lat' dir='ltr'><strong><em>accidisse</em></strong></span> <span class='ocrx_word' id='word_1_288' title='bbox 902 3916 1099 3963; x_wconf 89' lang='lat' dir='ltr'><strong><em>octavo</em></strong></span> <span class='ocrx_word' id='word_1_289' title='bbox 1129 3908 1349 3978; x_wconf 90' lang='lat' dir='ltr'><strong><em>imperii</em></strong></span> <span class='ocrx_word' id='word_1_290' title='bbox 1404 3924 1552 3964; x_wconf 90' lang='lat' dir='ltr'><strong><em>anno</em></strong></span> <span class='ocrx_word' id='word_1_291' title='bbox 1594 3908 1661 3963; x_wconf 90' lang='lat' dir='ltr'><strong><em>ad</em></strong></span> <span class='ocrx_word' id='word_1_292' title='bbox 1693 3909 1860 3963; x_wconf 83' lang='lat' dir='ltr'><strong><em>linem</em></strong></span> 
     </span>
    </p>
   </div>
   <div class='ocr_carea' id='block_1_43' title="bbox 271 3995 1857 4068">
    <p class='ocr_par' dir='ltr' id='par_1_43' title="bbox 271 3995 1857 4068">
     <span class='ocr_line' id='line_1_43' title="bbox 271 3995 1857 4068; baseline 0.004 -21"><span class='ocrx_word' id='word_1_293' title='bbox 271 4004 567 4065; x_wconf 74' lang='lat' dir='ltr'><strong><em>\ergente,</em></strong></span> <span class='ocrx_word' id='word_1_294' title='bbox 603 3995 697 4065; x_wconf 90' lang='lat' dir='ltr'><strong><em>qui</em></strong></span> <span class='ocrx_word' id='word_1_295' title='bbox 763 3996 932 4051; x_wconf 82' lang='lat' dir='ltr'><strong><em>refert</em></strong></span> <span class='ocrx_word' id='word_1_296' title='bbox 990 4014 1200 4052; x_wconf 88' lang='lat' dir='ltr'><strong><em>annum</em></strong></span> <span class='ocrx_word' id='word_1_297' title='bbox 1252 3998 1496 4068; x_wconf 76' lang='lat' dir='ltr'><strong><em>vulgaris</em></strong></span> <span class='ocrx_word' id='word_1_298' title='bbox 1560 4014 1687 4053; x_wconf 60' lang='lat' dir='ltr'><strong><em>certe</em></strong></span> <span class='ocrx_word' id='word_1_299' title='bbox 1728 4000 1857 4063; x_wconf 73' lang='lat'><strong>526,</strong></span> 
     </span>
    </p>
   </div>
   <div class='ocr_carea' id='block_1_44' title="bbox 270 4085 1861 4159">
    <p class='ocr_par' dir='ltr' id='par_1_44' title="bbox 270 4085 1861 4159">
     <span class='ocr_line' id='line_1_44' title="bbox 270 4085 1861 4159; baseline 0.004 -20"><span class='ocrx_word' id='word_1_300' title='bbox 270 4085 499 4155; x_wconf 82' lang='lat' dir='ltr'><strong><em>quando</em></strong></span> <span class='ocrx_word' id='word_1_301' title='bbox 564 4085 751 4141; x_wconf 87' lang='lat' dir='ltr'><strong><em>littera</em></strong></span> <span class='ocrx_word' id='word_1_302' title='bbox 806 4087 1168 4159; x_wconf 66' lang='lat' dir='ltr'><strong><em>Dominicalis</em></strong></span> <span class='ocrx_word' id='word_1_303' title='bbox 1214 4087 1261 4141; x_wconf 89' lang='lat' dir='ltr'><strong><em>D</em></strong></span> <span class='ocrx_word' id='word_1_304' title='bbox 1310 4088 1551 4143; x_wconf 81' lang='lat' dir='ltr'><strong><em>faciebat</em></strong></span> <span class='ocrx_word' id='word_1_305' title='bbox 1601 4088 1745 4143; x_wconf 89' lang='lat' dir='ltr'><strong><em>diem</em></strong></span> <span class='ocrx_word' id='word_1_306' title='bbox 1790 4091 1861 4145; x_wconf 68' lang='grc' dir='ltr'><strong><em>ΞΕ)</em></strong></span> 
     </span>
    </p>
   </div>
   <div class='ocr_carea' id='block_1_45' title="bbox 271 4176 1860 4237">
    <p class='ocr_par' dir='ltr' id='par_1_45' title="bbox 271 4176 1860 4237">
     <span class='ocr_line' id='line_1_45' title="bbox 271 4176 1860 4237; baseline 0.003 -7"><span class='ocrx_word' id='word_1_307' title='bbox 271 4176 404 4237; x_wconf 77' lang='lat' dir='ltr'><strong><em>Maii</em></strong></span> <span class='ocrx_word' id='word_1_308' title='bbox 470 4191 596 4231; x_wconf 90' lang='lat' dir='ltr'><strong><em>cum</em></strong></span> <span class='ocrx_word' id='word_1_309' title='bbox 663 4177 825 4232; x_wconf 89' lang='lat' dir='ltr'><strong><em>Feria</em></strong></span> <span class='ocrx_word' id='word_1_310' title='bbox 882 4178 915 4233; x_wconf 88' lang='lat'><strong>6</strong></span> <span class='ocrx_word' id='word_1_311' title='bbox 976 4178 1344 4235; x_wconf 84' lang='lat' dir='ltr'><strong><em>hebdomadis</em></strong></span> <span class='ocrx_word' id='word_1_312' title='bbox 1396 4181 1719 4235; x_wconf 82' lang='lat' dir='ltr'><strong><em>convenire.</em></strong></span> <span class='ocrx_word' id='word_1_313' title='bbox 1781 4182 1860 4235; x_wconf 88' lang='lat' dir='ltr'><strong><em>Ita</em></strong></span> 
     </span>
    </p>
   </div>
   <div class='ocr_carea' id='block_1_46' title="bbox 273 4264 1861 4339">
    <p class='ocr_par' dir='ltr' id='par_1_46' title="bbox 273 4264 1861 4339">
     <span class='ocr_line' id='line_1_46' title="bbox 273 4264 1861 4339; baseline 0.003 -18"><span class='ocrx_word' id='word_1_314' title='bbox 273 4281 417 4321; x_wconf 90' lang='lat' dir='ltr'><strong><em>vero</em></strong></span> <span class='ocrx_word' id='word_1_315' title='bbox 465 4268 631 4322; x_wconf 90' lang='lat' dir='ltr'><strong><em>etiam</em></strong></span> <span class='ocrx_word' id='word_1_316' title='bbox 661 4267 729 4321; x_wconf 86' lang='lat' dir='ltr'><strong><em>ab</em></strong></span> <span class='ocrx_word' id='word_1_317' title='bbox 764 4268 1000 4339; x_wconf 78' lang='lat' dir='ltr'><strong><em>Evagrio</em></strong></span> <span class='ocrx_word' id='word_1_318' title='bbox 1018 4271 1296 4339; x_wconf 69' lang='lat' dir='ltr'><strong><em>scriptum</em></strong></span> <span class='ocrx_word' id='word_1_319' title='bbox 1329 4264 1499 4325; x_wconf 78' lang='lat' dir='ltr'><strong><em>fuisse</em></strong></span> <span class='ocrx_word' id='word_1_320' title='bbox 1526 4270 1723 4325; x_wconf 81' lang='lat' dir='ltr'><strong><em>suadet</em></strong></span> <span class='ocrx_word' id='word_1_321' title='bbox 1767 4287 1861 4325; x_wconf 84' lang='lat' dir='ltr'><strong><em>cx-</em></strong></span> 
     </span>
    </p>
   </div>
   <div class='ocr_carea' id='block_1_47' title="bbox 270 4356 1861 4431">
    <p class='ocr_par' dir='ltr' id='par_1_47' title="bbox 270 4356 1861 4431">
     <span class='ocr_line' id='line_1_47' title="bbox 270 4356 1861 4431; baseline 0.004 -21"><span class='ocrx_word' id='word_1_322' title='bbox 270 4356 618 4426; x_wconf 87' lang='lat' dir='ltr'><strong><em>pressissima</em></strong></span> <span class='ocrx_word' id='word_1_323' title='bbox 652 4358 1169 4428; x_wconf 83' lang='lat' dir='ltr'><strong><em>mentiotemporis,</em></strong></span> <span class='ocrx_word' id='word_1_324' title='bbox 1191 4360 1335 4414; x_wconf 91' lang='lat' dir='ltr'><strong><em>inter</em></strong></span> <span class='ocrx_word' id='word_1_325' title='bbox 1377 4370 1673 4431; x_wconf 91' lang='lat' dir='ltr'><strong><em>utrumque</em></strong></span> <span class='ocrx_word' id='word_1_326' title='bbox 1702 4369 1861 4416; x_wconf 65' lang='lat' dir='ltr'><strong><em>terra;</em></strong></span> 
     </span>
    </p>
   </div>
   <div class='ocr_carea' id='block_1_48' title="bbox 273 4447 1855 4520">
    <p class='ocr_par' dir='ltr' id='par_1_48' title="bbox 273 4447 1855 4520">
     <span class='ocr_line' id='line_1_48' title="bbox 273 4447 1855 4520; baseline 0.004 -20"><span class='ocrx_word' id='word_1_327' title='bbox 273 4455 488 4501; x_wconf 87' lang='lat' dir='ltr'><strong><em>motum</em></strong></span> <span class='ocrx_word' id='word_1_328' title='bbox 517 4447 713 4516; x_wconf 85' lang='lat' dir='ltr'><strong><em>elapsi,</em></strong></span> <span class='ocrx_word' id='word_1_329' title='bbox 748 4447 899 4517; x_wconf 91' lang='lat' dir='ltr'><strong><em>quod</em></strong></span> <span class='ocrx_word' id='word_1_330' title='bbox 934 4449 1013 4503; x_wconf 89' lang='lat' dir='ltr'><strong><em>ait</em></strong></span> <span class='ocrx_word' id='word_1_331' title='bbox 1047 4448 1275 4520; x_wconf 74' lang='lat' dir='ltr'><strong><em>triginta</em></strong></span> <span class='ocrx_word' id='word_1_332' title='bbox 1340 4452 1620 4505; x_wconf 87' lang='lat' dir='ltr'><strong><em>mensium</em></strong></span> <span class='ocrx_word' id='word_1_333' title='bbox 1653 4450 1855 4517; x_wconf 81' lang='lat' dir='ltr'><strong><em>fuisse;</em></strong></span> 
     </span>
    </p>
   </div>
   <div class='ocr_carea' id='block_1_49' title="bbox 274 4537 1940 4609">
    <p class='ocr_par' dir='ltr' id='par_1_49' title="bbox 274 4537 1940 4609">
     <span class='ocr_line' id='line_1_49' title="bbox 274 4537 1940 4609; baseline 0.004 -19"><span class='ocrx_word' id='word_1_334' title='bbox 274 4537 426 4607; x_wconf 89' lang='lat' dir='ltr'><strong><em>quod</em></strong></span> <span class='ocrx_word' id='word_1_335' title='bbox 459 4546 675 4608; x_wconf 87' lang='lat' dir='ltr'><strong><em>tempus</em></strong></span> <span class='ocrx_word' id='word_1_336' title='bbox 711 4539 756 4591; x_wconf 90' lang='lat' dir='ltr'><strong><em>si</em></strong></span> <span class='ocrx_word' id='word_1_337' title='bbox 795 4538 1027 4609; x_wconf 84' lang='lat' dir='ltr'><strong><em>adjicias</em></strong></span> <span class='ocrx_word' id='word_1_338' title='bbox 1056 4538 1123 4593; x_wconf 91' lang='lat' dir='ltr'><strong><em>ad</em></strong></span> <span class='ocrx_word' id='word_1_339' title='bbox 1154 4539 1301 4594; x_wconf 90' lang='lat' dir='ltr'><strong><em>diem</em></strong></span> <span class='ocrx_word' id='word_1_340' title='bbox 1336 4540 1405 4595; x_wconf 73' lang='lat'><strong><em>29</em></strong></span> <span class='ocrx_word' id='word_1_341' title='bbox 1462 4541 1673 4596; x_wconf 91' lang='lat' dir='ltr'><strong><em>mensis</em></strong></span> <span class='ocrx_word' id='word_1_342' title='bbox 1703 4540 1855 4605; x_wconf 80' lang='lat' dir='ltr'><strong><em>Maii,</em></strong></span> <span class='ocrx_word' id='word_1_343' title='bbox 1899 4547 1940 4604; x_wconf 79' lang='grc' dir='ltr'><strong><em>ι)</em></strong></span> 
     </span>
    </p>
   </div>
   <div class='ocr_carea' id='block_1_50' title="bbox 273 4626 1867 4703">
    <p class='ocr_par' dir='ltr' id='par_1_50' title="bbox 273 4626 1867 4703">
     <span class='ocr_line' id='line_1_50' title="bbox 273 4626 1867 4703; baseline 0.004 -23"><span class='ocrx_word' id='word_1_344' title='bbox 273 4626 412 4683; x_wconf 82' lang='lat' dir='ltr'><strong><em>dicti</em></strong></span> <span class='ocrx_word' id='word_1_345' title='bbox 438 4643 561 4683; x_wconf 66' lang='lat' dir='ltr'><strong><em>terte</em></strong></span> <span class='ocrx_word' id='word_1_346' title='bbox 598 4628 844 4699; x_wconf 79' lang='lat' dir='ltr'><strong><em>vulgaris</em></strong></span> <span class='ocrx_word' id='word_1_347' title='bbox 865 4629 995 4683; x_wconf 88' lang='lat' dir='ltr'><strong><em>anni</em></strong></span> <span class='ocrx_word' id='word_1_348' title='bbox 1027 4628 1152 4693; x_wconf 71' lang='lat'><strong><em>526,</em></strong></span> <span class='ocrx_word' id='word_1_349' title='bbox 1173 4638 1436 4700; x_wconf 77' lang='lat' dir='ltr'><strong><em>exsurget</em></strong></span> <span class='ocrx_word' id='word_1_350' title='bbox 1490 4646 1674 4686; x_wconf 88' lang='lat' dir='ltr'><strong><em>annus</em></strong></span> <span class='ocrx_word' id='word_1_351' title='bbox 1719 4632 1867 4703; x_wconf 81' lang='lat' dir='ltr'><strong><em>ejus-</em></strong></span> 
     </span>
    </p>
   </div>
   <div class='ocr_carea' id='block_1_51' title="bbox 276 4714 1870 4793">
    <p class='ocr_par' dir='ltr' id='par_1_51' title="bbox 276 4714 1870 4793">
     <span class='ocr_line' id='line_1_51' title="bbox 276 4714 1870 4793; baseline 0.005 -21"><span class='ocrx_word' id='word_1_352' title='bbox 276 4721 403 4773; x_wconf 78' lang='lat' dir='ltr'><strong><em>dem</em></strong></span> <span class='ocrx_word' id='word_1_353' title='bbox 422 4735 543 4775; x_wconf 62' lang='lat' dir='ltr'><strong><em>terat</em></strong></span> <span class='ocrx_word' id='word_1_354' title='bbox 565 4720 691 4781; x_wconf 76' lang='lat'><strong><em>528.</em></strong></span> <span class='ocrx_word' id='word_1_355' title='bbox 722 4722 935 4776; x_wconf 87' lang='lat' dir='ltr'><strong><em>mensis</em></strong></span> <span class='ocrx_word' id='word_1_356' title='bbox 961 4714 1299 4788; x_wconf 80' lang='lat' dir='ltr'><strong><em>November,</em></strong></span> <span class='ocrx_word' id='word_1_357' title='bbox 1328 4722 1450 4777; x_wconf 91' lang='lat' dir='ltr'><strong><em>dies</em></strong></span> <span class='ocrx_word' id='word_1_358' title='bbox 1484 4722 1575 4790; x_wconf 73' lang='lat'><strong><em>29,</em></strong></span> <span class='ocrx_word' id='word_1_359' title='bbox 1601 4739 1713 4793; x_wconf 91' lang='lat' dir='ltr'><strong><em>quo</em></strong></span> <span class='ocrx_word' id='word_1_360' title='bbox 1734 4739 1870 4793; x_wconf 72' lang='lat' dir='ltr'><strong><em>pra:-</em></strong></span> 
     </span>
    </p>
   </div>
   <div class='ocr_carea' id='block_1_52' title="bbox 278 4811 1867 4881">
    <p class='ocr_par' dir='ltr' id='par_1_52' title="bbox 278 4811 1867 4881">
     <span class='ocr_line' id='line_1_52' title="bbox 278 4811 1867 4881; baseline 0.001 -16"><span class='ocrx_word' id='word_1_361' title='bbox 278 4811 398 4865; x_wconf 88' lang='lat' dir='ltr'><strong><em>cise</em></strong></span> <span class='ocrx_word' id='word_1_362' title='bbox 439 4811 803 4881; x_wconf 88' lang='lat' dir='ltr'><strong><em>posteriorem</em></strong></span> <span class='ocrx_word' id='word_1_363' title='bbox 852 4819 1017 4867; x_wconf 73' lang='lat' dir='ltr'><strong><em>terrae</em></strong></span> <span class='ocrx_word' id='word_1_364' title='bbox 1053 4819 1264 4866; x_wconf 89' lang='lat' dir='ltr'><strong><em>motum</em></strong></span> <span class='ocrx_word' id='word_1_365' title='bbox 1294 4812 1539 4867; x_wconf 82' lang='lat' dir='ltr'><strong><em>saeviisse</em></strong></span> <span class='ocrx_word' id='word_1_366' title='bbox 1563 4829 1629 4868; x_wconf 77' lang='lat' dir='ltr'><strong><em>ex</em></strong></span> <span class='ocrx_word' id='word_1_367' title='bbox 1686 4813 1867 4867; x_wconf 84' lang='lat' dir='ltr'><strong><em>Theo-</em></strong></span> 
     </span>
    </p>
   </div>
   <div class='ocr_carea' id='block_1_53' title="bbox 275 4900 1869 4973">
    <p class='ocr_par' dir='ltr' id='par_1_53' title="bbox 275 4900 1869 4973">
     <span class='ocr_line' id='line_1_53' title="bbox 275 4900 1869 4973; baseline 0.002 -20"><span class='ocrx_word' id='word_1_368' title='bbox 275 4902 460 4973; x_wconf 68' lang='lat' dir='ltr'><strong><em>phane</em></strong></span> <span class='ocrx_word' id='word_1_369' title='bbox 495 4902 728 4971; x_wconf 83' lang='lat' dir='ltr'><strong><em>aliisque</em></strong></span> <span class='ocrx_word' id='word_1_370' title='bbox 768 4900 1066 4956; x_wconf 36' lang='lat' dir='ltr'><strong><em>manifeste.</em></strong></span> <span class='ocrx_word' id='word_1_371' title='bbox 1102 4910 1339 4956; x_wconf 87' lang='lat' dir='ltr'><strong><em>constat.</em></strong></span> <span class='ocrx_word' id='word_1_372' title='bbox 1374 4902 1563 4972; x_wconf 87' lang='lat' dir='ltr'><strong><em>Neque</em></strong></span> <span class='ocrx_word' id='word_1_373' title='bbox 1601 4902 1869 4957; x_wconf 82' lang='lat' dir='ltr'><strong><em>credibile</em></strong></span> 
     </span>
    </p>
   </div>
   <div class='ocr_carea' id='block_1_54' title="bbox 277 4987 1872 5062">
    <p class='ocr_par' dir='ltr' id='par_1_54' title="bbox 277 4987 1872 5062">
     <span class='ocr_line' id='line_1_54' title="bbox 277 4987 1872 5062; baseline -0.001 -13"><span class='ocrx_word' id='word_1_374' title='bbox 277 5002 673 5049; x_wconf 80' lang='lat' dir='ltr'><strong><em>cslauctorem</em></strong></span> <span class='ocrx_word' id='word_1_375' title='bbox 709 4993 803 5061; x_wconf 82' lang='lat' dir='ltr'><strong><em>qui</em></strong></span> <span class='ocrx_word' id='word_1_376' title='bbox 860 5001 970 5047; x_wconf 90' lang='lat' dir='ltr'><strong><em>tam</em></strong></span> <span class='ocrx_word' id='word_1_377' title='bbox 1020 4987 1279 5047; x_wconf 83' lang='lat' dir='ltr'><strong><em>accurate</em></strong></span> <span class='ocrx_word' id='word_1_378' title='bbox 1324 4991 1692 5047; x_wconf 88' lang='lat' dir='ltr'><strong><em>minutissima</em></strong></span> <span class='ocrx_word' id='word_1_379' title='bbox 1721 5007 1872 5062; x_wconf 66' lang='lat' dir='ltr'><strong><em>quae-</em></strong></span> 
     </span>
    </p>
   </div>
   <div class='ocr_carea' id='block_1_55' title="bbox 280 5082 1867 5159">
    <p class='ocr_par' dir='ltr' id='par_1_55' title="bbox 280 5082 1867 5159">
     <span class='ocr_line' id='line_1_55' title="bbox 280 5082 1867 5159; baseline -0.002 -20"><span class='ocrx_word' id='word_1_380' title='bbox 280 5101 392 5155; x_wconf 81' lang='lat' dir='ltr'><strong><em>que</em></strong></span> <span class='ocrx_word' id='word_1_381' title='bbox 429 5084 770 5146; x_wconf 71' lang='lat' dir='ltr'><strong><em>observavit,</em></strong></span> <span class='ocrx_word' id='word_1_382' title='bbox 809 5092 873 5137; x_wconf 90' lang='lat' dir='ltr'><strong><em>ut</em></strong></span> <span class='ocrx_word' id='word_1_383' title='bbox 900 5084 1068 5137; x_wconf 91' lang='lat' dir='ltr'><strong><em>etiam</em></strong></span> <span class='ocrx_word' id='word_1_384' title='bbox 1100 5082 1293 5159; x_wconf 86' lang='lat' dir='ltr'><strong><em>horam</em></strong></span> <span class='ocrx_word' id='word_1_385' title='bbox 1325 5091 1382 5137; x_wconf 91' lang='lat' dir='ltr'><strong><em>et</em></strong></span> <span class='ocrx_word' id='word_1_386' title='bbox 1426 5089 1693 5152; x_wconf 90' lang='lat' dir='ltr'><strong><em>punctum</em></strong></span> <span class='ocrx_word' id='word_1_387' title='bbox 1731 5091 1867 5136; x_wconf 82' lang='lat' dir='ltr'><strong><em>tem—</em></strong></span> 
     </span>
    </p>
   </div>
   <div class='ocr_carea' id='block_1_56' title="bbox 276 5163 1868 5248">
    <p class='ocr_par' dir='ltr' id='par_1_56' title="bbox 276 5163 1868 5248">
     <span class='ocr_line' id='line_1_56' title="bbox 276 5163 1868 5248; baseline 0 -17"><span class='ocrx_word' id='word_1_388' title='bbox 276 5176 454 5248; x_wconf 84' lang='lat' dir='ltr'><strong><em>poris,</em></strong></span> <span class='ocrx_word' id='word_1_389' title='bbox 481 5191 593 5245; x_wconf 90' lang='lat' dir='ltr'><strong><em>quo</em></strong></span> <span class='ocrx_word' id='word_1_390' title='bbox 632 5185 818 5230; x_wconf 89' lang='lat' dir='ltr'><strong><em>motus</em></strong></span> <span class='ocrx_word' id='word_1_391' title='bbox 865 5174 1059 5245; x_wconf 69' lang='lat' dir='ltr'><strong><em>coepit,</em></strong></span> <span class='ocrx_word' id='word_1_392' title='bbox 1105 5163 1482 5244; x_wconf 83' lang='lat' dir='ltr'><strong><em>expresserit;</em></strong></span> <span class='ocrx_word' id='word_1_393' title='bbox 1519 5174 1868 5231; x_wconf 76' lang='lat' dir='ltr'><strong><em>aberravissc</em></strong></span> 
     </span>
    </p>
   </div>
   <div class='ocr_carea' id='block_1_57' title="bbox 275 5266 1867 5337">
    <p class='ocr_par' dir='ltr' id='par_1_57' title="bbox 275 5266 1867 5337">
     <span class='ocr_line' id='line_1_57' title="bbox 275 5266 1867 5337; baseline -0.002 -15"><span class='ocrx_word' id='word_1_394' title='bbox 275 5283 427 5323; x_wconf 85' lang='lat' dir='ltr'><strong><em>anno</em></strong></span> <span class='ocrx_word' id='word_1_395' title='bbox 454 5268 694 5337; x_wconf 73' lang='lat' dir='ltr'><strong><em>integro,</em></strong></span> <span class='ocrx_word' id='word_1_396' title='bbox 732 5266 1041 5337; x_wconf 65' lang='lat' dir='ltr'><strong><em>praesertim</em></strong></span> <span class='ocrx_word' id='word_1_397' title='bbox 1070 5281 1195 5320; x_wconf 90' lang='lat' dir='ltr'><strong><em>cum</em></strong></span> <span class='ocrx_word' id='word_1_398' title='bbox 1253 5266 1348 5319; x_wconf 77' lang='lat' dir='ltr'><strong><em>vix</em></strong></span> <span class='ocrx_word' id='word_1_399' title='bbox 1404 5267 1650 5335; x_wconf 89' lang='lat' dir='ltr'><strong><em>potuerit</em></strong></span> <span class='ocrx_word' id='word_1_400' title='bbox 1684 5266 1867 5336; x_wconf 90' lang='lat' dir='ltr'><strong><em>ipsum</em></strong></span> 
     </span>
    </p>
   </div>
   <div class='ocr_carea' id='block_1_58' title="bbox 276 5354 1865 5424">
    <p class='ocr_par' dir='ltr' id='par_1_58' title="bbox 276 5354 1865 5424">
     <span class='ocr_line' id='line_1_58' title="bbox 276 5354 1865 5424; baseline -0.004 -12"><span class='ocrx_word' id='word_1_401' title='bbox 276 5357 511 5412; x_wconf 76' lang='lat' dir='ltr'><strong><em>secundi</em></strong></span> <span class='ocrx_word' id='word_1_402' title='bbox 570 5366 755 5411; x_wconf 86' lang='lat' dir='ltr'><strong><em>motus</em></strong></span> <span class='ocrx_word' id='word_1_403' title='bbox 809 5354 1140 5410; x_wconf 90' lang='lat' dir='ltr'><strong><em>distinctum</em></strong></span> <span class='ocrx_word' id='word_1_404' title='bbox 1202 5366 1423 5424; x_wconf 87' lang='lat' dir='ltr'><strong><em>tempus</em></strong></span> <span class='ocrx_word' id='word_1_405' title='bbox 1467 5354 1775 5423; x_wconf 60' lang='lat' dir='ltr'><strong><em>praeterire,</em></strong></span> <span class='ocrx_word' id='word_1_406' title='bbox 1837 5369 1865 5406; x_wconf 91' lang='lat' dir='ltr'><strong><em>a</em></strong></span> 
     </span>
    </p>
   </div>
   <div class='ocr_carea' id='block_1_59' title="bbox 275 5441 1866 5514">
    <p class='ocr_par' dir='ltr' id='par_1_59' title="bbox 275 5441 1866 5514">
     <span class='ocr_line' id='line_1_59' title="bbox 275 5441 1866 5514; baseline -0.003 -13"><span class='ocrx_word' id='word_1_407' title='bbox 275 5446 620 5514; x_wconf 81' lang='lat' dir='ltr'><strong><em>TheOphane</em></strong></span> <span class='ocrx_word' id='word_1_408' title='bbox 658 5445 817 5514; x_wconf 80' lang='lat' dir='ltr'><strong><em>longe</em></strong></span> <span class='ocrx_word' id='word_1_409' title='bbox 846 5443 1160 5513; x_wconf 89' lang='lat' dir='ltr'><strong><em>posteriore</em></strong></span> <span class='ocrx_word' id='word_1_410' title='bbox 1187 5443 1640 5497; x_wconf 89' lang='lat' dir='ltr'><strong><em>determinatum.</em></strong></span> <span class='ocrx_word' id='word_1_411' title='bbox 1689 5441 1866 5503; x_wconf 85' lang='lat' dir='ltr'><strong><em>Adde,</em></strong></span> 
     </span>
    </p>
   </div>
   <div class='ocr_carea' id='block_1_60' title="bbox 276 5534 1869 5606">
    <p class='ocr_par' dir='ltr' id='par_1_60' title="bbox 276 5534 1869 5606">
     <span class='ocr_line' id='line_1_60' title="bbox 276 5534 1869 5606; baseline -0.002 -15"><span class='ocrx_word' id='word_1_412' title='bbox 276 5540 323 5592; x_wconf 80' lang='lat' dir='ltr'><strong><em>si</em></strong></span> <span class='ocrx_word' id='word_1_413' title='bbox 398 5537 529 5606; x_wconf 91' lang='lat' dir='ltr'><strong><em>quid</em></strong></span> <span class='ocrx_word' id='word_1_414' title='bbox 582 5537 749 5591; x_wconf 87' lang='lat' dir='ltr'><strong><em>etiam</em></strong></span> <span class='ocrx_word' id='word_1_415' title='bbox 803 5536 909 5590; x_wconf 92' lang='lat' dir='ltr'><strong><em>hoc</em></strong></span> <span class='ocrx_word' id='word_1_416' title='bbox 955 5534 1223 5590; x_wconf 85' lang='lat' dir='ltr'><strong><em>momenti</em></strong></span> <span class='ocrx_word' id='word_1_417' title='bbox 1273 5534 1461 5597; x_wconf 86' lang='lat' dir='ltr'><strong><em>habet,</em></strong></span> <span class='ocrx_word' id='word_1_418' title='bbox 1506 5535 1625 5605; x_wconf 90' lang='lat' dir='ltr'><strong><em>ipsa</em></strong></span> <span class='ocrx_word' id='word_1_419' title='bbox 1677 5541 1869 5589; x_wconf 80' lang='lat' dir='ltr'><strong><em>aucto-</em></strong></span> 
     </span>
    </p>
   </div>
   <div class='ocr_carea' id='block_1_61' title="bbox 279 5624 1866 5697">
    <p class='ocr_par' dir='ltr' id='par_1_61' title="bbox 279 5624 1866 5697">
     <span class='ocr_line' id='line_1_61' title="bbox 279 5624 1866 5697; baseline -0.005 -13"><span class='ocrx_word' id='word_1_420' title='bbox 279 5630 359 5684; x_wconf 84' lang='lat' dir='ltr'><strong><em>ris</em></strong></span> <span class='ocrx_word' id='word_1_421' title='bbox 389 5628 579 5691; x_wconf 87' lang='lat' dir='ltr'><strong><em>verba,</em></strong></span> <span class='ocrx_word' id='word_1_422' title='bbox 611 5628 666 5682; x_wconf 93' lang='lat' dir='ltr'><strong><em>in</em></strong></span> <span class='ocrx_word' id='word_1_423' title='bbox 698 5627 893 5683; x_wconf 85' lang='lat' dir='ltr'><strong><em>eadem</em></strong></span> <span class='ocrx_word' id='word_1_424' title='bbox 924 5626 1038 5681; x_wconf 77' lang='lat' dir='ltr'><strong><em>fere</em></strong></span> <span class='ocrx_word' id='word_1_425' title='bbox 1065 5626 1297 5697; x_wconf 89' lang='lat' dir='ltr'><strong><em>periodo</em></strong></span> <span class='ocrx_word' id='word_1_426' title='bbox 1329 5626 1550 5681; x_wconf 87' lang='lat' dir='ltr'><strong><em>diversa</em></strong></span> <span class='ocrx_word' id='word_1_427' title='bbox 1602 5624 1866 5695; x_wconf 81' lang='lat' dir='ltr'><strong><em>loquendi</em></strong></span> 
     </span>
    </p>
   </div>
   <div class='ocr_carea' id='block_1_62' title="bbox 279 5713 1862 5784">
    <p class='ocr_par' dir='ltr' id='par_1_62' title="bbox 279 5713 1862 5784">
     <span class='ocr_line' id='line_1_62' title="bbox 279 5713 1862 5784; baseline -0.002 -15"><span class='ocrx_word' id='word_1_428' title='bbox 279 5718 457 5769; x_wconf 80' lang='lat' dir='ltr'><strong><em>forma</em></strong></span> <span class='ocrx_word' id='word_1_429' title='bbox 489 5716 725 5777; x_wconf 85' lang='lat' dir='ltr'><strong><em>utentis,</em></strong></span> <span class='ocrx_word' id='word_1_430' title='bbox 760 5715 853 5767; x_wconf 87' lang='lat' dir='ltr'><strong><em>ubi</em></strong></span> <span class='ocrx_word' id='word_1_431' title='bbox 879 5725 1060 5770; x_wconf 90' lang='lat' dir='ltr'><strong><em>tamen</em></strong></span> <span class='ocrx_word' id='word_1_432' title='bbox 1092 5714 1286 5769; x_wconf 86' lang='lat' dir='ltr'><strong><em>eadem</em></strong></span> <span class='ocrx_word' id='word_1_433' title='bbox 1312 5715 1510 5768; x_wconf 89' lang='lat' dir='ltr'><strong><em>volunt</em></strong></span> <span class='ocrx_word' id='word_1_434' title='bbox 1540 5713 1862 5784; x_wconf 73' lang='lat' dir='ltr'><strong><em>snguiﬁcari.</em></strong></span> 
     </span>
    </p>
   </div>
   <div class='ocr_carea' id='block_1_63' title="bbox 283 5806 1863 5878">
    <p class='ocr_par' dir='ltr' id='par_1_63' title="bbox 283 5806 1863 5878">
     <span class='ocr_line' id='line_1_63' title="bbox 283 5806 1863 5878; baseline -0.003 -15"><span class='ocrx_word' id='word_1_435' title='bbox 283 5806 381 5863; x_wconf 84' lang='lat' dir='ltr'><strong><em>Sic</em></strong></span> <span class='ocrx_word' id='word_1_436' title='bbox 416 5807 531 5861; x_wconf 82' lang='lat' dir='ltr'><strong><em>ait:</em></strong></span> <span class='ocrx_word' id='word_1_437' title='bbox 581 5806 667 5859; x_wconf 78' lang='grc' dir='ltr'><strong><em>Ἔν</em></strong></span> <span class='ocrx_word' id='word_1_438' title='bbox 698 5806 775 5875; x_wconf 75' lang='grc' dir='ltr'><strong>τῷ</strong></span> <span class='ocrx_word' id='word_1_439' title='bbox 810 5806 1020 5877; x_wconf 70' lang='grc' dir='ltr'><strong><em>ἑϐδόμῳ</em></strong></span> <span class='ocrx_word' id='word_1_440' title='bbox 1051 5806 1160 5860; x_wconf 78' lang='grc' dir='ltr'><strong>ἔτει</strong></span> <span class='ocrx_word' id='word_1_441' title='bbox 1213 5809 1309 5878; x_wconf 76' lang='grc' dir='ltr'><strong><em>τῆς</em></strong></span> <span class='ocrx_word' id='word_1_442' title='bbox 1354 5808 1640 5862; x_wconf 67' lang='grc' dir='ltr'><strong><em>Ἰσιυστίνου</em></strong></span> <span class='ocrx_word' id='word_1_443' title='bbox 1709 5808 1863 5866; x_wconf 71' lang='grc' dir='ltr'><strong>βασι-</strong></span> 
     </span>
    </p>
   </div>
   <div class='ocr_carea' id='block_1_64' title="bbox 1962 623 3533 698">
    <p class='ocr_par' dir='ltr' id='par_1_64' title="bbox 1962 623 3533 698">
     <span class='ocr_line' id='line_1_64' title="bbox 1962 623 3533 698; baseline -0.003 -21"><span class='ocrx_word' id='word_1_444' title='bbox 1962 625 2161 687; x_wconf 77' lang='grc' dir='ltr'><strong><em>Μάῖον,</em></strong></span> <span class='ocrx_word' id='word_1_445' title='bbox 2218 623 2413 692; x_wconf 57' lang='grc' dir='ltr'><strong><em>ἐνξιὰτῃ</em></strong></span> <span class='ocrx_word' id='word_1_446' title='bbox 2434 623 2489 674; x_wconf 86' lang='grc' dir='ltr'>δὲ</span> <span class='ocrx_word' id='word_1_447' title='bbox 2545 624 2765 692; x_wconf 78' lang='grc' dir='ltr'><strong><em>εἰκοστῇ</em></strong></span> <span class='ocrx_word' id='word_1_448' title='bbox 2814 624 2981 676; x_wconf 75' lang='grc' dir='ltr'><strong><em>αὑτοῦ</em></strong></span> <span class='ocrx_word' id='word_1_449' title='bbox 3018 626 3218 698; x_wconf 73' lang='grc' dir='ltr'><strong><em>ἡμέρᾳ,</em></strong></span> <span class='ocrx_word' id='word_1_450' title='bbox 3254 629 3407 683; x_wconf 77' lang='lat' dir='ltr'><strong><em>Anno</em></strong></span> <span class='ocrx_word' id='word_1_451' title='bbox 3448 650 3533 686; x_wconf 70' lang='grc' dir='ltr'><strong><em>η.</em></strong></span> 
     </span>
    </p>
   </div>
   <div class='ocr_carea' id='block_1_65' title="bbox 1956 713 3545 785">
    <p class='ocr_par' dir='ltr' id='par_1_65' title="bbox 1956 713 3545 785">
     <span class='ocr_line' id='line_1_65' title="bbox 1956 713 3545 785; baseline 0.006 -18"><span class='ocrx_word' id='word_1_452' title='bbox 1956 716 2119 785; x_wconf 88' lang='lat' dir='ltr'><strong><em>ptimo</em></strong></span> <span class='ocrx_word' id='word_1_453' title='bbox 2144 715 2351 784; x_wconf 89' lang='lat' dir='ltr'><strong><em>imperii</em></strong></span> <span class='ocrx_word' id='word_1_454' title='bbox 2364 713 2560 767; x_wconf 78' lang='lat' dir='ltr'><strong><em>Justini</em></strong></span> <span class='ocrx_word' id='word_1_455' title='bbox 2576 755 2589 777; x_wconf 89' lang='lat'><strong>,</strong></span> <span class='ocrx_word' id='word_1_456' title='bbox 2616 730 2791 767; x_wconf 87' lang='lat' dir='ltr'><strong><em>mense</em></strong></span> <span class='ocrx_word' id='word_1_457' title='bbox 2812 714 3047 770; x_wconf 87' lang='lat' dir='ltr'><strong><em>decimo:</em></strong></span> <span class='ocrx_word' id='word_1_458' title='bbox 3073 733 3247 771; x_wconf 89' lang='lat' dir='ltr'><strong><em>mense</em></strong></span> <span class='ocrx_word' id='word_1_459' title='bbox 3263 719 3545 777; x_wconf 80' lang='lat' dir='ltr'><strong><em>Artemisio</em></strong></span> 
     </span>
    </p>
   </div>
   <div class='ocr_carea' id='block_1_66' title="bbox 1952 794 3534 875">
    <p class='ocr_par' dir='ltr' id='par_1_66' title="bbox 1952 794 3534 875">
     <span class='ocr_line' id='line_1_66' title="bbox 1952 794 3534 875; baseline 0.004 -15"><span class='ocrx_word' id='word_1_460' title='bbox 1952 822 2043 860; x_wconf 86' lang='lat' dir='ltr'><strong><em>seu</em></strong></span> <span class='ocrx_word' id='word_1_461' title='bbox 2072 804 2234 870; x_wconf 70' lang='lat' dir='ltr'><strong><em>Maio,</em></strong></span> <span class='ocrx_word' id='word_1_462' title='bbox 2263 807 2345 858; x_wconf 88' lang='lat' dir='ltr'><strong><em>die</em></strong></span> <span class='ocrx_word' id='word_1_463' title='bbox 2365 807 2483 875; x_wconf 69' lang='lat' dir='ltr'><strong><em>ejus</em></strong></span> <span class='ocrx_word' id='word_1_464' title='bbox 2524 794 2662 859; x_wconf 60' lang='lat' dir='ltr'><strong><em>non&#39;a</em></strong></span> <span class='ocrx_word' id='word_1_465' title='bbox 2698 814 2747 859; x_wconf 90' lang='lat' dir='ltr'><strong><em>et</em></strong></span> <span class='ocrx_word' id='word_1_466' title='bbox 2774 808 3039 860; x_wconf 83' lang='lat' dir='ltr'><strong><em>vicesima.</em></strong></span> <span class='ocrx_word' id='word_1_467' title='bbox 3069 808 3180 862; x_wconf 89' lang='lat' dir='ltr'><strong><em>Cur</em></strong></span> <span class='ocrx_word' id='word_1_468' title='bbox 3210 810 3255 863; x_wconf 91' lang='lat' dir='ltr'><strong><em>si</em></strong></span> <span class='ocrx_word' id='word_1_469' title='bbox 3301 828 3534 867; x_wconf 88' lang='lat' dir='ltr'><strong><em>mensem</em></strong></span> 
     </span>
    </p>
   </div>
   <div class='ocr_carea' id='block_1_67' title="bbox 1962 895 3530 967">
    <p class='ocr_par' dir='ltr' id='par_1_67' title="bbox 1962 895 3530 967">
     <span class='ocr_line' id='line_1_67' title="bbox 1962 895 3530 967; baseline 0.006 -20"><span class='ocrx_word' id='word_1_470' title='bbox 1962 896 2215 949; x_wconf 73' lang='lat' dir='ltr'><strong><em>decimum</em></strong></span> <span class='ocrx_word' id='word_1_471' title='bbox 2237 897 2364 955; x_wconf 83' lang='lat' dir='ltr'><strong><em>anni</em></strong></span> <span class='ocrx_word' id='word_1_472' title='bbox 2386 896 2595 965; x_wconf 87' lang='lat' dir='ltr'><strong><em>septimi</em></strong></span> <span class='ocrx_word' id='word_1_473' title='bbox 2619 895 2738 949; x_wconf 87' lang='lat' dir='ltr'><strong><em>vult</em></strong></span> <span class='ocrx_word' id='word_1_474' title='bbox 2770 896 3025 967; x_wconf 80' lang='lat' dir='ltr'><strong><em>intelligi,</em></strong></span> <span class='ocrx_word' id='word_1_475' title='bbox 3061 901 3530 967; x_wconf 87' lang='lat' dir='ltr'><strong><em>quemadmodum</em></strong></span> 
     </span>
    </p>
   </div>
   <div class='ocr_carea' id='block_1_68' title="bbox 1956 988 3538 1058">
    <p class='ocr_par' dir='ltr' id='par_1_68' title="bbox 1956 988 3538 1058">
     <span class='ocr_line' id='line_1_68' title="bbox 1956 988 3538 1058; baseline 0.004 -17"><span class='ocrx_word' id='word_1_476' title='bbox 1956 988 2093 1041; x_wconf 87' lang='lat' dir='ltr'><strong><em>diem</em></strong></span> <span class='ocrx_word' id='word_1_477' title='bbox 2124 989 2426 1051; x_wconf 81' lang='lat' dir='ltr'><strong><em>vicesimum</em></strong></span> <span class='ocrx_word' id='word_1_478' title='bbox 2472 1005 2671 1041; x_wconf 85' lang='lat' dir='ltr'><strong><em>nonum</em></strong></span> <span class='ocrx_word' id='word_1_479' title='bbox 2722 988 2980 1058; x_wconf 72' lang='lat' dir='ltr'><strong><em>intelligit</em></strong></span> <span class='ocrx_word' id='word_1_480' title='bbox 3033 993 3223 1045; x_wconf 82' lang='lat' dir='ltr'><strong><em>mensis</em></strong></span> <span class='ocrx_word' id='word_1_481' title='bbox 3265 992 3538 1049; x_wconf 77' lang='lat' dir='ltr'><strong><em>Artemisii</em></strong></span> 
     </span>
    </p>
   </div>
   <div class='ocr_carea' id='block_1_69' title="bbox 1955 1077 3544 1153">
    <p class='ocr_par' dir='ltr' id='par_1_69' title="bbox 1955 1077 3544 1153">
     <span class='ocr_line' id='line_1_69' title="bbox 1955 1077 3544 1153; baseline 0.004 -20"><span class='ocrx_word' id='word_1_482' title='bbox 1955 1096 2046 1133; x_wconf 89' lang='lat' dir='ltr'><strong><em>seu</em></strong></span> <span class='ocrx_word' id='word_1_483' title='bbox 2075 1077 2234 1140; x_wconf 75' lang='lat' dir='ltr'><strong><em>Maii;</em></strong></span> <span class='ocrx_word' id='word_1_484' title='bbox 2260 1094 2379 1137; x_wconf 87' lang='lat' dir='ltr'><strong><em>cur,</em></strong></span> <span class='ocrx_word' id='word_1_485' title='bbox 2408 1081 2651 1148; x_wconf 87' lang='lat' dir='ltr'><strong><em>inquam,</em></strong></span> <span class='ocrx_word' id='word_1_486' title='bbox 2680 1078 2976 1148; x_wconf 84' lang='lat' dir='ltr'><strong><em>utrobique</em></strong></span> <span class='ocrx_word' id='word_1_487' title='bbox 2995 1097 3104 1133; x_wconf 90' lang='lat' dir='ltr'><strong><em>non</em></strong></span> <span class='ocrx_word' id='word_1_488' title='bbox 3128 1082 3377 1151; x_wconf 88' lang='lat' dir='ltr'><strong><em>loquitur</em></strong></span> <span class='ocrx_word' id='word_1_489' title='bbox 3400 1084 3544 1153; x_wconf 85' lang='lat' dir='ltr'><strong><em>pari-</em></strong></span> 
     </span>
    </p>
   </div>
   <div class='ocr_carea' id='block_1_70' title="bbox 1956 1168 3540 1230">
    <p class='ocr_par' dir='ltr' id='par_1_70' title="bbox 1956 1168 3540 1230">
     <span class='ocr_line' id='line_1_70' title="bbox 1956 1168 3540 1230; baseline 0.004 -6"><span class='ocrx_word' id='word_1_490' title='bbox 1956 1168 2243 1224; x_wconf 80' lang='lat' dir='ltr'><strong><em>formiter?</em></strong></span> <span class='ocrx_word' id='word_1_491' title='bbox 2286 1168 2544 1224; x_wconf 81' lang='lat' dir='ltr'><strong><em>Secondo</em></strong></span> <span class='ocrx_word' id='word_1_492' title='bbox 2593 1170 2714 1223; x_wconf 90' lang='lat' dir='ltr'><strong><em>loco</em></strong></span> <span class='ocrx_word' id='word_1_493' title='bbox 2745 1172 2888 1225; x_wconf 89' lang='lat' dir='ltr'><strong><em>diem</em></strong></span> <span class='ocrx_word' id='word_1_494' title='bbox 2923 1172 3130 1226; x_wconf 84' lang='lat' dir='ltr'><strong><em>mensis</em></strong></span> <span class='ocrx_word' id='word_1_495' title='bbox 3178 1173 3385 1228; x_wconf 86' lang='lat' dir='ltr'><strong><em>indicat</em></strong></span> <span class='ocrx_word' id='word_1_496' title='bbox 3440 1191 3540 1230; x_wconf 76' lang='lat' dir='ltr'><strong><em>ex-</em></strong></span> 
     </span>
    </p>
   </div>
   <div class='ocr_carea' id='block_1_71' title="bbox 1950 1261 3537 1334">
    <p class='ocr_par' dir='ltr' id='par_1_71' title="bbox 1950 1261 3537 1334">
     <span class='ocr_line' id='line_1_71' title="bbox 1950 1261 3537 1334; baseline 0.004 -21"><span class='ocrx_word' id='word_1_497' title='bbox 1950 1261 2143 1329; x_wconf 85' lang='lat' dir='ltr'><strong><em>presse</em></strong></span> <span class='ocrx_word' id='word_1_498' title='bbox 2168 1277 2265 1329; x_wconf 89' lang='lat' dir='ltr'><strong><em>per</em></strong></span> <span class='ocrx_word' id='word_1_499' title='bbox 2298 1261 2591 1319; x_wconf 76' lang='lat' dir='ltr'><strong><em>relativum</em></strong></span> <span class='ocrx_word' id='word_1_500' title='bbox 2619 1262 2805 1323; x_wconf 75' lang='grc' dir='ltr'>αὑτοῦ,</span> <span class='ocrx_word' id='word_1_501' title='bbox 2852 1263 2985 1329; x_wconf 85' lang='lat' dir='ltr'><strong><em>ejus.</em></strong></span> <span class='ocrx_word' id='word_1_502' title='bbox 3032 1278 3140 1316; x_wconf 88' lang='lat' dir='ltr'><strong><em>non</em></strong></span> <span class='ocrx_word' id='word_1_503' title='bbox 3186 1264 3317 1319; x_wconf 88' lang='lat' dir='ltr'><strong><em>item</em></strong></span> <span class='ocrx_word' id='word_1_504' title='bbox 3356 1266 3537 1334; x_wconf 89' lang='lat' dir='ltr'><strong><em>primo</em></strong></span> 
     </span>
    </p>
   </div>
   <div class='ocr_carea' id='block_1_72' title="bbox 1958 1353 3541 1417">
    <p class='ocr_par' dir='ltr' id='par_1_72' title="bbox 1958 1353 3541 1417">
     <span class='ocr_line' id='line_1_72' title="bbox 1958 1353 3541 1417; baseline 0.004 -12"><span class='ocrx_word' id='word_1_505' title='bbox 1958 1368 2202 1407; x_wconf 85' lang='lat' dir='ltr'><strong><em>mensem</em></strong></span> <span class='ocrx_word' id='word_1_506' title='bbox 2233 1353 2361 1406; x_wconf 89' lang='lat' dir='ltr'><strong><em>anni</em></strong></span> <span class='ocrx_word' id='word_1_507' title='bbox 2391 1370 2405 1417; x_wconf 90' lang='lat'><strong>;</strong></span> <span class='ocrx_word' id='word_1_508' title='bbox 2438 1353 2587 1406; x_wconf 88' lang='lat' dir='ltr'><strong><em>nulla</em></strong></span> <span class='ocrx_word' id='word_1_509' title='bbox 2619 1353 2709 1406; x_wconf 87' lang='lat' dir='ltr'><strong><em>hic</em></strong></span> <span class='ocrx_word' id='word_1_510' title='bbox 2738 1353 2947 1407; x_wconf 77' lang='lat' dir='ltr'><strong><em>mentio</em></strong></span> <span class='ocrx_word' id='word_1_511' title='bbox 3002 1355 3309 1410; x_wconf 86' lang='lat' dir='ltr'><strong><em>relationis.</em></strong></span> <span class='ocrx_word' id='word_1_512' title='bbox 3355 1356 3541 1411; x_wconf 75' lang='lat' dir='ltr'><strong><em>Voluit</em></strong></span> 
     </span>
    </p>
   </div>
   <div class='ocr_carea' id='block_1_73' title="bbox 1959 1430 3540 1513">
    <p class='ocr_par' dir='ltr' id='par_1_73' title="bbox 1959 1430 3540 1513">
     <span class='ocr_line' id='line_1_73' title="bbox 1959 1430 3540 1513; baseline 0.004 -18"><span class='ocrx_word' id='word_1_513' title='bbox 1959 1443 2127 1513; x_wconf 77' lang='lat' dir='ltr'><strong><em>igitur</em></strong></span> <span class='ocrx_word' id='word_1_514' title='bbox 2157 1430 2267 1497; x_wconf 70' lang='lat' dir='ltr'><strong><em>ndn</em></strong></span> <span class='ocrx_word' id='word_1_515' title='bbox 2291 1444 2417 1497; x_wconf 85' lang='lat' dir='ltr'><strong><em>anni</em></strong></span> <span class='ocrx_word' id='word_1_516' title='bbox 2447 1443 2693 1512; x_wconf 87' lang='lat' dir='ltr'><strong><em>septimi,</em></strong></span> <span class='ocrx_word' id='word_1_517' title='bbox 2726 1442 2822 1498; x_wconf 83' lang='lat' dir='ltr'><strong><em>sed</em></strong></span> <span class='ocrx_word' id='word_1_518' title='bbox 2868 1459 3031 1513; x_wconf 85' lang='lat' dir='ltr'><strong><em>supra</em></strong></span> <span class='ocrx_word' id='word_1_519' title='bbox 3066 1445 3240 1505; x_wconf 85' lang='lat' dir='ltr'><strong><em>illum,</em></strong></span> <span class='ocrx_word' id='word_1_520' title='bbox 3292 1462 3540 1503; x_wconf 81' lang='lat' dir='ltr'><strong><em>mensem</em></strong></span> 
     </span>
    </p>
   </div>
   <div class='ocr_carea' id='block_1_74' title="bbox 1958 1532 3547 1604">
    <p class='ocr_par' dir='ltr' id='par_1_74' title="bbox 1958 1532 3547 1604">
     <span class='ocr_line' id='line_1_74' title="bbox 1958 1532 3547 1604; baseline 0.003 -17"><span class='ocrx_word' id='word_1_521' title='bbox 1958 1532 2236 1588; x_wconf 76' lang='lat' dir='ltr'><strong><em>decimum</em></strong></span> <span class='ocrx_word' id='word_1_522' title='bbox 2262 1533 2603 1604; x_wconf 74' lang='lat' dir='ltr'><strong><em>significare;</em></strong></span> <span class='ocrx_word' id='word_1_523' title='bbox 2637 1533 2788 1602; x_wconf 79' lang='lat' dir='ltr'><strong><em>quod</em></strong></span> <span class='ocrx_word' id='word_1_524' title='bbox 2825 1541 2883 1587; x_wconf 90' lang='lat' dir='ltr'><strong><em>ut</em></strong></span> <span class='ocrx_word' id='word_1_525' title='bbox 2943 1535 3212 1603; x_wconf 89' lang='lat' dir='ltr'><strong><em>liquidius</em></strong></span> <span class='ocrx_word' id='word_1_526' title='bbox 3262 1536 3404 1591; x_wconf 80' lang='lat' dir='ltr'><strong><em>foret</em></strong></span> <span class='ocrx_word' id='word_1_527' title='bbox 3442 1554 3547 1592; x_wconf 87' lang='lat' dir='ltr'><strong><em>nec</em></strong></span> 
     </span>
    </p>
   </div>
   <div class='ocr_carea' id='block_1_75' title="bbox 1962 1626 3546 1698">
    <p class='ocr_par' dir='ltr' id='par_1_75' title="bbox 1962 1626 3546 1698">
     <span class='ocr_line' id='line_1_75' title="bbox 1962 1626 3546 1698; baseline 0.003 -19"><span class='ocrx_word' id='word_1_528' title='bbox 1962 1626 2015 1679; x_wconf 93' lang='lat' dir='ltr'><strong><em>in</em></strong></span> <span class='ocrx_word' id='word_1_529' title='bbox 2043 1641 2292 1681; x_wconf 90' lang='lat' dir='ltr'><strong><em>errorem</em></strong></span> <span class='ocrx_word' id='word_1_530' title='bbox 2313 1626 2632 1695; x_wconf 88' lang='lat' dir='ltr'><strong><em>quempiam</em></strong></span> <span class='ocrx_word' id='word_1_531' title='bbox 2694 1626 2960 1696; x_wconf 80' lang='lat' dir='ltr'><strong><em>deinceps</em></strong></span> <span class='ocrx_word' id='word_1_532' title='bbox 3013 1627 3329 1691; x_wconf 88' lang='lat' dir='ltr'><strong><em>induceret,</em></strong></span> <span class='ocrx_word' id='word_1_533' title='bbox 3372 1631 3546 1698; x_wconf 89' lang='lat' dir='ltr'><strong><em>parti-</em></strong></span> 
     </span>
    </p>
   </div>
   <div class='ocr_carea' id='block_1_76' title="bbox 1960 1716 3540 1786">
    <p class='ocr_par' dir='ltr' id='par_1_76' title="bbox 1960 1716 3540 1786">
     <span class='ocr_line' id='line_1_76' title="bbox 1960 1716 3540 1786; baseline 0.003 -17"><span class='ocrx_word' id='word_1_534' title='bbox 1960 1716 2151 1769; x_wconf 88' lang='lat' dir='ltr'><strong><em>culam</em></strong></span> <span class='ocrx_word' id='word_1_535' title='bbox 2190 1716 2307 1781; x_wconf 78' lang='grc' dir='ltr'><strong><em>καί,</em></strong></span> <span class='ocrx_word' id='word_1_536' title='bbox 2353 1725 2420 1779; x_wconf 87' lang='lat' dir='ltr'><strong><em>et,</em></strong></span> <span class='ocrx_word' id='word_1_537' title='bbox 2475 1731 2793 1786; x_wconf 85' lang='lat' dir='ltr'><strong><em>quanquam</em></strong></span> <span class='ocrx_word' id='word_1_538' title='bbox 2842 1717 2932 1770; x_wconf 86' lang='lat' dir='ltr'><strong><em>vix</em></strong></span> <span class='ocrx_word' id='word_1_539' title='bbox 2980 1720 3372 1783; x_wconf 86' lang='lat' dir='ltr'><strong><em>necessariam,</em></strong></span> <span class='ocrx_word' id='word_1_540' title='bbox 3404 1736 3540 1773; x_wconf 87' lang='lat' dir='ltr'><strong><em>con-</em></strong></span> 
     </span>
    </p>
   </div>
   <div class='ocr_carea' id='block_1_77' title="bbox 1961 1805 3540 1876">
    <p class='ocr_par' dir='ltr' id='par_1_77' title="bbox 1961 1805 3540 1876">
     <span class='ocr_line' id='line_1_77' title="bbox 1961 1805 3540 1876; baseline 0.002 -18"><span class='ocrx_word' id='word_1_541' title='bbox 1961 1814 2140 1858; x_wconf 85' lang='lat' dir='ltr'><strong><em>stante</em></strong></span> <span class='ocrx_word' id='word_1_542' title='bbox 2165 1806 2329 1859; x_wconf 90' lang='lat' dir='ltr'><strong><em>etiam</em></strong></span> <span class='ocrx_word' id='word_1_543' title='bbox 2364 1805 2481 1859; x_wconf 90' lang='lat' dir='ltr'><strong><em>sine</em></strong></span> <span class='ocrx_word' id='word_1_544' title='bbox 2504 1806 2595 1860; x_wconf 88' lang='lat' dir='ltr'><strong><em>illa</em></strong></span> <span class='ocrx_word' id='word_1_545' title='bbox 2616 1820 2779 1861; x_wconf 90' lang='lat' dir='ltr'><strong><em>sensu</em></strong></span> <span class='ocrx_word' id='word_1_546' title='bbox 2821 1821 2988 1876; x_wconf 88' lang='lat' dir='ltr'><strong><em>quem</em></strong></span> <span class='ocrx_word' id='word_1_547' title='bbox 3024 1806 3414 1871; x_wconf 84' lang='lat' dir='ltr'><strong><em>indicavimus,</em></strong></span> <span class='ocrx_word' id='word_1_548' title='bbox 3438 1808 3507 1862; x_wconf 89' lang='lat' dir='ltr'><strong><em>ad</em></strong></span> <span class='ocrx_word' id='word_1_549' title='bbox 3528 1839 3540 1850; x_wconf 76' lang='grc' dir='ltr'><strong><em>ο</em></strong></span> 
     </span>
    </p>
   </div>
   <div class='ocr_carea' id='block_1_78' title="bbox 1892 1890 2473 1967">
    <p class='ocr_par' dir='ltr' id='par_1_78' title="bbox 1892 1890 2473 1967">
     <span class='ocr_line' id='line_1_78' title="bbox 1892 1890 2473 1967; baseline 0.01 -23"><span class='ocrx_word' id='word_1_550' title='bbox 1892 1890 1930 1944; x_wconf 83' lang='grc' dir='ltr'><strong>Β</strong></span> <span class='ocrx_word' id='word_1_551' title='bbox 1955 1897 2126 1967; x_wconf 84' lang='lat' dir='ltr'><strong><em>jicere</em></strong></span> <span class='ocrx_word' id='word_1_552' title='bbox 2158 1896 2336 1949; x_wconf 83' lang='lat' dir='ltr'><strong><em>visum</em></strong></span> <span class='ocrx_word' id='word_1_553' title='bbox 2368 1906 2473 1951; x_wconf 89' lang='lat' dir='ltr'><strong><em>est.</em></strong></span> 
     </span>
    </p>
   </div>
   <div class='ocr_carea' id='block_1_79' title="bbox 2030 1985 3535 2058">
    <p class='ocr_par' dir='ltr' id='par_1_79' title="bbox 2030 1985 3535 2058">
     <span class='ocr_line' id='line_1_79' title="bbox 2030 1985 3535 2058; baseline 0.003 -19"><span class='ocrx_word' id='word_1_554' title='bbox 2030 1986 2115 2043; x_wconf 71' lang='grc'><strong><em>18,</em></strong></span> <span class='ocrx_word' id='word_1_555' title='bbox 2153 1985 2258 2041; x_wconf 87' lang='lat' dir='ltr'><strong><em>Sed</em></strong></span> <span class='ocrx_word' id='word_1_556' title='bbox 2297 1986 2608 2050; x_wconf 86' lang='lat' dir='ltr'><strong><em>redeamus,</em></strong></span> <span class='ocrx_word' id='word_1_557' title='bbox 2648 1986 2794 2041; x_wconf 90' lang='lat' dir='ltr'><strong><em>unde</em></strong></span> <span class='ocrx_word' id='word_1_558' title='bbox 2836 1986 3073 2058; x_wconf 80' lang='lat' dir='ltr'><strong><em>digressi</em></strong></span> <span class='ocrx_word' id='word_1_559' title='bbox 3104 2003 3318 2043; x_wconf 89' lang='lat' dir='ltr'><strong><em>sumus.</em></strong></span> <span class='ocrx_word' id='word_1_560' title='bbox 3351 1987 3535 2043; x_wconf 49' lang='lat' dir='ltr'><strong><em>Poste.</em></strong></span> 
     </span>
    </p>
   </div>
   <div class='ocr_carea' id='block_1_80' title="bbox 1960 2075 3545 2147">
    <p class='ocr_par' dir='ltr' id='par_1_80' title="bbox 1960 2075 3545 2147">
     <span class='ocr_line' id='line_1_80' title="bbox 1960 2075 3545 2147; baseline 0.003 -19"><span class='ocrx_word' id='word_1_561' title='bbox 1960 2075 2123 2129; x_wconf 90' lang='lat' dir='ltr'><strong><em>rioris</em></strong></span> <span class='ocrx_word' id='word_1_562' title='bbox 2170 2085 2355 2131; x_wconf 91' lang='lat' dir='ltr'><strong><em>motus</em></strong></span> <span class='ocrx_word' id='word_1_563' title='bbox 2401 2077 2774 2131; x_wconf 86' lang='lat' dir='ltr'><strong><em>calamitatem</em></strong></span> <span class='ocrx_word' id='word_1_564' title='bbox 2804 2078 2884 2131; x_wconf 91' lang='lat' dir='ltr'><strong><em>sic</em></strong></span> <span class='ocrx_word' id='word_1_565' title='bbox 2917 2088 3146 2133; x_wconf 87' lang='lat' dir='ltr'><strong><em>enarrat</em></strong></span> <span class='ocrx_word' id='word_1_566' title='bbox 3172 2078 3545 2147; x_wconf 81' lang='lat' dir='ltr'><strong><em>Theophanes</em></strong></span> 
     </span>
    </p>
   </div>
   <div class='ocr_carea' id='block_1_81' title="bbox 1958 2166 3538 2245">
    <p class='ocr_par' dir='ltr' id='par_1_81' title="bbox 1958 2166 3538 2245">
     <span class='ocr_line' id='line_1_81' title="bbox 1958 2166 3538 2245; baseline 0.001 -25"><span class='ocrx_word' id='word_1_567' title='bbox 1958 2181 2101 2221; x_wconf 77' lang='lat' dir='ltr'><strong><em>attno</em></strong></span> <span class='ocrx_word' id='word_1_568' title='bbox 2134 2166 2170 2219; x_wconf 74' lang='lat'><strong>2</strong></span> <span class='ocrx_word' id='word_1_569' title='bbox 2221 2166 2545 2233; x_wconf 68' lang='lat' dir='ltr'><strong><em>Iustiniani,</em></strong></span> <span class='ocrx_word' id='word_1_570' title='bbox 2602 2168 2696 2235; x_wconf 84' lang='lat' dir='ltr'><strong><em>qui</em></strong></span> <span class='ocrx_word' id='word_1_571' title='bbox 2758 2168 2862 2222; x_wconf 70' lang='lat'><strong>528</strong></span> <span class='ocrx_word' id='word_1_572' title='bbox 2908 2178 2993 2223; x_wconf 86' lang='lat' dir='ltr'><strong><em>est</em></strong></span> <span class='ocrx_word' id='word_1_573' title='bbox 3024 2184 3148 2245; x_wconf 69' lang='lat' dir='ltr'><strong><em>tera:</em></strong></span> <span class='ocrx_word' id='word_1_574' title='bbox 3180 2168 3538 2223; x_wconf 88' lang='lat' dir='ltr'><strong><em>communis:</em></strong></span> 
     </span>
    </p>
   </div>
   <div class='ocr_carea' id='block_1_82' title="bbox 1959 2255 3547 2328">
    <p class='ocr_par' dir='ltr' id='par_1_82' title="bbox 1959 2255 3547 2328">
     <span class='ocr_line' id='line_1_82' title="bbox 1959 2255 3547 2328; baseline 0 -17"><span class='ocrx_word' id='word_1_575' title='bbox 1959 2255 2160 2311; x_wconf 88' lang='lat' dir='ltr'><strong><em>Eodem</em></strong></span> <span class='ocrx_word' id='word_1_576' title='bbox 2212 2273 2353 2310; x_wconf 88' lang='lat' dir='ltr'><strong><em>anno</em></strong></span> <span class='ocrx_word' id='word_1_577' title='bbox 2407 2260 2601 2312; x_wconf 78' lang='lat' dir='ltr'><strong><em>mensis</em></strong></span> <span class='ocrx_word' id='word_1_578' title='bbox 2647 2258 2956 2312; x_wconf 82' lang='lat' dir='ltr'><strong><em>Novembris</em></strong></span> <span class='ocrx_word' id='word_1_579' title='bbox 2982 2260 3067 2313; x_wconf 88' lang='lat' dir='ltr'><strong><em>die</em></strong></span> <span class='ocrx_word' id='word_1_580' title='bbox 3100 2276 3239 2313; x_wconf 89' lang='lat' dir='ltr'><strong><em>nona</em></strong></span> <span class='ocrx_word' id='word_1_581' title='bbox 3278 2276 3445 2328; x_wconf 88' lang='lat' dir='ltr'><strong><em>supra</em></strong></span> <span class='ocrx_word' id='word_1_582' title='bbox 3467 2260 3547 2314; x_wconf 75' lang='lat' dir='ltr'><strong><em>vi—</em></strong></span> 
     </span>
    </p>
   </div>
   <div class='ocr_carea' id='block_1_83' title="bbox 1957 2341 3548 2417">
    <p class='ocr_par' dir='ltr' id='par_1_83' title="bbox 1957 2341 3548 2417">
     <span class='ocr_line' id='line_1_83' title="bbox 1957 2341 3548 2417; baseline 0.003 -24"><span class='ocrx_word' id='word_1_583' title='bbox 1957 2341 2227 2403; x_wconf 88' lang='lat' dir='ltr'><strong><em>cesimam,</em></strong></span> <span class='ocrx_word' id='word_1_584' title='bbox 2260 2342 2390 2393; x_wconf 87' lang='lat' dir='ltr'><strong><em>hara</em></strong></span> <span class='ocrx_word' id='word_1_585' title='bbox 2422 2341 2550 2394; x_wconf 80' lang='lat' dir='ltr'><strong><em>&#39;diei</em></strong></span> <span class='ocrx_word' id='word_1_586' title='bbox 2603 2344 2785 2403; x_wconf 84' lang='lat' dir='ltr'><strong><em>tertia,</em></strong></span> <span class='ocrx_word' id='word_1_587' title='bbox 2823 2346 2957 2413; x_wconf 79' lang='lat' dir='ltr'><strong><em>feria</em></strong></span> <span class='ocrx_word' id='word_1_588' title='bbox 2994 2353 3213 2417; x_wconf 89' lang='lat' dir='ltr'><strong><em>quarta,</em></strong></span> <span class='ocrx_word' id='word_1_589' title='bbox 3259 2344 3548 2397; x_wconf 85' lang='lat' dir='ltr'><strong><em>indictione</em></strong></span> 
     </span>
    </p>
   </div>
   <div class='ocr_carea' id='block_1_84' title="bbox 1957 2424 3545 2509">
    <p class='ocr_par' dir='ltr' id='par_1_84' title="bbox 1957 2424 3545 2509">
     <span class='ocr_line' id='line_1_84' title="bbox 1957 2424 3545 2509; baseline 0.002 -28"><span class='ocrx_word' id='word_1_590' title='bbox 1957 2430 2202 2499; x_wconf 88' lang='lat' dir='ltr'><strong><em>septima,</em></strong></span> <span class='ocrx_word' id='word_1_591' title='bbox 2241 2430 2450 2483; x_wconf 84' lang='lat' dir='ltr'><strong><em>biennio</em></strong></span> <span class='ocrx_word' id='word_1_592' title='bbox 2484 2443 2598 2501; x_wconf 90' lang='lat' dir='ltr'><strong><em>post</em></strong></span> <span class='ocrx_word' id='word_1_593' title='bbox 2630 2433 2961 2501; x_wconf 88' lang='lat' dir='ltr'><strong><em>superiorem</em></strong></span> <span class='ocrx_word' id='word_1_594' title='bbox 2991 2424 3217 2497; x_wconf 83' lang='lat' dir='ltr'><strong><em>cladem,</em></strong></span> <span class='ocrx_word' id='word_1_595' title='bbox 3243 2432 3545 2509; x_wconf 79' lang='lat' dir='ltr'><strong><em>Antiochia,</em></strong></span> 
     </span>
    </p>
   </div>
   <div class='ocr_carea' id='block_1_85' title="bbox 1958 2518 3549 2591">
    <p class='ocr_par' dir='ltr' id='par_1_85' title="bbox 1958 2518 3549 2591">
     <span class='ocr_line' id='line_1_85' title="bbox 1958 2518 3549 2591; baseline 0.003 -21"><span class='ocrx_word' id='word_1_596' title='bbox 1958 2518 2143 2571; x_wconf 80' lang='lat' dir='ltr'><strong><em>civitas</em></strong></span> <span class='ocrx_word' id='word_1_597' title='bbox 2178 2536 2393 2589; x_wconf 88' lang='lat' dir='ltr'><strong><em>magna,</em></strong></span> <span class='ocrx_word' id='word_1_598' title='bbox 2420 2521 2593 2591; x_wconf 65' lang='lat' dir='ltr'><strong><em>plaga:</em></strong></span> <span class='ocrx_word' id='word_1_599' title='bbox 2622 2522 2825 2576; x_wconf 67' lang='lat' dir='ltr'><strong><em>caelitus</em></strong></span> <span class='ocrx_word' id='word_1_600' title='bbox 2856 2522 3026 2576; x_wconf 79' lang='lat' dir='ltr'><strong><em>illatte</em></strong></span> <span class='ocrx_word' id='word_1_601' title='bbox 3056 2523 3312 2575; x_wconf 88' lang='lat' dir='ltr'><strong><em>damnum</em></strong></span> <span class='ocrx_word' id='word_1_602' title='bbox 3353 2523 3549 2575; x_wconf 85' lang='lat' dir='ltr'><strong><em>iterum</em></strong></span> 
     </span>
    </p>
   </div>
   <div class='ocr_carea' id='block_1_86' title="bbox 1958 2608 3549 2680">
    <p class='ocr_par' dir='ltr' id='par_1_86' title="bbox 1958 2608 3549 2680">
     <span class='ocr_line' id='line_1_86' title="bbox 1958 2608 3549 2680; baseline 0.003 -21"><span class='ocrx_word' id='word_1_603' title='bbox 1958 2624 2116 2677; x_wconf 89' lang='lat' dir='ltr'><strong><em>passa</em></strong></span> <span class='ocrx_word' id='word_1_604' title='bbox 2182 2618 2276 2661; x_wconf 87' lang='lat' dir='ltr'><strong><em>est.</em></strong></span> <span class='ocrx_word' id='word_1_605' title='bbox 2312 2608 2504 2679; x_wconf 88' lang='lat' dir='ltr'><strong><em>Ingens</em></strong></span> <span class='ocrx_word' id='word_1_606' title='bbox 2552 2612 2747 2680; x_wconf 85' lang='lat' dir='ltr'><strong><em>quippe</em></strong></span> <span class='ocrx_word' id='word_1_607' title='bbox 2799 2620 2957 2665; x_wconf 75' lang='lat' dir='ltr'><strong><em>terra:</em></strong></span> <span class='ocrx_word' id='word_1_608' title='bbox 3016 2621 3187 2664; x_wconf 88' lang='lat' dir='ltr'><strong><em>motus</em></strong></span> <span class='ocrx_word' id='word_1_609' title='bbox 3235 2628 3328 2680; x_wconf 91' lang='lat' dir='ltr'><strong><em>per</em></strong></span> <span class='ocrx_word' id='word_1_610' title='bbox 3359 2613 3549 2665; x_wconf 84' lang='lat' dir='ltr'><strong><em>horam</em></strong></span> 
     </span>
    </p>
   </div>
   <div class='ocr_carea' id='block_1_87' title="bbox 1959 2700 3549 2769">
    <p class='ocr_par' dir='ltr' id='par_1_87' title="bbox 1959 2700 3549 2769">
     <span class='ocr_line' id='line_1_87' title="bbox 1959 2700 3549 2769; baseline 0.003 -18"><span class='ocrx_word' id='word_1_611' title='bbox 1959 2716 2120 2752; x_wconf 89' lang='lat' dir='ltr'><strong><em>unam</em></strong></span> <span class='ocrx_word' id='word_1_612' title='bbox 2150 2700 2343 2769; x_wconf 87' lang='lat' dir='ltr'><strong><em>factus,</em></strong></span> <span class='ocrx_word' id='word_1_613' title='bbox 2362 2711 2521 2769; x_wconf 89' lang='lat' dir='ltr'><strong><em>atque</em></strong></span> <span class='ocrx_word' id='word_1_614' title='bbox 2540 2703 2834 2755; x_wconf 83' lang='lat' dir='ltr'><strong><em>horrendus</em></strong></span> <span class='ocrx_word' id='word_1_615' title='bbox 2862 2702 3077 2755; x_wconf 85' lang='lat' dir='ltr'><strong><em>omnino</em></strong></span> <span class='ocrx_word' id='word_1_616' title='bbox 3100 2704 3328 2769; x_wconf 83' lang='lat' dir='ltr'><strong><em>mugitus</em></strong></span> <span class='ocrx_word' id='word_1_617' title='bbox 3360 2719 3387 2757; x_wconf 90' lang='lat' dir='ltr'><strong><em>e</em></strong></span> <span class='ocrx_word' id='word_1_618' title='bbox 3420 2702 3549 2756; x_wconf 72' lang='lat' dir='ltr'><strong><em>calo</em></strong></span> 
     </span>
    </p>
   </div>
   <div class='ocr_carea' id='block_1_88' title="bbox 1958 2780 3541 2865">
    <p class='ocr_par' dir='ltr' id='par_1_88' title="bbox 1958 2780 3541 2865">
     <span class='ocr_line' id='line_1_88' title="bbox 1958 2780 3541 2865; baseline 0.004 -23"><span class='ocrx_word' id='word_1_619' title='bbox 1958 2790 2173 2842; x_wconf 85' lang='lat' dir='ltr'><strong><em>auditus</em></strong></span> <span class='ocrx_word' id='word_1_620' title='bbox 2227 2800 2350 2845; x_wconf 86' lang='lat' dir='ltr'><strong><em>est:</em></strong></span> <span class='ocrx_word' id='word_1_621' title='bbox 2383 2793 2564 2844; x_wconf 84' lang='lat' dir='ltr'><strong><em>omnia</em></strong></span> <span class='ocrx_word' id='word_1_622' title='bbox 2605 2808 2814 2865; x_wconf 80' lang='lat' dir='ltr'><strong><em>quoque</em></strong></span> <span class='ocrx_word' id='word_1_623' title='bbox 2882 2795 3108 2864; x_wconf 70' lang='lat' dir='ltr'><strong><em>(edi/irin</em></strong></span> <span class='ocrx_word' id='word_1_624' title='bbox 3150 2805 3201 2847; x_wconf 85' lang='lat' dir='ltr'><strong><em>et</em></strong></span> <span class='ocrx_word' id='word_1_625' title='bbox 3240 2796 3380 2849; x_wconf 87' lang='lat' dir='ltr'><strong><em>muri</em></strong></span> <span class='ocrx_word' id='word_1_626' title='bbox 3428 2780 3541 2849; x_wconf 82' lang='lat' dir='ltr'><strong><em>solo</em></strong></span> 
     </span>
    </p>
   </div>
   <div class='ocr_carea' id='block_1_89' title="bbox 1958 2892 3549 2961">
    <p class='ocr_par' dir='ltr' id='par_1_89' title="bbox 1958 2892 3549 2961">
     <span class='ocr_line' id='line_1_89' title="bbox 1958 2892 3549 2961; baseline 0.007 -26"><span class='ocrx_word' id='word_1_627' title='bbox 1958 2892 2169 2951; x_wconf 83' lang='lat' dir='ltr'><strong><em>(equala</em></strong></span> <span class='ocrx_word' id='word_1_628' title='bbox 2221 2892 2343 2936; x_wconf 88' lang='lat' dir='ltr'><strong><em>sunt</em></strong></span> <span class='ocrx_word' id='word_1_629' title='bbox 2376 2902 2393 2948; x_wconf 91' lang='lat'><em>;</em></span> <span class='ocrx_word' id='word_1_630' title='bbox 2434 2901 2654 2957; x_wconf 72' lang='lat' dir='ltr'><strong><em>qumque</em></strong></span> <span class='ocrx_word' id='word_1_631' title='bbox 2685 2892 3028 2945; x_wconf 86' lang='lat' dir='ltr'><strong><em>substiterant</em></strong></span> <span class='ocrx_word' id='word_1_632' title='bbox 3062 2892 3117 2943; x_wconf 87' lang='lat' dir='ltr'><strong><em>in</em></strong></span> <span class='ocrx_word' id='word_1_633' title='bbox 3166 2894 3341 2961; x_wconf 83' lang='lat' dir='ltr'><strong><em>priori</em></strong></span> <span class='ocrx_word' id='word_1_634' title='bbox 3389 2901 3549 2949; x_wconf 77' lang='lat' dir='ltr'><strong><em>terra:</em></strong></span> 
     </span>
    </p>
   </div>
   <div class='ocr_carea' id='block_1_90' title="bbox 1958 2964 3552 3052">
    <p class='ocr_par' dir='ltr' id='par_1_90' title="bbox 1958 2978 3552 3052">
     <span class='ocr_line' id='line_1_90' title="bbox 1958 2978 3552 3052; baseline 0.007 -27"><span class='ocrx_word' id='word_1_635' title='bbox 1958 2982 2101 3025; x_wconf 88' lang='lat' dir='ltr'><strong><em>motu</em></strong></span> <span class='ocrx_word' id='word_1_636' title='bbox 2140 2985 2335 3027; x_wconf 84' lang='lat' dir='ltr'><strong><em>veteres</em></strong></span> <span class='ocrx_word' id='word_1_637' title='bbox 2367 2978 2801 3046; x_wconf 68' lang='lat' dir='ltr'><strong><em>substructiones,</em></strong></span> <span class='ocrx_word' id='word_1_638' title='bbox 2835 2999 2910 3037; x_wconf 79' lang='lat' dir='ltr'><strong><em>ea:</em></strong></span> <span class='ocrx_word' id='word_1_639' title='bbox 2951 3000 3093 3036; x_wconf 88' lang='lat' dir='ltr'><strong><em>nunc</em></strong></span> <span class='ocrx_word' id='word_1_640' title='bbox 3121 2984 3366 3052; x_wconf 76' lang='lat' dir='ltr'><strong><em>funditus</em></strong></span> <span class='ocrx_word' id='word_1_641' title='bbox 3400 3000 3552 3036; x_wconf 82' lang='lat' dir='ltr'><strong><em>ever-</em></strong></span> 
     </span>
    </p>
   </div>
   <div class='ocr_carea' id='block_1_91' title="bbox 1956 3066 3552 3141">
    <p class='ocr_par' dir='ltr' id='par_1_91' title="bbox 1956 3066 3552 3141">
     <span class='ocr_line' id='line_1_91' title="bbox 1956 3066 3552 3141; baseline 0.008 -26"><span class='ocrx_word' id='word_1_642' title='bbox 1956 3080 2028 3116; x_wconf 82' lang='lat' dir='ltr'><strong><em>ste</em></strong></span> <span class='ocrx_word' id='word_1_643' title='bbox 2050 3080 2068 3117; x_wconf 90' lang='lat'><strong><em>:</em></strong></span> <span class='ocrx_word' id='word_1_644' title='bbox 2109 3066 2331 3137; x_wconf 84' lang='lat' dir='ltr'><strong><em>denique</em></strong></span> <span class='ocrx_word' id='word_1_645' title='bbox 2351 3071 2605 3137; x_wconf 87' lang='lat' dir='ltr'><strong><em>quidquid</em></strong></span> <span class='ocrx_word' id='word_1_646' title='bbox 2638 3079 2748 3124; x_wconf 86' lang='lat' dir='ltr'><strong><em>tam</em></strong></span> <span class='ocrx_word' id='word_1_647' title='bbox 2771 3074 3155 3141; x_wconf 87' lang='lat' dir='ltr'><strong><em>imperatorum</em></strong></span> <span class='ocrx_word' id='word_1_648' title='bbox 3194 3073 3514 3127; x_wconf 82' lang='lat' dir='ltr'><strong><em>liberalitate</em></strong></span> <span class='ocrx_word' id='word_1_649' title='bbox 3537 3114 3552 3140; x_wconf 91' lang='lat'><strong>,</strong></span> 
     </span>
    </p>
   </div>
   <div class='ocr_carea' id='block_1_92' title="bbox 1961 3158 3561 3230">
    <p class='ocr_par' dir='ltr' id='par_1_92' title="bbox 1961 3158 3561 3230">
     <span class='ocr_line' id='line_1_92' title="bbox 1961 3158 3561 3230; baseline 0.007 -23"><span class='ocrx_word' id='word_1_650' title='bbox 1961 3171 2123 3225; x_wconf 86' lang='lat' dir='ltr'><strong><em>quam</em></strong></span> <span class='ocrx_word' id='word_1_651' title='bbox 2182 3159 2404 3226; x_wconf 74' lang='lat' dir='ltr'><strong><em>privatis</em></strong></span> <span class='ocrx_word' id='word_1_652' title='bbox 2454 3161 2646 3214; x_wconf 69' lang='lat' dir='ltr'><strong><em>cit-ium</em></strong></span> <span class='ocrx_word' id='word_1_653' title='bbox 2710 3163 3007 3230; x_wconf 84' lang='lat' dir='ltr'><strong><em>sumptibus</em></strong></span> <span class='ocrx_word' id='word_1_654' title='bbox 3052 3164 3173 3217; x_wconf 88' lang='lat' dir='ltr'><strong><em>urbi</em></strong></span> <span class='ocrx_word' id='word_1_655' title='bbox 3211 3158 3561 3218; x_wconf 83' lang='lat' dir='ltr'><strong><em>conciliatum</em></strong></span> 
     </span>
    </p>
   </div>
   <div class='ocr_carea' id='block_1_93' title="bbox 1961 3247 3545 3323">
    <p class='ocr_par' dir='ltr' id='par_1_93' title="bbox 1961 3247 3545 3323">
     <span class='ocr_line' id='line_1_93' title="bbox 1961 3247 3545 3323; baseline 0.007 -25"><span class='ocrx_word' id='word_1_656' title='bbox 1961 3247 2136 3315; x_wconf 86' lang='lat' dir='ltr'><strong><em>fuerat</em></strong></span> <span class='ocrx_word' id='word_1_657' title='bbox 2170 3249 2375 3301; x_wconf 81' lang='lat' dir='ltr'><strong><em>decoris</em></strong></span> <span class='ocrx_word' id='word_1_658' title='bbox 2409 3260 2566 3319; x_wconf 87' lang='lat' dir='ltr'><strong><em>atque</em></strong></span> <span class='ocrx_word' id='word_1_659' title='bbox 2604 3261 2847 3316; x_wconf 87' lang='lat' dir='ltr'><strong><em>ornatus,</em></strong></span> <span class='ocrx_word' id='word_1_660' title='bbox 2880 3254 2933 3305; x_wconf 90' lang='lat' dir='ltr'><strong><em>id</em></strong></span> <span class='ocrx_word' id='word_1_661' title='bbox 2962 3261 3073 3305; x_wconf 84' lang='lat' dir='ltr'><strong><em>tum</em></strong></span> <span class='ocrx_word' id='word_1_662' title='bbox 3100 3270 3255 3307; x_wconf 88' lang='lat' dir='ltr'><strong><em>omne</em></strong></span> <span class='ocrx_word' id='word_1_663' title='bbox 3284 3255 3545 3323; x_wconf 82' lang='lat' dir='ltr'><strong><em>deiectum</em></strong></span> 
     </span>
    </p>
   </div>
   <div class='ocr_carea' id='block_1_94' title="bbox 1959 3339 3554 3410">
    <p class='ocr_par' dir='ltr' id='par_1_94' title="bbox 1959 3339 3554 3410">
     <span class='ocr_line' id='line_1_94' title="bbox 1959 3339 3554 3410; baseline 0.006 -19"><span class='ocrx_word' id='word_1_664' title='bbox 1959 3340 2015 3391; x_wconf 89' lang='lat' dir='ltr'><strong><em>in</em></strong></span> <span class='ocrx_word' id='word_1_665' title='bbox 2042 3348 2261 3393; x_wconf 86' lang='lat' dir='ltr'><strong><em>terram.</em></strong></span> <span class='ocrx_word' id='word_1_666' title='bbox 2297 3339 2389 3393; x_wconf 84' lang='lat' dir='ltr'><strong><em>His</em></strong></span> <span class='ocrx_word' id='word_1_667' title='bbox 2416 3343 2672 3410; x_wconf 85' lang='lat' dir='ltr'><strong><em>perceptis</em></strong></span> <span class='ocrx_word' id='word_1_668' title='bbox 2715 3343 2900 3397; x_wconf 80' lang='lat' dir='ltr'><strong><em>vicina:</em></strong></span> <span class='ocrx_word' id='word_1_669' title='bbox 2959 3344 3196 3398; x_wconf 80' lang='lat' dir='ltr'><strong><em>civitates</em></strong></span> <span class='ocrx_word' id='word_1_670' title='bbox 3242 3346 3296 3398; x_wconf 90' lang='lat' dir='ltr'><strong><em>in</em></strong></span> <span class='ocrx_word' id='word_1_671' title='bbox 3349 3346 3554 3400; x_wconf 88' lang='lat' dir='ltr'><strong><em>luctum</em></strong></span> 
     </span>
    </p>
   </div>
   <div class='ocr_carea' id='block_1_95' title="bbox 1961 3431 3547 3505">
    <p class='ocr_par' dir='ltr' id='par_1_95' title="bbox 1961 3431 3547 3505">
     <span class='ocr_line' id='line_1_95' title="bbox 1961 3431 3547 3505; baseline 0.004 -21"><span class='ocrx_word' id='word_1_672' title='bbox 1961 3440 2009 3484; x_wconf 90' lang='lat' dir='ltr'><strong><em>et</em></strong></span> <span class='ocrx_word' id='word_1_673' title='bbox 2054 3431 2290 3501; x_wconf 88' lang='lat' dir='ltr'><strong><em>publicas</em></strong></span> <span class='ocrx_word' id='word_1_674' title='bbox 2314 3432 2728 3503; x_wconf 83' lang='lat' dir='ltr'><strong><em>supplicationes</em></strong></span> <span class='ocrx_word' id='word_1_675' title='bbox 2763 3436 2939 3505; x_wconf 66' lang='lat' dir='ltr'><strong><em>effusa:</em></strong></span> <span class='ocrx_word' id='word_1_676' title='bbox 2977 3446 3119 3490; x_wconf 89' lang='lat' dir='ltr'><strong><em>sunt.</em></strong></span> <span class='ocrx_word' id='word_1_677' title='bbox 3151 3436 3235 3490; x_wconf 88' lang='lat' dir='ltr'><strong><em>Ea</em></strong></span> <span class='ocrx_word' id='word_1_678' title='bbox 3262 3436 3416 3491; x_wconf 84' lang='lat' dir='ltr'><strong><em>clade</em></strong></span> <span class='ocrx_word' id='word_1_679' title='bbox 3454 3441 3547 3493; x_wconf 86' lang='lat' dir='ltr'><strong><em>ho-</em></strong></span> 
     </span>
    </p>
   </div>
   <div class='ocr_carea' id='block_1_96' title="bbox 1962 3524 3549 3602">
    <p class='ocr_par' dir='ltr' id='par_1_96' title="bbox 1962 3524 3549 3602">
     <span class='ocr_line' id='line_1_96' title="bbox 1962 3524 3549 3602; baseline 0.007 -27"><span class='ocrx_word' id='word_1_680' title='bbox 1962 3524 2167 3577; x_wconf 88' lang='lat' dir='ltr'><strong><em>minum</em></strong></span> <span class='ocrx_word' id='word_1_681' title='bbox 2203 3536 2433 3594; x_wconf 90' lang='lat' dir='ltr'><strong><em>quatuor</em></strong></span> <span class='ocrx_word' id='word_1_682' title='bbox 2490 3527 2686 3591; x_wconf 86' lang='lat' dir='ltr'><strong><em>millia,</em></strong></span> <span class='ocrx_word' id='word_1_683' title='bbox 2728 3530 3013 3599; x_wconf 86' lang='lat' dir='ltr'><strong><em>octingenti</em></strong></span> <span class='ocrx_word' id='word_1_684' title='bbox 3078 3538 3129 3582; x_wconf 90' lang='lat' dir='ltr'><strong><em>et</em></strong></span> <span class='ocrx_word' id='word_1_685' title='bbox 3205 3532 3549 3602; x_wconf 88' lang='lat' dir='ltr'><strong><em>septuaginta</em></strong></span> 
     </span>
    </p>
   </div>
   <div class='ocr_carea' id='block_1_97' title="bbox 1962 3614 3555 3686">
    <p class='ocr_par' dir='ltr' id='par_1_97' title="bbox 1962 3614 3555 3686">
     <span class='ocr_line' id='line_1_97' title="bbox 1962 3614 3555 3686; baseline 0.007 -22"><span class='ocrx_word' id='word_1_686' title='bbox 1962 3615 2184 3685; x_wconf 69' lang='lat' dir='ltr'><strong><em>pt-riere.</em></strong></span> <span class='ocrx_word' id='word_1_687' title='bbox 2217 3614 2343 3671; x_wconf 63' lang='lat' dir='ltr'><strong><em>llaec</em></strong></span> <span class='ocrx_word' id='word_1_688' title='bbox 2390 3616 2784 3686; x_wconf 78' lang='lat' dir='ltr'><strong><em>TheOphanes,</em></strong></span> <span class='ocrx_word' id='word_1_689' title='bbox 2820 3618 2962 3672; x_wconf 88' lang='lat' dir='ltr'><strong><em>nihil</em></strong></span> <span class='ocrx_word' id='word_1_690' title='bbox 3003 3618 3152 3673; x_wconf 90' lang='lat' dir='ltr'><strong><em>aliud</em></strong></span> <span class='ocrx_word' id='word_1_691' title='bbox 3207 3628 3555 3676; x_wconf 83' lang='lat' dir='ltr'><strong><em>memorante</em></strong></span> 
     </span>
    </p>
   </div>
   <div class='ocr_carea' id='block_1_98' title="bbox 1963 3706 3554 3779">
    <p class='ocr_par' dir='ltr' id='par_1_98' title="bbox 1963 3706 3554 3779">
     <span class='ocr_line' id='line_1_98' title="bbox 1963 3706 3554 3779; baseline 0.001 -18"><span class='ocrx_word' id='word_1_692' title='bbox 1963 3706 2225 3777; x_wconf 77' lang='lat' dir='ltr'><strong><em>Evagrio,</em></strong></span> <span class='ocrx_word' id='word_1_693' title='bbox 2274 3723 2439 3777; x_wconf 91' lang='lat' dir='ltr'><strong><em>quam</em></strong></span> <span class='ocrx_word' id='word_1_694' title='bbox 2468 3708 2663 3778; x_wconf 88' lang='lat' dir='ltr'><strong><em>elapsis</em></strong></span> <span class='ocrx_word' id='word_1_695' title='bbox 2694 3710 2918 3779; x_wconf 80' lang='lat' dir='ltr'><strong><em>triginta</em></strong></span> <span class='ocrx_word' id='word_1_696' title='bbox 2958 3710 3246 3775; x_wconf 89' lang='lat' dir='ltr'><strong><em>mensibus,</em></strong></span> <span class='ocrx_word' id='word_1_697' title='bbox 3276 3710 3400 3765; x_wconf 86' lang='lat' dir='ltr'><strong><em>aliis</em></strong></span> <span class='ocrx_word' id='word_1_698' title='bbox 3432 3727 3554 3764; x_wconf 90' lang='lat' dir='ltr'><strong><em>rur-</em></strong></span> 
     </span>
    </p>
   </div>
   <div class='ocr_carea' id='block_1_99' title="bbox 1963 3798 3552 3871">
    <p class='ocr_par' dir='ltr' id='par_1_99' title="bbox 1963 3798 3552 3871">
     <span class='ocr_line' id='line_1_99' title="bbox 1963 3798 3552 3871; baseline 0.003 -19"><span class='ocrx_word' id='word_1_699' title='bbox 1963 3814 2081 3852; x_wconf 91' lang='lat' dir='ltr'><strong><em>sum</em></strong></span> <span class='ocrx_word' id='word_1_700' title='bbox 2100 3799 2324 3853; x_wconf 89' lang='lat' dir='ltr'><strong><em>motibus</em></strong></span> <span class='ocrx_word' id='word_1_701' title='bbox 2352 3800 2533 3853; x_wconf 88' lang='lat' dir='ltr'><strong><em>urbem</em></strong></span> <span class='ocrx_word' id='word_1_702' title='bbox 2557 3798 2937 3870; x_wconf 78' lang='lat' dir='ltr'><strong><em>labefactatam</em></strong></span> <span class='ocrx_word' id='word_1_703' title='bbox 2954 3816 3081 3854; x_wconf 89' lang='lat' dir='ltr'><strong><em>esse.</em></strong></span> <span class='ocrx_word' id='word_1_704' title='bbox 3102 3800 3410 3871; x_wconf 87' lang='lat' dir='ltr'><strong><em>Procopius</em></strong></span> <span class='ocrx_word' id='word_1_705' title='bbox 3427 3802 3552 3856; x_wconf 90' lang='lat' dir='ltr'><strong><em>nul-</em></strong></span> 
     </span>
    </p>
   </div>
   <div class='ocr_carea' id='block_1_100' title="bbox 1962 3889 3551 3958">
    <p class='ocr_par' dir='ltr' id='par_1_100' title="bbox 1962 3889 3551 3958">
     <span class='ocr_line' id='line_1_100' title="bbox 1962 3889 3551 3958; baseline 0.004 -15"><span class='ocrx_word' id='word_1_706' title='bbox 1962 3889 2070 3943; x_wconf 88' lang='lat' dir='ltr'><strong><em>lam</em></strong></span> <span class='ocrx_word' id='word_1_707' title='bbox 2099 3889 2329 3944; x_wconf 89' lang='lat' dir='ltr'><strong><em>omnino</em></strong></span> <span class='ocrx_word' id='word_1_708' title='bbox 2354 3890 2521 3958; x_wconf 85' lang='lat' dir='ltr'><strong><em>hujus</em></strong></span> <span class='ocrx_word' id='word_1_709' title='bbox 2551 3890 2782 3945; x_wconf 89' lang='lat' dir='ltr'><strong><em>secundi</em></strong></span> <span class='ocrx_word' id='word_1_710' title='bbox 2808 3900 2995 3946; x_wconf 88' lang='lat' dir='ltr'><strong><em>motus</em></strong></span> <span class='ocrx_word' id='word_1_711' title='bbox 3010 3890 3139 3946; x_wconf 78' lang='lat' dir='ltr'><strong><em>facit</em></strong></span> <span class='ocrx_word' id='word_1_712' title='bbox 3166 3892 3507 3948; x_wconf 90' lang='lat' dir='ltr'><strong><em>mentionem</em></strong></span> <span class='ocrx_word' id='word_1_713' title='bbox 3534 3910 3551 3949; x_wconf 91' lang='lat'><strong>:</strong></span> 
     </span>
    </p>
   </div>
   <div class='ocr_carea' id='block_1_101' title="bbox 1964 3980 3553 4053">
    <p class='ocr_par' dir='ltr' id='par_1_101' title="bbox 1964 3980 3553 4053">
     <span class='ocr_line' id='line_1_101' title="bbox 1964 3980 3553 4053; baseline 0.005 -21"><span class='ocrx_word' id='word_1_714' title='bbox 1964 3980 2032 4035; x_wconf 86' lang='lat' dir='ltr'><strong><em>de</em></strong></span> <span class='ocrx_word' id='word_1_715' title='bbox 2062 3982 2250 4050; x_wconf 84' lang='lat' dir='ltr'><strong><em>priore</em></strong></span> <span class='ocrx_word' id='word_1_716' title='bbox 2280 3982 2397 4036; x_wconf 70' lang='lat' dir='ltr'><strong><em>hzec</em></strong></span> <span class='ocrx_word' id='word_1_717' title='bbox 2425 3984 2775 4037; x_wconf 88' lang='lat' dir='ltr'><strong><em>solummodo</em></strong></span> <span class='ocrx_word' id='word_1_718' title='bbox 2799 3982 2971 4037; x_wconf 84' lang='lat' dir='ltr'><strong><em>refert</em></strong></span> <span class='ocrx_word' id='word_1_719' title='bbox 2997 3983 3096 4036; x_wconf 90' lang='lat' dir='ltr'><strong><em>lib.</em></strong></span> <span class='ocrx_word' id='word_1_720' title='bbox 3131 4000 3189 4047; x_wconf 84' lang='grc' dir='ltr'><strong><em>ιι,</em></strong></span> <span class='ocrx_word' id='word_1_721' title='bbox 3215 3999 3337 4053; x_wconf 86' lang='lat' dir='ltr'><strong><em>cap.</em></strong></span> <span class='ocrx_word' id='word_1_722' title='bbox 3370 3982 3454 4050; x_wconf 68' lang='lat' dir='ltr'><strong><em>ii,</em></strong></span> <span class='ocrx_word' id='word_1_723' title='bbox 3482 3985 3553 4040; x_wconf 74' lang='lat' dir='ltr'><strong><em>de</em></strong></span> 
     </span>
    </p>
   </div>
   <div class='ocr_carea' id='block_1_102' title="bbox 1976 4071 3549 4143">
    <p class='ocr_par' dir='ltr' id='par_1_102' title="bbox 1976 4071 3549 4143">
     <span class='ocr_line' id='line_1_102' title="bbox 1976 4071 3549 4143; baseline 0.003 -19"><span class='ocrx_word' id='word_1_724' title='bbox 1976 4071 2122 4125; x_wconf 83' lang='lat' dir='ltr'><strong><em>bello</em></strong></span> <span class='ocrx_word' id='word_1_725' title='bbox 2151 4072 2373 4127; x_wconf 83' lang='lat' dir='ltr'><strong><em>Persico</em></strong></span> <span class='ocrx_word' id='word_1_726' title='bbox 2409 4090 2423 4125; x_wconf 89' lang='lat'><strong>:</strong></span> <span class='ocrx_word' id='word_1_727' title='bbox 2462 4072 2593 4127; x_wconf 88' lang='lat' dir='ltr'><strong><em>Cum</em></strong></span> <span class='ocrx_word' id='word_1_728' title='bbox 2645 4072 2891 4127; x_wconf 84' lang='lat' dir='ltr'><strong><em>Justinus</em></strong></span> <span class='ocrx_word' id='word_1_729' title='bbox 2934 4072 3189 4127; x_wconf 85' lang='lat' dir='ltr'><strong><em>Romanis</em></strong></span> <span class='ocrx_word' id='word_1_730' title='bbox 3238 4075 3549 4143; x_wconf 83' lang='lat' dir='ltr'><strong><em>imperaret.</em></strong></span> 
     </span>
    </p>
   </div>
   <div class='ocr_carea' id='block_1_103' title="bbox 1965 4166 3547 4236">
    <p class='ocr_par' dir='ltr' id='par_1_103' title="bbox 1965 4166 3547 4236">
     <span class='ocr_line' id='line_1_103' title="bbox 1965 4166 3547 4236; baseline 0.002 -20"><span class='ocrx_word' id='word_1_731' title='bbox 1965 4173 2074 4218; x_wconf 88' lang='lat' dir='ltr'><strong><em>tota</em></strong></span> <span class='ocrx_word' id='word_1_732' title='bbox 2108 4166 2339 4219; x_wconf 72' lang='lat' dir='ltr'><strong><em>maximo</em></strong></span> <span class='ocrx_word' id='word_1_733' title='bbox 2366 4174 2524 4219; x_wconf 74' lang='lat' dir='ltr'><strong><em>terrm</em></strong></span> <span class='ocrx_word' id='word_1_734' title='bbox 2563 4176 2717 4235; x_wconf 80' lang='lat' dir='ltr'><strong><em>motu</em></strong></span> <span class='ocrx_word' id='word_1_735' title='bbox 2746 4176 3099 4236; x_wconf 85' lang='lat' dir='ltr'><strong><em>conquassata</em></strong></span> <span class='ocrx_word' id='word_1_736' title='bbox 3132 4166 3275 4229; x_wconf 82' lang='lat' dir='ltr'><strong><em>urbe,</em></strong></span> <span class='ocrx_word' id='word_1_737' title='bbox 3315 4167 3547 4236; x_wconf 81' lang='lat' dir='ltr'><strong><em>plurima</em></strong></span> 
     </span>
    </p>
   </div>
   <div class='ocr_carea' id='block_1_104' title="bbox 1964 4256 3545 4329">
    <p class='ocr_par' dir='ltr' id='par_1_104' title="bbox 1964 4256 3545 4329">
     <span class='ocr_line' id='line_1_104' title="bbox 1964 4256 3545 4329; baseline 0.003 -19"><span class='ocrx_word' id='word_1_738' title='bbox 1964 4256 2483 4329; x_wconf 74' lang='lat' dir='ltr'><strong><em>prwclarissimaque</em></strong></span> <span class='ocrx_word' id='word_1_739' title='bbox 2538 4258 2766 4327; x_wconf 74' lang='lat' dir='ltr'><strong><em>wdiﬁcia</em></strong></span> <span class='ocrx_word' id='word_1_740' title='bbox 2837 4260 3005 4313; x_wconf 89' lang='lat' dir='ltr'><strong><em>subito</em></strong></span> <span class='ocrx_word' id='word_1_741' title='bbox 3048 4271 3361 4313; x_wconf 87' lang='lat' dir='ltr'><strong><em>corruerunt</em></strong></span> <span class='ocrx_word' id='word_1_742' title='bbox 3411 4277 3430 4313; x_wconf 89' lang='lat'><em>:</em></span> <span class='ocrx_word' id='word_1_743' title='bbox 3495 4268 3545 4315; x_wconf 87' lang='lat' dir='ltr'><strong><em>et</em></strong></span> 
     </span>
    </p>
   </div>
   <div class='ocr_carea' id='block_1_105' title="bbox 1963 4351 3556 4422">
    <p class='ocr_par' dir='ltr' id='par_1_105' title="bbox 1963 4351 3556 4422">
     <span class='ocr_line' id='line_1_105' title="bbox 1963 4351 3556 4422; baseline 0.003 -20"><span class='ocrx_word' id='word_1_744' title='bbox 1963 4351 2113 4420; x_wconf 86' lang='lat' dir='ltr'><strong><em>fama</em></strong></span> <span class='ocrx_word' id='word_1_745' title='bbox 2151 4351 2344 4404; x_wconf 89' lang='lat' dir='ltr'><strong><em>obtinet</em></strong></span> <span class='ocrx_word' id='word_1_746' title='bbox 2380 4354 2642 4406; x_wconf 77' lang='lat' dir='ltr'><strong><em>interiisse</em></strong></span> <span class='ocrx_word' id='word_1_747' title='bbox 2675 4361 2798 4406; x_wconf 87' lang='lat' dir='ltr'><strong><em>tunc</em></strong></span> <span class='ocrx_word' id='word_1_748' title='bbox 2827 4352 3079 4422; x_wconf 86' lang='lat' dir='ltr'><strong><em>temporis</em></strong></span> <span class='ocrx_word' id='word_1_749' title='bbox 3109 4353 3556 4406; x_wconf 81' lang='lat' dir='ltr'><strong><em>Antiochcnorum</em></strong></span> 
     </span>
    </p>
   </div>
   <div class='ocr_carea' id='block_1_106' title="bbox 1965 4440 2421 4495">
    <p class='ocr_par' dir='ltr' id='par_1_106' title="bbox 1965 4440 2421 4495">
     <span class='ocr_line' id='line_1_106' title="bbox 1965 4440 2421 4495; baseline 0.007 -3"><span class='ocrx_word' id='word_1_750' title='bbox 1965 4448 2199 4494; x_wconf 89' lang='lat' dir='ltr'><strong><em>trecenta</em></strong></span> <span class='ocrx_word' id='word_1_751' title='bbox 2226 4440 2421 4495; x_wconf 88' lang='lat' dir='ltr'><strong><em>millia.</em></strong></span> 
     </span>
    </p>
   </div>
   <div class='ocr_carea' id='block_1_107' title="bbox 2044 4532 3546 4604">
    <p class='ocr_par' dir='ltr' id='par_1_107' title="bbox 2044 4532 3546 4604">
     <span class='ocr_line' id='line_1_107' title="bbox 2044 4532 3546 4604; baseline 0.001 -18"><span class='ocrx_word' id='word_1_752' title='bbox 2044 4532 2131 4589; x_wconf 81' lang='grc'><strong>19.</strong></span> <span class='ocrx_word' id='word_1_753' title='bbox 2170 4533 2357 4588; x_wconf 90' lang='lat' dir='ltr'><strong><em>Posito</em></strong></span> <span class='ocrx_word' id='word_1_754' title='bbox 2381 4535 2493 4604; x_wconf 86' lang='lat' dir='ltr'><strong><em>jam</em></strong></span> <span class='ocrx_word' id='word_1_755' title='bbox 2529 4533 2823 4604; x_wconf 85' lang='lat' dir='ltr'><strong><em>utriusque</em></strong></span> <span class='ocrx_word' id='word_1_756' title='bbox 2854 4542 3016 4589; x_wconf 67' lang='lat' dir='ltr'><strong><em>terrae</em></strong></span> <span class='ocrx_word' id='word_1_757' title='bbox 3060 4541 3244 4590; x_wconf 89' lang='lat' dir='ltr'><strong><em>motus</em></strong></span> <span class='ocrx_word' id='word_1_758' title='bbox 3280 4532 3546 4589; x_wconf 88' lang='lat' dir='ltr'><strong><em>determi-</em></strong></span> 
     </span>
    </p>
   </div>
   <div class='ocr_carea' id='block_1_108' title="bbox 1973 4625 3557 4695">
    <p class='ocr_par' dir='ltr' id='par_1_108' title="bbox 1973 4625 3557 4695">
     <span class='ocr_line' id='line_1_108' title="bbox 1973 4625 3557 4695; baseline 0.002 -16"><span class='ocrx_word' id='word_1_759' title='bbox 1973 4634 2104 4679; x_wconf 89' lang='lat' dir='ltr'><strong><em>nato</em></strong></span> <span class='ocrx_word' id='word_1_760' title='bbox 2131 4634 2401 4695; x_wconf 88' lang='lat' dir='ltr'><strong><em>tempore,</em></strong></span> <span class='ocrx_word' id='word_1_761' title='bbox 2430 4626 2663 4681; x_wconf 89' lang='lat' dir='ltr'><strong><em>alterius</em></strong></span> <span class='ocrx_word' id='word_1_762' title='bbox 2692 4642 2839 4681; x_wconf 88' lang='lat' dir='ltr'><strong><em>anno</em></strong></span> <span class='ocrx_word' id='word_1_763' title='bbox 2864 4625 3067 4681; x_wconf 79' lang='lat' dir='ltr'><strong><em>Justini</em></strong></span> <span class='ocrx_word' id='word_1_764' title='bbox 3083 4634 3277 4681; x_wconf 90' lang='lat' dir='ltr'><strong><em>octavo</em></strong></span> <span class='ocrx_word' id='word_1_765' title='bbox 3293 4638 3557 4691; x_wconf 80' lang='lat' dir='ltr'><strong><em>exeunte,</em></strong></span> 
     </span>
    </p>
   </div>
   <div class='ocr_carea' id='block_1_109' title="bbox 1973 4714 3556 4785">
    <p class='ocr_par' dir='ltr' id='par_1_109' title="bbox 1973 4714 3556 4785">
     <span class='ocr_line' id='line_1_109' title="bbox 1973 4714 3556 4785; baseline 0.001 -17"><span class='ocrx_word' id='word_1_766' title='bbox 1973 4714 2217 4785; x_wconf 77' lang='lat' dir='ltr'><strong><em>vulgaris</em></strong></span> <span class='ocrx_word' id='word_1_767' title='bbox 2248 4730 2370 4770; x_wconf 67' lang='lat' dir='ltr'><strong><em>terte</em></strong></span> <span class='ocrx_word' id='word_1_768' title='bbox 2396 4714 2519 4776; x_wconf 73' lang='lat'><strong>5&#39;26,</strong></span> <span class='ocrx_word' id='word_1_769' title='bbox 2542 4715 2804 4770; x_wconf 88' lang='lat' dir='ltr'><strong><em>vicesima</em></strong></span> <span class='ocrx_word' id='word_1_770' title='bbox 2828 4731 2975 4769; x_wconf 89' lang='lat' dir='ltr'><strong><em>noua</em></strong></span> <span class='ocrx_word' id='word_1_771' title='bbox 3002 4715 3093 4770; x_wconf 88' lang='lat' dir='ltr'><strong><em>die</em></strong></span> <span class='ocrx_word' id='word_1_772' title='bbox 3130 4715 3256 4771; x_wconf 75' lang='lat' dir='ltr'><strong><em>Maii</em></strong></span> <span class='ocrx_word' id='word_1_773' title='bbox 3280 4731 3295 4781; x_wconf 89' lang='lat'><strong>;</strong></span> <span class='ocrx_word' id='word_1_774' title='bbox 3324 4716 3556 4771; x_wconf 89' lang='lat' dir='ltr'><strong><em>alterius</em></strong></span> 
     </span>
    </p>
   </div>
   <div class='ocr_carea' id='block_1_110' title="bbox 1972 4803 3561 4875">
    <p class='ocr_par' dir='ltr' id='par_1_110' title="bbox 1972 4803 3561 4875">
     <span class='ocr_line' id='line_1_110' title="bbox 1972 4803 3561 4875; baseline 0.003 -19"><span class='ocrx_word' id='word_1_775' title='bbox 1972 4819 2117 4858; x_wconf 89' lang='lat' dir='ltr'><strong><em>anno</em></strong></span> <span class='ocrx_word' id='word_1_776' title='bbox 2161 4803 2455 4859; x_wconf 81' lang='lat' dir='ltr'><strong><em>Justiuiani</em></strong></span> <span class='ocrx_word' id='word_1_777' title='bbox 2483 4804 2750 4867; x_wconf 87' lang='lat' dir='ltr'><strong><em>secundo,</em></strong></span> <span class='ocrx_word' id='word_1_778' title='bbox 2802 4820 2929 4859; x_wconf 64' lang='lat' dir='ltr'><strong><em>atra:</em></strong></span> <span class='ocrx_word' id='word_1_779' title='bbox 2968 4804 3212 4875; x_wconf 76' lang='lat' dir='ltr'><strong><em>vulgaris</em></strong></span> <span class='ocrx_word' id='word_1_780' title='bbox 3254 4804 3384 4869; x_wconf 70' lang='lat'><strong>528,</strong></span> <span class='ocrx_word' id='word_1_781' title='bbox 3410 4805 3561 4860; x_wconf 89' lang='lat' dir='ltr'><strong><em>vice-</em></strong></span> 
     </span>
    </p>
   </div>
   <div class='ocr_carea' id='block_1_111' title="bbox 1972 4895 3557 4971">
    <p class='ocr_par' dir='ltr' id='par_1_111' title="bbox 1972 4895 3557 4971">
     <span class='ocr_line' id='line_1_111' title="bbox 1972 4895 3557 4971; baseline 0 -21"><span class='ocrx_word' id='word_1_782' title='bbox 1972 4895 2113 4950; x_wconf 88' lang='lat' dir='ltr'><strong><em>sima</em></strong></span> <span class='ocrx_word' id='word_1_783' title='bbox 2159 4911 2303 4949; x_wconf 88' lang='lat' dir='ltr'><strong><em>nona</em></strong></span> <span class='ocrx_word' id='word_1_784' title='bbox 2363 4896 2451 4951; x_wconf 91' lang='lat' dir='ltr'><strong><em>die</em></strong></span> <span class='ocrx_word' id='word_1_785' title='bbox 2500 4896 2867 4963; x_wconf 85' lang='lat' dir='ltr'><strong><em>Novembris;</em></strong></span> <span class='ocrx_word' id='word_1_786' title='bbox 2940 4895 3314 4971; x_wconf 81' lang='lat' dir='ltr'><strong><em>indagandum</em></strong></span> <span class='ocrx_word' id='word_1_787' title='bbox 3362 4905 3557 4964; x_wconf 86' lang='lat' dir='ltr'><strong><em>restat,</em></strong></span> 
     </span>
    </p>
   </div>
   <div class='ocr_carea' id='block_1_112' title="bbox 1975 4983 3559 5061">
    <p class='ocr_par' dir='ltr' id='par_1_112' title="bbox 1975 4983 3559 5061">
     <span class='ocr_line' id='line_1_112' title="bbox 1975 4983 3559 5061; baseline 0.001 -23"><span class='ocrx_word' id='word_1_788' title='bbox 1975 4984 2083 5038; x_wconf 89' lang='lat' dir='ltr'><strong><em>utri</em></strong></span> <span class='ocrx_word' id='word_1_789' title='bbox 2108 4984 2457 5053; x_wconf 87' lang='lat' dir='ltr'><strong><em>potissimum</em></strong></span> <span class='ocrx_word' id='word_1_790' title='bbox 2477 4986 2774 5039; x_wconf 87' lang='lat' dir='ltr'><strong><em>conveniat</em></strong></span> <span class='ocrx_word' id='word_1_791' title='bbox 2797 4994 2982 5061; x_wconf 85' lang='lat' dir='ltr'><strong><em>motus</em></strong></span> <span class='ocrx_word' id='word_1_792' title='bbox 3006 4984 3118 5049; x_wconf 89' lang='lat' dir='ltr'><strong><em>ille,</em></strong></span> <span class='ocrx_word' id='word_1_793' title='bbox 3150 4984 3268 5054; x_wconf 92' lang='lat' dir='ltr'><strong><em>qui,</em></strong></span> <span class='ocrx_word' id='word_1_794' title='bbox 3296 4983 3559 5055; x_wconf 80' lang='lat' dir='ltr'><strong><em>Symeone</em></strong></span> 
     </span>
    </p>
   </div>
   <div class='ocr_carea' id='block_1_113' title="bbox 1974 5074 3559 5145">
    <p class='ocr_par' dir='ltr' id='par_1_113' title="bbox 1974 5074 3559 5145">
     <span class='ocr_line' id='line_1_113' title="bbox 1974 5074 3559 5145; baseline 0 -18"><span class='ocrx_word' id='word_1_795' title='bbox 1974 5081 2168 5127; x_wconf 88' lang='lat' dir='ltr'><strong><em>nostro</em></strong></span> <span class='ocrx_word' id='word_1_796' title='bbox 2193 5074 2305 5145; x_wconf 90' lang='lat' dir='ltr'><strong><em>jam</em></strong></span> <span class='ocrx_word' id='word_1_797' title='bbox 2336 5074 2583 5144; x_wconf 88' lang='lat' dir='ltr'><strong><em>quinque</em></strong></span> <span class='ocrx_word' id='word_1_798' title='bbox 2620 5090 2797 5129; x_wconf 90' lang='lat' dir='ltr'><strong><em>annos</em></strong></span> <span class='ocrx_word' id='word_1_799' title='bbox 2827 5082 2978 5138; x_wconf 85' lang='lat' dir='ltr'><strong><em>nato,</em></strong></span> <span class='ocrx_word' id='word_1_800' title='bbox 3017 5074 3369 5129; x_wconf 84' lang='lat' dir='ltr'><strong><em>Antiochiam</em></strong></span> <span class='ocrx_word' id='word_1_801' title='bbox 3422 5088 3559 5127; x_wconf 84' lang='lat' dir='ltr'><strong><em>con-</em></strong></span> 
     </span>
    </p>
   </div>
   <div class='ocr_carea' id='block_1_114' title="bbox 1972 5165 3560 5236">
    <p class='ocr_par' dir='ltr' id='par_1_114' title="bbox 1972 5165 3560 5236">
     <span class='ocr_line' id='line_1_114' title="bbox 1972 5165 3560 5236; baseline -0.001 -16"><span class='ocrx_word' id='word_1_802' title='bbox 1972 5166 2166 5221; x_wconf 86' lang='lat' dir='ltr'><strong><em>cussit.</em></strong></span> <span class='ocrx_word' id='word_1_803' title='bbox 2200 5165 2291 5221; x_wconf 90' lang='lat' dir='ltr'><strong><em>Sic</em></strong></span> <span class='ocrx_word' id='word_1_804' title='bbox 2312 5182 2421 5236; x_wconf 81' lang='lat' dir='ltr'><strong><em>ego</em></strong></span> <span class='ocrx_word' id='word_1_805' title='bbox 2448 5175 2654 5221; x_wconf 90' lang='lat' dir='ltr'><strong><em>statuo.</em></strong></span> <span class='ocrx_word' id='word_1_806' title='bbox 2700 5165 2838 5221; x_wconf 85' lang='lat' dir='ltr'><strong><em>Cum</em></strong></span> <span class='ocrx_word' id='word_1_807' title='bbox 2891 5166 3058 5221; x_wconf 88' lang='lat' dir='ltr'><strong><em>unius</em></strong></span> <span class='ocrx_word' id='word_1_808' title='bbox 3094 5174 3306 5219; x_wconf 90' lang='lat' dir='ltr'><strong><em>tantum</em></strong></span> <span class='ocrx_word' id='word_1_809' title='bbox 3375 5175 3560 5220; x_wconf 88' lang='lat' dir='ltr'><strong><em>motus</em></strong></span> 
     </span>
    </p>
   </div>
   <div class='ocr_carea' id='block_1_115' title="bbox 1972 5256 3563 5327">
    <p class='ocr_par' dir='ltr' id='par_1_115' title="bbox 1972 5256 3563 5327">
     <span class='ocr_line' id='line_1_115' title="bbox 1972 5256 3563 5327; baseline -0.001 -15"><span class='ocrx_word' id='word_1_810' title='bbox 1972 5259 2198 5313; x_wconf 90' lang='lat' dir='ltr'><strong><em>circiter</em></strong></span> <span class='ocrx_word' id='word_1_811' title='bbox 2233 5258 2367 5312; x_wconf 91' lang='lat' dir='ltr'><strong><em>illud</em></strong></span> <span class='ocrx_word' id='word_1_812' title='bbox 2395 5266 2612 5327; x_wconf 85' lang='lat' dir='ltr'><strong><em>tempus</em></strong></span> <span class='ocrx_word' id='word_1_813' title='bbox 2649 5256 2972 5311; x_wconf 87' lang='lat' dir='ltr'><strong><em>meminerit</em></strong></span> <span class='ocrx_word' id='word_1_814' title='bbox 2997 5256 3135 5310; x_wconf 71' lang='lat' dir='ltr'><strong><em>Viue</em></strong></span> <span class='ocrx_word' id='word_1_815' title='bbox 3165 5267 3383 5320; x_wconf 78' lang='lat' dir='ltr'><strong><em>anetor,</em></strong></span> <span class='ocrx_word' id='word_1_816' title='bbox 3413 5256 3563 5311; x_wconf 79' lang='lat' dir='ltr'><strong><em>illius</em></strong></span> 
     </span>
    </p>
   </div>
   <div class='ocr_carea' id='block_1_116' title="bbox 1973 5347 3562 5417">
    <p class='ocr_par' dir='ltr' id='par_1_116' title="bbox 1973 5347 3562 5417">
     <span class='ocr_line' id='line_1_116' title="bbox 1973 5347 3562 5417; baseline -0.001 -15"><span class='ocrx_word' id='word_1_817' title='bbox 1973 5348 2314 5408; x_wconf 87' lang='lat' dir='ltr'><strong><em>meminisse,</em></strong></span> <span class='ocrx_word' id='word_1_818' title='bbox 2339 5348 2431 5417; x_wconf 91' lang='lat' dir='ltr'><strong><em>qui</em></strong></span> <span class='ocrx_word' id='word_1_819' title='bbox 2456 5349 2690 5401; x_wconf 79' lang='lat' dir='ltr'><strong><em>maxime</em></strong></span> <span class='ocrx_word' id='word_1_820' title='bbox 2711 5349 3021 5409; x_wconf 89' lang='lat' dir='ltr'><strong><em>luctuosus,</em></strong></span> <span class='ocrx_word' id='word_1_821' title='bbox 3042 5347 3134 5415; x_wconf 89' lang='lat' dir='ltr'><strong><em>qui</em></strong></span> <span class='ocrx_word' id='word_1_822' title='bbox 3152 5347 3321 5402; x_wconf 89' lang='lat' dir='ltr'><strong><em>variis</em></strong></span> <span class='ocrx_word' id='word_1_823' title='bbox 3342 5347 3562 5402; x_wconf 79' lang='lat' dir='ltr'><strong><em>eventi-</em></strong></span> 
     </span>
    </p>
   </div>
   <div class='ocr_carea' id='block_1_117' title="bbox 1973 5437 3564 5507">
    <p class='ocr_par' dir='ltr' id='par_1_117' title="bbox 1973 5437 3564 5507">
     <span class='ocr_line' id='line_1_117' title="bbox 1973 5437 3564 5507; baseline -0.001 -12"><span class='ocrx_word' id='word_1_824' title='bbox 1973 5440 2079 5495; x_wconf 85' lang='lat' dir='ltr'><strong><em>bus</em></strong></span> <span class='ocrx_word' id='word_1_825' title='bbox 2100 5439 2649 5507; x_wconf 86' lang='lat' dir='ltr'><strong><em>memorabilior,qui</em></strong></span> <span class='ocrx_word' id='word_1_826' title='bbox 2705 5437 2847 5491; x_wconf 82' lang='lat' dir='ltr'><strong><em>fama</em></strong></span> <span class='ocrx_word' id='word_1_827' title='bbox 2881 5438 3047 5492; x_wconf 81' lang='lat' dir='ltr'><strong><em>latius</em></strong></span> <span class='ocrx_word' id='word_1_828' title='bbox 3102 5437 3273 5491; x_wconf 87' lang='lat' dir='ltr'><strong><em>didita</em></strong></span> <span class='ocrx_word' id='word_1_829' title='bbox 3304 5437 3564 5507; x_wconf 81' lang='lat' dir='ltr'><strong><em>pluribus</em></strong></span> 
     </span>
    </p>
   </div>
   <div class='ocr_carea' id='block_1_118' title="bbox 1974 5526 3564 5597">
    <p class='ocr_par' dir='ltr' id='par_1_118' title="bbox 1974 5526 3564 5597">
     <span class='ocr_line' id='line_1_118' title="bbox 1974 5526 3564 5597; baseline -0.004 -12"><span class='ocrx_word' id='word_1_830' title='bbox 1974 5540 2139 5585; x_wconf 90' lang='lat' dir='ltr'><strong><em>notus</em></strong></span> <span class='ocrx_word' id='word_1_831' title='bbox 2159 5529 2283 5583; x_wconf 81' lang='lat' dir='ltr'><strong><em>fuit.</em></strong></span> <span class='ocrx_word' id='word_1_832' title='bbox 2306 5529 2459 5584; x_wconf 89' lang='lat' dir='ltr'><strong><em>Talia</em></strong></span> <span class='ocrx_word' id='word_1_833' title='bbox 2493 5530 2641 5583; x_wconf 86' lang='lat' dir='ltr'><strong><em>enim</em></strong></span> <span class='ocrx_word' id='word_1_834' title='bbox 2678 5528 2975 5582; x_wconf 89' lang='lat' dir='ltr'><strong><em>memorari</em></strong></span> <span class='ocrx_word' id='word_1_835' title='bbox 3038 5527 3413 5597; x_wconf 77' lang='lat' dir='ltr'><strong><em>scriptoribus</em></strong></span> <span class='ocrx_word' id='word_1_836' title='bbox 3460 5526 3564 5580; x_wconf 90' lang='lat' dir='ltr'><strong><em>im-</em></strong></span> 
     </span>
    </p>
   </div>
   <div class='ocr_carea' id='block_1_119' title="bbox 1975 5615 3559 5693">
    <p class='ocr_par' dir='ltr' id='par_1_119' title="bbox 1975 5615 3559 5693">
     <span class='ocr_line' id='line_1_119' title="bbox 1975 5615 3559 5693; baseline -0.003 -17"><span class='ocrx_word' id='word_1_837' title='bbox 1975 5620 2699 5693; x_wconf 79' lang='lat' dir='ltr'><strong><em>pritnissolent,pra:sertim</em></strong></span> <span class='ocrx_word' id='word_1_838' title='bbox 2724 5636 2851 5673; x_wconf 89' lang='lat' dir='ltr'><strong><em>cum</em></strong></span> <span class='ocrx_word' id='word_1_839' title='bbox 2878 5627 3030 5673; x_wconf 86' lang='lat' dir='ltr'><strong><em>certo</em></strong></span> <span class='ocrx_word' id='word_1_840' title='bbox 3064 5628 3315 5687; x_wconf 81' lang='lat' dir='ltr'><strong><em>tempore</em></strong></span> <span class='ocrx_word' id='word_1_841' title='bbox 3347 5615 3559 5685; x_wconf 82' lang='lat' dir='ltr'><strong><em>aliquid</em></strong></span> 
     </span>
    </p>
   </div>
   <div class='ocr_carea' id='block_1_120' title="bbox 1973 5710 3565 5782">
    <p class='ocr_par' dir='ltr' id='par_1_120' title="bbox 1973 5710 3565 5782">
     <span class='ocr_line' id='line_1_120' title="bbox 1973 5710 3565 5782; baseline -0.003 -15"><span class='ocrx_word' id='word_1_842' title='bbox 1973 5714 2267 5777; x_wconf 80' lang='lat' dir='ltr'><strong><em>evenisse,</em></strong></span> <span class='ocrx_word' id='word_1_843' title='bbox 2339 5728 2662 5782; x_wconf 78' lang='lat' dir='ltr'><strong><em>expressum</em></strong></span> <span class='ocrx_word' id='word_1_844' title='bbox 2729 5711 3008 5780; x_wconf 86' lang='lat' dir='ltr'><strong><em>cupiunt;</em></strong></span> <span class='ocrx_word' id='word_1_845' title='bbox 3090 5710 3565 5779; x_wconf 69' lang='lat' dir='ltr'><strong><em>prmtcrmittenti-</em></strong></span> 
     </span>
    </p>
   </div>
   <div class='ocr_carea' id='block_1_121' title="bbox 1976 5797 3560 5870">
    <p class='ocr_par' dir='ltr' id='par_1_121' title="bbox 1976 5797 3560 5870">
     <span class='ocr_line' id='line_1_121' title="bbox 1976 5797 3560 5870; baseline -0.004 -13"><span class='ocrx_word' id='word_1_846' title='bbox 1976 5802 2077 5857; x_wconf 83' lang='lat' dir='ltr'><strong><em>bus</em></strong></span> <span class='ocrx_word' id='word_1_847' title='bbox 2105 5800 2422 5855; x_wconf 73' lang='lat' dir='ltr'><strong><em>obscuriora</em></strong></span> <span class='ocrx_word' id='word_1_848' title='bbox 2442 5800 2733 5870; x_wconf 56' lang='lat' dir='ltr'><strong><em>minusne</em></strong></span> <span class='ocrx_word' id='word_1_849' title='bbox 2783 5800 3023 5869; x_wconf 73' lang='lat' dir='ltr'><strong><em>cognita,</em></strong></span> <span class='ocrx_word' id='word_1_850' title='bbox 3069 5815 3133 5852; x_wconf 83' lang='lat' dir='ltr'><strong><em>ne</em></strong></span> <span class='ocrx_word' id='word_1_851' title='bbox 3193 5797 3346 5867; x_wconf 73' lang='lat' dir='ltr'><strong><em>quid‘</em></strong></span> <span class='ocrx_word' id='word_1_852' title='bbox 3388 5797 3560 5867; x_wconf 47' lang='lat' dir='ltr'><strong><em>iguu—t</em></strong></span> 
     </span>
    </p>
   </div>
  </div>
