4110 6332
587 380 729 453 2073

1875 376 1934 441 S.
1972 373 2266 434 SYMEON
2304 368 2605 432 JUNIOR.

3704 357 3856 421 21376

596 501 711 542 tum
767 461 865 557 per
917 485 1065 539 aliud
1113 502 1266 556 aque
1294 486 1537 557 ignotum
1564 498 1651 541 aut
1708 503 1814 540 non
1852 488 2022 540 multo
2069 501 2167 538 no-
2200 493 2243 545 Α
2276 501 2378 553 pus
2412 486 2477 539 ad
2516 501 2605 539 an.
2645 484 2712 538 85
2775 484 2984 538 faciunt
3016 488 3377 536 excrescere:
3414 475 3559 546 quod
3594 475 3688 530 alii
3729 485 3858 543 jost

594 580 724 644 tius,
785 578 1103 633 confudisse
1142 579 1349 648 potius,
1411 595 1575 649 quam
1621 581 1924 632 illustrasse
1973 578 2164 631 velint.

595 669 801 734 Quidni
839 668 1005 738 igitur
1047 669 1114 723 ad
1170 670 1410 739 priorem
1442 679 1599 723 terra:
1620 679 1826 723 motum
1854 670 2167 738 quinquen-

595 775 719 812 nem
773 760 1060 831 Symeonis
1090 770 1307 815 aetatem
1349 760 1691 816 reteramus?
1713 761 1902 826 Certe,
1930 761 2173 815 siTheo-

599 854 763 921 phani
828 855 1144 918 credimus,
1208 869 1481 923 nunquam
1554 854 1674 907 talis
1734 854 2013 907 calamitas
2050 853 2170 907 aliis

544 955 549 958 ‘
596 944 800 997 seculis
826 946 1007 1013 quavis
1035 945 1089 997 in
1114 945 1245 997 urbe
1264 946 1499 1014 contigit.
1524 944 1663 1010 Quid
1689 944 1903 997 tristius
1926 952 2020 997 aut
2053 959 2170 998 me-

599 1033 940 1096 morabilius,
971 1049 1133 1102 quam
1164 1034 1430 1088 subversa
1465 1035 1518 1088 in
1550 1034 1688 1088 urbe
1718 1043 1961 1089 trecenta
1994 1033 2172 1087 homi-

598 1140 730 1177 num
764 1126 933 1195 ptillia
965 1127 1257 1191 occidisse,
1293 1127 1571 1196 publicam
1614 1127 1983 1180 calamitatem
2007 1142 2173 1183 vene-

600 1218 833 1270 randum
870 1218 1174 1273 antistitem
1199 1233 1297 1271 sua
1328 1225 1510 1271 morte
1574 1219 1812 1282 auxisse,
1847 1216 2171 1288 augustissi»

599 1325 751 1362 mum
810 1310 1202 1378 imperatorem
1260 1310 1525 1363 inusitato
1596 1310 1954 1378 inauditoque
2005 1309 2171 1362 modo

599 1400 831 1454 luxisse?
855 1400 999 1454 Nihil
1028 1400 1189 1454 istius
1213 1400 1361 1454 modi
1385 1400 1440 1454 in
1465 1401 1710 1455 secundo
1733 1410 1883 1453 motu
1906 1400 2171 1455 accidisse

600 1494 828 1563 legitur:
860 1493 967 1545 imo
1008 1491 1177 1562 hujus
1247 1493 1515 1546 memoria
1568 1493 1711 1560 apud
1755 1503 2031 1557 auctores,
2076 1493 2171 1563 qui

599 1598 825 1652 propius
886 1582 952 1635 ad
1001 1582 1091 1635 illa
1145 1590 1388 1651 tempora
1420 1582 1710 1647 accedunt,
1759 1582 1849 1635 vix
1914 1582 2057 1644 ulla,
2113 1590 2174 1635 ut

602 1674 864 1737 vidimus,
924 1682 1121 1737 exstat,
1178 1673 1293 1727 solo
1333 1672 1668 1742 TheOphane
1708 1672 1993 1742 lugubrius
2054 1688 2171 1727 rem

600 1763 964 1816 tlescrihente.

2272 576 2409 631 alios
2437 577 2697 645 deinceps
2715 574 3206 643 transcripserunt.

2411 712 2438 782 ἐ
2468 712 2555 765 IV.
2581 709 2899 779 Deacriptis
2930 709 3107 762 sancti
3144 705 3417 778 Symeonis
3449 703 3709 758 Junioris.

2341 846 2455 900 Leo
2486 842 2737 907 Allatius,
2766 842 2834 895 de
2868 840 3235 911 Symconihus
3258 839 3465 908 optime
3505 838 3765 899 meritus,
3802 836 3858 890 in

2270 936 2513 991 Diatriba
2561 934 2624 986 de
2667 949 2846 986 eorum
2899 931 3144 1000 scriptis,
3181 929 3346 999 hujus
3395 942 3617 997 quoque
3672 927 3856 979 nos;ri

2275 1028 2524 1097 quredam
2574 1034 2865 1079 recenset:
2902 1037 3137 1093 quorum
3186 1037 3311 1075 cum
3362 1021 3514 1074 nulla
3558 1021 3772 1074 mentio
3804 1021 3860 1072 in

2274 1118 2393 1172 Vita
2428 1118 2694 1171 habeatur
2727 1115 2959 1183 uspiam,
2982 1111 3192 1183 juverit
3226 1111 3317 1165 hic
3343 1112 3436 1166 illa
3465 1127 3533 1166 ex
3560 1110 3710 1165 dicto
3756 1126 3861 1163 au~

2276 1213 2450 1267 ctore,
2488 1218 2597 1278 non
2641 1201 2898 1256 omnibus
2940 1202 3125 1265 obvio,
3151 1199 3544 1266 adnumerare,
3597 1210 3861 1269 tanquam

2274 1294 2491 1363 egregia
2516 1294 2620 1346 viri
2652 1303 2708 1347 et
2740 1291 3087 1345 auctoritatis
3119 1289 3263 1359 apud
3299 1290 3613 1360 principes,
3643 1302 3701 1341 et
3756 1290 3862 1341 zeli

2275 1402 2375 1455 pro
2418 1384 2684 1449 Ecclesia,
2725 1393 2779 1437 et
2800 1368 3018 1453 pietatis
3045 1396 3175 1451 erga
3204 1380 3429 1436 leites
3478 1393 3861 1435 monumenta.

2276 1475 2520 1529 Primum
2552 1474 2718 1544 igitur
2748 1473 3034 1542 scripsisse
3057 1472 3125 1526 de
3161 1471 3518 1542 imaginibus,
3546 1481 3763 1526 constat
3797 1489 3865 1525 cx

2276 1566 2488 1621 Joanne
2521 1566 2877 1630 Damasceno,
2904 1566 2998 1634 qui
3029 1574 3169 1619 orat.
3194 1566 3228 1619 3
3255 1565 3323 1618 de
3357 1564 3698 1633 imaginibus
3734 1580 3865 1632 par-

2278 1667 2386 1712 tem
2421 1657 2547 1711 inde
2582 1658 2795 1719 recitat,
2825 1671 2950 1709 cum
2984 1636 3093 1710 hoc
3123 1656 3333 1710 indicio
3378 1655 3644 1717 auctoris,
3679 1655 3865 1724 Magni

2283 1748 2576 1819 Symeonis,
2611 1747 2912 1801 admirandi
2935 1748 3144 1811 montis,
3171 1747 3232 1799 de
3270 1746 3618 1815 Imaginibus.
3652 1746 3867 1799 Secun-

669 1854 759 1909 20.
798 1855 871 1908 Ex
898 1855 1094 1908 eodem
1141 1865 1324 1909 tamen
1377 1864 1605 1910 auclore
1656 1857 1789 1910 illud
1849 1858 2019 1911 etiam
2075 1873 2177 1913 ῃο,
2212 1827 2252 1881 Β
2282 1839 2351 1892 do
2402 1840 2601 1909 slylnm
2629 1846 2820 1892 contra
2853 1836 3142 1891 haereticos
3180 1836 3667 1899 acuisse,~eruitur
3703 1852 3733 1889 e
3771 1836 3864 1889 Bi-

604 1956 750 1999 tasse
807 1945 1034 2014 juvcrit,
1080 1946 1228 2013 quod
1263 1945 1331 1998 de
1380 1946 1562 2014 priore
1617 1954 1768 2000 motu
1830 1962 2016 2016 agens,
2085 1964 2177 2017 per

601 2053 803 2089 annum
843 2052 1044 2100 unum;
1081 2035 1147 2088 de
1180 2035 1441 2099 secundo,
1476 2052 1574 2104 per
1634 2053 1797 2089 unam
1833 2037 2177 2091 solummodo

603 2128 810 2188 horam,
836 2126 981 2179 dicat
1011 2127 1274 2181 tenuisse.
1328 2125 1485 2193 Quod
1535 2129 1577 2180 si
1609 2128 1789 2181 minus
1837 2129 2032 2193 solide,
2068 2146 2175 2183 non

602 2215 1032 2285 suﬂragantibus
1087 2216 1209 2270 aliis
1272 2218 1637 2282 auctoribus,
1695 2218 1913 2286 probari
1970 2205 2174 2287 possit;

602 2306 874 2361 obtinebit
897 2315 1071 2368 certe,
1098 2294 1337 2374 priorem
1398 2308 1637 2376 longiori
1693 2307 1870 2377 spatio
1922 2308 2171 2372 durasse,

604 2398 964 2468 posteriorem
990 2396 1252 2451 breviori.
1285 2398 1463 2451 Motus
1493 2408 1702 2461 autem,
1738 2400 1804 2451 de
1826 2416 1935 2468 quo
1966 2399 2020 2453 in
2055 2399 2175 2453 Vita

603 2492 806 2561 agitur,
834 2493 983 2545 hora:
1022 2491 1184 2544 unius
1222 2490 1511 2543 intervallo
1551 2489 1762 2542 absolvi
1806 2507 1913 2542 non
1969 2491 2170 2558 potuit,

603 2596 729 2634 cum
753 2580 979 2650 Symeon
1018 2583 1072 2635 in
1102 2581 1307 2649 templo
1332 2581 1785 2650 Proto—Zilartyris
1820 2580 2056 2633 orationi
2080 2598 2175 2634 va-

604 2657 1189 2741 caritprimo,'postea
1216 2661 1533 2724 labentibus
1558 2672 1761 2739 passim
1799 2672 2012 2724 aedibus
2049 2672 2175 2726 inde

607 2783 665 2822 se
694 2765 1051 2834 proripuerit,
1085 2764 1305 2818 tandem
1336 2780 1592 2833 egressus
1626 2765 1758 2817 urbe
1784 2766 1988 2819 circum
2022 2780 2179 2818 erra-

602 2856 764 2919 verit,
801 2871 1126 2909 reversurus
1183 2856 1372 2924 utique
1409 2855 1453 2908 si
1516 2865 1699 2909 motus
1747 2864 2053 2921 Cessasset;
2082 2855 2177 2910 sed

600 2962 669 3000 eo
692 2955 1105 3016 perseverante,
1146 2946 1385 3016 denique
1422 2946 1682 2999 inventus
1725 2946 1894 2999 fuerit
1951 2962 1981 2999 a
2045 2957 2174 3001 nota

601 3037 831 3091 muliere
858 3036 1238 3105 abductosque
1275 3036 1331 3088 in
1353 3046 1618 3099 montem,
1642 3034 1763 3087 urbi
1790 3035 2083 3088 admodum
2105 3036 2178 3089 vi-

602 3125 811 3189 cinum,
852 3140 917 3180 ac
943 3125 1151 3180 ibidem
1177 3124 1296 3177 dies
1323 3135 1535 3193 septem
1562 3124 1988 3193 perstiterit.At,
2019 3133 2173 3194 puto,
2204 3154 2250 3212 ο

602 3216 647 3268 si
681 3216 835 3284 prius
904 3214 1028 3269 ﬁnis
1071 3224 1320 3268 motuum
1367 3214 1583 3278 fuisset,
1620 3214 1775 3267 illum
1823 3225 1920 3268 aut
1963 3232 2062 3284 per
2117 3229 2176 3269 se

610 3305 973 3375 repetiturum
999 3314 1293 3374 paternam
1326 3304 1574 3368 domum,
1600 3314 1694 3358 aut
1731 3321 1827 3373 per
1886 3307 2176 3360 mulierem

604 3396 785 3460 matri,
823 3396 1162 3449 desiderium
1191 3397 1289 3449 lilii
1324 3397 1429 3450 hoc
1470 3397 1772 3465 praesertim
1807 3404 1949 3450 statu
1992 3410 2174 3450 rerum

602 3486 889 3555 aegerrime
921 3485 1144 3549 ferenti,
1170 3487 1575 3541 restituendmn
1612 3486 1801 3540 fuisse.
1852 3486 1933 3539 Sit
1989 3488 2175 3557 itaque

606 3577 695 3629 hic
723 3591 900 3629 annus
925 3574 1202 3644 Symeonis
1257 3577 1504 3644 quintus,
1555 3591 1677 3629 ωιτη
1739 3577 1947 3646 vulgari
2009 3579 2175 3647 quin-

601 3666 951 3735 quagesimus
1000 3665 1295 3719 vicesimus
1320 3674 1504 3718 sextus
1545 3683 1557 3717 :
1592 3674 1647 3718 et
1686 3665 2035 3719 manifestum
2069 3665 2177 3719 erit

602 3758 944 3811 nativitatem
976 3758 1095 3825 ejus
1132 3757 1187 3809 in
1215 3772 1417 3810 annum
1447 3757 1571 3819 52L
1598 3766 1831 3809 mortem
1874 3772 2026 3822 vero,
2049 3770 2174 3811 cum

603 3865 747 3900 anno
768 3849 947 3901 relatis
980 3849 1044 3911 7,5
1075 3848 1297 3911 obierit,
1326 3849 1380 3901 in
1406 3849 1509 3902 596
1539 3847 1821 3901 incidisse.

670 3939 759 3991 2|.
802 3940 943 3992 Vixit
981 3940 1148 4009 igitur
1180 3940 1282 3993 sub
1336 3940 1581 4008 quinque
1618 3939 1897 3992 continuis
1935 3938 2176 4009 impera-

605 4030 834 4091 toribus,
860 4030 1077 4083 Justino
1101 4030 1658 4093 vetcre,Justiniano,
1676 4030 1895 4083 Justino
1923 4029 2171 4095 Juniore,

604 4123 631 4173 ’1
652 4121 825 4174 iherio
854 4120 918 4184 ll,
979 4130 1035 4173 ct
1084 4119 1321 4189 denique
1362 4121 1465 4174 sub
1497 4120 1785 4184 Mauritio;
1826 4119 1987 4188 primi
2031 4135 2175 4174 anno

608 4211 639 4262 4
677 4220 857 4271 natus,
891 4210 1213 4277 posterioris
1242 4210 1456 4263 decimo
1479 4210 1673 4279 quinto
1705 4210 1958 4277 donatus,
1980 4221 2173 4280 quarta

602 4313 659 4355 ct
687 4303 944 4355 vicesima
967 4290 1053 4355 die
1081 4303 1284 4357 mensis
1338 4303 1485 4356 Maii.
1523 4303 1729 4356 llorum
1760 4314 1943 4357 autem
1987 4304 2175 4357 tenni-

604 4409 799 4446 norum
862 4394 1214 4447 intervallum
1251 4410 1427 4448 annos
1486 4396 1553 4446 75
1602 4395 2005 4463 complectitur,
2037 4410 2174 4464 quos

2282 1930 2537 1983 bliotheca
2588 1929 2767 1984 Photii
2808 1928 2943 1983 Cod.
2968 1929 3095 1992 231,
3130 1929 3223 1982 ubi
3251 1935 3475 1983 sanctus
3511 1927 3867 1995 Sophronias

2282 2021 2593 2090 patriarcha
2626 2020 3155 2090 Hierosolymitanus
3186 2018 3240 2071 in
3282 2018 3515 2087 epistola
3560 2018 3862 2088 Synodica,

2280 2109 2524 2163 Honorio
2557 2110 2803 2163 Romano
2829 2109 2987 2177 Papae
3018 2107 3147 2178 (non
3178 2108 3517 2176 imperatori,
3574 2116 3634 2160 ut
3665 2123 3867 2177 perpe-

2281 2216 2395 2253 ram
2430 2202 2704 2270 interpres
2742 2200 2919 2269 ponit,
2956 2208 3144 2268 utpote
3176 2200 3335 2252 annis
3369 2208 3497 2253 ante
3524 2198 3783 2253 ducentis
3812 2211 3867 2254 ct

2279 2291 2513 2359 amplius
2543 2291 2654 2343 vita
2686 2288 2918 2357 iuncto),
2952 2290 3137 2353 missa,
3170 2290 3433 2361 colligens
3454 2291 3677 2344 Patrum
3710 2294 3869 2344 testi-

2280 2382 2461 2434 monia
2480 2423 2493 2446 ,
2526 2381 2591 2434 ad
2614 2382 3081 2450 comprobandum
3114 2380 3388 2453 duplicem
3409 2381 3461 2434 in
3485 2380 3708 2436 Christo
3731 2397 3867 2450 ope-

2281 2473 2571 2535 rationem,
2614 2473 2776 2543 hujus
2818 2488 3037 2542 quoque
3084 2473 3256 2527 nostri
3291 2471 3603 2543 Symeonis,
3631 2485 3691 2528 ut
3714 2475 3868 2529 vide—

2280 2571 2401 2624 tur,
2434 2564 2686 2616 meminit
2722 2579 2848 2619 cum
2878 2564 3059 2618 laude.
3095 2562 3185 2618 Sic
3212 2564 3404 2619 scribit
3432 2565 3555 2619 loco
3584 2566 3867 2636 assignato

2280 2654 2510 2708 Photius
2545 2675 2558 2708 :
2596 2656 2774 2708 Etiam
2821 2654 3120 2726 Symonius,
3155 2658 3439 2710 monachus
3479 2666 3526 2709 et
3572 2657 3864 2729 presbyter.

2282 2746 2654 2800 Testimonium
2708 2764 2848 2809 vero,
2875 2749 3011 2818 quod
3071 2757 3314 2802 sanctum
3350 2751 3584 2820 agnoscit
3644 2749 3868 2821 Symeo—

2281 2854 2403 2891 nem
2438 2850 2740 2903 auctorem,
2772 2856 2834 2893 ex
2874 2840 3094 2910 epistola
3126 2840 3346 2911 ejus,ad
3371 2840 3733 2895 Iustinianum
3760 2843 3865 2894 im-

2281 2938 2578 2997 peratorem
2638 2932 2785 2995 data,
2827 2947 2943 3001 qua:
3004 2934 3163 2984 etiam
3213 2941 3398 2985 contra
3440 2932 3789 2988 Nestorianos
3817 2945 3867 2988 et

2281 3018 2636 3088 Eutychianos
2669 3020 3027 3090 digladiatur,
3069 3021 3432 3090 depromptum
3460 3030 3554 3075 est.
3593 3023 3713 3093 Ipse
3747 3040 3866 3077 vero

2279 3107 2794 3180 Justinianus,'pius
2832 3112 3139 3180 imperator,
3194 3110 3246 3161 in
3293 3112 3355 3163 iis
3386 3128 3501 3181 qua:
3545 3112 3615 3165 ad
3655 3112 3865 3166 Zoilum

2281 3192 2639 3267 patriarcham
2675 3199 3091 3254 Alexandrinum
3138 3200 3367 3269 scripsit,
3405 3204 3541 3255 hanc
3583 3204 3864 3273 epistolam

2280 3288 2581 3341 thesaurum
2613 3291 2917 3342 nominarit.

2348 3376 2437 3431 23.
2466 3376 2658 3432 Tertio
2711 3379 2977 3433 recitatur
3011 3381 3257 3451 ejusdem
3297 3382 3532 3451 epistola
3553 3383 3769 3451 quinta,
3796 3383 3861 3435 ad

2279 3467 2557 3522 Justinum
2588 3469 2871 3523 Juniorem
2904 3480 2999 3525 aut
3049 3473 3235 3541 potius
3273 3473 3648 3528 Justinianum
3687 3475 3863 3543 impe-

2280 3566 2543 3624 ratorem,
2605 3560 2657 3612 in
2686 3560 2906 3629 Synodo
2945 3562 3185 3630 generali
3220 3578 3316 3626 vn,
3349 3578 3516 3634 agens
3554 3572 3749 3617 contra
3783 3565 3863 3616 in-

2279 3651 2566 3704 scientiam
2603 3651 2995 3706 Samaritarum
3025 3672 3039 3719 ;
3100 3671 3261 3724 quam
3295 3656 3323 3725 §
3358 3670 3476 3725 seq.
3523 3655 3858 3724 descriptam

2279 3738 2555 3794 dabimus.
2594 3739 2856 3805 Quamvis
2885 3751 3067 3797 autem
3108 3744 3236 3798 istic
3269 3744 3486 3799 dicatur
3508 3744 3725 3799 Justino
3772 3744 3861 3797 Ju-

2278 3829 2423 3883 niori
2469 3831 2764 3900 inscripta,
2826 3831 3054 3887 inclinat
3112 3844 3293 3889 tamen
3335 3837 3555 3889 animus
3611 3851 3724 3887 non
3771 3850 3859 3907 pa-

2279 3936 2399 3973 rum
2432 3922 2506 3983 ei,
2546 3932 2605 3976 ut
2638 3930 2851 3991 putem,
2880 3922 2947 3977 ad
2979 3924 3349 3980 Justinianum
3403 3927 3587 3994 potius
3609 3968 3622 3987 .
3656 3927 3857 3981 Justini

2279 4012 2431 4065 illius
2462 4012 2808 4067 decessorem
2832 4055 2845 4080 ,
2888 4014 3073 4069 datam
3104 4031 3225 4070 esse
3262 4034 3273 4069 ι
3309 4028 3421 4070 tum
3455 4017 3602 4087 quod
3642 4019 3744 4071 sub
3773 4019 3857 4074 Ju-

2279 4102 2517 4156 stiniano
2543 4102 2937 4157 Samaritarum
2973 4105 3200 4158 audacia
3232 4106 3355 4174 plus
3397 4107 3561 4160 Solito
3616 4108 3857 4160 invalue-

2280 4193 2372 4256 rit,
2408 4193 2497 4246 vix
2531 4196 2748 4263 cognita
2779 4196 2879 4249 sub
2904 4197 3124 4251 Justino
3148 4199 3391 4264 aliunde,
3423 4216 3586 4268 quam
3629 4218 3695 4253 ex
3735 4202 3853 4263 hac,

2279 4282 2345 4336 de
2378 4298 2485 4351 qua
2516 4284 2869 4355 ainbigimus,
2906 4286 3194 4357 Symeonis
3231 4288 3486 4357 cpistola,
3520 4290 3673 4343 velut
3701 4306 3731 4342 a
3759 4285 3856 4359 ‘po-

2280 4374 2522 4439 steriori,
2562 4377 2948 4445 utloquuntur
2994 4379 3047 4431 in
3104 4378 3357 4433 Scholis:
3391 4389 3504 4433 tum
3546 4382 3693 4449 quod
3746 4381 3857 4451 epi-

604 4486 676 4537 ita
723 4483 1032 4554 Symconcm
1069 4486 1379 4554 implevisse
1426 4502 1493 4541 ex
1521 4486 1647 4540 Vita
1702 4496 1936 4541 constat.
1990 4488 2174 4542 Annos

2282 4470 2420 4522 stola
2455 4468 2635 4523 Caroli
2664 4470 2863 4539 Magni,
2896 4487 2962 4524 ex
2994 4470 3299 4539 Capitulari
3328 4472 3394 4525 de
3423 4490 3530 4527 non
3562 4475 3858 4529 aderandis

600 4579 847 4646 quinque
894 4578 1160 4647 exegit’in
1230 4588 1458 4647 paterna
1495 4578 1660 4632 domo
1713 4594 1886 4648 usque
1920 4578 1987 4633 ad
2017 4589 2175 4633 terra:

606 4679 813 4721 motum
843 4685 855 4732 ;
907 4669 1035 4721 hinc
1066 4683 1207 4722 unus
1234 4670 1455 4737 elapsus
1489 4668 1656 4722 fuerit
1682 4669 1733 4722 in
1759 4679 1943 4722 monte
1969 4685 2029 4722 ac
2057 4669 2175 4738 pri-

600 4759 705 4811 mis
731 4760 857 4812 vita:
883 4761 1206 4813 monasticae
1257 4760 1609 4821 rudimentis,
1638 4761 1958 4829 priusquam
1985 4760 2039 4812 in
2077 4774 2174 4813 co—

601 4852 844 4903 lumnam
866 4850 1276 4905 admitteretur.
1306 4851 1362 4904 In
1395 4851 1494 4905 hac
1538 4851 1846 4914 humiliori,
1880 4859 1937 4904 et
1990 4851 2176 4919 potius

602 4936 717 4990 basi
749 4952 912 5005 quam
947 4938 1223 4998 columna,
1252 4938 1354 4992 sub
1382 4939 1558 4993 oculis
1606 4939 1835 4993 Joannis
1880 4939 2008 4991 anni
2034 4939 2087 5001 6,
2120 4939 2174 4991 in

602 5028 864 5089 secunda,
919 5029 1085 5097 pedes
1114 5029 1181 5082 40
1210 5029 1509 5093 eminente,
1558 5030 1590 5083 8
1634 5031 1914 5085 transacti.
1973 5029 2175 5097 Sicque

601 5120 672 5172 :20
706 5129 827 5172 erat
854 5136 1149 5182 annorum,
1185 5129 1245 5172 ut
1270 5121 1524 5173 meminit
1578 5136 1833 5189 expresse
1865 5121 1985 5174 Vita
2018 5136 2172 5173 num.

611 5210 701 5273 72,
733 5225 856 5262 cum
906 5210 1033 5263 inde
1054 5210 1305 5280 migravit
1342 5210 1397 5263 in
1429 5211 1669 5264 Montem
1705 5211 2043 5265 Mirabilem:
2080 5212 2173 5265 ubi

612 5302 884 5369 reliquum
920 5301 1044 5355 vita:
1076 5310 1292 5371 tempus
1316 5302 1573 5369 confecit,
1595 5303 1756 5355 annis
1816 5302 1880 5356 10
1913 5304 1967 5355 in
2018 5312 2168 5372 petra

600 5392 704 5444 sub
740 5391 855 5455 dio,
882 5391 950 5444 45
985 5408 1159 5460 usque
1187 5393 1250 5445 ad
1281 5394 1492 5446 obitum
1531 5394 1585 5446 in
1622 5394 1876 5447 columna
1899 5405 2169 5461 perstans.

600 5481 976 5533 (Lnnscntiunt
1035 5481 1121 5535 his
1173 5481 1396 5546 Menam,
1453 5494 1511 5537 ct
1569 5485 1887 5553 Sj‘naxaria,
1929 5501 2095 5538 unum
2128 5486 2172 5538 si

603 5572 783 5624 locum
814 5573 1079 5645 excipias,
1124 5573 1214 5625 ubi
1253 5575 1417 5627 stanti
1454 5574 1509 5627 in
1560 5574 1814 5628 columna
1850 5575 1919 5629 40
1972 5575 2170 5644 pedum

598 5678 773 5716 annos
812 5664 870 5716 i8
913 5663 1060 5731 proS
1091 5663 1359 5727 tribuunt,
1394 5664 1561 5727 facili,
1622 5675 1679 5718 ut
1715 5665 1889 5730 vitlcs,
1930 5681 2121 5719 errore
2158 5686 2167 5718 :

603 5753 687 5805 cui
717 5763 1121 5821 consequenter
1156 5753 1487 5810 inlnercntes
1520 5756 1838 5811 universum
1878 5757 2000 5811 vitae
2035 5766 2172 5811 lt‘lll-

2280 4558 2611 4629 imaginibus
2634 4560 2669 4613 l.
2696 4575 2769 4621 tv,
2793 4575 2842 4614 c.
2875 4560 2928 4623 5,
2953 4561 3248 4624 abAllatio
3283 4563 3336 4615 in
3367 4563 3711 4617 Diatribahic
3738 4582 3855 4632 μήτε

2278 4650 2441 4704 ducta
2470 4668 2481 4713 ;
2517 4661 2573 4705 et
2604 4653 2708 4705 alia
2739 4652 2999 4705 Hadriani
3028 4653 3047 4706 1
3077 4669 3229 4722 papa:
3279 4654 3345 4707 ad
3393 4655 3649 4709 eumdem
3695 4656 3855 4708 Caro-

2279 4742 2392 4795 lum
2428 4758 2525 4811 pro
2558 4745 2765 4814 synodo
2792 4744 3008 4798 Nicaena
3040 4760 3077 4797 ιι
3108 4745 3161 4797 in
3196 4744 3439 4798 editione
3481 4744 3852 4801 Conciliorum

2279 4834 2584 4909 Lahbacana
2638 4836 2796 4891 dicta:
2842 4837 3053 4907 synodo
3102 4836 3397 4906 subjuncta
3432 4823 3697 4908 (utraque
3751 4855 3851 4892 non

2278 4928 2440 4998 longo
2469 4938 2592 4997 post
2647 4939 2891 4998 tempore
2928 4930 3151 4999 scripta)
3182 4930 3499 4999 exprimant
3530 4946 3729 4983 nomen
3758 4930 3847 4984 Ja-

2278 5021 2534 5085 stiniani,
2600 5036 2710 5072 non
2769 5021 3011 5074 Justini:
3076 5029 3190 5074 tum
3251 5021 3495 5090 denique
3552 5024 3718 5077 ctiam
3773 5024 3846 5075 vel

2280 5112 2535 5177 maxime,
2592 5112 2740 5181 quod
2796 5112 2979 5165 statim
3035 5112 3089 5165 in
3134 5113 3410 5183 principio
3466 5114 3724 5184 Epistolm
3777 5118 3849 5168 di—

2278 5215 2473 5258 cantur
2521 5205 2806 5259 Samaritaz
2865 5204 2921 5257 in
2972 5215 3217 5258 sanctum
3260 5206 3535 5275 templum.
3577 5208 3723 5275 quod
3761 5208 3849 5259 im-

2278 5306 2498 5365 perator
2540 5294 2865 5348 struendum
2923 5303 3236 5359 curaverat,
3290 5312 3388 5366 per
3429 5312 3706 5351 SUUllllUlll
3739 5315 3845 5354 SCC‘

2277 5387 2363 5440 lus
2392 5396 2557 5455 atque
2598 5386 2936 5455 impietatem
2982 5388 3242 5442 saeviisse.
3270 5389 3545 5444 Incertum
3576 5404 3759 5447 manet
3793 5411 3849 5447 ex

2278 5481 2530 5549 cpistola,
2570 5488 2692 5532 uter
2718 5479 2997 5532 curaverit
3027 5496 3041 5544 ;
3085 5494 3195 5532 non
3229 5490 3501 5535 manetex
3541 5484 3851 5552 conjectura

2278 5571 2569 5640 probabili.
2606 5570 2742 5625 Cum
2778 5571 2925 5623 enim
2964 5571 3091 5624 lotis
3135 5587 3226 5625 sex
3254 5572 3408 5625 libris
3441 5575 3765 5642 complexus
3792 5576 3849 5625 sit

2278 5642 2580 5729 I’roaipius
2612 5661 3053 5715 substructiones
3085 5673 3247 5730 atque
3276 5664 3508 5718 reditiria
3538 5669 3719 5720 omnis
3764 5686 3848 5737 gr—

2279 5756 2425 5810 net'is
2459 5756 2570 5811 fere
2609 5755 2914 5816 innumera,
2945 5755 3147 5824 nixique
3181 5768 3448 5811 ti“t'::it'<l!n
3487 5778 3512 5811 ιι
3546 5761 3746 5815 ,ευδιξειὲ
3771 5767 3846 5813 tiu:
