4110 6332
294 364 438 427 2077

1427 358 2024 422 COMMENTARIUS
2062 360 2429 419 PlthVIUS.

3411 367 3550 429 2978

294 476 551 535 excitata.
590 474 842 543 interque
871 488 934 528 ea
966 479 1295 528 numeretur
1331 471 1593 541 templum
1625 470 1871 539 Deiparze
1902 475 1942 529 Α
1977 468 2134 531 bons,
2190 470 2336 524 inter
2365 470 2469 524 alia
2512 472 2628 526 lucc
2671 473 2883 542 profert
2925 489 2992 529 ex
3034 474 3385 544 Epiphanio:
3424 476 3553 542 Qui—-

296 566 538 637 Virginis
572 567 959 637 Porpliyreone
990 581 1004 629 ;
1033 565 1179 618 circa
1223 578 1387 633 quam
1428 562 1705 617 civitatem
1738 572 1872 615 lem-

294 667 481 729 pestas
520 660 795 728 prmeipue
831 656 1107 711 indicatur
1139 656 1451 711 des'cviisse
1479 699 1493 721 ,
1518 655 1719 710 Justini
1744 668 1872 708 vero

298 751 527 819 paucula
549 750 798 820 qumdam
826 758 1184 803 monumenta
1209 748 1278 801 ab
1312 748 1637 801 auctoribus
1660 761 1872 809 memo-

299 850 533 907 rentur;
568 841 723 895 facile
758 840 943 909 quivis
977 838 1323 910 dijudicabit,
1363 838 1471 892 utri
1498 836 1873 892 verosimilius

298 947 364 986 ac
395 934 602 986 certius
628 932 744 985 hinc
780 931 1013 1000 epistola
1043 930 1307 999 inscripta
1343 928 1529 983 luerit.

367 1022 457 1075 9.4.
496 1022 727 1089 Reliqua
762 1022 1008 1090 ejusdem
1061 1021 1263 1089 scripta
1312 1025 1600 1074 enumerat
1640 1018 1874 1073 Allatius

299 1117 406 1168 hoc
435 1115 599 1167 modo
633 1133 645 1169 :
673 1117 724 1168 εί.
761 1115 1010 1184 Ejusdem
1034 1114 1318 1184 Tpom’rpra
1354 1118 1432 1177 si;
1458 1116 1547 1165 τὸν
1573 1114 1730 1180 ἆγιον
1782 1130 1875 1183 με·

296 1205 688 1276 γαλομάρτυρα
728 1207 1063 1277 Δημήτριον
1113 1207 1169 1257 ὲν
1197 1205 1271 1265 τῷ
1300 1207 1472 1275 Στέχῳ
1498 1223 1510 1236 ’
1543 1205 1795 1275 Troparia
1820 1206 1875 1258 in

294 1307 537 1349 sanctum
574 1315 822 1369 magnum
872 1306 1159 1369 martyrem
1218 1298 1536 1351 Demetrium
1574 1299 1627 1351 in
1674 1296 1871 1362 Sticho,

297 1388 371 1443 26
401 1387 655 1441 Octobris.
717 1389 771 1441 5.
812 1387 1074 1458 Ejusdem
1108 1388 1258 1458 Εὑχὴ
1301 1388 1434 1457 πρὸς
1465 1388 1555 1439 τδν
1579 1387 1728 1450 Υἱλν,
1769 1388 1875 1457 ἰδίᾳ

298 1480 439 1549 πρὸς
504 1481 630 1543 τοὺς
687 1478 1154 1548 παρενοχλοῦντας
1203 1478 1515 1548 λογισμούς·
1570 1476 1758 1533 Oratio
1807 1478 1874 1532 ad

302 1570 518 1633 Filium,
561 1569 966 1639 particulariter
1031 1567 1101 1622 ad
1154 1566 1482 1639 repellendas
1536 1565 1875 1620 obturbantes

300 1661 660 1730 cogitationes.
708 1658 1053 1727 Principium
1103 1668 1231 1715 est:
1267 1657 1513 1714 Δέσποτα
1539 1656 1711 1725 Κύριε
1765 1648 1875 1725 ’l'q-

302 1750 400 1802 σοῦ
442 1750 661 1820 Χριστὲ,
691 1750 828 1817 Λόγε
853 1750 946 1802 τοῦ
989 1749 1125 1802 Θεοῦ
1166 1747 1421 1811 ἀθάνατε,
1480 1748 1508 1802 ὁ
1558 1747 1667 1800 τῶν
1720 1746 1875 1817 μεγι-

304 1854 448 1894 στων
467 1838 692 1890 τουτωνὶ
722 1838 935 1905 φύσεων
965 1830 1213 1907 τεχύἕτης
1240 1836 1330 1889 καὶ
1360 1836 1699 1906 κυϐερνήτης
1748 1835 1880 1889 Erat
1910 1814 1951 1869 Β

301 1943 369 1981 ea
390 1928 442 1981 in
458 1929 702 1983 Palatina
730 1936 785 1982 et
813 1944 985 1999 penes
1024 1928 1302 1983 Allatium.
1338 1927 1390 1980 6.
1423 1926 1675 1996 Ejusdem
1708 1925 1876 1994 Εὐχὴ,

303 2020 572 2089 λεγομένη
609 2020 745 2090 μετὰ
772 2018 1026 2089 δακρύων
1055 2022 1133 2082 εἰς
1174 2019 1265 2071 τὸν
1317 2016 1523 2088 Κύριον
1577 2017 1732 2087 ἡμῶν
1776 2018 1879 2086 Ίη-

305 2110 437 2163 σοῦν
487 2112 743 2181 Χριστὸν,
786 2112 915 2164 ὅταν
971 2111 1297 2181 ἐπέρχονται
1335 2111 1382 2162 oi
1435 2109 1689 2177 λογισμοὶ
1743 2126 1879 2179 πορ-

306 2200 476 2262 νείας·
514 2201 695 2255 Oratio
741 2200 1016 2254 recitando
1068 2217 1185 2254 cum
1226 2200 1471 2269 lacrymis
1503 2198 1571 2252 ad
1597 2198 1882 2252 Dominum

308 2302 547 2349 nostrum
570 2292 751 2346 Iesum
788 2291 1073 2357 Christum,
1111 2308 1243 2345 cum.
1273 2293 1555 2361 insurgunt
1611 2292 1883 2361 cogitatio-

310 2399 407 2436 nes
430 2383 913 2452 fornicationisEst
952 2383 1287 2455 principium
1320 2399 1334 2437 :
1362 2383 1534 2451 Κύριε
1560 2383 1733 2450 Ἰησοῦ
1752 2385 1885 2454 Χρι-

310 2475 428 2539 στὲ,
459 2476 595 2545 Λόγε
623 2474 717 2531 τοῦ
739 2474 896 2543 Θεοῦ,
916 2476 1053 2543 Λόγε
1066 2474 1323 2535 ἀθάνατε,
1351 2476 1377 2526 ὁ
1408 2473 1481 2546 μὴ
1507 2474 1883 2547 καταισχύνων

307 2568 437 2628 τοὺς
497 2566 588 2618 ἐπὶ
652 2567 732 2620 σοὶ
776 2565 1127 2627 πεποιθότας.
1161 2566 1218 2621 lu
1248 2566 1531 2631 Vaticana,
1574 2568 1689 2622 (ἶοά
1759 2568 1881 2623 798.

310 2655 369 2709 3.
391 2653 659 2722 Ejusdem.
694 2654 838 2724 Εὑχὴ
870 2654 969 2722 τῆς
1035 2656 1341 2726 ὑπεραγίας
1366 2656 1629 2710 Θεοτὸκου
1674 2660 1754 2720 εἰς
1793 2675 1895 2710 ποον

309 2745 510 2816 νηροὺς
536 2744 852 2815 λογισμούς·
888 2747 1070 2801 Oratio
1102 2748 1157 2800 in
1180 2749 1570 2803 sanctissimam
1596 2747 1887 2819 Deiparam

309 2852 413 2909 pro
485 2839 660 2904 pravis
731 2838 1153 2908 cogitationibus.
1213 2839 1592 2908 Principium:
1640 2841 1889 2909 Παναγία.

312 2928 546 2981 Θεοτόκε
591 2930 890 2994 ἀποδίωξον
956 2932 1080 2991 τοὺς
1114 2931 1383 3000 πονηροὺς
1422 2933 1513 2984 καὶ
1546 2931 1890 3003 ἀκαθάρτους

311 3020 631 3089 λογισμούς.
673 3020 899 3074 Ibidem.
934 3021 1138 3077 praeter
1160 3022 1297 3088 hate,
1336 3023 1404 3076 ab
1440 3024 1638 3078 Allatio
1677 3012 1890 3083 indica;

315 3123 394 3177 ta,
413 3121 587 3167 exstat
605 3128 824 3181 quoque
838 3113 1079 3182 Epistola
1100 3114 1220 3181 ejus
1248 3116 1301 3168 ir.
1329 3114 1448 3187 Vita
1467 3114 1638 3170 beata:
1664 3114 1887 3170 Martlne

315 3204 527 3258 matris.
546 3204 787 3258 [labetur
804 3212 985 3259 autem
1017 3205 1161 3259 dicta
1183 3194 1429 3275 Epistola
1440 3223 1495 3260 n.
1517 3208 1603 3267 69,
1626 3207 1888 3278 inscripta

266 3316 279 3325 τ
315 3295 736 3366 Staurophylaci
767 3304 975 3350 sancta:
1007 3297 1438 3351 resurrectionis
1470 3298 1890 3369 Hierosolymis,

316 3400 491 3455 quem
528 3386 594 3440 de
630 3387 807 3443 salute
834 3391 1057 3447 anxium
1098 3388 1325 3453 animat,
1350 3404 1413 3443 ac
1447 3398 1657 3458 partem
1690 3398 1893 3446 sanctae

318 3478 505 3532 crucis
552 3487 725 3548 rogat.
762 3479 941 3546 Atque
995 3489 1197 3548 praeter
1228 3480 1342 3534 haec
1365 3482 1544 3534 omnia
1571 3522 1585 3545 ,
1623 3482 1728 3535 alia
1758 3499 1896 3553 quo-

319 3583 430 3637 que
461 3567 611 3621 illum
649 3568 933 3638 scripsisse
957 3584 1064 3623 non
1088 3584 1284 3639 pauca,
1318 3586 1438 3639 qua:
1471 3578 1779 3640 temporum
1812 3573 1895 3625 in-

316 3657 466 3729 juria
508 3641 744 3727 periere,
778 3658 834 3712 in
887 3646 1172 3727 comperto
1212 3665 1297 3711 est
1331 3673 1397 3712 ex
1428 3659 1661 3728 epistola
1688 3660 1756 3714 de
1787 3676 1895 3730 qua

322 3756 449 3807 mox
478 3788 493 3813 ,
545 3758 737 3803 contra
786 3749 1105 3812 Samaritas,
1135 3766 1256 3819 qua:
1302 3752 1484 3821 quinta
1538 3751 1895 3820 indigitatur,

320 3839 406 3893 sic
444 3850 502 3892 ut
526 3838 644 3893 alia:
677 3839 993 3893 necessario
1017 3840 1421 3908 praecesserint.
1452 3840 1658 3894 Eodem
1691 3841 1897 3895 faciunt

324 3929 591 3999 Evagrius
627 3937 684 3982 et
708 3928 854 3991 Vita,
899 3944 1063 3998 quam
1097 3929 1291 3983 damus
1322 3948 1333 3982 :
1367 3945 1602 3999 quorum
1636 3930 1727 3984 ille
1754 3930 1792 3983 l.
1821 3945 1897 3992 vr,

322 4036 378 4076 c.
429 4021 521 4087 25,
568 4021 724 4084 dicit,
771 4020 875 4074 ista
937 4035 994 4074 n.
1033 4020 1133 4075 190
1183 4021 1460 4077 Iustinum
1504 4020 1793 4091 epistolam
1868 4035 1899 4074 a

327 4122 525 4169 sancto
550 4111 855 4183 accepisse.

329 4273 460 4348 δν.
490 4271 731 4343 Epistola
770 4273 939 4325 sancti
968 4269 1241 4348 ngeonis
1293 4272 1364 4348 ad
1402 4270 1671 4348 Iustinum
1714 4272 1903 4327 Iunio-

628 4359 738 4396 rem
763 4351 949 4394 contra
986 4342 1289 4395 Samaritas
1322 4342 1615 4395 hazreticos.

1975 578 2099 613 nam
2138 580 2258 616 vero
2286 564 2479 632 fuerint
2537 564 2844 639 Samaritae,
2902 583 3052 620 nemo
3098 569 3150 620 in
3190 568 3377 622 divinis
3429 585 3547 621 vrr-

1973 662 2119 705 satus
2148 654 2434 722 Scriptu'ris
2462 656 2692 723 ignorat.
2721 655 2789 707 Hi
2827 665 2970 718 sunt,
2999 656 3087 725 qui
3116 672 3233 709 cum
3267 657 3417 711 divisi
3470 674 3551 710 cs-

1975 752 2092 798 sent
2128 762 2159 797 a
2195 744 2433 808 ,Judteis,
2471 762 2573 798 non
2625 747 2897 815 templum,
2962 764 3065 801 non
3119 750 3407 816 sacri/icio,
3472 749 3554 803 vel

1974 836 2312 888 recremonias
2349 852 2648 889 communes
2692 854 2809 913 cum
2857 838 2967 910 illis
2999 839 3300 892 habebant:
3330 857 3553 910 cumque

1977 926 2205 995 quinque
2238 934 2445 978 tantum
2481 925 2672 995 Moysis
2727 927 2885 981 libros
2923 930 3227 993 retinerent,
3275 932 3555 1000 praphetas

1979 1034 2043 1071 ac
2076 1025 2270 1085 cratera
2324 1018 2515 1071 divina:
2574 1016 2867 1087 Scriptura:
2910 1019 3179 1074 volumina
3232 1021 3556 1091 negligenter

1978 1108 2323 1179 reficiebant;
2353 1126 2456 1162 non
2514 1111 2781 1163 credentes
2828 1113 3264 1165 resurrectionem
3318 1122 3554 1166 mortuo-

1977 1218 2134 1263 rum;
2175 1211 2425 1270 negantes
2456 1209 2504 1254 et
2535 1199 2791 1270 Spiritum
2845 1211 3114 1256 sanctum.
3136 1204 3301 1257 Plura
3344 1206 3387 1259 si
3425 1205 3511 1259 vis
3538 1246 3552 1267 ,

1977 1306 2160 1358 quaere
2191 1291 2333 1359 apud
2376 1292 2552 1360 ipsum
2588 1291 2957 1360 Epiphaniam
2988 1292 3051 1350 in
3080 1293 3339 1347 Panario.

2046 1381 2138 1436 26.
2169 1381 2340 1436 Iidem
2377 1382 2500 1435 aliis
2529 1384 2847 1437 successive
2879 1384 3097 1437 saeculis
3146 1384 3430 1453 impietate
3492 1401 3556 1439 ac

1980 1471 2286 1527 sceleribus
2337 1472 2845 1537 famosi,lieentius
2894 1487 3057 1543 agere
3090 1483 3379 1541 cmpcrunt
3419 1483 3557 1528 tem-

1978 1564 2207 1633 poribus
2242 1565 2498 1620 Zenonis.
2527 1563 2658 1620 Cum
2683 1565 2823 1618 enim
2849 1567 3090 1619 coiissent
3121 1566 3311 1628 subito,
3338 1574 3399 1620 ut
3427 1564 3559 1620 scri-

1980 1657 2060 1711 bit
2100 1657 2458 1726 Procopiusl.
2486 1672 2519 1709 v
2549 1656 2613 1708 de
2637 1655 2804 1724 Αέάὶί.
2838 1672 2889 1711 c.
2931 1658 2983 1721 7,
3020 1656 3160 1726 facta
3187 1655 3413 1725 Neapoli
3453 1658 3558 1709 im-

1980 1757 2099 1818 petu
2117 1751 2170 1801 in
2184 1747 2530 1811 Christianos,
2551 1751 2739 1817 festum
2752 1750 2807 1801 in
2826 1747 3040 1800 ecclesia
3066 1747 3407 1809 celebrantes,
3421 1750 3561 1817 quoi

1980 1838 2287 1893 Pentecoste
2317 1849 2554 1898 vocatur,
2583 1838 2777 1891 multos
2806 1836 3090 1905 conﬁciunt
3120 1856 3137 1903 ,'
3179 1838 3397 1891 illorum
3446 1840 3560 1909 epi-

1980 1946 2198 1999 scopum
2234 1929 2621 1983 Terebintltium
2652 1944 2822 1985 sacra:
2854 1945 3047 1981 mensw
3092 1937 3359 1982 astantem
3404 1945 3562 1981 occu-

1982 2027 2134 2089 pant,
2166 2020 2569 2088 oﬂ'erentemque
2602 2018 2865 2088 ineffabile
2897 2019 3219 2086 sacriﬁcium
3269 2019 3464 2090 gladiis
3491 2020 3564 2088 fe-

1983 2111 2150 2171 riunt,
2170 2108 2476 2163 vulneribus
2509 2110 2813 2173 concidunt,
2844 2126 3105 2163 manuum
3140 2117 3392 2164 truncant
3435 2110 3566 2180 digi-

1985 2200 2081 2264 tis;
2111 2200 2465 2268 mysteriaque
2494 2199 3059 2269 injuriasetractantes
3084 2240 3098 2261 ,
3126 2199 3338 2267 piacula
3368 2216 3560 2270 perpe-

1985 2298 2131 2343 trant
2176 2292 2337 2360 digna
2374 2289 2759 2356 Samaritanis,
2812 2291 2957 2345 nobis
3000 2290 3211 2345 silentio
3255 2292 3562 2361 premenda.

1984 2379 2359 2435 Renuntiante
2414 2380 2532 2435 haec
2566 2380 3106 2450 Constantinopolim
3142 2390 3199 2435 et
3222 2382 3557 2437 ostendente

1986 2473 2046 2529 in
2077 2486 2134 2529 se
2168 2473 2408 2530 admissa
2469 2474 2678 2528 scelera
2732 2472 3121 2537 Terebintbio,
3164 2473 3562 2528 Samaritarnm

1986 2563 2294 2620 insolentia
2312 2566 2381 2619 ab
2413 2566 2745 2636 imperatore
2768 2564 2938 2622 armis
2959 2584 3209 2637 repressa
3232 2578 3335 2623 est.
3361 2568 3568 2623 Deinde

1986 2657 2190 2713 iterum
2262 2658 2437 2711 moliti
2497 2659 2651 2712 varia
2706 2660 2810 2713 sub
2863 2661 3156 2715 Anastasio
3205 2660 3568 2729 imperatore,

1988 2747 2189 2801 iterum
2226 2764 2417 2817 poenas
2454 2749 2935 2811 dederunt,etiam
2978 2767 3287 2821 supremas.
3319 2752 3564 2822 Denique

1989 2838 2093 2893 sub
2118 2839 2433 2895 Iustiniano
2466 2842 2849 2898 crudelissime
2881 2845 3129 2898 omnium
3171 2845 3480 2907 saevientes,
3502 2860 3569 2900 ea

1989 2940 2485 3000 patraruntopera,
2510 2948 2633 3001 qua:
2653 2934 2835 2987 audiri
2864 2934 2984 2989 sine
3000 2935 3235 2990 horrore
3263 2945 3569 3006 nequeunt.

1990 3018 2073 3073 Ita
2121 3020 2516 3075 describuntur
2545 3038 2577 3075 a
2636 3023 2840 3093 Cyrillo
2883 3025 2939 3078 in
2990 3026 3116 3080 Vita
3160 3035 3365 3081 sanctae
3390 3025 3570 3089 Saba.

1915 3142 1956 3201 ε
1993 3125 2116 3179 qua:
2144 3110 2331 3165 Graeca
2362 3128 2533 3181 penes
2566 3129 2665 3167 nos
2683 3123 2789 3177 est,
2820 3114 3001 3168 danda
3035 3116 3067 3169 5
3094 3116 3438 3171 Decembris.

2061 3201 2151 3255 27.
2177 3204 2406 3274 Jamque
2439 3223 2615 3259 rerum
2652 3209 2847 3277 potitus
2878 3208 3215 3263 Justinianas
3258 3210 3574 3263 moderaba-

1992 3306 2080 3350 tur
2125 3297 2426 3366 imperium,
2458 3315 2577 3351 cum
2624 3300 2677 3351 in
2723 3298 3015 3353 Palaestina
3049 3316 3173 3370 gens
3220 3298 3574 3354 Samaritana

1994 3403 2167 3457 regem
2197 3387 2293 3440 sibi
2316 3387 2590 3442 lulianum
2612 3391 2913 3459 quemdam,
2950 3399 2999 3444 et
3030 3393 3201 3461 ipsum
3223 3390 3574 3453 Samaritam,

1996 3478 2261 3549 eligentes,
2295 3480 2464 3533 multa
2513 3482 2892 3536 contumeliose
2918 3484 3168 3536 adversus
3210 3482 3576 3538 Christianum

1997 3583 2186 3620 nomen
2213 3570 2327 3620 ausi
2362 3569 2593 3637 fuerunt.
2639 3570 2866 3637 Templis
2900 3587 3130 3641 namque
3165 3572 3382 3641 direptis
3407 3573 3546 3641 subji
3566 3602 3578 3615 ο

1998 3658 2199 3711 ciebant
2222 3660 2433 3728 ignem;
2468 3658 2792 3713 Christianos
2822 3660 3044 3728 inﬁnitis
3096 3665 3424 3717 excruciatos
3470 3672 3581 3717 tor-

1997 3750 2187 3802 mentis
2244 3750 2453 3803 tandem
2502 3753 2663 3804 morti
2708 3752 2985 3805 tradebant
3014 3770 3033 3817 ;
3061 3754 3253 3806 vicinos
3303 3771 3466 3824 pagos
3499 3757 3582 3807 in-

1999 3840 2323 3892 cursionibus
2356 3841 2789 3909 populabantur;
2823 3853 3131 3896 sanctorum
3171 3849 3342 3898 thecas
3377 3845 3584 3915 diﬁrin-

2001 3938 2197 3998 gentes.
2258 3933 2608 3986 imminebant
2666 3935 2721 3987 in
2771 3936 3149 4002 ﬂammas:ct
3200 3936 3310 3988 lucc
3360 3938 3582 3990 sa’vities

2002 4024 2266 4092 prcecipue
2294 4040 2394 4077 non
2446 4025 2731 4100 adrnodum
2783 4029 2995 4079 remotis
3031 4024 3263 4097 Neapoli
3300 4028 3587 4097 grassaba-

2004 4120 2091 4164 tur
2140 4112 2283 4167 locis.
2310 4113 2480 4167 Porro
2529 4116 2827 4184 episcOpum
2860 4115 3188 4169 sustulerunt
3212 4114 3408 4184 gladio,
3441 4131 3588 4168 com-

2005 4205 2369 4273 prehensisque
2440 4205 2753 4273 quibusdam
2808 4205 3119 4275 presbyteris
3154 4247 3167 4269 ,
3249 4206 3583 4259 membratim

2005 4294 2176 4361 primo
2208 4311 2269 4345 ac
2309 4295 2579 4362 frustatim
2608 4294 2727 4347 illos
2750 4304 3050 4357 secuerunt,
3086 4312 3310 4364 cumque.
3344 4295 3582 4365 reliquiis

2007 4394 2306 4454 martyrum
2330 4387 2380 4437 in
2404 4386 2675 4455 sartagine
2716 4387 2979 4454 [ri-xerunt
3006 4404 3022 4440 :
3056 4388 3278 4456 denique
3317 4386 3465 4439 nullo
3490 4405 3600 4440 and

403 4472 491 4528 95.
519 4472 710 4526 Fidem
744 4471 1030 4535 solvimus,
1058 4487 1163 4540 qua
1196 4485 1252 4524 se
1286 4468 1582 4523 obstrinxit
1602 4468 1904 4523 Bollandus
1936 4468 1980 4525 Ι)
2011 4478 2179 4530 ducite
2209 4487 2301 4529 aut
2330 4476 2659 4531 contumelia:
2686 4493 2875 4546 genere
2896 4488 3082 4547 contra
3113 4476 3437 4532 Christianos
3465 4479 3588 4532 abs-

327 4566 397 4621 ad
432 4566 465 4620 5
509 4566 736 4619 Januari
771 4564 826 4616 in
862 4563 985 4616 Vita
1012 4564 1122 4632 jam
1150 4577 1292 4629 saepe
1342 4562 1631 4615 memorati
1678 4561 1906 4633 Symeo—

331 4658 419 4713 nis
445 4656 653 4727 Stylitaa
706 4653 975 4729 Senioris,
1038 4668 1137 4723 per
1192 4653 1601 4721 Metaphrasten
1659 4653 1903 4721 scripta,

326 4762 454 4816 cap.
487 4748 569 4805 Η,
594 4754 785 4799 annot.
817 4745 872 4809 d,
916 4759 1043 4797 eum
1071 4744 1237 4797 latius
1266 4744 1357 4797 hic
1386 4744 1452 4797 de
1481 4742 1766 4797 Samaritis
1808 4759 1903 4796 seu

331 4838 693 4893 Samaritanis
733 4835 1004 4904 agendum
1032 4835 1330 4903 promittit.
1356 4831 1626 4900 Neapolis,
1664 4832 1908 4887 llebrzeis

331 4925 538 4990 Sic/ten,
570 4942 666 4982 seu
691 4924 893 4981 Slcltem
916 4933 971 4978 et
988 4923 1239 4989 Sichima,
1262 4923 1397 4976 urbs
1427 4922 1832 4976 estPalazstina:
1855 4922 1911 4975 in

333 5002 584 5073 Samaria
650 5016 999 5086 episcopalis,
1061 5015 1227 5069 hodie
1283 5014 1397 5069 fere
1451 5012 1729 5067 exstincta
1787 5020 1845 5067 et
1882 5028 1911 5066 a

336 5113 533 5181 paucis
571 5111 817 5165 habitata
850 5128 862 5162 :
898 5110 1072 5164 distat
1127 5124 1155 5162 a
1212 5108 1462 5162 Samaria
1510 5108 1648 5161 urbe
1674 5124 1724 5160 ix
1757 5107 1815 5161 P.
1842 5107 1911 5160 Μ.

336 5208 395 5259 in
430 5206 707 5261 Austrum.
739 5204 1000 5257 Imminet
1031 5201 1152 5255 urbi
1174 5216 1333 5255 mons
1363 5200 1525 5263 allus,
1552 5200 1791 5254 Garizim
1824 5216 1916 5252 no-

336 5296 509 5361 mine,
538 5286 699 5364 quem
735 5295 867 5348 olim
900 5294 952 5347 in
1007 5292 1368 5347 veneratione
1402 5292 1680 5345 habebant
1707 5303 1759 5345 et
1783 5306 1912 5360 pre-

337 5387 573 5441 cationis
615 5402 777 5441 causa
821 5386 1044 5440 adibant
1103 5384 1435 5440 Samaritani
1471 5402 1482 5436 :
1533 5399 1768 5451 quorum
1803 5385 1912 5453 jam

340 5493 457 5533 tum
510 5480 713 5534 Christi
767 5478 1108 5547 temporibus
1161 5486 1369 5532 sectam
1407 5477 1678 5529 Duronius
1730 5475 1912 5528 tnm.l

344 5572 540 5634 Annal.
574 5572 708 5625 locis
752 5570 937 5633 variis,
982 5570 1255 5640 praecipue
1299 5571 1351 5623 in
1384 5570 1661 5638 Apparatu
1696 5567 1910 5621 descri-

2014 4568 2305 4620 tinuerunt.
2358 4566 2485 4619 Haec
2537 4565 2937 4619 immanissima
2990 4567 3218 4620 scelera.
3272 4573 3328 4620 et
3382 4566 3427 4620 si
3483 4582 3591 4635 qua

2016 4666 2302 4728 praeterea,
2323 4657 2469 4711 circa
2493 4656 2952 4727 Porphyrionem,
2973 4664 3034 4711 ut
3058 4666 3591 4727 pntamus,-patrata,

2017 4758 2318 4820 potuerunt
2353 4764 2383 4802 a
2433 4749 2731 4803 mitissimo
2760 4748 2883 4802 viro
2916 4756 2971 4803 et
3002 4749 3222 4803 miseris
3270 4764 3594 4804 succurrere

2015 4839 2449 4909 promptissimo,
2484 4838 2579 4892 ubi
2644 4837 2819 4908 gloria
2870 4837 2968 4891 Dei
3023 4848 3082 4892 et
3115 4837 3466 4891 incolumitas
3497 4839 3598 4892 Ee-

2014 4930 2182 4984 elesia
2228 4930 2608 4999 periclitatur,
2673 4929 2929 4998 exemplo
2994 4929 3226 4983 aliorum
3258 4940 3596 4991 sanctorum,

2018 5019 2330 5074 istiusmodi
2370 5029 2711 5088 extorquere
2761 5019 3078 5088 epistolam,
3112 5020 3332 5087 qualem
3375 5020 3599 5088 subjici-

2020 5127 2161 5174 mns,
2190 5112 2254 5165 ad
2281 5112 2652 5166 Justinianum
2687 5112 2771 5176 (ut
2811 5126 2978 5180 supra
3022 5110 3386 5179 probabiliter
3430 5111 3592 5164 susti-

2020 5205 2238 5273 nemus)
2275 5204 2482 5257 datam.
2516 5203 2715 5273 lpsam,
2745 5219 2855 5257 non
2914 5213 2973 5257 ut
3025 5202 3294 5256 Duronius
3327 5190 3495 5255 habet
3534 5216 3600 5255 ex

2021 5293 2266 5348 editione
2302 5293 2523 5347 concilii
2564 5309 2628 5348 tu
2675 5293 2881 5348 Nicmni
2914 5293 3129 5355 Latina,
3164 5292 3258 5346 sed
3285 5306 3349 5344 ex
3380 5291 3601 5344 Graeco-

2019 5385 2235 5449 Latina,
2266 5402 2580 5455 quanquam
2616 5401 2726 5440 non
2783 5386 2916 5439 satis
2947 5395 3215 5441 accurate
3261 5383 3599 5444 translatam,

2020 5486 2081 5528 ut
2112 5474 2236 5527 istic
2265 5474 2505 5530 Aetione
2526 5476 2734 5529 5vcrsa
2762 5483 2867 5538 est,
2893 5474 3190 5543 hicaecipe
3224 5514 3236 5527 .
3265 5468 3453 5541 utpote
3476 5486 3601 5524 cum

2017 5574 2278 5620 contextu
2308 5567 2553 5622 auctoris
2574 5566 2745 5621 (ἔτεοιοὶ
2777 5566 2947 5636 magis
2974 5564 3400 5621 concursantem
3430 5561 3528 5633 (ll).

414 5783 487 5853 (ἱ)
518 5780 668 5840 llam:
708 5777 1006 5850 Epistolam
1048 5776 1187 5834 inira
1221 5776 1432 5835 damus.
1472 5786 1585 5843 [est
1627 5776 1803 5828 Vitam
1838 5774 1890 5829 ἔῗν.
1928 5774 2234 5845 Synnecnis.
