4110 6332
616 310 764 375 ἳὲλῗθ

1893 314 1953 371 S.
1996 312 2296 374 SYMEON
2335 314 2614 375 IUNIOB

3743 315 3893 381 29³Ξῦ

695 425 784 477 3i.
823 422 1098 478 Hactenus
1119 422 1376 492 epistola,
1420 431 1527 477 tam
1591 423 1707 477 zelo
1764 421 1967 476 divina:
2008 423 2195 492 gloriae
2226 430 2270 484 Α
2299 425 2541 495 insignis,
2577 425 2745 478 multa
2777 434 2825 478 et
2856 427 2987 481 dixit
3010 437 3058 480 ct
3085 427 3227 495 fecit,
3267 444 3385 498 qua'
3410 428 3701 496 imperium
3729 427 3890 482 Hau-

623 510 863 580 odioque
891 510 1169 564 scelerum
1214 516 1397 580 plena,
1433 527 1596 580 quam
1628 526 1736 564 non
1813 511 2080 564 instructa
2134 513 2202 564 ab

625 603 870 655 oratorio
926 602 1224 656 verborum
1259 606 1488 664 Ornalu;
1547 601 1692 670 quod
1751 613 1930 656 tamen
1984 600 2202 657 ollicere

626 694 765 748 nihil
813 693 980 748 debet
1051 703 1133 759 (ut
1202 696 1319 745 \‘Ull
1371 693 1624 761 epistola,
1667 708 1830 759 quam
1863 692 2096 745 Allatius
2146 691 2200 744 in

628 783 875 836 Diatriba
898 784 1008 846 hic,
1039 784 1140 838 sub
1177 785 1399 836 nomine
1450 781 1633 834 Caroli
1694 783 1868 850 Magni
1924 783 2200 851 producit)

625 876 925 942 quominus
971 875 1210 943 genuina
1265 875 1439 927 sancti
1486 875 1756 943 ngeonis
1798 874 2048 936 dicatur,
2092 875 2200 925 vim

625 966 1045 1034 signiﬁcationis
1093 966 1464 1042 potiusquam
1527 965 1714 1019 fucum
1759 964 2027 1018 orationis
2074 978 2202 1032 spe-

625 1058 850 1110 ctantis.
878 1057 1102 1112 “eiulat
1138 1059 1370 1110 Allatius
1402 1057 1524 1110 loco
1565 1058 1733 1110 citato
1763 1057 1962 1110 dictam
1992 1056 2200 1124 episto-

625 1150 756 1214 lam,
789 1152 903 1204 ltaec
927 1153 1204 1219 prtecipue
1247 1162 1569 1219 argumenta
1621 1152 1991 1220 complexam;
2053 1151 2198 1219 quod

625 1243 1161 1297 sanctuslustiniuni
1212 1244 1545 1311 imperatoris
1607 1260 1763 1296 ames
1805 1243 2008 1295 divinas
2062 1259 2201 1294 nun-

629 1337 941 1404 cupaverit;
976 1335 1118 1403 quod
1146 1336 1384 1387 emudcm
1425 1337 1785 1389 misericordia
1827 1337 1904 1388 uti
1929 1335 2203 1402 prohibue-

628 1427 697 1476 rit
731 1441 749 1488 ;
783 1425 929 1493 quod
967 1427 1057 1493 qui
1086 1425 1334 1479 debuerat
1371 1427 1510 1478 iram
1551 1427 1686 1494 regis
1723 1425 2011 1494 refrenare,
2047 1424 2200 1477 illam

625 1518 794 1584 magis
821 1517 1091 1584 magisque
1110 1516 1470 1580 succenderit;
1505 1515 1650 1584 quod
1670 1518 1782 1586 ejus
1811 1515 2047 1583 exemplo
2077 1532 2200 1568 usus

632 1622 737 1658 non
780 1608 868 1670 sit,
919 1609 1009 1676 qui
1038 1610 1295 1660 neminem
1338 1607 1449 1661 vult
1498 1609 1668 1675 perire
1698 1624 1716 1660 :
1771 1607 1914 1674 quod
1962 1605 2201 1674 denique

629 1699 794 1750 cidem
820 1701 1131 1766 imperatori
1171 1700 1337 1752 Deum
1395 1715 1722 1767 conregnare
1775 1699 1985 1750 dia'crit.
2034 1697 2198 1751 Vides

625 1805 789 1856 quam
816 1790 1113 1844 inetllcacia
1153 1792 1262 1844 sint
1310 1791 1514 1851 omnia,
1565 1790 1702 1842 adeo
1741 1799 1802 1843 ut
1847 1803 2029 1856 Operae
2070 1804 2197 1856 pre-

629 1882 759 1932 tium
796 1897 902 1934 non
959 1882 1030 1936 sit
1067 1882 1329 1935 refutare.
1387 1883 1656 1949 lle-surgat.
1712 1882 1977 1950 propheta
2032 1882 2198 1945 Elias,

627 1972 749 2024 zelo
808 1973 1008 2025 divina:
1049 1973 1235 2040 gloria:
1273 1987 1598 2032 succensus,
1631 1973 1852 2038 gravius
1912 1975 2085 2026 multo
2145 1974 2199 2026 in

626 2061 835 2114 scelera
875 2062 1185 2115 istiusmodi
1246 2062 1559 2122 inrelietur,
1608 2063 1686 2115 uti
1738 2064 1888 2122 olim,
1950 2063 2128 2132 ignem
2169 2078 2200 2115 e

627 2151 768 2204 cmlo
799 2166 1105 2204 accersens.
1149 2151 1201 2204 Si
1257 2152 1385 2219 quis
1448 2152 1683 2206 rcl‘utata
1717 2153 1968 2222 pluribus
2028 2153 2196 2220 cupit,

629 2242 791 2294 adeat
825 2244 1052 2295 citatum
1084 2243 1269 2296 Allatii
1311 2243 1491 2296 locum
1533 2260 1545 2293 :
1577 2257 1681 2296 nos
1709 2243 1763 2295 in
1794 2258 1874 2305 re,
1928 2259 2036 2296 non
2099 2243 2195 2295 ad-

629 2331 852 2386 modum
890 2333 955 2386 ad
988 2333 1300 2388 institutum
1325 2342 1573 2386 nostrum
1622 2332 1880 2395 faciente,
1923 2331 2199 2401 longiores

631 2424 799 2478 etiam
852 2425 1076 2489 luimus,
1129 2441 1292 2494 quam
1321 2441 1418 2495 par
1444 2433 1563 2479 est:
1614 2424 1710 2477 sed
1755 2424 2025 2493 promissa
2074 2423 2199 2476 Bol-

627 2516 775 2571 landi
808 2518 1089 2572 solvimus.

727 2686 754 2757 ᾗ
786 2687 871 2742 Vl.
895 2718 964 2726 —
996 2687 1364 2758 Memor‘abilia
1414 2689 1477 2739 de
1529 2695 1710 2741 sancto
1741 2687 1997 2758 Symeone
2031 2704 2092 2741 ex

1283 2757 1534 2827 Evagrio.

689 2890 778 2943 5'2.
816 2889 1121 2942 Plurimum
1153 2887 1496 2942 auctoritatis
1546 2895 1843 2941 ροιιείιιιιτρ
1871 2886 2035 2941 debet
2063 2887 2199 2941 Vitae

621 2988 824 3034 nostra:
856 2979 1122 3049 Evagrius
1156 2978 1551 3038 Scholasticus,
1586 2993 1682 3045 per
1733 2978 1820 3029 illa
1848 2994 1969 3045 qua:
2020 2980 2073 3030 iu
2105 2969 2193 3030 ll‘iv

2307 514 2429 574 rilio
2463 515 2802 568 nuntiabant.
2834 515 3098 582 Quaenam
3131 534 3264 574 vero
3319 518 3408 571 illa
3438 519 3574 583 sint,
3606 533 3719 572 non
3772 533 3898 573 me-

2306 607 2442 660 mini
2483 607 2696 676 uspiam
2725 608 3016 676 speciatim
3053 624 3378 679 expressum
3411 608 3620 677 legere,
3657 623 3728 663 ne
3757 609 3895 678 qui-

2306 697 2430 751 dem
2466 699 2518 751 in
2544 697 2666 752 Vita
2695 708 2882 753 nostra
2913 700 3242 769 prolisiore;
3272 715 3392 769 qua:
3419 701 3594 754 multa
3658 701 3893 770 quidem

2305 788 2372 843 de
2403 787 2621 843 J'ustino
2663 789 2889 843 Juniore
2919 831 2932 852 ,
2989 791 3152 859 eique
3191 792 3452 860 prmdicto
3508 791 3764 862 imperio,
3817 794 3894 849 de

2306 879 2560 933 Mauritio
2595 895 2727 934 vero
2776 895 3004 949 prorsus
3037 882 3214 935 nihil:
3272 865 3444 946 unde,
3495 883 3572 937 uti
3599 893 3658 937 et
3699 899 3768 938 ex
3798 900 3897 939 se-

2308 971 2630 1039 quentibus,
2668 987 2903 1041 prouum
2967 983 3056 1028 est
3112 974 3388 1042 colligere,
3437 977 3692 1043 quamvis
3758 991 3896 1044 pro-

2305 1061 2566 1115 lixissima
2596 1061 2711 1114 \‘ita
2746 1063 3027 1116 contineat
3049 1063 3306 1131 plurima,
3348 1065 3505 1133 plura
3539 1072 3721 1118 tamen
3746 1080 3894 1134 pra-

2307 1154 2537 1207 teriisse.
2569 1153 2735 1207 Libro
2766 1153 2968 1208 deinde
3022 1165 3198 1217 sexto,
3247 1171 3369 1223 cap.
3414 1139 3485 1209 i5
3535 1165 3670 1219 toto,
3722 1159 3892 1224 quasi

2305 1245 2694 1314 compendium
2723 1247 2847 1300 vitae
2877 1247 3170 1316 Symeom’s
3203 1248 3283 1301 sic.
3316 1248 3490 1301 texit:
3524 1247 3723 1302 Eodem
3752 1258 3895 1302 tem-

2305 1352 2449 1406 pore,
2517 1352 2635 1388 cum
2687 1335 2968 1407 Gregorius
3032 1349 3272 1390 sanctum
3326 1336 3638 1407 Symconem
3701 1337 3895 1392 lethali

2305 1430 2484 1482 morbo
2515 1440 2793 1500 wgrotare,
2843 1447 2924 1483 me
2976 1430 3262 1491 indicante,
3301 1429 3605 1492 didicisset,
3643 1429 3714 1482 ad
3764 1445 3892 1482 eum

2303 1523 2576 1590 confestim
2626 1522 2888 1586 excurrit,
2943 1530 3000 1574 ut
3053 1531 3332 1590 postremo:
3381 1519 3723 1573 salutationis
3772 1521 3892 1589 oﬂi-

2305 1616 2442 1667 cium
2472 1615 2518 1668 ei
2548 1614 2828 1667 exhiberet.
2857 1614 3043 1667 Verum
3074 1615 3128 1667 id
3161 1614 3300 1683 quod
3342 1614 3606 1682 cupiebat,
3639 1615 3894 1682 consequi

2305 1722 2406 1759 non
2430 1707 2620 1775 potuit.
2661 1706 2830 1759 Porro
2865 1708 2946 1759 hic
2982 1705 3205 1774 Symeon
3237 1715 3448 1758 cunctos
3504 1705 3587 1758 sui
3635 1708 3890 1774 temporis

2309 1794 2558 1850 mortales
2587 1797 2780 1850 virtute
2816 1796 2966 1866 longe
3009 1796 3300 1867 superavit.
3363 1794 3570 1866 Quippe
3611 1814 3644 1849 a
3695 1798 3891 1849 terseris

2307 1885 2607 1955 unguiculis
2643 1902 2890 1956 asperum
2928 1886 3133 1938 vivendi
3167 1901 3329 1955 genus
3367 1885 3423 1937 in
3476 1883 3725 1938 columna
3792 1901 3890 1938 es:-

2304 1976 2577 2031 coluerat:
2614 1977 2744 2030 adeo
2789 1985 2845 2029 ut
2877 1977 3055 2030 dentes
3108 1978 3162 2028 in
3201 1975 3460 2029 columna
3505 1977 3734 2030 statione
3779 1978 3888 2046 ipsi

2304 2069 2494 2121 mutati
2528 2067 2742 2136 fuerint.

2376 2155 2466 2209 54.
2509 2155 2826 2210 Columnam
2888 2164 3066 2210 autem
3118 2157 3415 2210 conscendit
3470 2154 3772 2224 hujusmodi
3821 2171 3890 2208 ex

2303 2262 2502 2301 causa:
2542 2246 2676 2300 Cum
2702 2256 2832 2302 esset
2864 2249 3147 2302 admodum
3176 2257 3356 2302 tenera
3394 2248 3565 2302 adhuc
3594 2255 3769 2307 artate,
3797 2247 3887 2298 lu-

2303 2338 2428 2390 dens
2463 2348 2512 2390 et
2566 2337 2772 2391 saltans
2799 2356 2892 2407 per
2922 2341 3110 2392 montis
3126 2341 3261 2408 juga
3293 2339 3572 2392 oberrabat
3607 2355 3626 2390 :
3658 2353 3887 2407 cumque.

2303 2432 2358 2484 in
2389 2430 2618 2499 pardum
2676 2433 2964 2494 incidisset,
2991 2448 3179 2484 zonam
3209 2481 3211 2483 .
3240 2431 3374 2484 collo
3407 2432 3522 2495 ejus
3576 2431 3798 2500 injecit;
3833 2439 3886 2481 et

2301 2521 2552 2583 belluam,
2572 2522 2774 2575 innata:
2800 2521 3025 2590 feritatis
3055 2518 3295 2586 oblitam,
3331 2522 3483 2591 quasi
3499 2521 3623 2590 joco
3645 2520 3883 2581 trahens,

2302 2613 2371 2665 ad
2404 2614 2783 2666 monasterium
2839 2630 2993 2666 suum
3039 2613 3274 2666 deduxit.
3303 2610 3454 2677 Quod
3490 2609 3884 2682 contemplatus

2305 2706 2559 2774 magister
2591 2705 2724 2774 ejus,
2754 2706 2842 2773 qui
2867 2706 2919 2756 in
2945 2703 3191 2757 columna
3227 2707 3389 2757 vitam
3414 2707 3623 2774 agebat,
3654 2719 3879 2773 puerum

2301 2797 2672 2864 intcrrogarit,
2691 2795 3053 2864 quidnamhoc
3067 2804 3217 2848 esset.
3236 2793 3499 2863 Iilcft-lem
3528 2811 3636 2848 esse
3665 2812 3884 2862 respon-

2301 2886 2399 2946 dit,
2428 2903 2581 2956 quem
2612 2886 2761 2955 iulgo
2795 2896 2995 2939 caltam
3032 2887 3330 2938 nominaut.
3361 2887 3532 2955 Atque
3560 2902 3625 2939 ea:
3666 2888 3760 2938 hoc
3788 2888 3883 2954 fa-

2299 2989 2379 3033 cto
2405 2981 2765 3048 conjecturam
2789 2984 3023 3048 capiens,
3060 2980 3235 3048 quatis
3277 2987 3610 3047 quantusque
3646 2976 3878 3046 ngcou

624 3070 795 3125 storia
826 3085 923 3124 sua
962 3069 1336 3122 ecclesiastica
1367 3069 1434 3122 de
1460 3078 1642 3121 sancto
1692 3067 1948 3137 Symcone
1997 3067 2192 3138 Stylila
2229 3087 2270 3142 ο
2306 3074 2356 3124 in
2417 3073 2625 3124 virtutis
2687 3073 2859 3124 studio
2909 3071 3118 3138 futurus
3163 3079 3317 3133 esset,
3347 3071 3401 3123 in
3435 3069 3734 3123 columnam
3759 3087 3878 3122 eum

622 3164 844 3218 Juniorc
869 3168 1158 3216 memorat.
1184 3161 1317 3215 Nam
1341 3170 1708 3230 prteterquam
1769 3159 1918 3228 quod
1969 3175 2199 3214 summm

623 3256 751 3309 lidei
812 3253 1114 3307 historicus
1166 3251 1257 3312 sit.
1289 3267 1508 3306 comvus
1559 3251 1816 3320 Symconi
1860 3250 1981 3307 luit.
2012 3265 2198 3318 eoque

623 3343 966 3398 fanriliariter
1030 3359 1183 3407 usus,
1260 3341 1725 3412 quemadmodum
1793 3355 1856 3394 ex
1912 3341 2199 3408 ipsiusmct

623 3433 827 3496 verbis,
881 3450 1006 3487 mox
1063 3433 1458 3502 subjiciendi's,
1521 3439 1702 3501 potest
1759 3431 1938 3500 colligi
1985 3449 1996 3482 :
2059 3431 2196 3484 dicit

623 3531 794 3594 enim,
819 3529 1084 3601 Gregorio
1104 3530 1426 3599 patriarchae
1482 3529 1832 3583 Antiocbcno
1883 3531 2192 3603 innotuisse

615 3620 878 3673 letltalem
919 3621 1090 3673 sancti
1147 3618 1421 3690 Symeonis
1453 3618 1742 3681 morbum,
1792 3618 2058 3671 indicante
2103 3635 2188 3673 se.

612 3712 869 3767 Ostendit
934 3712 1100 3766 etiam
1190 3712 1582 3765 commercium
1653 3711 1966 3764 litterarum
2048 3711 2193 3764 inter

617 3810 917 3871 utrumque
939 3802 1338 3866 intercessisse,
1378 3817 1500 3855 cum
1550 3803 1626 3855 ait
1682 3803 2024 3857 admonitum
2056 3818 2115 3858 se
2160 3819 2190 3857 a

620 3892 823 3946 Sancto
858 3908 956 3962 per
1003 3893 1218 3946 litteras
1243 3893 1413 3948 fuisse
1441 3893 1675 3962 quadam
1708 3909 1876 3964 super
1917 3910 1996 3957 rc,
2026 3910 2189 3964 quam

616 3983 848 4052 putabat
887 3983 1144 4038 omnibus
1168 3984 1307 4038 clam
1338 3999 1482 4038 esse.
1511 3984 1762 4040 Certiora
1793 4000 2014 4054 quoque
2057 4000 2190 4054 pro-

624 4071 954 4140 lertindicia
986 4083 1192 4130 mutuae
1230 4075 1649 4130 consuetudinis
1682 4075 1802 4130 Vita
1869 4092 2024 4130 num.
2057 4076 2186 4141 958,

611 4163 704 4218 ubi
739 4180 860 4233 qua:
890 4172 1200 4234 cognoverat
1230 4166 1283 4216 in
1313 4165 1502 4233 spiritu
1529 4164 1776 4235 Symeon,
1803 4164 2048 4238 Evagrio,
2096 4180 2192 4234 pro

618 4256 701 4309 sui
729 4257 782 4308 in
802 4257 977 4324 ipsum
1006 4255 1268 4326 singulari
1293 4257 1637 4324 propensione
1657 4258 1843 4315 animi.
1889 4257 2048 4326 jussit
2105 4257 2191 4309 in-

617 4345 806 4397 dicari.
831 4344 1002 4398 Porro
1049 4347 1432 4399 auctoritatem
1487 4344 1643 4406 Vitae,
1683 4355 1790 4398 tam
1846 4346 2185 4415 frequentia,

618 4434 897 4497 inusitata,
925 4434 1306 4506 stupendaque
1337 4435 1598 4489 miracula
1634 4447 1692 4490 et
1722 4435 2031 4491 inauditum
2057 4440 2185 4492 Viue

617 4526 930 4580 institutum
956 4526 1288 4592 continenti,
1322 4529 1617 4594 conciliat;
1646 4544 1772 4581 cum
1791 4528 2014 4582 vixdum
2039 4544 2188 4582 mor-

617 4628 772 4676 tuum
803 4619 986 4673 Sancti
1021 4620 1393 4689 appellatione
1447 4637 1554 4674 non
1607 4621 1825 4676 dubitat
1880 4622 2187 4685 honorare;

613 4725 742 4765 cum
786 4709 938 4762 illum
994 4716 1210 4761 cunctos
1254 4710 1336 4760 sui
1390 4709 1640 4778 temporis
1693 4707 1942 4761 mortales
1998 4709 2188 4761 virtute

613 4802 766 4872 longe
789 4818 1086 4872 superasse,
1120 4803 1475 4872 pronuntiat;
1520 4816 1643 4855 cum
1670 4800 1999 4854 miraculum
2047 4800 2099 4854 in
2131 4815 2189 4854 se

611 4894 842 4957 factum,
879 4893 1022 4948 idem
1065 4893 1212 4963 quod
1248 4895 1301 4947 in
1325 4894 1448 4948 Vita
1481 4911 1534 4947 ιι.
1571 4894 1679 4948 233
1716 4894 1962 4962 ponitur,
2022 4908 2186 4947 enar-

613 4991 718 5035 rat.
745 4980 931 5050 Neque
959 4991 1139 5035 tamcn
1167 4996 1372 5040 omne.
1405 4998 1525 5049 quae
1573 4981 1641 5036 de
1700 4990 1883 5034 sancto
1934 4980 2190 5052 Symeone

614 5075 703 5126 hic
731 5072 921 5130 rcl'ert.
948 5074 1344 5142 complectitur
1374 5074 1496 5126 Vita
1526 5087 1712 5128 nostra
1743 5092 1756 5138 ;
1786 5073 1986 5127 desunt
2014 5073 2191 5143 plera-

611 5177 720 5231 que.
753 5180 763 5214 :
804 5173 967 5230 atque
1021 5162 1144 5216 ideo
1181 5163 1530 5233 potissimum
1569 5180 1633 5219 ea
1691 5165 1907 5227 damus,
1939 5179 2006 5218 ne
2054 5163 2186 5233 quid

611 5254 750 5308 scitu
778 5253 1004 5323 dignum
1049 5265 1428 5324 praetereatur.

683 5345 772 5398 55.
806 5344 945 5398 Audi
989 5345 1156 5415 igitur
1193 5345 1372 5416 ipsum
1402 5346 1500 5400 lib.
1549 5363 1604 5410 ν,
1663 5362 1714 5401 c.
1758 5347 1850 5406 2|.
1894 5346 2040 5400 inter
2083 5345 2189 5400 alia

617 5436 772 5506 signa
837 5452 958 5505 qua:
1010 5437 1268 5492 Mauritio
1308 5437 1599 5507 imperium
1652 5437 2072 5508 portenderent,
2108 5437 2188 5492 sic

610 5525 969 5596 loquentem:
1007 5527 1238 5598 Denique
1270 5527 1518 5600 Symeon,
1557 5531 1827 5599 quijuxla
1865 5529 2046 5583 urbem
2073 5529 2187 5584 An-

610 5617 1039 5688 tiochiamsupcr
1059 5618 1302 5672 columna
1357 5629 1503 5674 stans
1536 5622 1694 5674 vitam
1763 5621 1952 5690 exegit,
2005 5622 2085 5675 uir
2119 5621 2189 5675 ad

610 5721 693 5758 res
727 5708 984 5777 gerendas
1017 5711 1319 5781 aptissimus
1341 5754 1354 5777 ,
1383 5719 1430 5764 et
1465 5712 1661 5765 cunctis
1691 5711 1878 5765 divinis
1910 5711 2187 5766 virtutibus

2306 3162 2538 3214 admisit.
2577 3161 2695 3227 Qua
2735 3161 2791 3214 in
2832 3162 3118 3225 columna,
3159 3171 3206 3214 et
3241 3163 3294 3216 in
3343 3162 3515 3215 altera
3565 3176 3683 3230 quit
3720 3168 3790 3212 est
3826 3162 3879 3212 in

2301 3269 2508 3306 summa
2535 3257 2724 3307 montis
2753 3258 2964 3318 vertice,
2988 3263 3100 3306 octo
3130 3269 3193 3306 ac
3245 3253 3526 3323 sexaginta
3560 3251 3729 3320 exegit
3779 3265 3882 3301 an-

2302 3345 2584 3415 nos,omni
2608 3347 2796 3414 gratiae
2819 3360 3007 3415 genere
3047 3347 3291 3397 donatus.
3326 3341 3530 3412 Quippe
3570 3343 3659 3410 qui
3687 3348 3738 3392 et
3765 3339 3880 3392 da:-

2302 3451 2483 3488 mones
2540 3436 2792 3504 abigeret,
2819 3445 2866 3488 et
2915 3435 3121 3488 morbos
3170 3451 3232 3486 ac
3263 3434 3543 3502 languores
3576 3446 3753 3484 omnes
3783 3446 3880 3482 sa-

2300 3535 2473 3587 narct,
2509 3538 2557 3578 et
2612 3526 2794 3594 futura
2839 3525 3052 3594 perinde
3105 3521 3166 3578 ac
3217 3524 3501 3594 prazsentia
3539 3522 3873 3591 prmideret.

2303 3613 2557 3684 Gregorio
2592 3622 2729 3667 certe
2773 3615 3040 3684 praedixit,
3071 3629 3190 3667 eunt
3229 3621 3450 3666 mortem
3473 3609 3684 3679 quidem
3707 3609 3876 3678 ipsius

2297 3708 2533 3760 visurum
2569 3723 2670 3760 non
2699 3723 2809 3760 esse
2837 3724 2855 3771 ,'
2888 3722 3005 3776 qua
3047 3721 3168 3760 vero
3227 3714 3342 3774 post
3407 3711 3628 3756 mortem
3692 3702 3877 3770 futura

2303 3807 2494 3857 essent,
2523 3800 2919 3867 ignoraturum.

2371 3891 2458 3943 55.
2490 3890 2724 3959 Cumque
2751 3905 2844 3960 ego
2864 3891 3072 3942 amissis
3098 3889 3271 3942 liberis
3299 3888 3424 3940 meis
3453 3887 3506 3938 in
3527 3886 3702 3939 caries
3727 3886 3869 3954 cogi-

2299 3983 2527 4034 tationes
2547 3981 2843 4044 diducerer,
2885 3989 2934 4033 et
2955 3980 3096 4050 apud
3131 3996 3211 4032 me
3237 3993 3528 4048 qua'rerem
3554 3977 3680 4047 quid
3700 3990 3873 4030 causa

2301 4083 2453 4137 esset,
2503 4089 2598 4126 cur
2622 4073 2924 4143 gentilibus,
2961 4071 3145 4142 quibus
3170 4072 3324 4124 multi
3366 4080 3490 4125 sunt
3523 4068 3690 4132 liberi,
3737 4070 3872 4122 idem

2297 4181 2402 4217 non
2431 4165 2656 4216 eveniret
2692 4179 2710 4226 ;
2755 4162 2994 4232 quamvis
3021 4161 3217 4215 nemini
3247 4175 3465 4231 prorsus
3496 4161 3867 4230 cogitationem

2298 4255 2435 4307 hanc
2463 4254 2806 4323 aperuissem,
2839 4252 2932 4305 ille
2972 4261 3149 4306 tamen
3196 4253 3536 4322 cogitationes
3567 4251 3735 4305 animi
3779 4253 3875 4306 πει-ἱ

2302 4345 2691 4414 introspiciens,
2723 4344 2932 4413 scripsit
2973 4343 3043 4396 ad
3086 4359 3187 4397 me.
3220 4352 3278 4397 ut
3324 4343 3388 4396 ab
3428 4343 3505 4396 his
3543 4343 3874 4412 cogitationi-

2226 4416 2264 4470 ο
2297 4435 2390 4489 bus
2449 4435 2807 4500 abstinerem;
2847 4435 3038 4505 quippe
3079 4451 3195 4504 qua:
3236 4435 3650 4504 haudquaquam
3698 4433 3875 4504 place-

2298 4536 2414 4582 rent
2465 4527 2596 4581 Deo.
2626 4528 2799 4592 Idem,
2831 4544 2949 4582 cum
2982 4527 3136 4581 ua‘ori
3157 4527 3435 4598 cujusdam
3472 4541 3537 4579 ea:
3564 4526 3692 4579 meis
3717 4541 3872 4578 ama-

2295 4619 2582 4673 nuensibus
2614 4629 2728 4689 post
2757 4629 2970 4688 parturn
3027 4617 3109 4672 lac
3151 4618 3475 4672 obstructum
3509 4624 3662 4682 esset,
3698 4626 3747 4670 et
3796 4615 3874 4669 iu-

2296 4710 2413 4779 fans
2441 4711 2492 4763 in
2523 4726 2729 4764 summo
2760 4710 3062 4764 discrimine
3111 4719 3418 4764 versaretur
3445 4725 3463 4774 ;
3495 4713 3740 4762 contacta
3777 4706 3874 4760 uiri

2299 4802 2536 4866 dextera,
2566 4801 2834 4871 prtecepit,
2867 4810 2924 4854 ut
2951 4817 3067 4854 eam
3089 4802 3326 4871 conjugis
3358 4815 3469 4856 sum
3494 4797 3748 4853 mamillis
3775 4799 3872 4850 im-

2293 4901 2528 4962 poneret.
2563 4891 2678 4958 Quo
2708 4893 2870 4962 facta,
2893 4894 3074 4947 statim
3109 4892 3192 4946 lac
3213 4893 3369 4962 quasi
3391 4907 3456 4945 ex
3475 4890 3706 4960 quodam
3737 4889 3873 4958 fonte

2296 4983 2544 5054 prosiliit,
2603 4983 2734 5037 adeo
2777 4991 2832 5036 ut
2873 4991 3040 5037 totam
3077 4983 3315 5037 mulieris
3343 4992 3537 5036 uestem
3579 4979 3871 5049 madeface-

2295 5081 2394 5128 ret.
2421 5074 2524 5128 Sed
2553 5083 2600 5127 et
2625 5090 2847 5144 puerum
2869 5075 3173 5145 quemdam,
3197 5084 3346 5129 nocte
3367 5077 3680 5145 intempesta
3714 5091 3750 5129 α
3790 5089 3872 5128 co-

2296 5167 2502 5220 mitibus
2556 5167 2760 5222 itineris
2807 5183 2901 5238 per
2937 5166 3246 5221 oblivionem
3277 5166 3522 5220 relictum
3550 5167 3602 5220 in
3654 5167 3762 5230 uia,
3793 5166 3870 5220 leo

2299 5255 2603 5324 impositum
2638 5259 2793 5310 dorso
2822 5272 2918 5309 suo
2946 5256 3016 5310 ad
3044 5255 3315 5329 ngeouis
3355 5259 3735 5311 monasterium
3757 5272 3874 5326 por—

2299 5347 2468 5410 tavit;
2493 5357 2542 5399 et
2557 5348 2778 5416 jubente
2805 5347 3065 5420 Symcone
3111 5350 3304 5420 egressi
3347 5349 3600 5414 ministri,
3632 5364 3868 5418 puerum,

2298 5440 2386 5508 qui
2414 5457 2444 5493 a
2478 5439 2625 5492 leone
2647 5442 3071 5505 custodiebatur,
3096 5438 3717 5496 introduxeruntJlulta
3745 5454 3871 5510 quo-

2295 5545 2393 5600 que
2428 5531 2559 5595 alia,
2591 5535 2902 5586 memoriam
2956 5549 3163 5586 onmem
3210 5533 3540 5603 superantia,
3580 5531 3717 5584 idem
3753 5546 3868 5600 ges-

2295 5622 2383 5682 sit,
2417 5637 2533 5692 qua?
2564 5632 2611 5674 et
2655 5620 2892 5693 linguam
2937 5624 3212 5688 disertam,
3241 5631 3288 5676 et
3315 5623 3504 5688 otium,
3535 5633 3585 5676 et
3611 5625 3868 5693 peculiare

2298 5729 2422 5782 opus
2465 5713 2766 5767 desiderant
2803 5729 2822 5768 :
2865 5730 3085 5786 quisque.
3123 5717 3359 5772 omnium
3401 5730 3531 5786 pene
3562 5715 3866 5772 mortalium
