4110 6332
322 340 454 406 2981

1467 335 2066 400 COMMENTARIUS
2107 333 2476 394 Ρῐιιενιυε.

3438 332 3582 398 2932
3600 378 3605 382 -

323 455 517 525 ungui;
549 452 898 507 celebramur,
938 451 1184 507 omnium
1219 451 1357 507 enim
1397 449 1675 502 nationum
1728 445 1895 498 homi-
1928 445 1973 503 Λ
2002 458 2140 500 sum,
2175 440 2428 510 maligne,
2455 449 2502 492 et
2549 456 2704 492 curre
2755 441 2808 493 in
2854 443 3102 512 ﬂammas
3132 443 3289 520 ignis,
3315 460 3581 510 arsurus,-

319 558 434 608 nes,
471 560 575 596 non
616 542 846 596 Romani
884 541 1079 603 solum.
1109 557 1289 594 verum
1339 543 1501 593 etiam
1554 538 1791 600 barbari,
1826 535 1896 588 ad

315 653 438 689 eum
462 635 830 698 uentitabant;
862 642 910 686 et
955 647 1274 702 quwcunque
1317 628 1752 701 postulaverant,
1795 628 1898 680 im-

313 726 619 795 petrabant.
654 723 763 777 Pro
803 723 912 776 cibo
962 732 1139 775 autem
1187 739 1250 774 ac
1301 730 1427 790 potu
1482 721 1528 772 ei
1583 721 1727 788 fuere
1757 719 1896 771 rami

314 817 595 887 cujusdam
652 815 898 885 fruticis,
962 813 1049 883 qui
1091 829 1148 865 eo
1202 814 1258 865 in
1318 819 1494 865 monte
1555 810 1892 886 ngscebalttr.

316 908 623 976 Utrumque
657 906 806 960 hunc
837 903 1055 974 Evagrii
1100 904 1283 958 locum
1317 903 1602 956 transtulit
1625 902 1792 955 etiam
1825 898 1896 953 ad

314 1013 412 1061 se,
484 997 713 1052 totidem
765 1010 904 1065 pene
957 992 1182 1055 verbis.
1232 993 1582 1062 Nieepltorus
1639 989 1896 1046 Callistus

315 1090 357 1143 Ι.
399 1106 548 1148 xvm.
585 1103 637 1144 c.
666 1088 697 1142 7
729 1099 786 1143 et
817 1087 910 1142 24.

311 1249 478 1321 ωιι.
507 1248 629 1304 Alia
659 1248 722 1302 de
747 1248 926 1301 eodem
958 1244 1343 1321 memorabilia,
1370 1260 1432 1297 ea:
1457 1243 1655 1314 synodo
1677 1242 1896 1297 Nicwna

599 1335 656 1380 tt,
701 1327 750 1371 et
783 1325 966 1370 sancto
997 1315 1204 1370 Joanne
1262 1315 1610 1368 Damasceno.

398 1429 500 1486 Hic
523 1445 743 1500 quoque
794 1429 1173 1499 paragraphus
1223 1428 1417 1490 eodem
1450 1427 1636 1490 faciet,
1669 1440 1780 1494 quo
1805 1440 1898 1479 su-

317 1521 548 1592 perior:
584 1521 844 1574 videlicet
873 1529 934 1574 ut
977 1535 1044 1574 eo
1077 1521 1302 1590 majoris
1361 1517 1713 1572 auctoritatis
1761 1532 1897 1572 cen-

319 1622 510 1668 seatur
535 1627 655 1666 esse
683 1612 825 1674 Vita,
858 1628 968 1682 quo
1001 1612 1284 1680 graviores
1320 1621 1453 1664 sunt
1481 1619 1736 1663 auctores
1761 1649 1774 1672 ,
1800 1608 1895 1677 qui

313 1716 419 1756 sua
443 1739 458 1765 ,
515 1701 561 1754 si
589 1716 698 1754 non
724 1716 791 1755 ex
816 1701 926 1762 illa,
963 1709 1114 1754 certe
1140 1701 1330 1754 eadem
1363 1715 1486 1753 cum
1516 1700 1630 1752 illic
1668 1706 1897 1753 conten-

311 1794 408 1858 tis,
442 1793 760 1848 testimonia
821 1793 1236 1862 prompserunt.
1303 1794 1380 1847 Ac
1427 1794 1607 1862 primo
1667 1792 1892 1861 quidem
1926 1783 1968 1839 Β

311 1885 560 1956 synodus
619 1885 838 1939 Nicaeus
870 1900 928 1948 tl,
973 1885 1247 1955 generalis
1306 1901 1399 1949 γυ,
1454 1900 1542 1938 an.
1596 1886 1718 1947 787,
1783 1883 1892 1937 lla-

311 1975 561 2031 drianol
593 1991 728 2044 papa
753 2016 767 2041 ,
803 1973 1170 2029 Constantino
1204 1984 1368 2044 atque
1395 1975 1552 2028 lrene
1590 1975 1894 2043 imperato-

317 2069 499 2135 ribus,
561 2069 837 2123 celebrata
904 2077 1097 2123 contra
1152 2068 1545 2129 Iconoclastas,
1597 2067 1812 2121 actione
1838 2068 1892 2132 4,

319 2160 378 2214 in
401 2159 646 2214 editione
666 2159 1085 2214 Graeco-Latina
1117 2160 1342 2226 Laltbei,
1373 2161 1453 2214 sic
1479 2161 1725 2228 loquitur
1755 2178 1768 2212 :
1803 2159 1896 2212 Jo-

313 2248 464 2316 seph,
499 2248 961 2301 reverendissimus
999 2250 1285 2302 monachus
1327 2259 1373 2302 et
1404 2249 1739 2320 Hegumenus
1780 2266 1893 2302 mo-

315 2337 539 2388 nasterii
583 2335 866 2400 lleraclia’,
926 2338 1112 2390 dixit:
1142 2336 1210 2390 Et
1265 2354 1358 2406 ego
1409 2347 1652 2406 peccator
1702 2337 1893 2391 librum

311 2431 448 2496 fero,
479 2429 838 2492 continentem
892 2427 1065 2482 Vitam
1099 2429 1270 2481 sancti
1317 2427 1591 2497 ngeonis
1635 2428 1893 2481 Mirabilis

310 2519 528 2582 Montis,
549 2529 598 2571 et
619 2528 674 2571 ut
682 2520 899 2585 jubetis.
930 2517 1129 2573 Sancta
1178 2521 1406 2588 synodus
1441 2519 1571 2571 dixit
1601 2518 1892 2589 :Legatur.

318 2610 391 2663 Et
427 2613 683 2679 accipiens
717 2608 955 2674 Cosmus,
990 2609 1099 2662 Deo
1130 2610 1374 2664 amabilis
1411 2611 1662 2663 diaconus
1713 2620 1761 2662 et
1785 2609 1893 2664 Cu—

312 2700 591 2762 buclesius,
635 2700 778 2781 legit.
818 2701 901 2754 Ex
924 2700 1039 2754 Vita
1071 2703 1243 2754 sancti
1272 2700 1449 2753 Patris
1483 2702 1651 2754 nostri
1679 2694 1896 2772 εντησὸ-

317 2793 401 2844 nis
434 2790 692 2845 Mirabilis
723 2791 914 2845 Montis
943 2791 1236 2861 capitulum
1267 2792 1389 2854 H8,
1417 2791 1492 2844 De
1515 2793 1713 2860 femina
1736 2831 1750 2855 ,
1776 2807 1896 2862 qua:

325 2881 606 2952 Rhosapoli
636 2883 832 2936 sterilis
867 2893 1006 2946 erat,
1041 2882 1219 2936 valido
1252 2883 1510 2936 dwmonio
1541 2899 1743 2953 pressa,
1779 2899 1896 2953 qua:

317 2992 459 3029 sana
484 2985 533 3028 et
569 2975 792 3045 fecunda
823 2976 988 3045 facta,
1017 2976 1303 3045 imaginem
1339 2974 1478 3028 Iusti
1515 2976 1762 3044 imposuit
1796 2976 1892 3027 do-

314 3067 392 3120 mi
412 3081 667 3134 suamque:
682 3065 960 3136 magniﬁce
980 3065 1238 3119 miracula
1266 3066 1604 3134 aperabatur.
1633 3063 1894 3131 Quamvis

315 3164 506 3210 autem
580 3156 724 3211 idem
803 3157 1132 3212 miraculum
1195 3157 1334 3210 intra
1383 3173 1605 3227 quoque
1657 3158 1710 3211 in
1775 3157 1895 3210 Vita

318 3261 378 3298 n.
418 3244 514 3298 123
549 3245 842 3311 referatur,
874 3246 1003 3315 quia
1039 3255 1222 3300 tamen
1253 3248 1596 3316 aliquantum
1621 3247 1897 3302 discrimi-

314 3335 408 3389 nis
435 3335 747 3397 intercedit,
776 3337 1052 3406 prtecipue
1098 3336 1278 3404 quoad
1325 3337 1573 3406 phrasin,
1602 3347 1765 3407 atque
1804 3338 1888 3390 in-

321 3441 492 3494 super
561 3426 946 3480 auctoritatem
1019 3414 1220 3495 accipit
1272 3427 1416 3481 liber
1476 3436 1622 3482 totus
1683 3443 1748 3482 ex
1793 3427 1894 3481 hac

320 3525 488 3573 tantm
530 3517 722 3589 synodi
753 3517 982 3587 probata
1013 3519 1354 3583 narratione,
1395 3519 1572 3573 videri
1603 3534 1898 3588 possumus

317 3617 505 3661 actum
532 3623 642 3660 non
679 3623 861 3677 agere,
895 3608 938 3662 si
979 3609 1123 3662 illam
1183 3611 1562 3664 narrationem
1610 3597 1702 3664 llic
1756 3610 1894 3678 adji-

313 3686 668 3754 ciamus.Sie
715 3700 884 3769 igitur
921 3701 1211 3754 lectionem
1259 3716 1412 3755 suam
1460 3709 1896 3772 prosecutusest

314 3789 548 3844 Cosmus
581 3789 875 3843 diaconus:

392 3882 482 3935 57.
512 3880 702 3934 Mulier
724 3880 968 3950 quaedam
999 3890 1114 3932 erat
1159 3877 1439 3949 Rhosopoli
1472 3877 1694 3944 Cilicite,
1730 3879 1895 3934 Theo-

323 3981 478 4026 tecna
522 3973 844 4042 dicta,.qua:
881 3972 1213 4025 habitaverat
1267 3988 1386 4025 cum
1441 3972 1552 4025 uiro
1602 3989 1697 4027 suo
1739 3975 1895 4028 annis

315 4063 525 4132 viginti,
558 4072 608 4116 et
657 4063 834 4131 filium
895 4079 1001 4118 non
1050 4063 1248 4117 habuit.
1282 4062 1512 4134 Contigit
1573 4073 1752 4119 autem
1775 4083 1895 4122 eam

317 4156 484 4207 etiam
517 4171 547 4204 ο
572 4153 862 4206 dwmonea
896 4153 1122 4222 pueritia
1159 4155 1360 4217 vexari,
1391 4163 1440 4206 et
1494 4155 1745 4208 mandere
1795 4154 1898 4208 lin-

317 4261 504 4316 guam.
539 4243 628 4297 Vir
662 4251 839 4297 autem
865 4245 998 4313 ejus,
1028 4243 1172 4297 ultra
1201 4261 1305 4297 non
1329 4246 1506 4298 valens
1535 4247 1754 4316 sufferre
1797 4247 1896 4299 tri-

328 4334 614 4390 bulationis
667 4337 781 4406 ejus
834 4338 1160 4406 angustiam,
1190 4338 1388 4390 dimisit
1454 4337 1605 4390 illam
1653 4354 1685 4390 a
1741 4338 1895 4390 domo

1998 542 2048 585 et
2077 533 2158 601 fer
2189 546 2385 611 aquam
2425 539 2474 583 et
2500 530 2686 601 collige
2711 532 2877 601 ligna.
2915 531 2978 585 Et
3010 535 3213 595 statim,
3254 535 3418 590 ueluti
3449 552 3578 591 ven-

1967 632 2100 700 .tus,
2133 639 2352 676 currens
2384 632 2431 675 et
2471 625 2800 677 vehementer
2823 634 3059 680 wstuans
3104 627 3309 694 dannon
3331 667 3345 692 ,
3375 636 3423 681 et
3472 629 3579 683 tol-

1999 713 2110 766 lens
2143 717 2196 765 in
2229 713 2450 767 muliere
2475 718 2788 782 amphoram
2820 734 2994 786 aquae,
3020 719 3364 784 minabatur;
3399 730 3448 772 et
3483 723 3584 776 im-

1995 802 2194 871 pletam
2224 803 2399 867 illam,
2430 812 2479 858 et
2505 804 2728 859 collecta
2757 806 2821 859 de
2848 808 2982 862 silva
3038 808 3430 878 ligna’attulit,
3459 813 3578 882 eju-

1999 895 2115 948 lans
2143 906 2188 948 et
2207 896 2383 950 dicens
2409 912 2425 949 :
2456 896 2540 951 Vte
2556 900 2680 952 mihi
2706 899 2846 952 malo
2873 916 3018 954 servo
3039 919 3101 955 ac
3125 904 3385 958 inventori
3412 905 3583 959 malo-

1999 1001 2116 1039 rum
2142 988 2161 1039 .'
2177 989 2302 1057 quid
2328 1005 2512 1056 passus
2535 1006 2654 1043 sum
2680 990 2860 1044 ?Nam
2889 1011 2920 1046 a
2950 994 3172 1068 muliere
3217 1012 3333 1050 mea
3362 1005 3579 1066 separat

1998 1093 2081 1130 me
2097 1089 2309 1132 sanctus
2338 1077 2583 1150 ngeon,
2630 1090 2676 1133 et
2712 1081 2837 1149 quid
2893 1081 3089 1150 faciant
3127 1083 3310 1152 infelix
3337 1125 3351 1149 ,
3385 1087 3578 1143 nescio.

2073 1214 2162 1268 38.
2199 1214 2293 1268 llis
2331 1223 2508 1268 autem
2557 1217 2706 1268 dictis
2729 1233 2909 1270 coram
2954 1219 3168 1288 populo,
3214 1223 3303 1289 qui
3328 1240 3581 1276 convene-

1999 1314 2125 1366 rat;
2162 1313 2437 1372 postquam
2490 1305 2797 1372 adimplevit
2848 1310 3232 1375 ministerium,
3292 1314 3430 1382 quod
3479 1316 3578 1368 sibi

1999 1395 2174 1463 fuerat
2220 1395 2538 1463 imperatum
2562 1436 2575 1454 ,
2609 1397 2858 1451 clamavit
2919 1399 3146 1455 altisone
3171 1444 3183 1466 ,
3251 1403 3505 1474 loquens;
3531 1417 3579 1460 et

2003 1488 2266 1553 aspiciens
2297 1495 2479 1539 contra
2505 1504 2558 1541 se
2583 1490 2793 1541 veniens
2814 1490 2994 1560 fulgur
3034 1496 3169 1563 ignis
3198 1537 3210 1556 ,
3245 1497 3488 1552 currebat
3522 1501 3578 1554 in

2000 1575 2224 1628 muliere
2269 1579 2673 1646 per‘circuitum
2703 1590 2874 1635 status
2906 1583 3041 1651 ejus,
3074 1585 3364 1654 plurimum
3403 1598 3454 1642 et
3481 1591 3579 1644 do-

1999 1665 2169 1720 lenter
2207 1670 2514 1732 cruciatus;
2572 1679 2620 1722 et
2650 1670 2832 1723 taliter
2887 1675 3125 1740 protinus
3160 1678 3285 1730 exiit
3314 1695 3331 1732 :
3363 1689 3410 1731 et
3461 1699 3578 1735 mu—

2000 1758 2126 1810 liere
2176 1761 2400 1828 pristino
2442 1763 2613 1814 ordini
2659 1768 2920 1830 restituta,
2973 1770 3169 1822 dimisit
3200 1787 3314 1824 eam
3350 1772 3574 1844 ngeo‘t

1996 1865 2225 1914 sanam;
2265 1851 2438 1904 dicens
2475 1853 2544 1905 ad
2585 1853 2738 1907 illam
2773 1871 2789 1907 :
2829 1855 2990 1921 Vade,
3025 1859 3236 1924 mulier,
3264 1865 3316 1915 in
3357 1865 3573 1920 domum

1996 1947 2142 1992 tuam
2185 1949 2232 1993 et
2287 1942 2526 1996 cohabita
2571 1963 2690 1996 eum
2716 1947 2827 1998 viro
2854 1957 2979 2011 tuo;
3036 1967 3149 2004 ecce
3195 1931 3338 2007 enim
3376 1957 3571 2010 direxit

1995 2027 2252 2083 Dominus
2277 2047 2366 2082 eor
2401 2035 2535 2100 ejus,
2570 2041 2622 2083 ut
2656 2038 2872 2101 recipiat
2908 2046 2959 2088 te
2988 2056 3108 2092 cum
3141 2043 3335 2111 gaudio
3359 2061 3570 2114 magno.

1997 2116 2147 2182 Quod
2177 2129 2224 2172 et
2257 2121 2453 2188 factum
2511 2131 2605 2176 est.
2672 2124 2908 2196 Cumque
2941 2129 3037 2182 illa
3097 2149 3305 2186 reversa
3363 2136 3569 2204 fuisset,

1994 2211 2173 2262 statim
2233 2221 2430 2263 rectum
2471 2211 2667 2280 factum
2700 2226 2773 2268 est
2805 2234 2895 2270 cor
2930 2221 3026 2272 teiri
3054 2223 3136 2274 sui
3158 2223 3226 2275 ad
3249 2224 3572 2295 diligendum

1996 2316 2147 2364 eam',‘
2169 2310 2219 2353 et
2249 2304 2301 2356 in
2315 2320 2522 2372 gressus
2556 2317 2628 2359 est
2670 2317 2737 2360 ad
2765 2308 2938 2376 illam,
2965 2322 3010 2365 et
3040 2317 3310 2384 confestim
3342 2325 3573 2391 concepit

1995 2393 2048 2445 in
2072 2403 2220 2445 utero
2251 2411 2267 2446 :
2299 2404 2346 2447 et
2377 2397 2634 2465 completo
2664 2418 2804 2455 anno
2831 2403 3065 2474 tulerunt
3122 2425 3344 2476 puerum
3370 2415 3439 2466 ad
3458 2431 3575 2468 ser-

1996 2498 2116 2535 vum
2172 2484 2284 2544 Dei,
2312 2486 2590 2541 laudantes
2622 2500 2670 2542 et
2714 2493 3072 2561 glorificantes
3103 2499 3288 2555 Deum.
3313 2502 3443 2558 Cum
3479 2523 3576 2559 au-

1998 2581 2102 2624 tem
2145 2575 2490 2644 complessent
2538 2583 2834 2635 orationem
2885 2603 3060 2648 suam,
3092 2599 3141 2641 et
3189 2593 3466 2648 rediissent
3503 2599 3574 2651 ad

2000 2666 2268 2732 propriam
2301 2667 2534 2729 domum,
2559 2675 2722 2722 erexit
2750 2674 2939 2727 mulier
2959 2676 3065 2742 ﬁde
3109 2679 3262 2733 ducta
3287 2683 3574 2752 imaginem

1999 2750 2180 2808 Sancti
2203 2761 2258 2808 in
2283 2758 2524 2811 interiori
2555 2761 2711 2814 domo
2737 2780 2835 2817 sua
2866 2782 2882 2817 :
2918 2783 3034 2834 quae
3062 2771 3384 2837 operabatur
3401 2750 3575 2829 mira-

1997 2845 2136 2908 cula,
2167 2847 2475 2902 obumbrata
2499 2849 2697 2920 Spiritu
2731 2857 2819 2924 qui
2847 2859 3118 2914 habitabat
3160 2864 3212 2916 in
3242 2864 3436 2921 Sancto
3473 2885 3490 2922 :
3524 2877 3574 2922 et

1998 2935 2310 2989 adtemonio
2341 2941 2958 2997 vcxatiemmtdabantur
3000 2949 3129 3015 illic,
3184 2962 3232 3005 et
3294 2970 3358 3008 ea:
3414 2959 3578 3013 variis

2001 3027 2325 3093 passionibns
2362 3029 2622 3095 inﬁrmati
2664 3037 3008 3092 curabuntur.
3044 3039 3104 3094 In
3139 3045 3323 3110 quibus
3362 3057 3409 3100 et
3468 3065 3576 3104 una

1925 3114 1968 3170 C
2003 3118 2224 3175 mulier,
2254 3120 2458 3188 ﬂuxum
2480 3126 2755 3192 sanguinis
2783 3127 3106 3184 incessanter
3137 3151 3230 3203 per
3279 3140 3574 3207 quindecim

2002 3222 2170 3260 annos
2199 3224 2377 3277 passa,
2400 3211 2453 3262 in
2469 3210 2573 3276 ﬁde
2596 3216 2815 3266 arcessit
2840 3216 2908 3269 ad
2931 3220 3214 3274 videndum
3241 3224 3524 3296 imaginem
3551 3246 3569 3292 ;

1999 3307 2045 3349 et
2078 3299 2322 3351 continuo
2348 3301 2522 3369 [luxus
2552 3305 2707 3355 stetit.
2730 3302 2877 3357 Dixit
2907 3311 3045 3361 enim
3075 3311 3219 3364 intra
3239 3328 3324 3377 se,
3351 3317 3496 3384 quia,
3521 3316 3578 3370 Si

2001 3393 2207 3439 tantum
2233 3387 2410 3440 videro
2449 3389 2845 3446 similitudinem
2894 3398 3028 3465 ejus,
3061 3399 3212 3453 salva
3237 3418 3346 3455 ero.
3393 3404 3577 3460 Videas

2002 3486 2179 3530 autem
2231 3479 2369 3546 quod
2402 3484 2691 3536 exsicCatus
2741 3496 2870 3538 esset
2908 3489 3022 3554 fons
3052 3493 3325 3559 sanguinis
3369 3497 3472 3560 sui,
3505 3499 3576 3550 ad

2001 3570 2263 3622 hominem
2295 3570 2389 3624 Dei
2413 3577 2651 3642 protinus
2698 3581 2949 3641 accurrit,
2979 3582 3210 3636 adorans
3263 3601 3444 3640 coram
3491 3605 3574 3652 eo,

2006 3659 2232 3715 laudans
2275 3672 2323 3716 et
2363 3664 2668 3732 gloriﬁcans
2703 3668 2889 3733 Deum,
2921 3687 2983 3724 ac
3023 3677 3305 3730 enuntians
3342 3677 3576 3735 miracu-

2002 3748 2111 3803 lum
2139 3753 2194 3804 in
2225 3767 2280 3805 se
2311 3762 2693 3822 perpetratum.

2071 3887 2160 3942 39.
2192 3886 2333 3943 Huic
2385 3890 2620 3945 alterum
2680 3894 2850 3950 etiam
2903 3901 3233 3956 mn'aculum
3280 3903 3578 3975 subjicitur

1999 3987 2124 4032 eum
2156 3978 2262 4034 hoc
2293 3980 2454 4035 titulo
2479 3999 2490 4034 :
2518 3981 2653 4036 Item
2676 3983 2801 4056 legit
2832 3987 3081 4057 (Cosmus
3105 3991 3396 4065 diaconus)
3425 3999 3577 4054 aliud

2001 4070 2322 4125 miraculum
2381 4077 2554 4128 sancti
2590 4075 2770 4131 Patris
2826 4078 3136 4150 ngeonis:
3191 4085 3448 4157 idemque
3492 4104 3578 4148 est

1999 4162 2143 4230 quod
2171 4172 2396 4219 sanctus
2425 4166 2666 4224 Joannes
2709 4170 3082 4229 Damascenus
3119 4178 3370 4234 oratione
3402 4184 3464 4248 5,
3501 4184 3580 4238 De

1999 4253 2338 4323 imaginibus,
2373 4272 2480 4310 non
2517 4260 2707 4327 procul
2740 4277 2769 4315 a
2799 4261 2905 4317 llne
2923 4265 3168 4332 adducit,
3202 4273 3425 4340 praefixo
3472 4276 3577 4333 hoc

2003 4343 2204 4399 titulo:
2252 4346 2333 4401 Ex
2375 4348 2491 4402 Vita
2534 4353 2707 4405 sancti
2741 4353 3015 4424 Symeonis
3064 4376 3241 4414 rerum
3293 4364 3578 4422 admirabi-

315 4445 442 4492 sua,
477 4437 526 4482 et
553 4445 645 4497 per
676 4437 905 4496 quatuor
934 4444 1100 4482 annos
1127 4444 1245 4482 cum
1267 4428 1418 4482 nulla
1457 4438 1530 4482 est
1567 4428 1764 4498 femina
1812 4446 1897 4481 so-
1929 4440 1972 4495 ι)
2003 4432 2132 4486 lium
2171 4435 2446 4504 c/fectoris,
2476 4443 2722 4494 narratio
2767 4443 2989 4498 Arcadii
3041 4451 3419 4523 archiepiscOpi
3473 4455 3575 4528 Cy-

317 4521 513 4574 ciatus.
554 4519 658 4573 Illa
718 4536 840 4574 vero
899 4521 1109 4573 invento
1147 4523 1400 4574 comitatu
1436 4522 1670 4591 confugit
1695 4521 1766 4574 ad
1793 4520 1893 4574 Ju-

317 4620 480 4667 stum.
512 4608 644 4664 Cum
695 4621 870 4664 autem
901 4614 1114 4665 vidisset
1149 4631 1265 4666 eum
1301 4617 1528 4678 damon,
1555 4617 1738 4668 statim
1791 4616 1897 4683 fre—

320 4703 457 4756 muit
494 4711 542 4755 et
577 4703 920 4772 torquebatur
966 4720 1144 4757 coram
1176 4721 1268 4762 eo,
1292 4707 1469 4759 videns
1503 4722 1620 4758 eum
1677 4705 1898 4759 muliere

317 4794 651 4861 spiritualem
694 4795 807 4864 ejus
853 4797 1158 4865 imaginem,
1186 4797 1441 4850 dicentem
1465 4799 1696 4850 humana
1731 4813 1852 4850 voce
1878 4813 1897 4848 :

316 4879 590 4950 Separabo
628 4890 679 4934 te
715 4883 779 4935 ab
817 4899 903 4948 ea,
932 4883 1165 4954 maligne
1204 4892 1252 4936 et
1277 4882 1547 4937 irnmunde
1581 4885 1816 4950 spiritus,
1849 4890 1896 4934 et

319 4980 610 5024 revertetur
648 4971 718 5023 ad
747 4973 916 5025 virum
948 4989 1121 5036 suum,
1156 4982 1206 5026 et
1246 4975 1493 5044 efficietur
1520 4976 1601 5030 illi
1648 4995 1790 5030 anno
1818 4995 1900 5031 sc-

321 5061 500 5127 quenti
527 5076 678 5129 puer.
714 5059 780 5113 Et
810 5060 1027 5128 ejulavit
1067 5062 1384 5118 daemonium
1421 5066 1666 5135 ferociter
1694 5081 1902 5124 contur-

322 5157 501 5204 batum
528 5167 544 5203 :
576 5148 619 5204 0
646 5149 892 5204 violentia
927 5153 1178 5207 adversus
1207 5171 1287 5208 me
1318 5157 1338 5208 Ι
1369 5174 1473 5210 non
1500 5167 1575 5212 est
1606 5169 1756 5214 tuum
1788 5179 1903 5218 nta-

323 5241 564 5291 trimonii
608 5239 896 5294 solutiones
931 5243 1170 5312 efﬁcere:
1207 5248 1411 5317 utquid
1439 5258 1612 5303 autem
1650 5259 1697 5303 et
1726 5251 1901 5319 filium

319 5332 391 5384 eis
425 5331 543 5388 das.
568 5349 685 5384 cum
716 5350 747 5385 a
789 5350 869 5386 me
894 5334 1065 5401 [ilium
1103 5338 1315 5392 minime
1353 5341 1532 5408 fecerit
1561 5343 1584 5395 ?
1619 5347 1744 5413 quid
1775 5347 1903 5401 mali

320 5421 424 5489 feci
462 5422 585 5484 tibi,
615 5422 696 5512 vel
720 5425 846 5493 quid
877 5428 1086 5493 peccavi
1115 5429 1168 5480 in
1203 5441 1481 5501 conspectu
1507 5443 1617 5498 tuo,
1644 5439 1767 5505 quia
1816 5454 1903 5491 se-

321 5529 488 5583 pares
515 5531 594 5566 me
616 5533 646 5567 a
677 5516 898 5570 muliere
925 5535 1037 5572 mea
1060 5519 1084 5571 ?
1109 5518 1165 5574 Si
1181 5538 1385 5576 servum
1415 5541 1493 5577 me
1517 5543 1900 5597 comparasses,

323 5603 483 5656 dares
512 5618 589 5655 me
621 5604 844 5673 forsitan
867 5615 914 5659 et
938 5609 990 5661 in
1025 5611 1295 5664 servitium
1329 5613 1648 5668 hominibus.
1679 5617 1744 5671 At
1779 5636 1900 5672 vero

321 5691 546 5764 ngeon
579 5697 650 5748 ait
677 5712 694 5748 :
719 5694 854 5761 Quia
886 5698 1058 5752 malus
1093 5717 1274 5757 servus
1309 5719 1380 5768 es,
1407 5722 1717 5777 recognosce
1737 5719 1790 5764 te
1822 5713 1903 5782 ip-

2001 4523 2102 4592 pri,
2136 4524 2455 4579 miraculum
2480 4526 2603 4580 152.
2656 4528 2979 4586 Conferenti
3029 4545 3212 4591 autem
3275 4523 3574 4611 utrumque

2000 4623 2208 4669 textum
2238 4616 2382 4672 inter
2413 4633 2492 4684 se,
2561 4621 2773 4675 nullum
2823 4625 2957 4678 mihi
3015 4627 3249 4683 dubiutn
3281 4640 3389 4696 est,
3441 4637 3576 4704 quin

1998 4723 2064 4760 ex
2094 4707 2286 4762 eodem
2319 4726 2544 4778 prorsus
2571 4712 2767 4768 Graeco
2792 4715 2903 4771 sint
2947 4722 3220 4785 translati,
3267 4724 3341 4779 ita
3375 4741 3580 4783 convo-

2000 4798 2162 4852 niunt
2217 4801 2571 4871 principium,
2623 4804 2769 4871 linis,
2829 4809 3066 4876 periodi,
3132 4817 3340 4871 omnia.
3389 4817 3580 4878 Sicubi

2001 4891 2143 4944 forte
2176 4889 2398 4946 Graecus
2458 4895 2777 4952 Damasceni
2837 4909 3020 4974 textus
3045 4915 3246 4971 exstat,
3298 4911 3392 4978 qui
3420 4912 3582 4969 nobis

2001 4981 2162 5047 defit,
2189 4985 2575 5053 comprobabit
2597 4988 2764 5044 dicta.
2797 4993 2895 5046 Est
2947 5005 3131 5052 tamen
3180 5000 3352 5055 altera
3375 5005 3578 5071 versio,

2001 5073 2172 5127 altera
2198 5089 2307 5128 non
2329 5077 2491 5144 paulo
2512 5081 2838 5136 concinnior
2858 5084 3298 5159 elegantiorque.
3325 5090 3581 5152 Vidimus

1996 5164 2106 5234 jam
2129 5164 2544 5222 inamoeniorem
2573 5171 2811 5236 concilii,
2836 5178 3098 5232 succedat
3117 5181 3385 5249 placitura
3409 5187 3583 5257 magis

2004 5255 2346 5314 Damasceni.
2371 5259 2558 5330 Neque
2587 5263 2696 5326 hic,
2733 5276 2888 5335 puto,
2914 5283 3139 5338 operam
3173 5274 3447 5342 perdituri
3491 5255 3584 5331 su-

2003 5363 2127 5403 mus
2152 5348 2519 5406 describendo
2553 5354 2697 5409 hanc
2726 5359 3122 5424 narrationem,
3145 5366 3398 5433 quamvis
3433 5382 3584 5420 eam-

2003 5437 2150 5502 dem,
2181 5439 2350 5493 verbo
2372 5448 2532 5495 tenus
2550 5441 2663 5498 fere
2694 5456 2902 5500 tantum
2921 5449 3352 5520 discrepantem,
3379 5454 3434 5507 in
3462 5455 3580 5511 Vita

2004 5545 2156 5584 num.
2204 5531 2299 5584 ΠΙ
2351 5533 2494 5603 style
2553 5547 2744 5592 nostro
2793 5538 3028 5603 demus;
3090 5545 3196 5597 erit
3244 5561 3390 5599 ennn
3446 5564 3578 5600 usns

2006 5623 2295 5694 utriusque
2327 5644 2450 5682 mox
2496 5628 2523 5699 ᾗ
2556 5645 2672 5700 seq.
2727 5631 2817 5684 Sic
2847 5633 3014 5702 igitur
3049 5635 3228 5703 titulo,
3257 5640 3366 5709 jam
3418 5654 3584 5709 supra

2010 5715 2268 5784 adducto,
2295 5719 2579 5793 subiungit
2606 5725 2974 5782 Damasccnus
3001 5745 3012 5780 :
