4110 6332
634 359 776 424 2383

1904 350 1964 407 3.
2006 343 2301 406 SYMEON
2339 339 2640 404 JUNIOR.

3755 336 3891 397 228‘.

706 468 793 522 40.
823 464 1050 533 Contigit
1077 468 1254 515 autem
1280 459 1387 512 illis
1414 458 1685 516 dielms,ut
1716 456 1793 507 vir
1822 453 2035 522 quidam
2066 468 2206 505 mer-
2242 452 2283 510 Α
2315 446 2683 502 scribentem:
2713 444 2865 509 Quod
2894 445 2955 496 de
2978 445 3149 533 codice
3173 446 3388 513 φατι-ξπ,
3408 443 3891 533 Aex‘quodescripta

637 564 787 611 calor
816 552 1041 607 civitatis
1069 550 1357 604 Autioohitc
1388 548 1537 616 gravi
1580 544 1819 597 molestia
1856 543 1921 595 ab
1976 540 2211 609 improbo

637 648 872 700 dmmoue
908 642 1231 711 aﬁligeretur
1258 638 1447 705 diuque
1470 644 1777 704 angeretur,
1806 632 1939 684 adeo
1968 638 2024 681 ut
2051 631 2209 699 διεπο-

634 744 865 795 curetur,
899 726 1189 783 interclusa
1226 725 1472 796 spirandi
1496 721 1770 792 facultate.
1815 720 1908 775 Hic
1941 720 2205 789 profectus

634 820 703 873 ad
732 819 1010 879 Sanctum,
1049 824 1096 867 et
1144 815 1256 882 ejus
1286 812 1521 882 precibus
1551 810 1838 864 sanitatem
1880 811 1954 862 sic
1997 824 2206 861 assecu-

638 918 741 971 tus,
774 918 831 961 ut
859 910 903 961 si
940 906 1069 960 nihil
1098 921 1333 972 unquam
1364 918 1636 972 perpessus
1658 910 1826 965 esset,
1858 916 1974 952 cum
1996 901 2049 952 in
2076 915 2203 967 pro-

631 1002 805 1069 priam
848 999 1060 1050 domum
1110 995 1363 1072 rediisset,
1387 1001 1443 1045 ut
1477 993 1617 1062 grati
1658 992 1823 1046 animi
1857 989 2205 1059 signiﬁcatio-

631 1107 749 1142 nem
796 1088 968 1150 daret,
1004 1089 1057 1139 in
1125 1086 1234 1138 loco
1280 1086 1508 1137 civitatis
1555 1081 1757 1153 publico
1791 1091 1951 1150 atque
1979 1079 2200 1143 illustri,

627 1196 791 1246 supra
821 1178 955 1246 fores
988 1178 1201 1246 ofﬁcina!
1220 1190 1348 1238 sum,
1366 1174 1646 1241 imaginem
1672 1173 1877 1225 statuit.
1908 1171 2204 1239 Ilancinﬁ-

630 1268 825 1321 delium
851 1267 1065 1337 quidam
1095 1264 1386 1333 conspicati
1416 1263 1699 1316 luminibus
1731 1272 1781 1315 et
1815 1262 1941 1315 retis
1980 1256 2204 1314 decora-

630 1371 763 1420 tam.
790 1358 900 1412 selo
922 1356 1087 1427 pleni,
1118 1357 1199 1409 sui
1224 1354 1419 1409 similes
1440 1355 1671 1406 homines
1690 1352 2055 1421 incompositos
2076 1366 2204 1403 con-

628 1450 879 1510 citarunt,
912 1454 970 1498 ut
1007 1444 1283 1498 multitudo
1316 1445 1610 1497 conveniret
1659 1444 1971 1511 confusaque
2018 1443 2205 1510 vocife-

630 1548 845 1597 raretur
878 1554 895 1591 :
924 1535 1167 1590 Tollatur
1188 1550 1214 1587 e
1239 1535 1367 1599 vita,
1400 1537 1486 1603 qui
1510 1536 1603 1588 hoc
1630 1534 1767 1603 fecit,
1800 1543 1847 1586 et
1868 1535 2041 1603 imago
2067 1533 2201 1603 deji-

624 1630 820 1681 ciatur.
854 1626 1045 1680 Diuina
1077 1635 1253 1680 autem
1283 1624 1609 1694 providentia
1636 1624 1836 1693 factum
1865 1631 1962 1687 est,
1988 1631 2044 1675 ut
2088 1632 2200 1675 tum

627 1719 770 1771 domi
787 1732 898 1771 sute
924 1734 1025 1770 non
1050 1700 1695 1791 inven'iretur.Cupiebant
1724 1716 1863 1767 enim
1889 1730 2005 1766 eum
2031 1714 2198 1766 inter-

2314 547 2458 599 sunt,
2486 547 2600 591 erat
2638 538 2680 590 is
2709 535 2917 604 quidem
2946 536 2999 586 in
3050 532 3371 586 Bibliotheca
3393 521 3753 585 ~Vallicettana
3782 550 3894 585 mu-

2314 628 2437 681 tilus
2488 634 2538 678 et
2596 624 2866 691 ἀκέφαλος
2894 639 2908 654 ·
2946 624 3037 679 sed
3072 623 3384 675 Laurentius
3436 621 3651 674 Portius
3687 623 3793 688 (est
3847 624 3895 675 is

2313 718 2587 788 Symonis.
2616 716 2708 783 qui
2740 700 3127 768 Dictionarium
3184 712 3454 774 Latinum,
3484 711 3893 766 Greco—barba-

2314 827 2432 863 rum
2483 818 2529 861 et
2577 806 2806 859 litterale
2856 805 3085 859 Parisiis
3138 804 3296 867 1655,
3328 803 3542 866 edidit,
3575 801 3794 863 frater;
3830 810 3892 855 et

2311 914 2465 954 suam
2519 896 2680 951 nobis
2710 910 2934 964 operam
2975 895 3029 947 in
3063 891 3446 947 describendis
3500 891 3653 945 Actis
3684 890 3892 945 Gmis

2309 988 2488 1063 pretio
2519 986 2802 1043 moderato
2836 983 3057 1048 locavit,
3092 983 3252 1037 istius
3278 982 3558 1036 idiomatis
3586 980 3889 1035 admodum

2310 1079 2575 1148 peritus),
2610 1077 2699 1129 sed
2730 1074 3070 1137 Laurentius,
3100 1073 3300 1143 inquit,
3334 1073 3544 1127 Portius
3568 1073 3659 1140 qui
3685 1072 3888 1127 deseri-

2309 1169 2407 1235 psit
2427 1182 2490 1218 ea:
2515 1164 2620 1218 alio
2647 1163 2937 1233 exemplari
2964 1162 3153 1215 ibidem
3188 1172 3411 1231 reperto,
3434 1178 3598 1214 manu
3631 1160 3751 1214 licet
3782 1177 3887 1213 ast-

2309 1257 2604 1326 tiquissima
2628 1264 2675 1307 et
2691 1255 2811 1324 jam
2846 1252 3163 1307 exolescente
3188 1255 3453 1323 scriptura
3493 1260 3737 1313 exarata,
3758 1268 3890 1319 sup-

2306 1350 2463 1421 plerit
2514 1365 2617 1402 non
2666 1363 2828 1417 parvo
2857 1344 3034 1399 labore
3064 1361 3157 1397 suo
3193 1340 3331 1415 quod
3360 1340 3561 1405 deerat,
3595 1353 3642 1395 et
3665 1344 3889 1411 integri-

2305 1442 2405 1496 tati
2427 1442 2537 1511 fere
2569 1438 2897 1509 primigenia
2930 1451 3057 1503 opus
3079 1435 3173 1487 hoc
3198 1435 3443 1488 reddidit.
3470 1434 3645 1503 Caput
3671 1443 3883 1493 autem,

2304 1531 2451 1603 quod
2484 1532 2698 1601 reliquo
2730 1528 2947 1598 corpori
2977 1526 3031 1583 in
3055 1526 3247 1582 codice
3283 1526 3523 1580 defuisse
3564 1538 3621 1583 et
3654 1526 3882 1579 aliunde

2303 1622 2618 1692 suppletum
2666 1620 2870 1674 dicitur
2906 1659 2921 1683 ,
2980 1627 3068 1672 est
3120 1617 3214 1670 illa
3269 1632 3396 1686 pars
3440 1616 3656 1686 Prologi
3714 1630 3882 1685 quam

2303 1712 2499 1782 primis
2558 1710 2775 1764 duobus
2821 1708 3070 1763 numeris
3118 1706 3389 1776 complexi
3419 1721 3630 1761 sumus.
3657 1705 3884 1761 Profert

631 1805 824 1873 ﬁcere;
857 1822 977 1858 cum
1016 1804 1153 1857 alius
1193 1786 1342 1858 aliud
1366 1876 1367 1879 η
1389 1801 1681 1854 clamaret:
1715 1817 1839 1853 nam
1878 1815 2060 1852 eorum
2105 1812 2199 1850 ne-
2229 1786 2276 1844 Β
2304 1811 2569 1872 praeterea
2599 1800 2864 1855 Possinus
2919 1799 2973 1853 in
3019 1798 3214 1855 eadem
3240 1798 3471 1869 cpistola
3498 1812 3661 1852 suum
3692 1798 3762 1852 de
3793 1796 3887 1852 his

625 1898 791 1963 quitia
821 1895 989 1949 multa
1039 1902 1088 1947 et
1122 1910 1318 1963 magna
1360 1893 1563 1963 eratqin
1589 1897 1863 1959 conspectu
1889 1888 1984 1941 Dei
2026 1886 2197 1949 valde,

2302 1893 2455 1948 Actis
2506 1891 2800 1945 admodum
2850 1888 3147 1955 laudabile,
3182 1904 3286 1944 nec
3332 1888 3593 1958 ponderis
3642 1888 3882 1942 minoris

626 1999 676 2041 et
703 1990 961 2041 immensa
990 1985 1213 2048 invidia,
1238 2000 1344 2053 qua
1374 1983 1582 2053 quidem
1605 1979 1817 2050 impulsi
1852 1995 1911 2032 eo
1946 1994 2199 2031 conuene—
2298 1986 2569 2057 judicium
2605 2001 2620 2042 ;
2658 1984 2741 2037 Ex
2780 1985 2949 2037 animi
2986 1984 3086 2036 me;
3124 1982 3391 2035 σεηεεηιία
3419 2021 3433 2043 ,
3460 1982 3661 2050 inquit,
3711 1981 3883 2051 proﬁ-

626 2086 772 2140 runt,
798 2078 1157 2128 existimantes
1202 2090 1258 2127 se
1312 2081 1492 2125 nactos
1524 2086 1633 2124 esse
1682 2070 2027 2131 occasionem,
2093 2084 2199 2137 qua

622 2175 867 2221 sanctum
921 2166 1182 2218 hominem
1230 2164 1585 2233 opprimerent
1639 2169 1688 2214 et
1748 2162 2009 2230 aﬁicerent
2045 2161 2200 2229 igno-

624 2259 813 2320 minia,
850 2256 987 2327 quod
1040 2271 1177 2324 saepe
1228 2256 1546 2324 impietatem
1574 2259 1625 2305 et
1684 2267 1912 2305 errorem
1954 2250 2193 2313 illorum,

625 2347 852 2415 quicum
876 2346 1000 2415 ipsis
1028 2344 1092 2397 de
1115 2342 1366 2412 religione
1397 2342 1534 2395 male
1572 2342 1862 2405 sentirent,
1896 2338 2199 2409 redarguit-

620 2443 719 2488 set.
755 2432 887 2487 Cum
915 2434 1075 2503 igitur
1109 2439 1317 2484 tantam
1350 2432 1618 2483 insaniam
1667 2429 1897 2482 cohibere
1932 2444 2033 2481 non
2077 2443 2199 2496 pos-

624 2534 764 2588 sent,
798 2523 1008 2577 cuidam
1040 2522 1271 2576 militum
1326 2520 1672 2584 m'm'idarunt,
1730 2527 1783 2572 ut
1834 2519 2030 2589 gradus
2078 2534 2199 2571 con-

624 2616 891 2669 scenderet
920 2623 970 2667 et
1021 2614 1306 2683 imaginem
1340 2612 1660 2665 deturbaret.
1704 2610 1804 2675 Qui
1852 2627 1968 2664 cum
2009 2626 2196 2663 ascen-

623 2708 779 2759 disset
801 2715 849 2758 et
890 2722 1077 2759 manus
1110 2704 1427 2760 extenderet,
1457 2710 1514 2754 ut
1529 2695 1682 2771 j'ussa
1711 2702 1999 2771 perﬁceret.
2017 2703 2196 2756 statim

626 2797 839 2851 eollisus
873 2806 970 2857 est,
1004 2811 1031 2847 e
1058 2794 1326 2862 superiore
1378 2790 1489 2843 loco
1554 2790 1799 2860 delapsus
1857 2793 2099 2845 deorsum
2142 2792 2196 2845 in

626 2897 867 2941 terram:
901 2898 947 2939 et
983 2900 1205 2954 magnus
1251 2882 1506 2936 tumultus
1542 2883 1597 2934 in
1632 2882 1786 2936 turba
1813 2891 1888 2935 est
1920 2886 2194 2937 excitatus.

636 2976 1065 3045 ln/lammatique
1116 2979 1463 3042 perrexerunt
1506 2970 1734 3024 alterum
1771 2972 2014 3025 adhibere
2042 3016 2057 3039 ,
2106 2973 2196 3041 qui

638 3086 798 3128 manu
832 3079 1069 3139 protenta
1101 3086 1219 3124 cum
1250 3068 1522 3128 delrahere
1556 3069 1838 3145 imaginem
1865 3076 1975 3142 ipse
1993 3090 2197 3144 quoque

2304 2086 2415 2129 teor
2440 2092 2540 2139 me,
2568 2076 2623 2127 in
2648 2075 2712 2128 iis
2741 2080 2987 2128 accurate
3004 2072 3244 2144 perlectis
3262 2113 3276 2137 ,
3308 2071 3439 2142 nihil
3455 2073 3554 2124 nisi
3575 2072 3877 2125 verisimili-

2302 2175 2401 2228 tcr,
2459 2165 2764 2235 prudenter,
2798 2163 3067 2233 eleganter
3118 2165 3377 2233 scriptum
3435 2164 3757 2217 observasse.
3798 2162 3885 2216 Et

2302 2273 2404 2326 quo
2432 2258 2558 2327 carpi
2582 2254 2771 2326 legere,
2803 2264 2977 2308 tenere
3012 2269 3093 2307 me
3122 2270 3227 2307 non
3249 2266 3486 2324 poteram
3512 2256 3677 2307 donec
3706 2256 3886 2318 absol-

2301 2363 2498 2401 verem.
2533 2346 2703 2400 Tanta
2730 2355 2845 2400 erat
2885 2344 3172 2415 voluptas;
3208 2362 3301 2398 nec
3334 2346 3508 2398 minor
3537 2353 3735 2400 tenera:
3761 2345 3885 2399 reli-

2300 2439 2469 2507 gionis
2498 2453 2701 2501 sensus,
2740 2453 2830 2490 cor
2859 2435 3245 2506 liquefacientis
3273 2428 3438 2506 usque
3470 2436 3540 2490 ad
3585 2436 3878 2507 lacrumas.

2299 2527 2489 2598 Itaque
2519 2544 2647 2581 rara
2670 2528 2907 2581 existimo
2951 2528 3169 2597 reperiri
3202 2526 3316 2598 ejus
3368 2529 3573 2598 generis
3628 2528 3883 2583 ecclesia-

2299 2621 2433 2673 stica
2464 2628 2825 2681 monumenta,
2852 2633 2969 2689 qua:
2992 2619 3117 2686 ﬁde,
3151 2620 3489 2685 auctoritate,
3519 2620 3880 2674 concinnitate

2300 2712 2713 2781 compositionis,
2747 2707 3163 2771 admirabilitate
3208 2727 3389 2771 rerum
3440 2728 3545 2765 non
3599 2713 3882 2773 incredibi-

2301 2798 2420 2854 liter
2465 2808 2832 2862 narratarum,
2861 2802 2980 2870 pari
3019 2816 3137 2853 cum
3162 2800 3239 2853 his
3266 2800 3409 2855 Actis
3437 2803 3564 2871 jure
3594 2804 3879 2857 editionem

2300 2893 2571 2967 lucemque
2600 2904 2923 2953 mereantur.
2957 2890 3202 2953 Verbum
3234 2895 3323 2954 his
3364 2912 3474 2953 non
3532 2897 3699 2953 addo.
3726 2898 3879 2953 Beli,

2296 2992 2460 3064 quam
2491 2987 2559 3049 de
2592 3007 2649 3048 se
2675 2987 2791 3062 ipsa
2827 2992 2957 3046 Acta
2993 2991 3153 3048 ﬁdem
3183 2991 3425 3048 facient:
3456 2991 3701 3063 perlege,

2368 3085 2455 3139 52.
2498 3085 2574 3139 De
2602 3092 2829 3139 auctore
2857 3091 3125 3152 quantum
3158 3082 3375 3151 assequi
3408 3082 3570 3147 licet,
3598 3082 3876 3137 dicamus.

610 3166 931 3232 conaretur,
961 3169 1106 3221 humi
1138 3169 1339 3238 pariter
1368 3169 1567 3237 ametus
1598 3178 1691 3221 est.
1725 3167 1837 3232 Quo
1875 3169 2082 3236 quidem
2118 3167 2199 3235 fa—
2228 3166 2263 3176 ν
2299 3174 2581 3245 principio
2635 3176 2772 3230 Viue
2800 3173 3058 3244 pmﬁxus
3086 3180 3205 3227 erat
3234 3173 3326 3227 hic
3362 3172 3577 3234 titulus,
3609 3173 3737 3245 Βίας
3781 3172 3879 3225 καὶ

628 3264 732 3321 cto,
762 3267 901 3309 metu
954 3273 1131 3310 omnes
1161 3258 1451 3327 perterriti,
1484 3260 1651 3311 crucis
1694 3260 1902 3327 signum
1942 3259 2039 3311 sibi
2095 3258 2196 3328 ipsi

626 3356 891 3417 coeperunt
946 3348 1241 3401 admovere.
1269 3347 1458 3401 Verum
1495 3366 1613 3402 cum
1652 3350 1820 3402 adhuc
1845 3349 2080 3416 inﬁdeles
2118 3348 2198 3402 illi

621 3436 938 3499 insanircnt,
971 3438 1185 3489 tertium
1204 3437 1384 3491 eodem
1415 3437 1686 3507 impellere
1709 3455 1811 3491 non
1839 3439 2145 3491 destiterunt
2178 3456 2195 3493 :

628 3528 718 3595 qui
749 3544 865 3580 cum
902 3544 1119 3580 manum
1150 3530 1485 3593 ostendisset,
1516 3538 1574 3580 ut
1608 3531 1889 3599 imaginem
1914 3531 2157 3599 dejiceret
2178 3569 2193 3593 ,

628 3618 738 3685 ipse
770 3632 974 3685 quoque
1013 3615 1257 3669 similiter
1303 3618 1621 3686 confractus,
1653 3619 1705 3671 in
1753 3626 1951 3672 terram
1985 3620 2191 3671 decidit.

625 3706 765 3760 Tunc
782 3706 963 3774 ﬁdeles
996 3724 1195 3768 omnes,
1224 3709 1314 3777 qui
1343 3710 1777 3772 circumstabant,
1801 3726 2023 3778 magnus
2048 3710 2197 3761 inva-

624 3798 692 3851 sit
724 3799 902 3860 timor,
939 3805 987 3849 et
1043 3796 1337 3863 inﬁdelium
1382 3798 1670 3851 caecitatem
1723 3806 1879 3867 atque
1917 3799 2196 3852 audac.am

624 3888 895 3951 admirati,
913 3889 1199 3957 imaginem
1224 3891 1508 3941 adorantes
1538 3905 1655 3941 cum
1688 3890 2070 3958 precationibus
2090 3891 2197 3943 dis-

622 3986 912 4037 cesserunt.
967 3977 1245 4033 Hactenus
1287 3980 1677 4035 Damascenus.
1705 3981 2132 4036 Recitatishisce
2165 3996 2196 4035 a

621 4069 817 4130 Cosma
849 4069 1085 4123 diacono
1114 4086 1296 4124 coram
1329 4071 1583 4125 Patribus
1615 4072 1832 4126 concilii
1878 4073 2194 4138 miraculis,

626 4161 743 4215 hmc
799 4161 987 4214 statim
1039 4160 1451 4230 subjiciuntur,
1486 4163 1849 4229 illorum,nti
1912 4173 1968 4219 et
2025 4166 2195 4219 totius

622 4251 759 4311 Viue
790 4262 1011 4313 nostrae,
1041 4252 1201 4305 fidem
1230 4260 1286 4305 et
1310 4254 1692 4309 auctoritatem
1717 4256 1973 4325 augentia
2010 4275 2022 4309 :
2056 4254 2196 4311 Con-

618 4344 886 4405 stantinus
944 4346 1307 4397 sanctissimus
1360 4346 1625 4415 episcopus
1668 4346 1990 4402 Constantia:
2034 4346 2195 4417 Cypri

2300 3244 2545 3320 πολιτεὶα
2592 3266 2685 3319 τοῦ
2725 3266 2873 3319 ὁσίου
2919 3263 3131 3333 Harpe;
3155 3263 3310 3333 ἡμῶν
3334 3263 3559 3333 Συμεὼν
3580 3262 3673 3316 τοῦ
3691 3244 3770 3316 ’ὲν
3792 3262 3874 3330 τῷ

2299 3357 2606 3427 Θαυμαστῷ
2634 3358 2809 3426 Ὀρει,
2844 3358 3223 3426 συγγραφέντα
3255 3357 3405 3426 παρὰ
3434 3356 3752 3427 Νικηφόρου
3781 3357 3877 3411 τοῦ

2296 3450 2613 3517 Μαγῑστρου
2650 3450 2977 3518 Ἀντιοχείας
3005 3448 3099 3501 τοῦ
3123 3446 3387 3518 Οὐρανοῦ·
3410 3446 3533 3507 Vita
3559 3458 3608 3500 et
3646 3465 3865 3502 convcr-

2293 3541 2431 3593 satio
2478 3541 2650 3593 sancti
2686 3539 2864 3593 Patris
2908 3541 3073 3593 nostri
3098 3538 3373 3610 ngeonis
3406 3540 3460 3592 in
3506 3538 3682 3593 Monte
3708 3540 3877 3594 Hira-

2297 3629 2407 3692 bili,
2461 3630 2759 3698 conscripta
2792 3647 2823 3682 a
2871 3628 3162 3698 Nicephoro
3228 3627 3484 3698 Magistro
3528 3628 3825 3695 Antiochia:
3856 3670 3870 3693 ,

2298 3721 2497 3775 Caelum
2544 3721 2700 3774 dicto.
2740 3720 2898 3777 Unde
2954 3735 3085 3775 vero
3135 3720 3257 3783 hoc
3287 3720 3337 3774 ei
3390 3723 3874 3789 cognomentum?

2300 3812 2564 3865 Existimo
2587 3812 2733 3881 quod
2760 3812 2829 3866 ab
2854 3813 3205 3882 eloquentiae,
3239 3828 3405 3883 quam
3443 3814 3498 3867 in
3524 3815 3870 3873 Antiochena

2297 3903 2517 3958 civitate
2570 3903 2790 3971 publice
2840 3902 3230 3973 proﬁtebatur,
3293 3912 3495 3958 ornatu
3556 3904 3870 3975 singulari,

2296 3994 2424 4063 quia
2456 3993 2634 4056 oratio
2676 3995 2798 4064 ejus
2851 3993 3032 4048 omnis
3081 3994 3379 4054 rhetoricis
3446 3995 3777 4057 luminibus.
3814 4006 3871 4050 ut

2298 4085 2499 4139 malum
2557 4085 2753 4149 stellis,
2782 4084 3190 4155 resplendebat.
3222 4084 3399 4140 Habet
3455 4086 3677 4155 quidem
3727 4086 3871 4156 apud

2296 4174 2513 4229 Graicos
2550 4190 2657 4228 vox
2683 4175 2975 4245 Μαγίστηρ
3006 4175 3093 4231 vel
3147 4176 3463 4247 Μαγιστρος
3515 4176 3873 4247 signiﬁcatio-

2297 4280 2422 4320 nem
2452 4265 2617 4320 etiam
2654 4264 2839 4325 aliam.
2871 4274 2932 4320 ut
2962 4266 3033 4322 sit
3084 4267 3279 4322 titulus
3328 4268 3380 4323 in
3417 4267 3541 4321 aula
3577 4270 3871 4337 imperato-

2300 4359 2375 4412 ris
2406 4346 2723 4427 primarius,
2758 4368 2815 4412 ct
2842 4357 3094 4413 Bassareu
3138 4358 3443 4429 proximus,
3484 4368 3623 4414 teste
3661 4360 3867 4416 Cedre-

618 4434 790 4495 dirit;
821 4433 945 4487 Hazc
978 4434 1206 4503 quidem,
1257 4436 1585 4489 honorabiles
1616 4436 1823 4504 Patres,
1852 4440 1915 4492 de
1965 4441 2042 4493 his
2074 4454 2193 4509 qute
2226 4454 2270 4509 ι)
2292 4464 2383 4513 ne,
2418 4464 2590 4518 quare
2626 4448 2791 4503 etiam
2821 4449 3212 4519 imperatorum
3239 4449 3436 4505 fratres
3473 4450 3681 4519 ﬁliique
3743 4465 3867 4505 eum

624 4526 768 4578 lecta:
790 4534 935 4590 sunt,
967 4525 1266 4587 audivimus
1289 4534 1337 4578 et
1376 4528 1654 4581 credimus.

622 4681 808 4753 §Vlll.
848 4680 922 4753 De
952 4682 1122 4753 sancti
1172 4678 1446 4751 Symeont’s
1511 4682 1647 4747 Vita,
1692 4700 1828 4738 nunc
1881 4687 2113 4753 primum
2159 4704 2193 4741 a

836 4752 979 4804 nobis
1012 4754 1067 4803 in
1101 4751 1271 4804 lucem
1311 4753 1472 4816 edita,
1502 4754 1715 4827 ejusque
1745 4751 1975 4809 auctore.

687 4888 775 4941 41.
812 4886 912 4942 Cui
941 4886 1241 4956 plurimum
1268 4887 1403 4948 Acta
1422 4896 1756 4956 sanctorum,
1782 4898 1841 4945 et
1872 4906 1973 4946 nos
1998 4931 2013 4955 ,
2056 4899 2112 4947 et
2133 4902 2189 4949 tu

622 4980 849 5042 Lector,
893 4978 1151 5035 C(elitum
1188 4979 1471 5035 studiosus
1512 4982 1720 5051 gloriae,
1756 4981 2058 5050 debemus,
2106 4997 2192 5041 est

622 5073 688 5127 ll.
708 5073 764 5125 P.
783 5072 981 5126 Petrus
999 5071 1260 5126 Possinus
1277 5071 1568 5127 Societatis
1586 5082 1804 5129 nostrai.
1827 5074 2036 5130 Nomen
2059 5092 2187 5148 ego;

619 5171 816 5220 caetera
844 5164 972 5218 libri
1010 5165 1079 5219 ab
1110 5165 1230 5234 ipso
1253 5164 1385 5220 editi
1420 5176 1477 5220 et
1508 5167 1769 5235 frequens
1799 5168 1852 5221 in
1903 5169 2054 5225 hisce
2082 5172 2189 5227 Ac-

618 5255 693 5309 tis
724 5256 990 5310 memoria
1018 5257 1334 5326 loquentur.
1370 5257 1599 5315 Curavit
1656 5258 1767 5324 ille,
1796 5268 1921 5328 post
1973 5270 2190 5317 nostro-

620 5362 738 5400 rum
768 5345 1099 5401 llenschenii
1134 5356 1297 5415 atque
1353 5348 1714 5417 Papcbrocliii
1749 5350 2053 5406 discessum
2083 5355 2191 5408 Ro-

620 5453 727 5495 ma.
765 5436 1002 5491 describi
1034 5438 1211 5491 Vitam
1242 5437 1380 5491 hanc
1433 5454 1500 5492 ex
1538 5440 1727 5495 codice
1757 5440 1948 5495 Graeco
1980 5443 2187 5498 Biblio-

626 5530 796 5581 tliccm
818 5527 1203 5592 Vallicellanze,
1226 5544 1346 5597 qme
1370 5537 1453 5583 est
1470 5530 1921 5601 Congrcgationis
1947 5535 2187 5589 Oratorii

627 5620 683 5671 ς.
717 5619 955 5686 Philippi
1018 5619 1190 5673 Nerii.
1229 5620 1334 5672 Sed
1381 5621 1559 5689 ipsum
1609 5625 1791 5690 potius
1821 5624 1887 5677 de
1923 5625 2008 5679 his
2035 5628 2184 5686 audi.

623 5716 821 5763 tuteris
852 5725 996 5763 anno
1042 5710 1197 5775 H256,
1229 5727 1301 5763 xu
1332 5714 1444 5766 tlal.
1481 5714 1651 5768 Julius
1698 5716 1867 5769 Roma
1898 5716 2059 5782 datis,
2108 5722 2185 5775 sic

2296 4557 2407 4595 non
2469 4540 2747 4611 dedignati
2807 4550 2959 4604 sunt,
2987 4550 3045 4595 et
3101 4541 3207 4595 hoc
3268 4556 3433 4596 sensu
3470 4542 3707 4610 Symeon
3756 4544 3869 4608 ille,

2293 4634 2458 4705 vulgo
2488 4634 2905 4702 Metapbrastes,
2937 4634 3191 4703 Magister
3208 4649 3429 4703 quoque
3454 4634 3637 4689 dictus
3652 4634 3867 4689 est.Ve-

2294 4740 2418 4778 rum
2446 4740 2553 4778 non
2576 4740 2676 4793 pro
2700 4740 2807 4779 una
2840 4726 3063 4781 civitate
3098 4735 3191 4781 aut
3215 4727 3338 4782 loco
3362 4727 3596 4781 dabatur
3619 4726 3712 4779 hic
3734 4726 3866 4780 titu-

2294 4812 2403 4876 lus,
2431 4813 2664 4882 ideoque
2680 4829 2900 4883 semper
2926 4815 3206 4869 invenitur
3227 4814 3346 4869 sine
3369 4815 3638 4883 ejusmodi
3659 4813 3867 4867 addita-

2295 4914 2501 4967 mento,
2534 4920 2675 4974 smpe
2703 4905 2870 4959 etiam
2905 4920 3030 4960 cum
3077 4905 3344 4975 epithetis
3372 4906 3744 4977 Περιϐλέπτου
3774 4913 3865 4959 aut

2296 4995 2657 5066 Περιφανοῧς,
2705 4996 2986 5065 Conspicui
3037 4997 3123 5051 vel
3178 4996 3431 5052 Illustris.
3474 4996 3575 5051 Hic
3610 5012 3744 5051 vero
3775 4996 3865 5050 Ni-

2294 5091 2544 5157 cephorus
2569 5103 2829 5159 expresse
2850 5088 3057 5143 dicitur
3083 5088 3336 5159 Magister
3382 5088 3671 5147 Antiochia
3694 5104 3713 5142 :
3734 5089 3862 5143 soli-

2294 5188 2376 5235 tas
2408 5191 2592 5235 autem
2614 5178 2871 5237 civitates
2903 5180 3174 5249 ejusmodi
3204 5180 3515 5249 primarius,
3545 5180 3728 5249 qualis
3755 5182 3862 5233 An-

2294 5271 2495 5326 tiochia
2527 5279 2666 5332 crat,
2696 5287 2901 5341 magno
2952 5270 3229 5340 stipendio
3294 5270 3602 5329 conductos
3661 5271 3864 5326 habere

2292 5364 2541 5433 egregios
2568 5363 2900 5432 eloquentia:
2952 5363 3241 5433 magistros
3304 5363 3389 5419 vel
3436 5378 3504 5417 ex
3557 5364 3860 5434 Augustino

2294 5454 2497 5508 scimus
2557 5454 2824 5523 ejusmodi
2851 5470 2953 5523 spe
2986 5454 3215 5508 Romam
3269 5453 3476 5509 delato.
3511 5454 3698 5509 Talem
3734 5469 3859 5509 vero

2291 5539 2460 5593 fuisse
2487 5542 2836 5609 Nicephorum
2868 5543 3010 5598 hunc
3042 5553 3289 5597 nostrum
3319 5543 3467 5612 quod
3497 5553 3555 5597 et
3600 5544 3858 5598 Possinus

2292 5631 2525 5691 censuit,
2566 5647 2675 5684 non
2736 5632 2860 5687 ideo
2898 5633 3156 5697 dubites,
3197 5634 3325 5702 quia
3379 5633 3725 5703 Nicephorus
3754 5633 3855 5688 Ca-

2294 5722 2451 5775 listus
2485 5723 2577 5775 lib.
2605 5740 2735 5775 xv.”
2766 5724 3010 5779 Historia:
3062 5724 3237 5778 cccles.
3267 5740 3387 5795 cap.
3417 5724 3508 5790 24,
3546 5740 3669 5781 cum
3693 5724 3853 5797 hujus
