4110 6332
257 394 404 462 2985

1398 388 2001 450 COMMENTARIUS
2037 388 2408 452 PRIEVIUS.

3392 399 3535 462 2986

257 511 388 564 vitae
445 506 718 572 meminit,
754 505 946 560 Latino
1013 503 1093 559 sic
1125 501 1362 558 vertitur
1403 502 1472 556 ab
1531 501 1834 571 interprete
1867 509 1909 561 Α
1940 495 2216 573 principio
2269 502 2479 558 aberit:
2514 501 2637 557 istic
2666 504 2964 573 capitulum
2991 506 3112 571 ll8,
3157 507 3248 562 hic
3269 525 3536 566 numerus

257 601 488 672 Langio,
508 598 663 669 quasi
702 613 806 650 non
836 598 912 649 ita
939 596 1084 649 docte
1111 603 1169 647 ut
1199 594 1510 664 magnitudo
1536 609 1713 646 rerum
1736 595 1841 663 ﬂa-

256 691 462 763 gitabat
499 692 794 760 conscripta
824 690 928 743 sit:
978 688 1156 743 utitur
1199 686 1351 742 enim
1421 686 1512 740 ille
1572 684 1841 739 adverbio

260 785 338 855 μὴ
365 786 550 853 ἀξίως,
580 801 684 838 non
713 784 888 859 digne,
924 782 1070 853 quod
1107 781 1272 837 etiam
1304 779 1681 835 Ciceroniana:
1730 778 1845 832 elo-

255 877 500 948 quentiae
529 886 716 947 posset
753 876 954 946 aptari,
990 875 1058 930 ad
1118 874 1546 945 exprimendum
1589 871 1836 941 singilla-

255 985 370 1023 rem
398 968 804 1035 excellentiam,
856 968 1009 1023 omni
1046 969 1290 1022 humano
1350 961 1617 1020 sermone
1661 964 1839 1018 subli-

251 1061 748 1130 miorem:alioqui
785 1061 990 1117 fatetur
1031 1061 1378 1130 Nicephorus
1427 1055 1595 1128 quod,
1645 1057 1840 1111 cumin

252 1155 394 1206 hanc
417 1154 581 1206 vitam
618 1153 823 1222 incidit,
856 1152 1121 1223 obstupuit
1145 1151 1573 1221 magnitudinem
1605 1166 1669 1203 ac
1696 1148 1837 1202 mul-

252 1246 530 1299 titudinem
565 1247 813 1299 eximiam
839 1262 1061 1316 operum
1080 1262 1113 1298 a
1147 1253 1334 1299 sancto
1358 1249 1697 1315 patratorum
1723 1257 1740 1295 :
1773 1257 1839 1296 ea

251 1347 461 1398 autem,
490 1337 692 1406 inquit,
727 1353 888 1408 usque
919 1335 1070 1390 hodie
1101 1333 1436 1389 celebrantur
1465 1334 1703 1388 omnium
1731 1333 1836 1385 lin-

249 1427 387 1499 guis,
420 1429 681 1498 descripta
709 1429 813 1482 ὑπὺ
845 1428 1093 1497 Συμεῶνι
1131 1427 1445 1500 (Νικηφόρῳ
1485 1425 1663 1480 voluit
1694 1424 1833 1480 scri-

249 1521 404 1586 bere,
439 1529 533 1575 aut
558 1522 724 1575 etiam
749 1521 995 1591 scripsit,
1028 1518 1126 1576 sed
1163 1519 1377 1575 sciolus
1403 1518 1606 1588 aliquis
1633 1532 1835 1572 nomen

250 1612 489 1687 mutavit
514 1612 939 1683 Metaphrastem
995 1611 1230 1682 intelligi
1284 1611 1497 1680 volens)
1531 1609 1836 1677 Μαγίστρῳ

249 1705 330 1775 τῷ
383 1704 648 1776 Οὐρανῷ·
692 1705 840 1775 quod
891 1705 1212 1760 abbreviate
1255 1704 1545 1773 scriptum,
1590 1717 1657 1756 ex
1683 1716 1835 1755 more

244 1795 454 1851 Graecis
508 1797 915 1860 usitatissinio,
970 1813 1070 1867 pro
1129 1795 1381 1867 Οὐρανῷ,
1436 1810 1548 1849 nou
1605 1792 1833 1862 capiens

245 1889 489 1959 Laugius
523 1886 910 1960 praetermisit;
938 1866 1150 1944 clarum
1180 1866 1364 1943 autem
1416 1888 1475 1941 lit
1525 1902 1592 1943 ex
1637 1885 1831 1955 eodem
1863 1866 1909 1926 Β

240 1985 573 2055 cognomine
595 1993 724 2038 ante
758 1983 940 2038 Vitam
971 1984 1181 2054 integre
1231 1996 1513 2052 expresso.
1757 2051 1762 2055 _

315 2075 516 2130 45.Ab
562 2075 672 2130 alio
721 2090 942 2146 quoque
1000 2090 1221 2145 quama
1277 2073 1593 2144 Nicephoro
1650 2070 1831 2126 Vitam

240 2160 520 2233 Symeonis
571 2163 738 2233 hujus
788 2163 996 2218 litteris
1056 2163 1375 2218 mandatam
1416 2171 1473 2217 et
1517 2161 1830 2233 posteritati

240 2255 625 2309 trausmissam
655 2269 801 2318 esse,
836 2269 904 2308 ex
942 2255 1298 2326 paragrapho
1343 2253 1633 2325 superiore
1671 2254 1828 2309 colli-

241 2346 459 2415 gimus:
498 2347 654 2416 cujus
699 2348 1388 2416 auctorem,quamvisnon
1406 2340 1832 2401 nominetconci-

239 2436 492 2500 lium,ex
529 2437 867 2493 Damasceno
915 2437 1206 2491 Arcadium
1252 2434 1413 2506 Cgpri
1477 2433 1830 2502 archiepisco-

239 2547 372 2600 pum
392 2531 763 2600 agnoscimus,
801 2530 977 2585 nihilo
1002 2529 1279 2585 notiorcm
1304 2529 1595 2600 Nicephoro
1610 2534 1825 2591 nostro,

240 2622 351 2676 nisi
383 2622 548 2676 etiam
581 2622 963 2677 obscuriorem
1002 2621 1176 2687 velis;
1218 2628 1409 2690 utpote
1473 2619 1568 2688 qui
1601 2634 1671 2674 ne
1730 2634 1830 2688 per

239 2716 444 2784 scripta
505 2716 770 2786 quidem,
824 2732 954 2788 quae
1007 2715 1436 2777 interciderunt,
1501 2713 1823 2768 innotescit.

239 2805 453 2878 Colligo
483 2808 674 2872 etiam,
723 2808 1149 2879 prolixissimam
1206 2806 1376 2861 fuisse
1426 2803 1607 2860 Vitam
1648 2805 1822 2869 illam,

239 2914 308 2954 ac
371 2910 571 2955 nostrae
622 2915 733 2955 non
783 2899 944 2954 valde
993 2900 1259 2970 imparem
1310 2896 1699 2968 longitudine;
1752 2896 1827 2950 ita

239 2990 554 3062 Capitulum
589 2991 714 3056 118,
745 2992 821 3046 ita
850 2990 1170 3045 Miraculum
1203 2987 1325 3054 152,
1364 3004 1532 3058 supra
1598 2988 1826 3043 recitata

239 3081 528 3147 obtinent;
580 3082 752 3136 multa
803 3081 950 3135 enim
1007 3066 1388 3150 praecessisse,
1421 3085 1661 3148 oportet.
1711 3078 1825 3131 lmo

240 3174 459 3228 nullum
493 3173 742 3239 dubium,
806 3172 940 3242 quin
1007 3173 1179 3227 altera
1210 3187 1277 3225 ex
1332 3171 1504 3225 altera
1548 3168 1826 3236 descripta

240 3267 316 3323 sit
354 3266 508 3332 Vita;
539 3274 594 3320 et
620 3273 810 3331 nostra
843 3265 1028 3335 potius
1055 3279 1125 3318 ex
1177 3262 1268 3316 illa
1324 3261 1570 3324 Arcadii,
1622 3259 1829 3314 additis

238 3361 498 3430 pauculis
561 3359 646 3414 vel
711 3357 1238 3421 exclamationibus,
1297 3354 1382 3408 vel
1443 3351 1821 3423 apostrOphis,

239 3454 467 3519 aliisve,
493 3461 552 3507 ut
583 3452 659 3507 rei
688 3451 964 3522 exigentia
992 3458 1048 3505 et
1078 3451 1256 3521 pietas
1283 3448 1530 3504 auctoris
1560 3447 1828 3501 tulerunt.

237 3552 382 3609 Nam
411 3549 719 3605 coul‘erenti
769 3547 1074 3618 superioris
1104 3544 1434 3617 paragraphi
1495 3541 1827 3598 miraculum

238 3644 486 3714 primum
523 3656 647 3696 cum
673 3654 909 3694 numero
941 3638 1044 3693 125
1077 3636 1236 3700 Vitae,
1270 3643 1326 3690 et
1367 3634 1674 3691 secundum
1702 3648 1828 3688 cum

239 3748 400 3788 num.
446 3733 570 3796 171,
617 3738 868 3800 apparet,
901 3727 1357 3788 fundamentalia.
1395 3724 1683 3788 notabilia,
1717 3723 1828 3778 cir-

237 3821 610 3878 cumstantias
634 3821 826 3884 etiam,
859 3819 1153 3888 utrobique
1179 3817 1372 3872 eadem
1404 3831 1548 3871 esse.
1582 3815 1638 3870 In
1669 3814 1826 3885 prio-

238 3914 420 3976 ribus,
451 3910 827 3967 locusRhosus
846 3926 938 3966 seu
967 3905 1271 3980 Rhosopolis
1305 3906 1504 3963 Cilicia:
1536 3907 1701 3972 urbs;
1740 3920 1836 3961 no-

242 4019 379 4058 men
413 4002 662 4058 mulieris
692 4002 980 4056 Theotecna
1003 4041 1017 4066 ,
1053 4010 1271 4071 tempus
1294 4000 1535 4071 coniugii
1589 4000 1722 4054 anni
1751 4001 1830 4054 vi-

236 4099 413 4168 ginti;
440 4097 657 4168 repudii
679 4099 1089 4166 anniquatuor;
1115 4095 1496 4150 haemorrhcea:
1517 4094 1648 4147 anni
1675 4094 1832 4164 quin"

237 4191 441 4255 decim;
468 4205 632 4245 causa
665 4189 906 4244 adeundi
951 4196 1238 4252 sanctum;
1279 4187 1498 4241 aversio
1530 4185 1830 4251 daemonis;

189 4264 197 4266 l
238 4281 490 4350 querelae
520 4280 816 4351 ejusdem;
861 4280 1098 4350 raptatio
1172 4279 1384 4334 circum
1458 4279 1777 4333 columnam
1816 4295 1828 4330 :

239 4374 518 4446 promissa
563 4373 785 4428 mulieri
811 4377 974 4429 data:
1006 4382 1332 4444 conceptus,
1371 4383 1555 4438 natus,
1615 4372 1835 4427 oblatus

244 4467 430 4533 illius;
469 4467 770 4540 gratitudo,
794 4475 978 4523 erecta
1013 4468 1201 4528 icone;
1254 4466 1573 4520 sanationes
1606 4471 1706 4534 per
1765 4465 1833 4518 il-

1949 597 2070 651 123.
2099 597 2178 650 En
2208 596 2533 670 quantulum
2561 595 2861 653 discrimen
2885 600 2897 652 !
2925 598 3177 654 Alterum
3208 603 3534 660 miraculum

1949 687 2111 756 paulo
2136 689 2358 759 ldngius
2379 688 2593 744 recedit
2641 689 2696 743 in
2726 699 2913 745 nostra
2949 692 3094 757 Vita,
3139 710 3304 763 quam
3357 697 3534 753 Arca-

1947 781 2111 834 diana
2140 797 2154 846 ;
2184 780 2280 836 sed
2309 781 2616 836 notandum
2649 797 2915 837 numeros
2942 782 3006 861 in.
3029 784 3355 844 vitaiuostra
3384 788 3532 845 circa

1945 873 2189 929 medium
2217 873 2620 930 contractiores
2641 891 2785 941 esse,
2829 891 2993 945 quam
3036 893 3233 933 versus
3271 879 3532 937 initium:

1943 968 2193 1038 adeoque
2215 971 2586 1025 convenirent
2652 971 2882 1042 prepius
2943 973 3186 1037 numeri,
3238 953 3406 1029 etiam
3442 977 3535 1033 hic

1943 1059 2144 1124 nostri,
2180 1074 2306 1115 cum
2357 1075 2595 1114 numero
2643 1060 2805 1139 istius
2850 1061 3125 1127 miraculi,
3156 1063 3200 1117 si
3230 1067 3427 1134 aaquali
3456 1076 3538 1122 te-

1943 1163 2080 1203 nore
2105 1164 2169 1204 ac
2199 1150 2376 1219 spatio
2401 1159 2623 1206 nostros
2649 1150 2849 1221 ubique
2899 1151 3314 1210 incidissemus.

2012 1241 2102 1294 4M.
2127 1240 2235 1295 Sed
2270 1241 2566 1297 redeamus
2595 1242 2661 1296 ad
2693 1242 3043 1299 collationem
3064 1246 3341 1313 miraculi,
3376 1259 3433 1304 et
3460 1251 3538 1304 vi-

1941 1331 2173 1388 deamus
2199 1349 2321 1403 quae
2352 1334 2528 1390 videri
2554 1336 2768 1404 possint
2797 1336 2854 1392 in
2886 1337 3010 1392 Vita
3037 1348 3226 1393 nostra
3264 1345 3534 1412 superad-

1940 1423 2076 1490 dita,
2106 1424 2193 1478 vel
2222 1425 2441 1480 decoris
2464 1427 2550 1480 vel
2579 1427 2850 1483 claritatis
2880 1443 3066 1484 causa.
3103 1429 3247 1485 Sunt
3284 1433 3376 1499 illa
3402 1450 3544 1504 per--

1940 1527 2253 1588 Opportuna
2308 1527 2413 1574 ete
2441 1536 2502 1575 re
2555 1529 2704 1576 nata.
2735 1521 2841 1578 Ubi
2903 1522 2972 1578 de
3027 1523 3278 1581 daemone
3325 1529 3530 1598 agitur,

1941 1609 2226 1666 interserit
2260 1630 2270 1664 :
2311 1612 2772 1678 Quemadmodum
2802 1601 2973 1671 isthoc
3003 1620 3174 1674 scelus
3203 1635 3306 1674 non
3356 1622 3533 1694 loqui—

1938 1711 2024 1756 tur
2080 1706 2182 1758 nisi
2231 1706 2454 1761 scelera.
2498 1709 2707 1764 Deinde
2751 1721 2978 1782 accepta
3031 1714 3304 1770 beneficia
3361 1719 3531 1772 simul

1936 1807 2227 1851 enumerat
2249 1806 2307 1852 et
2331 1801 2486 1854 velut
2519 1802 2843 1870 parenthesi
2876 1802 3112 1859 includit
3141 1807 3345 1878 (Neque
3392 1813 3532 1864 enim
3604 1833 3605 1836 η

1937 1907 1970 1943 a
1987 1900 2250 1944 cowtaneo
2266 1892 2364 1944 sibi
2385 1893 2620 1946 daemone
2639 1895 2910 1960 immunis,
2939 1897 3030 1950 sed
3052 1907 3100 1952 et
3124 1901 3316 1954 marito
3334 1902 3533 1972 integre

1936 1994 2150 2045 sanata,
2190 1985 2434 2038 restituta
2490 1986 2592 2056 fuit
2615 2002 2633 2039 .'
2661 1987 2733 2040 ad
2785 1988 2893 2043 haec
2941 2006 3073 2059 puer
3109 2006 3313 2060 quoque
3346 2009 3409 2046 ea:
3441 1981 3526 2054 ea,

1936 2076 2074 2145 quod
2121 2092 2396 2146 nunquam
2432 2085 2577 2149 ante,
2604 2089 2892 2150 prognatus
2925 2080 3045 2150 est).
3077 2080 3330 2152 Denique
3363 2083 3525 2138 istam

1935 2163 1990 2217 in
2052 2165 2158 2219 line
2222 2165 2638 2222 conclusionem
2697 2168 2934 2239 adjicit:
2968 2170 3055 2226 Ita
3079 2173 3181 2226 viri
3222 2175 3396 2228 sancti
3444 2175 3527 2229 vel

1934 2257 2105 2310 tenuis
2135 2257 2189 2310 in
2216 2258 2448 2329 imagine
2468 2261 2974 2331 aspectus,.signum
3003 2265 3198 2328 crucis,
3229 2266 3403 2337 virga,
3423 2268 3530 2338 for-

1933 2364 2042 2413 ma,
2075 2348 2309 2414 verbum,
2342 2350 2636 2415 invocatio,
2671 2361 2720 2405 et
2755 2353 2800 2406 si
2823 2355 2951 2424 quid
2992 2355 3146 2410 aliud
3184 2374 3360 2412 rerum
3383 2359 3526 2413 illius

1932 2449 2084 2503 esset,
2109 2441 2402 2512 sufﬁciebat
2428 2442 2637 2497 cuilibet
2659 2445 2960 2500 morborum
2980 2450 3170 2518 generi
3199 2449 3524 2519 depellenda.

2002 2533 2093 2595 45.
2133 2533 2262 2611 Haec
2294 2534 2362 2588 de
2390 2534 2696 2605 prioribus.
2738 2535 2991 2591 Otiosum
3027 2538 3171 2594 foret
3214 2542 3526 2609 posteriora

1929 2623 2096 2677 simili
2141 2625 2307 2679 modo
2351 2625 2605 2681 conferre
2651 2645 2664 2681 :
2701 2627 2949 2683 conferat
2980 2629 3068 2683 cui
3122 2630 3324 2684 lubet:
3371 2647 3522 2702 repe-

1930 2714 2038 2769 riet
2103 2715 2296 2793 eadem
2344 2717 2667 2788 utrobique.
2701 2717 2904 2774 Refero
2953 2719 3222 2774 duntaxat
3267 2722 3359 2776 illa
3404 2738 3523 2791 qua:

1931 2807 2146 2878 adjecta
2178 2808 2465 2864 videntur.
2491 2811 2743 2865 Primum
2768 2822 2968 2867 erectae
2998 2812 3145 2867 iconi
3174 2827 3333 2867 suum
3370 2814 3528 2868 addit

1928 2907 2209 2966 ornatum,
2235 2917 2362 2957 cum
2413 2903 2563 2958 illam
2599 2903 2875 2960 describit
2901 2922 2914 2958 :
2938 2908 3269 2960 Pervenuste
3297 2924 3402 2963 non
3435 2924 3523 2961 so-

1929 2991 2040 3044 lum
2060 2991 2341 3059 coloribus,
2364 2995 2457 3047 sed
2492 2995 2658 3048 etiam
2693 2997 2892 3049 amictu
2925 3004 2975 3050 et
3009 3000 3324 3067 tegumentis
3370 3015 3521 3052 orna-

1930 3093 2061 3137 tam.
2107 3085 2278 3140 Paulo
2330 3097 2457 3156 post
2504 3089 2963 3143 exclamationem
2990 3089 3137 3144 hanc
3189 3091 3470 3152 interserit
3511 3112 3523 3145 :

1941 3168 1986 3224 0
2017 3169 2181 3235 Deus,
2223 3178 2422 3238 quanta
2456 3171 2631 3226 hostes
2662 3169 2915 3227 adversus
2947 3171 3205 3228 Sanctum
3235 3180 3380 3224 tuum
3411 3186 3524 3223 ma-

1944 3264 2148 3317 chinati
2178 3264 2336 3317 sunt!
2370 3262 2493 3318 Mox
2527 3280 2652 3318 cum
2686 3265 3006 3320 extenderet
3043 3280 3189 3320 unus
3222 3265 3276 3318 in
3303 3264 3519 3318 iconem

1942 3366 2189 3416 manum,
2217 3351 2541 3408 deturbatus
2572 3354 2776 3408 dicitur
2797 3361 3038 3410 venusta
3056 3355 3158 3410 hac
3191 3363 3244 3410 et
3270 3356 3357 3424 pia
3391 3369 3522 3423 apo-

1943 3444 2169 3515 strophe
2199 3459 2212 3496 :
2243 3444 2493 3498 Manibus
2521 3446 2654 3509 illis,
2677 3455 2918 3514 quarta.
2950 3446 3174 3512 Christe,
3215 3463 3372 3515 super
3399 3447 3524 3501 illo-

1943 3554 2061 3591 rum
2092 3533 2394 3606 superbiam
2416 3538 2679 3603 extulisti,
2721 3538 3111 3607 dejicientibus.
3143 3538 3367 3594 Demqu
3395 3552 3521 3590 cum

1943 3632 2137 3688 tertius
2162 3645 2383 3701 quoque
2412 3630 2657 3699 dejectus
2682 3642 2847 3695 esset,
2878 3633 3037 3702 quasi
3080 3631 3522 3700 epiphonematis

1942 3724 2064 3778 loco
2112 3721 2316 3778 dicitur
2356 3741 2370 3778 :
2405 3722 2577 3777 Multo
2619 3724 2884 3792 prioribus
2910 3723 3116 3793 majori
3158 3722 3389 3776 ludibrio
3437 3720 3523 3774 di-

1940 3837 2073 3888 gnus
2095 3860 2109 3884 ,
2142 3819 2281 3890 quod
2313 3819 2528 3874 illorum
2561 3820 2796 3888 exernplo
2830 3821 2996 3874 nihilo
3034 3820 3294 3889 sapuisset
3327 3819 3519 3888 magis.

1935 3914 2077 3983 Quid
2102 3916 2221 3972 hac
2237 3913 2343 3969 nisi
2367 3913 2749 3984 parentheses,
2772 3911 3205 3968 exclamationes
3223 3952 3238 3978 ,
3274 3923 3525 3984 apostro-

1936 4009 2079 4079 phae,
2110 4007 2559 4078 epiphonemata,
2579 4021 2647 4059 cx
2677 4003 2842 4058 rebus
2872 4003 3014 4058 nihil
3041 4005 3350 4060 immutatis
3374 4013 3526 4069 nata,
3554 3997 3559 4001 ’

1936 4111 1991 4157 et
2023 4101 2302 4170 emphasis
2332 4098 2506 4170 gratia
2535 4105 2767 4153 venuste
2793 4095 3045 4168 adjecta?

2013 4195 2103 4250 46.
2130 4193 2282 4250 Ordo
2314 4201 2500 4248 autem
2531 4201 2682 4250 totus
2720 4192 2777 4247 in
2819 4192 2925 4246 hac
2963 4189 3198 4245 historia
3229 4199 3314 4244 est
3341 4188 3526 4243 admo-

1939 4289 2070 4343 dum
2105 4287 2398 4352 naturalis,
2437 4286 2714 4356 incipiens
2749 4300 2779 4340 a
2805 4285 3097 4340 nativitate
3119 4324 3132 4347 ,
3165 4281 3530 4354 progrediens

1939 4394 2064 4434 cum
2101 4378 2282 4444 annis,
2316 4377 2582 4433 desinens
2633 4376 2687 4430 in
2721 4383 2900 4431 morte
2926 4391 2940 4429 :
2965 4375 3073 4428 imo
3100 4389 3211 4427 non
3249 4386 3390 4426 vana
3417 4373 3528 4427 erit
3607 4444 3611 4448 _

1938 4469 2284 4542 suspicio,si
2344 4469 2611 4524 miracula
2668 4468 2935 4538 pleraque
2979 4467 3178 4520 ordine
3227 4463 3527 4534 temporis,

245 4561 355 4616 lam
385 4561 572 4616 factae.
609 4560 743 4631 quid
772 4560 970 4630 plura?
1006 4558 1199 4614 eadem
1237 4558 1536 4628 utrobique
1564 4566 1830 4613 notantur
1866 4565 1905 4617 D
1937 4573 2047 4630 quo
2081 4560 2225 4615 facta
2271 4567 2420 4621 sunt,
2453 4567 2725 4630 putentur
2769 4558 3009 4627 primum
3041 4557 3322 4626 descripta
3353 4569 3479 4610 esse
3511 4571 3524 4608 :

245 4653 454 4709 omnia.
480 4653 600 4709 Non
625 4662 929 4724 potuerunt
950 4668 1081 4724 ergo
1111 4667 1226 4707 non
1264 4651 1351 4706 vel
1381 4652 1553 4706 altera
1585 4666 1655 4704 ex
1686 4651 1825 4703 alte-

247 4746 345 4810 ris,
377 4745 467 4800 vel
497 4754 732 4814 utraque
759 4758 827 4797 ex
867 4743 1063 4799 iisdem
1101 4743 1496 4798 ’monumentis
1553 4742 1830 4812 descripta

247 4838 445 4894 videri.
480 4837 600 4904 Qua
644 4837 1062 4892 conﬁrmaberis
1090 4836 1147 4890 in
1198 4836 1495 4899 sententia,
1551 4837 1594 4889 si
1649 4837 1834 4890 conci-

249 4931 388 5000 pias,
440 4931 608 4984 vitam
670 4930 819 4983 illam
875 4944 976 5000 per
1011 4927 1272 4998 capitula,
1331 4927 1580 4982 numeris
1627 4929 1835 4982 nostris

247 5021 364 5077 fere
389 5024 560 5095 paria,
590 5022 908 5078 distinctam
942 5019 1142 5085 fuisse;
1192 5022 1272 5076 sic
1299 5021 1446 5076 enim
1486 5020 1634 5075 istud
1669 5022 1835 5074 mira-

247 5115 437 5171 culum
468 5113 874 5187 propemodum
928 5112 1046 5182 pari
1104 5111 1397 5166 intervallo
1450 5112 1746 5184 utrobique
1801 5128 1830 5166 a

569 5936 842 5997 ΡΑπιοῐι.
870 5938 985 5999 Gn.
1037 5937 1387 5999 LXXXVI.

1939 4651 1992 4706 id
2023 4653 2172 4707 enim
2203 4651 2342 4705 ordo
2367 4649 2544 4705 aetatis
2568 4659 2622 4704 et
2648 4649 2731 4703 hae
2755 4648 3062 4718 particulae,
3093 4657 3293 4717 postea,
3319 4645 3527 4710 deinde,

1938 4754 2052 4815 post
2079 4745 2208 4808 hwc,
2240 4745 2345 4798 illis
2373 4745 2620 4816 peractis,
2646 4757 2709 4797 ac
2731 4742 2960 4807 similes,
2993 4741 3046 4794 in
3067 4740 3344 4811 principio
3363 4739 3529 4793 mira-

1943 4837 2199 4892 culorum
2257 4834 2559 4889 identidem
2611 4833 2902 4904 repetitaa,
2952 4832 3215 4887 videntur
3269 4830 3524 4885 innucre.

1947 4928 2104 4983 Hunc
2132 4943 2298 4997 porro
2325 4937 2434 4982 tam
2466 4928 2753 4997 copiosum
2779 4925 2987 4981 fontem
3021 4925 3358 4979 habentibus
3387 4924 3526 4978 nihil

1944 5036 2086 5092 opus
2119 5032 2202 5076 est
2237 5021 2449 5077 rivulos
2497 5019 2926 5091 Synaxariorum
2965 5017 3191 5083 sectari,
3219 5016 3274 5072 in
3321 5015 3528 5088 quibus

1942 5113 2182 5184 elogium
2209 5113 2344 5168 alibi
2371 5112 2622 5179 brevius,
2651 5110 2784 5166 alibi
2817 5111 3093 5183 prolixius
3124 5111 3346 5182 legitur.

3017 5937 3094 5997 9's
