4110 6332
193 428 340 494 2989

1157 425 1345 486 ΠἹἊΔ
1370 424 1416 481 Α
1454 414 1889 483 NICEPHORO
1929 416 2417 481 CONSCRIPTA.

3314 407 3455 471 22m

196 540 515 613 πράγμασιν
544 539 933 608 ἐξισούμενον;
970 536 1132 590 ὁπότε
1169 537 1263 591 καὶ
1301 533 1434 605 μόνα
1481 532 1583 601 τῆς
1609 528 1772 583 αὑτοῦ

1882 530 2155 587 inveniam
2202 529 2508 585 orationem
2558 539 2742 580 rerum
2790 521 3155 594 magnitudini
3220 522 3458 590 parem?

194 633 504 705 γεννήσεως
530 634 599 686 τὰ
627 630 925 703 παράδοξα,
955 631 1053 683 ὅσα
1081 645 1143 682 τε
1183 628 1277 693 τῆς
1308 629 1370 680 εγ
1405 624 1597 687 παιδὸς
1650 624 1776 694 ἀρε-

194 723 295 792 τῆς
314 723 411 792 τῆς
436 741 492 776 τε
521 722 897 795 παρ”ήλικίαν
931 722 1301 791 ἐνασκήσεως,
1336 718 1431 781 καί⁸
1464 715 1573 769 τῶν
1621 713 1777 784 παρά

196 814 256 868 τὸ
276 816 421 879 εἰκὸς
450 816 550 884 τῆς
582 815 798 884 φύσεως
832 813 1080 883 ἀγώνων,
1115 814 1161 865 εί
1195 812 1291 865 καὶ
1346 796 1421 880 μὴ
1461 807 1601 862 κατά
1643 823 1777 858 ταυ-

192 906 288 961 τὸν
328 906 528 971 πάντα,
560 906 696 962 ἀλλά
734 922 875 972 τινα,
904 906 1107 975 μᾶλλον
1141 905 1197 957 δὲ
1252 903 1347 956 καὶ
1390 902 1439 954 εί
1469 899 1591 954 καθ’
1616 898 1779 951 ἑαυτὸ

194 998 401 1051 τούτων
424 998 655 1051 ἕκαστον
678 1000 860 1051 πᾶσαν
880 996 989 1052 οῐδε
1015 998 1177 1063 λόγου
1209 993 1442 1049 κατόπιν
1471 989 1669 1045 ἑαυτοῦ
1699 1005 1778 1040 τι-

145 1115 147 1117 ι
196 1089 348 1143 θέναι
374 1090 567 1159 τέχνην
599 1092 690 1143 καὶ
722 1090 970 1161 δύναμιν.

268 1267 338 1327 γ’.
361 1262 425 1314 Τί
452 1262 497 1314 δ’
517 1264 583 1315 ἂν
609 1265 655 1317 εἰ
691 1266 785 1317 καὶ
810 1264 871 1317 τὺ
899 1264 1008 1319 τῶν
1036 1265 1282 1335 σημείων
1308 1264 1403 1317 καὶ
1432 1264 1541 1317 τῶν
1566 1264 1779 1333 Θαυμά-

191 1366 305 1404 των
334 1352 536 1421 πλῆθος
562 1356 653 1407 καὶ
675 1356 927 1423 μέγεθος,
955 1358 1053 1419 τάς
1088 1374 1145 1410 τε
1174 1357 1327 1421 θείας
1356 1357 1572 1419 ὲκείνας
1597 1356 1774 1425 ὄψεις,

192 1437 250 1490 αἳ
280 1438 343 1509 δὴ
370 1441 559 1494 πολλαὶ
588 1443 849 1507 πολλάκις
871 1444 1019 1515 αὐτῷ
1053 1448 1335 1515 μυστικῶς
1375 1454 1432 1499 τε
1480 1448 1572 1499 καὶ
1601 1447 1776 1516 ἀπορ-

191 1532 376 1600 ρήτως
408 1528 690 1603 ὤφθησαν,
723 1536 1036 1601 ἐπεξελθεῖν
1083 1535 1481 1607 βουληθείημεν
1512 1556 1523 1601 ;
1556 1520 1684 1611 ποίᾳ
1720 1537 1777 1591 δὲ

191 1618 289 1675 καὶ
315 1622 473 1691 λόγου
491 1625 648 1693 φύσει
667 1626 801 1696 πρὸς
816 1627 1112 1697 ἑρμηνείαν
1126 1628 1233 1681 τῶν
1253 1628 1392 1697 ὑπὲρ
1405 1628 1557 1696 λόγον
1577 1628 1777 1697 χρησό-

194 1714 338 1782 μεθα
368 1730 383 1779 ;
412 1716 533 1768 ἐπεὶ
568 1719 660 1770 καὶ
704 1701 816 1771 πᾶν
844 1718 873 1771 ὃ
915 1720 989 1789 μὴ
1020 1719 1164 1790 λόγῳ
1190 1722 1460 1790 χωρητδν,
1498 1719 1617 1772 οὐδὲ
1679 1720 1775 1774 λα-

188 1804 377 1877 λητόν.
408 1805 537 1869 Πῶς
566 1807 674 1878 γὰρ
700 1804 729 1861 ὃ
766 1807 842 1878 μὴ
866 1883 871 1888 ς
892 1809 1155 1879 χωρήσει,
1193 1808 1401 1880 φράσαι
1447 1809 1774 1878 δυνήσεται;

1880 620 2331 691 quandoquidem
2369 618 2506 683 sola,
2551 632 2673 686 quae
2702 614 3456 670 nativitatemcircumstant.

1881 727 2112 783 quaeque
2136 697 2193 766 in
2219 712 2423 765 virtute
2453 725 2481 763 a
2505 724 2679 777 puero
2710 706 2973 766 exercita.
3002 706 3056 759 in
3088 704 3317 775 reliqua:
3336 706 3461 759 vita:

1881 802 2241 870 occupatione
2262 809 2317 854 et
2348 799 2402 853 in
2439 798 2842 853 certaminibus
2881 808 3093 873 naturae
3117 795 3266 849 vires
3308 810 3464 849 exceo

1881 892 2139 947 dentibus
2156 892 2378 945 elucent
2407 890 2693 951 miracula,
2739 888 2843 943 etsi
2874 902 2985 941 non
3047 887 3242 941 eodem
3297 887 3461 941 modo

1881 983 2342 1052 omnia,quaedam
2367 992 2540 1043 certe,
2571 980 2683 1033 imo
2712 994 2845 1034 vero
2895 976 3333 1047 unumquodque
3372 993 3463 1033 se-

1883 1074 2123 1129 cundum
2168 1087 2228 1127 se
2269 1086 2487 1126 omnem
2540 1069 2763 1125 dicendi
2802 1079 2977 1124 artem
3020 1079 3077 1125 et
3106 1070 3460 1138 elegantiam,

1880 1165 2038 1235 longe
2061 1173 2346 1233 superent.

1950 1259 2003 1313 5.
2036 1259 2179 1325 Quid
2223 1274 2387 1330 porro
2415 1258 2463 1315 si
2500 1259 3009 1330 signorum-atque
3064 1256 3462 1311 miraculorum

1881 1348 2298 1403 multitudinem
2351 1348 2934 1421 magnitudinemque;
2969 1346 3103 1418 quid
3154 1350 3197 1401 si
3246 1346 3462 1402 divinas
3528 1420 3531 1423 γ

1879 1456 1973 1496 eas
2022 1441 2287 1507 visiones,
2309 1457 2432 1511 qua:
2461 1457 2572 1495 non
2605 1456 2732 1494 raro
2757 1438 3039 1509 Symeoni,
3076 1454 3279 1494 arcano
3319 1423 3475 1513 συθ-ι’
3519 1428 3527 1437 ’⁷

1880 1534 2005 1595 dam
2038 1542 2095 1591 et
2129 1535 2505 1605 inexplicabili
2534 1536 2721 1597 modo,
2769 1535 3022 1605 plurima:
3056 1534 3254 1590 oblatae
3302 1547 3453 1594 sunt.

1880 1628 2131 1683 oratione
2157 1629 2421 1697 prosequi
2443 1628 2722 1682 velimus?
2746 1628 2949 1698 Qualis,
2974 1642 3187 1696 quaeso,
3214 1628 3303 1680 illa
3342 1643 3467 1681 ora;

1883 1721 1959 1776 tio
1994 1720 2065 1776 sit
2086 1729 2328 1790 oportet,
2358 1735 2480 1789 quae
2504 1734 2724 1774 omnem
2758 1718 2979 1773 dicendi
3016 1719 3330 1774 facultatem
3370 1734 3466 1773 su-

1878 1813 2133 1882 perantia
2161 1812 2479 1880 expositura
2508 1821 2593 1865 est
2612 1850 2625 1874 ,
2654 1825 2780 1864 cum
2815 1818 2987 1863 totum
3008 1825 3189 1879 neque
3210 1810 3465 1865 oratione

186 1896 341 1966 ὅμως
374 1899 423 1950 ει
467 1899 562 1957 καὶ
595 1902 844 1968 κρεῖττον
868 1900 902 1969 ἢ
935 1900 1079 1954 κατά
1122 1899 1287 1967 λόγου
1340 1899 1572 1969 δύναμιν
1603 1902 1662 1952 τὸ
1684 1900 1775 1968 ὲγ-

1882 1902 2275 1971 comprehendi
2327 1902 2526 1971 possit,
2577 1916 2758 1971 neque
2797 1900 2987 1955 verbis
3032 1901 3314 1969 proferri?
3356 1917 3467 1972 quo

186 1989 454 2060 χείρημα,
482 1989 619 2042 ἀλλά
645 1990 706 2042 τὸ
737 1999 833 2059 μέν
881 2006 933 2043 τι
964 1989 1299 2061 συλλήψεται
1333 1990 1552 2052 πάντως
1584 1992 1770 2059 ἡμῖνή

188 2082 315 2136 θεία
346 2083 438 2135 καὶ
470 2081 765 2151 συμπαθὴς
798 2083 981 2152 ἐκείνη
1010 2083 1182 2153 ψυχὴ,
1213 2083 1307 2136 καὶ
1338 2082 1471 2135 Θεοῦ
1512 2083 1608 2136 νῦν
1634 2083 1771 2152 ἀμέ-

189 2191 304 2239 σως
354 2174 449 2229 τοῦ
533 2174 870 2251 ποθουμένου
932 2176 1343 2245 κατατρυφῶντα
1384 2191 1395 2205 ·
1435 2175 1495 2227 τὸ
1548 2173 1644 2236 δὲ,
1683 2175 1777 2236 καὶ

189 2267 589 2336 συγγνώσεται.
627 2266 1019 2337 Συγγνώσεσθε
1050 2265 1108 2319 δὲ
1140 2265 1236 2319 καὶ
1286 2264 1488 2328 πάντες
1528 2266 1644 2317 ὅσοι
1676 2266 1774 2333 τῆς

189 2357 511 2429 ὑπερφυοῦς
542 2359 745 2429 ταύτης
777 2359 870 2411 καὶ
923 2358 1119 2427 καινῆς
1158 2356 1435 2419 πολιτείας
1464 2357 1733 2426 ἀκροατού⁵
1760 2393 1774 2418 ,

188 2448 364 2519 μηδὲν
427 2450 519 2502 τοῦ
582 2450 720 2520 πρὸς
785 2448 1017 2517 δύναμιν
1074 2446 1487 2513 ὲλλιποῦσιν,εί
1526 2449 1619 2500 καὶ
1675 2447 1770 2501 τοῦ

184 2541 327 2612 πρὸς
362 2540 518 2604 ἀξίαν
558 2541 808 2593 πλεῖστον
838 2540 1276 2610 ἀπολειπόμεθα.
1305 2542 1397 2593 Δεῖ
1446 2540 1503 2593 δὲ
1568 2539 1770 2609 μικρὸν

185 2630 448 2704 ἀνωτέρω
476 2631 565 2684 τὸν
584 2631 740 2699 λόγον
768 2631 1166 2701 ἀναγαγόντας,
1188 2630 1319 2685 οἴων
1336 2632 1366 2684 ό
1394 2630 1632 2692 τοιοῦτος
1668 2629 1771 2696 ἔφυ

185 2723 416 2792 γονέων,
452 2724 545 2777 καὶ
593 2726 738 2788 ὅστις
773 2728 811 2778 ό·
829 2725 927 2794 τῆς
979 2724 1296 2796 συλλήψεως
1356 2724 1556 2794 τρόπος
1620 2722 1772 2793 αὐτῷ

189 2815 457 2886 πρότερον
513 2816 884 2887 παραστῆσαι,
915 2815 983 2869 ἵν’
1009 2815 1249 2886 ἐχοιμεν’
1271 2815 1365 2870 τοῦ
1394 2815 1603 2869 τοιοῦδε
1637 2830 1778 2885 καρ-

188 2906 295 2961 ποῦ
333 2910 424 2961 καὶ
479 2909 540 2963 τδ
577 2909 790 2976 δένδρον
815 2907 1037 2973 εἰδέναι,
1068 2908 1101 2979 ἢ
1140 2908 1279 2978 μηδὲ
1326 2889 1424 2979 τὴν
1458 2906 1614 2979 ῥίζαν
1674 2908 1773 2975 ἀγ-

187 3003 334 3054 νοεῖν
370 3002 569 3072 μᾶλλον
606 3042 622 3067 ,
675 3002 798 3071 ἥτις
846 2999 938 3054 τδν
993 2999 1165 3063 οὕτως
1220 2999 1421 3070 ὡραῖον
1470 3000 1776 3069 ἐϐλάστησε

191 3091 413 3147 κλάδον.

1876 1998 2024 2053 enim
2055 2007 2218 2067 pacto
2250 1997 2434 2052 verbis
2455 1997 2732 2065 quispiam
2767 2005 3120 2067 assequatur,
3154 1996 3303 2066 quod
3365 2012 3465 2050 ne-

1877 2090 1997 2160 quit
2021 2090 2358 2160 cogitatione
2387 2090 2700 2159 attingere?
2732 2089 3112 2145 Nihilominus
3138 2089 3243 2145 etsi
3286 2091 3463 2160 major

1876 2182 2090 2238 viribus
2132 2183 2341 2237 nostris
2376 2190 2612 2237 conatus
2640 2183 2733 2246 sit,
2762 2182 2962 2250 partim
3016 2189 3223 2247 tamen,
3271 2183 3465 2236 nullus

1881 2271 2093 2336 dubito,
2121 2272 2489 2342 opitulabitur
2527 2272 2689 2326 nobis
2736 2270 2923 2325 divina
2958 2271 3053 2325 illa
3117 2280 3174 2325 et
3231 2272 3462 2325 misera.-

1881 2364 2031 2420 tione
2054 2365 2220 2434 plena
2247 2364 2537 2433 Symconis
2563 2364 2768 2428 anima,
2802 2378 2925 2433 quae
2952 2362 3118 2417 modo
3169 2362 3465 2418 intuitione

1880 2459 1975 2514 Dei
1998 2458 2136 2514 adeo
2167 2459 2490 2523 desiderati,
2520 2459 2679 2513 nullo
2721 2456 3055 2527 interposito
3108 2457 3312 2521 medio,
3371 2456 3465 2511 de-

1879 2549 2143 2615 lectatur;
2178 2550 2380 2619 partim
2412 2550 2579 2605 etiam
2614 2547 2982 2603 imbecillitati
3010 2556 3214 2602 nostra:
3246 2548 3464 2601 veniam

1882 2638 2054 2694 dabit.
2088 2640 2299 2695 Dabitis
2347 2648 2403 2694 et
2436 2655 2557 2701 vos,
2585 2640 2904 2710 quicunque
2963 2638 3262 2694 eminentis
3313 2639 3469 2700 inau-

1883 2731 2118 2801 ditzeque
2176 2732 2408 2804 hujusce
2482 2730 2923 2787 conversationis
2977 2729 3268 2785 auditores
3311 2730 3467 2793 estis,

1881 2823 2021 2878 nihil
2073 2834 2347 2893 quantum
2398 2839 2498 2895 per
2550 2823 2700 2878 vires
2753 2822 2949 2879 licebit
2984 2821 3467 2892 praetermissuris,

1880 2931 2197 2986 quanquam
2228 2916 2492 2987 plurima,
2525 2918 2573 2971 si
2616 2931 2802 2971 rerum
2830 2916 3158 2987 dignitatem
3184 2915 3466 2985 spectetis.

1881 3008 2282 3077 relinquamus.
2320 3006 2553 3078 Oportet
2581 3015 2767 3062 autem
2825 3008 2992 3078 paulo
3035 3008 3204 3063 altius
3251 3022 3470 3063 sermo-

1882 3110 2009 3151 nem
2031 3106 2372 3168 repetentes,
2409 3098 2618 3168 quibus
2647 3100 2923 3154 oriundus
2946 3100 3296 3183 parentibus,
3341 3100 3468 3170 quis

188 3183 572 3255 conceptionis
603 3184 799 3239 modus
820 3184 912 3251 sit,
941 3184 1096 3255 prius
1153 3184 1227 3238 ob
1256 3184 1448 3239 oculos
1471 3199 1718 3255 ponere;
1779 3196 1843 3241 ut
1880 3189 2006 3249 talis
2051 3190 2267 3246 fructus
2311 3192 2567 3247 arborem
2615 3208 2840 3263 quoque
2904 3208 3320 3263 cognoscamus,
3371 3202 3468 3249 aut

190 3278 379 3350 potius
408 3295 517 3334 non
546 3279 862 3351 ignoremus
892 3277 1160 3343 radicem,
1196 3293 1319 3347 qua:
1354 3286 1463 3332 tam
1507 3278 1770 3334 decorum
1812 3281 2072 3351 produxit
2104 3298 2357 3337 ramuma

1678 3416 1912 3474 CAPUT
1950 3419 1992 3473 l.

947 3504 1220 3570 Parentes,
1248 3507 1520 3573 nativitas,
1548 3502 1839 3578 baptisma:
1871 3517 1921 3563 et
1952 3504 2183 3581 pueritia
2219 3512 2391 3566 sancti
2402 3512 2697 3585 Symeom's'.

252 3638 323 3698 δ’.
370 3642 535 3712 Ἀνήρ
558 3659 639 3704 τις
681 3640 885 3707 ὀλίγοις
912 3638 1222 3710 ἔμπροσθεν
1272 3638 1489 3708 χρόνοις
1525 3639 1585 3705 ἐξ
1632 3638 1776 3692 Ἐδέ-

1961 3656 2017 3711 4.
2046 3652 2333 3723 Multijam
2360 3652 2489 3704 anni
2523 3658 2674 3716 sunt,
2712 3663 2835 3704 cum
2857 3651 2941 3703 vir
2970 3646 3460 3718 quidam,nomlnc

192 3748 295 3807 61;;
350 3732 690 3804 ὁρμώμενος,
720 3735 846 3785 νέαν
881 3732 961 3784 ἔτι
1007 3730 1104 3800 τὴν
1136 3722 1356 3798 ἡλικίαν
1405 3728 1576 3797 ἄγων,
1609 3729 1781 3799 ὄνομα

204 3829 485 3897 Ἰωάννης,
517 3828 659 3895 (σὺν)
719 3824 904 3887 αὐτοῖς
929 3823 1004 3886 ὡς
1040 3819 1152 3892 εἶχε
1186 3821 1426 3890 γονεῦσι,
1456 3822 1780 3892 κατειλήφει

188 3924 294 3991 τὴν
373 3920 648 3989 Ἀντιόχου
680 3935 695 3951 ·
732 3919 781 3971 οἱ
824 3917 878 3970 δὲ
928 3918 1036 3988 ἀρα
1100 3916 1361 3986 βάναυσοι
1426 3914 1524 3986 τὴν
1587 3915 1782 3986 τέχνην

190 4009 357 4085 ἦσαν,
394 4011 524 4081 περὶ
560 4008 824 4079 συλλογὴν
862 4008 1051 4078 μύρων
1084 4008 1177 4059 καὶ
1196 4008 1399 4077 πράσιν
1430 4007 1779 4077 πονούμενοι,

190 4105 289 4158 καὶ
324 4104 437 4154 πᾶν
466 4102 603 4170 ὅπερ
643 4100 709 4152 ἂν
740 4100 925 4161 αὐτοῖς
966 4098 1153 4167 ἐκείνη
1186 4098 1484 4169 πορίσειεν,
1522 4100 1779 4170 ἀφορμὴν

191 4195 354 4248 τοῦτο
402 4192 516 4263 βίου
570 4189 950 4261 πεποιημένοι.
1013 4189 1163 4241 Ἐπεὶ
1202 4189 1257 4241 δὲ
1292 4190 1395 4260 ήδη
1450 4192 1548 4243 καὶ
1600 4191 1779 4261 γάμου

192 4289 273 4358 τῷ
306 4289 408 4356 υίῴ
438 4287 532 4339 καὶ
559 4284 823 4351 συζυγίας
850 4283 959 4335 εδει
982 4282 1071 4335 διὰ
1098 4282 1196 4353 τὴν
1223 4282 1439 4351 ἡλικίαν
1460 4325 1473 4349 ,
1506 4283 1783 4351 διαλέγον-

196 4382 286 4435 ταί
328 4397 439 4434 τισι
490 4378 660 4449 κόρης
704 4377 948 4447 πατράσι
998 4376 1222 4447 (Μάρθα
1256 4377 1312 4429 δὲ
1361 4376 1531 4446 ὄνομα
1562 4375 1781 4448 ταύτῃ),

194 4473 287 4542 ἐφ’
326 4466 371 4540 ᾧ
404 4473 539 4542 πρὸς
575 4471 789 4540 γάμους
822 4468 991 4539 αὐτὴν
1040 4468 1345 4536 ἀγαγέσθαι
1377 4469 1455 4540 τῷ
1493 4469 1782 4541 νεανίσκῳ.

198 4568 309 4618 Καὶ
343 4568 396 4617 ol
431 4564 530 4634 μὲν
565 4564 821 4631 ἁσμένως
871 4559 1030 4614 τοῦτο
1087 4560 1392 4632 δεξάμενοι,
1430 4563 1496 4631 τῇ
1555 4561 1787 4631 Θυγατρὶ

200 4656 503 4730 μηνΰουσιν
532 4672 546 4685 ⁸
585 4657 616 4724 ἡ
650 4656 707 4707 δὲ
734 4654 1033 4724 παρθενίαν
1062 4638 1343 4723 ἠσπάζετο
1370 4696 1384 4718 ,
1424 4653 1625 4723 μᾶλλον
1658 4671 1787 4707 συνε-

198 4751 433 4819 αγαγείν
468 4745 638 4817 αὐτὴν
668 4744 841 4799 εἰδυῖα
874 4745 1101 4817 Χριστῷ
1149 4744 1226 4815 τῷ
1275 4743 1528 4815 ἀθανάτῳ
1568 4744 1788 4815 νυμφίῳ

198 4843 302 4905 τὰς
368 4840 669 4911 παρθένους
715 4837 894 4906 ψυχὰς
951 4838 1030 4899 είς
1088 4836 1179 4888 τὴν
1224 4837 1431 4889 ἐκείνου
1494 4836 1782 4905 νυμφῶνα.

222 4937 621 5006 Ἐπικειμένων
660 4936 715 4988 δὲ
745 4935 924 4987 αὐτῶν
949 4934 1039 4987 καὶ
1082 4934 1179 4985 οὐκ
1206 4933 1484 4993 ἀνιέντων,
1517 4930 1615 4998 οὐχ
1642 4930 1790 4982 ὅσιον

1886 3748 2146 3812 Joannes,
2170 3748 2437 3801 oriundus
2467 3745 2697 3807 Edessa,
2726 3740 2957 3814 juvenili
2982 3739 3277 3795 admodum
3302 3749 3460 3795 aetate

1888 3840 2109 3901 ﬂorens,
2140 3853 2262 3893 cum
2290 3837 2423 3906 ipsis
2470 3850 2615 3906 quos
2658 3833 2853 3888 habuit
2898 3831 3226 3903 parentibus
3268 3830 3461 3886 Antioa

1887 3930 2065 3985 cbiam
2094 3945 2153 3984 se.
2183 3928 2417 3982 contulit
2442 3944 2454 3980 :
2490 3932 2751 3997 parentes
2775 3933 2980 3986 autem,
3008 3922 3315 3977 mechanici
3337 3922 3459 3993 opi-

1886 4023 2037 4086 lices,
2086 4018 2481 4090 conquirendis
2523 4015 2999 4085 divendendisquc
3040 4012 3339 4085 unguentis
3369 4012 3463 4067 da-

1882 4113 2015 4167 bant
2045 4124 2293 4181 operam,
2316 4107 2661 4180 etquidquid
2692 4104 3003 4161 istiusmodi
3032 4113 3149 4159 arte
3179 4103 3283 4158 sibi
3308 4117 3461 4156 com-

1886 4214 2194 4277 parassent,
2218 4204 2343 4257 vitae
2370 4199 2759 4257 sustentationi
2778 4196 3224 4268 impendebatur.
3240 4196 3462 4249 Postea—

1884 4313 2049 4368 quam
2076 4312 2209 4351 vero
2237 4298 2345 4366 jam
2381 4293 2593 4363 nuptiis
2645 4290 3017 4361 conjugioque
3064 4282 3316 4342 maturus
3366 4301 3463 4355 per

1883 4398 2099 4445 atatem
2136 4388 2281 4442 ﬁlius
2334 4395 2478 4449 erat,
2531 4385 2914 4452 colquuentes
2959 4395 3086 4435 cum
3137 4378 3461 4450 parentibus

1879 4482 2079 4551 puellas
2112 4479 2421 4549 cujusdam,
2480 4476 2571 4531 cui
2624 4474 2850 4529 Martha
2906 4487 3136 4533 nomen,
3202 4468 3454 4524 eamdem

1879 4571 2065 4642 juveni
2092 4571 2145 4624 in
2180 4568 2591 4623 matrimonium
2619 4563 2995 4621 collocandam
3032 4568 3247 4631 petunt.
3272 4560 3451 4628 Atque

1881 4662 1959 4717 illi
2012 4660 2237 4731 quidem
2290 4659 2530 4713 oblatam
2591 4655 2968 4713 conditionem
3026 4652 3173 4706 baud
3227 4661 3451 4722 gravate

1882 4762 2251 4824 acceptantes,
2298 4752 2464 4805 tiliam
2509 4750 2671 4803 istius
2730 4746 2813 4801 rei
2876 4746 3169 4801 certiorem
3209 4738 3450 4808 faciunt;
3490 4739 3493 4743 ’

1883 4856 1937 4901 at
1972 4848 2087 4901 haec
2117 4846 2489 4915 virginitatem
2517 4826 2849 4911 amplexata,
2875 4838 3159 4907 antiquius
3193 4836 3456 4898 habebat,

1890 4939 2101 5008 Sponso
2128 4936 2422 4990 immortali
2456 4933 2675 4988 Christo
2707 4931 2974 5001 virginem
3005 4944 3161 4982 suam
3195 4927 3455 4990 animam,

211 5029 377 5083 πάλιν
430 5028 503 5095 μὴ
554 5027 733 5080 πάντα
777 5023 1058 5077 πείθεσθαι
1108 5020 1376 5089 γονεῦσιν,
1408 5020 1515 5072 οὐδ’
1568 5019 1780 5080 εὐσεϐὲς

1890 5029 2055 5084 castis
2095 5028 2343 5081 thalamis
2366 5025 2677 5080 habendam
2704 5020 3230 5099 possidendamque,
3289 5019 3459 5073 collo-

210 5118 495 5189 ἡγουμένη
526 5156 541 5180 ,
574 5115 693 5185 Θεῷ
720 5115 819 5183 τὴν
845 5115 936 5166 τοῦ
972 5113 1296 5181 πράγματος
1339 5111 1552 5164 δίδωσιν
1586 5110 1786 5177 κρίσιν,

211 5209 310 5261 καὶ
362 5205 511 5275 αὐτῷ
557 5205 622 5259 τά
672 5202 794 5256 καθ’
842 5198 1455 5269 ὲαυτὴννὲπιτρέψασα,
1510 5197 1660 5268 παρά
1697 5197 1789 5249 τὸν

214 5297 366 5351 θεῖον
405 5295 498 5348 τοῦ
549 5294 867 5365 Προδρόμου
897 5292 1023 5346 ναὶν
1057 5290 1409 5357 ἀφικνεῖται,
1447 5286 1505 5348 ὃς
1541 5285 1647 5354 πρὸ
1691 5285 1791 5353 τῆς

224 5387 504 5457 Ἀντιόχου
555 5385 759 5455 ῐόρυτο,
795 5379 1141 5443 δυσωποῦσα,
1192 5376 1630 5447 προσπίπτουσα,
1681 5374 1791 5426 δεο-

216 5479 379 5550 μένη,
407 5478 670 5548 δάκρυσιν
692 5471 1068 5542 ὲκλιπαροῦσα
1104 5469 1303 5542 μᾶλλον
1324 5467 1356 5538 ἢ
1381 5468 1612 5538 ῥήμασι,
1650 5464 1790 5533 πλη-

216 5569 484 5640 ροφορέας
502 5566 629 5637 περ).
651 5564 744 5619 τοῦ
770 5562 1133 5636 προκειμένου
1156 5561 1342 5630 τυχεῖν
1369 5574 1383 5589 υ
1401 5552 1468 5627 ἦς
1484 5558 1577 5609 καὶ
1593 5553 1790 5625 τυχοῦ-

216 5676 287 5713 σα
307 5699 322 5722 ,
353 5661 618 5711 τεκόντων
642 5657 781 5709 sint
830 5653 1120 5723 θελήμασι,
1176 5650 1269 5704 καὶ
1311 5649 1505 5719 γάμων
1537 5647 1791 5716 κοινωνίᾳ

212 5738 296 5819 τῷ
336 5748 558 5820 Ἰωάννῃ
580 5746 929 5801 συνάπτεται.
967 5745 1029 5799 Ἡ
1055 5742 1151 5813 μὲν
1172 5741 1265 5795 οὖν
1284 5741 1554 5811 ὲναρέτως
1576 5738 1789 5810 βιοῦσα,
1820 5742 1827 5749 ’

215 5840 474 5896 κοινωνὸν
516 5842 607 5895 τὸν
651 5838 821 5911 ἄνδρα
872 5837 967 5893 καὶ
1007 5837 1099 5891 τοῦ
1146 5834 1349 5905 τρόπου
1396 5834 1666 5897 ποιεῖται,
1728 5832 1788 5884 οὐ

1888 5136 2029 5174 care.
2058 5120 2394 5173 lnstantibus
2414 5128 2591 5171 tamen
2612 5114 2935 5186 parentibus
2958 5129 3059 5167 nec
3078 5112 3377 5181 quidquam
3396 5111 3463 5167 dc

1885 5210 2159 5264 sententia
2185 5224 2280 5265 sua
2306 5205 3077 5267 remittentibus,exiStimans
3093 5204 3323 5264 Martha,
3353 5217 3462 5257 non

1884 5301 2015 5356 satis
2043 5316 2260 5370 aequum
2290 5302 2552 5371 piumque
2584 5314 2726 5363 esse,
2756 5294 3318 5369 parentibusomnino
3350 5308 3467 5348 mo-

1881 5408 1997 5445 rem
2016 5406 2122 5445 non
2140 5407 2351 5461 gerere.
2370 5391 2479 5446 Dco
2504 5406 2615 5445 rem
2647 5398 2815 5446 totam
2830 5388 3191 5443 dccidendam
3218 5385 3469 5442 commit—

1882 5483 1949 5537 tit
1966 5499 1981 5545 ξ
1996 5483 2223 5551 ejusque
2245 5482 2478 5549 arbitrio
2507 5498 2563 5538 se
2585 5497 2794 5552 suaque
2812 5480 3163 5535 confermans
3178 5478 3384 5542 omnia,
3401 5476 3467 5531 ad

1884 5573 2055 5627 sancti
2080 5571 2441 5631 Przecursoris
2466 5573 2753 5641 templum,
2770 5571 2916 5642 quod
2934 5572 2987 5625 in
3006 5568 3472 5624 suburbioAntioa

1886 5664 2021 5718 chiae
2050 5672 2154 5729 est,
2188 5678 2245 5718 se
2278 5664 2511 5719 confert.
2544 5664 2623 5719 lbi
2649 5664 2865 5733 pudore
2895 5662 3125 5725 suﬂ'usa,
3153 5659 3468 5730 procidens,

1885 5772 2068 5821 orans,
2083 5756 2663 5828 obsecrans.lacrymis
2681 5756 2961 5826 potentius
2984 5770 3146 5824 quam
3168 5752 3351 5807 verbis
3375 5750 3475 5807 ob-

1890 5848 2214 5916 testabatur,
2249 5850 2455 5905 certior
2482 5859 2540 5905 ut
2562 5848 2905 5910 redderetur,
2937 5846 3069 5902 ouid
3094 5843 3349 5916 praesenti
3383 5857 3474 5898 re-
