4110 6332
209 354 354 421 2993

1239 363 1417 428 VITA
1453 365 1500 424 Α
1538 350 1976 422 NICEPHORO
2016 348 2509 413 CONSCRIPTA.

3343 347 3486 412 2994

210 470 417 524 οίκεῐον
461 467 740 524 ἐπάνεισιν
778 467 950 538 οἷκον,
987 472 1117 526 εἵσω
1159 474 1346 530 πυλῶν
1378 477 1476 548 τῆς
1521 471 1795 544 ’Δντιόχου
1825 518 1828 525 γ

1929 463 2224 528 evertitur,
2253 462 2400 516 intra
2426 465 2619 530 portas
2653 457 2961 515 Antiochia:
2996 457 3197 527 sitam;
3228 461 3484 520 accedit-

210 563 378 616 ὂντα·
412 563 828 636 καταλαμσόινει
865 563 924 618 δὲ
973 564 1066 620 τδν
1118 567 1320 636 ἑαυτῆς
1364 568 1532 640 ἄνδρα
1593 567 1672 638 τῷ
1713 565 1797 638 βι-

213 654 354 726 ϐλίῳ
389 656 809 725 προσκείμενον,
837 655 866 709 ὀ
896 655 995 728 τὴν
1043 657 1311 729 ἐξήγησιν
1344 661 1444 731 τῆς
1502 660 1654 728 ίερᾶς
1703 656 1798 711 τοῦ

217 746 539 818 Προδρόμου
557 747 804 818 κεφαλῆς
828 751 1125 820 περιεῖχεν,
1157 751 1308 815 ὅπως
1343 753 1372 805 ό
1409 751 1666 814 τοσοῦτος
1699 749 1802 818 θη-

217 839 445 910 σαυρὸς,
479 840 572 892 καὶ
604 839 697 894 τοῦ
737 840 812 910 μὴ
841 841 1024 896 λαθεῖν
1062 840 1216 909 ἄξιος
1236 881 1252 907 ,
1285 842 1390 896 ὐτσδ
1422 843 1527 914 γῆν
1556 843 1805 915 κρυπτό-

220 945 387 998 μενος
407 927 681 1001 εὐρεθείη.
717 929 1017 1001 Σύμϐολον,
1049 927 1227 1003 οἶμαι,
1265 932 1362 1000 τῆς
1387 929 1482 984 τοῦ
1517 929 1806 1000 εύαγγελιυ

218 1018 444 1082 σθέντος
476 1020 615 1092 αὐτῇ
653 1020 992 1092 προφητείας
1022 1023 1118 1076 ml
1148 1023 1328 1088 τοῦτο,
1355 1023 1437 1076 ὄτι
1471 1023 1616 1092 μέγα
1645 1040 1697 1077 τι
1730 1021 1806 1087 τῷ

220 1111 328 1183 βίῳ
355 1110 680 1180 ἀγαθὸνκαὶ
712 1105 870 1177 οὗτος
896 1115 1164 1186 φανεῖται.
1198 1114 1356 1186 Παρὰ
1401 1113 1481 1186 τῷ
1510 1113 1667 1186 ἀνδρὶ
1699 1115 1809 1168 τοί-

218 1221 321 1257 νυν
377 1203 669 1270 καθίσασα,
719 1204 823 1275 τῆς
859 1204 1240 1274 ἀναγνώσεως
1289 1206 1567 1277 ἠκροᾶτοο
1620 1206 1696 1270 ὡς
1750 1205 1808 1259 δὲ

219 1293 366 1365 αὕτη
422 1295 596 1365 πέρας
646 1289 793 1365 εἶχεν
852 1294 1024 1366 αὐτῷ,
1051 1297 1090 1365 ή
1118 1296 1254 1367 γυνὴ
1284 1295 1383 1366 τὴν
1408 1295 1530 1365 ὄψιν
1558 1298 1637 1359 εἰς
1674 1293 1809 1349 ’νοῦν

219 1386 601 1456 λαμὸάνουσοι,
633 1387 801 1456 φόϐου
834 1387 930 1440 καὶ
981 1387 1159 1458 χαρᾶς
1186 1386 1285 1458 τὴν
1312 1387 1491 1460 ψυχὴν
1524 1389 1812 1454 ὑπόπλεως

221 1472 387 1541 οὖσα,
422 1477 542 1532 οὐδὲ
591 1476 879 1540 καθεκτῶς
923 1477 1070 1546 ἔχειν
1099 1479 1189 1532 οἶα
1220 1495 1281 1532 τε
1302 1473 1392 1548 ἢν,
1424 1480 1560 1534 ἀλλά
1603 1497 1658 1534 τι
1693 1481 1813 1535 λίαν

221 1569 444 1639 οίκτρδν
479 1568 680 1640 ἑαυτὴν
709 1567 1058 1642 ὠλοφύρετο,
1092 1571 1168 1635 ὡς
1225 1570 1363 1644 μηδὲ
1417 1570 1814 1645 πυνθανομένῳ

222 1660 332 1730 τὴν
353 1658 533 1714 αίτίαν
559 1659 638 1732 τῷ
657 1659 816 1732 ἀνδρὶ
845 1659 1266 1733 ἀποκρίνεσθαι,
1290 1659 1406 1715 ἀλλ’
1426 1661 1486 1716 ἑν
1515 1660 1816 1734 ἀπορρήτῳ

1901 571 2010 626 que
2039 554 2106 609 ad
2141 554 2424 619 maritum,
2451 567 2674 624 operam
2696 551 2922 608 dantem
2949 549 3177 606 lectioni
3199 551 3486 622 cujusdam

1902 647 2052 711 libri,
2101 645 2476 701 narrationem
2549 643 2618 699 de
2674 658 2836 700 sacro
2883 643 3252 699 Praecursoris
3306 642 3487 712 capite

1902 737 2275 804 continentis;
2305 751 2417 806 quo
2456 735 2671 792 scilicet
2697 745 2868 808 pacto
2917 736 3218 791 thesaurus
3249 735 3365 802 ille,
3392 734 3487 794 in—

1903 832 2084 903 dignis
2119 830 2224 886 sub
2257 838 2400 885 terra
2441 830 2692 885 tenebris
2721 830 3016 885 abstrusus
3060 829 3313 893 latitans,
3363 836 3488 886 tan-

1904 923 2028 978 dem
2060 921 2189 977 inde
2214 919 2454 976 eductus
2486 921 2580 976 sit.
2620 919 2941 991 Symbolum
2983 918 3037 975 id
3071 933 3176 991 ego
3200 919 3492 975 existima-

1906 1032 2052 1072 vero-
2095 1015 2406 1088 prophetia
2457 1014 2680 1070 mulieri
2740 1013 3119 1080 denuntiatae;
3179 1013 3331 1084 quod
3399 1011 3493 1067 hic

1907 1124 2124 1181 quoque
2152 1125 2413 1182 magnum
2444 1105 2673 1178 aliquod
2706 1107 2840 1164 huic
2897 1104 3108 1163 mundo
3139 1105 3349 1162 bonum
3398 1120 3494 1175 ap.

1908 1201 2191 1271 pariturus
2239 1209 2408 1258 esset.
2464 1200 2639 1272 Igitur
2685 1199 2888 1254 marito
2935 1198 3209 1265 assidens,
3264 1197 3492 1254 lectioni

1909 1291 2188 1364 praebebat
2215 1308 2412 1360 aures;
2448 1307 2555 1363 qua
2591 1290 2773 1358 ﬁnita,
2803 1291 3092 1348 recordata
3126 1289 3359 1346 visionis
3381 1305 3495 1344 suae

1909 1382 2176 1455 repletam
2211 1382 2409 1440 timore
2429 1379 2744 1455 gaudioque
2790 1392 3036 1438 mentem
3078 1380 3372 1437 continere
3399 1393 3498 1432 ne-

1910 1477 2142 1550 quibat:
2183 1477 2280 1533 sed
2309 1477 2626 1532 luctuosum
2667 1475 2802 1547 quid
2854 1477 3112 1532 evenisse
3148 1475 3258 1530 sibi
3287 1475 3501 1529 lamen-

1913 1571 2082 1627 tando
2123 1569 2437 1637 simulabat,
2496 1578 2559 1624 ut
2599 1584 2673 1625 ne
2707 1584 2927 1625 causam
2983 1564 3332 1640 percontanti
3370 1581 3491 1620 ma.

1916 1662 2025 1718 rito
2077 1662 2324 1717 revelare
2385 1659 2778 1730 respondendo
2821 1668 3146 1733 cogeretur,
3200 1674 3395 1716 verum
3441 1658 3500 1713 in

225 1750 459 1822 καρδίας
517 1752 588 1806 τὰ
647 1751 886 1822 ὀφθέντα
909 1817 914 1821 .
940 1752 1196 1823 κατέχειν
1223 1768 1238 1783 ·
1266 1754 1450 1824 έκείνη
1484 1753 1586 1824 μὲν
1614 1751 1708 1807 οὖν
1734 1753 1813 1824 τῷ

1929 1752 2296 1824 penetralibus
2352 1751 2540 1808 cordis
2596 1768 2720 1824 quae
2777 1752 2993 1809 viderat
3051 1751 3313 1807 conclusa
3366 1751 3502 1806 retia

223 1819 388 1912 ἀνδρὶ
421 1819 749 1897 συνοικοῦσα
785 1819 1049 1898 συνέλαϐε
1079 1819 1188 1898 απὸ
1220 1843 1343 1897 τότε
1385 1819 1529 1900 κατὰ
1571 1842 1671 1917 τὴν
1714 1819 1809 1901 τοῦ

1929 1855 2091 1903 aeret.
2121 1847 2296 1907 Porro
2327 1847 2419 1905 illa
2448 1845 2570 1901 viro
2618 1859 2919 1918 congressa
2973 1845 3160 1900 statim
3220 1843 3500 1914 concepit,

185 1969 190 1972 ~
229 1936 551 2008 Προδρόμου
602 1935 808 2008 φωνὴν,
838 1936 935 1991 ml
985 1937 1281 2008 συνετήρει
1327 1937 1598 1996 πάντοθεν
1642 1939 1815 2009 αὐτὴν

223 2026 419 2098 ὥσπερ
448 2045 502 2082 τι
526 2026 670 2081 θεῖον
702 2028 760 2082 ὲν
789 2028 955 2099 ἑαυτῇ
990 2027 1235 2099 φέρουσα
1285 2027 1480 2092 σκεῦος
1509 2044 1524 2060 ⁸
1560 2023 1642 2095 οἷς
1688 2029 1817 2100 μέν·

225 2137 315 2174 τοι
346 2119 568 2192 Bapper
592 2118 730 2192 εῐχε,
757 2119 853 2173 ml
885 2119 1125 2189 μάλιστα
1166 2119 1244 2191 τῷ
1275 2119 1431 2192 ἀνδρὶ
1459 2159 1474 2182 ,
1509 2122 1816 2195 παρεδήλου

231 2211 493 2276 πολλάκις
522 2253 536 2277 ,
566 2212 643 2276 ὡς
674 2212 905 2283 ἆρῤενος
938 2209 1199 2282 ἐγκύμων
1231 2211 1320 2284 είη
1345 2215 1535 2284 γονῆς,
1593 2217 1687 2268 ml
1735 2217 1817 2269 ὅτι

228 2303 458 2374 Συμεὼν
509 2305 570 2358 re
623 2302 1028 2374 τεχθησόμενον
1062 2302 1347 2374 ὀνομάσοι.
1376 2303 1484 2358 Τοῦ
1516 2304 1713 2377 χρόνου
1762 2306 1818 2360 δὲ

229 2397 337 2468 ἢδη
364 2395 474 2450 τῶν
500 2395 708 2450 ὠδίνων
734 2395 1203 2459 συντελεσθέντος,
1231 2395 1429 2463 τίκτει,
1462 2396 1572 2450 τῶν
1600 2397 1703 2468 τῆς
1734 2397 1820 2452 λο-

227 2490 388 2560 χείας
446 2487 645 2543 ὀδυνῶν
687 2488 824 2559 αὐτῇ
880 2487 954 2559 μὴ
987 2486 1131 2541 κατὰ
1156 2488 1256 2556 τὴν
1288 2487 1498 2541 οἰκείαν
1521 2487 1686 2558 φύσιν
1707 2491 1820 2543 ὲπιο

229 2580 500 2650 θεμένων,
533 2579 672 2633 ἀλλὰ
732 2579 826 2632 ml
872 2578 990 2632 λίαν
1021 2578 1214 2649 ἀλύπῳ
1232 2577 1440 2648 τοκετῷ
1468 2580 1816 2652 χρησαμένη.

233 2673 668 2743 Τεσσαρακοστῇ
699 2671 884 2738 τοίνυν
929 2670 1068 2740 μετὰ
1098 2671 1191 2724 τὸν
1224 2671 1384 2724 τόκον
1411 2671 1600 2743 ἡμέρᾳ
1650 2689 1821 2744 προσ-

233 2767 364 2834 άγει
392 2766 453 2819 τὸ
485 2764 686 2836 βρέφος
714 2763 792 2835 τῷ
824 2763 920 2818 τοῦ
952 2762 1270 2835 Προδρόμου
1303 2761 1416 2833 ναῷ
1436 2804 1450 2829 ,
1480 2763 1824 2819 ἀντιδιδοῦσα

236 2857 495 2930 καθάπερ
541 2858 570 2911 ὀ
621 2857 804 2922 έλασε,
865 2857 961 2911 ml
1015 2853 1136 2926 Θεῷ
1194 2855 1274 2929 τῷ
1329 2853 1586 2912 δεδωκότι
1635 2855 1821 2910 καθιε-

242 2949 446 3022 ροῦσαί

314 3051 386 3116 η’.
419 3045 528 3098 Kal
555 3046 590 3114 ἡ
636 3044 735 3114 μὲν
774 3041 922 3114 αὐτῷ
955 3040 1053 3113 τὴν
1092 3039 1278 3106 δεξιὰν
1303 3041 1492 3112 επεΐχε
1523 3040 1713 3113 θηλὴν,
1749 3038 1826 3102 ὡς

1915 1941 1996 1996 uti
2024 1938 2354 2012 praedixerat
2380 1947 2606 1996 sanctus
2630 1938 2912 2005 Joannes;
2944 1936 3426 2006 conservabatque
3443 1951 3503 1991 se

1916 2027 2067 2084 omni
2098 2026 2153 2081 in
2173 2027 2318 2092 loco,
2350 2041 2462 2082 non
2489 2042 2652 2089 secus
2681 2042 2746 2082 ac
2773 2026 2818 2082 si
2842 2041 2938 2082 vas
2963 2025 3247 2098 quoddam
3280 2041 3501 2082 sacrum

1916 2118 2108 2175 ferret:
2133 2134 2198 2174 ac
2220 2119 2412 2175 multis
2446 2119 2697 2191 quidem,
2743 2121 2948 2191 quibus
2972 2119 3306 2184 confidebat,
3336 2129 3504 2189 atquc

1918 2212 2193 2283 imprimis
2224 2212 2426 2268 marito
2448 2213 2588 2269 satis
2638 2209 2930 2269 manifeste
2978 2211 3264 2268 indicabat
3302 2210 3506 2282 saepius

1919 2305 2145 2362 virilem
2208 2320 2268 2362 se
2317 2306 2493 2362 fetum
2544 2314 2761 2377 gestare
2824 2315 3005 2370 utero,
3061 2305 3226 2375 eique
3302 2293 3504 2359 nomen

1921 2397 2158 2470 Symeon
2185 2397 2608 2468 imponendum.
2635 2389 2754 2454 Jam
2781 2412 2916 2452 vero
2949 2396 3170 2467 expleto
3205 2395 3507 2467 gravidita-

1924 2489 1996 2544 tis
2019 2499 2288 2558 tempore,
2325 2505 2438 2546 non
2464 2490 2632 2546 modo
2666 2489 2808 2544 nihil
2841 2487 3196 2560 aegritudinis
3223 2503 3290 2542 ex
3319 2495 3507 2557 partu,

1921 2589 2088 2649 prout
2110 2577 2848 2651 reinaturafert,persensit,
2887 2579 2983 2636 sed
3044 2581 3227 2635 omnis
3280 2581 3511 2634 omnino

1924 2671 2130 2732 doloris
2154 2687 2354 2743 expers
2408 2671 2570 2728 enixa
2611 2680 2720 2729 est.
2767 2671 3200 2744 Quadragesima
3249 2673 3450 2728 deinde
3481 2689 3511 2727 a

1923 2773 2088 2836 partu
2136 2763 2226 2820 die
2282 2764 2548 2821 infantem
2611 2765 2670 2820 in
2731 2766 2913 2820 sancti
2967 2765 3198 2821 Joannis
3253 2766 3513 2835 Baptistae

1926 2858 2194 2928 templum
2227 2856 2478 2923 adducit,
2513 2856 2804 2912 redditura
2834 2858 3092 2914 eumdem
3146 2859 3512 2928 quemadmo-

1927 2953 2058 3009 dum
2083 2958 2396 3021 acceperat,
2419 2951 2646 3019 Deoque
2678 2947 2859 3002 datori
2881 2960 3298 3004 consecratum.

2001 3039 2054 3092 8.
2108 3039 2374 3093 Dextrum
2403 3052 2574 3107 porro
2613 3038 2776 3102 uber,
2808 3037 2887 3090 uti
2940 3037 3010 3092 ab
3063 3037 3262 3092 eodem
3325 3047 3517 3093 sancto

237 3137 352 3192 ὑπὸ
396 3134 489 3189 τοῦ
550 3135 866 3206 Προδρόμου
915 3135 1124 3205 είρητο,
1152 3133 1250 3188 ml
1301 3132 1478 3204 ταύτῃ
1508 3131 1570 3185 τὸ
1624 3130 1827 3203 βρέφος

1932 3131 2143 3187 dictum
2179 3139 2319 3194 erat,
2341 3130 2392 3184 ei
2422 3129 2725 3199 praebebat,
2764 3144 2829 3185 ac
2863 3129 3276 3185 nutrimentum
3318 3147 3521 3202 suppe-

239 3227 544 3296 έτιθηνεῖτο
571 3241 585 3257 ο
616 3225 827 3293 ὀλίγαις
857 3222 914 3277 δὲ
949 3222 1177 3294 ὕστερον
1204 3223 1444 3295 ἡμέραις
1479 3223 1657 3278 έννοια
1685 3223 1832 3291 γίνε-

237 3336 334 3372 ται
365 3320 431 3388 τῇ
460 3317 651 3388 μητρὶ,
685 3315 782 3369 καὶ
803 3315 902 3386 τὴν
929 3314 1215 3386 εὐώνυμον
1246 3313 1399 3384 αύτῷ
1429 3317 1700 3386 ἐπισχεῖν,
1737 3315 1831 3368 καὶ

241 3411 382 3480 δῆτα
430 3410 681 3480 δεόμενον
734 3409 918 3461 ἰδοῦσα
973 3407 1162 3476 θηλῆς,
1190 3407 1282 3460 τὸν
1308 3407 1599 3478 ἀριστερὸν
1643 3406 1832 3476 ἐπέχει

247 3500 475 3574 μαστόν.
498 3500 609 3554 Καὶ
629 3498 691 3552 τό
709 3499 807 3570 μὲν
827 3498 925 3569 οὐχ
947 3498 1173 3568 ἥπτετο,
1189 3496 1325 3550 ἀλλὰ
1346 3498 1513 3551 κλαυθ
1523 3515 1594 3568 μυ
1602 3497 1828 3569 ριζόμε-

242 3610 340 3645 νον
361 3589 754 3662 ἀπεστρὲφετοσ
788 3588 885 3660 ἡδ’
909 3588 1144 3657 ἐπέμενε
1181 3586 1383 3658 μᾶλλον
1408 3586 1700 3658 ἐπέχουσα.
1746 3586 1835 3650 Ὦς

243 3682 302 3736 δὲ
341 3680 494 3735 τοῦτο
524 3681 708 3734 πᾶσαν
738 3680 957 3751 ἐκείνην
990 3680 1281 3750 παρέτεινε
1329 3677 1516 3748 σχεδὸν
1546 3677 1646 3751 τὴν
1692 3678 1835 3749 ἠμέ-

247 3790 374 3844 ραν,
403 3773 500 3825 ml
546 3771 608 3824 τὸ
651 3771 864 3825 παιδίον
910 3771 1177 3842 ἄγευστον
1222 3769 1390 3843 θηλῆς
1444 3769 1835 3841 διεμεμενήκει

246 3867 351 3935 τῆς
379 3864 574 3927 νυκτδς
602 3864 817 3932 ἐκείνης
853 3865 939 3934 (Ὢ
969 3863 1086 3926 πῶς
1120 3879 1214 3916 σου
1247 3863 1317 3917 τὰ
1344 3862 1626 3934 θαυμάσια
1649 3903 1665 3929 ,
1697 3863 1836 3934 Χρι-

249 3957 367 4020 στὶ,
399 3955 736 4026 διηγήσομαι
767 3955 808 4025 ι)
843 3953 1189 4008 συστέλλεται
1215 3955 1280 4025 τῇ
1313 3956 1485 4025 μητρὶ
1515 3955 1576 4008 τὸ
1604 3953 1837 4009 διοιδοῦν

250 4047 350 4103 καὶ
411 4047 714 4116 ἀνεστηκδς
774 4044 866 4099 τοῦ
916 4044 1201 4115 εὐωνύμου
1263 4044 1497 4115 μαστοῦ,
1527 4048 1628 4099 εἴτ’
1674 4041 1770 4100 οὖν
1809 4048 1837 4100 ὀ

251 4139 708 4208 ὑποπιπλάμενος
733 4137 827 4190 τοῦ
874 4137 1153 4206 γάλακτος
1185 4136 1409 4200 κόλπος,
1445 4139 1544 4190 καὶ
1579 4137 1838 4191 ὑπολεαί-

249 4251 404 4288 νεται
443 4231 537 4284 mi.
562 4230 899 4301 ξηραίνεται,
941 4229 1035 4282 ml
1068 4227 1301 4299 ἀνδρείῳ
1321 4228 1382 4281 τὸ
1415 4229 1523 4282 πᾶν
1559 4228 1651 4283 ῐσα
1688 4230 1837 4298 γίνε-

249 4341 346 4378 ται
370 4340 383 4354 ο
413 4325 441 4377 ὀ
470 4323 644 4387 δεξιὸς
678 4321 755 4387 δὲ,
785 4320 860 4384 ὠς
919 4319 1014 4374 ml
1067 4319 1332 4391 πρότερον
1381 4315 1551 4390 εἶχεν,
1592 4320 1842 4392 ἀφθόνως

251 4415 514 4488 θηλάζειν
543 4415 604 4468 τὸ
646 4413 858 4468 παιδίον
910 4413 1230 4484 δυνάμενος.
1259 4411 1556 4485 Μάρτυρες
1587 4411 1681 4464 τοῦ
1715 4427 1843 4464 τοσ-

1933 3223 2164 3278 ditabat.
2195 3221 2395 3276 Paucis
2428 3235 2560 3278 vero
2589 3231 2713 3292 post
2772 3221 2972 3278 diebus
3003 3221 3061 3278 in
3091 3235 3333 3280 mentem
3368 3227 3521 3280 venit

1934 3315 2118 3380 matri,
2149 3313 2388 3369 sinistrae
2407 3328 2628 3384 quoque
2652 3327 2906 3368 mammae
2928 3314 3224 3371 admovere
3250 3333 3519 3385 puerum;

1933 3416 2100 3476 atque
2131 3405 2270 3461 adeo
2303 3413 2625 3476 poscentem
2663 3404 2834 3460 ubera
2881 3421 2941 3460 re
2975 3406 3093 3476 ipsa
3124 3408 3420 3464 admovct:
3467 3418 3524 3463 at

1936 3499 2028 3554 ille
2054 3506 2280 3569 tangere
2305 3513 2570 3562 renuens,
2600 3497 2936 3567 ploransque
2966 3497 3167 3554 faciem
3214 3502 3538 3556 avertebat.

1935 3588 2074 3644 Cum
2105 3597 2290 3643 autem
2324 3596 2502 3642 mater
2535 3597 2946 3658 perseveraret,
2991 3599 3217 3661 totoque
3260 3608 3400 3661 pene
3432 3593 3532 3648 illo-

1937 3677 2028 3733 die
2053 3677 2191 3733 uber
2213 3679 2503 3733 sinistrum
2540 3679 2874 3749 porrigeret,
2902 3690 2961 3735 et
2983 3695 3123 3751 puer
3147 3683 3316 3738 etiam
3364 3692 3530 3737 nocte

1937 3769 2077 3825 nihil
2132 3769 2369 3824 materni
2414 3769 2574 3824 lactis
2625 3779 2901 3840 gustasset
2931 3772 3230 3842 (quomodo
3273 3774 3530 3844 prodigia

1939 3859 2160 3916 Domini
2204 3859 2560 3928 enarrabol),
2593 3860 2943 3916 contrahitur
2983 3866 3146 3918 matri
3220 3866 3526 3922 distentum

1941 3963 2108 4027 atque
2141 3955 2411 4010 tumidum
2438 3954 2581 4010 lacte
2610 3955 2750 4010 uber
2778 3957 3103 4023 sinistram;
3134 3967 3190 4012 et
3215 3959 3371 4014 sinus
3405 3969 3531 4014 ante

1940 4044 2336 4116 protuberans,
2369 4045 2569 4112 mollis,
2603 4045 2793 4100 aridus
2847 4054 2901 4100 et
2927 4046 3332 4103 viriliomnino
3380 4050 3535 4104 simi-

1942 4138 2012 4193 lis
2044 4135 2317 4193 ellicitur:
2361 4136 2557 4194 dexter
2579 4154 2732 4203 vero,
2767 4139 2847 4194 uti
2875 4139 3049 4208 prius,
3081 4140 3359 4196 retinebat
3398 4143 3534 4196 alfa-

1914 4229 2067 4293 Itim,
2129 4227 2278 4282 unde
2330 4242 2468 4296 puer
2527 4227 2729 4281 nutriri
2783 4237 2986 4297 posset.
3030 4229 3227 4285 Testes
3276 4231 3355 4285 rei
3424 4239 3533 4286 tam

1944 4318 2289 4374 admirabilis
2311 4330 2458 4384 sunt,
2482 4321 2827 4388 quotquotin
2861 4320 3057 4379 vicinia
3085 4323 3374 4390 mulieres;
3411 4325 3537 4393 qui—

1944 4412 2048 4468 bus
2067 4419 2245 4466 mater
2273 4427 2384 4482 prae
2405 4411 2739 4465 verecundia
2782 4412 3124 4468 erubes'ms
3177 4415 3312 4470 illud
3351 4417 3533 4485 ipsum

251 4509 415 4564 ούτου
439 4507 717 4578 θαύματος
751 4507 873 4558 όσαι
900 4504 1010 4558 τῶν
1040 4505 1320 4574 γυναικῶν
1373 4503 1722 4573 ἑγγειτόνων,
1754 4498 1828 4566 αἷς

1949 4503 2088 4562 uber
2109 4501 2460 4568 monstravit,
2501 4517 2565 4557 ac
2591 4508 2757 4572 gesta:
2787 4502 2865 4558 rei
2899 4505 3102 4560 seriem
3150 4507 3428 4577 eiposuit.

252 4603 290 4673 ἡ
320 4600 512 4654 τούτου
573 4601 779 4669 μήτηρ,
814 4595 1022 4667 χλωρὸν
1053 4595 1159 4649 ὑπὸ
1213 4595 1371 4659 δέους
1412 4595 1620 4666 ὀρῶσα,
1653 4594 1746 4648 τόν
1781 4612 1839 4649 τε

255 4690 466 4765 μαστὸν
497 4689 697 4752 εύθέως
719 4687 951 4753 ἐδείκνυ,
979 4689 1072 4741 ml
1091 4686 1191 4757 τὴν
1227 4686 1406 4741 αἰτίαν
1430 4685 1773 4757 ὲπεξηγεζτο.

332 4783 396 4835 θ’.
431 4782 616 4846 Διετὲς
652 4781 708 4832 δε
747 4779 968 4848 γεγονὸς
999 4779 1060 4832 τὸ
1099 4779 1312 4834 παιδίον
1342 4780 1401 4832 έν
1435 4779 1512 4850 τῷ
1562 4779 1656 4835 τοῦ
1701 4782 1847 4852 Προ-

252 4872 462 4944 δρόμου
490 4869 621 4939 ναῷ,
653 4867 794 4923 κατὰ
818 4869 918 4938 τὴν
954 4867 1164 4921 ἐκείνου
1191 4869 1556 4940 προφητείαν,
1622 4870 1697 4924 τὸ·
1744 4869 1846 4940 βά-

255 4980 478 5034 πτισμα
521 4963 760 5034 δέχεται,
795 4962 890 5015 ml
924 4959 1151 5031 Συμεὼν
1179 4960 1478 5031 ἐπικληθὲν
1538 4963 1746 5019 ἄνεισιν
1783 4969 1849 5021 ὲκ

254 5053 359 5109 τοῦ
391 5054 600 5118 ὓδατος.
643 5055 858 5107 Γίνεται
878 5054 936 5107 δέ
961 5071 1012 5106 τι
1038 5051 1224 5122 θαῦμα
1256 5054 1387 5124 περὶ
1412 5054 1546 5108 αὐτὸ
1576 5056 1676 5110 τοῦ
1708 5075 1847 5130 προ-

255 5149 426 5218 τέρου
475 5145 926 5218 παραδοξότερον.
1003 5145 1228 5217 Γλώττῃ
1265 5147 1374 5217 γὰρ
1439 5149 1600 5214 εὐθὺς
1648 5151 1852 5221 ἤρξατο

255 5243 438 5315 τρανῇ
469 5240 669 5309 λέγειν,
697 5240 725 5292 ὃ
777 5239 870 5292 m‘t
904 5238 982 5308 τῷ
1016 5238 1297 5309 Βαπτιστῇ
1361 5239 1563 5313 δηλαδὴ
1616 5244 1855 5313 προηγό.

264 5350 452 5408 ρευτο·
484 5333 634 5403 Ἐχω
694 5331 910 5401 πατέρα
955 5330 1051 5384 ml
1079 5330 1177 5384 οὐκ
1207 5331 1336 5400 ἔχω,
1367 5331 1480 5402 ἔχω
1513 5335 1727 5405 μητέρα
1759 5336 1854 5389 καὶ

258 5428 371 5481 οὐκ
401 5425 543 5496 ἔχω·
571 5423 730 5478 τοῦτο
784 5423 841 5476 δὲ
906 5423 1001 5476 ml
1035 5425 1092 5486 ὲς
1133 5422 1367 5494 ἑϐδόμην
1415 5425 1648 5496 ἐπέμενε
1695 5431 1854 5499 λέγον

259 5517 507 5589 ἡμέραν,
544 5518 808 5588 σημαῖνον
867 5514 1115 5569 ἐντεῦθεν
1152 5515 1252 5587 τὴν
1303 5515 1513 5569 οἰκείαν
1579 5515 1687 5568 τῶν
1735 5516 1857 5586 γηΐ-

260 5625 378 5667 νων
433 5609 662 5680 ἄρνησίν
718 5624 774 5662 τε
836 5610 927 5662 ml
977 5609 1349 5681 ἀναχώρησιν,
1403 5610 1499 5662 καὶ
1559 5609 1657 5680 τὴν
1719 5609 1858 5680 πρὸς

260 5701 340 5758 τὰ
385 5700 613 5771 οὐράνια
680 5701 882 5772 μᾶλλον
921 5703 1195 5754 οίκείωσιν
1238 5701 1405 5755 αὑτοῦ
1441 5702 1534 5756 ml
1570 5700 1854 5755 ἀνάϐασιν.

276 5795 372 5862 Ἐξ
403 5794 610 5850 ἐκείνου
639 5794 813 5850 τοίνυν
843 5795 1031 5859 ὁσάκις
1072 5796 1102 5865 ἡ
1158 5795 1337 5865 μήτηρ
1385 5793 1560 5866 κρεῶν
1624 5791 1861 5858 μεταλά·

2029 4764 2083 4819 9.
2115 4761 2388 4818 Caaterum
2430 4767 2619 4830 postea
2653 4773 2816 4831 quam
2847 4755 3151 4814 biennium.
3179 4753 3553 4824 compleverat

1951 4873 2110 4933 puer,
2128 4859 2184 4913 in
2205 4857 2316 4913 divi
2340 4847 3032 4916 Pt'aacursorisaede,veluti
3053 4848 3122 4902 ab
3134 4846 3324 4902 eodem
3341 4844 3549 4898 dictum

1954 4961 2095 5017 erat,
2119 4963 2280 5006 sacro
2311 4946 2660 5017 baptismatis
2687 4943 2931 5000 abluitur
2959 4941 3128 5004 fonte,
3166 4954 3231 4994 ac
3262 4934 3553 5008 Symeonis

1955 5041 2179 5097 nomine
2199 5038 2499 5110 insignitus
2518 5036 2644 5091 inde
2659 5031 3138 5102 etnergit.Accidit
3157 5031 3261 5084 hoc
3280 5031 3400 5098 ipso
3423 5034 3553 5079 tem-

1956 5147 2091 5203 pore
2109 5132 2419 5202 prodigium
2437 5128 2712 5200 quoddam
2732 5126 3116 5182 admirabilius
3138 5123 3337 5194 priore.
3361 5117 3554 5173 Conti-

1957 5239 2068 5280 nuo
2093 5238 2330 5293 namque
2351 5223 2500 5276 clara
2520 5236 2650 5276 voce
2666 5220 2832 5290 (quod
2855 5219 3035 5288 ipsum
3081 5230 3302 5286 quoque
3327 5221 3558 5268 sanctus

1957 5313 2198 5370 Joannes
2230 5311 2615 5384 praedixerat),
2653 5310 2905 5380 proloqui
2945 5308 3275 5376 incipiebat:
3301 5303 3398 5358 Est
3421 5301 3557 5355 mihi

1959 5412 2196 5476 pater,et
2216 5420 2322 5460 non
2344 5413 2455 5460 cst:
2481 5402 2719 5460 estmihi
2743 5408 2999 5466 mater,ct
3019 5415 3126 5454 non
3147 5408 3232 5455 est
3250 5415 3264 5464 ;
3280 5396 3558 5454 eumdem-

1961 5512 2067 5568 que
2092 5498 2146 5552 in
2170 5499 2459 5567 septimam
2482 5512 2657 5566 usque
2673 5496 2816 5550 diem
2833 5492 3194 5550 continuabat
3223 5503 3559 5553 sermonem,

1963 5591 2306 5663 signiticaus,
2351 5607 2411 5647 se
2433 5591 2556 5646 dein
2578 5589 2748 5644 rebus
2771 5587 3006 5644 terrenis
3030 5585 3224 5640 nuntio
3249 5582 3502 5647 remisso,
3532 5595 3560 5630 τι

1963 5686 2192 5756 strepitu
2236 5686 2418 5757 populi
2463 5697 2818 5740 recessurum
2843 5723 2857 5744 ,
2895 5679 3331 5747 celestibusque
3361 5674 3560 5729 melius

1964 5781 2273 5845 intentum,
2321 5793 2383 5834 eo
2431 5786 2543 5834 tota
2580 5783 2761 5833 mcutc
2796 5787 3176 5832 ascensurum.
3216 5768 3466 5825 Proiecto
3495 5779 3561 5821 co
