4110 6332
678 349 822 417 2999

1873 365 1934 428 S.
1973 363 2348 427 SYMEONIS
2382 368 2742 434 JUNlORIS

3792 385 3923 448 30m

675 462 917 521 Joannes
944 483 957 520 :
984 482 1133 524 nunc
1166 482 1300 553 vero
1345 483 1472 525 cum
1529 470 1766 546 Synna
1817 473 1879 531 in
1920 477 2241 534 monasteric

2360 485 2519 554 μεὼν’
2537 486 2881 557 ἐπιστάντος,
2914 493 2993 556 είς
3018 492 3116 557 τὰς
3135 492 3340 570 οίκείας
3361 468 3741 568 ἀποκαλιίψεις
3771 500 3922 561 εὐθὺς

676 556 796 626 ipse
826 558 1202 628 comparebat,
1237 550 1511 633 extemplo
1539 560 1779 624 conuii!
1799 561 1976 640 ipsum
2007 582 2132 622 eum
2165 584 2253 625 re-

2354 577 2383 629 6
2420 574 2565 640 θεῖος
2601 577 2742 648 ἀνὴρ
2766 580 2983 646 ,ἐκεῖνος
3008 584 3339 653 ἀνενεγκὼν,
3371 588 3465 642 καὶ
3500 587 3696 644 τοῦτον
3721 592 3923 645 εκείνον

673 645 1048 704 velationibus
1074 650 1219 706 suis:
1244 662 1541 725 certusque
1568 645 1992 723 cumesse,
2013 660 2110 730 qui
2140 658 2241 717 fre-

2352 664 2443 717 τδν
2486 663 2637 738 αὐτῷ
2682 645 2942 735 πολλάκις
2989 645 3222 741 ὀφθέντα
3269 645 3407 730 εἶναι
3459 680 3670 743 συνεὶς,
3722 682 3922 750 μεστὴν

664 748 913 810 quenter
944 743 1266 799 oculis’suis
1302 746 1558 817 objectus
1599 746 1803 815 fuerat,
1851 750 2092 822 spiritali
2119 766 2248 823 per-

672 832 1007 888 fundeba:nr
1056 835 1358 905 voluptate,
1402 837 1717 910 gratiasque
1757 841 1867 899 Deo
1918 858 2031 913 pra:
2062 844 2249 898 exsul-

671 914 879 979 tatiohe
913 925 1169 997 iacrymis
1226 928 1411 997 potius
1451 946 1615 1001 quam
1657 932 1820 989 labiis
1871 935 2247 1006 persolvebat.

740 1013 828 1068 14.
860 1012 1075 1069 Exinde
1100 1015 1339 1098 Symeon
1377 1017 1577 1075 diebus
1616 1030 1848 1091 septem,
1900 1038 2099 1093 expers
2145 1040 2248 1081 cu-

670 1120 887 1173 rarum,
923 1107 1031 1162 sibi
1062 1108 1159 1163 uni
1188 1123 1414 1174 vacans,
1445 1126 1629 1181 neque
1666 1112 1899 1169 verbum
1928 1112 2243 1185 promebat,

665 1210 847 1267 neque
876 1197 1145 1254 alimenti
1197 1201 1503 1273 quidquam
1563 1202 1927 1271 admittebat;
1972 1206 2243 1276 obstupe-

664 1299 855 1344 scente
879 1292 1144 1360 praedicto
1170 1293 1293 1348 viro
1323 1293 1443 1358 Dei,
1500 1294 1783 1363 quomodo
1807 1294 1863 1349 in
1901 1304 2008 1349 tam
2052 1305 2243 1351 tenera

662 1395 729 1435 ac
738 1382 975 1452 juvenili
998 1391 1161 1439 aetate
1188 1383 1426 1440 arduum
1452 1385 1591 1441 adeo
1616 1385 1963 1458 rigidumque
1994 1387 2118 1442 vita:
2157 1387 2244 1441 in.

661 1471 921 1528 stitutum
951 1475 1162 1537 sectari
1199 1488 1405 1545 posset.
1460 1476 1737 1547 Deinceps
1782 1476 2031 1547 profecto
2075 1478 2242 1533 tertio

660 1578 884 1635 quoque
913 1564 1029 1631 die,
1052 1573 1151 1620 aut
1176 1565 1435 1637 septimo,
1469 1575 1568 1622 aut
1589 1567 1757 1622 etiam
1806 1567 2027 1623 decimo
2076 1583 2241 1638 repa-

660 1653 826 1709 rabat
866 1651 1082 1709 tantum
1142 1656 1312 1720 vires,
1367 1658 1563 1727 paucis
1607 1657 1938 1727 quibusdam
1970 1673 2074 1729 pro
2113 1658 2240 1713 cibo

665 1742 967 1797 maceratis
994 1743 1371 1815 leguminibus
1393 1759 1518 1799 cum
1550 1761 1694 1815 aqua
1718 1747 1971 1815 sumptis.
2021 1744 2115 1801 Sic
2139 1746 2240 1801 ita-

2353 754 2441 807 ἐπ’
2472 754 2624 826 αὑτῷ
2666 755 2763 828 τὴν
2808 757 2987 831 ψυχὴν
3019 760 3213 831 ἡδονῆς
3250 764 3398 836 ἔσχε,
3427 767 3523 820 καὶ
3547 765 3671 838 Θεῷ
3697 769 3920 841 δάκρυτῑ

2353 846 2553 925 μᾶλλον
2578 847 2953 917 ἀγαλλιάσεως
2975 852 3007 922 ἢ
3033 853 3269 922 χείλεσιν
3296 858 3641 929 ηὑχαρίστει.

2424 1020 2516 1112 ιδ’,
2554 1021 2789 1096 Ἐδδόμῃ
2839 1026 3017 1081 τοίνυν
3072 1028 3202 1100 ἐξῆς
3232 1033 3421 1105 ἡμέρᾳ
3458 1036 3750 1108 ἡσυχάζων
3799 1035 3864 1112 ἦν
3896 1044 3921 1096 5

2347 1111 2602 1203 Συμεὼν,Γ
2626 1114 2718 1197 καὶ
2745 1116 2892 1189 μόνῳ
2916 1120 3089 1174 συνὼν
3114 1122 3293 1191 ἐαυτῷ
3319 1164 3335 1189 ,
3362 1126 3497 1195 μήτε
3524 1145 3577 1182 τι
3603 1111 3921 1203 προϊέμενος

2347 1202 2521 1272 ῥῆμα,
2555 1205 2695 1276 μήτε
2722 1208 2849 1261 τινὰ
2884 1214 3090 1283 τροφὴν
3118 1216 3478 1286 προσιέμενος
3503 1257 3519 1278 ,
3549 1217 3626 1281 ὥς
3649 1202 3921 1294 ἐκπεπλῆ-

2343 1294 2471 1365 χθαι
2499 1296 2593 1350 τδν
2618 1296 2759 1371 θετον
2789 1299 2994 1356 ἐκεῖνον
3015 1303 3203 1375 ἀνδρα,
3227 1306 3377 1373 ὅπως
3395 1310 3452 1362 ἐν
3476 1310 3667 1380 ἁπαλῷ
3687 1313 3785 1381 τῆς
3809 1314 3919 1385 ἠλι-

2342 1386 2468 1450 κίας
2500 1388 2595 1442 καὶ
2627 1390 2807 1461 νεαρῷ
2836 1395 3098 1463 τραχείαν
3123 1393 3267 1449 οὕτω
3296 1398 3391 1450 καὶ
3427 1399 3673 1469 σκληρὰν
3702 1402 3917 1474 ἀγωγὴν

2342 1475 2689 1532 ἐπεδείκνυτο
2708 1494 2721 1509 ·
2750 1479 2939 1534 ἔπειτα
2972 1483 3157 1553 μέντοι
3183 1484 3275 1538 διὰ
3298 1486 3511 1558 τρίτης,
3539 1488 3851 1563 arma“,
3884 1491 3915 1561 ἢ

2338 1568 2433 1621 καὶ
2454 1569 2689 1641 δεκάτης
2716 1573 2973 1642 ἐτρέφετο
3002 1573 3216 1647 βρεκτῷ
3241 1594 3348 1631 τινι
3375 1576 3566 1650 βραχεῖ
3586 1580 3803 1653 ὀσπρίῳ
3829 1586 3934 1636 καῖ

2341 1654 2515 1711 ὕδατι.
2550 1658 2859 1728 Προέκοπτε
2891 1664 3069 1716 τοίνυν
3098 1664 3287 1738 ὥσπερ
3319 1668 3421 1738 τὴν
3449 1670 3668 1739 ἠλικίαν
3688 1672 3830 1727 οὕτω
3855 1674 3917 1746 δὴ

2340 1750 2434 1801 καλ⁵
2464 1750 2567 1820 τὴν
2596 1752 2849 1823 ἄσκησιν,
2885 1754 3173 1826 μακρῷ,δέ
3204 1759 3303 1829 τῆς
3329 1761 3619 1832 ἀσκήσεως
3649 1764 3849 1833 pinsit
3886 1769 3913 1834 ἡ

660 1848 768 1902 que
790 1832 1143 1903 proﬁciebat,
1169 1833 1334 1915 sicuti
1354 1843 1540 1901 aetate,
1568 1836 1645 1891 ita
1677 1837 2075 1891 exercitatione
2117 1837 2237 1891 vir—

2342 1838 2524 1908 ᾑλικία
2558 1840 2825 1897 ἐλείπετο.
2850 1838 2958 1898 Ἦν
2986 1845 3041 1898 δέ
3072 1846 3166 1901 καὶ
3203 1847 3302 1919 τὴν
3334 1849 3477 1904 ίδέαν
3525 1854 3550 1906 ἐ
3584 1832 3913 1923 Συμεὼνῖὑέ

662 1933 870 2003 tutum,
916 1910 1233 1997 quanquam
1259 1926 1377 1983 haec
1402 1928 1568 1999 longe
1599 1928 1772 1999 magis
1816 1927 1963 1982 illam
2009 1943 2239 1997 supera-

662 2016 777 2071 bat.
840 2016 974 2072 Erat
1026 2025 1298 2088 praaterea
1340 2019 1588 2089 speciosa
1645 2028 1987 2090 venusteque
2041 2018 2238 2086 forma,

658 2111 875 2181 capillis
896 2128 1094 2167 aurum
1147 2111 1337 2169 colore
1380 2110 1775 2173 referentibus.
1837 2118 1895 2167 et
1943 2110 2239 2168 oculorum

658 2199 929 2271 dignitate
954 2201 1224 2272 insignis:
1249 2208 1369 2257 erat
1404 2201 1463 2256 in
1489 2199 1814 2256 disserendo
1840 2208 2153 2272 promptus,
2181 2199 2238 2254 in

659 2290 1055 2362 respondendo
1086 2290 1356 2362 prudens,
1385 2292 1574 2347 divina
1622 2291 1829 2362 ubique
1853 2291 2032 2362 gratia
2074 2290 2231 2346 cali-

658 2394 748 2439 tus
770 2384 931 2455 plane
960 2385 1109 2450 data,
1134 2385 1427 2455 perspicue
1451 2384 1507 2447 in
1533 2384 1656 2454 ipso
1701 2384 2082 2438 elucescente.
2108 2381 2237 2436 Haec
2280 2412 2283 2417 -

662 2475 867 2531 decora
907 2476 1022 2541 ille,
1052 2476 1149 2546 qui
1188 2474 1380 2547 probis
1398 2472 1661 2530 omnibus
1712 2474 1954 2540 invidet;
2006 2472 2121 2537 ille,
2152 2471 2237 2527 in-

657 2580 847 2635 quam,
870 2565 964 2636 qui
992 2566 1105 2637 jam
1126 2565 1255 2621 inde
1279 2580 1311 2620 a
1342 2579 1530 2620 rerum
1559 2563 1790 2620 exordio
1829 2561 2238 2617 infensissimus

653 2657 877 2728 generis
901 2657 1081 2714 nostri
1125 2657 1303 2714 hostis
1323 2656 1554 2722 exstitit,
1604 2655 1868 2727 nequibat
1900 2655 2075 2720 ferre;
2138 2651 2236 2709 sed

656 2748 713 2803 in
744 2748 1074 2820 qum,
1091 2748 1242 2813 haud
1272 2748 1463 2819 procul
1507 2746 1846 2803 monasterio
1900 2753 2232 2812 morantem,

653 2849 923 2910 pecorum
957 2843 1260 2915 pastorem,
1290 2839 1544 2905 subdole,
1612 2839 1694 2893 uti
1751 2839 1974 2895 malitias
1994 2840 2114 2911 ejus
2154 2837 2237 2893 fa-

655 2930 873 2987 miliare
894 2939 1001 2999 est,
1035 2933 1362 3004 ingressus;
1391 2940 1542 2985 tanta
1580 2930 1882 2997 hominem,
1942 2928 2153 2987 invidia
2183 2930 2239 2984 in

2346 1930 2636 1999 πρόσωπος
2696 1935 2793 1987 καὶ
2857 1938 3111 2006 τερπνὸς,
3174 1940 3457 2012 ἐπιχρύσῳ
3514 1961 3573 1997 τε
3628 1946 3779 2017 κόμῃ
3830 1949 3914 2002 καὶ

2343 2021 2640 2094 ὀφθαλμῶν
2686 2027 2871 2081 κάλλει
2912 2031 3321 2101 κοσμούμενοςο
3376 2028 3445 2105 ἧν
3495 2035 3552 2099 δὲ
3598 2038 3697 2090 καὶ
3745 2038 3915 2106 λέγειν

2342 2110 2581 2183 ἓτοιμος,
2611 2115 2745 2170 ἀλλά
2786 2118 2879 2171 καὶ
2927 2123 3145 2186 συνετὸς
3188 2122 3598 2195 ἀποκρίνεσθαι,
3637 2125 3789 2191 θείας
3816 2130 3915 2183 ῶσ-

2344 2219 2450 2274 περ
2469 2205 2636 2277 αὐτῷ
2664 2209 2887 2280 χάριτος
2922 2210 3130 2268 ἀνωθεν
3171 2213 3219 2283 (δ
3251 2216 3344 2270 καὶ
3373 2220 3495 2280 ταῖς
3524 2217 3804 2287 ἀληθείαις
3831 2216 3913 2290 ἦν)

2345 2297 2660 2366 περιφανῶς
2688 2300 3033 2374 ἐπανθούσης
3052 2321 3065 2335 ⁸
3098 2304 3271 2372 ἀ,,τὸν
3298 2311 3410 2372 τοῖς
3438 2308 3666 2377 ἀγαθοῖς
3695 2291 3925 2380 βασκαίί

2341 2402 2499 2441 νοντα
2547 2391 2704 2457 πᾶσι,
2747 2393 2837 2447 τδν
2886 2395 2946 2463 ἐξ
2977 2398 3152 2469 ἀρχῆς
3176 2399 3321 2469 λέγω
3366 2386 3445 2471 τῷ
3480 2403 3737 2473 ἡμετέρῳ
3769 2404 3915 2471 γένει

2342 2478 2625 2551 πολέμιον,
2655 2485 2757 2538 οὐκ
2779 2480 2847 2556 ἦν
2874 2488 3136 2555 ἐνεγκεῖν,
3167 2476 3305 2545 ἀλλᾶ
3340 2509 3461 2545 τινα
3496 2494 3665 2568 παρὰ⁸
3684 2496 3752 2563 τῇ
3774 2497 3913 2567 μονῇ

2342 2571 2581 2640 ποιμένα
2606 2572 2939 2645 θρεμμάτων
2966 2578 2995 2630 6
3034 2579 3222 2644 σκαιὸς
3252 2581 3470 2646 ὑποδὺς,
3529 2584 3670 2653 ὅπερ
3704 2585 3772 2656 δὴ
3800 2588 3916 2655 τρό-

2340 2672 2440 2725 πος
2495 2662 2596 2731 τῆς
2646 2664 2854 2720 ἐκείνου
2897 2670 3279 2738 κακοτεχνίας,
3332 2670 3587 2724 τοσοῦτον
3640 2673 3805 2726 αὐτοῦ
3852 2676 3912 2743 τῇ

2338 2751 2482 2826 ψυχῇ
2520 2755 2716 2825 φθόνον
2748 2759 2849 2828 τῆς
2893 2760 3101 2815 ἐκείνου
3138 2764 3338 2834 ἀρετῆς
3367 2765 3701 2831 ὑπανάπτει,
3726 2766 3808 2835 ὡς
3828 2768 3917 2819 καὶ

2340 2841 2500 2910 φόνον
2522 2846 2608 2897 ἐπ’
2633 2848 2794 2902 αὑτὸν
2811 2849 3042 2915 ὠδίνειν,
3057 2852 3152 2905 καὶ
3173 2852 3273 2923 ἤδη
3302 2856 3752 2927 παραπειρᾶσθαι
3777 2858 3920 2919 ὅπως

2340 2930 2407 2984 ἂν
2428 2932 2612 2988 ἀνέλοι
2642 2936 2827 2992 τοῦτον
2854 2939 2950 3010 τῆς
2988 2942 3156 3011 μονῆς
3178 2944 3560 3013 ὑπεξαγαγὼν,

865 3031 1119 3079 sanctum
1141 3023 1222 3079 ob
1256 3023 1524 3115 virtutum
1553 3024 1675 3093 ejus
1696 3021 1965 3094 fulgorem
1988 3021 2309 3115 inﬂammat,
2333 3030 2403 3115 ut
2433 3033 2668 3081 mortem
2708 3025 2786 3081 illi
2845 3030 3006 3086 anxie
3046 3032 3495 3104 machinaretur;
3528 3038 3753 3110 jamque
3778 3041 3915 3100 viam

666 3114 1004 3186 modumque
1044 3113 1523 3185 circumspiceret,
1563 3128 1674 3187 quo
1718 3122 2047 3185 conceptum
2086 3112 2272 3168 animo
2298 3114 2481 3170 scelus
2512 3131 2681 3187 opere
2714 3120 3035 3190 compleret,
3074 3139 3243 3195 seque
3270 3140 3301 3181 e
3327 3124 3667 3185 monasterio
3700 3130 3919 3203 impune

658 3209 801 3265 subd
812 3217 1025 3269 nectet.-

733 3300 820 3358 i5.
858 3303 999 3358 Dum
1027 3280 1233 3359 isthaac
1320 3318 1555 3375 nequam
1634 3301 1727 3358 ille
1758 3302 2233 3368 voivebatanimo,
2262 3304 2307 3364 (ζ

607 3467 610 3470 ξ
659 3394 1017 3466 studioseque
1039 3395 1272 3450 actitare
1297 3396 1605 3450 conabatur
1630 3434 1645 3459 ,
1675 3394 1842 3458 Deus,
1886 3395 1982 3465 qui
2014 3394 2241 3465 Symeo-

668 3503 800 3546 nem
822 3488 1145 3558 priusquam
1180 3487 1571 3557 conciperetur
1601 3484 2088 3557 praedestinaverat
2108 3484 2237 3551 sibi,

656 3594 772 3635 non
796 3578 1211 3635 deerati‘amuio
1228 3594 1365 3635 suo:
1395 3594 1520 3632 nam
1537 3578 1779 3632 hominis
1807 3577 2003 3648 nefarii
2020 3591 2235 3639 manus,

660 3674 771 3748 jam
804 3670 1054 3741 proxime
1108 3669 1303 3724 sceleri
1353 3667 1715 3734 admovenda,
1770 3676 1998 3739 repente
2050 3680 2242 3735 exare-

658 3762 801 3828 scit;
831 3761 980 3831 quod
1029 3768 1415 3832 argumentum
1435 3759 1599 3830 justas
1649 3757 1746 3813 Dei
1789 3755 2240 3812 comminationis

659 3861 829 3922 atque
900 3850 1300 3922 indignationis
1358 3849 1714 3905 manifestum
1771 3857 1902 3904 est:
1962 3855 2239 3916 tantaeque

658 3942 901 3999 animam
938 3942 1116 4012 ipsius
1165 3939 1433 4012 angustiae
1465 3939 1756 4005 invadunt,
1785 3948 1846 3994 ut
1872 3940 2049 4009 impar
2080 3937 2240 3991 dolo-

657 4034 818 4090 ribus
847 4033 1094 4089 ferendis
1126 4031 1618 4088 arcbimandritam
1669 4031 1924 4095 adiverit,
1961 4028 2242 4100 quomodo

658 4140 857 4179 manus
890 4139 987 4179 sua
1010 4123 1263 4188 haberet,
1307 4121 1630 4185 ostendens,
1667 4129 1832 4191 atque
1867 4117 2239 4175 infortunium

658 4214 821 4271 suum
859 4214 1255 4270 miserabiliter
1277 4214 1605 4269 iamentans.
1642 4214 1741 4269 ilio
1778 4221 1961 4269 autem
2018 4225 2239 4267 causam

657 4314 1056 4377 percunctante
1077 4347 1092 4371 ,
1141 4302 1559 4377 obmutescebat
1588 4345 1602 4369 ,
1636 4320 1911 4359 mrumnas
1962 4319 2091 4358 suas
2124 4317 2241 4372 pra:

658 4402 861 4456 timore
889 4398 1332 4469 confusioneque
1363 4397 1670 4452 occultans.
1689 4393 1998 4466 lnterjcctis
2030 4395 2242 4465 aliquot

658 4493 885 4558 diebus,
911 4492 1106 4546 dolore
1130 4491 1305 4561 magis
1336 4490 1622 4561 magisque
1653 4489 2089 4559 ingravescente,
2118 4501 2241 4540 cor-

658 4597 878 4661 pusque
922 4581 1275 4652 pessumiens
1308 4587 1660 4643 attenuante,
1690 4576 1930 4632 recurrit
1958 4576 2026 4631 ad
2046 4592 2238 4634 mona-

2413 3308 2493 3354 ts'.
2530 3298 2719 3356 Ταῦτα
2772 3305 2801 3359 6
2853 3306 2951 3376 μὶν
2996 3305 3226 3381 ἔστρεφε
3275 3312 3397 3366 καθ’
3427 3313 3643 3382 ἐαυτὸν,
3688 3320 3783 3374 καὶ
3835 3322 3921 3378 δή

2345 3395 2586 3467 σπουδῆς
2648 3398 2905 3454 ἐποιεῖτο.
2954 3400 3088 3465 Θεὸς
3144 3402 3202 3456 δὲ
3249 3404 3278 3457 6
3326 3406 3421 3459 καὶ
3450 3408 3557 3479 πρὸ
3605 3411 3921 3483 συλλήψεως

2297 3503 2300 3506 ’
2342 3484 2519 3555 ἐαυτῷ
2543 3486 2636 3542 τὸν
2659 3488 3194 3566 Συμεὼννάφορίσας,
3228 3496 3329 3551 οὐκ
3356 3488 3553 3568 ἠμέλει
3582 3502 3679 3555 τοῦ
3714 3506 3918 3562 οίκείου

2342 3579 2695 3668 θεράποντος,
2730 3580 2847 3634 ἀλλ’
2877 3581 3039 3653 ἔργου
3098 3583 3361 3656 ἄρχεσθαι
3398 3588 3498 3661 ήδη
3549 3591 3799 3660 μέλλοντι
3836 3596 3921 3668 ’τῷ

2341 3667 2517 3740 ἀνδρὶ,
2551 3669 2868 3740 ξηραίνεται
2897 3673 3095 3744 ἀθρόον
3124 3676 3157 3747 ἡ
3187 3676 3337 3741 δεξιά
3357 3718 3372 3744 ,
3402 3680 3503 3750 τῆς
3536 3683 3629 3735 τοῦ
3676 3683 3814 3738 Θεοῦ
3844 3688 3921 3740 δι-

2326 3760 2506 3824 -καίας
2563 3763 2796 3834 ἀπειλῆς
2844 3766 2939 3818 καὶ
2990 3769 3260 3838 κινήσεως
3302 3771 3535 3842 ἐναργὲς
3569 3778 3873 3848 τεκμήριον
3906 3795 3919 3809 ·

2343 3853 2436 3906 καὶ
2457 3856 2505 3907 οί
2536 3855 2691 3909 πόνοι
2716 3856 2974 3912 τοσοῦτον
3001 3860 3169 3913 αὑτοῦ
3192 3862 3290 3930 τῆς
3312 3862 3490 3933 ψυχῆς
3512 3866 3920 3935 καθικνοῦνται,

2343 3943 2419 4007 ὡς
2478 3945 2612 4016 μηδὲ
2659 3948 2768 4000 τῶν
2812 3947 3014 4001 ὀδυνῶν
3071 3951 3360 4021 ἀνέχεσθαι
3410 3953 3675 4011 δύνασθαι
3704 3998 3727 4020 ,
3792 3960 3923 4014 ἀλλά

2345 4037 2803 4135 προσελθεῖν-τῷ
2868 4042 3316 4135 Ἀρχιμανδρίτῃ,
3354 4049 3454 4114 τήν
3508 4065 3568 4101 τε
3630 4054 3789 4135 χεῖρέ
3850 4055 3922 4116 ὡς

2342 4125 2456 4191 ἐχοι
2521 4127 2828 4196 δεικνύντα,
2893 4131 2985 4183 καὶ
3034 4130 3155 4185 λίαν
3210 4132 3462 4197 ἐλεεινῶς
3515 4125 3920 4208 ἀποδυρόμενον

2346 4218 2558 4273 ἐαυτὸν.
2593 4220 2703 4274 Καὶ
2729 4222 2757 4274 6
2790 4220 2891 4290 μὲν
2934 4220 3267 4277 ἐπυνθάνετο
3310 4224 3410 4296 τὴν
3449 4226 3650 4290 αίτίαν,
3683 4230 3712 4279 6
3740 4230 3798 4282 δὲ
3827 4232 3921 4283 οὐκ

2343 4305 2496 4376 ἔλεγε
2519 4346 2533 4368 ,
2584 4306 2771 4370 δεινῶς
2824 4308 2929 4363 ὑπὸ
2965 4309 3118 4374 δέους
3140 4312 3482 4383 είργόμενος.
3531 4316 3618 4380 Ὠς
3644 4317 3702 4370 δὲ
3726 4299 3923 4373 ’πολλαὶ

2348 4399 2487 4469 μετά
2513 4397 2683 4453 ταῦτα
2695 4398 2913 4469 διῆλθον
2942 4401 3167 4474 ἡμέραι,
3187 4403 3256 4458 τά
3282 4421 3340 4458 τε
3364 4404 3474 4458 τῶν
3554 4406 3760 4462 ὀδυνῶν
3786 4414 3919 4480 μᾶλ-

2344 4488 2434 4539 λον
2486 4487 2636 4558 αὐτῷ
2690 4490 3139 4553 ἐπετείνετο.καὶ
3166 4492 3229 4547 τὸ
3259 4491 3423 4567 σῶμα
3480 4495 3631 4567 ἔρῤει
3685 4502 3920 4571 animos.

2346 4594 2457 4640 νον,
2518 4579 2768 4647 πρόσεισι
2824 4580 2904 4646 τῷ
2937 4581 3364 4655 Ἀρχιμανδρίτῃ
3430 4586 3572 4640 κατὰ
3631 4588 3802 4657 μόνας
3860 4594 3919 4643 τὰ

656 4675 889 4731 sterium
934 4674 1073 4733 ciam
1109 4672 1369 4735 omnibus
1402 4671 1470 4727 ad
1501 4668 2013 4733 archimandritam,
2059 4668 2239 4739 aperit

2349 4668 2566 4723 πάντων
2612 4668 2791 4723 λαθὼν
2813 4670 3059 4740 ὄμματα,
3081 4672 3408 4744 ’ἐξαγορεύει
3470 4678 3571 4748 τὴν
3624 4680 3915 4751 ἁμαρτίαν,

654 4766 942 4830 delictum,
988 4764 1199 4819 indicat
1251 4764 1512 4819 acerbum
1573 4761 1759 4823 cordis
1808 4760 2079 4827 dolorem,
2143 4760 2237 4817 tlet

656 4857 1137 4918 amare,levamcn
1172 4854 1299 4910 mali
1332 4853 1614 4926 implorat.
1663 4852 1806 4920 Quid
1854 4853 1945 4907 hic
1992 4861 2114 4924 agat
2143 4868 2234 4911 ar-

658 4946 1062 5003 ciiimandrita'!
1088 4945 1388 5007 Confestim
1432 4947 1700 5000 advocato
1741 4944 2034 5017 Symeone,
2067 4960 2231 5015 quem

654 5036 1065 5093 abundantiure
1086 5036 1266 5091 sancti
1292 5035 1533 5105 Spiritus
1570 5036 1743 5105 gratia
1766 5041 2107 5105 praavcnt’um
2142 5050 2243 5093 no-

656 5138 837 5194 verat,
862 5129 997 5199 quid
1021 5138 1232 5193 actum,
1264 5128 1411 5199 quid:
1431 5127 1653 5183 consilii
1682 5120 1905 5197 captum
1935 5126 2029 5192 sit,
2055 5126 2239 5191 decia-

657 5232 782 5286 rat;
807 5223 1007 5292 justam
1036 5222 1133 5277 Dei
1170 5222 1226 5276 in
1280 5221 1548 5279 miserum
1580 5218 1858 5274 hominem
1890 5218 2234 5274 animadver-

654 5316 867 5369 sionem
908 5315 1064 5385 ponit
1094 5314 1164 5368 ob
1189 5313 1412 5379 oculos;
1452 5328 1617 5383 quam
1674 5309 2066 5367 miserabiliter
2086 5312 2237 5382 ejus-

656 5407 781 5461 dem
799 5422 996 5461 manus
1019 5405 1214 5461 all'ecta
1228 5405 1319 5471 sit,
1348 5413 1781 5461 commonstrat:
1814 5401 2015 5457 deinde
2031 5403 2234 5472 ipsum,

656 5500 737 5556 uti
790 5498 1093 5570 genuinum
1162 5497 1357 5563 ﬁlium,
1411 5506 1507 5551 aut
1564 5495 1755 5550 verius
1804 5500 2232 5569 patrem,rogat,

657 5590 861 5647 amicta
894 5590 1112 5646 veniam
1138 5598 1199 5645 ut
1228 5589 1514 5661 largiatur,
1541 5585 1882 5642 etmedeiam
1910 5586 2236 5642 vulneribus

658 5683 906 5743 obtineat
934 5681 1233 5753 precando.

730 5771 815 5834 16.
854 5772 1085 5845 Symeon
1119 5788 1270 5846 ergo,
1296 5779 1419 5827 ante
1440 5768 1788 5826 nativitatem
1811 5770 2022 5826 eiectus
2051 5786 2079 5823 a
2100 5770 2232 5835 Deo,

2346 4760 2662 4830 δημοσιεύει
2694 4760 2793 4829 τὴν
2820 4765 3067 4834 πονηρὰν
3099 4766 3319 4839 ἐκείνην
3354 4768 3455 4837 τῆς
3483 4766 3713 4844 καρδίας
3738 4772 3914 4831 ὠδῖνι,

2345 4850 2522 4904 κλαίει
2551 4853 2786 4923 πικρῶς.
2817 4854 2961 4907 αἰτεῖ
2996 4854 3293 4926 θεραπείαν
3323 4858 3415 4911 τοῦ
3439 4858 3665 4922 πάθους.
3696 4861 3802 4913 Τὸν
3827 4862 3916 4914 Συ·

2350 4938 2496 5012 μεὼν
2530 4942 2710 4995 τοίνυν
2761 4944 2966 5007 ἐκεῖνος
3015 4947 3213 5001 αὐτίκα
3273 4948 3530 5015 καλέσας,
3562 4941 3608 5016 ᾧ
3636 4952 3731 5007 καὶ
3761 4952 3915 5006 πλου-

2348 5033 2616 5103 σιωτέραν
2646 5028 2763 5100 ᾔδει
2794 5035 3071 5102 φοιτῶσαν
3099 5039 3198 5108 τὴν
3224 5039 3386 5111 χάριν
3435 5039 3528 5093 τοῦ
3578 5042 3913 5113 Πνεύματος,

2344 5123 2414 5176 τά
2438 5139 2497 5175 τε
2531 5122 2626 5177 τοῦ
2646 5124 2925 5198 δράματος
2955 5127 3103 5198 αὐτῷ
3147 5129 3244 5182 καὶ
3285 5131 3387 5199 τῆς
3420 5131 3711 5205 ἐπιϐουλῆς
3748 5134 3913 5202 ἀπαγ-

2344 5212 2544 5281 γέλλει,
2573 5214 2643 5267 τά
2675 5232 2734 5268 τε
2761 5216 2863 5284 τῆς
2896 5216 2992 5269 τοῦ
3017 5218 3152 5272 Θεοῦ
3180 5218 3397 5283 δικαίας
3423 5221 3595 5290 ὀργῆς
3621 5224 3911 5293 προστίθη-

2347 5321 2421 5367 σι,
2456 5308 2549 5358 καὶ
2608 5307 2757 5369 ὅπως
2786 5308 2820 5378 ἡ
2869 5307 2993 5377 χεὶρ
3038 5308 3115 5379 τῷ
3166 5310 3321 5387 ἀνδρὶ
3364 5311 3628 5365 πεπόνθοι
3674 5314 3912 5374 ἐλεεινῶς

2342 5396 2606 5464 δείκνυσι,
2646 5393 2766 5451 εἶτα
2801 5400 2893 5452 καὶ
2919 5399 3020 5452 ὅσα
3060 5401 3282 5471 γνησίου
3308 5401 3911 5473 δεῖταιπαιδδς,ἣτὰληο

2342 5487 2597 5557 θέστερον
2658 5487 2860 5557 μᾶλλον
2918 5490 3127 5559 πατρὸς
3158 5488 3513 5559 συγχωρῆσαί
3540 5507 3600 5545 τι
3630 5492 3781 5563 αὐτῷ
3830 5490 3909 5544 καὶ

2334 5581 2636 5652 θεραπείαν
2664 5581 2813 5653 αὐτῷ
2833 5580 2932 5653 τῆς
2955 5581 3171 5651 πληγῆς
3206 5580 3562 5647 ἐπεύξασθαι.

2407 5771 2501 5830 ις’.
2531 5763 2753 5837 Συμεὼν
2783 5764 2859 5831 δὲ,
2895 5764 2922 5817 6
2948 5763 3023 5835 τῷ
3070 5761 3187 5833 Θεῴ
3221 5760 3615 5833 ἐκλελεγμένος
3672 5762 3763 5816 καί
3822 5755 3905 5829 πρὸ
