4110 6332
543 396 547 401 .
663 339 807 407 2999

1858 353 1920 416 S.
1958 351 2334 414 SYMEONIS
2367 354 2727 421 JUNlOBIS

3778 368 3918 432 3000

661 452 902 511 Ioannes
929 473 943 510 :
971 471 1118 514 nunc
1152 472 1285 517 vero
1331 472 1457 514 cum
1514 459 1752 535 ενι-θοαὶ
1779 461 1864 520 ‘in
1906 464 2234 522 monasterio

2346 473 2505 541 μεὼν’
2523 473 2866 543 ἐπιστάντος,
2899 480 2979 542 είς
3004 477 3102 543 τὰς
3121 478 3325 555 οἰκείας
3348 455 3726 554 ἀποκαλύψεις
3753 484 3917 545 εὐθὺς

661 546 782 617 ipse
813 549 1187 618 comparebat,
1222 551 1497 622 extemplo
1524 549 1766 613 contulit
1785 550 1962 629 ipsum
1994 571 2118 610 eum
2151 571 2239 613 re-

659 636 1034 695 velationibus
1060 639 1205 696 suis:
1230 650 1527 715 certusque
1554 634 1815 704 eumdem
1834 658 1978 711 esse,
2000 648 2096 717 qui
2126 646 2239 705 fre-

660 739 899 801 quenter
930 732 1252 789 oculis'suis
1286 735 1545 806 'objectus
1585 734 1790 803 fuerat,
1837 739 2077 810 spiritali
2106 754 2234 811 per-

659 822 993 878 fundebatur
1042 825 1345 895 voluptate,
1388 826 1703 899 gratiasque
1743 830 1854 887 Deo
1904 846 2017 902 prae
2049 832 2236 886 exsul-

561 993 563 995 ι
658 906 865 970 tatiohe
899 915 1156 987 iacrymis
1213 917 1397 987 potius
1437 935 1601 990 quam
1643 921 1807 977 labiis
1858 923 2233 994 persolvebat.

727 1004 815 1058 14.
847 1002 1061 1059 Exinde
1087 1005 1326 1087 Symeon
1364 1006 1563 1064 diebus
1603 1018 1835 1079 septem,
1887 1026 2087 1081 expers
2133 1027 2234 1069 cu-

656 1110 873 1164 rarum,
910 1097 1018 1152 sibi
1048 1098 1146 1154 uni
1175 1113 1402 1163 vacans,
1432 1114 1616 1170 neque
1653 1100 1885 1156 verbum
1916 1098 2230 1173 promebat,

652 1201 834 1257 neque
881 1188 1146 1272 alimenti.
1184 1190 1491 1263 quidquam
1550 1190 1913 1259 admittebat;
1960 1193 2229 1263 ubstupe-
2266 1268 2273 1269 ί

652 1288 842 1335 scente
866 1282 1132 1350 praedicto
1158 1283 1280 1339 viro
1311 1283 1431 1349 Dei,
1488 1282 1771 1353 quomodo
1794 1282 1849 1337 in
1888 1292 1995 1338 tam
2040 1293 2229 1339 tenera

649 1373 963 1442 acjuvenili
985 1380 1149 1429 artato
1175 1373 1414 1429 arduum
1440 1374 1579 1431 adeo
1604 1374 1951 1446 rigidumque
1981 1375 2105 1429 vitae
2144 1374 2232 1429 in-

649 1462 908 1518 stitutum
939 1464 1151 1527 sectari
1186 1477 1393 1535 posset.
1448 1466 1724 1536 Deinceps
1770 1464 2019 1536 profecto
2062 1458 2230 1521 tertio

648 1569 873 1625 quoque
901 1554 1017 1622 die,
1039 1563 1139 1610 aut
1164 1556 1423 1626 septimo,
1457 1564 1556 1611 aut
1577 1555 1745 1611 etiam
1794 1555 2014 1611 decimo
2063 1571 2229 1626 repa-

2339 564 2369 616 ὁ
2406 561 2549 626 θεῖος
2586 564 2728 635 ἀνὴρ
2752 566 2969 632 ,ἐκεῖνος
2994 570 3325 638 ἀνενεγκὼν,
3357 573 3452 627 καὶ
3486 572 3683 628 τοῦτον
3707 576 3920 629 ἐκεῖνον

2338 651 2429 705 τὸν
2472 649 2623 725 αὐτῷ
2668 655 2927 721 πολλάκις
2975 658 3208 727 ὀφθέντα
3257 656 3392 715 εἶναι
3444 664 3657 728 συνεὶς,
3707 667 3920 734 μεστήν

2339 741 2427 794 ἐπ’
2459 742 2610 813 αὐτῷ
2652 742 2749 815 τὴν
2795 744 2972 817 ψυχὴν
3005 746 3200 817 ήδονῆς
3237 749 3383 821 ἔσχε,
3413 752 3509 805 καὶ
3532 750 3657 823 Θεῷ
3684 752 3919 825 δάκρυςι

2340 832 2540 901 μᾶλλον
2565 834 2939 904 ἀγαλλιάσεως
2961 837 2994 908 ἥ
3020 839 3256 908 χείλεσιν
3282 843 3625 915 ηὑχαρίστει.

2410 1007 2492 1063 ιδ’.
2540 1008 2776 1083 Ἑϐδόμη
2826 1012 3004 1067 τοίνυν
3059 1014 3189 1085 ἑξῆς
3220 1018 3407 1089 ἡμέρᾳ
3445 1021 3736 1093 ἡσυχάζων
3786 1018 3858 1096 ἦν
3893 1027 3919 1079 6

2334 1098 2588 1169 Συμεὼν⁷
2612 1100 2705 1184 καὶ
2732 1102 2879 1175 μόνῳ
2903 1105 3076 1159 συνὼν
3101 1107 3321 1181 ἐαυτῷ,
3348 1100 3483 1180 μήτε
3510 1129 3563 1166 τι
3589 1116 3920 1187 προϊέμενος

2334 1189 2509 1259 ῥῆμα,
2542 1192 2682 1263 μήτε
2709 1194 2833 1247 τινᾶ
2871 1199 3077 1269 τροφὴν
3105 1202 3465 1271 προσιέμενος
3491 1241 3505 1263 .
3535 1202 3611 1266 ὡς
3634 1207 3922 1278 ἐκπεπλῆ-

2330 1281 2459 1353 χθαι
2486 1282 2580 1337 τὸν
2605 1283 2747 1339 θετον
2777 1285 2981 1342 ἐκεῖνον
3003 1288 3191 1361 ἄνδρα,
3214 1291 3364 1358 ὅπως
3383 1295 3440 1347 ἐν
3464 1294 3653 1364 ἁπαλῷ
3674 1297 3771 1365 τῆς
3800 1298 3921 1369 ἠλισ

2329 1372 2455 1437 κίας
2487 1375 2582 1429 καὶ
2614 1376 2795 1448 νεαρῷ
2823 1380 3085 1450 τραχεῖαν
3110 1378 3254 1434 οὕτω
3283 1384 3379 1435 καὶ
3414 1383 3659 1454 σκληρὰν
3689 1385 3917 1457 ἀγωγὴν

2329 1463 2677 1519 ἐπεδείκνυτο
2695 1481 2710 1496 ’
2738 1466 2927 1521 ἔπειτα
2959 1468 3144 1539 μέντοι
3171 1469 3261 1523 διά
3286 1471 3499 1543 τρίτης,
3526 1473 3559 1543 ἢ
3581 1473 3846 1548 ἑϐδόμης.
3883 1475 3916 1545 ἢ

2326 1555 2421 1609 καὶ
2443 1556 2676 1628 δεκάτης
2704 1559 2961 1629 ἐτρέφετο
2990 1559 3204 1632 βρεκτῷ
3228 1580 3335 1615 τινι
3362 1562 3554 1634 βραχεῖ
3574 1558 3793 1638 ὀσπρίῳ
3822 1569 3938 1620 καὶ’

649 1644 814 1699 rabat
855 1642 1071 1699 tantum
1129 1645 1301 1709 vires,
1356 1647 1551 1717 paucis
1596 1646 1926 1716 quibusdam
1959 1661 2062 1717 pro
2101 1646 2228 1701 cibo

2334 1641 2503 1698 ὕδατι.
2539 1645 2847 1715 Προὲκοπτε
2879 1650 3058 1702 τοίνυν
3086 1650 3275 1722 ὥσπερ
3307 1654 3409 1724 τὴν
3437 1654 3654 1724 ἡλικίαν
3675 1657 3824 1710 οὕτω
3851 1657 3918 1728 δὴ
4006 1722 4011 1725 Α

653 1732 956 1788 maceratis
983 1733 1360 1805 leguminibus
1381 1748 1507 1788 cum
1538 1750 1682 1804 aqua
1706 1734 1959 1804 sumptis.
2009 1732 2103 1789 Sic
2127 1734 2228 1789 ita-

2328 1736 2423 1789 καὶ
2453 1737 2555 1807 τὴν
2585 1738 2837 1810 ἄσκησιν,
2873 1741 3162 1812 μακρῷλδέ
3192 1744 3291 1814 τῆς
3316 1747 3605 1817 ἀσκήσεως
3634 1748 3845 1817 μᾶλλον
3884 1752 3915 1819 ὴ

648 1838 757 1893 que
778 1822 1131 1894 proﬁciebat,
1158 1822 1323 1904 sicuti
1343 1832 1529 1891 aetate,
1556 1825 1634 1880 ita
1666 1825 2063 1880 exercitatione
2106 1825 2225 1879 vir-

2334 1825 2513 1895 ᾕλικία
2546 1827 2814 1883 ἐλείπετο.
2838 1824 2947 1883 Ἦν
2974 1830 3030 1884 δέ
3061 1831 3154 1886 καὶ
3191 1832 3289 1905 τὴν
3322 1834 3465 1889 ίδέαν
3512 1838 3537 1890 ἑ
3572 1832 3915 1907 Συμεὼνέύ-

651 1924 858 1993 tutum,
904 1900 1222 1986 quanquam
1247 1916 1366 1972 haec
1391 1917 1557 1988 longe
1587 1917 1760 1987 magis
1804 1916 1951 1971 illam
1998 1931 2228 1985 supera-

650 2006 766 2061 bat.
829 2006 963 2062 Erat
1014 2016 1287 2078 praetcrea
1329 2008 1577 2079 speciosa
1634 2016 1976 2078 venustaque
2029 2007 2227 2073 forma,

648 2101 865 2172 capillis
885 2118 1083 2159 aurum
1136 2100 1325 2158 colore
1369 2099 1763 2162 referentibus,
1826 2106 1884 2155 et
1932 2098 2227 2156 oculorum

648 2190 918 2261 dignitate
943 2191 1212 2262 insignis:
1238 2197 1358 2247 erat
1394 2190 1453 2245 in
1479 2188 1803 2246 disserendo
1830 2197 2143 2259 promptus,
2170 2187 2227 2241 in’

648 2280 1045 2352 respondendo
1076 2280 1345 2353 prudens,
1376 2281 1564 2336 divina
1612 2280 1818 2351 ubique
1842 2279 2021 2351 gratia
2063 2277 2221 2333 caeli-

648 2385 738 2429 tus
759 2375 921 2444 plane
949 2375 1099 2440 data,
1123 2374 1418 2445 perspicue
1441 2373 1497 2437 in
1523 2373 1646 2443 ipso
1691 2373 2071 2427 eiucescente.
2099 2369 2227 2424 Haec
2270 2400 2273 2403 -

651 2467 857 2521 decora
897 2466 1012 2531 ille,
1041 2466 1139 2536 qui
1178 2464 1370 2536 probis
1388 2462 1651 2519 omnibus
1702 2462 1943 2529 invidet;
1995 2461 2112 2525 ille,
2142 2458 2228 2514 in-

647 2571 837 2626 quam,
860 2555 954 2626 qui
983 2557 1096 2627 jam
1116 2554 1245 2610 inde
1269 2569 1301 2609 a
1332 2569 1520 2609 rerum
1550 2551 1780 2608 exordio
1819 2549 2228 2605 infensissimus

643 2648 867 2719 generis
891 2647 1071 2704 nostri
1116 2647 1295 2703 hostis
1313 2645 1545 2711 exstitit,
1596 2644 1859 2715 nequibat
1890 2643 2065 2708 ferre;
2128 2638 2227 2697 sed

646 2738 704 2794 in
734 2738 1064 2811 quandam
1081 2738 1232 2803 haud
1263 2737 1453 2809 procul
1498 2735 1836 2791 monasterio
1890 2740 2222 2799 morantem,

644 2840 914 2901 pecorum
948 2836 1252 2905 pastorem,
1281 2829 1535 2894 subdole,
1602 2828 1685 2882 uti
1741 2827 1964 2883 malitia
1985 2828 2105 2899 ejus
2145 2825 2228 2881 fa-

592 2910 595 2911 ⁷
646 2922 864 2978 iniliare
886 2929 993 2989 est,
1026 2923 1353 2994 ingressus;
1382 2928 1533 2975 tanta
1571 2918 1873 2985 hominem,
1934 2916 2143 2974 invidia
2173 2917 2230 2972 in

2334 1917 2625 1987 πρόσωπος
2685 1921 2781 1973 καὶ
2845 1923 3099 1991 τερπνὸς,
3163 1925 3446 1997 ἐπιχρύσῳ
3502 1945 3560 1982 τε
3615 1931 3765 2002 κόμῃ
3822 1932 3916 1985 καὶ

2332 2009 2629 2080 ὀφθαλμῶν
2675 2013 2859 2068 κάλλει
2901 2017 3309 2087 κοσμούμενοςο
3364 2013 3434 2089 ἦν
3484 2019 3540 2085 δὲ
3587 2022 3684 2073 καὶ
3733 2022 3916 2090 λέγειν

2331 2097 2570 2170 ἐτοιμος,
2600 2102 2733 2156 ἀλλά
2775 2104 2868 2157 καὶ
2916 2108 3133 2171 συνετὸς
3177 2107 3587 2179 ἀποκρίνεσθαι,
3624 2109 3777 2174 θείας
3807 2113 3914 2166 ῶσ-

2333 2206 2439 2262 περ
2458 2192 2625 2264 αύτῷ
2653 2194 2876 2267 χάριτος
2910 2197 3119 2253 ἄνωθεν
3160 2198 3208 2268 (δ
3239 2201 3333 2254 καὶ
3362 2204 3484 2265 ταῖς
3513 2202 3794 2271 ἀληθείαις
3822 2199 3911 2274 ἦν)

2334 2285 2649 2354 περιφανῶς
2678 2286 3022 2361 ἐπανθούσης
3042 2307 3053 2321 ’
3087 2290 3142 2357 ἃ,
3169 2291 3259 2346 τὸν
3287 2296 3400 2356 τοῖς
3427 2292 3653 2361 ἀγαθοῖς
3683 2275 3924 2364 βασκαίί

2331 2390 2489 2428 νοντα
2536 2378 2694 2444 πᾶσι,
2736 2379 2827 2433 τὸν
2875 2381 2935 2448 ἐξ
2966 2384 3142 2454 ἀρχῆς
3165 2384 3311 2453 λέγω
3356 2371 3435 2456 τῷ
3469 2387 3726 2458 ἡμετέρῳ
3758 2388 3913 2455 γένει

2332 2465 2614 2538 πολέμιον,
2645 2471 2746 2524 οὐκ
2768 2466 2837 2542 ἦν
2864 2474 3125 2541 ἐνεγκεῖν,
3156 2461 3293 2529 ἀλλά
3329 2494 3450 2530 τινα
3486 2478 3652 2553 παρὰ,
3672 2480 3911 2550 τῇςμονῇ

2332 2558 2570 2626 ποιμένα
2595 2559 2928 2631 θρεμμάτων
2957 2564 2985 2615 ὁ
3024 2564 3211 2629 σκαιὸς
3241 2566 3459 2631 ὑποδὺς,
3518 2568 3657 2638 ὅπερ
3692 2569 3758 2639 δὴ
3790 2572 3913 2639 τρό-

2330 2660 2430 2712 πος
2484 2648 2585 2718 τῆς
2636 2650 2844 2706 ἐκείνου
2887 2655 3268 2723 κακοτεχνίας,
3322 2655 3578 2720 τοσοῦτον
3629 2656 3796 2728 αὐτοῦ
3845 2660 3910 2727 τῇ

2329 2738 2472 2812 ψυχῇ
2511 2741 2706 2811 φθόνον
2738 2745 2840 2815 τῆς
2883 2746 3092 2800 ἐκείνου
3129 2749 3327 2819 ἀρετῆς
3356 2751 3690 2814 ύπανάπτει,
3715 2750 3915 2818 ὡςκαὶ

2331 2828 2490 2897 φόνον
2512 2832 2598 2884 ἐπ’
2623 2835 2784 2888 αὐτὸν
2801 2836 3032 2901 ὠδίνειν,
3048 2837 3143 2890 καὶ
3163 2838 3263 2909 ἤδη
3292 2840 3740 2911 παραπειρᾶσθαι
3765 2842 3918 2903 ὅπως

2331 2917 2399 2972 ἂν
2423 2919 2602 2975 άνέλοι
2633 2922 2818 2979 τοῦτον
2844 2926 2941 2997 τῆς
2979 2928 3147 2997 μονῆς
3168 2928 3549 2998 ὑπεξαγαγὼν.

645 3014 830 3107 virum
856 3021 1110 3069 sanctum
1135 3012 1213 3070 ’61)
1247 3012 1516 3068 virtutum
1544 3012 1666 3082 ejus
1688 3009 1956 3082 fulgorem
1979 3008 2300 3107 inﬂammat,
2323 3017 2387 3064 ut
2424 3020 2659 3068 mortem
2699 3011 2777 3068 iiii
2835 3016 2997 3072 anxie
3037 3018 3486 3088 machinaretur;
3518 3023 3742 3095 jamque
3766 3025 3912 3085 viam

657 3104 996 3176 modumque
1036 3103 1515 3174 circumspiceret,
1554 3117 1666 3175 quo
1709 3109 2039 3173 conceptum
2078 3099 2262 3155 animo
2289 3101 2472 3157 scelus
2503 3118 2672 3173 eperc
2704 3105 3026 3175 compleret,
3065 3124 3233 3180 seque
3260 3125 3291 3166 e
3318 3108 3656 3169 monasterio
3689 3114 3915 3186 impune

649 3199 793 3256 subd
803 3207 1029 3258 ucerel.

725 3291 812 3348 i5.
849 3294 991 3348 Dum
1018 3268 1225 3350 isthmc'
1312 3307 1546 3364 nequam
1626 3290 1718 3346 ille
1749 3290 2225 3354 volvebatanimo,
2254 3291 2298 3352 α

650 3385 1009 3456 studioseque
1030 3384 1264 3440 actitare
1289 3385 1597 3439 conabatur
1622 3423 1636 3448 ,
1667 3383 1834 3446 Deus,
1878 3383 1973 3452 qui
2006 3382 2232 3452 Symeo-

583 3483 587 3486 '
639 3494 792 3535 .nem
814 3478 1137 3549 priusquam
1171 3477 1562 3548 conciperetur
1594 3473 2080 3545 predestinaverat
2100 3472 2229 3538 sibi,

648 3585 765 3626 non
788 3568 1203 3625 deeratfamuio
1220 3583 1356 3625 suo:
1386 3582 1512 3621 nam
1528 3566 1771 3620 hominis
1799 3564 1995 3637 nefarii
2012 3578 2227 3627 manus,

652 3664 765 3738 jam
795 3660 1046 3732 proxime
1100 3659 1295 3714 sceleri
1345 3656 1707 3722 admovenda,
1762 3664 1991 3727 repente
2042 3666 2234 3723 exare-

2406 3294 2485 3341 ιε’.
2522 3284 2710 3343 Ταῦτα
2764 3292 2793 3345 δ
2844 3293 2942 3362 μέν
2986 3291 3218 3366 ἔστρεφε
3265 3297 3389 3351 καθ’
3418 3298 3634 3366 ἑαυτὸν,
3678 3304 3769 3358 καὶ
3826 3306 3917 3362 διά

2336 3382 2577 3454 σπουδῆς
2639 3384 2897 3440 ἐποιεῖτο.
2945 3386 3079 3451 Θεὸς
3136 3387 3193 3441 δέ
3240 3389 3269 3442 ὁ
3318 3391 3412 3445 καὶ
3441 3392 3547 3463 πρὸ
3596 3396 3916 3466 συλλήψεως

2288 3490 2291 3493 ·
2334 3471 2511 3543 ἐαυτῷ
2534 3473 2628 3527 τὸν
2650 3474 3185 3552 Συμεὼνάφορίσας,
3219 3482 3320 3536 οὐκ
3348 3472 3543 3553 ἡμέλει
3572 3485 3669 3539 τοῦ
3702 3490 3915 3545 οίκείου

2334 3566 2687 3636 θεράποντος,
2722 3566 2840 3621 ἀλλ’
2869 3567 3032 3638 ἔργου
3090 3570 3353 3641 ἄρχεσθαι
3389 3573 3490 3645 ήδη
3540 3576 3787 3645 μέλλοντι
3828 3580 3917 3651 ’τῷ

2333 3654 2509 3727 ἀνδρὶ,
2543 3656 2860 3726 ξηραίνεται
2890 3659 3087 3731 ἀθρόον
3116 3662 3149 3732 ἡ
3179 3660 3329 3727 δεξιά
3348 3704 3364 3728 ,
3394 3664 3494 3734 τῆς
3527 3668 3621 3719 τοῦ
3666 3667 3804 3721 Θεοῦ
3836 3671 3918 3724 δι-

650 3752 794 3819 scit;
823 3751 972 3822 quod
1021 3758 1407 3822 argumentum
1427 3748 1591 3819 justas
1642 3745 1739 3802 Dei
1781 3742 2233 3801 comminationis

2334 3748 2499 3811 scalae
2556 3749 2788 3821 ἀπειλῆς
2836 3752 2932 3805 καὶ
2983 3755 3251 3824 κινήσεως
3294 3756 3526 3827 ἐναργὲς
3560 3762 3868 3833 τεκμήριον
3902 3780 3915 3793 υ

652 3852 822 3913 atque
893 3840 1292 3912 indignationis
1350 3837 1706 3894 manifestum
1763 3845 1895 3893 est:
1954 3843 2233 3903 tantaeque

651 3933 894 3989 animam
932 3932 1109 4002 ipsius
1157 3928 1425 4001 angustiae
1458 3928 1748 3992 invadunt,
1777 3936 1838 3983 ut
1864 3928 2041 3997 impar
2072 3925 2233 3979 dolo-

651 4024 811 4080 ribus
840 4023 1087 4079 ferendis
1119 4021 1610 4078 archimandritam
1662 4020 1917 4084 adiverit,
1953 4015 2235 4088 quomodo

652 4130 851 4170 manus
883 4129 980 4169 sua
1003 4113 1257 4177 haberet,
1300 4110 1624 4174 ostendens,
1661 4118 1825 4179 atque
1860 4104 2233 4163 infortunium

652 4222 815 4261 suum
852 4204 1248 4259 miserabiliter
1270 4203 1598 4258 lamentans.
1635 4202 1734 4257 illo
1772 4203 1955 4256 autem
2011 4213 2232 4255 causam

651 4304 1049 4368 percunctante
1071 4336 1085 4361 ,
1135 4293 1553 4367 obmutescebat
1582 4334 1595 4358 ,
1630 4307 1905 4348 aerumnas
1956 4306 2084 4346 suas
2118 4304 2234 4360 pra:

652 4392 854 4447 timore
883 4389 1326 4458 confusioneque
1357 4386 1664 4441 occultans.
1683 4382 1992 4454 lnterjectis
2023 4382 2235 4452 aliquot

653 4483 878 4549 diebus,
904 4482 1100 4537 dolore
1123 4480 1299 4551 magis
1330 4479 1616 4550 magisque
1647 4477 2082 4547 ingravescente,
2111 4488 2236 4527 cor—

653 4588 872 4653 pusque
917 4570 1269 4649 pessumiens
1303 4576 1654 4632 attenuante,
1684 4564 1925 4620 recurrit
1952 4564 2021 4619 ad
2040 4579 2233 4621 mona-

650 4665 883 4721 sterium
928 4665 1067 4724 ciam
1102 4661 1363 4723 omnibus
1396 4660 1464 4716 ad
1496 4656 2007 4733 archimandritani,
2053 4655 2233 4727 aperit

648 4757 937 4821 delictum,
982 4754 1194 4810 indicat
1245 4754 1507 4809 acerbum
1567 4750 1753 4809 cordis
1802 4750 2074 4815 dolorem,
2137 4748 2232 4804 lict

651 4847 1131 4909 amare,levamen
1166 4844 1294 4900 mali
1327 4842 1608 4914 implorat.
1658 4841 1801 4909 Quid
1848 4841 1939 4895 hic
1986 4848 2108 4917 agat
2138 4856 2229 4898 ar-

652 4937 1057 4994 ehimandrita?
1083 4934 1383 4997 Confestim
1427 4936 1695 4990 advocato
1735 4932 2029 5005 Symeone,
2062 4946 2227 5003 quem

650 5027 1060 5084 abundantiure
1081 5026 1261 5081 sancti
1287 5025 1527 5095 Spiritus
1566 5024 1738 5095 gratia
1761 5034 2103 5094 praeventum
2138 5038 2239 5079 no-

651 5130 832 5185 verat,
857 5106 993 5190 quid
1017 5128 1227 5183 actum,
1260 5118 1406 5189 quid»
1426 5116 1647 5173 consilii
1678 5108 1900 5185 captum
1931 5114 2024 5181 sit,
2050 5114 2234 5178 decla-

652 5223 738 5268 rat
762 5231 777 5279 ;
802 5214 1003 5283 justam
1032 5212 1128 5267 Dei
1165 5212 1221 5266 in
1276 5211 1544 5267 miserum
1575 5206 1853 5264 hominem
1885 5206 2230 5263 animadvero

649 5308 863 5361 sionem
905 5305 1060 5375 ponit
1089 5304 1160 5359 ob
1184 5303 1408 5369 oculos;
1448 5316 1613 5372 quam
1670 5298 2061 5354 miserabiliter
2082 5300 2232 5370 ejus-

652 5399 777 5454 dem
794 5413 992 5452 manus
1014 5395 1210 5451 aii‘eeta
1224 5395 1316 5460 sit,
1344 5402 1742 5450 commonstrat
1764 5410 1777 5445 :
1810 5388 2011 5445 deinde
2026 5391 2230 5460 ipsum,

652 5491 732 5547 uti
785 5489 1089 5562 genuinum
1158 5487 1353 5552 ﬁlium,
1407 5496 1503 5540 aut
1561 5484 1751 5539 verius
1800 5488 2228 5556 patrem,rogat,

653 5582 856 5638 amicto
890 5581 1109 5637 veniam
1134 5588 1194 5635 ut
1224 5578 1511 5650 largiatur,
1538 5573 1878 5632 etmedelam
1906 5574 2232 5629 vulneribus

653 5674 903 5735 obtineat
930 5672 1229 5744 precando.

726 5763 812 5826 16.
849 5764 1082 5837 8)ἰηεοη
1115 5778 1267 5836 ergo,
1292 5769 1416 5817 ante
1437 5757 1784 5816 nativitatem
1807 5759 2019 5815 electus
2048 5774 2076 5812 ει
2096 5758 2229 5822 Dcu,

2336 3839 2429 3892 arat
2450 3843 2498 3894 οί
2528 3841 2684 3895 πόνοι
2708 3842 2967 3898 τοσοῦτον
2994 3845 3161 3898 αὑτοῦ
3184 3847 3282 3915 τῆς
3304 3847 3483 3919 ψυχῆς
3504 3850 3917 3920 καθικνοῦνται,

2337 3930 2412 3994 ὡς
2471 3931 2605 4002 μηδὲ
2652 3934 2761 3986 τῶν
2805 3933 3007 3987 ὀδυνῶν
3064 3937 3352 4007 ἀνέχεσθαι
3403 3938 3665 3995 δύνασθαι
3702 3981 3718 4004 ,
3782 3944 3920 3998 ἀλλὰ

2338 4023 2795 4118 προσελθεῖν-τῷ
2862 4028 3308 4118 Ἀρχιμανδρίτῃ,
3347 4033 3447 4099 τήν
3501 4050 3561 4085 τε
3622 4038 3779 4118 χεῖρέ
3844 4039 3919 4102 ὡς

2336 4112 2449 4178 ἔχοι
2515 4113 2822 4182 δεικνύντα,
2885 4116 2978 4169 καὶ
3028 4116 3148 4171 λίαν
3202 4118 3455 4183 ἐλεεινῶς
3508 4112 3917 4191 ἀποδυρόμενον

2340 4205 2552 4260 ἐαυτὸν.
2587 4205 2696 4259 Καὶ
2722 4207 2750 4261 ὁ
2784 4205 2885 4276 μὲν
2928 4206 3261 4262 ἐπυνθάνετο
3303 4209 3403 4281 τὴν
3442 4211 3641 4274 αίτίαν,
3673 4214 3703 4264 ὁ
3732 4213 3789 4265 δέ
3822 4216 3918 4267 οὐκ

2337 4292 2490 4362 ἔλεγε
2512 4333 2527 4355 ,
2577 4293 2764 4357 δεινῶς
2817 4294 2923 4349 ὑπὸ
2958 4294 3111 4359 δέους
3133 4297 3475 4368 εἰργόμενος.
3524 4299 3611 4364 Ὠς
3636 4301 3693 4354 δὲ
3718 4282 3919 4357 ’πολλαὶ

2342 4386 2481 4456 μετὰ
2506 4384 2676 4439 ταῦτα
2689 4384 2907 4455 διῆλθον
2936 4386 3160 4460 ἡμέραι,
3179 4388 3249 4443 τά
3276 4406 3335 4443 τε
3358 4389 3468 4443 τῶν
3547 4390 3753 4447 ὀδυνῶν
3779 4398 3917 4463 μᾶλ-

2338 4474 2429 4527 λον
2481 4473 2630 4545 αὐτῷ
2685 4476 3132 4539 ἐπετείνετο,καὶ
3160 4476 3222 4531 τὸ
3254 4476 3417 4553 σῶμα
3473 4480 3624 4552 ἐρῥει
3677 4487 3917 4555 animus.

2341 4581 2451 4627 νον,
2511 4566 2763 4633 πρόσεισι
2820 4565 2899 4632 τῷ
2932 4567 3358 4640 Ἀρχιμανδρίτῃ
3424 4570 3566 4625 κατὰ
3624 4572 3799 4641 μόνας
3855 4579 3916 4630 τὰ

2343 4656 2561 4709 πάντων
2606 4654 2785 4709 λαθὼν
2807 4656 3053 4726 ὄμματα,
3075 4657 3402 4729 ’ἐξαγορεύει
3464 4662 3566 4732 τὴν
3618 4663 3913 4736 ἁμαρτίαν,

2341 4747 2657 4817 δημοσιεύει
2689 4746 2787 4816 τὴν
2815 4750 3061 4819 πονηράν
3094 4751 3313 4824 ἐκείνην
3349 4752 3449 4822 τῆς
3478 4752 3707 4827 καρδίας
3733 4757 3912 4818 ὠδῖνα,

2340 4837 2517 4891 κλαίει
2546 4839 2781 4909 πικρῶς.
2812 4841 2955 4893 αἰτεῖ
2990 4840 3288 4912 θεραπείαν
3318 4842 3409 4896 τοῦ
3434 4843 3657 4906 πάθους.
3689 4845 3800 4897 τὸν
3825 4848 3914 4899 Συ-

2344 4925 2491 4999 μεὼν
2525 4929 2705 4983 τοίνυν
2756 4931 2962 4992 ἐκεῖνος
3009 4932 3207 4985 αὐτίκα
3267 4933 3525 4999 καλέσας,
3556 4924 3602 5000 ᾧ
3629 4936 3725 4990 καὶ
3758 4936 3913 4990 πλους

2343 5021 2612 5090 σιωτέραν
2640 5015 2758 5087 ᾔδει
2790 5021 3066 5088 φοιτῶσαν
3094 5024 3193 5093 τὴν
3219 5024 3380 5096 χάριν
3429 5023 3523 5078 τοῦ
3572 5026 3911 5097 Πνεύματος,

2339 5110 2409 5164 τά
2434 5126 2493 5163 τε
2527 5110 2622 5164 τοῦ
2642 5111 2920 5183 δράματος
2950 5113 3098 5183 αὐτῷ
3142 5114 3239 5167 καὶ
3280 5116 3382 5184 τῆς
3415 5116 3707 5186 ἐπιϐουλῆς
3743 5118 3912 5187 ἀπατ-

2340 5200 2540 5269 γέλλει,
2568 5201 2639 5254 τά
2671 5218 2729 5254 τε
2756 5202 2857 5270 τῆς
2892 5201 2987 5254 τοῦ
3012 5203 3147 5258 Θεοῦ
3175 5203 3391 5268 δικαίας
3418 5205 3589 5275 ὀργῆς
3615 5209 3908 5277 προστίθη-

2343 5308 2416 5355 σι,
2451 5295 2545 5345 καὶ
2604 5294 2815 5365 ὅπωςὴ
2864 5293 2988 5363 χεὶρ
3032 5294 3110 5365 τῷ
3162 5295 3317 5372 ἀνδρὶ
3358 5295 3621 5349 πεπόνθοι
3667 5297 3908 5360 ἐλεεινῶς

2338 5383 2601 5451 δείκνυσι,
2642 5380 2762 5437 εἶτα
2797 5386 2889 5438 καὶ
2914 5385 3015 5438 ὅσα
3055 5385 3277 5456 γνησίου
3302 5384 3908 5462 δεῖταιπαιδὸς,ἧτάλη-

2338 5473 2594 5544 θέστερον
2654 5473 2856 5544 μᾶλλον
2914 5475 3122 5545 πατρὸς
3154 5472 3508 5544 συγχωρῆσαί
3535 5491 3594 5528 τι
3625 5475 3776 5545 αὑτῴ
3823 5478 3906 5529 καὶ

2330 5567 2632 5638 θεραπείαν
2660 5568 2809 5639 αὐτῷ
2829 5566 2929 5639 τῆς
2951 5566 3167 5636 πληγῆς
3202 5564 3558 5631 ἐπεύξασθαι.

2404 5758 2497 5817 ις’.
2528 5749 2749 5823 Συμεὼν
2779 5750 2857 5816 δέ,
2892 5749 2919 5803 ὁ
2945 5748 3019 5820 τῷ
3066 5745 3183 5818 Θεῷ
3216 5743 3610 5816 ἐκλελεγμένος
3667 5744 3755 5797 καὶ
3813 5743 3898 5816 πρὸ
