4110 6332
362 367 500 452 εφοι

1387 374 1565 435 νιΤΑ
1603 375 1648 434 Δ
1686 373 2124 436 NICEPHORO
2162 373 2647 437 CONSCRIPTA.

3488 375 3633 439 3002

358 481 656 553 γενέσεως,
692 479 754 535 ού
812 481 973 554 μόνον
1006 482 1114 537 ἀπὸ
1148 483 1380 554 καρδίας
1427 487 1593 551 εὐθὺς
1640 488 1821 558 ἀφῆκε
1853 485 1932 558 τῷ

2057 486 2184 542 ilico
2237 502 2353 542 non
2381 490 2559 543 solum
2587 485 2800 544 dimisit
2843 488 3055 545 homini
3082 504 3151 545 ex
3202 489 3402 544 intimo
3461 491 3630 547 corde

362 570 849 642 πλημμελήσαντι,
884 572 1020 627 ἀλλὰ
1059 574 1150 627 καὶ
1183 575 1282 645 τὴν
1328 576 1467 648 ὑπὲρ
1502 578 1671 632 αὐτοῦ
1731 579 1946 649 μᾶλλον

364 662 533 733 εὐχὴν
580 663 838 732 ἀσμένως
874 664 1188 740 δεξάμενος,
1224 665 1477 740 καθάπερ
1527 670 1692 733 αὐτός
1718 687 1769 723 τι
1804 670 1947 740 μέγα

362 751 550 807 λαϐεῖν
587 755 647 808 οὐ
685 754 870 807 δοῦναι
921 739 1404 829 μέλλωνριεφαλῆν
1435 759 1510 821 ὡς
1545 754 1658 830 εἶχε
1689 761 1783 813 καὶ
1808 739 1945 828 γόνυ

363 847 436 914 γῇ
497 845 762 910 δεδωκὼς,
828 845 925 898 καὶ
1026 844 1136 898 τῶν
1182 848 1483 919 οἰκτιρμῶν
1523 848 1622 918 τῆς
1683 849 1775 903 τοῦ
1805 849 1945 904 Θεοῦ

363 937 580 1007 δεηθεὶς
633 938 991 1007 ἀγαθότητος,
1019 939 1129 993 τῶν
1165 957 1223 994 τε
1272 939 1671 1018 φιλανθρώπων
1719 941 1948 995 ἐκείνων

366 1027 691 1097 σπλάγχνων
720 1027 954 1092 ἑλκύσας
981 1028 1183 1095 ἔλαιον,
1216 1031 1478 1098 ἀναστάς,
1505 1032 1599 1084 καὶ
1639 1034 1824 1102 χεῖρας
1856 1034 1938 1096 είς

361 1118 594 1187 οὐρανὸν
631 1119 940 1183 ἀνατείνας,
975 1122 1270 1191 σφραγίζει
1301 1123 1400 1191 τὴν
1437 1122 1798 1193 ξηρανθεῖσαν
1851 1125 1948 1179 καί⁵

364 1211 685 1281 πάσχουσαν
710 1211 898 1274 κακῶς
923 1211 1126 1276 δεξιάν,
1157 1214 1250 1265 καὶ
1273 1216 1613 1285 παραχρῆμα
1645 1214 1749 1285 (τίς
1783 1216 1947 1269 ἀκου-

365 1303 501 1366 στάς
552 1319 668 1376 σου,
700 1301 809 1355 Θεέ·
853 1320 980 1372 μου,
1020 1304 1237 1374 ποιήσει
1296 1305 1396 1367 τὰς
1433 1305 1731 1373 abisse“)
1786 1307 1944 1375 ὑγιὴς

364 1391 564 1463 ἔχουσα
597 1393 778 1464 ὤφθη,
821 1384 918 1448 ἰαὶ
939 1397 1004 1465 τῇ
1031 1395 1196 1465 ἑτέρᾳ
1230 1396 1630 1467 παραπλησίως
1649 1413 1663 1426 ·
1701 1398 1760 1450 ού
1791 1400 1948 1469 χεῖρα

363 1483 424 1535 δὲ
476 1483 643 1556 μόνην
677 1483 858 1547 εὐθὺς,
896 1483 1030 1538 ἀλλὰ
1079 1485 1173 1537 καὶ
1210 1484 1370 1554 σῶμα
1413 1483 1677 1556 ῥώννυται
1702 1526 1717 1551 ,
1747 1487 1841 1538 καὶ
1869 1489 1948 1548 είς

299 1572 308 1579 ”
365 1565 466 1646 τὴν
495 1577 768 1645 προτέραν
816 1576 1029 1640 εὐεξίαν
1073 1577 1368 1630 είσάνεισιν
1392 1593 1406 1606 ο
1440 1577 1578 1649 ὅπερ
1614 1561 1788 1641 οὕτως
1849 1577 1941 1641 ἑξ-

364 1665 570 1737 ἐπληξε
609 1668 738 1730 τοὺς
765 1669 1060 1739 παρόντας.
1095 1668 1172 1734 ὡς
1204 1668 1301 1722 καὶ
1351 1668 1530 1739 ψυχὰς
1555 1668 1696 1724 ὅλων
1750 1671 1949 1732 αὐτοὺς

355 1760 472 1814 ἀπὸ
499 1759 617 1813 τότε
647 1760 741 1813 τοῦ
770 1759 997 1829 Συμεὼν
1031 1759 1397 1832 ἐξηρτῆσθαι·
1449 1762 1544 1813 καὶ
1585 1760 1748 1812 αὑτὸν
1773 1759 1831 1813 δὲ
1855 1759 1948 1813 τὸν

371 1849 630 1918 Ἰωάννην
660 1850 754 1902 τοῦ
783 1849 976 1903 λοιποῦ
1025 1851 1166 1920 μετὰ
1211 1851 1365 1912 δέους
1391 1849 1543 1918 αύτῷ
1570 1850 1942 1919 διαλέγεσθαι.

371 1927 534 1997 Ἀλλὰ
582 1945 741 1998 τοῦτο
802 1945 902 2013 μὲν
947 1945 1013 2014 δὴ
1059 1945 1288 2008 τοιοῦτο,
1339 1945 1435 1998 καὶ
1477 1943 1621 1998 οὕτω
1669 1943 1946 2014 Θαυμάσαι

355 2033 510 2100 ἄξιον
537 2052 551 2065 ·
594 2035 654 2088 τὸ
696 2035 740 2089 δ’
787 2036 947 2104 ἑξῆς,
996 2033 1177 2106 πολλῷ
1212 2037 1306 2090 καὶ
1333 2036 1526 2088 τούτου
1559 2033 1944 2104 θαυμασιώτε-

358 2128 715 2199 ρον.”Ωσπερ
763 2129 872 2200 γὰρ
924 2129 1086 2192 αὐτὸς
1133 2127 1314 2198 ἑαυτῷ
1358 2128 1458 2199 τὴν
1507 2127 1709 2197 ἀρετὴν
1769 2144 1948 2198 παρα-

355 2221 568 2292 θήγων,
619 2221 714 2274 καὶ
758 2221 1099 2292 ὑψηλοτέρας
1143 2220 1245 2291 ἠδη
1290 2217 1568 2281 πολιτείας
1617 2217 1945 2286 ἁπτόμενος,

341 2312 504 2367 ἀἰτεῖ
525 2313 782 2383 γενέσθαι
813 2313 970 2383 βάσιν
995 2315 1059 2366 ὲκ
1085 2311 1317 2381 πλαγίου
1353 2310 1432 2381 τῷ
1469 2310 1689 2381 Ἰωάννῃ
1709 2327 1720 2339 ·
1755 2305 1823 2380 ἧς
1854 2326 1947 2375 γε-

355 2406 597 2476 νομένης
626 2405 786 2469 εὐθὺς
828 2406 1046 2468 ἐπιϐὰς,
1088 2406 1183 2459 καὶ
1218 2405 1350 2468 στὰς
1397 2404 1485 2457 ἐπ’
1533 2404 1737 2470 αὐτῆς
1781 2398 1850 2474 ἦν
1888 2401 1947 2454 δὲ

357 2499 544 2569 μόδιος
586 2497 663 2570 τῷ
693 2498 920 2571 Συμεὼν
956 2499 988 2569 ἠ
1023 2497 1334 2568 περιϐολὴ,
1377 2495 1540 2563 ξύλου
1589 2483 1801 2566 καρύας
1852 2510 1944 2546 πε-

355 2605 489 2659 ποιη
497 2588 562 2660 μέ
570 2605 680 2653 νος.

443 2700 529 2765 ιζ’.
566 2701 703 2772 Ὀρᾷ
728 2703 903 2758 ,πάλιν
945 2705 1108 2770 αὐτὸς
1156 2709 1220 2759 ἐκ
1267 2709 1500 2776 πλαγίου
1550 2715 1714 2766 παῖδα
1761 2716 1949 2770 κάλλει

365 2794 591 2864 ὡραῖον,
635 2789 733 2873 τήν
773 2813 832 2850 τε
880 2799 1108 2865 καρδίαν
1158 2803 1293 2872 πρὸς
1323 2803 1418 2874 τὴν
1447 2805 1570 2874 ὄψιν
1598 2809 1945 2876 ἀναφλεγεὶς,

363 2886 465 2939 καὶ
491 2887 575 2939 ὅτι
612 2887 846 2956 Χριστὸς
899 2891 926 2941 ό
961 2889 1164 2959 Κύριος
1195 2893 1289 2944 καὶ
1322 2893 1454 2957 Θεὸς
1493 2897 1576 2964 εῐη
1607 2899 1789 2963 γνοὺς,
1818 2900 1949 2971 θαρ-

366 2976 456 3046 ῥεϊ
499 2977 641 3029 κατὰ
681 2978 770 3030 τὸν
811 2980 1170 3048 ἠγαπημένον
1221 2983 1471 3053 μαθητὴν
1514 2987 1608 3038 καὶ
1638 2989 1822 3054 αὐτὸς,
1853 2991 1949 3059 τὴν

364 3067 498 3137 περὶ
515 3066 607 3121 τοῦ
638 3067 843 3130 πάθους
871 3068 1158 3140 ἐρώτησιν,
1192 3073 1286 3124 καί
1315 3091 1447 3142 φησι
1473 3091 1485 3102 ·
1521 3077 1713 3147 Κύριε,
1748 3079 1861 3142 πῶς
1891 3094 1950 3132 σε

364 3157 721 3229 ισταύρωσαν
774 3161 825 3211 οἱ
871 3160 1110 3213 Ἰουδαῖοι

362 3246 685 3316 καρτερίαν,
731 3247 763 3318 ἢ
810 3248 1062 3317 σώματος
1106 3250 1374 3322 νέκρωσιν
1433 3255 1633 3324 μᾶλλον
1694 3261 1948 3316 ἑκουσίαν

361 3336 692 3402 νομοθετῶν,
750 3340 850 3402 τὰς
917 3344 1106 3410 χεῖρας
1154 3343 1311 3414 τύπῳ
1363 3348 1599 3417 σταυροῦ
1659 3349 1947 3418 διατείνας,

361 3426 526 3480 Οὕτω
551 3446 639 3498 με,
677 3431 862 3502 φησὶν,
890 3433 1407 3505 ὲσταύρωσαν,ὲμοῦ
1434 3439 1846 3509 εύδοκήσαντος.
1879 3445 1950 3498 Σὺ

358 3518 421 3572 δὲ
451 3519 601 3588 ἴσχυε
635 3522 727 3573 καὶ
761 3521 1036 3591 ἀνδρίζου.
1072 3524 1233 3578 Ἀλλὰ
1268 3529 1388 3581 τότε
1419 3531 1519 3599 μὲν
1558 3534 1585 3585 ό
1618 3535 1852 3604 Συμεὼν
1887 3538 1949 3590 ού

363 3612 571 3681 συνῆκε
617 3615 684 3666 τὰ
731 3616 1026 3685 εἰρημένω
1059 3619 1325 3691 ’Ὕστερον
1377 3624 1431 3676 δὲ
1474 3626 1766 3696 συμϐαλὼν
1815 3632 1951 3702 ὅπερ

363 3704 552 3757 ἐκεῖνα
585 3706 857 3772 ἐϐούλετο,
902 3709 1050 3780 πόνῳ
1096 3729 1156 3764 τε
1211 3714 1332 3766 καθ’
1366 3717 1577 3786 ἡμέραν
1621 3722 1804 3782 πόνον,
1857 3725 1952 3775 καὶ

362 3794 602 3865 ἄσκησιν
644 3799 870 3867 ἀσκήσει
921 3804 1235 3869 προστιθεὶς
1277 3807 1378 3861 ούκ
1411 3809 1571 3865 ἀνίει.
1605 3812 1695 3882 Τῷ
1729 3813 1828 3882 μὲν
1860 3812 1952 3869 οὖν

379 3883 602 3972 ΪΙωάννῃ
654 3889 846 3950 νυκτὸς
918 3891 1157 3962 ἑκάστης
1207 3895 1341 3965 εὐχὴ
1396 3896 1602 3968 ψαλμοὶ
1656 3905 1953 3972 τριάκοντα

362 3969 530 4045 ἦσαν,
589 3978 665 4048 τῷ
718 3975 793 4033 δὲ’
821 3981 1045 4050 Συμεὼν
1097 3984 1191 4038 νῦν
1240 3988 1338 4056 μὲν
1378 3991 1730 4059 πεντήκοντα,
1771 3995 1867 4048 νῦν
1896 3979 1984 4050 δὲ’

363 4066 721 4136 ὀγδοήκοντα,
780 4073 847 4125 τὰ
902 4074 1072 4127 πολλά
1115 4077 1169 4129 δὲ
1221 4080 1310 4130 καὶ
1354 4079 1415 4133 τὸ
1455 4081 1756 4154 ψαλτήριον
1810 4088 1949 4154 ὅλον,

366 4155 541 4250 ύπνου
575 4160 648 4230 μὴ
690 4161 746 4213 δὲ
787 4162 960 4234 βραχὺ
1023 4169 1322 4240 γενομένῳ,
1383 4173 1518 4226 ἀλλὰ
1561 4177 1694 4246 μηδὲ
1738 4180 1956 4250 ἡμέρας

366 4247 547 4318 ἔχοντι
643 4251 804 4306 πάλιν
842 4255 902 4307 τὸ
951 4259 1127 4328 στόμα
1160 4261 1467 4331 δοξολογίας
1517 4247 1954 4336 παυόμενοι-ὡς

370 4340 510 4410 μηδὲ
551 4343 643 4395 τὸν
682 4344 936 4418 Ἰωάννην
963 4349 1062 4420 τὴν
1093 4350 1270 4424 ψυχὴν
1303 4355 1388 4407 ἐπ’
1413 4357 1561 4428 αὐτῷ
1599 4359 1950 4431 καθαρεύειν,

366 4431 506 4521 αλλὰ
549 4434 823 4498 τοιαύταις
873 4438 1011 4508 πρὸς
1045 4442 1206 4495 αὐτὸν
1249 4447 1635 4514 παραινέσεσιν
1679 4452 1948 4521 χρῆσθαι·

379 4518 588 4572 Ἱκανόν
622 4539 722 4586 σοι,
756 4523 965 4590 τέκνον,
1005 4527 1087 4580 ὅτι
1128 4532 1321 4584 σαυτὶν
1364 4535 1421 4597 ἐξ
1467 4536 1631 4588 αὑτοῦ
1679 4518 1953 4605 γάλακτος

364 4613 461 4663 καὶ
500 4611 670 4683 θηλῆς
720 4616 1072 4687 ὲσταύρωςας
1127 4621 1204 4691 τῷ
1238 4625 1491 4696 Χριστῷ·
1556 4629 1604 4679 τί
1643 4628 1699 4682 δέ
1748 4648 1828 4682 σοι
1863 4633 1956 4685 καὶ

359 4701 542 4755 ταῦτα
570 4707 637 4756 τὰ
667 4706 767 4775 τῆς
799 4708 938 4780 ὑπὲρ
983 4711 1269 4782 ἄνθρωπον
1302 4718 1660 4787 ἐγκρατείας;
1697 4739 1953 4792 παρακα-

361 4794 480 4848 λεῖν
504 4797 612 4886 χρη
636 4799 728 4886 και
757 4798 815 4850 τὸ
847 4799 1022 4870 σῷμα,
1048 4802 1217 4857 ὕπνου
1241 4823 1297 4858 τε
1325 4809 1416 4860 καὶ
1435 4812 1640 4881 τροφῆς
1663 4815 1729 4866 τὰ
1758 4817 1955 4886 μέτρια

360 4885 665 4946 κοινωνεῖν,
698 4885 762 4936 ἵν’
793 4886 1042 4957 ἐξαρκεῖν
1069 4893 1165 4961 ἔχῃ
1201 4911 1282 4946 σοι
1320 4898 1454 4965 πρὸς
1492 4902 1616 4962 τοὺς
1645 4902 1743 4972 τῆς
1775 4885 1950 4974 danti}-

369 4987 507 5036 σεως
539 4975 752 5040 πόνους.
788 4980 849 5032 Εἰ
880 4981 937 5032 δὲ
971 4982 1079 5052 γᾴρ
1131 4986 1326 5056 βρῶμα
1381 4990 1412 5058 ἢ
1456 4992 1604 5062 πόμα
1649 5000 1818 5047 κοινοῖ
1860 4998 1951 5050 τὸν

443 5198 519 5269 (5)
667 5201 845 5280 forma
894 5205 1064 5260 modii
1111 5209 1452 5280 columnaris
1520 5213 1728 5269 dictum
1781 5227 1863 5272 est
1919 5221 1952 5275 5

363 5269 613 5358 Janluarii
665 5273 731 5325 ad
773 5274 943 5358 Vitem
983 5281 1156 5358 structi
1214 5279 1489 5358 Symeom’s
1517 5269 1862 5358 Δδειιίονίδίς
1898 5269 1952 5356 2',

365 5340 597 5425 quib-ns.
620 5357 781 5425 nunc
816 5345 943 5425 addi
994 5349 1130 5425 nillil
1165 5340 1440 5425 volumus,
1474 5355 1580 5409 nisi
1607 5340 1753 5425 quod
1771 5340 1954 5414 tet'iat—n

366 5410 628 5492 pellibus.
664 5413 898 5492 subinde
954 5419 1208 5492 modius,
1241 5421 1310 5492 de
1354 5410 1466 5492 quo
1515 5410 1662 5488 moi,
1701 5410 1960 5484 nat-aia}

371 5491 553 5563 tectus
603 5481 797 5563 fuisse,
845 5500 911 5539 ex
983 5481 1314 5563 numilib‘,
1356 5481 1413 5546 et
1459 5481 1720 5550 col‘umha
1770 5481 1958 5555 ίιίέὲέὲὀ

367 5560 532 5624 septo»
559 5559 793 5618 munita,
847 5571 914 5609 ex
961 5574 1113 5612 num.
1147 5559 1272 5622 219,
1309 5563 1438 5616 item
1493 5582 1560 5620 ex
1614 5565 1734 5620 Vita
1768 5573 1956 5624 matris

366 5620 612 5685 Martius,
636 5639 786 5706 num_.
813 5625 902 5690 ὃὸ,
923 5628 1190 5706 columnae
1209 5620 1524 5706 adjunctam
1541 5638 1708 5691 fuisse
1727 5620 1953 5706 scalam,

369 5706 470 5776 per
503 5707 669 5770 quam
702 5694 768 5776 ad
824 5697 1070 5776 modium
1107 5694 1501 5776 scandebatur,
1555 5709 1720 5762 etiam
1764 5710 1833 5764 ab
1867 5694 1952 5765 in;

371 5764 547 5817 tirmis
568 5765 749 5823 curari
783 5768 1126 5837 petentibus,
1153 5782 1210 5827 ut
1231 5774 1307 5830 ibi
1333 5764 1498 5832 etiam
1522 5779 1755 5835 habetur
1783 5797 1836 5835 n.
1859 5782 1949 5847 72,

1145 3179 1159 3226 ;
1202 3163 1259 3213 't)
1288 3163 1344 3215 δὲ
1370 3165 1644 3237 ὑπομῆνὴν
1674 3169 1822 3239 αύτῷ
1852 3173 1947 3224 καὶ
1978 3165 2020 3218 t3

2048 575 2343 642 delictum,
2367 592 2558 632 verum
2600 579 2766 633 etiam
2803 578 3045 638 libenter
3090 595 3287 650 preces
3335 585 3434 652 pro
3473 581 3631 637 inco-

2048 667 2298 722 lumitate
2329 668 2448 739 ejus
2511 667 2857 734 fundendas,
2909 670 3174 726 addicens
3210 713 3224 737 ,
3283 671 3445 740 plane
3493 687 3556 726 ac
3584 673 3631 731 si

2049 776 2306 831 magnum
2327 761 2659 817 beneﬁcium
2682 772 3039 833 accepturus,
3067 780 3178 820 non
3199 765 3628 842 daturuslessct,

2049 856 2250 924 capite,
2291 865 2352 909 ut
2384 865 2621 925 poterat,
2662 857 3010 926 genibusque
3064 858 3219 912 humi
3250 858 3472 926 positis,
3529 857 3632 913 im-

2048 946 2261 1016 plorata
2285 946 2532 1001 bonitate
2561 946 2880 1002 misereutis
2903 948 3024 1013 Dei,
3051 948 3350 1018 elicitaque
3367 947 3633 1017 benigno-

2049 1053 2170 1107 rum
2193 1037 2414 1092 illorum
2446 1037 2723 1094 viscerum
2752 1039 3163 1103 misericordia,
3218 1039 3481 1104 surrexit,
3529 1039 3628 1094 ex-

2053 1129 2337 1199 tensisque
2366 1128 2433 1183 ad
2475 1131 2674 1206 calum
2716 1132 2995 1195 manibus,
3023 1133 3236 1186 aridam
3265 1139 3432 1201 atque
3484 1146 3630 1201 aegre

2050 1221 2346 1276 habentem
2373 1219 2654 1276 dexteram
2694 1223 2894 1292 signat.
2933 1223 3002 1277 Et
3032 1225 3159 1294 quis
3213 1223 3432 1279 auditas
3469 1224 3635 1280 faciet

2049 1312 2245 1368 laudes
2277 1323 2418 1376 tuas,
2460 1313 2534 1367 mi
2569 1313 2752 1367 Deus?
2789 1322 2979 1369 sanata
3035 1315 3306 1370 continuo
3360 1314 3634 1384 alterique

2049 1401 2329 1457 simillima
2355 1403 2613 1471 apparuit
2648 1417 2869 1465 manus,
2900 1419 3082 1473 neque
3113 1403 3232 1458 haec
3268 1413 3503 1471 tantum,
3536 1404 3634 1458 sed

2049 1501 2106 1548 et
2127 1508 2332 1562 corpus
2364 1500 2540 1546 totum
2565 1492 2758 1548 eodem
2789 1501 3068 1549 momento
3097 1493 3508 1571 corroboratur.
3571 1507 3636 1548 ac

2050 1585 2343 1654 pristinum
2371 1585 2429 1639 in
2462 1594 2666 1640 statum
2697 1585 3032 1640 restituitur.
3063 1585 3195 1652 Quae
3221 1601 3311 1640 res
3339 1593 3489 1639 tanta
3536 1585 3636 1639 ad-

2052 1679 2350 1732 miratione
2373 1688 2673 1748 prmsenles
2704 1678 3023 1748 complevit,
3061 1688 3123 1734 nt
3152 1694 3219 1734 ex
3269 1678 3363 1732 illo
3390 1687 3638 1747 tempore

2051 1768 2379 1841 Symeoncm
2445 1768 2609 1825 unice
2668 1770 3057 1838 suspexerint;
3109 1769 3336 1839 ipseque
3395 1769 3638 1824 Joannes

2050 1843 2332 1930 nunquam
2358 1859 2622 1931 deinceps
2645 1862 2753 1916 nisi
2791 1877 2918 1915 cum
2955 1869 3202 1916 tremore
3249 1861 3330 1915 illi
3385 1861 3631 1916 collocu-

2054 1961 2142 2009 tus
2192 1955 2283 2008 sit.
2335 1954 2513 2023 Atque
2570 1955 2690 2010 haac
2746 1955 2974 2025 quidem
3017 1970 3214 2026 magna
3264 1939 3634 2009 admiratione

2049 2029 2212 2113 digna
2238 2043 2508 2109 luerc;id
2539 2061 2672 2099 vero
2723 2045 2871 2114 quod
2917 2046 3189 2115 sequitur,
3243 2045 3418 2100 multo
3467 2045 3636 2098 etiam

2058 2140 2287 2210 majore.
2310 2139 2468 2206 Nam,
2508 2142 2974 2213 quemadmodum
3004 2144 3242 2217 Symeon
3266 2146 3334 2201 ad
3379 2147 3634 2202 altiorem

2062 2243 2279 2298 semper
2300 2230 2664 2301 altioremque
2684 2232 2908 2288 virtutis
2942 2232 3193 2304 gradum,
3222 2237 3334 2305 jam
3377 2251 3524 2289 nunc
3550 2234 3631 2289 al-

2057 2319 2327 2374 tissimum
2375 2331 2727 2389 consecutus,
2783 2340 2842 2380 se
2885 2325 3224 2392 exstimulat,
3252 2327 3408 2396 petiit
3459 2327 3635 2382 basim

2052 2411 2189 2481 erigi
2215 2428 2281 2466 ex
2307 2413 2542 2470 adverso
2556 2415 2806 2480 Joannis,
2838 2428 3192 2488 ercctamqne
3222 2434 3347 2472 mox
3373 2433 3640 2473 conscen-

2053 2497 2156 2565 dit,
2191 2510 2353 2570 atque
2408 2503 2644 2560 institit:
2675 2507 2894 2561 modius
2918 2518 3102 2562 autem
3133 2525 3164 2564 c
3189 2508 3336 2578 ligno
3364 2508 3630 2578 nucisju-

2057 2592 2270 2663 glandis
2302 2593 2622 2663 fabricatus,
2650 2599 3084 2669 eircumtegebat
3101 2599 3303 2669 ipsum.

2128 2720 2214 2772 l7.
2255 2720 2418 2774 Videt
2454 2721 2544 2774 hic
2588 2737 2782 2775 rursus
2837 2737 3098 2791 puerum,
3132 2714 3342 2776 formai
3373 2717 3641 2793 dignitate

2051 2813 2354 2882 egregium,
2402 2817 2560 2882 cujus
2593 2825 2815 2883 aspectu
2854 2822 2969 2867 toto
3018 2815 3188 2868 corde
3234 2813 3639 2879 inﬂammatus;

2052 2918 2177 2957 cum
2227 2901 2508 2956 Christum
2560 2905 2854 2958 Dominum
2904 2905 3061 2959 illum
3095 2921 3221 2961 esse
3264 2906 3639 2972 cognovisset,

2054 3009 2164 3047 non
2211 2994 2449 3058 dubitat,
2509 2997 2762 3065 exemplo
2793 2996 2982 3052 dilecti
3039 2987 3325 3068 discipuli,
3363 2998 3542 3066 ipsum
3574 2997 3643 3050 de

2052 3090 2310 3160 passione
2341 3090 2460 3158 ejus
2494 3089 2861 3156 interrogare,
2895 3086 3152 3156 inquiens
3201 3106 3214 3141 :
3248 3085 3504 3151 Domine,
3533 3100 3644 3156 quo

2055 3181 2220 3236 modo
2267 3189 2318 3234 te
2363 3178 2537 3234 Judzei
2592 3177 2888 3232 aﬁixetnnt
2924 3179 3122 3233 cruci?
3154 3179 3423 3233 Dominus
3458 3189 3642 3233 autem

2053 3273 2416 3344 interroganti
2472 3273 2836 3342 patientiam,
2901 3273 3252 3326 tolerantiam
3314 3279 3409 3324 aut
3464 3272 3646 3340 potius

2055 3364 2537 3418 mortiﬁcationem
2593 3363 2846 3431 corporis
2886 3363 3256 3416 voluntariam
3297 3377 3400 3430 pro
3451 3376 3646 3415 norma

2052 3454 2274 3508 vivendi
2341 3454 2728 3525 prmscribens,
2789 3454 3045 3508 manibus
3090 3454 3146 3506 in
3197 3452 3425 3506 modum
3466 3453 3647 3506 erucis

2052 3547 2296 3601 extensis
2343 3564 2355 3599 :
2399 3546 2500 3609 lta,
2558 3545 2760 3614 inquit,
2806 3559 2914 3607 me,
2963 3544 3019 3600 id
3069 3545 3230 3598 unice
3271 3551 3647 3613 expetentem,

2054 3639 2291 3712 ﬁxerunt
2323 3637 2497 3691 cruci.
2535 3638 2616 3691 'l‘u
2667 3653 2797 3692 vero
2841 3649 2963 3692 esto
2998 3637 3283 3699 robustus,
3324 3645 3380 3690 et
3415 3635 3650 3688 viriliter

2053 3746 2170 3799 age.
2233 3729 2371 3782 Tum
2420 3729 2644 3798 quidem
2702 3745 2815 3782 non
2879 3728 3158 3783 intellexit
3208 3728 3470 3799 Symeon,
3514 3728 3647 3796 quid

2057 3823 2246 3877 istltzec
2301 3823 2405 3876 sibi
2463 3822 2608 3877 dicta
2666 3823 2919 3875 vellent:
2964 3831 3155 3890 postea
3195 3835 3351 3886 vero,
3410 3820 3505 3874 ubi
3563 3822 3648 3875 in-

2056 3915 2285 3979 tellexit,
2322 3908 2464 3968 alios
2484 3930 2546 3967 ex
2580 3913 2704 3967 aliis
2738 3913 2956 3966 labores
2997 3928 3289 3983 aggressus
3312 3921 3417 3976 est,
3449 3921 3504 3964 et
3534 3912 3647 3976 vir:-

2058 4013 2234 4060 tutum
2269 4005 2552 4059 exercitiis
2578 4006 2682 4058 alia
2708 4011 2872 4072 atque
2898 4003 3002 4058 alia
3037 4005 3382 4057 incessanter
3411 4002 3647 4057 addidit.

2053 4099 2262 4153 Joanne
2310 4097 2477 4167 igitur
2513 4097 2820 4150 orationem
2867 4111 3047 4158 suam,
3105 4096 3347 4163 psalmos
3395 4094 3646 4164 triginta,

2055 4189 2287 4259 singulis
2334 4189 2588 4243 noctibus
2641 4189 3027 4258 persolvente,
3086 4187 3356 4241 recitabat
3409 4187 3647 4258 Symeon

2055 4280 2354 4349 aliquando
2387 4280 2809 4350 quinquaginta,
2846 4276 3144 4347 aliquando
3173 4277 3473 4348 octoginta,
3509 4293 3651 4346 smpc

2055 4373 2221 4426 etiam
2278 4369 2606 4425 Psalterium
2657 4370 3000 4434 universum,
3037 4385 3299 4424 somnum
3331 4369 3508 4424 oculis
3536 4370 3652 4423 suis

2057 4462 2270 4515 nullum
2319 4459 2547 4514 omnino
2593 4459 2950 4523 videns,'sed
3009 4476 3114 4515 nec
3157 4459 3224 4514 de
3257 4461 3346 4514 die
3405 4461 3650 4528 linguam

2062 4566 2216 4604 suam
2237 4567 2263 4603 a
2283 4549 2485 4603 divinis
2507 4549 2766 4603 laudibus
2786 4549 3150 4628 decantandis
3173 4564 3393 4603 cessare
3412 4549 3649 4618 patiens;

2063 4641 2201 4694 adeo
2234 4648 2296 4693 nt
2331 4626 2575 4694 Joannes
2605 4654 2717 4692 non
2751 4639 2917 4692 modo
2948 4626 3179 4694 viribus
3208 4639 3383 4708 ipsius
3431 4638 3654 4692 timeret

2063 4732 2390 4801 plurimum,
2440 4732 2536 4784 scd
2588 4732 2858 4801 ejusmodi
2895 4746 3116 4801 quoque
3149 4731 3539 4786 adhortati-'ne
3577 4729 3656 4782 ni-

2063 4822 2168 4877 mis
2215 4823 2272 4876 i-n
2315 4838 2372 4876 se
2424 4838 2681 4876 severum
2727 4824 3169 4893 aggrederetur:
3223 4823 3473 4877 Suﬁieiat
3511 4821 3651 4884 “tibi,

2061 4910 2159 4975 ﬁli,
2215 4913 2361 4981 quod
2417 4913 2484 4966 ab
2517 4914 2656 4984 ipsis
2711 4915 3065 4970 incunabulis
3107 4925 3157 4970 te
3196 4915 3421 4970 Christo
3467 4915 3654 4969 eruci-

2063 5005 2249 5059 ﬁxeris
2283 5005 2454 5075 :quid
2494 5007 2592 5061 tibi
2629 5023 2754 5061 cum
2793 5009 2942 5062 hisee
2977 5008 3320 5078 pmnitentia:
3343 5007 3651 5068 exercitiis,

2060 5221 2409 5298 ac-denique
2439 5238 2504 5298 ex
2533 5225 2644 5298 jam
2692 5225 2859 5279 dictis
2900 5235 3028 5298 ante
3059 5226 3238 5280 Vitam
3293 5226 3320 5298 §
3373 5229 3421 5290 l,
3472 5228 3653 5283 locum

2060 5292 2333 5364 columnae
2385 5292 2557 5348 fuisse
2612 5294 2757 5348 intra
2794 5296 3102 5364 mandram,
3148 5297 3200 5349 id
3235 5292 3320 5350 est
3353 5300 3652 5353 maceriam

2061 5361 2358 5434 lapideam,
2391 5380 2460 5417 ne
2489 5365 2612 5434 quis
2644 5375 2830 5434 posset
2855 5361 3153 5428 accedere,
3187 5368 3289 5420 nisi
3322 5369 3597 5423 admissus
3625 5386 3655 5424 a

2064 5431 2235 5485 fratre
2272 5434 2366 5507 qui
2417 5431 2962 5507 internuntiieﬁicio
2996 5438 3330 5507 fungebatur
3372 5455 3384 5490 :
3415 5439 3652 5492 dieitur-

2063 5518 2171 5578 q_uc
2195 5504 2364 5578 apud
2388 5505 2733 5578 “Evagriunt,
2768 5505 2804 5561 l.
2849 5522 2888 5569 ι,
2947 5523 3067 5576 cap.
3102 5504 3203 5560 Ἰὸ.
3233 5506 3523 5578 Symeonis
3552 5509 3652 5562 Sc-

2062 5571 2239 5646 nioris
2279 5573 2475 5646 modia,
2507 5571 2591 5626 vix
2615 5576 2804 5629 cubitis
2832 5571 3030 5644 duobus
3063 5581 3136 5632 in-
3158 5571 3350 5631 amicta
3388 5579 3652 5646 patuisse.

2060 5640 2206 5695 Infra
2242 5642 2432 5716 etiam,
2491 5661 2640 5697 mnu.
2679 5647 2770 5706 46,
2805 5640 3046 5711 constat,
3090 5665 3199 5702 non
3237 5640 3456 5716 semper
3494 5661 3653 5716 aper-

2064 5721 2179 5765 tum
2207 5714 2436 5788 modium
2468 5729 2740 5788 superne,
2789 5717 2882 5772 sed
2916 5720 3065 5773 omni
3102 5735 3163 5774 e1
3203 5714 3652 5788 parte'ntmn—un-
3705 5752 3708 5756 ι

2057 5798 2222 5852 cpiam
2264 5782 2513 5841 clausum
2561 5785 2753 5841 fuisse.
