4110 6332
575 339 719 407 3007

1780 334 1838 394 S.
1880 329 2255 392 SYMEONIS
2291 327 2651 390 JUNIORIS

3692 319 3825 382 3008

573 452 781 511 Christi
813 453 1052 523 obiecto,
1080 451 1208 507 inde
1234 448 1630 512 exterminans,
1652 445 1934 501 hominem
1959 457 2152 498 sanum

2270 440 2351 495 ιοῦ
2377 440 2615 511 Χριστοῦ
2643 439 2913 509 σφραγῖδα
2935 432 3229 496 ἐπιϐαλὼν,
3257 434 3350 487 καὶ
3370 430 3563 487 τοῦτον
3588 431 3830 487 ἐκϐαλὼν

574 561 639 601 ac
670 543 776 599 sibi
813 544 1090 599 redditum
1125 542 1355 598 dimisit.
1408 541 1487 595 lta
1535 540 1607 593 in-
1635 545 1894 609 promptu
1938 550 2155 605 semper

574 644 694 691 erat
714 635 972 706 Symeoni
1004 633 1176 705 gratia
1205 633 1445 689 caelestis
1471 649 1485 685 :
1521 645 1623 685 nec
1656 630 1821 693 ullus,
1842 628 1936 698 qui
1973 629 2153 699 ipsum

575 724 892 787 accedebat,
944 723 1336 779 revertebatur
1384 735 1614 784 vacuus,
1670 719 1766 773 sed
1813 717 2154 787 reportabat,

575 814 844 885 quidquid
887 815 1146 885 petierat,
1207 814 1319 869 vati
1374 828 1619 882 compos.

643 920 738 975 23.
774 918 1021 987 Cupidus
1078 934 1242 989 porro
1289 918 1524 990 Symeon
1557 916 1867 973 absolutum
1904 931 2003 986 per
2037 930 2155 969 om-

578 1012 670 1064 nia
708 1013 935 1066 virtutis
956 1011 1249 1065 aediﬁcium
1282 1009 1556 1071 struendi,
1591 1007 2056 1078 perveniendique
2089 1006 2157 1061 ad

579 1100 1038 1170 perfectissimum
1066 1101 1372 1155 tolerantia:
1404 1099 1663 1167 gradum,
1695 1099 1830 1153 dicit
1863 1098 2158 1168 aliquando

577 1190 645 1243 ad
675 1190 938 1244 Joannem
973 1208 986 1242 :
1019 1190 1190 1255 Quam
1220 1190 1327 1244 late
1356 1198 1541 1259 pateat
1570 1188 1879 1242 dominium
1924 1187 2157 1254 Sataum,

578 1290 633 1333 et
656 1289 874 1348 quantm
897 1280 1004 1333 sint
1025 1278 1272 1349 ejusdem
1299 1278 1623 1348 perniciosae
1672 1277 1910 1341 divitiar,‘
1953 1287 2158 1346 quanto

581 1371 743 1423 etiam
781 1371 964 1425 studio
993 1386 1210 1423 omnem
1247 1384 1400 1423 suam
1452 1369 1709 1438 applicet_
1748 1366 2043 1431 vafritiem,
2100 1377 2161 1422 ut

581 1460 804 1515 virtutis
854 1461 1195 1515 zelatoribus
1237 1460 1438 1515 bellum
1471 1467 1689 1513 moveat
1726 1499 1740 1522 ,
1789 1459 1899 1529 jam
1945 1459 2158 1528 pridem

582 1554 909 1606 monstravit
944 1554 1077 1606 mihi
1124 1553 1405 1607 Dominus.
1441 1553 1530 1607 Ait
1574 1551 1815 1607 Joannes
1849 1569 1862 1604 :
1897 1550 2160 1606 Dominus

585 1652 660 1704 te,
710 1642 806 1708 ﬁli,
854 1644 1210 1714 ncquissimis
1263 1644 1413 1697 illius
1453 1641 1910 1697 machinamentis
1939 1641 2158 1711 eripiet.

586 1732 928 1788 Subsumens
970 1734 1205 1805 Symeon
1246 1753 1259 1789 :
1303 1732 1707 1797 Essecrabiles,
1758 1731 1957 1800 inquit,
2014 1733 2160 1788 vires

583 1822 727 1891 ejus,
778 1826 1139 1897 quantumvis
1199 1826 1435 1880 sollicite
1484 1825 1634 1879 aliud
1685 1840 1750 1879 ex
1802 1824 1910 1880 alio
1954 1824 2159 1879 malum

584 1914 898 1977 molientes.
958 1917 1161 1972 eﬂ'eetu
1215 1917 1503 1971 carebunt.
1560 1915 1665 1972 Ubi
1716 1916 1853 1970 vidit
1900 1915 2160 1983 Joannes,

584 2017 748 2072 quam
822 2005 1190 2075 vilipenderet
1244 2006 1474 2062 insidias
1536 2006 1796 2071 inimici,
1868 2007 2036 2063 veluti
2093 2008 2161 2063 ad

585 2105 829 2150 mentem
885 2081 1170 2164 revocare,
1222 2100 1276 2152 in
1333 2098 1623 2167 oﬁlcioque
1678 2099 1965 2154 continere
2000 2100 2163 2156 aber-

582 2192 799 2237 rantem
847 2186 1098 2255 cupiens,
1145 2197 1205 2242 ut
1242 2202 1310 2241 ne
1344 2197 1485 2242 teter
1513 2186 1761 2255 spiritus,
1810 2187 1940 2242 hinc
1967 2188 2164 2243 anima:

585 2272 736 2328 Illius
781 2276 1148 2345 arrogantiam
1184 2278 1611 2346 superbiamque
1637 2285 1856 2332 tentans
1888 2279 2160 2349 ingerere,

583 2363 785 2420 lateret
834 2367 1085 2423 diutius:
1117 2368 1362 2432 Nonita,
1396 2369 1598 2439 inquit,
1644 2368 1717 2422 ﬁli
1771 2370 1865 2435 mi,
1913 2370 1989 2425 sis
2040 2373 2161 2425 ani-

585 2464 804 2523 matus;
832 2473 1014 2531 neque
1047 2468 1153 2512 tam
1184 2460 1391 2516 imbelli
1416 2475 1539 2513 cum
1570 2460 1727 2515 hoste
1753 2461 2032 2530 negotium
2062 2478 2162 2517 nos

584 2545 813 2612 habere,
842 2558 1032 2618 putato
1067 2568 1081 2603 :
1118 2551 1227 2604 imo
1258 2559 1390 2605 Vero
1428 2551 1643 2607 calceos
1677 2551 1903 2605 indutus
1936 2552 2164 2619 ferreos,

585 2626 857 2704 perpetuo
886 2639 1171 2693 monachis
1196 2640 1363 2694 struit
1398 2639 1649 2705 insidias,
1684 2651 1740 2695 et
1786 2641 1959 2694 sicubi
2011 2656 2167 2695 occa-

586 2726 799 2781 sionem
832 2739 1026 2784 nactus
1050 2733 1393 2786 commodam
1429 2731 1617 2793 fuerit,
1642 2732 1913 2786 violenter
1941 2733 2169 2803 impres-

586 2818 799 2873 sionem
820 2819 969 2875 facit.
990 2821 1308 2877 Precandus
1331 2822 1490 2876 nobis
1507 2822 1690 2889 potius
1715 2821 2167 2892 invocaudusque

586 2916 673 2967 est
716 2909 1038 2967 Emmanuel

588 3002 803 3057 reddet.

2256 531 2485 597 ἐκεῖθεν,
2520 531 2613 583 καὶ
2642 531 2942 596 ἀπελάσας,
2978 527 3104 596 ὑγιῆ
3142 525 3233 579 τὸν
3264 525 3551 595 ἄνθρωπον
3584 524 3824 579 ἀπολύει.

2257 624 2441 686 Οὕτως
2466 624 2550 677 ἀεὶ
2581 622 3002 693 παραμένουσαν
3030 617 3182 688 αὐτῷ
3209 616 3306 687 τήν
3344 615 3555 668 ἄνωθεν
3594 610 3705 685 εἶχε
3736 617 3828 685 χά-

2261 736 2368 789 ριν,
2401 717 2493 771 καὶ
2538 715 2645 770 τῶν
2688 713 2838 784 αὐτῷ
2882 712 3215 783 προσιόντων
3233 709 3410 773 οὐδεὶς
3458 704 3528 778 ἦν
3582 709 3830 779 διακενῆς

2259 807 2632 879 ἀναστρέφων,
2664 805 2802 859 ἀλλὰ
2836 805 3121 873 τυγχάνων
3153 794 3323 872 οὗπερ
3349 799 3623 853 ἐϐούλετο.

2330 906 2436 966 κγ’.
2467 898 2794 967 Βουλόμενος
2818 896 2875 949 δέ
2903 893 3038 965 πρὸς
3060 890 3257 964 ἀρετὴν
3280 891 3366 944 διὰ
3391 890 3611 943 πάντων
3636 889 3831 939 aiant-.80-

2262 990 2501 1060 μεῖσθαι,
2534 989 2628 1042 καὶ
2662 986 2934 1057 ὑπομονὴν
2961 984 3047 1039 ἀεὶ
3077 981 3518 1053 καταρτίζεσθαι,
3550 979 3686 1049 φησί
3706 994 3832 1030 ποτε

2260 1080 2396 1150 πρὸς
2429 1081 2520 1133 τὸν
2557 1077 2829 1147 Ἰωάννην·
2874 1076 2961 1139 Ὠς
2993 1076 3100 1147 ἄρα
3128 1076 3162 1145 ή
3199 1074 3299 1145 μὲν
3328 1071 3419 1125 τοῦ
3460 1071 3678 1125 Σατανᾶ
3702 1068 3833 1136 κτῆ-

2262 1187 2366 1235 σις,
2412 1170 2507 1222 καὶ
2541 1170 2666 1231 ὅσος
2709 1169 2738 1220 ὁ
2765 1165 2957 1219 τούτου
2986 1163 3229 1234 ὀλέθριος
3258 1160 3513 1225 πλοῦτος,
3548 1155 3836 1226 ὑπεδείχθη

2264 1277 2354 1330 μοι
2387 1260 2578 1330 πρώην
2610 1256 2763 1328 παρὰ
2793 1256 2956 1310 Θεοῦ·
2996 1254 3080 1317 τίς
3106 1254 3163 1306 δέ
3187 1251 3375 1305 λοιπὸν
3424 1253 3459 1320 ἡ
3500 1251 3707 1317 σπουδὴ
3744 1248 3839 1315 τῆς

2260 1351 2470 1403 ἐκείνου
2496 1347 2869 1418 πολυτεκνίας,
2914 1346 2981 1399 δι’
3009 1340 3077 1417 ἧς
3101 1347 3212 1407 τοῖς
3237 1342 3441 1415 ἀρετῆς
3470 1342 3732 1410 ἐρασταῖς
3746 1357 3841 1392 πο-

2260 1440 2460 1511 λέμους
2482 1438 2852 1513 άναῤῥιπίζει.
2872 1438 2979 1490 Καὶ
3008 1438 3037 1489 δ
3064 1435 3341 1503 Ἰωάννης·
3374 1435 3434 1486 '0
3462 1431 3690 1502 Κύριος,
3714 1430 3839 1500 ἔφη,

2259 1534 2472 1599 τέκνον,
2504 1530 2767 1596 {falsi-cal
2791 1547 2850 1583 σε
2876 1518 2979 1597 τῆξ
3003 1527 3215 1582 ἐκείνου
3250 1525 3633 1596 κακοτεχνίας.
3677 1522 3841 1576 Ύπο-

2260 1625 2440 1679 λασὼν
2477 1624 2533 1678 δέ
2563 1624 2591 1677 δ
2619 1620 2862 1693 Συμεὼν,
2880 1611 3311 1689 Ἐπικατάρατός
3346 1633 3405 1670 τε
3440 1616 3533 1669 καὶ
3566 1616 3845 1685 ἄπρακτος

2263 1717 2435 1781 ἔσται,
2464 1715 2619 1787 φησι,
2662 1713 2772 1766 τῶν
2803 1714 3013 1767 ἐκείνου
3059 1708 3402 1777 δυνάμεωνή
3443 1702 3688 1776 φροντὶς,
3727 1702 3844 1773 μεθ’

3319 1797 3345 1820 ρ

2197 1787 2237 1840 Β
2265 1803 2339 1864 ὧν
2367 1807 2464 1870 τὰς
2494 1805 2736 1876 πονηρὰς
2777 1803 3170 1867 συσκευάζεται
3200 1797 3446 1869 πράξεις.
3493 1795 3635 1850 Ἰδὼν
3667 1794 3847 1847 τοίνυν

2266 1904 2296 1956 ὁ
2329 1903 2581 1970 Ἰωάννης
2604 1901 2749 1962 ὅπως
2775 1900 2834 1950 ἐν
2863 1895 3076 1957 οὐδενὸς
3109 1893 3266 1964 μέρει
3285 1890 3381 1955 τὰς
3414 1887 3711 1950 ἐπιϐουλάς
3739 1887 3848 1939 ἐτίο

2270 1993 2393 2047 Θετο
2430 1993 2522 2045 τοῦ
2550 1990 2765 2062 ἐχθροῦ.
2805 1988 3061 2059 καθάπερ
3097 1982 3358 2038 αὐτοῦτὸ
3381 1982 3638 2051 φρόνημα
3674 1995 3845 2032 κατα-

2272 2085 2527 2147 στέλλων,
2560 2084 2646 2135 ἵνα
2679 2082 2752 2152 μὴ
2786 2080 2945 2151 λάϐῃ,
2973 2082 3040 2149 τῇ
3068 2077 3259 2130 τούτου
3287 2075 3433 2144 ψυχῇ
3460 2072 3650 2141 τύφου,
3675 2070 3847 2125 ἐντεῦ-

2261 2174 2353 2228 Θεν
2400 2175 2428 2226 ὁ
2466 2174 2652 2235 σκαιὸς
2710 2161 3038 2242 ἐμποιήσας
3099 2168 3192 2239 Μὴ
3232 2167 3394 2232 οὕτω,
3439 2166 3656 2229 τέκνον.
3729 2162 3845 2231 ἔχε,

2262 2263 2417 2334 φησὶ,
2454 2262 2573 2333 μηδ’
2602 2260 2774 2322 οὓτως
2804 2258 3037 2329 ἀσθενὴς
3069 2258 3098 2311 δ
3128 2256 3387 2325 πολέμιος
3411 2253 3713 2323 λογιζέσθω
3742 2268 3845 2315 σοι,

2265 2353 2401 2408 ἀλλὰ
2432 2353 2655 2421 σιδηρᾶς
2687 2350 2886 2420 μᾶλλον
2925 2348 3094 2411 ὁπλάς
3129 2345 3538 2415 ὑποδεδεμένος,
3567 2339 3744 2414 ταύτῃ
3786 2356 3848 2392 τε

2265 2445 2355 2498 διά
2386 2445 2584 2508 παντὸς
2616 2446 2725 2507 τοῖς
2762 2443 3016 2513 μοναχοῖς
3046 2436 3374 2508 ἐφεδρεύων,
3405 2433 3566 2487 καὶεῐ
3586 2450 3691 2484 που
3725 2449 3850 2484 και-

2272 2536 2365 2609 ροῦ
2405 2537 2645 2597 λάόοιτο,
2682 2537 2868 2606 βιαίως
2904 2532 3311 2602 ἐπιτιθέμενος·
3348 2527 3484 2582 ἀλλὰ
3527 2524 3850 2593 ὲπικὶητὲον

2268 2632 2401 2699 ἡμῖν
2446 2630 2613 2699 φάναι
2657 2628 2745 2681 τὸν
2800 2624 3172 2695 Ἐμμανουήλ,
3226 2622 3322 2675 καὶ
3360 2619 3523 2681 αὐτὸς
3566 2618 3720 2671 ἔσται
3764 2616 3849 2668 διὰ

2270 2728 2469 2788 παντὸς
2510 2725 2629 2795 μεθ’
2665 2724 2841 2794 ήμῶν,
2875 2722 2969 2774 καὶ
3003 2718 3167 2782 αὐτὸς
3197 2716 3359 2771 αὑτοῦ
3405 2717 3473 2785 τῇ
3505 2713 3609 2783 τῆς
3641 2710 3850 2774 οἰκείας

2271 2821 2571 2891 παρουσίας
2587 2816 2889 2887 ἐπιφανείᾳ
2913 2814 3252 2884 καταργήσει
3282 2809 3381 2870 τάς
3407 2806 3711 2875 ἐνεργείας.

1095 2931 1108 2967 :
1156 2914 1271 2984 ipse
1318 2923 1584 2986 perpetuo
1611 2914 1899 2970 nobiscum
1932 2912 2152 2969 futurus
2191 2923 2307 2980 est;
2341 2915 2459 2984 ipse
2493 2910 2783 2982 praesentia
2813 2923 2911 2962 sua
2935 2922 3155 2961 omnem
3214 2901 3426 2959 inimici
3463 2899 3572 2953 vim
3638 2897 3850 2953 irritam

660 3094 909 3150 24.11am
964 3096 1263 3167 malignum
1310 3096 1563 3166 spiritum
1601 3096 1668 3151 ad
1724 3103 1929 3150 tantam
1977 3105 2168 3151 contra

2349 3092 2445 3143 κδ’.
2482 3089 2663 3142 Ταῦτα
2685 3088 2822 3157 πρὸς
2847 3081 3180 3153 τηλικαύτην
3210 3075 3351 3131 κατὰ
3376 3074 3471 3128 τοῦ
3506 3073 3732 3144 Συμεὼν
3762 3078 3856 3129 ὲκ-

592 3188 918 3258 Symeonem
950 3185 1253 3256 adegerunt
1292 3186 1521 3251 rabiem,
1552 3196 1611 3241 ut
1649 3196 1873 3255 repente
1905 3201 2169 3256 superve-

593 3277 773 3340 niens,
803 3278 1031 3331 crebros
1066 3278 1351 3346 strepitus,
1380 3293 1547 3346 super
1577 3277 1773 3346 pellem
1809 3294 1915 3346 qua
1949 3277 2168 3347 tegeba-

594 3377 707 3432 tur,
745 3368 1088 3423 borribiliter
1134 3369 1471 3433 insonantes,
1519 3368 1724 3432 cieret;
1768 3369 1963 3422 subtus
1988 3376 2170 3422 autem

594 3458 894 3521 daemonas,
928 3459 1097 3513 veluti
1132 3475 1338 3529 angues
1384 3461 1701 3529 subiiceret,
1754 3469 1862 3513 tam
1907 3458 2172 3514 formido-

596 3550 711 3604 losa
766 3551 915 3604 illico
944 3551 1104 3605 sibila
1131 3552 1470 3617 emittentes,
1506 3559 1669 3619 atque
1716 3551 1853 3605 adeo
1878 3552 2177 3607 vehemen-

598 3649 712 3695 tem
770 3640 1107 3697 incutientcs
1157 3634 1451 3705 terrorem,
1497 3651 1556 3695 ut
1604 3641 1833 3696 auribus
1879 3640 2023 3696 ferre
2066 3658 2175 3696 non

599 3733 938 3788 sustinerent
986 3734 1284 3798 monachi;
1337 3733 1471 3803 quin
1516 3733 1704 3798 etiam,
1762 3747 1887 3787 cum
1928 3733 2176 3795 detracta

599 3824 1028 3893 circumquaque
1050 3825 1215 3893 pelle,
1248 3824 1384 3879 nihil
1412 3824 1640 3878 omnino
1662 3824 1782 3878 visu
1804 3824 2175 3895 perciperent,

602 3914 1017 3984 inexpugnabili
1050 3915 1234 3970 crucis
1263 3915 1420 3985 signo
1450 3924 1640 3971 contra
1679 3916 1987 3971 istiusmodi
2022 3917 2179 3972 terri-

599 4005 909 4060 culamenta
955 4022 1076 4061 sese
1123 4008 1456 4072 munientes,
1512 4008 1855 4071 recederent,
1905 4007 2026 4062 Non
2086 4006 2179 4068 hic

600 4096 755 4150 stetit
816 4095 1062 4151 vafrities
1107 4113 1343 4167 nequam
1400 4097 1577 4152 hostis
1638 4117 1650 4152 :
1708 4097 2034 4167 pratludium
2085 4097 2175 4151 illa

2278 3184 2460 3255 μαίνει
2509 3180 2712 3234 λύσσαν
2767 3178 2858 3232 τὸν
2906 3172 3140 3244 πονηρὸν
3180 3169 3255 3232 ὼς
3293 3166 3489 3241 ἀθρόον
3534 3165 3851 3228 ἐπιστάντα,

2276 3277 2470 3342 φόνους
2492 3289 2549 3324 τε
2584 3271 2812 3339 συχνοὺς
2851 3266 3056 3320 ἄνωθεν
3086 3262 3188 3329 τῆς
3215 3258 3526 3327 σκεπούσης
3548 3256 3711 3309 αὑτὸν
3744 3272 3853 3325 μη-

2274 3366 2450 3435 λωτῆς
2508 3362 2735 3432 φοϐερὸν
2786 3358 3051 3429 ηχοῦντας
3100 3352 3405 3422 ἐπινοῆσαι,
3461 3347 3555 3401 καὶ
3610 3344 3857 3399 κάτωθεν

2274 3455 2532 3524 δαίμονας
2554 3453 2628 3513 ὡς
2654 3452 2807 3520 ὄφεις
2835 3446 3151 3509 ύποὸαλεῖν,
3182 3443 3353 3497 δεινόν
3370 3458 3420 3494 τι
3444 3439 3638 3509 κομιδῇ
3674 3438 3858 3509 συρίτ-

2274 3563 2465 3610 τοντας
2493 3546 2587 3599 καὶ
2608 3543 2813 3613 σφόδρα
2839 3538 3264 3609 δεδιττομένους,
3299 3534 3373 3596 ὼς
3408 3531 3541 3602 μηδὲ
3562 3530 3662 3599 τὴν
3687 3529 3858 3594 ἀκοὴν

2277 3638 2421 3700 οἵους
2446 3652 2508 3688 τε
2532 3630 2667 3687 εἶναι
2700 3634 2909 3700 στέγειν
2927 3631 3051 3692 τοὺς
3086 3626 3375 3697 μοναχοὺς,
3402 3622 3535 3676 ἀλλὰ
3563 3624 3659 3675 καὶ
3687 3622 3859 3691 αὐτὴν

2278 3727 2450 3797 δήπου
2483 3722 2833 3794 περιελόντας
2859 3720 2958 3790 τὴν
2995 3716 3273 3787 μηλωτὴν,
3304 3714 3429 3767 ἐπεὶ
3463 3712 3633 3785 μηδὲν
3663 3711 3860 3779 αἰσθη-

2278 3818 2387 3881 τῶς
2416 3818 2548 3887 ὀρᾷν
2579 3809 2745 3883 εἶχον,
2783 3811 2861 3882 τῷ
2892 3811 3091 3882 ἀμάχῳ
3129 3807 3219 3862 τοῦ
3252 3805 3489 3876 σταυροῦ
3528 3804 3689 3874 τύπῳ
3720 3806 3862 3855 κατὰ

2279 3908 2386 3962 τῶν
2441 3907 2711 3976 δειμάτων
2762 3902 2988 3954 ἐκείνων
3059 3896 3493 3970 σημειουμὲνους
3529 3894 3859 3962 ἀναχωρεῖν.

2281 3994 2375 4063 υἷς
2404 3999 2503 4051 οὐκ
2526 3993 2593 4067 ἦν
2618 3993 2902 4066 ἀρκεῖσθαι
2967 3993 3150 4063 μόνοις
3182 3989 3275 4042 τὸν
3312 3986 3571 4057 πονηρὸν,
3605 3986 3741 4038 ἀλλὰ
3767 3986 3863 4037 καὶ

2280 4090 2484 4161 πλῆθος
2538 4086 2781 4158 ἑρπετῶν
2845 4083 2988 4138 κατά
3014 4080 3107 4135 τοῦ
3139 4078 3365 4152 Συμεὼν
3396 4075 3551 4140 αὖθις
3594 4076 3861 4129 ἐπισυνά-

601 4196 781 4240 erant.
809 4187 1110 4257 Serpentes
1152 4188 1357 4259 ingenti
1385 4204 1621 4244 numero
1649 4189 1915 4243 adversus
1953 4187 2168 4259 Symeo-

2280 4198 2387 4251 γει,
2428 4178 2522 4233 καὶ
2572 4175 2891 4246 νυκτερινὰς
2943 4174 3150 4225 ἐπινοεῖ
3201 4168 3504 4235 πολυειδεῖς
3537 4168 3860 4235 φαντασίας,

602 4294 729 4334 nem
759 4290 979 4334 coactos
1007 4280 1059 4333 in
1090 4280 1260 4334 aciem
1300 4281 1511 4343 educit,
1547 4288 1927 4349 nocturnaque
1962 4290 2180 4350 spectra

603 4371 925 4424 multimoda
946 4372 1129 4439 specie
1151 4371 1614 4432 comminiscitur,
1634 4371 1837 4439 quibus
1860 4372 2037 4440 ipsum
2061 4387 2180 4441 per-

2282 4274 2374 4327 καὶ
2407 4271 2596 4341 χρόνον
2642 4269 2733 4320 ἐπὶ
2777 4263 2987 4336 μακρὸν
3045 4262 3397 4331 ἐκταράττειν
3447 4257 3637 4328 ὥσπερ
3674 4256 3865 4309 αὑτὸν

2282 4364 2545 4433 οίὸμενος,
2586 4361 2674 4413 ἵνα
2707 4358 2843 4427 πρὸς
2874 4356 3001 4418 τοὺς
3036 4354 3335 4423 ὑπερφυεῖς
3366 4349 3611 4410 ἐκείνους
3649 4349 3861 4416 ἀπαγο-

603 4468 836 4524 terrere,
856 4470 1018 4529 atque
1046 4460 1115 4515 ab
1144 4460 1364 4515 eximiis
1393 4460 1503 4513 illis
1536 4459 1786 4513 asceticu:
1836 4458 1961 4513 vitae
1994 4460 2168 4528 operi-

2287 4422 2460 4527 ρεύσῃ
2806 4446 3021 4509 πόνους.
3068 4422 3217 4497 Ἡδὲ
3248 4441 3469 4513 γενναία
3498 4438 3587 4493 διὰ
3627 4438 3865 4509 Χριστὸν

603 4552 708 4611 bus
727 4553 1039 4607 absterrere
1060 4553 1156 4608 diu
1178 4563 1426 4607 conatur.
1451 4552 1520 4606 At
1540 4565 1804 4621 generosa
1842 4551 1931 4605 illa
1956 4560 2179 4620 propter

600 4645 882 4701 Christum
928 4645 1131 4711 anima,
1179 4644 1330 4698 hisce
1379 4642 1688 4697 terroribus
1718 4658 1826 4695 non
1875 4641 2038 4696 modo
2069 4658 2178 4697 non

603 4739 827 4803 cedens,
849 4738 945 4792 sed
976 4750 1169 4792 contra
1195 4737 1391 4807 majori
1418 4738 1583 4793 etiam
1608 4735 1986 4801 contentione,
2014 4750 2179 4804 quam

603 4839 762 4884 antea
784 4830 1000 4884 enitens
1024 4830 1090 4883 ad
1121 4830 1404 4895 virtutem,
1442 4838 1499 4882 et
1538 4828 1741 4898 quibus
1772 4826 2027 4882 terrenda
2071 4842 2177 4896 pu-

606 4916 825 4969 tabatur
853 4916 961 4968 illis
994 4916 1127 4984 ipsis
1172 4914 1429 4970 ﬁduciam
1466 4916 1763 4985 adaugens,
1799 4927 1992 4969 vocem
2022 4924 2182 4970 extu-

603 5005 669 5059 lit
711 5007 1020 5075 eeciuitquc
1050 5023 1063 5059 :
1101 5005 1428 5060 Altissimum
1458 5007 1607 5075 posui
1636 5006 1894 5076 refugium
1933 5021 2104 5059 meum
2126 5006 2177 5071 ις

604 5107 895 5167 propterea
924 5114 1033 5151 non
1069 5099 1275 5152 timebo
1299 5115 1330 5151 a
1369 5100 1556 5151 timore
1600 5108 1878 5161 nocturno,
1910 5115 1941 5150 a
1980 5097 2180 5167 sagitta

605 5190 813 5244 volante
852 5206 946 5259 per
982 5191 1152 5252 diem,
1178 5207 1209 5243 a
1245 5190 1449 5258 negotio
1487 5187 1891 5258 perambulante
1938 5190 1993 5241 in
2039 5200 2181 5242 tene-

607 5282 733 5342 bris,
763 5299 791 5333 a
824 5283 976 5333 ruina
1007 5291 1055 5333 ct
1083 5282 1340 5334 darmonio
1377 5281 1671 5333 meridiano
1707 5280 1749 5332 ⁸.

672 5371 759 5426 25.
789 5370 1153 5440 Conspicatus
1184 5371 1356 5441 igitur
1402 5371 1581 5425 malus
1615 5370 1829 5424 daemon
1874 5371 1929 5424 in
1975 5385 2180 5424 vanum

604 5480 661 5517 se
686 5463 961 5527 laborare,
996 5471 1126 5516 tunc
1153 5463 1373 5531 quidem
1415 5460 1727 5515 istiusmodi
1765 5460 2184 5531 machinamen-

607 5556 679 5610 tis
721 5555 1007 5612 abstinuit.
1053 5554 1262 5609 Deinde
1294 5569 1421 5609 vero
1468 5568 1657 5609 mense
1688 5552 1928 5623 Apelaeo,
1958 5551 2052 5623 qui
2080 5565 2184 5605 no-

677 5736 697 5763 ⁵
727 5734 869 5789 Psal.
906 5749 990 5799 xc,
1037 5735 1093 5789 9.
1173 5734 1191 5764 '
1243 5732 1377 5787 ibid.
1412 5733 1463 5799 5,
1496 5732 1549 5786 6.

2286 4546 2468 4615 ἐκείνη
2493 4541 2659 4612 ψυχὴ,
2685 4538 2784 4609 οὐχ
2804 4538 2953 4600 ὅπως
2973 4535 3183 4598 τούτοις
3205 4533 3356 4587 οὐδὲν
3386 4530 3683 4593 ἐνδιδοῦσα,
3710 4530 3864 4581 105v-

2286 4634 2468 4691 αντίον
2529 4633 2626 4703 μὲν
2677 4625 2770 4684 οὖν
2826 4628 2920 4681 καὶ
2973 4625 3386 4697 φιλονεικοτὲρα
3454 4623 3589 4695 πρὸς
3661 4621 3865 4691 ἀρετὴν

2285 4728 2484 4797 ἑαυτῆς
2514 4726 2798 4795 γινομένη,
2838 4722 3024 4775 ἐκεῖνα
3055 4718 3255 4789 μᾶλλον
3277 4716 3462 4770 αὐτῶν
3487 4714 3868 4783 τεθαῤῥηκυῖα

2284 4822 2349 4890 τῇ
2382 4822 2531 4889 φωνῇ
2564 4815 2832 4885 κατεπῇδε
2851 4829 2866 4845 ι
2902 4813 3013 4866 Τὸν
3044 4811 3350 4878 ’Υψιστον
3373 4807 3869 4876 ἐθέμηνκαταέρυ-

2276 4910 2393 4980 γῆν
2410 4926 2551 4978 μου,
2591 4906 2680 4960 διὰ
2700 4908 2857 4959 τοῦτο
2879 4904 2940 4957 οὐ
2976 4901 3362 4973 φοϐηθήσομαι
3391 4898 3509 4952 ἀπὸ
3543 4897 3734 4964 φόϐου
3760 4910 3868 4945 rv-

2276 4999 2568 5069 κτερινοῦ,
2590 4998 2711 5054 ἀπὸ
2723 4997 2952 5062 βέλους
2965 4992 3297 5061 πετομένου
3314 4991 3556 5059 ἡμέρας,
3573 4988 3693 5043 ἀπὸ
3714 4985 3867 5053 πρά-

2276 5108 2490 5162 γματος
2526 5092 2597 5144 ἐν
2630 5089 2836 5144 σκότει
2866 5083 3399 5153 διαπορευομένου,
3436 5081 3552 5135 ἀπὸ
3584 5078 3863 5149 συμπτώ-

2272 5198 2457 5251 ματος
2485 5179 2583 5235 xui
2613 5179 2922 5249 δαιμονίου
2944 5173 3384 5248 μεσημϐρινοῦ.

2354 5356 2451 5413 κε’.
2506 5355 2676 5418 Εἰδὼς
2728 5355 2907 5407 τοίνυν
2955 5352 3197 5421 ἀνήνυτα
3239 5350 3471 5420 κάμνων
3530 5352 3558 5404 ὁ
3613 5353 3871 5423 πονηρὸς,

2282 5450 2587 5525 τηνικαῦτα
2620 5450 2717 5521 μὲν
2750 5451 2943 5511 αὑταῖς
2994 5447 3068 5511 ὼς
3120 5443 3266 5516 εἶχεν
3308 5444 3523 5517 ἀπέστη
3556 5444 3870 5516 δυνάμεσιν.

2295 5542 2617 5600 ’Δπελλαίου
2650 5542 2706 5596 δὲ
2727 5538 2895 5612 μηνὸς
2915 5536 3234 5609 ὖστερον,δς
3257 5533 3392 5588 Δεκέ
3402 5534 3597 5607 μδριος
3622 5534 3873 5608 ἡμετέρᾳ
