4110 6332
287 431 428 495 3009

1311 414 1489 474 VITA
1526 413 1572 471 A
1608 397 2049 470 NICEPHORO
2083 394 2400 458 CONSCR]
2416 392 2570 454 ΡΤᾹο

3418 378 3561 446 3010

288 542 555 612 διαλέκτῳ
585 539 828 593 καλεῖται
859 580 873 602 ,
918 536 1091 597 πάσας
1130 531 1204 596 ὡς
1235 528 1412 583 ἐδόκει
1444 521 1625 585 καλῶς
1654 519 1754 612 τάς
1786 516 1920 577 ὑπ’έ

2019 526 2091 571 Lra
2136 514 2326 584 lingua
2376 508 2682 567 December
2721 512 3099 575 nuncupatur,
3159 497 3419 559 omnibus
3477 503 3575 563 (ut-

290 634 457 687 αὑτὸν
486 611 776 701 φάλαγγας
810 624 1136 698 ἐξαρτύσας,
1161 617 1393 689 δευτέρᾳ
1421 615 1635 684 φυλακῇ
1666 611 1769 680 τῆς
1796 626 1881 663 νυ⁶

290 727 419 787 κτδς
453 721 838 795 ἐπιστρατεύει
869 719 948 789 τῷ
971 716 1219 788 Συμεὼν,
1254 714 1350 769 καὶ
1375 710 1469 763 τὸν
1502 704 1884 776 γεγλυμμένον

291 790 710 888 αύτίκοιμόδ-ιον
736 814 875 883 ἄρας
900 812 1039 879 αὐτῇ
1076 807 1302 879 μελωπῇ
1336 845 1350 868 ,
1375 802 1567 871 ἀφίησι
1607 796 1752 850 κατά
1784 790 1883 888 τοῦ

293 884 569 979 κρημνοῦ.
620 904 782 969 Δεξιά
826 903 883 955 δὲ
929 900 1139 971 Κυρίου
1171 897 1332 959 εὐθὺς
1367 894 1454 948 ἐπ’
1484 892 1676 953 αὐτὸν,
1732 884 1885 950 δεξιὰ

293 1006 505 1075 Κυρίου
542 1000 775 1056 ποιοῦσα
806 998 1065 1066 δύναμιν·
1099 996 1193 1047 καὶ
1217 995 1246 1046 6
1280 992 1376 1061 μὲν
1403 987 1638 1048 άκλινῶς
1663 984 1755 1036 ἐπὶ
1788 982 1889 1049 τῆς

296 1096 511 1167 βάσεως
555 1092 729 1154 ἑστὼς
760 1090 854 1143 καὶ
892 1088 1334 1159 προσευχόμενος
1363 1078 1430 1144 ἦν
1452 1097 1463 1109 ⁸
1494 1081 1523 1132 6
1558 1078 1615 1153 δὲ
1646 1076 1889 1167 ὄμϐρους

297 1165 411 1241 άπὸ
443 1188 541 1256 τῆς
586 1184 865 1252 θαλάσσης
907 1181 1004 1235 καὶ
1050 1178 1310 1247 ἀνέμους,
1360 1174 1454 1227 καὶ
1494 1171 1746 1240 τυφῶνας
1794 1165 1892 1219 καὶ

296 1279 646 1349 πρηστῆρας,
702 1275 798 1329 καὶ
842 1270 1165 1337 καταιγίδας
1224 1264 1434 1324 ἐκίνει,
1489 1259 1769 1331 ἀστραπαί
1831 1275 1891 1321 τε

299 1372 559 1441 διάπυροι
610 1368 705 1422 καὶ
734 1365 1054 1438 φλογώδεις,
1106 1363 1204 1416 καὶ
1255 1358 1477 1431 βρονταὶ
1532 1356 1746 1426 βαρεῖαι
1795 1352 1891 1406 καὶ

300 1456 538 1535 σκληραὶ
579 1462 1007 1532 ὲξερρήγνυντο,
1034 1456 1109 1517 ὡς
1144 1454 1218 1523 μὴ
1251 1454 1351 1514 τὰς
1376 1446 1555 1535 ψυχὰς
1601 1446 1762 1535 μόνον
1796 1445 1891 1497 ὲκ-

303 1533 645 1625 τεὶαράχθαι
675 1550 803 1613 τοῦς
838 1546 1106 1619 μοναχοὺς
1141 1542 1277 1597 ἀλλά
1306 1542 1400 1594 καὶ
1430 1538 1497 1591 τὰ
1522 1533 1639 1625 ὦτα
1666 1533 1893 1595 τούτους

298 1623 801 1712 ἐκκεκωφωμένοις
850 1636 1259 1710 προσεοικέναι.
1308 1633 1364 1685 ὐ
1412 1630 1511 1700 μὲν
1545 1623 1637 1682 οὖν
1666 1623 1894 1696 Συμεὼν

297 1734 601 1804 ἀκλόνητός
620 1750 679 1785 τε
706 1733 799 1785 καὶ
824 1726 1250 1799 ἁπερῐτρεπτος,
1276 1723 1338 1775 ού
1369 1720 1531 1789 σῶμα
1557 1716 1739 1789 μόνον,
1759 1712 1897 1769 ἀλλὰ

298 1829 401 1882 καὶ
426 1827 549 1882 νοῦν
580 1826 719 1897 πρὸς
743 1821 1081 1895 τηλικαύτας
1116 1819 1303 1872 ἵστατο
1331 1813 1474 1884 βίας.

381 1995 494 2053 κς⁹.
529 1989 588 2042 Ὀ
616 1987 672 2042 δὲ
718 1987 862 2052 θεῖος
900 1986 1161 2057 Ἰωάννης
1197 1986 1459 2040 ὲκόπτετο
1505 1984 1574 2039 τά
1608 1984 1894 2054 σπλάγχνα

308 2081 441 2148 περὶ
481 2078 667 2144 αὑτοῦ,
692 2078 925 2132 άστακτὶ
972 2077 1229 2149 δακρύων
1252 2118 1266 2144 ,
1297 2076 1394 2130 καὶ
1446 2078 1573 2140 τοὺς
1625 2078 1896 2146 μοναχοῦς

314 2167 549 2223 καθ’ἒνα
568 2185 625 2222 τε
652 2165 746 2221 καὶ
761 2172 910 2241 κοινῇ
934 2168 1242 2237 συγκαλῶν.
1281 2170 1344 2223 Οἱ
1384 2154 1442 2223 δὲ
1480 2169 1557 2237 τῷ
1598 2169 1897 2239 παραλόγῳ

310 2264 413 2328 τῆς
445 2259 561 2327 βίας
597 2258 1066 2328 καταπλαγέντες,
1102 2260 1223 2313 οὐδὲ
1257 2259 1665 2329 ἀποκρίνασθαι
1696 2256 1799 2313 οἷοί
1839 2277 1899 2312 τε

310 2346 488 2420 ἦσαν’
527 2350 640 2404 ἀλλ’
670 2351 702 2420 ἢ
742 2351 843 2420 μὲν
864 2351 1216 2405 ἀποθανεῖται
1250 2350 1367 2414 νῦν,
1396 2350 1602 2417 ἔλεγον,
1644 2350 1780 2419 πρὸς
1812 2350 1901 2406 ἀλ-

315 2443 535 2508 λήλους,
556 2446 582 2496 6
607 2440 854 2511 Συμεών.
880 2439 1013 2496 Εἶτα
1038 2444 1131 2497 καὶ
1156 2443 1223 2497 τά
1250 2445 1314 2496 ἐκ
1335 2442 1429 2496 τοῦ
1466 2442 1704 2513 πονηροῦ
1739 2460 1905 2513 προσ-

317 2533 585 2586 ετίεσαν.
624 2532 734 2586 Ποῦ
760 2537 1043 2605 ,φησὶν,ή
1089 2535 1230 2605 ὑπὲρ
1282 2533 1570 2605 ἄνθρωπον
1614 2534 1781 2587 αὐτοῦ
1818 2551 1908 2587 πο-

317 2622 495 2676 λιτεία
529 2639 544 2686 ;
576 2624 679 2676 ποῦ
746 2625 780 2693 ἡ
835 2625 933 2695 τῆς
998 2626 1288 2695 ἀσκήσεως
1350 2624 1544 2695 gavia;
1584 2625 1748 2696 ποῦή
1798 2625 1908 2677 τῶν

320 2715 620 2786 θαυμάτων
645 2716 910 2781 ἐπίδειξις
948 2734 962 2780 ;
1003 2717 1165 2780 αὐτὸς
1216 2718 1554 2787 παραστήτω
1586 2715 1682 2769 νῦν
1733 2715 1910 2786 ἑαυτῷ

326 2804 543 2875 βοηθδς,
571 2806 733 2868 αὐτὸς
765 2804 858 2857 τὸν
897 2805 1037 2876 ὑπὲρ
1068 2805 1312 2875 κεφαλῆς
1338 2806 1610 2877 διαδράτω
1641 2806 1909 2863 κίνδυνον.

325 2896 438 2950 Τοῦ
475 2898 519 2951 δ’
544 2894 638 2951 οῦν
674 2898 925 2951 Ἰωάννου
952 2897 1026 2968 μὴ
1055 2898 1327 2962 ἀνιέντος,
1354 2898 1487 2951 ἀλλὰ
1532 2899 1911 2970 συντινωτέρᾳ

330 2986 534 3055 μᾶλλον
550 2987 629 3040 ἔτι
649 2986 744 3041 καὶ
768 2985 1215 3058 περιπαθεστέρᾳ.
1236 2989 1302 3058 τῇ
1322 2989 1473 3057 φωνῇ
1494 2986 1795 3057 χρωμένου,
1821 2984 1909 3039 Mt

328 3076 393 3131 δὲ
422 3078 520 3149 μία
549 3095 631 3132 σοι
660 3078 728 3132 δι’
755 3079 853 3149 ἐμὲ
883 3076 1051 3147 λύπη,
1082 3078 1286 3149 Πάτερ,
1321 3078 1454 3149 μηδὲ
1480 3078 1721 3149 φροντὶς,
1745 3078 1772 3130 6
1800 3076 1909 3129 Συ-

1921 1855 1965 1912 Β

1971 611 2193 682 quidem
2228 604 2543 673 videbatur)
2572 599 2940 672 phalangibus
2972 594 3287 655 instructis,
3320 594 3563 649 secunda

1972 703 2154 758 noctis
2183 699 2392 771 vigilia,
2422 695 2673 751 adoritur
2721 692 3091 762 Symeonem;
3138 686 3434 771 subitoque
3466 700 3565 738 cx-

1973 803 2226 850 cavatum
2285 788 2553 853 modium,
2605 799 2731 844 cum
2789 782 2906 851 ipsa
2953 778 3095 849 pelle
3140 764 3448 845 arreptum,
3506 777 3565 829 in

1975 900 2219 957 praeceps
2249 881 2361 936 dat.
2402 880 2637 935 Dextera
2665 883 2853 929 autem
2904 870 3123 926 Domini
3157 869 3425 922 continuo
3462 867 3570 921 fuit

1977 992 2143 1046 super
2169 976 2371 1045 ipsum,
2400 972 2628 1026 dextera
2652 964 2869 1021 Domini
2903 962 3111 1016 faciens
3136 960 3428 1017 virtutem;
3452 958 3573 1026 ipse

1978 1068 2253 1138 siquidem
2284 1066 2545 1120 immotus
2574 1061 2755 1115 stabat
2784 1072 2949 1126 Supra
2983 1054 3323 1116 columnam,
3347 1051 3573 1104 orabat-

1980 1175 2125 1230 que;
2176 1158 2390 1211 dzemon
2424 1168 2557 1208 vero
2604 1167 2633 1204 a
2690 1146 2829 1203 mari
2896 1145 3127 1207 imbres,
3181 1149 3399 1205 ventos,
3448 1156 3575 1209 pro-

1982 1250 2168 1313 cellas,
2198 1247 2450 1302 turbines
2475 1244 2665 1313 igneos
2690 1254 2753 1294 ac
2772 1244 3131 1311 tempestates
3157 1232 3359 1293 ciebat,
3392 1230 3578 1284 fulmi-

1983 1356 2165 1411 naque
2213 1338 2551 1393 inflammata
2585 1343 2641 1389 et
2691 1332 2860 1402 ignita
2888 1347 2901 1381 :
2942 1338 2996 1383 et
3029 1328 3272 1382 tonitrua
3305 1334 3414 1379 tam
3444 1325 3577 1377 hor-

1985 1433 2158 1491 renda
2209 1440 2375 1500 atque
2430 1428 2646 1497 fragosa
2692 1421 3084 1492 erumpebant,
3142 1426 3203 1472 ut
3248 1432 3361 1471 non
3415 1413 3581 1468 modo

1988 1528 2119 1584 totis
2136 1525 2371 1581 artubus
2388 1519 2885 1577 contremiseerent
2905 1512 3183 1575 monachi,
3205 1526 3393 1564 verum
3412 1508 3581 1563 etiam

1988 1619 2285 1676 surdorum
2321 1615 2494 1669 instar
2520 1610 2658 1665 nihil
2690 1607 2922 1663 auribus
2964 1602 3458 1674 persentiscercnt.
3492 1598 3583 1650 ln-

1990 1721 2145 1768 terea
2169 1709 2427 1781 Symeon,
2462 1706 2823 1759 inconcussus
2848 1714 2911 1753 ac
2942 1693 3299 1753 circumverti
3336 1691 3584 1755 nescius,

1992 1820 2104 1859 non
2132 1816 2368 1872 corpore
2402 1806 2635 1861 tantum,
2663 1793 2760 1849 sed
2780 1792 2867 1847 vel
2893 1788 3132 1844 maxime
3158 1787 3363 1849 animo,
3396 1782 3590 1837 adver-

1996 1910 2091 1952 sus
2121 1894 2245 1949 illos
2272 1894 2513 1962 impetus
2542 1888 2746 1944 stabat.

2069 1987 2161 2041 26.
2203 1975 2437 2039 Divinus
2463 1981 2688 2037 interim
2736 1978 2982 2035 Joannes
3035 1970 3398 2030 cruciabatur
3459 1968 3591 2022 inti-

1998 2080 2105 2134 mis
2134 2077 2445 2132 visceribus
2475 2071 2768 2146 Symeonis
2835 2082 3030 2130 causa,
3081 2064 3335 2118 ubertim
3396 2061 3588 2130 lacry-

2000 2184 2182 2234 mans,
2216 2167 2636 2235 monachosque
2667 2163 2723 2216 in
2756 2176 2929 2215 unum
2992 2156 3219 2227 publice
3272 2161 3541 2209 convocat
3575 2169 3589 2204 :

2003 2262 2429 2333 quiinopinata:
2487 2254 2841 2327 tempestatis
2897 2250 3166 2305 violentia
3221 2245 3592 2306 consternati,

2004 2354 2145 2408 nihil
2170 2353 2303 2407 dare
2333 2348 2584 2419 responsi
2607 2354 2866 2418 poterant
2889 2342 3139 2398 universi
3165 2358 3178 2405 ;
3216 2339 3312 2394 sed
3347 2339 3492 2393 inter
3513 2351 3595 2402 se,

2007 2446 2129 2502 Jam
2162 2444 2304 2499 forte
2333 2442 2574 2515 Symeon
2619 2448 2798 2495 morte
2850 2434 3198 2497 occubuerit,
3243 2429 3597 2501 inquiebant.

2009 2536 2219 2592 Deinde
2243 2536 2416 2590 etiam
2448 2532 2701 2603 quaedam
2728 2546 2758 2585 e
2793 2528 3037 2599 pessimo
3093 2523 3345 2595 profecta
3399 2520 3601 2590 spiritu

2011 2628 2366 2699 adjiciebant,
2403 2626 2655 2681 dicentes
2685 2641 2698 2677 :
2729 2622 2833 2679 Ubi
2856 2636 3007 2676 nunc
3028 2618 3385 2674 conversatio
3447 2614 3604 2669 illius

2013 2720 2260 2775 humana
2312 2715 2649 2773 sublimior?
2686 2715 2779 2769 ubi
2824 2714 2963 2769 illud
3018 2712 3275 2766 insanum
3326 2707 3604 2763 exercita-

2014 2812 2185 2867 tionis
2210 2810 2425 2881 genus?
2457 2809 2554 2863 ubi
2586 2807 2892 2863 ostentatio
2910 2804 3297 2876 prodigiorum
3322 2802 3373 2865 ?_
3400 2799 3606 2865 Opitu-

2015 2904 2165 2960 letur
2194 2917 2344 2957 nunc
2376 2903 2485 2957 sibi
2534 2903 2673 2972 ipse,
2706 2911 2763 2956 et
2818 2900 3132 2971 periculum
3193 2913 3224 2951 a
3288 2895 3470 2965 capite
3506 2908 3609 2948 suo

2018 2995 2334 3052 amohatur.
2366 2994 2519 3048 inter
2542 2993 2662 3048 hac
2704 2993 2916 3048 Joanne
2977 2990 3193 3044 nullum
3230 2986 3456 3042 dolendi
3489 3000 3613 3040 uto-

2022 3086 2156 3141 dum
2190 3086 2453 3150 faciente,
2476 3083 2575 3140 sed
2604 3083 2781 3155 magis
2806 3081 2978 3137 etiam
3008 3081 3226 3134 intonsa
3270 3094 3336 3133 ac
3387 3075 3613 3147 lugubri

336 3168 483 3239 μεὼν
526 3168 881 3240 ἀποκρίνεται
917 3185 934 3199 ’
965 3170 991 3221 6
1024 3168 1125 3239 μὲν
1168 3168 1278 3237 γὰρ
1332 3167 1524 3239 ἐχθρὸς
1573 3168 1919 3238 κατήργηται

2025 3195 2162 3236 voce
2195 3188 2564 3251 personante,
2617 3190 2944 3247 reSponsum
2987 3173 3279 3245 Symeonis
3336 3170 3614 3225 auditur:

332 3261 437 3332 ἤδη
467 3261 562 3313 καὶ
590 3259 1021 3329 καταϐέϐληται·
1053 3261 1177 3331 ἐμοὶ
1222 3266 1277 3323 δὲ
1341 3260 1581 3331 ἒρῤωται
1608 3262 1676 3330 τῇ
1711 3257 1920 3313 ἀνωθεν

335 3352 522 3422 χάριτι
580 3351 780 3417 πάντα,
822 3354 917 3405 καὶ
940 3350 1201 3419 ἀσφαλῶς
1254 3350 1325 3402 τὰ
1360 3353 1461 3421 τῆς
1492 3351 1733 3414 στάσεως
1781 3350 1916 3421 ἔχει.

340 3444 495 3513 Ἅμα
548 3444 605 3498 δὲ
652 3444 838 3516 ἡμέρᾳ
878 3445 1089 3498 συνίασι
1114 3445 1206 3496 καὶ
1228 3443 1278 3495 οἱ
1306 3444 1557 3515 μοναχοὶ.
1591 3444 1921 3497 καταλαϐεῖν

339 3535 503 3588 αὐτὸν
550 3536 653 3607 ήῖη
701 3537 979 3590 τεθνεῶτα
1025 3535 1341 3606 νομίζοντες
1368 3555 1383 3569 ·
1414 3535 1551 3589 ἀλλά
1610 3535 1921 3608 κρεῖττον-η

338 3626 486 3679 κατά
542 3626 872 3697 προσδοκίαν
916 3626 1135 3697 ἀπήντα
1184 3627 1246 3680 τὸ
1286 3627 1564 3680 ὲλπισθέν.
1594 3627 1703 3681 Καὶ
1732 3629 1759 3680 6
1802 3628 1922 3698 μὲν,

346 3716 530 3789 ψυχὴν
584 3718 701 3789 ἅμα
737 3718 832 3772 καὶ
862 3718 983 3788 ὄψιν
1010 3718 1331 3788 ήγαλλιᾶτο,
1374 3718 1449 3782 ὡς
1489 3717 1578 3771 διά
1625 3718 1718 3771 τοῦ
1756 3734 1928 3788 προσ-

342 3809 497 3873 ὡπου
523 3809 622 3881 τὴν
654 3811 799 3864 ἔνδον
829 3811 1162 3883 φαιδρότητα
1194 3810 1662 3885 παραδείκνυσθαι
1693 3827 1708 3842 ’
1749 3812 1799 3864 οἱ
1850 3811 1929 3878 δὲ,

345 3902 500 3972 παρά
549 3902 640 3956 τοῦ
694 3903 838 3957 θείου
877 3900 1127 3957 Ἰωάννου
1172 3904 1241 3957 τά
1296 3902 1482 3957 εἰκότα
1525 3900 1930 3973 ὀνειδιζόμενοι,

346 3993 681 4066 ἀνεχώρουν.

2028 3269 2179 3326 Nihil
2238 3269 2338 3322 tibi
2392 3282 2514 3322 mea
2546 3281 2736 3329 causa,
2795 3265 2870 3319 mi
2913 3264 3096 3327 Pater,
3156 3261 3305 3332 quod
3343 3258 3618 3315 crucieril

2029 3370 2126 3415 aut
2186 3360 2420 3415 doleas:
2476 3360 2531 3413 in
2582 3372 2788 3413 vanum
2847 3354 3098 3411 recidere
3161 3353 3617 3408 machinamenta

2030 3451 2209 3506 hostis
2250 3450 2492 3520 turpiter
2524 3449 2789 3521 prostrati
2816 3465 2830 3513 ;
2862 3463 2950 3502 me
2982 3454 3166 3501 autem
3208 3445 3255 3497 si
3315 3454 3533 3512 spectes
3561 3450 3619 3495 et

2032 3544 2347 3598 columnam
2382 3544 2526 3611 (quae
2551 3555 2812 3610 superum
2840 3537 3014 3609 gratia
3045 3535 3174 3603 est),
3209 3534 3358 3588 salva
3410 3529 3620 3584 omnia.

2036 3634 2213 3691 Simul
2248 3642 2415 3703 atque
2441 3632 2645 3695 illuxit,
2684 3630 3123 3701 progrediuntur
3180 3640 3287 3679 una
3340 3621 3622 3703 monachi.

2036 3727 2242 3797 ipsum,
2278 3733 2339 3779 ut
2401 3724 2695 3795 putabant,
2744 3723 2860 3789 jam
2924 3730 3205 3774 mortuum
3259 3712 3624 3784 suscepturi:

2037 3832 2231 3871 verum
2263 3816 2551 3878 euntibus,
2584 3813 2779 3868 melior
2803 3811 3067 3882 Opinione
3097 3824 3197 3863 sua
3227 3821 3377 3877 spes,
3428 3819 3629 3859 occur-

2041 3908 2115 3964 rit
2140 3908 2257 3979 ipse
2290 3907 2549 3976 Symeon,
2581 3916 2639 3961 et
2671 3906 2859 3959 animo
2889 3912 2945 3958 et
2976 3903 3133 3957 vultu
3191 3899 3399 3969 pariter
3436 3895 3629 3950 exsul-

2044 4010 2212 4068 tans;
2252 3999 2503 4055 externis
2533 4000 2719 4052 vultus
2750 3996 2895 4051 notis
2921 3995 3206 4049 internum
3268 3988 3438 4044 animi
3490 4000 3628 4056 gau-

346 4087 505 4142 dium
538 4104 651 4143 non
678 4089 919 4144 obscure
956 4089 1311 4147 testantibus.
1337 4087 1591 4145 Monachi
1635 4104 1828 4160 porro,
1866 4097 1927 4144 ut
1967 4092 2154 4147 meriti
2221 4100 2401 4159 erant,
2431 4106 2461 4146 a
2495 4089 2685 4145 divino
2706 4089 2928 4163 Joanne
2980 4084 3265 4155 increpiti,
3292 4080 3359 4135 ad
3391 4095 3448 4133 se
3478 4076 3633 4135 auis-

348 4197 459 4252 que
493 4181 937 4237 revertebantur.

1813 4292 2044 4350 CAPUT
2090 4293 2177 4349 IV.

1346 4413 1661 4469 Exhortatio
1687 4412 1883 4484 duplex
1908 4412 2202 4486 Symeonis,
2241 4422 2289 4465 et
2332 4412 2657 4478 pmnitentia.

429 4524 535 4587 κζ’.
580 4522 829 4592 Ὀμιλξας
848 4522 905 4576 δέ
928 4517 1057 4577 ποτε
1091 4524 1224 4592 πρὸς
1249 4524 1445 4587 αὐτοὺς
1467 4527 1495 4579 6
1534 4524 1762 4595 Συμεὼν
1804 4523 1916 4593 ἀψά

2019 4553 2021 4564 ι
2118 4523 2208 4578 27.
2229 4522 2368 4578 Cum
2392 4522 2679 4578 incidisset
2734 4519 3035 4591 aliquando
3079 4520 3320 4593 Symeon
3348 4518 3403 4573 in
3462 4518 3638 4574 collo-

360 4631 545 4687 μενος,
577 4614 805 4669 τοιαῦτα
850 4617 1170 4688 παραδόξως
1225 4618 1410 4681 αὐτοῖς
1461 4616 1755 4685 διελέγετο,
1804 4617 1838 4688 ἢ
1877 4618 1943 4686 τῇ

356 4705 457 4759 τοῦ
494 4706 653 4775 ἁγίου
690 4708 1012 4777 Πνεύματος
1049 4708 1279 4777 δυνάμει
1313 4707 1516 4777 μᾶλλον
1546 4706 1884 4777 ιφθέγγετο,
1920 4706 1950 4759 δ

361 4800 454 4854 καὶ
498 4797 586 4853 διὰ
616 4796 819 4863 παντὸς
853 4797 1254 4869 ιμφιλοχωρεῐν
1289 4793 1437 4869 εἶχεν
1477 4796 1627 4868 αὐτῷ
1652 4798 1748 4851 καὶ
1772 4797 1949 4867 ἡδέως

370 4886 861 4940 ἑπαναπαύεσθαιο
888 4888 1087 4955 Ἔλεγε
1123 4887 1326 4951 τοίνυν,
1373 4887 1497 4942 Ὅτι
1547 4886 1964 4957 δημιουργήσας

365 4976 427 5026 ὲν
455 4977 595 5044 ἀρχῇ
622 4976 713 5027 τὸν
745 4975 1075 5046 ἄνθρωπονό
1092 4975 1245 5039 Θεὸς,
1272 4974 1399 5028 νοῦν
1430 4975 1489 5027 ὲν
1521 4974 1670 5043 αὐτῷ
1697 4974 1965 5042 κατέστη-

365 5083 461 5118 σεν
484 5066 753 5137 ἡγεμόνα,
768 5066 1108 5136 δοκιμαστὴν
1130 5065 1323 5135 ὥσπερ
1343 5066 1437 5119 καὶ
1456 5066 1720 5137 δικαστὴν
1738 5065 1850 5118 τῶν
1872 5066 1966 5135 ὲγο

364 5158 675 5229 γινομένων
708 5160 841 5229 ἡμῖν
888 5158 1168 5230 λογισμῶν
1214 5157 1437 5227 ἀγαθῶν
1477 5175 1535 5210 τε
1577 5158 1673 5212 καὶ
1715 5157 1960 5226 φαύλων,

365 5251 508 5304 ὥστε
545 5249 721 5315 οὐδεὶς
750 5250 977 5320 ἄγνοιαν
1010 5251 1155 5321 ἔχειν
1177 5250 1269 5304 τοῦ
1292 5249 1459 5304 καλοῦ
1481 5267 1541 5304 τε
1568 5251 1662 5303 καὶ
1685 5250 1762 5321 μὴ
1783 5250 1962 5305 τοιού-

364 5358 462 5393 του
487 5339 668 5409 λέγειν
690 5340 1004 5411 δυνήσεται.
1030 5341 1093 5395 Et
1115 5341 1295 5394 τοίνυν
1324 5340 1381 5393 αἱ
1402 5340 1514 5393 τῶν
1540 5328 1958 5410 ἡδονῶνέπιθυ-

368 5430 492 5501 μιαι
532 5431 933 5500 περιγένωνται
974 5431 1153 5503 ἡμῶν,
1175 5433 1267 5485 καὶ
1300 5432 1391 5487 ὑπ’
1422 5432 1605 5485 αὐτῶν
1630 5431 1966 5501 αἰχμαλωτι-

367 5524 608 5594 σθῶμεν,
639 5528 735 5578 καὶ
767 5524 842 5596 μὴ
880 5524 1086 5596 μᾶλλον
1113 5525 1381 5593 γενναίως
1398 5522 1801 5593 ἀγωνισώμεθα
1825 5522 1964 5596 πρὸς

367 5617 561 5680 αὑτάς,
585 5618 723 5688 μηδὲ
744 5617 974 5689 δυνάμει
998 5620 1063 5691 τῇ
1090 5620 1240 5690 πάσῃ
1265 5618 1484 5689 στῶμεν
1507 5617 1644 5689 πρὸς
1663 5617 1761 5679 τὰς
1778 5616 1963 5671 αὐτῶν

370 5710 679 5782 προσϐολὰς
702 5753 717 5779 ,
759 5711 994 5781 ψεῦσται
1034 5712 1253 5776 πάντως
1292 5712 1391 5782 τῆς
1431 5711 1641 5765 ἑαυτῶν
1670 5710 1965 5779 ὁμολογίας

368 5803 668 5876 γινόμεθα,
699 5805 767 5876 ῆν
796 5804 875 5876 τῷ
916 5804 1140 5877 Χριστῷ
1185 5805 1273 5861 διά
1319 5804 1415 5859 τοῦ
1455 5804 1833 5876 βαπτίσματος
1868 5806 1963 5859 καὶ

2047 4612 2240 4683 quium
2269 4626 2395 4666 cum
2435 4611 2745 4676 monachis,
2765 4610 2893 4664 talia
2925 4616 3129 4679 prreter
3162 4608 3633 4678 exspectationem

2051 4704 2465 4769 disseruit,aut
2493 4703 2681 4774 potius
2734 4703 2944 4756 virtute
2993 4700 3174 4755 sancti
3235 4699 3502 4770 Spiritus,
3540 4702 3636 4770 qui

2051 4804 2387 4867 perpetuam
2438 4797 2493 4850 in
2547 4795 2667 4865 ipso
2692 4793 2798 4848 sibi
2861 4802 3185 4864 gratamque
3229 4791 3637 4848 habitationem

2052 4889 2297 4960 elegerat
2329 4888 2684 4957 suaviterque
2749 4884 3162 4956 requiescebat,
3219 4886 3475 4940 elocutus
3501 4892 3588 4939 est
3623 4902 3638 4951 ;

2052 4979 2359 5035 videlicet:
2386 4978 2568 5047 Quod,
2605 4994 2731 5033 cum
2760 4978 2903 5032 Deus
2936 4978 2991 5031 in
3060 4976 3340 5046 principio
3374 4960 3642 5031 conderet

2055 5068 2365 5135 hominem,
2431 5078 2674 5125 mentem
2706 5068 2759 5124 ei
2795 5068 3017 5133 ducem,
3053 5067 3351 5133 arbitrum,
3382 5082 3445 5122 ac
3487 5068 3643 5123 velut

2052 5158 2299 5231 judieem
2318 5160 2718 5232 cogitationum
2749 5159 3021 5214 bonarum
3053 5160 3433 5229 malarumque
3502 5158 3646 5213 indi-

2057 5250 2223 5315 derit,
2262 5258 2322 5305 ut
2356 5267 2425 5331 ne
2456 5252 2584 5321 quis
2610 5252 2983 5322 ignorantiam
3008 5250 3237 5305 virtutis
3258 5251 3645 5321 vitiorumque

2057 5348 2246 5410 posset
2280 5340 2647 5411 praetendere.
2686 5339 2741 5395 Si
2770 5355 2893 5410 qum
2937 5339 3107 5411 igitur
3162 5353 3332 5409 prava
3389 5337 3646 5407 volupta-

2062 5438 2177 5485 tum
2202 5431 2482 5486 desideria
2506 5446 2612 5486 nos
2660 5431 2948 5497 invadant,
3005 5430 3184 5500 iisque
3236 5427 3648 5500 quodammodo

2061 5523 2265 5596 captivi
2304 5530 2613 5590 teneamur,
2662 5534 2719 5578 et
2771 5538 2903 5585 non,
2947 5522 3188 5577 viriliter
3220 5519 3421 5592 pedem
3456 5519 3649 5575 confe-

2062 5630 2272 5682 ramus,
2297 5632 2399 5672 nec
2420 5624 2536 5673 tota
2557 5617 2764 5671 virtute
2786 5615 3175 5671 invadentium
3200 5614 3443 5669 insultus
3467 5611 3649 5681 repri-

2063 5724 2280 5765 mamus
2306 5725 2321 5773 ;
2356 5707 2522 5763 fallax
2552 5716 2719 5779 atque
2757 5708 2997 5763 mendax
3020 5716 3106 5763 est
3139 5705 3414 5778 professio
3438 5710 3649 5769 nostra,

2065 5817 2232 5875 quam
2262 5800 2487 5859 Christo
2522 5810 2637 5858 tum
2672 5818 2774 5873 per
2802 5802 3165 5875 baptismum,
3219 5808 3337 5856 tum
3396 5813 3495 5871 per
3522 5811 3653 5852 sus-
