4078 6332
587 405 721 474 3011

1771 404 1829 463 S.
1869 401 2244 463 SYMEONIS
2278 397 2629 462 JUNlORIS

3681 394 3817 458 301?.

587 519 894 589 ceptionem
926 514 1215 571 monastici
1249 516 1417 585 hujus
1440 513 1664 568 habitus
1710 527 1893 567 coram
1952 512 2146 567 electis

2259 508 2344 561 τοῦ
2381 504 2667 575 μοναδικοῦ
2700 503 2852 557 τοῦδε
2906 504 3205 573 σχήματος,
3232 502 3463 556 ἐνώπιον
3493 503 3602 556 tibi:
3629 504 3821 556 ἔκὶεκι-

588 610 685 664 Dei
706 608 914 676 angelis
937 607 1193 662 fecimus.
1226 607 1427 660 Fateor
1478 603 1700 673 quidem
1736 620 1767 657 a
1818 616 2017 656 natura
2066 602 2150 655 in-

587 700 827 770 genitam
879 699 1041 751 nobis
1093 698 1597 766 concupiscentiam
1653 711 1810 750 esse:
1845 696 1971 763 quis
2003 694 2147 748 enim

588 803 788 859 negare
828 797 997 841 aueat
1052 803 1111 841 se
1158 787 1596 855 concupiscere?
1644 788 1738 840 sed
1800 800 1827 837 a
1888 782 2151 852 concupio

587 879 814 934 scentiis
841 894 946 932 oon
973 878 1245 946 superari,
1307 877 1360 930 id
1414 876 1644 931 rationis
1705 874 2153 944 prtcdominantis

590 984 729 1039 opus
774 979 880 1032 est,
944 978 1299 1037 nostramque
1371 968 1677 1021 in.malum
1725 966 2149 1036 propensionem

588 1060 737 1113 velut
787 1058 943 1112 freno
972 1058 1427 1129 constringentis.
1487 1058 1752 1110 Similiter
1782 1065 1837 1108 et
1862 1056 2064 1125 gulam,
2097 1062 2153 1107 et

588 1165 832 1205 amorem
860 1151 1164 1219 proprium,
1235 1162 1290 1205 et
1339 1150 1699 1212 iracundiam,
1754 1159 1809 1202 et
1860 1147 2148 1208 invidiam,

588 1249 645 1295 et
673 1242 717 1295 si
757 1256 879 1311 quae
914 1241 1015 1295 alia
1057 1240 1393 1312 perturbatio
1416 1240 1580 1294 animi
1606 1248 1709 1304 est,
1736 1252 1860 1293 cum
1900 1237 2151 1305 opposita

550 1330 555 1335 ’
590 1344 865 1399 quamque
898 1332 1103 1381 virtute
1158 1342 1513 1397 comparare,
1545 1336 1601 1380 et
1629 1326 1703 1379 ab
1729 1340 1792 1379 ea
1839 1324 2151 1378 discernere

586 1421 797 1491 judicio
817 1420 1064 1473 valemus
1092 1435 1106 1483 ;
1139 1420 1327 1487 sicque
1354 1434 1418 1471 ex
1442 1418 1613 1473 altera
1636 1425 1793 1486 parte
1815 1414 1962 1485 quod
1983 1414 2153 1483 magis

592 1500 716 1568 cum
750 1512 1021 1580 probitate
1068 1510 1423 1579 conjunctum
1466 1516 1573 1572 est,
1619 1510 1859 1577 eligere;
1912 1505 2060 1575 quod
2085 1504 2153 1558 ab

589 1619 656 1659 ea
682 1604 941 1664 alienum,
974 1600 1287 1669 reprobare.
1318 1600 1530 1654 Etenim
1563 1600 1827 1653 Dominus
1867 1598 2012 1652 Deus
2050 1612 2153 1650 no-

592 1702 706 1747 ster
734 1692 870 1746 duas
900 1692 1061 1745 nobis
1092 1691 1315 1745 semitas
1344 1689 1603 1753 ostendit,
1619 1690 1843 1742 alteram
1866 1698 2151 1756 angustam

589 1792 648 1839 et
680 1784 854 1853 spinis
889 1797 1266 1836 aerumnarum
1324 1781 1582 1845 obsitam,
1637 1795 1758 1848 quae
1804 1795 1903 1848 per
1933 1795 1991 1832 se
2034 1794 2155 1849 gra-

556 1864 829 1927 ‘dientes‘
856 1872 1009 1925 ducit
1059 1871 1125 1925 ad
1163 1872 1373 1925 vitam:
1403 1871 1630 1925 alteram
1680 1886 1813 1925 vero
1869 1880 2151 1938 patentem

589 1964 913 2031 laxamque,
957 1964 1114 2033 cujus
1140 1964 1405 2016 terminus
1446 1962 1767 2016 barathrum
1805 1962 2152 2030 perditionis.

566 2054 785 2123 igitur,
813 2053 1032 2115 fratres,
1070 2052 1227 2107 nobis
1259 2052 1367 2120 ipsi
1399 2052 1510 2106 vim
1566 2050 1891 2115 inferamus,
1953 2059 2014 2105 ut
2064 2066 2155 2105 ra-

591 2146 808 2215 piamus
858 2143 1004 2212 quod
1064 2142 1175 2196 vim
1230 2146 1440 2212 patitur
1483 2154 1711 2210 regnum
1760 2140 1879 2205 Dei,
1934 2143 2158 2211 quilnos

589 2249 783 2288 omnes
822 2241 1256 2287 conservaturus
1305 2242 1390 2285 est
1446 2230 1516 2284 ad
1567 2229 1797 2295 gloriam
1852 2230 2155 2299 majestatis

589 2341 721 2379 suae.
757 2326 951 2377 Amen.

596 2414 597 2417 “
658 2414 747 2469 28.
784 2415 977 2468 lsthaac
1012 2413 1235 2482 quidem
1269 2412 1734 2467 commemorabat
1772 2412 2033 2483 Symeon.
2086 2416 2157 2467 At

587 2500 825 2556 Joannes
857 2516 964 2553 non
991 2500 1277 2571 Symeonis
1306 2501 1418 2565 illa,
1459 2502 1553 2555 sed
1581 2502 1911 2555 sanctissimi
1938 2504 2156 2557 arcani-

588 2607 696 2662 que
734 2592 990 2661 Spiritus.
1026 2607 1187 2661 quem
1211 2600 1267 2646 et
1300 2593 1472 2662 ipsius
1504 2609 1598 2647 ore
1618 2594 1905 2662 perspicue
1929 2594 2158 2663 loquen-

591 2688 699 2733 tem
746 2678 980 2741 viderat,
1004 2692 1125 2732 esse
1147 2678 1311 2731 verba
1330 2678 1697 2733 asseverabat.
1718 2679 1978 2747 Ephraim
2002 2694 2152 2744 vero,

588 2769 685 2837 qui
715 2782 813 2837 per
843 2767 895 2819 id
929 2767 1188 2835 temporis
1229 2782 1437 2837 magna:
1474 2769 1595 2824 urbi
1625 2769 1930 2823 Antiochiae
1971 2771 2159 2839 prtesi-

588 2855 757 2911 debat
794 2856 1264 2925 archiepiscopus,
1291 2856 1358 2909 de
1391 2868 1704 2910 sanctorum
1736 2857 1951 2911 illorum
1978 2858 2157 2913 standi

588 2944 1009 3008 consuetudine,
1027 2928 1082 2997 et
1097 2946 1371 3012 pra-cipue
1395 2944 1701 3014 Symeonis,
1722 2946 1898 3015 deque
1940 2956 2157 3001 austero

588 3035 755 3105 hujus
808 3035 1202 3103 laboriosoque
1250 3035 1544 3090 admodum
1604 3036 1727 3091 vitae
1785 3037 2056 3101 instituto,
2102 3047 2159 3093 et

588 3127 1013 3180 conversatione
1053 3126 1275 3181 sublimi
1306 3144 1370 3181 ac
1396 3136 1663 3197 perpetuo
1696 3144 1823 3183 cum
1860 3128 2156 3183 certamine

588 3219 881 3287 conjuncta
918 3219 1120 3273 certior
1147 3219 1343 3283 factus,
1378 3220 1492 3289 ipse
1547 3220 1647 3274 via:
1675 3234 1730 3274 se
1766 3220 1936 3283 dedit,
1972 3236 2155 3274 coram

588 3316 865 3375 spectator
930 3308 1169 3363 futurus.
1260 3307 1509 3378 Cumque
1581 3310 1811 3363 vidisset
1882 3311 2158 3378 quomodo

587 3399 810 3455 Christo
837 3401 1135 3454 crucifixus
1160 3399 1390 3470 Symeon
1426 3400 1478 3453 in
1515 3400 1608 3454 illo
1630 3398 1806 3454 aetatis
1835 3398 1964 3453 flore
1991 3408 2156 3463 esset;

590 3491 781 3544 oculos
812 3491 1026 3544 illorum
1064 3505 1184 3559 quae
1215 3492 1369 3560 prius
1394 3491 1645 3544 audierat
1674 3506 1819 3545 nunc
1854 3499 2020 3544 testes
2065 3506 2161 3544 na-

590 3589 732 3645 ctus,
772 3580 941 3634 Deum
974 3582 1135 3650 pleno
1178 3596 1274 3635 ore
1311 3580 1713 3652 magnificabat,
1764 3581 2158 3635 confitebatur-

588 3685 697 3740 que
747 3686 854 3724 non
901 3672 1097 3735 minus,
1134 3672 1392 3741 lacrymis
1439 3688 1601 3741 quam
1655 3671 1838 3726 verbis
1880 3689 1892 3724 :
1931 3689 2158 3743 quasque

589 3761 848 3830 prmsenti
882 3760 1150 3814 miraculo
1176 3760 1417 3823 fuerant,
1450 3761 1517 3813 ad
1561 3776 1656 3813 sua
1690 3762 1986 3815 revertenti
2016 3748 2159 3817 nun.-

590 3865 753 3921 quam
793 3865 903 3903 non
949 3849 1003 3902 in
1054 3866 1152 3904 ore
1190 3848 1573 3905 versabantur.

656 3941 746 3995 29.
787 3941 926 4005 Quid
973 3956 1140 4008 porro
1171 3941 1449 4011 Symeon?
1488 3942 1957 4008 Quemadmodum
2006 3959 2159 4000 amo-

593 4029 670 4084 ris
694 4030 779 4082 sui
806 4030 860 4083 in
879 4028 1161 4083 Christum
1192 4030 1391 4100 ignem,
1425 4032 1534 4085 alio
1560 4047 1777 4101 semper
1798 4034 2014 4103 alioque
2040 4035 2161 4102 igne

572 4120 825 4190 adjecto,
856 4122 1026 4189 magis
1058 4124 1394 4178 succendere
1423 4123 1676 4192 cupidus,
1721 4124 1873 4195 nulla
1909 4124 2163 4194 gravissi-

592 4224 808 4264 morum
863 4212 1208 4265 cruciatuum
1232 4214 1487 4267 satietate
1518 4214 1859 4283 capiebatur,
1886 4216 2027 4284 petit
2064 4215 2162 4269 ali-

591 4300 813 4369 quando
841 4300 909 4354 ab
957 4302 1152 4369 aliquo
1188 4319 1246 4357 se
1295 4304 1566 4357 invisente
1611 4305 1817 4368 funem,
1852 4314 2164 4374 acceptum-

591 4406 699 4460 que
730 4391 936 4444 cireum
984 4407 1183 4460 corpus
1233 4395 1510 4447 convolvit
1568 4394 2006 4463 constringitque
2052 4402 2160 4447 tam

2250 599 2358 649 τῶν
2389 597 2675 665 ἀγγέλων,
2705 594 3157 665 ὡμολογήσαμεν.
3204 595 3367 647 Φύσει
3419 595 3521 663 μὲν
3563 596 3672 664 γὰρ
3723 594 3813 646 τοῦ

2252 688 2647 759 ἐπιθυμητικοῦ
2688 687 2978 757 προσόντος
3017 689 3168 756 ἡμῖν,
3195 684 3370 748 οὐδεὶς
3396 686 3685 755 ἐπιθυμεῖν
3730 688 3816 750 ἁρ-

2253 781 2520 852 νήσασθαι
2565 781 2827 834 δύναται·
2855 779 2914 830 τὸ
2954 778 3027 831 δὲ·
3060 776 3137 847 μὴ
3189 777 3297 830 τῶν
3334 775 3642 844 ἐπιθυμιῶν
3669 777 3819 843 ἡττᾶ-

2256 878 2401 934 σθαι,
2435 875 2527 927 τοῦ
2564 872 2986 949 ἐπικρατοῦντος
3024 872 3141 923 ἑστι
3170 870 3455 939 λογισμοῦ,
3494 870 3593 937 τὴν
3620 868 3812 936 ἡμετέ-

2255 986 2354 1039 ραν
2395 967 2483 1019 ἐπὶ
2524 966 2591 1018 τά
2632 967 2797 1034 χείρω
2834 962 3004 1033 ῥοπὴν
3038 958 3817 1029 ἀνείργοντος.[1αραπλησίως

2252 1059 2306 1110 δὲ
2336 1059 2427 1108 καὶ
2461 1055 2923 1125 γαστριμαργίαν,
2943 1053 3035 1105 καὶ
3059 1050 3343 1119 φιλαυτίαν
3367 1051 3457 1101 καὶ
3506 1049 3697 1116 θυμὸν,
3726 1049 3815 1100 καὶ

2255 1151 2469 1218 φθόνον,
2498 1149 2590 1199 καὶ
2617 1147 2669 1196 cf
2697 1164 2746 1197 τι
2774 1146 2900 1196 ἄλλο
2934 1145 3109 1213 ψυχῆς
3151 1145 3341 1204 πάθος,
3378 1142 3452 1212 τῷ
3486 1142 3637 1208 αὐτῷ
3671 1142 3813 1206 λογι·

2257 1238 2378 1308 σμῷ
2411 1238 2544 1305 πρὸς
2575 1236 2671 1305 τὴν
2702 1235 3083 1303 ἀντικειμένην
3121 1234 3348 1285 ἕκαστον
3394 1233 3594 1301 ἀρετὴν
3646 1248 3817 1300 παρα-

2255 1330 2462 1381 τιθέναι
2488 1329 2581 1379 καὶ
2613 1326 2817 1393 κρίνειν
2841 1323 3145 1392 δυνάμεθα,
3177 1324 3273 1375 καὶ
3300 1322 3474 1385 οὕτως
3509 1324 3573 1375 ὲκ
3606 1323 3814 1391 παραλ-

2255 1420 2419 1489 λήλου
2450 1420 2510 1471 τὸ
2553 1417 2757 1487 βέλτιον
2805 1414 3095 1483 αἱρεῖσθαι,
3131 1413 3191 1465 τὸ
3221 1413 3423 1480 φαῦλον
3465 1413 3817 1481 διακρουόμε-

2254 1530 2357 1565 νοι.
2395 1511 2549 1563 Ἐπεὶ
2584 1510 2678 1563 καὶ
2714 1511 2742 1560 ὀ
2769 1508 2971 1575 Κύριος
3012 1506 3167 1575 ἡμῶν
3208 1508 3301 1557 καὶ
3331 1504 3461 1567 Θεὸς
3481 1504 3574 1556 δύο
3602 1504 3817 1573 τρίϐους

2254 1603 2386 1670 ἡμῖν
2414 1600 2780 1659 ὑποδείκνυσι,
2809 1600 2908 1667 τὴν
2946 1597 3043 1665 μὲν
3076 1596 3282 1664 στενὴν
3306 1596 3399 1647 καὶ
3428 1594 3816 1663 τεθλιμμένην,

2256 1692 2377 1760 ἥτις
2411 1689 2610 1756 ἀπάγει
2642 1689 2775 1756 πρὸς
2824 1686 2924 1755 τὴν
2971 1685 3115 1753 ζωὴν
3144 1685 3266 1746 τοὺς
3309 1684 3376 1736 δι’
3407 1682 3578 1750 αὐτῆς
3617 1681 3818 1734 ὁδεῦον.

2255 1798 2373 1844 τας,
2406 1782 2505 1849 τὴν
2534 1780 2590 1832 δὲ
2622 1780 2887 1832 πλατεῖαν
2916 1778 3011 1830 καὶ
3041 1777 3247 1838 ἄνετον,
3278 1776 3400 1844 ἥτις
3427 1776 3513 1827 ἐπ’
3542 1774 3673 1826 αὐτὸ
3722 1772 3818 1840 φέ-

2260 1890 2341 1943 ρει
2365 1872 2463 1939 τῆς
2487 1869 2759 1929 ἀπωλείας
2779 1867 2837 1920 τὸ
2865 1867 3154 1936 βάραθρον.
3184 1858 3510 1931 Βιασῶμεθα
3534 1860 3820 1932 τοιγαροῦν

2258 1966 2504 2027 ἑαυτοὺς,
2537 1962 2776 2031 ἀδελφοὶ,
2812 1960 2899 2013 ἶνα
2927 1960 3019 2013 καὶ
3064 1957 3163 2026 τὴν
3221 1956 3448 2027 βιαστὴν
3481 1955 3819 2025 ἁρπάσωμεν

2256 2055 2349 2109 τοῦ
2390 2053 2526 2107 Θεοῦ
2584 2053 2880 2122 βασιλείαν,
2926 2052 2985 2113 ὃς
3039 2049 3261 2118 φυλάξει
3310 2049 3517 2109 πάντας
3557 2046 3701 2115 ἡμᾶς
3743 2043 3821 2104 τίς

2257 2145 2414 2210 δόξαν
2454 2145 2550 2213 τῆς
2582 2130 2757 2197 αὗτοῦ
2779 2140 3188 2212 μεγαλωσύνης.
3237 2139 3428 2209 ’Δμήν,

2328 2416 2434 2479 κη’.
2476 2408 2534 2461 '0
2568 2407 2662 2476 μὲν
2691 2404 2786 2459 οῦν
2836 2405 3059 2475 Συμεὼν
3092 2403 3264 2458 ταῦτα
3322 2402 3455 2473 πρὸς
3500 2402 3699 2465 αὐτοὺς
3747 2401 3824 2454 διε

2258 2498 2434 2569 εξῄει·
2472 2498 2502 2549 ὁ
2545 2496 2601 2549 δὲ
2642 2492 2890 2564 Ἰωάννης
2918 2496 3018 2546 οὐκ
3041 2492 3249 2545 ἐκείνου
3295 2491 3365 2543 τά
3392 2489 3609 2559 ῥήματα
3640 2490 3822 2556 ἔλεγεν

2258 2583 2417 2649 εἶναι,
2441 2584 2577 2638 ἀλλὰ
2602 2584 2695 2636 τοῦ
2724 2582 2987 2649 παναγίω
3011 2583 3103 2634 καὶ
3122 2580 3237 2633 τελε
3247 2578 3463 2633 ιωτικοῦ
3487 2578 3628 2631 Πνεύ
3637 2595 3822 2647 ματος,

2257 2678 2292 2731 ἃ
2330 2678 2425 2729 καὶ
2460 2677 2529 2729 δι’
2558 2673 2723 2727 αὐτοῦ
2768 2672 2955 2740 σαφῶς
2992 2672 3109 2742 ⁴ᾔδει
3143 2670 3527 2743 φθεγγόμενον.
3582 2669 3824 2736 Ἐφραὶμ

2256 2771 2332 2834 δὲ,
2385 2769 2413 2820 ὁ
2457 2769 2577 2820 κατ’
2619 2767 2792 2818 ἐκεῖνο
2830 2763 3023 2834 καιροῦ
3057 2764 3156 2831 τῆς
3180 2762 3591 2831 μεγαλοπόλεως
3628 2763 3827 2815 Ἀντιο-

2260 2862 2412 2930 χείας
2443 2857 2869 2928 ἀρχιεπίσκοπος
2891 2891 2907 2918 ,
2942 2857 3068 2925 περὶ
3096 2854 3197 2923 τῆς
3232 2854 3475 2916 στάσεως
3516 2852 3627 2904 τῶν
3665 2854 3828 2905 ὁσίων

2258 2954 2460 3007 τούτων
2488 2949 2825 3017 πειθόμενος,
2862 2946 2958 2999 καὶ
2992 2944 3226 3014 μάλιστα
3248 2944 3342 2997 τοῦ
3374 2944 3618 3013 Συμεὼν,
3648 2944 3745 3013 τῆς
3768 2960 3826 2995 τε

2261 3042 2515 3115 τραχείας
2542 3040 2708 3094 αὑτοῦ
2736 3040 2826 3092 καὶ
2853 3037 2973 3090 λίαν
3000 3036 3258 3090 ἐπιπόνου
3285 3035 3584 3104 διαγωγῆς,
3611 3034 3829 3101 καὶτῆς

2232 3132 2641 3207 ,ἀπαραμίλλου
2691 3130 2787 3182 καὶ
2842 3128 3155 3198 ὑπερφυοῦς
3200 3126 3496 3193 πολιτείας,
3528 3134 3669 3186 κατὰ
3699 3126 3828 3179 θέαν

2257 3225 2458 3277 τούτων
2497 3221 2686 3285 ἐλθὼν,
2718 3222 2863 3284 ὅπως
2891 3213 2963 3273 Ἴτε
3002 3220 3079 3289 τῷ
3104 3218 3324 3288 Χριστῷ
3354 3217 3669 3286 ὲσταῦρωτο
3698 3215 3829 3287 παρ’

2260 3315 2475 3385 ἡλικίαν
2501 3314 2623 3367 ίδὼν
2647 3354 2661 3379 ,
2695 3314 2790 3365 καὶ
2821 3312 2970 3381 θψεις
2999 3311 3106 3363 τῶν
3140 3311 3513 3363 ἀκουσθέντων
3548 3310 3829 3381 μάρτυρας

2260 3410 2507 3478 θέμενος,
2540 3407 2670 3460 Θεὸν
2696 3404 2763 3477 ἦν
2790 3405 2897 3474 ὅλῳ
2930 3404 3158 3472 στοματι
3186 3402 3521 3471 μεγαλύνων,
3553 3401 3648 3454 καὶ
3664 3402 3831 3471 ,αὐτῷ

2258 3501 2518 3571 δάκρυσιν
2540 3499 2639 3568 οὐχ
2658 3494 2818 3567 ἦττον
2841 3496 2872 3566 ἢ
2896 3498 3133 3567 ῥήμασιν
3159 3493 3667 3564 ἐξομολογούμενος.
3688 3492 3831 3563 άπερ

2256 3589 2325 3662 ἦν
2356 3592 2503 3658 αὐτῷ
2532 3590 2625 3641 καὶ
2654 3588 2879 3657 παρόντι
2905 3585 3110 3656 θαῦμα,
3135 3585 3228 3639 καὶ
3256 3587 3334 3648 είς
3364 3584 3462 3657 τὴν
3485 3584 3641 3637 πόλιν
3662 3586 3827 3636 ἐπανι-

2259 3684 2465 3737 ελθόντι
2490 3682 2749 3754 διήγημα.

2333 3939 2436 3997 κθ’.
2481 3942 2539 3995 Ὀ
2568 3939 2624 3995 δὲ
2660 3939 2768 4011 πῦρ
2812 3940 2999 4012 ῶσπερ
3040 3941 3131 3995 ἐπὶ
3174 3939 3307 4010 πῦρ,
3343 3941 3601 3996 ἀνάπτων
3629 3940 3714 3995 ἀεὶ
3737 3944 3830 3995 τοῦ

2264 4034 2343 4097 εἷς
2370 4033 2603 4102 Χριστὸν
2645 4031 2864 4101 ἔρωτος,
2896 4030 3085 4084 οὐδένα
3130 4048 3187 4083 τε
3230 4026 3394 4101 κόρον
3426 4032 3513 4084 διὰ
3538 4032 3697 4085 τοῦτο
3723 4034 3832 4087 τῶν

2262 4124 2400 4193 ὑπὲρ
2426 4120 2590 4175 αὐτοῦ
2620 4122 2881 4188 καμάτων
2916 4119 3090 4183 εἰδὼς,
3122 4122 3263 4173 αίτεῖ
3288 4138 3415 4174 ποτε
3456 4124 3688 4190 σχοινίον
3712 4125 3831 4176 τινα

2261 4215 2369 4267 τῶν
2414 4213 2563 4281 αὐτῷ
2600 4212 2930 4282 προσιόντων
2953 4228 2966 4241 ο
2998 4211 3027 4264 δ
3048 4212 3141 4263 καὶ
3183 4212 3363 4265 λαϐὼν
3406 4213 3587 4275 εὐθὺς,
3621 4216 3740 4269 ὅλον
3772 4218 3829 4267 ἐν

2264 4305 2377 4375 χρῷ
2413 4304 2472 4357 τὸ
2508 4304 2665 4373 σῶμα
2700 4301 3031 4370 περιελίσσει
3062 4302 3155 4355 καὶ
3188 4303 3498 4373 διασφίγγει
3522 4303 3667 4358 οὕτω
3704 4324 3829 4375 σφο-

2262 4395 2424 4464 δρῶς,
2452 4390 2527 4455 ὡς
2542 4393 2823 4459 διαφαγεῖν
2848 4391 3011 4444 αὐτοῦ
3039 4392 3136 4454 τὰς
3170 4393 3397 4463 σάρκας.
3420 4394 3636 4457 ἁπαλάς
3657 4413 3714 4447 τε
3743 4393 3831 4447 οὔ.

592 4489 764 4541 arcte.
806 4490 866 4535 ut
911 4497 1071 4535 exesa
1116 4497 1301 4546 carne,
1340 4499 1464 4551 quae
1498 4484 1625 4537 istic
1656 4485 1835 4538 mollis
1862 4486 2157 4539 admodum

2267 4502 2366 4548 σας
2388 4486 2478 4537 καὶ
2511 4481 2810 4554 τρυφερᾶς,
2839 4483 3049 4552 γυμνὰς
3084 4483 3264 4534 αὐτῶν
3292 4485 3391 4545 τὰς
3424 4485 3663 4554 πλευράς
3700 4487 3831 4538 ἁπο-

592 4585 658 4625 ac
687 4578 876 4625 tenera
898 4581 1001 4631 est.
1034 4571 1193 4625 nuda:
1221 4584 1383 4627 costae
1413 4582 1715 4626 exstarent.
1742 4573 1955 4643 Corpus
1980 4577 2161 4643 itaque

591 4663 967 4715 exulceratum
1013 4662 1245 4731 pessime
1295 4663 1526 4728 habere;
1561 4673 1613 4715 et
1670 4664 1917 4717 ulcerum
1962 4667 2160 4731 sanies,

594 4758 857 4805 concreto
879 4752 1143 4822 sanguine
1171 4752 1353 4812 mista.
1378 4768 1623 4821 pannoso
1640 4754 1863 4807 amictui
1897 4755 2165 4822 congluti-

592 4840 736 4895 nari.
796 4841 847 4894 Is
902 4856 1035 4894 vero
1092 4844 1185 4911 qui
1237 4844 1352 4897 hazc
1395 4845 1726 4911 patiebatur,
1767 4846 1944 4899 nihilo
1994 4848 2164 4915 magis

593 4930 846 4995 dolorum
868 4932 1166 4986 acerbitate
1182 4935 1648 4998 commovebatur,
1669 4952 1831 5004 quam
1862 4938 1904 4991 si
1924 4938 2162 4991 alienum

593 5036 798 5090 corpus
847 5037 987 5091 ξρετε
1023 5022 1327 5079 habuisset.
1392 5024 1590 5078 Verum
1631 5044 1880 5097 processu
1902 5036 2158 5100 temporis

596 5114 1467 5181 tantusfetoreputrescentibus
1526 5118 1805 5172 ulceribus
1872 5129 2164 5185 generatus

596 5212 703 5265 est,
753 5212 813 5254 ut
846 5201 912 5253 ad
968 5204 1268 5256 multorum
1322 5220 1484 5259 nares
1522 5206 1759 5271 delatus,
1808 5212 1989 5276 gravis
2020 5217 2165 5261 esset

596 5293 900 5353 monachis,
940 5293 1047 5347 imo
1068 5303 1125 5347 et
1146 5293 1248 5363 ipsi
1278 5295 1471 5350 Joanni
1502 5312 1514 5349 :
1542 5298 1899 5366 quamobrem
1934 5313 2166 5367 percun-

594 5384 875 5437 ctantibus
914 5383 1022 5437 illis
1054 5386 1361 5453 gravissimi
1387 5388 1575 5443 odoris
1602 5405 1841 5451 causam,
1870 5399 2165 5459 pnetextus

595 5489 811 5543 semper
832 5475 1046 5543 aliquos
1066 5491 1164 5544 pro
1191 5478 1275 5531 sui
1304 5480 1625 5549 purgatione
1649 5480 2165 5535 comminiscebatur

594 5566 830 5635 Symeou
856 5584 867 5618 :
894 5564 1070 5622 donec
1098 5583 1195 5637 per
1212 5570 1405 5623 rimam
1431 5571 1680 5627 fenestra:
1709 5574 2020 5641 speculatus
2046 5587 2165 5625 mo-

593 5657 898 5711 nachorum
924 5659 1166 5727 quidam,
1204 5662 1662 5735 conspicatusque
1695 5664 1975 5735 sanguinis
2029 5680 2163 5733 pure

592 5746 744 5802 luisti
785 5757 1059 5821 stagnum,
1109 5752 1271 5807 discit
1305 5754 1552 5809 dolorum
1593 5757 1714 5827 ejus
1745 5772 2039 5821 arcanum;
2085 5766 2165 5810 at-

2261 4574 2460 4637 δεῖξαν.
2495 4574 2745 4624 Ἦλκωτο
2774 4571 2872 4639 μὲν
2891 4567 2983 4624 οὖν
3009 4569 3154 4637 αὐτῷ
3178 4571 3239 4621 τὸ
3266 4570 3444 4638 σῶμα,
3468 4573 3559 4623 καὶ
3586 4572 3832 4641 πονηρῶς

2263 4662 2441 4733 εἶχεν·
2488 4665 2542 4717 οἵ
2585 4680 2644 4715 τε
2678 4661 2785 4715 τῶν
2821 4661 2993 4715 ἑλκῶν
3036 4662 3228 4731 ίχῶρες
3279 4661 3473 4731 αἵμασι
3526 4666 3831 4733 πεπηγόσιν

2266 4756 2712 4823 ἁνακιρνάμενοι,
2742 4752 2818 4822 τῷ
2870 4753 3093 4825 τριχίνῳ
3125 4748 3551 4822 συγκεκόλληντο
3580 4758 3767 4823 ράκει·
3807 4759 3831 4806 ὁ

2263 4846 2318 4897 δὲ
2349 4844 2596 4913 καθάπερ
2638 4841 2823 4909 σαφῶς
2874 4840 3034 4893 ἄλλου
3079 4843 3399 4909 πάσχοντος,
3432 4840 3573 4894 οὕτω
3619 4842 3727 4894 τῶν
3769 4844 3829 4893 ἐκ

2264 4936 2354 4988 τοῦ
2406 4935 2655 5003 σώματος
2710 4931 3014 4999 ἀλγηδόνων
3054 4933 3360 5001 ὑπερεώρα.
3406 4932 3509 4983 Τοῦ
3552 4934 3742 5003 γρίνου
3776 4935 3831 4986 (Σὲ

2266 5026 2358 5078 καὶ
2388 5024 2647 5077 δυσωδίαν
2682 5024 2989 5085 ἐντεκόντος
3021 5026 3129 5084 τοῖς
3166 5023 3397 5085 ἕλκεσιν,
3427 5023 3502 5084 ὡς
3535 5024 3633 5094 ήδη
3664 5026 3831 5095 πολλὴ

2267 5116 2425 5185 αὕτη,
2462 5117 2555 5169 καὶ
2599 5114 2809 5167 πολλῶν
2842 5113 3105 5181 ὀσφρήσει
3138 5113 3547 5183 προσϐάλλουσα
3582 5115 3833 5183 αἴσθησίν

2265 5223 2325 5259 τε
2363 5208 2473 5267 τοῖς
2511 5207 2762 5273 μοναχοῖς
2790 5204 2926 5255 ἀλλὰ
2965 5205 3057 5255 καὶ
3084 5204 3162 5272 τῷ
3198 5204 3415 5275 Ἰωάννῃ
3450 5208 3729 5275 παρεῖχεν.
3769 5208 3831 5258 OE

2271 5297 2367 5366 μὲν
2398 5293 2753 5347 ἐπυνθάνοντο
2776 5293 2872 5363 τῆς
2897 5293 3069 5363 ὀσμῆς
3104 5294 3201 5363 τὴν
3230 5294 3407 5347 αίτίαν
3426 5311 3437 5323 ·
3469 5297 3498 5346 ὁ
3525 5296 3581 5349 δὲ
3612 5295 3831 5365 Συμεὼν

2268 5387 2568 5457 προφάσεις
2618 5386 2769 5448 τινάς
2818 5388 2896 5445 είς
2940 5383 3236 5452 ἀπολογίαν
3268 5385 3583 5449 ἐπλάττετο,
3614 5387 3717 5450 ἕως
3748 5387 3830 5439 διὸ

2266 5482 2363 5548 τῆς
2391 5477 2600 5546 θυρίδος
2631 5476 2737 5529 τῶν
2774 5476 3020 5545 μοναχῶν
3049 5494 3132 5538 τις
3162 5464 3620 5548 παραθεωρήσας,
3645 5480 3737 5532 καὶ
3766 5480 3816 5531 λί

2272 5588 2404 5640 μνας
2435 5568 2685 5638 αἱμάτων
2718 5568 2933 5620 ἕλκεσιν
2964 5570 3423 5638 άναπεφυρμένας
3452 5569 3594 5631 ίδὼν,
3630 5570 3831 5639 μανθά-

2268 5680 2347 5715 νει
2404 5660 2462 5712 rb
2509 5660 2601 5713 τοῦ
2640 5659 2845 5723 πάθους
2889 5662 3206 5728 μυστήριον,
3260 5661 3350 5712 καὶ
3397 5650 3650 5731 παραυ-ἑὲ
3739 5663 3832 5730 τῆς

2269 5754 2396 5816 θέας
2423 5748 2745 5819 ἐπαγγέλλει
2771 5744 2847 5815 τῷ
2870 5752 3108 5824 Ἰωάννῃ.
3140 5755 3246 5807 Καὶ
3275 5754 3332 5817 ὂς
3360 5755 3458 5807 οὐκ
3486 5753 3641 5822 ὀλίγα
3668 5754 3822 5808 δεινο-
