4078 6332
325 390 491 492 ama
1354 408 1535 472 VITA
1573 413 1620 473 A
1659 396 2096 477 NICEPHORO
2135 413 2619 481 CONSCRIPTA.
3411 464 3413 469 ι
3484 423 3627 491 30M

351 511 606 602 παθήσας
655 514 957 583 ἀναγκάζει
994 517 1083 574 τὸν
1114 515 1342 592 Συμεὼν
1377 513 1510 597 ’ἆραι
1553 529 1696 583 κατᾶ
1741 533 1915 602 μικρδε

2045 546 2150 600 que
2189 533 2557 587 continuo-ab
2593 533 2697 586 hoc
2751 533 3066 601 spectaculo
3096 534 3165 588 ad
3194 535 3457 600 Joannem
3486 557 3628 598 nun—

435 601 663 670 σχοινίον
684 620 696 633 ’
728 606 960 675 ἀρθῆναι
981 607 1090 680 γάρ
1109 610 1302 679 ἀθρόον
1322 614 1422 666 οὐκ
1445 609 1535 685 ἦν,
1555 599 1915 690 ἐκδαπανῆσα·

2046 599 2279 677 tiaturus
2310 623 2541 679 accedit.
2588 625 2635 677 Is
2680 599 2866 677 autem
2913 639 3027 678 non
3078 626 3293 681 modice
3331 627 3524 685 dolens
3572 641 3629 688 et

341 688 450 779 ἠδη
504 691 600 745 καὶ
647 690 919 763 διασῆψαν
953 697 1050 760 τὰς
1092 701 1322 771 σάρκας,
1371 705 1466 758 καὶ
1515 707 1742 773 ταύταις
1779 688 1915 781 ἄχρι.

347 783 558 840 ὀστέων
586 789 964 842 ἐγκοιλανοέν.

2041 725 2450 780 consternatus,
2483 716 2654 788 adigit
2686 717 3038 787 Symeonem,
3087 730 3147 772 ut
3194 721 3398 776 sensim
3441 721 3626 778 funem

2039 806 2278 842 θηται-ηι-
2332 824 2458 842 non:
2513 809 2803 842 nnnf‘nctim
2842 809 3089 842 cnim-"ul:
3139 812 3286 842 πηιιη
3318 827 3441 842 anna
3484 823 3596 842 Anni

384 798 558 840 στιων
586 798 964 856 ἐγκοιλανθέν.

414 1045 477 1098 λ’.
501 1047 933 1121 Περιερχομένου
957 1054 1013 1107 δὲ
1037 1055 1247 1121 τούτου,
1273 1059 1364 1111 καὶ
1384 1052 1590 1128 δάκρυα
1618 1065 1933 1134 προστιθένά

345 1151 440 1198 τος
465 1139 700 1228 ,καρδίας
732 1140 1006 1211 δήγματα,
1039 1144 1277 1217 ἐπετίμα
1308 1151 1336 1201 ὑ
1373 1151 1624 1224 Ἰωάννης
1653 1159 1745 1209 καὶ
1766 1176 1932 1228 προσ-

341 1227 586 1321 ωνείδιζε
612 1231 1102 1306 φιλοστόργως·Μὴ
1131 1239 1284 1309 δῆτα,
1320 1241 1512 1309 λέγων,
1537 1239 1580 1297 ὦ
1611 1227 1819 1314 τέκνον,
1855 1251 1928 1321 μὴ

341 1317 516 1410 οὑτως
537 1321 732 1377 ἐαυτοῦ
758 1328 958 1396 χρῆναι
983 1329 1101 1382 λίαν
1131 1334 1561 1406 ἀφιλανθρὼπως
1590 1340 1752 1410 ἔχειν.
1794 1317 1928 1398 ’οἽδέ

342 1409 465 1462 τότε
497 1413 596 1482 μὲν
627 1421 922 1487 πατρικαῖς
957 1423 1342 1494 ἐπιτιμήσεσιν
1385 1428 1556 1495 εἴξας,
1593 1409 1826 1487 ἀπέθετο
1867 1436 1927 1488 τὸ

340 1596 761 1686 περιειλίσσετο,
799 1599 859 1654 οὑ
897 1605 1034 1673 μετὰ
1080 1606 1180 1676 τῆς
1216 1610 1386 1679 αὐτῆς
1433 1612 1698 1679 σφίγξεως
1737 1615 1768 1686 ἢ
1810 1616 1924 1668 δια-

335 1685 570 1776 τάσεως,
626 1689 763 1744 ἀλλὰ
824 1695 1147 1776 χαυνότερόν
1202 1716 1319 1762 πως
1375 1702 1470 1753 καὶ
1524 1705 1918 1775 φορητότερον·

337 1774 639 1842 ἐσπούδαζε
688 1781 796 1850 γάρ
829 1774 1170 1855 ὑπωπιάζειν
1209 1789 1294 1842 ἀεὶ
1327 1789 1388 1842 τὸ
1420 1790 1578 1859 σῶμα
1629 1795 1721 1846 καὶ
1752 1774 1922 1848 κατα-

337 1867 584 1936 τρύχειν,
614 1873 740 1936 τοὺς
780 1876 1246 1947 ἐπανισταμένους
1272 1875 1330 1945 ἐξ
1360 1882 1524 1936 αὑτοῦ
1550 1886 1613 1954 τῇ
1639 1885 1782 1956 ψυχῇ
1819 1905 1920 1940 πο-

337 1956 394 2007 λέ
405 1975 540 2051 μους
565 1962 807 2015 ἀκούων·
835 1964 979 2036 ἅπερ
1001 1967 1183 2039 ἐξίστη
1209 1973 1334 2034 τοὺς
1361 1976 1626 2044 μοναχοὺς
1657 1980 1713 2028 ἐν
1738 1979 1922 2051 ἡλικίᾳ

341 2047 578 2112 μαλιστα
618 2053 844 2125 τοιαύτῃ
890 2057 1166 2127 γινόμενα.
1213 2062 1431 2117 Αίτοῦσι
1467 2065 1646 2120 τοίνυν
1689 2047 1920 2124 ἀκοῦσαί

336 2137 532 2228 λύγους
579 2143 709 2209 παρ’
743 2145 904 2200 αὑτοῦ
944 2139 1232 2217 σωτηρίας,
1267 2154 1361 2207 καὶ
1391 2156 1419 2208 ὁ
1450 2156 1677 2225 Συμεὼν
1705 2160 1921 2228 ὁμιλίας
1947 2172 1950 2174 ⁷

336 2227 497 2294 αὖθις
549 2232 916 2308 ἁψάμενος,.ἢ
959 2239 1040 2311 τῷ
1080 2240 1376 2297 ἐνοικοῦντι
1427 2246 1627 2314 μᾶλλον
1664 2227 1922 2320 κινούμεο

335 2337 426 2446 vi;
482 2323 781 2396 Πνεύματι,
837 2321 882 2397 ᾧ
939 2330 1036 2384 καὶ
1084 2332 1192 2402 πρὸ
1249 2338 1532 2406 μητρικῶν
1564 2339 1784 2393 -ὡδίνων
1831 2343 1919 2406 ἐξ-

338 2427 534 2467 ειλετο.

1937 840 1939 843 -
2038 806 2279 874 auferat;
2332 824 2460 862 nam
2513 809 2804 863 confestim
2841 809 3089 864 solvendi
3139 812 3288 865 nulla
3317 827 3445 881 spes
3482 823 3623 874 erat.

2039 907 2230 968 utpote
2280 901 2374 969 qui
2406 902 2516 970 jam
2550 902 2896 971 consumptis
2922 913 2977 955 et
3007 902 3336 971 putrefactis
3364 904 3626 959 carnibus

2033 989 2101 1043 ad
2150 1005 2273 1044 ossa
2319 1006 2492 1060 usque
2529 1000 2891 1059 penetrasset.

2098 1081 2183 1134 50.
2220 1082 2443 1135 Interim
2498 1083 2563 1135 ad
2603 1083 2888 1150 amplexus
2942 1091 3329 1152 properantem
3386 1083 3619 1154 Symeo-

2031 1185 2179 1236 nem,
2230 1173 2611 1243 lacrymasque
2644 1174 2868 1229 contriti
2902 1173 3087 1228 cordis
3111 1174 3330 1229 indices
3361 1174 3625 1245 adjicicno

2031 1255 2163 1325 tem,
2195 1263 2445 1332 increpat
2473 1264 2714 1318 Joannes
2759 1272 3103 1333 paterneque
3161 1265 3414 1335 objurgat
3451 1283 3465 1318 :
3499 1266 3618 1320 Non

2027 1351 2299 1420 profecto,
2347 1354 2420 1406 mi
2461 1353 2559 1415 ﬁli,
2600 1355 2880 1424 inquiens,
2927 1368 3040 1410 non
3093 1355 3163 1407 ita
3219 1354 3513 1408 barbarum
3561 1355 3620 1409 in

2029 1443 2254 1497 modum
2307 1458 2509 1512 corpus
2551 1431 2789 1498 tractare
2835 1442 2916 1498 fas
2949 1443 3051 1498 tibi
3083 1454 3186 1499 est.
3237 1445 3340 1498 Cui
3372 1455 3619 1514 paternae
3669 1479 3674 1487 ι

2027 1533 2373 1603 castigationi
2403 1534 2494 1587 ille
2531 1543 2662 1588 tunc
2686 1534 2912 1603 quidem
2949 1535 3173 1597 cedens,
3206 1535 3389 1588 funem
3424 1515 3613 1590 sofvit:

2023 1640 2216 1678 verum
2250 1626 2398 1680 haud
2438 1626 2512 1678 ita
2547 1627 2722 1679 multo
2755 1633 2882 1695 post
2908 1639 3252 1694 reStiuiptum
3299 1626 3483 1680 denuo
3507 1627 3618 1681 cir-

2024 1732 2149 1772 cum
2178 1717 2695 1786 corpus,astrinxit,
2739 1718 2995 1787 quamvis
3043 1728 3151 1770 non
3205 1727 3314 1770 tam
3358 1727 3510 1771 arcte
3559 1725 3617 1770 et

2022 1809 2320 1869 violenter,
2368 1809 2464 1862 sed
2494 1809 2775 1876 aliquanto
2807 1809 2986 1863 laxius
3016 1808 3473 1877 tolerabiliusque
3507 1825 3519 1860 :
3547 1823 3613 1861 eo

2026 1903 2232 1971 quippe
2260 1901 2547 1972 Symeonis
2571 1916 2700 1956 cura
2733 1900 2914 1953 omnis
2941 1900 3290 1961 intendebat,
3319 1910 3378 1953 ut
3410 1914 3614 1968 corpus

2027 2008 2187 2047 suum
2223 1991 2519 2062 castigaret
2543 2006 2762 2058 semper
2786 2000 2842 2044 et
2867 1989 2920 2043 in
2941 1991 3269 2044 servitutem
3308 1989 3609 2056 redigeret,

2025 2084 2198 2153 probe
2222 2083 2436 2137 scilicet
2464 2083 2637 2152 ignari
2665 2081 3025 2150 quantainde
3057 2081 3244 2148 praelia
3285 2081 3613 2139 immineant

2025 2176 2240 2229 animae.
2265 2174 2397 2240 Qua:
2427 2189 2537 2236 res,
2583 2173 2637 2226 in
2678 2173 2769 2228 tali
2804 2174 3112 2242 prtcserlim
3149 2181 3332 2235 aetate,
3379 2172 3614 2240 perculit

2024 2266 2384 2320 vehementer
2411 2265 2734 2328 monachos,
2769 2272 3029 2333 rogantes
3081 2262 3252 2330 verba
3295 2262 3495 2315 salutis
3541 2261 3610 2314 ab

2022 2373 2119 2410 ore
2145 2357 2318 2426 ipsius
2345 2357 2600 2424 excipere
2633 2355 2738 2409 sibi
2779 2354 2964 2408 denuo
3019 2363 3079 2407 ut
3112 2353 3326 2407 liceret.
3371 2352 3482 2407 Nec
3515 2351 3613 2407 ab-
3689 2373 3693 2379 ·

2023 2462 2205 2501 nuens
2236 2446 2498 2514 Symeon,
2538 2445 2759 2499 interno
2821 2429 3056 2515 Spiritu,
3084 2460 3114 2498 a
3136 2459 3247 2513 quo
3293 2452 3606 2498 maternum

1920 2585 1926 2590 .
2022 2546 2148 2592 ante
2185 2544 2404 2606 partum
2434 2536 2649 2590 electus
2698 2535 2901 2599 fuerat,
2963 2543 3240 2599 movente,
3287 2533 3609 2604 aggreditur

409 2674 511 2727 λα’,
549 2676 787 2747 Πατὲρες
821 2679 947 2748 ἔφη,
980 2681 1072 2734 καὶ
1097 2683 1336 2753 ἀδελφοὶ,
1363 2686 1425 2739 οὗ
1465 2689 1572 2759 χρῆ
1601 2690 1690 2743 τὸν
1723 2691 1918 2746 ἀσύνε-

333 2778 427 2817 τον
463 2766 562 2834 ἐμὲ
589 2769 715 2838 περὶ
746 2768 1023 2839 σωτηρίας
1051 2772 1230 2843 ψυχῆς
1259 2778 1324 2846 τῇ
1356 2777 1599 2852 ὑμετέρᾳ
1624 2781 1785 2851 πολιᾷ
1805 2782 1919 2836 δια-

334 2853 591 2922 λέγεσθαι
619 2871 638 2912 '.
663 2859 813 2928 ὅμως
839 2862 964 2914 ἐπεὶ
993 2868 1279 2933 πατρικοῖς
1299 2870 1399 2920 οὐκ
1411 2867 1526 2922 ἐστι
1542 2873 1617 2942 μὴ
1636 2872 1919 2926 πείθεσθαι

334 2942 537 3012 λόγοις,
573 2947 776 3016 Ἐργον
810 2951 1045 3020 μοναχοῦ
1083 2953 1184 3023 τὴν
1209 2957 1537 3027 ἐγκράτειαν
1568 2957 1740 3030 οἶμαι,
1776 2963 1918 3017 ὥστε

335 3035 566 3128 ῂρεμεῖν
609 3039 758 3110 αὑτῷ
804 3042 902 3104 τὰς
932 3042 1024 3095 τοῦ
1072 3043 1323 3116 σώματος
1358 3049 1572 3118 ἡδονάς,
1604 3053 1779 3123 ἔχοντι
1818 3056 1918 3128 τὴν

334 3127 516 3252 ζιέῐχὴν
550 3129 607 3181 ἐν
639 3132 850 3232 είρΐινῃ,
884 3134 947 3187 τό
979 3153 1040 3241 τε
1086 3139 1329 3252 σὲνεχίῗς
1357 3141 1600 3224 ψάλλειν,
1630 3146 1724 3199 καὶ⁸
1761 3127 1915 3202 ἀδια-

2022 3127 2176 3150 τη--
2238 3127 2487 3134 -_---.__-
2522 3127 2537 3145 ,
2720 3127 3111 3134 --_-__---_-___-_
3168 3127 3281 3132 η--
3338 3127 3603 3132 ---η---η

2019 3171 2323 3239 praecipue,
2377 3171 2676 3224 continens
2727 3175 2787 3221 ut
2829 3167 2936 3231 sit;
2986 3175 3047 3222 ut
3106 3167 3307 3222 nuntio
3354 3167 3608 3236 corporis
3677 3193 3679 3195 ί
3723 3229 3727 3240 ι
3811 3211 3822 3234 ,

335 3212 567 3281 λέίπτως
599 3220 675 3290 τῷ
706 3222 782 3290 νῷ
809 3227 1238 3297 προσεύχεσθαι·
1263 3231 1424 3302 ἔργον
1460 3221 1693 3306 μοναχοῢ
1727 3239 1916 3310 ὴᾶγά-

337 3327 437 3379 πη,
475 3309 569 3363 καὶ
598 3314 796 3401 ἡνμετὰ
832 3320 1096 3388 ταπεινῆς
1125 3322 1350 3394 καρδίας
1373 3326 1607 3397 ὑπακοὴ,
1634 3329 1702 3382 δι’
1725 3309 1791 3401 ἧς
1821 3331 1916 3384 καὶ

333 3401 569 3471 Χριστὸς
602 3400 711 3457 εἷλε
741 3405 833 3458 τὸν
873 3407 1123 3474 θάνατον,
1152 3414 1441 3482 γενόμενος
1485 3417 1723 3489 ὑπήκοος
1751 3400 1915 3491 μέχρι

335 3491 592 3560 Θανάτου,
619 3495 849 3551 θανάτου
871 3498 930 3553 δὲ
956 3505 1213 3573 σταυροῦ,
1242 3505 1328 3558 ἵνα
1364 3507 1464 3570 τὰς
1498 3509 1792 3580 ἐπιθυμίας
1814 3516 1916 3583 τῆς

336 3584 539 3654 σαρκὸς
585 3589 677 3641 καὶ
721 3591 883 3659 ἡμεῖς
923 3591 990 3644 δι’
1021 3593 1190 3667 αὐτῆς
1260 3591 1825 3673 Θανᾳάτώσῳμενρότε
1856 3606 1915 3657 ἐν

334 3675 719 3749 ἐξομολογήσει
753 3681 981 3746 κλαίειν,
1015 3687 1111 3736 καὶ
1138 3687 1196 3737 ἐν
1223 3690 1482 3761 συντριϐῇ
1517 3695 1742 3764 καρδίας
1775 3696 1850 3760 ὡς
1886 3700 1914 3749 ὁ

332 3766 585 3840 Τελώνης
621 3772 1039 3842 προσεύχεσθαι,
1077 3778 1227 3847 φωνή
1271 3795 1332 3831 τε
1364 3779 1678 3852 σύμμετρος
1717 3788 1808 3839 καὶ
1834 3788 1916 3842 λό-

332 3877 429 3928 γος
461 3861 745 3933 εὔτακτος,
777 3868 873 3920 καὶ
899 3869 932 3939 ἡ
962 3871 1020 3922 ἐν
1046 3871 1312 3941 πραότητι
1356 3875 1449 3928 καὶ
1477 3878 1676 3948 ἠσυχίᾳ
1711 3882 1913 3949 διαγω-

334 3954 430 4019 γή.
466 3954 666 4024 Ἔργον
709 3958 965 4028 μοναχοῦ,
1001 3961 1062 4014 τὸ
1101 3963 1174 4033 μὴ
1211 3964 1434 4034 ὀμνύειν
1460 3967 1615 4032 ὅλως,
1645 3972 1784 4043 πλὴν
1817 3975 1912 4029 τοῦ

334 4045 685 4115 Πίστευσονῆ
711 4049 1094 4120 Συγχώρησον,
1133 4056 1166 4124 ἦ
1204 4073 1262 4108 τε
1291 4057 1400 4111 τῶν
1430 4062 1527 4130 τῆς
1551 4062 1914 4134 φιλαργυρίας

336 4138 650 4191 σκανδάλων
673 4142 843 4209 φυγὴ,
877 4144 969 4195 καὶ
994 4145 1026 4214 ἡ
1055 4145 1162 4198 τῶν
1189 4147 1358 4200 ὅντων
1395 4153 1701 4220 μετάδοσις,
1737 4159 1830 4210 καὶ
1853 4158 1914 4211 τὸ

338 4229 414 4298 μὴ
452 4231 611 4299 μόνον
660 4234 796 4303 μηδέ
848 4238 981 4289 ποτέ
1020 4223 1165 4300 τινος
1206 4242 1562 4306 καταλαλεῖν,
1595 4247 1730 4300 ἀλλὰ
1776 4251 1912 4320 μηδὲ

335 4322 765 4387 καταλιαλοῦντος
789 4327 1098 4397 ἀνέχεσθαι,
1125 4333 1466 4401 συμπάσχειν
1491 4353 1550 4389 τε
1581 4341 1693 4401 τοῖς
1716 4342 1773 4392 ὲν
1800 4342 1914 4395 ὀδύ-

331 4426 420 4483 νῃ,
444 4412 538 4466 καὶ
552 4415 798 4484 ἀδελφῶν
819 4418 985 4481 πόδας
1003 4420 1234 4487 νίπτειν,
1254 4424 1348 4477 καὶ
1364 4429 1481 4488 ταῖς
1505 4428 1683 4483 αὐτῶν
1702 4433 1912 4500 χρείαις

2023 2627 2234 2682 dicere.

2090 2719 2386 2775 5|.Patres
2411 2719 2745 2788 fratresque,
2776 2715 3082 2786 inquiebat,
3115 2717 3362 2782 meinon
3386 2732 3608 2786 aequum

2021 2816 2127 2872 est,
2167 2825 2253 2864 me
2291 2811 2511 2881 ingenio
2554 2818 2659 2864 tam
2704 2807 2969 2862 imbecilli
3039 2806 3108 2860 ad
3165 2806 3312 2860 hunc
3362 2815 3608 2861 vestrum

2021 2901 2221 2953 canitie
2263 2902 2643 2956 venerandum
2663 2909 2870 2954 coetum
2904 2897 3074 2952 verba
3101 2897 3320 2952 facere:
3348 2896 3443 2951 sed
3505 2911 3609 2955 nec

2020 3004 2238 3059 aequum
2273 3000 2359 3044 est
2392 2991 2678 3044 seniorum
2702 2988 2869 3043 dictis
2901 3003 3013 3042 non
3075 2987 3482 3056 obtemperare.
3517 2985 3609 3041 Sic

2021 3080 2186 3150 igitur
2233 3080 2490 3134 existimo
2522 3121 2537 3145 ,
2591 3096 2658 3133 eo
2715 3078 3112 3134 connitendum
3162 3093 3284 3132 esse
3337 3077 3610 3132 monacho

2021 3260 2404 3329 voluptatibus
2462 3261 2733 3324 remisso,
2790 3258 3244 3327 tranquillitatem
3308 3274 3610 3327 pacemque

2019 3352 2525 3414 animioonservet,
2577 3361 2639 3403 ut
2702 3350 3057 3404 continenter
3109 3349 3330 3418 psallat,
3383 3365 3448 3403 ac
3485 3349 3609 3403 sine

2018 3441 2432 3497 intermissione
2455 3441 2685 3495 mentali
2710 3448 2869 3495 vacet
2908 3439 3171 3494 orationi.
3207 3440 3285 3494 Eo
3315 3439 3610 3494 conniten-

2016 3529 2470 3594 dumxmonacho,
2492 3533 2766 3585 charitate
2789 3530 3082 3595 utardeat,
3117 3537 3173 3583 et
3207 3528 3378 3583 corde
3411 3528 3608 3583 humili

2016 3623 2653 3692 pracipienti'obediat:
2709 3622 3030 3679 obedientia
3085 3621 3298 3690 quippe
3345 3631 3450 3685 est,
3503 3636 3604 3690 per

2013 3728 2180 3782 quam
2211 3711 2471 3767 Christus
2500 3713 2618 3781 ipse
2677 3712 2822 3788 mori
2879 3711 3068 3782 elegit,
3096 3710 3300 3782 factus
3343 3710 3611 3766 obediens

2018 3819 2192 3873 usque
2224 3803 2291 3856 ad
2316 3813 2574 3867 mortem,
2603 3812 2840 3856 mortem
2868 3811 3055 3858 autem
3092 3802 3299 3862 crucis,
3337 3809 3398 3853 ut
3429 3807 3484 3854 et
3506 3814 3608 3854 nos

2017 3890 2297 3946 desideria
2322 3891 2511 3945 carnis
2534 3899 2740 3945 nostra:
2769 3906 2869 3960 per
2902 3891 3077 3958 ipsam
3111 3888 3604 3953 mortificaremus.

2017 3983 2098 4036 Eo
2135 3998 2357 4051 quoque
2387 3982 2788 4036 connitendum
2844 3982 3140 4044 monacho,
3172 3990 3234 4034 ut
3281 3981 3339 4034 in
3383 3979 3604 4034 confes--

2016 4074 2172 4126 sione
2199 4073 2400 4140 ploret,
2430 4071 2784 4140 contritoque
2810 4071 2976 4125 co'rde
2999 4087 3123 4125 cum
3149 4070 3448 4140 publicano
3473 4085 3604 4139 pre-

2015 4177 2108 4217 ces
2131 4177 2260 4216 suas
2313 4161 2511 4216 fundat
2541 4161 2608 4215 ad
2653 4162 2992 4232 Dominum:
3040 4171 3100 4216 ut
3138 4179 3246 4216 vox
3293 4161 3601 4224 moderata,

2015 4268 2199 4307 sermo
2225 4253 2489 4307 decenter
2518 4253 2886 4321 compositus,
2916 4261 3083 4321 atque
3124 4253 3307 4306 omnis
3354 4252 3410 4305 in
3444 4267 3600 4328 man-

2014 4344 2311 4399 suetudine
2332 4354 2388 4398 et
2417 4345 2821 4413 tranquillitate
2844 4345 3196 4398 conversatio
3237 4344 3328 4399 sit.
3356 4345 3436 4398 Eo
3466 4359 3603 4398 con-

2017 4436 2316 4491 nitendum
2349 4436 2644 4500 monacho,
2679 4446 2739 4488 ut
2761 4434 3268 4506 nejuretomnino,
3305 4435 3400 4490 sed
3423 4420 3640 4488 solum,

329 4503 714 4598 διακονεῖσθαι,
734 4509 794 4561 τό
819 4525 876 4561 τε
909 4509 983 4579 μὴ
1012 4512 1107 4564 τοῦ
1131 4513 1367 4581 χαλεποῦ
1398 4517 1603 4582 πάθους
1627 4522 1722 4590 τῆς
1747 4525 1913 4595 ὑπερ-

2018 4529 2185 4591 dicat,
2218 4528 2416 4593 Crede,
2454 4530 2559 4590 vel.
2589 4530 2817 4598 Ignosce
2846 4547 2860 4595 ;
2892 4541 2953 4583 ut
3001 4529 3320 4583 scandalum
3361 4529 3601 4582 avaritia:

331 4595 567 4754 ξφαεέὲς
590 4598 872 4667 ἡττᾶσθαι,
891 4602 1027 4656 ἀλλὰ
1055 4605 1271 4658 πάντων
1300 4607 1525 4679 ἔσχατον
1553 4613 1746 4668 ἑαυτὸν
1768 4612 1908 4670 εἶναι

372 4689 460 4751 ys?
528 4706 603 4741 αι.
675 4689 678 4691 ’

372 4689 603 4751 ⁴νίεῖσθαι.
675 4689 678 4691 ’

2016 4621 2297 4686 declinet;
2359 4630 2416 4676 ut
2467 4622 2755 4675 facultates
2816 4637 2943 4676 suas
2993 4622 3324 4687 distribuat;
3380 4630 3440 4675 ut
3489 4638 3602 4676 non

2018 4712 2186 4766 modo
2233 4727 2514 4780 nunquam
2579 4711 2646 4764 de
2700 4709 2925 4763 alterius
2982 4710 3123 4762 fama
3176 4709 3460 4769 detrahat,
3504 4709 3600 4762 sed

330 4782 498 4836 etiam
529 4797 599 4837 ne
631 4784 1015 4856 feratquidem
1047 4788 1460 4862 detrahentem;
1500 4805 1562 4851 ut
1602 4804 1968 4870 compatiatur
2005 4803 2058 4858 in
2092 4806 2244 4860 luctu
2275 4805 2503 4873 positis;
2543 4815 2603 4858 ut
2634 4803 2864 4859 fratrum
2898 4804 3069 4874 pedes
3093 4807 3238 4858 lavet
3267 4805 3603 4872 utilitatique

332 4879 592 4943 studeat;
631 4890 692 4933 ut
721 4881 1034 4951 periculosa
1071 4885 1162 4941 illa
1192 4888 1360 4942 animi
1407 4889 1683 4958 passione,
1750 4895 2013 4964 superbia
2057 4894 2204 4959 dico,
2247 4909 2358 4947 non
2419 4904 2737 4962 superetur,
2797 4893 2895 4948 sed
2959 4895 3207 4948 omnium
3259 4904 3597 4963 postremum

331 4986 394 5025 se
435 4983 673 5036 reputet.

405 5065 505 5136 λβ’.
540 5070 741 5140 Ἔργον
781 5075 1037 5144 μοναχοῦ,
1069 5078 1102 5146 ἡ
1153 5080 1233 5141 εἰς
1279 5079 1488 5144 πάντας
1532 5083 1804 5150 μεγάλους
1846 5102 1905 5136 τε

333 5159 433 5212 καὶ
493 5163 725 5232 μικροὺς
749 5203 765 5228 ,
794 5165 1040 5232 ἐνδόξους
1069 5171 1163 5222 καὶ
1209 5171 1448 5240 ἀδόξους,
1487 5173 1780 5238 πλουσίους
1812 5176 1905 5229 καὶ

335 5250 595 5320 πένητας,
633 5253 708 5318 ὡς
748 5257 827 5319 είς
855 5258 1016 5312 αὑτὸν
1039 5261 1274 5331 Χριστὸν
1307 5264 1448 5334 ἁγνὴ
1490 5265 1816 5336 φιλαδελῳία
1843 5285 1903 5321 τε

330 5342 430 5397 καὶ
459 5344 757 5422 φιλοξενία,
789 5349 885 5402 καὶ
931 5351 1272 5423 ὑποκρίσεως
1305 5356 1684 5427 καθαρεύουσα
1722 5350 1903 5429 πάσης

330 5435 596 5490 διακονία.
630 5438 876 5510 Μοναχδς
902 5441 1010 5512 γὰρ
1044 5445 1182 5513 πρὸς
1233 5445 1332 5516 μὲν
1366 5447 1462 5510 τὰς
1525 5451 1666 5501 κατὰ
1698 5452 1903 5520 κόσμον

333 5528 550 5597 βλέπων
583 5529 880 5603 ὑπεροχὰς,
907 5534 1003 5596 καὶ
1029 5537 1298 5608 πρόσωπα
1329 5541 1436 5592 τῶν
1466 5541 1722 5595 τοιούτων
1757 5543 1902 5612 λαμ-

331 5619 534 5702 ϐάνων,
570 5621 784 5691 πτωχὸν
816 5623 872 5676 δὲ
898 5625 992 5678 καὶ
1026 5627 1232 5697 πένητα
1266 5631 1562 5696 προσιόντα
1588 5632 1683 5685 καὶ
1710 5632 1898 5701 δεόμε-

331 5726 427 5763 νον
462 5707 924 5783 ἀπωθούμενοςδ
977 5716 1217 5780 τοιοῦτος
1274 5719 1370 5787 οὐχ
1418 5718 1526 5784 ἔξει
1601 5722 1899 5787 παρουσίαν

330 5803 415 5865 εις
438 5798 530 5856 τὸν
569 5803 852 5875 νυμφῶνα,
905 5805 1025 5862 οὐδὲ
1077 5810 1490 5879 ἀπαντήσεται,
1525 5809 1642 5863 οὐδὲ
1689 5827 1902 5863 συνεισ-

2083 5079 2173 5132 52.
2219 5079 2298 5133 Eo
2349 5077 2751 5132 connitendum
2805 5078 3094 5140 monacho,
3143 5085 3204 5130 ut
3247 5093 3439 5134 omnes
3485 5090 3596 5138 tam

2013 5186 2240 5241 magnos
2271 5186 2434 5238 quam
2469 5186 2688 5239 parvos,
2725 5178 2833 5223 tam
2880 5170 3151 5239 gloriosos
3195 5164 3362 5239 quam
3421 5173 3598 5244 inglo-

2009 5263 2145 5327 rios,
2204 5271 2314 5315 tam
2369 5261 2585 5316 divitiis
2639 5261 2933 5316 aﬂiuentes
2989 5277 3153 5330 quam
3208 5277 3433 5331 egenos,
3488 5281 3596 5319 non

2008 5369 2168 5410 secus
2188 5367 2252 5408 ac
2286 5353 2596 5418 Christum,
2625 5353 2896 5410 charitate
2920 5364 3090 5418 casta,
3111 5354 3493 5423 hospitalitate
3541 5369 3598 5412 et

2008 5444 2296 5516 obsequio,
2349 5445 2532 5500 omnis
2574 5445 2938 5516 hypocriseos
2979 5453 3206 5514 experte
3268 5449 3590 5517 praeveniat.

2008 5536 2310 5592 Monachus
2353 5552 2613 5606 namque,
2662 5535 2879 5605 qui,.ad
2939 5552 3127 5590 rerum
3185 5538 3595 5594 mundanarum

2006 5627 2353 5696 Splendorem
2374 5628 2567 5682 oculos
2598 5627 2834 5688 reﬂexit,
2893 5643 3198 5698 earumque
3244 5630 3457 5699 species
3496 5647 3595 5688 cu-

2007 5719 2134 5787 pide
2185 5719 2620 5788 contemplatur,
2673 5717 2990 5772 mendicum
3047 5734 3199 5782 vero,
3260 5735 3598 5790 pauperem-

2006 5826 2112 5880 que
2145 5820 2199 5866 et
2238 5827 2471 5883 egenum
2517 5826 2545 5864 a
2588 5825 2647 5865 se
2710 5810 2950 5880 repellit,
3007 5826 3114 5865 non
3177 5811 3500 5869 admittetur
3523 5812 3597 5869 ad
