4078 6332
543 360 684 429 3015

1741 365 1796 432 S.
1839 363 2220 426 SYMEONI‘S
2256 364 2613 426 IUNIORIS

3692 370 3840 438 30i6

544 476 788 548 nuptias,
820 489 923 530 nec
959 481 1148 545 speret
1178 473 1397 529 obviam
1429 473 1636 526 iturum
1691 489 1750 528 se
1788 490 1912 528 eum
1939 475 2128 530 exsul«

2248 490 2519 545 ιλεύσεται
2553 489 2795 560 φαιδρῶς
2836 487 2913 559 τῷ
2953 487 3209 560 ἀθανάτῳ
3249 486 3469 558 νυμφίῳ
3491 527 3503 549 ,
3530 486 3670 541 ἀλλὰ
3705 486 3839 539 τοῦ·

548 568 754 622 satione
789 563 1087 618 inmortali
1124 563 1361 634 Sponsa,
1386 570 1446 617 ut
1481 579 1605 618 cum
1631 578 1697 617 eo
1738 563 2082 634 ingrediatur
2111 583 2124 617 :

545 659 642 714 sed
675 657 859 727 potius
899 656 1032 714 illud
1068 657 1174 710 sibi
1232 657 1398 710 velim
1471 656 1824 724 persuadeat,
1882 655 1998 710 fore
2048 668 2127 719 ut,

554 753 828 805 exstincta
853 750 926 804 ob
955 750 1066 803 olei
1101 747 1378 802 defectum
1434 747 1710 818 lampade,
1735 748 2131 803 miserabiliter

549 846 616 900 ab
652 844 769 913 ipso
794 843 1141 898 excludatur.
1173 842 1537 912 Eleemosyna
1587 843 1792 910 quippe
1841 842 2132 896 consuevit

550 934 989 989 misericomsam
1024 931 1298 1000 consequi
1330 931 1463 996 illis,
1509 931 1602 1000 qui
1659 930 2132 985 misericordesin

547 1041 751 1095 egenos
776 1032 927 1086 sunt,
965 1038 1174 1092 eosque
1210 1024 1476 1092 gravibus
1530 1023 1795 1077 mrumnis
1849 1023 2130 1086 liberare;

550 1124 788 1170 testante
833 1115 885 1168 id
913 1115 1093 1183 ipsum
1119 1115 1348 1169 Christo
1372 1130 1436 1169 ac
1468 1116 1789 1177 conﬁtente,
1833 1115 2134 1185 prmstitam

551 1207 782 1276 pauperi
821 1206 1288 1271 misericordiam,
1329 1206 1433 1259 sibi
1466 1207 1766 1275 praestitam
1818 1215 2133 1277 reputatum

552 1301 644 1353 iri.
669 1300 814 1354 Dicit
839 1300 985 1353 enim
1014 1317 1027 1352 :
1065 1298 1315 1363 Quandiu
1346 1301 1540 1368 fecistis
1566 1301 1658 1352 uni
1683 1316 1746 1352 ex
1771 1303 1849 1354 liis
1881 1302 2131 1364 minimis,

551 1391 680 1442 mihi
715 1390 911 1458 fecistis
935 1389 993 1442 ἐ
1031 1389 1171 1443 adeo
1199 1399 1260 1443 ut
1317 1390 1412 1459 qui
1440 1407 1552 1444 non
1581 1391 1876 1446 miseretur
1927 1391 2134 1454 fratris,

550 1480 750 1534 Filium
787 1481 878 1535 Dei
915 1481 1231 1536 censendus
1278 1482 1349 1536 sit
1373 1483 1553 1552 palam
1582 1485 1890 1554 negavisse,
1916 1483 2134 1538 Saddu-

551 1586 693 1627 creos
717 1571 1128 1640 quodammodo
1160 1573 1429 1639 imitatus,
1477 1590 1587 1628 non
1638 1575 1918 1630 credendo
1943 1592 2132 1630 resur-

559 1663 863 1716 rectionem
887 1677 1029 1727 esse,
1063 1679 1246 1732 neque
1275 1664 1330 1718 in
1363 1681 1514 1734 spem
1550 1666 1676 1721 inde
1715 1676 2136 1736 promanantem

553 1754 746 1807 oculos
772 1753 1128 1809 reflectendo.
1181 1756 1260 1810 Ne
1310 1757 1478 1827 igitur
1537 1757 1799 1813 latentem
1865 1759 1968 1814 sub
2000 1775 2137 1813 auro

552 1847 858 1904 daemonem
906 1850 1081 1922 pluris
1135 1849 1402 1916 feceritis,
1469 1868 1636 1922 quam
1707 1853 2102 1908 necessitatibu

551 1941 784 1996 fratrum
828 1943 1218 2008 succurrisse;
1278 1943 1608 2006 dmmonem,
1645 1945 1891 2016 inquam,
1926 1948 2020 2014 qui
2086 1954 2142 2000 et

554 2035 732 2102 ipsum
767 2033 1050 2112 Christum
1112 2036 1336 2104 aggredi
1365 2051 1478 2089 non
1521 2045 1608 2090 est
1642 2038 1877 2101 veritus,
1927 2036 2004 2090 ita
2053 2035 2138 2090 lo-

551 2137 732 2191 quens
760 2139 772 2174 :
816 2121 941 2175 ch
970 2123 1148 2174 omnia
1175 2122 1310 2176 dabo
1341 2122 1453 2186 tibi,
1491 2124 1537 2176 si
1591 2124 1784 2176 cadens
1833 2124 2138 2178 adoraveris

553 2230 636 2267 me
663 2215 707 2266 ⁷.
738 2215 818 2268 Ne
839 2213 1124 2269 Christum
1161 2214 1356 2269 mundi
1407 2214 1620 2269 fallacis
1673 2215 1926 2284 opinioni
1965 2204 2136 2270 'men-

552 2307 837 2361 dicitatem
884 2308 1147 2376 pauperis
1177 2306 1587 2376 praeferentem,
1616 2316 1671 2362 et
1699 2323 1809 2362 non
1842 2308 2137 2363 habentem

555 2399 653 2453 ubi
687 2409 855 2468 caput
893 2399 1214 2464 reclinaret,
1243 2400 1578 2453 contumelia
1616 2399 1907 2466 aﬂiciatis;
1961 2400 2138 2465 illum,

556 2491 803 2560 inquam,
835 2489 1143 2554 Christum,
1182 2490 1238 2544 in
1265 2490 1428 2560 cujus
1465 2499 1748 2560 potestate
1774 2492 1900 2547 caeli
1928 2499 2059 2546 sunt
2083 2506 2146 2546 ac

557 2595 722 2636 terra.
792 2582 1009 2636 Etenim
1063 2599 1187 2637 cum
1251 2583 1530 2636 Abraham
1588 2584 2024 2654 hospitalitatem
2087 2586 2141 2638 in

557 2689 750 2728 mnnes
800 2684 1108 2737 exerceret,
1159 2675 1372 2729 meruit
1421 2676 1615 2741 Deum,
1663 2675 1875 2745 angelis
1923 2675 2144 2730 duobus

557 2765 898 2827 comitatum.
925 2767 1025 2821 sub
1044 2767 1233 2836 specie
1256 2767 1488 2822 viatoris
1510 2767 1866 2837 conspicere:
1886 2766 2145 2823 similiter

556 2867 613 2910 et
651 2856 772 2921 Lot,
799 2858 892 2926 qui
929 2858 1157 2927 angelos
1183 2857 1430 2926 hospitio
1463 2859 1702 2928 excepit.
1746 2847 2152 2912 Verumtamen

557 2948 684 3003 date
725 2964 948 3018 operam
974 2949 1188 3012 sedulo,
1219 2958 1280 3002 ut
1306 2950 1361 3003 in
1393 2949 1662 3006 divitibus
1711 2959 1878 3020 atque
1937 2966 2147 3021 paupe-

562 3041 716 3095 ribus
758 3041 1050 3110 aequaliter
1105 3041 1278 3095 Deum
1345 3042 1642 3111 quaeratis;
1688 3041 1836 3112 quod
1881 3042 2144 3098 effectum

2237 596 2330 632 τον
2370 578 2552 649 ἐαυτῷ
2595 578 2848 641 ἐλεεινῶς
2890 577 3242 643 ἀποκλείσει,
3278 576 3344 630 δι’
3395 573 3609 629 ἔνδειαν
3648 575 3836 628 ἐλαίου

2239 670 2338 737 τῆς
2381 665 2664 736 λαμπάδος
2709 664 3146 734 ἀποσὸεσθείσης
3168 677 3183 692 °
3216 661 3561 732 ἐλεημοσύνη
3596 663 3709 729 γὰρ
3740 661 3838 712 αύ-

2237 755 2366 816 τοὺς
2392 757 2562 808 ἐλεεῖν
2593 755 2805 822 πέφυκε
2842 755 3092 824 πρώτους
3119 796 3134 818 ,
3173 755 3270 807 καὶ
3303 752 3557 822 μεγάλων
3589 751 3834 825 ἐξαιρεί-

2241 844 2364 897 σθαι
2396 842 2580 896 κακῶν
2611 845 2737 906 τοὺς
2759 845 2962 912 ἑαυτῆς
2986 843 3248 912 ἐργάτας,
3274 841 3436 894 αὑτὸν
3463 840 3674 891 ἐκεῖνον
3698 840 3833 907 ὀμο-

2235 932 2500 999 λογοῦντα
2519 930 2756 1001 Χριστὸν
2780 929 3005 998 ἔχουσα,
3033 930 3127 983 καὶ
3159 931 3237 992 είς
3262 929 3455 982 ἐαυτὸν
3493 926 3833 996 ἀναδεχόμε-

2239 1035 2366 1082 νον,
2412 1021 2503 1072 τὸν
2541 1021 2620 1080 είς
2670 1018 2798 1080 τοὺς
2847 1021 3089 1087 πένητας
3145 1018 3312 1070 ἔλεον.
3367 1018 3495 1086 Ἐφ’
3525 1015 3680 1069 ὅσον
3718 1015 3835 1082 γὰρ

2238 1107 2590 1176 ἐποιήσατε,
2616 1108 2802 1176 φησὶν,
2819 1106 2908 1158 ἐνὶ
2929 1108 3158 1160 τούτων
3181 1105 3674 1172 τῶνέλαχίστων,
3697 1102 3832 1170 ἐμοὶ

2237 1195 2566 1262 ἐποιήσατε
2588 1211 2600 1226 ·
2655 1195 2845 1264 ῶσπερ
2889 1196 2917 1246 6
2965 1193 3040 1264 μὴ
3067 1193 3157 1245 τὸν
3186 1193 3416 1262 ἀδελφὸν
3445 1193 3614 1245 ἐλεῶν
3639 1191 3830 1252 πάλιν,

2238 1285 2331 1337 τὸν
2357 1285 2482 1337 Υἱὸν
2508 1283 2601 1336 τοῦ
2631 1283 2766 1336 Θεοῦ
2801 1283 2988 1351 σαφῶς
3014 1283 3267 1352 ἡρνηται,
3298 1282 3500 1351 τρόπον
3538 1281 3662 1334 τινά
3685 1281 3832 1333 κατά

2238 1373 2364 1435 τοὺς
2391 1372 2782 1434 Σαδδουκαῖους
2811 1373 2882 1444 τῇ,
2905 1369 3202 1422 ἀναστάσει
3230 1368 3324 1421 καὶ
3353 1369 3515 1432 αὐτὸς
3553 1368 3830 1432 ἀπιστῶν,

2239 1462 2334 1512 καὶ
2361 1460 2495 1530 πρὸς
2525 1458 2624 1521 τὰς
2674 1457 2882 1511 ἐκεῖθεν
2910 1457 2971 1509 οὐ
2994 1456 3308 1509 διαὸλέπων
3339 1457 3580 1517 ἐλπίδας.
3613 1457 3706 1526 Μὴ
3737 1456 3829 1509 οὖν

2241 1549 2617 1618 προτιμήσητε
2647 1547 2745 1614 τῆς
2777 1545 2872 1598 τοῦ
2917 1543 3148 1612 ἀδελφοῦ
3180 1545 3368 1614 χρείας
3396 1543 3488 1596 τὸν
3515 1545 3828 1612 ἐγκρυπτόο

2243 1653 2406 1706 μενον
2456 1637 2570 1697 τοῖς
2621 1637 2869 1704 χρήμασι
2903 1633 3161 1703 δαίμονα,
3197 1633 3256 1695 ὃς
3294 1633 3387 1686 καὶ
3419 1633 3567 1702 αὐτῷ
3603 1634 3827 1702 Χριστῷ

2237 1724 2545 1792 τετόλμηκε
2576 1722 2908 1792 προσϐαλεῖν
2931 1762 2944 1786 ,
2973 1722 3212 1791 εἰρηκώς
3234 1736 3248 1750 ·
3289 1720 3481 1775 Ταῦτα
3503 1720 3703 1776 πάντα
3726 1736 3827 1774 σοι

2109 1810 2135 1908 ἐ
2170 1836 2212 1891 Β
2239 1811 2434 1876 δώσω,
2455 1813 2563 1865 sar
2582 1811 2788 1908 πεσών
2800 1810 3350 1908 προσκυνήσῃςιιω
3369 1825 3384 1842 ’
3407 1812 3482 1880 μὴ
3585 1813 3826 1908 κοσμικῇ

2240 1897 2516 1966 φαντασίᾳ
2545 1895 2635 1948 τὸν
2659 1894 2758 1965 τὴν
2793 1893 3072 1962 πτωχείαν
3102 1893 3196 1945 τοῦ
3236 1894 3467 1962 πένητος
3510 1893 3828 1962 ὑπερχόμε-

2243 2003 2355 2053 νον,
2382 1987 2478 2039 καὶ
2513 1985 2589 2055 μὴ
2611 1984 2802 2053 ἔχοντα
2830 1981 2933 2034 ποῦ
2964 1981 3062 2051 τὴν
3089 1980 3335 2051 κεφαλὴν
3355 1979 3556 2043 κλῖναι,
3586 1981 3823 2050 Χριστὸν

2239 2075 2571 2144 ἀτιμάσητε,
2601 2067 2662 2125 οὗ
2701 2072 2843 2123 εἰσιν
2871 2071 2920 2122 ot
2949 2069 3171 2139 οὐρανοὶ
3203 2070 3295 2121 καὶ
3330 2069 3363 2138 ἡ
3399 2068 3493 2137 γῆ.
3545 2069 3701 2121 Ἐπεὶ
3732 2071 3826 2120 καὶ

2253 2161 2505 2232 ’Δὸραάμ
2553 2159 2766 2225 ξενίσας
2802 2153 2909 2210 οἶδε
2950 2155 3083 2211 Θεὸν
3139 2157 3236 2210 σὺν
3288 2156 3546 2225 ἀγγέλοις
3580 2155 3733 2209 δυσὶν
3768 2157 3825 2208 ἐν

2238 2252 2521 2320 ὁδοιπόρου
2544 2249 2784 2319 σχήματι
2807 2264 2819 2276 ·
2842 2246 3044 2315 ὁμοίως
3063 2245 3120 2298 δέ
3146 2245 3241 2299 καὶ
3258 2246 3379 2298 Λὼτ
3401 2245 3668 2313 ἀγγέλους
3691 2246 3825 2298 ὑπο-

2239 2339 2555 2410 δεξάμενος.
2601 2335 2764 2389 Ἀλλά
2788 2336 2884 2388 καὶ
2909 2337 2965 2387 ἐν
2996 2334 3237 2404 πλουσίῳ
3262 2335 3355 2388 καὶ
3388 2336 3585 2405 πένητι
3610 2334 3825 2404 ζητεῖτε

2238 2423 2397 2488 Θεὸν,
2418 2421 2658 2490 πένητας
2685 2419 2786 2489 μέν
2809 2418 2883 2482 ὡς
2919 2417 3234 2482 πλουσίους,
3263 2419 3556 2482 πλουσίους
3583 2419 3640 2472 δέ
3663 2419 3825 2472 πάλιν

2238 2513 2314 2574 ὼς
2351 2512 2588 2582 πένητας
2611 2509 2973 2578 λογιζόμενοι,
3009 2506 3176 2569 πόδας
3201 2524 3259 2559 τε
3295 2507 3476 2560 αὐτῶν
3511 2507 3631 2577 μετ’
3663 2509 3823 2577 εύχα-

2243 2601 2455 2670 ριστίας
2484 2599 2620 2652 Θεοῦ
2653 2600 2745 2650 καὶ
2767 2598 2994 2667 ἀγάπης
3032 2597 3090 2648 ἐν
3130 2595 3370 2649 διαθέσει
3399 2595 3580 2665 ψυχῆς
3606 2597 3818 2650 νίπτον-

2239 2707 2351 2755 τες,
2383 2691 2479 2744 καὶ
2507 2689 2705 2758 ἱλαρῶς
2739 2688 2923 2751 αὐτοῖς
2943 2691 3008 2741 ἐκ
3033 2689 3142 2742 τῶν
3164 2688 3334 2741 ὄντων
3356 2686 3728 2760 ἐπαρκοῦντες
3751 2690 3815 2740 τὰ

2241 2778 2378 2848 πρὸς
2409 2777 2505 2848 τὴν
2533 2776 2745 2848 χρείαν,
2771 2776 2846 2841 ὡς
2878 2778 2975 2830 Eva
3007 2793 3066 2829 τε
3097 2779 3222 2840 τοὺς
3251 2779 3460 2840 πάντας
3494 2777 3754 2846 ὁρῶντες,
3784 2778 3814 2846 ἢ

2241 2869 2336 2920 καὶ
2394 2867 2631 2937 Χριστὸν
2687 2868 2746 2919 ἐν
2800 2867 2986 2928 αὐτοῖς
3041 2865 3244 2936 μᾶλλον
3294 2868 3426 2937 όρᾷν
3481 2866 3816 2935 νομίζοντες.

2241 2953 2480 3017 Πλοῦτος
2509 2956 2785 3023 μοναχοίς,
2811 2954 3034 3023 ἀδελφοὶ
3062 2955 3156 3007 καὶ
3180 2954 3445 3026 Πατέρες,
3479 2955 3513 3025 ἡ
3547 2955 3783 3024 ἀκτησία
3803 2969 3816 2983 ·

2243 3044 2293 3095 εει
2322 3042 2382 3095 δέ
2404 3041 2669 3109 κέκτηταί
2695 3059 2800 3106 τις,
2833 3041 2910 3112 μὴ
2949 3041 3128 3112 ἐαυτῷ
3155 3042 3378 3112 μᾶλλον,
3405 3041 3544 3097 ἀλλά
3575 3043 3652 3113 τῷ
3682 3042 3818 3115 πληο

559 3131 782 3195 dabitis,
810 3133 856 3184 si
878 3131 1241 3186 consideretis
1269 3132 1322 3185 in
1350 3147 1596 3202 paupere
1627 3133 1858 3188 divitem
1881 3140 2143 3188 etcontra

2248 3130 2358 3185 σίον
2387 3129 2701 3198 κεκτήσθω.

563 3224 617 3276 in
645 3223 812 3278 divite
843 3238 1176 3292 pauperem;
1213 3223 1259 3279 si
1282 3224 1452 3293 pedes
1484 3240 1680 3280 eorum
1707 3225 1904 3280 lavetis
1929 3241 2057 3280 cum
2105 3224 2406 3295 gratiarum
2436 3221 2654 3277 actione
2690 3227 2748 3274 et
2769 3218 3038 3276 charitate
3061 3220 3118 3274 in
3158 3217 3604 3274 testiﬁcationem
3637 3217 3826 3281 animi,

563 3319 608 3372 si
655 3318 1020 3388 suppeditetis
1047 3317 1300 3373 hilariter
1321 3318 1388 3373 de
1416 3319 1774 3374 facultatibus
1804 3321 2007 3376 vestris
2033 3318 2303 3390 quidquid
2333 3332 2526 3374 eorum
2559 3330 2691 3370 usus
2710 3314 2980 3385 deposcit,
3023 3316 3069 3369 si
3101 3312 3341 3383 denique
3367 3312 3660 3367 universos
3685 3312 3829 3366 Velut

565 3426 733 3466 unum
771 3412 1118 3475 intueamini,
1139 3420 1233 3467 aut
1265 3415 1448 3482 potius
1478 3413 1759 3471 Christum
1790 3416 1844 3470 in
1871 3417 2131 3471 omnibus
2155 3431 2250 3470 vos
2272 3428 2520 3477 cernere,
2550 3412 2898 3467 existimetis.
2935 3409 3148 3466 Divitiae
3178 3409 3597 3472 monachorum,
3647 3408 3830 3464 Patres

563 3509 897 3576 fratresque,
933 3506 1071 3559 nihil
1106 3507 1433 3576 possidere:
1479 3509 1523 3564 si
1568 3510 1694 3580 quis
1741 3519 1924 3565 tamen
1969 3512 2036 3566 iis
2070 3510 2336 3574 abundet,
2371 3524 2480 3563 non
2523 3507 2628 3562 sibi
2663 3507 2847 3577 potius
2873 3506 3117 3562 abundet
3160 3521 3325 3575 quam
3351 3505 3624 3575 proximo.

633 3598 722 3652 35.
756 3597 833 3651 Eo
862 3597 1264 3651 connitendum
1318 3599 1612 3665 monacho,
1651 3609 1712 3654 ut
1751 3609 1866 3654 tum
1917 3616 2151 3671 corpore

567 3698 682 3742 tum
713 3688 897 3741 animo
933 3680 1227 3742 continens
1249 3690 1339 3742 sit.
1369 3689 1425 3743 Si
1467 3707 1632 3760 quem
1665 3700 1910 3746 vestrum
1949 3693 2152 3746 lasciva

567 3777 826 3847 cogitatio
879 3776 1140 3838 incessat,
1172 3776 1394 3846 fratres,
1434 3778 1488 3831 in
1538 3780 1815 3834 anxietate
1844 3770 2154 3849 spirituset

568 3867 994 3936 compunctione
1019 3867 1220 3920 cordis.
1241 3867 1566 3939 confugiens
1599 3869 1665 3922 ad
1699 3869 1892 3932 Deum,
1921 3869 1993 3923 ita
2026 3884 2151 3923 cum

570 3961 825 4032 lacrymis
849 3960 1049 4015 clamet
1079 3975 1092 4013 :
1123 3961 1352 4014 Domine
1379 3961 1505 4016 Jesu
1544 3962 1782 4027 Christe,
1815 3970 1871 4016 tu
1914 3962 2006 4032 qui
2054 3962 2154 4015 mi-

568 4052 806 4110 sericors
841 4059 895 4104 et
921 4051 1217 4106 miseratur
1245 4052 1414 4115 Deus,
1447 4053 1539 4120 qui
1566 4053 1734 4106 totius
1761 4052 2154 4106 consolationis

567 4143 854 4208 Dominus,
905 4151 961 4197 tu
996 4143 1090 4213 qui
1123 4143 1277 4197 fuisti
1332 4158 1570 4213 semper,
1617 4143 1946 4214 futurusque
1990 4159 2051 4198 es
2098 4145 2154 4197 in

569 4243 861 4298 :etcrnum,
899 4245 954 4290 tu
1002 4236 1096 4304 qui
1149 4235 1564 4292 amantissimus
1598 4237 1771 4291 nostri
1807 4237 2006 4300 —Pater,
2059 4235 2153 4306 qui

567 4325 911 4380 conﬁdentes
942 4327 996 4379 in
1020 4337 1072 4380 te
1099 4342 1209 4380 non
1241 4327 1448 4397 pateris
1471 4327 1767 4394 confundi;
1796 4337 1876 4392 tu,
1908 4327 2152 4398 inquam,

567 4417 723 4487 eripe
779 4431 866 4471 me
911 4432 977 4472 ex
1019 4426 1289 4486 potestate
1341 4419 1608 4484 hostium,
1651 4434 1912 4474 succurre
1958 4420 2156 4474 anima:

570 4526 724 4574 meae,
759 4511 971 4564 salvum
1012 4526 1098 4564 me
1156 4510 1242 4565 fac
1296 4512 1350 4565 in
1387 4512 1769 4567 misericordia
1797 4520 1910 4577 tua,
1949 4521 2003 4566 tu
2060 4509 2154 4579 qui

567 4604 864 4657 exsultatio
887 4619 1006 4657 mea
1035 4619 1115 4658 es.
1162 4602 1360 4659 Libera
1390 4620 1474 4658 me
1495 4606 1562 4658 ab
1593 4604 1808 4660 insidiis
1833 4621 2024 4660 eorum
2059 4607 2154 4676 qui

568 4692 1059 4748 circumdederunt
1087 4709 1173 4749 me
1198 4712 1211 4747 :
1238 4705 1294 4748 tu
1320 4697 1524 4764 quippe
1550 4696 1717 4758 nosti,
1745 4695 1837 4765 qui
1866 4697 2016 4751 solus
2038 4712 2156 4751 om-

571 4785 660 4837 nia
688 4785 855 4850 nosti,
882 4794 937 4838 et
962 4801 1126 4854 quem
1159 4801 1228 4840 ne
1259 4786 1588 4841 abscondita
1614 4781 1840 4856 quidem
1863 4787 2049 4841 cordis
2078 4787 2157 4841 la-

2325 3598 2428 3666 λγ¹.
2463 3598 2664 3665 Ἔργον
2716 3594 2992 3666 μοναχοῦ,
3019 3594 3342 3666 σωφροσύνη
3397 3595 3669 3666 σώματος,
3701 3596 3830 3649 ἀλλὰ

2258 3690 2540 3761 καὶψυχῆς
2563 3707 2576 3720 ·
2602 3691 2649 3742 εί
2677 3690 2734 3743 δέ
2751 3706 2873 3742 τινα
2899 3687 3077 3755 ὑμῶν,
3111 3688 3351 3757 ἀδελφοὶ,
3378 3688 3638 3758 λογισμὸς
3672 3691 3833 3744 ἀκαθ-

2256 3780 2452 3852 αρσίας
2485 3780 2727 3852 εἰσέλθῃ,
2757 3782 2814 3833 ἐν
2860 3782 3057 3850 συνοχῇ
3121 3780 3431 3849 πνεύματος
3475 3781 3568 3833 καὶ
3611 3781 3830 3849 καρδίας

2254 3873 2537 3944 ὀλολυγμῷ
2581 3873 2717 3945 πρὸς
2741 3873 2873 3925 Θεὸν
2909 3872 3047 3942 μετὰ
3092 3871 3346 3940 δακρύων
3389 3873 3574 3925 ἐκεῖνα
3621 3872 3828 3940 ﬁcitur

2255 3967 2501 4021 Δέσποτα
2533 3964 2756 4034 Χριστὲ,
2801 3965 2829 4015 ὁ
2882 3963 2992 4016 τῶν
3041 3961 3343 4033 οἰκτιρμῶν
3386 3962 3481 4016 καὶ
3518 3963 3613 4016 τοῦ
3653 3964 3829 4026 ἐλέους

2255 4059 2410 4124 Θεὸς,
2454 4061 2482 4111 ὁ
2521 4060 2700 4129 πάσης
2744 4056 3143 4127 παρακλήσεως
3181 4053 3405 4126 Κύριος,
3441 4055 3487 4107 6'
3507 4055 3594 4108 ἀεὶ
3639 4055 3714 4108 ῶν
3743 4059 3829 4108 καὶ

2256 4148 2525 4218 διαμένων
2555 4149 2633 4210 εἰς
2667 4146 2796 4208 τοὺς
2829 4147 3052 4209 αἰῶνας,
3093 4146 3121 4196 6
3149 4144 3302 4214 μόνος
3342 4143 3698 4215 φιλόστοργος
3730 4144 3832 4196 Πα-

2255 4240 2381 4310 τὴρ,
2406 4240 2432 4291 6
2457 4241 2582 4301 τοὺς
2612 4238 2703 4290 ἐπὶ
2735 4237 2818 4290 σοὶ
2850 4237 3178 4298 πεποιθότας
3211 4235 3288 4305 μὴ
3317 4235 3714 4305 καταισχύνων,
3740 4234 3823 4304 ῥῦ-

2260 4331 2351 4386 σαί
2376 4349 2442 4416 με
2482 4335 2544 4384 ὲκ
2571 4331 2751 4404 χειρὸς
2779 4331 2991 4402 ἐχθρῶν
3021 4347 3144 4400 μου,
3176 4330 3413 4401 πρόσχες
3441 4333 3504 4402 τῇ
3533 4329 3677 4402 ψυχῇ
3713 4347 3828 4400 μου,

2259 4423 2430 4477 σῶσόν
2470 4440 2536 4493 με
2574 4425 2630 4474 ἐν
2655 4422 2733 4494 τῷ
2763 4421 2901 4476 ἐλέει
2925 4439 3019 4475 σου
3049 4422 3109 4476 τὸ
3131 4422 3446 4491 ἀγαλλίαμά
3483 4440 3605 4491 μου,
3637 4423 3816 4494 λύτρω

2259 4516 2346 4569 σαί
2399 4533 2467 4585 με
2513 4515 2620 4568 ἀπὸ
2661 4515 2768 4566 τῶν
2816 4513 3214 4567 κυκλωσάντων
3253 4530 3351 4584 με·
3390 4515 3453 4567 σὺ
3480 4515 3590 4585 γὰρ
3619 4510 3829 4578 οἶδας,δ

2260 4607 2416 4678 μόνος
2449 4607 2625 4660 πάντα
2659 4603 2837 4668 εἰδὼς,
2871 4606 2929 4658 ὃν
2958 4604 3111 4659 οὐδὲν
3173 4605 3290 4662 ούδέ
3341 4603 3451 4658 τῶν
3484 4606 3584 4676 τῆς
3616 4607 3828 4678 καρδίας

2257 4691 2504 4764 κρυφίων
2546 4691 2730 4746 λαθεῖν
2777 4693 3024 4758 δύναται,
3064 4693 3139 4755 ὡς
3186 4692 3283 4744 οὐκ
3335 4694 3473 4763 ἐμῆς
3519 4697 3626 4748 εισι
3665 4695 3823 4750 ταῦτα

2258 4781 2484 4853 γνώμης
2517 4781 2803 4852 γεώργιον,
2837 4782 2974 4837 ἀλλά
3008 4783 3152 4836 κατά
3179 4783 3310 4836 πολύ
3348 4801 3438 4854 μοι
3475 4785 3538 4838 τὸ
3583 4787 3824 4839 ἀκούσιον

571 4886 687 4930 tere
719 4886 972 4946 possunt,
1003 4886 1082 4941 tu,
1117 4877 1364 4948 inquam,
1391 4881 1564 4943 nosti,
1599 4880 1911 4935 istiusmodi
1939 4881 2143 4950 impura

2261 4873 2495 4942 ἐπεφύη.
2522 4873 2805 4944 Μνήσθητι
2836 4874 2916 4926 ὅτι
2969 4871 3098 4943 χοῦς
3135 4875 3270 4945 ειμι,
3312 4875 3404 4928 καὶ
3440 4875 3513 4945 μὴ
3557 4878 3637 4939 εἰς
3665 4882 3826 4954 κατὰ·

569 4967 826 5038 cogitata,
857 4985 964 5022 non
999 4985 1027 5022 a
1059 4985 1145 5024 me
1179 4971 1464 5035 accersita,
1498 4971 1591 5026 sed
1623 4972 1854 5026 invitum
1887 4973 2152 5026 multum-

570 5075 678 5128 que
728 5060 1096 5115 reluctantem
1153 5063 1401 5116 animum
1427 5063 1686 5118 subiisse.
1722 5064 1995 5120 Memento
2024 5063 2153 5133 quia

573 5148 754 5218 pulvis
777 5164 920 5214 sum,
950 5164 1074 5213 nec,
1125 5166 1332 5220 quaeso,
1377 5152 1432 5205 in
1463 5153 1976 5208 condemnationem
2018 5153 2152 5208 mibi

572 5239 662 5294 illa
685 5239 903 5294 cedant.
925 5240 1178 5307 Domine,
1195 5242 1444 5308 Domine,
1462 5245 1636 5298 virtus
1655 5246 1846 5300 Salutis
1868 5262 2020 5309 meae,
2049 5246 2152 5300 sub

572 5329 770 5384 umbra
803 5339 894 5385 tua
925 5339 1152 5403 protege
1194 5349 1279 5388 me
1313 5335 1368 5388 in
1401 5335 1490 5388 die
1526 5335 1678 5390 belli.
1740 5336 1816 5391 Ne
1851 5337 2155 5391 tradideris

566 5439 679 5481 me.
713 5422 968 5485 Domine,
992 5439 1022 5476 a
1053 5426 1516 5495 concupiscentiis
1541 5429 1676 5483 meis
1700 5431 1974 5498 peccotori
2010 5447 2022 5482 :
2052 5431 2155 5484 mi-

569 5528 755 5567 serere
779 5514 909 5580 mei,
934 5513 1104 5580 Deus,
1132 5517 1396 5573 miserere
1425 5519 1557 5582 mei,
1580 5519 1840 5589 quoniam
1869 5520 1923 5574 in
1949 5531 1998 5574 te
2019 5535 2152 5574 con-

575 5605 695 5659 ﬁdit
729 5606 910 5660 anima
938 5621 1080 5672 mea,
1108 5619 1163 5663 et
1189 5609 1292 5664 sub
1315 5611 1508 5664 umbra
1541 5612 1752 5666 alarum
1780 5621 1995 5667 tuarum
2026 5627 2154 5682 spe-

575 5697 710 5750 rabo
737 5716 750 5750 :
784 5697 929 5752 Deus
954 5714 1130 5767 meus,
1159 5717 1227 5756 ne
1253 5701 1414 5773 longe
1448 5703 1676 5758 recedas
1705 5720 1732 5757 a
1760 5720 1844 5759 me
1877 5721 1888 5756 :
1917 5704 2062 5758 Deus
2095 5703 2148 5756 in

644 5810 883 5866 ‘Matth.
921 5828 1042 5879 xxv,
1097 5815 1187 5871 ιο.
1263 5818 1282 5848 ⁷
1335 5816 1524 5872 Matth.
1576 5834 1648 5885 tv,
1684 5820 1736 5874 9.

2263 4979 2435 5034 κριμα
2494 4962 2797 5031 λογισθήτω
2839 4979 2948 5032 μοι.
3010 4959 3202 5033 Κύριε,
3249 4962 3439 5032 Κύριε,
3471 4964 3698 5034 δύναμις
3739 4967 3824 5034 τῆς

2262 5053 2536 5124 σωτηρίας
2571 5070 2694 5123 μου,
2725 5053 3045 5108 ἐπισκίασον
3083 5054 3177 5106 ἐπὶ
3215 5055 3318 5125 τὴν
3358 5053 3606 5125 κεφαλήν
3645 5072 3743 5124 μου
3776 5058 3824 5107 ἐν

2262 5145 2444 5216 ἡμέρᾳ
2474 5143 2746 5214 πολέμου·
2779 5143 2854 5216 μὴ
2891 5144 3146 5216 παραδῷς
3205 5162 3292 5215 με,
3352 5146 3547 5216 Κύριε,
3595 5145 3702 5200 ἀπὸ
3741 5146 3824 5215 τῆς

2260 5237 2554 5307 ἐπιθυμίας
2582 5254 2683 5308 μου
2713 5237 3024 5309 ἀμαρτωλῷ
3043 5237 3298 5308 ’ἐλέησόν
3329 5255 3417 5307 με,
3442 5241 3471 5292 6
3502 5237 3656 5301 Θεὸς,
3689 5239 3822 5305 ἐλέη-

2265 5331 2354 5384 σόν
2387 5349 2476 5400 με,
2509 5333 2591 5385 ὅτι
2625 5331 2716 5385 ἐπὶ
2743 5331 2826 5386 σοὶ
2861 5330 3118 5384 πέποιθεν
3151 5329 3182 5402 ὴ
3217 5330 3361 5403 ψυχή
3409 5349 3535 5401 μου,
3569 5332 3665 5384 καὶ
3692 5331 3819 5402 ἐντῇ

2265 5425 2394 5494 σκιᾷ
2422 5423 2530 5476 τῶν
2561 5424 2847 5494 πτερύγων
2890 5441 2985 5476 σου
3015 5422 3187 5477 ἐλπιῶ
3208 5439 3221 5452 ·
3253 5424 3282 5476 6
3302 5423 3433 5485 Θεός
3465 5441 3589 5492 μου,
3625 5423 3700 5496 μὴ
3734 5439 3821 5494 μα-

2263 5515 2466 5587 κρύνῃς
2503 5517 2596 5570 ἀπ’
2627 5517 2783 5586 ἐμοῦ,
2825 5517 2853 5570 6
2883 5517 3015 5579 Θεός
3050 5532 3172 5593 μου,
3205 5517 3285 5578 εις
3309 5518 3410 5581 τὴν
3453 5514 3708 5584 βοήθειάν
3734 5530 3819 5599 μον

2263 5609 2528 5679 πρόσχες’
2601 5607 2795 5679 βοηθός
2872 5625 2974 5679 μου
3001 5608 3096 5663 καὶ
3123 5607 3326 5680 ρύστης
3355 5624 3455 5679 μου
3479 5605 3526 5662 εί
3555 5609 3641 5677 σὺ,
3661 5609 3690 5662 6
3708 5607 3822 5670 Θεός

2268 5718 2391 5772 im"!
2426 5700 2498 5771 μὴ
2528 5702 2800 5774 Χρονίσῖἶςο
