4078 6332
189 408 328 477 3021

1187 418 1367 481 vm
1406 418 1453 478 Α
1489 413 1926 492 Νιςερῑιοιιο
1963 386 2448 497 cessantem.

3319 425 3461 492 3022

196 551 394 602 μενον·
429 535 504 601 ὡς
539 535 594 589 δὲ
643 534 1009 591 πυνθάνεσθαι
1048 537 1101 591 τί
1129 555 1262 591 ποτε
1303 539 1388 608 εἴη
1436 541 1504 591 τὰ
1547 540 1764 611 παρόντι

1889 552 2010 597 tum
2045 545 2248 600 deinde
2278 560 2378 616 per
2405 556 2614 616 septem
2641 546 2816 601 scalas
2852 531 3073 602 deduci.
3112 547 3461 601 Percontatur

186 631 391 698 ἐδόκει,
421 634 605 701 φωνῆς
636 628 827 683 ἀκούει
851 628 1140 699 λεγούσης,
1170 629 1246 692 ὡς
1292 629 1398 699 ἄρα
1425 629 1489 682 Oi.
1515 630 1660 683 ἑπτὰ
1688 630 1778 682 06-

192 721 352 791 ρανοί
381 724 517 775 εἰσιν
545 717 712 785 οὗτοι,
742 713 1177 791 δι’,ὦνράνήχθης
1196 735 1209 748 ·
1245 717 1373 790 ἑξῆς
1399 719 1457 773 δὲ
1499 721 1592 774 καὶ
1614 709 1779 774 αὐτὸν

185 813 298 882 ὁρᾷ
322 812 412 865 τὸν
442 811 794 882 παράδεισον,
821 808 1083 863 παλάτιόν
1111 825 1168 861 τε
1198 809 1374 876 φωτὸς
1401 810 1459 864 ἓν
1490 810 1658 881 αὐτῷ,
1687 810 1781 864 καὶ

185 905 379 975 πηγὴν
434 905 591 974 μύρῳ
648 903 967 972 βλύζουσαν,
1011 903 1241 972 καμάρα
1283 903 1339 956 δὲ
1377 907 1442 974 τῇ
1489 907 1636 974 πηγῇ
1685 904 1781 972 ἐφ-

186 993 462 1062 ειστήκει,
498 993 649 1056 θείας
679 993 924 1063 ἀκριϐῶς
958 993 1138 1063 χειρὸς
1167 993 1350 1065 ἔργον,
1377 993 1567 1049 οὐδένα
1595 994 1653 1046 δὲ
1685 996 1781 1047 άν-

185 1083 428 1156 θρὼπων
477 1087 609 1149 ἐκεῖ,
641 1085 722 1138 ὅτι
751 1084 825 1156 μὴ
854 1085 944 1137 τὸν
979 1084 1150 1154 Ἀδὰμ
1186 1085 1284 1140 καὶ
1317 1079 1658 1157 τδνΛῃστὴν
1681 1087 1779 1141 ἴδοι

187 1177 408 1246 μόνους.
445 1178 530 1230 Ἐν
549 1177 727 1246 ἐαυτῷ
749 1177 806 1230 δὲ
826 1175 1084 1244 γεγονὼς,
1110 1177 1444 1246 ἀπαγγέλλει
1465 1177 1542 1249 τῷ
1557 1179 1779 1250 Ἰωάννῃ

183 1268 292 1336 τὴν
321 1267 472 1334 ὅψινί
501 1271 527 1322 6
559 1267 614 1321 δὲ
649 1267 881 1337 χείλεσιν
897 1266 1268 1333 ἀγαλλιάσεως
1289 1263 1357 1337 ἦν
1378 1269 1542 1322 αίνῶν
1575 1287 1633 1324 τε
1664 1268 1780 1340 ἅμα

183 1359 285 1411 καὶ
314 1359 555 1425 εὐλογῶν
585 1359 675 1411 τὸν
699 1359 852 1425 Θεὸν,
884 1359 944 1422 ὂς
972 1358 1308 1429 τηλικαύτην
1334 1360 1485 1431 αὐτῷ
1511 1361 1780 1434 δεδώρητο

180 1449 372 1518 χάριν.
423 1451 480 1504 'U
513 1451 611 1520 μὲν
648 1448 740 1505 οὖν
766 1451 990 1522 Συμεὼν
1023 1453 1380 1522 τηλικαύταις
1413 1453 1614 1524 ὑψοῦτο
1642 1456 1778 1526 πρὸς

186 1541 326 1594 θεὸν
362 1542 712 1597 ἀναϐάσεσιν.

257 1740 360 1795 λον.
389 1741 562 1795 Ἐπὰν
606 1741 663 1794 δέ
719 1757 801 1804 τις
841 1738 990 1810 αὐτῷ
1035 1739 1322 1811 προσέλθοι
1357 1713 1655 1812 ἐνδύματος
1688 1743 1774 1796 ιν.

179 1831 336 1902 δεὴς,
369 1831 616 1897 ὲξεδύετο
648 1832 708 1884 τὸ
744 1833 946 1884 οἰκεῖον
984 1819 1213 1894 ἐκεῖνος,
1247 1832 1428 1886 πᾶσαν
1462 1833 1538 1896 ὠς
1566 1828 1679 1886 οἷόν
1716 1851 1798 1894 τε,

181 1922 464 1976 λανθάνων
494 1923 748 1992 αἴσθησιν
775 1961 789 1981 .
823 1925 918 1974 καὶ
950 1923 1177 1992 παρεῖχε
1209 1921 1290 1993 τῷ
1312 1923 1549 1995 δεομένῳ
1574 1939 1588 1954 '
1622 1927 1717 1980 καὶ
1746 1928 1774 1980 6

185 2015 290 2084 μὲν
323 2015 560 2086 ἐκάθητο
597 2014 805 2085 γυμνὸς
849 2016 916 2069 τὰ
967 2013 1135 2068 πολλὰ
1182 2017 1273 2068 καὶ
1303 2000 1593 2087 χειμῶνος,
1622 2019 1777 2080 θείας

181 2106 396 2161 ἄνωθεν
419 2109 640 2178 χάριτος
674 2106 934 2178 περιϐολῇ
966 2107 1326 2177 σκεπόμενος.
1365 2108 1583 2163 Ἐλύπει
1623 2110 1681 2165 δὲ
1713 2112 1776 2165 τὸ

182 2201 333 2272 πέρα
363 2199 576 2270 φύσεως
605 2199 764 2252 τοῦτο
796 2200 892 2268 τῆς
921 2198 1014 2250 τοῦ
1041 2197 1270 2268 Συμεὼν
1293 2200 1663 2266 κακοπαθείας
1683 2203 1777 2256 τὸν

193 2291 473 2363 Ἰωάννην,
510 2293 609 2344 ὅσα
645 2296 740 2345 καὶ
770 2291 952 2364 πατὴρ
981 2292 1145 2346 αὐτοῦ
1179 2290 1274 2346 καὶ
1317 2293 1512 2364 μήτηρ·
1537 2294 1772 2365 κηδόμε-

178 2400 295 2437 νον.
319 2383 458 2436 [lore
489 2383 668 2436 τοίνυν
704 2382 1002 2453 βαλόμενος
1044 2385 1071 2436 6
1112 2380 1339 2454 Συμεὼν
1369 2385 1460 2437 ἐπὶ
1490 2384 1613 2438 νοῦν
1647 2387 1773 2450 τοὺς

179 2476 292 2530 τῶν
324 2475 496 2542 ἁγίων
521 2475 929 2546 τεσσαράκοντα
972 2475 1267 2547 μαρτύρων
1299 2475 1441 2546 ὑπὲρ
1485 2477 1770 2541 εὐσεϐείας

183 2567 433 2634 ἀγῶνας,
464 2568 611 2630 ὅπως
651 2568 770 2640 ὥρᾳ
809 2568 1077 2637 χειμῶνος
1111 2569 1204 2620 ἐπὶ
1235 2568 1432 2639 λίμνης
1463 2569 1665 2643 αίθριοι
1693 2569 1774 2640 τῷ

181 2659 414 2730 παγετῷ
449 2659 859 2731 διεκαρτέρουν,
905 2661 966 2712 τό
997 2677 1054 2713 τε
1107 2659 1304 2730 στῆθος
1335 2662 1515 2714 παίων
1552 2663 1644 2715 καὶ
1676 2664 1772 2716 δα-

179 2751 388 2822 κρύων,
408 2754 594 2817 ὑετοὺς
626 2753 733 2805 τῶν
761 2751 1057 2822 ὀφθαλμῶν
1081 2753 1314 2819 καθιεὶς,
1342 2755 1535 2824 Οἴμοιῐ
1563 2755 1769 2825 ἔλεγεν,

183 2845 370 2914 οίμοιί
403 2843 662 2908 Ὅσοιςυὶ
701 2845 980 2915 μάρτυρες
1022 2843 1239 2909 ἄθλοις,
1268 2845 1485 2914 ἡλίκαις
1523 2847 1772 2919 διάκρι-

181 2936 308 2990 στὸν
333 2934 609 2999 κολάσεσι,
642 2937 741 2998 τάς
768 2953 823 2987 τε
856 2934 1157 3006 μελλούσας
1193 2935 1463 3006 βασάνους
1491 2939 1768 3008 διέφυγον,

179 3026 408 3079 καὶτῶν
439 3025 872 3095 ἐπηγγελμένων
895 3026 1260 3097 τετυχήκασιν
1292 3027 1514 3096 ἀγαθῶν
1537 3030 1550 3082 l
1582 3032 1692 3097 ἐγὼ
1714 3031 1772 3084 δὲ

178 3114 231 3167 τί
273 3116 488 3208 δράσως
549 3118 673 3180 Πῶς
717 3116 806 3168 τὸν
841 3117 1084 3188 βρυγμδν
1119 3117 1227 3170 τῶν
1257 3118 1486 3172 ὀδόντων
1525 3120 1552 3171 6
1589 3121 1771 3183 ἄθλιος

1874 644 2091 699 autem.
2120 637 2254 706 quid
2279 635 2447 694 rebus
2469 637 2598 703 illis,
2627 653 2750 708 qua
2777 637 2952 693 oculis
3001 638 3462 708 sulljiciebantnr,

1881 729 2179 798 aliquando
2210 730 2460 785 futurum
2493 737 2662 795 esset,
2683 729 2871 784 audita
2901 743 3006 784 vox
3023 739 3109 784 est
3129 725 3322 784 dicens
3352 746 3364 782 :
3399 728 3464 783 lli

1881 831 2088 892 septem
2105 823 2232 878 coeli
2253 832 2381 879 sunt
2395 839 2496 894 per
2515 838 2657 892 quos
2671 823 2990 879 ascendisti.
3009 823 3268 878 Posthzec
3287 823 3466 892 ipsum

1881 915 2235 983 conspicatur
2257 914 2597 984 paradisum,
2646 915 2700 969 in
2733 930 2909 986 eoque
2941 914 3208 984 palatium
3252 912 3466 986 fulgen-

1883 1006 2153 1061 tissimum
2170 1015 2228 1062 et
2248 1005 2338 1061 fon
2348 1014 2456 1061 tem
2481 1015 2761 1077 unguento
2776 1007 3018 1076 pretioso
3035 1006 3464 1071 scaturientem;

1881 1095 2021 1151 fonti
2063 1104 2246 1152 autem
2275 1096 2602 1152 imminebat
2626 1096 2832 1162 fornix,
2858 1096 3087 1168 dignum
3130 1097 3340 1153 artiﬁce
3375 1098 3462 1151 di-

1879 1189 2009 1243 vino
2035 1204 2212 1258 opus:
2238 1189 2333 1245 sed
2376 1191 2588 1245 nullum
2615 1191 2752 1245 inibi
2783 1189 3065 1245 hominem
3096 1198 3462 1260 praeterquam

1880 1281 2057 1336 solum
2083 1282 2352 1336 Adamum
2374 1291 2431 1338 et
2450 1283 2659 1337 bonum
2687 1281 2979 1338 Latronem
3006 1281 3358 1338 observabat.
3384 1281 3464 1336 Ad

1880 1387 1938 1427 se
1970 1387 2229 1428 reversus
2247 1372 2488 1445 Symeon
2523 1373 2752 1443 exponit
2772 1372 2972 1428 Joanni
3002 1374 3295 1438 visionem,
3325 1373 3465 1428 laetis

1879 1447 2112 1521 vocibus
2159 1466 2406 1521 laudanti
2442 1467 2739 1522 Dominum
2789 1482 2853 1521 ac
2888 1466 3259 1530 benedicenti,
3314 1465 3463 1537 quod

1882 1557 2046 1612 talem
2068 1557 2274 1613 famulo
2291 1574 2391 1613 suo
2409 1560 2638 1629 gratiam
2672 1558 2987 1630 impertitus
3008 1567 3174 1637 esset.
3205 1560 3385 1629 Atque
3406 1555 3464 1612 hi

1879 1657 2006 1703 sunt.
2026 1649 2229 1719 gradus
2251 1690 2266 1713 ,
2294 1650 2502 1720 quibus
2532 1648 2770 1721 Symeon
2805 1650 3144 1705 ell‘erebatur
3167 1651 3232 1705 ad
3262 1651 3459 1708 Deum.

1950 1740 2039 1794 59.
2078 1740 2133 1794 Si
2165 1741 2390 1808 quando
2441 1740 2622 1808 ipsum
2645 1740 2935 1796 accederet
2972 1741 3249 1811 quispiam
3291 1744 3462 1798 vestis

1880 1831 2119 1903 indigus,
2154 1849 2308 1888 suam
2337 1833 2440 1888 sibi
2478 1834 2596 1904 ipse
2628 1834 2953 1896 detractam,
2979 1835 3128 1890 omni
3167 1836 3460 1891 commise-

1877 1921 2108 1976 rationis
2154 1937 2342 1987 sensu,
2369 1931 2637 1992 quantum
2663 1923 2780 1978 ﬁeri
2811 1931 3046 1993 poterat,
3089 1923 3458 1990 dissimulato,

1875 2011 2196 2082 porrigebat
2218 2013 2451 2083 petenti,
2474 2012 2928 2083 perennabatquc
2949 2013 3134 2069 nudus
3157 2013 3273 2085 ipsa
3292 2015 3461 2070 etiam

1875 2103 2201 2174 plerumque
2229 2103 2433 2168 hieme,
2463 2103 2667 2158 divinae
2698 2102 2984 2157 charitatis
3010 2103 3216 2158 amictu
3242 2104 3461 2163 ccelitus

1875 2195 2187 2264 coopertus.
2225 2195 2430 2250 Verum
2469 2195 2562 2250 hic
2611 2194 2858 2250 insolens
2888 2209 3168 2265 supraque
3204 2203 3458 2250 naturam

1875 2284 2177 2355 castigandi
2218 2285 2306 2341 sui
2334 2285 2532 2340 modUs
2559 2300 2782 2358 gravem
2805 2286 2973 2340 animi
2998 2300 3220 2342 sensum
3247 2287 3461 2358 ingere-

1875 2376 1968 2432 bat
2012 2377 2233 2442 Joanni,
2281 2393 2393 2432 non
2429 2378 2618 2434 minus
2662 2377 2732 2434 de
2773 2377 3064 2450 Symeone,
3099 2394 3264 2449 quam
3299 2389 3458 2450 pater

1875 2458 2117 2526 materve
2156 2471 2319 2533 solet,
2359 2470 2542 2526 anxio.
2588 2469 2835 2536 Quodam
2890 2481 3139 2542 tempore
3192 2487 3458 2529 revocans

1873 2562 1941 2616 ad
1974 2563 2220 2617 animum
2261 2563 2499 2634 Symeon
2552 2563 2920 2635 quadraginta
2957 2573 3275 2620 sanctorum
3307 2582 3457 2621 mar-

1839 2665 2053 2724 -tyrum
2107 2654 2392 2726 religionis
2437 2671 2572 2725 ergo
2608 2665 2871 2726 suscepta
2901 2660 3228 2722 certamina,
3275 2659 3458 2728 pensi-

1875 2749 2105 2816 tansque
2121 2763 2284 2817 quam
2316 2763 2512 2803 sereno
2534 2749 2811 2819 hilarique
2839 2749 2995 2804 vultu
3022 2750 3076 2814 in
3102 2750 3222 2805 lacu
3251 2750 3456 2822 frigore

1873 2839 2218 2912 conglaciato
2248 2840 2484 2894 brumali
2516 2848 2841 2911 tempestate
2873 2841 3165 2904 durarent.
3189 2857 3455 2910 percusso

1872 2939 2096 3000 pectore
2148 2933 2628 3002 lacrymarumque
2672 2931 2848 2987 imbre
2896 2933 3074 2988 oculis
3117 2932 3450 3003 proﬂuente.

1873 3021 1970 3074 Hei
1996 3021 2153 3085 mihi,
2179 3022 2376 3091 inquit,
2409 3022 2499 3076 hei
2534 3023 2737 3076 misero
2756 3023 2892 3077 mihi
2913 3023 2926 3076 l
2950 3024 3171 3092 quantis
3202 3024 3280 3080 illi
3311 3040 3457 3079 mar-

1873 3125 2023 3183 tyres
2049 3115 2470 3176 certaminibus,
2494 3130 2657 3184 quam
2682 3114 2901 3168 acerbis
2917 3126 3144 3184 propter
3169 3115 3455 3173 Christum

179 3203 363 3274 φύγω,
399 3207 448 3260 οἳ
483 3207 759 3260 κάνταῦθα
791 3206 852 3260 τὸ
886 3208 1046 3278 σῶμα
1081 3208 1306 3265 ἔδονται,
1336 3210 1497 3264 κάκεῖ
1538 3229 1628 3282 μοι
1665 3213 1764 3266 πά-

1875 3203 2217 3259 cruciatibus
2249 3205 2519 3266 toleratis,
2551 3212 2608 3259 et
2640 3214 2913 3260 tormenta
2949 3208 3287 3278 sempiterna
3320 3225 3454 3266 eva-

178 3295 261 3348 λιν
284 3297 786 3366 ού-τελευτὴσουσι;
814 3297 996 3350 Ταῦτα
1025 3298 1200 3365 ἔλεγε,
1227 3299 1436 3362 τούτοις
1465 3300 1763 3372 ἡδολέσχει,

177 3389 406 3443 τοιαῦτα
433 3387 920 3460 προσανεκλαίετο.
953 3387 1083 3442 Εἶτα
1120 3389 1322 3456 γόνατα
1358 3391 1494 3460 προς
1531 3392 1634 3459 γῆν
1669 3395 1765 3447 καὶ

183 3484 374 3552 χεῖρας
417 3483 656 3551 ἐρείσας,
698 3481 841 3535 οὕτω
874 3483 1051 3535 πᾶσαν
1093 3483 1308 3553 ἐκείνην
1336 3484 1432 3550 τὴν
1467 3487 1638 3540 νύκτα
1669 3505 1760 3539 πι-

178 3575 328 3646 κρῶς
351 3575 562 3628 -ἑαυτὸν
600 3575 941 3644 ἀπωδύρετο,
978 3574 1166 3646 ὥσπερ
1210 3575 1360 3648 αὐτῷ
1404 3579 1496 3629 καὶ
1537 3579 1762 3649 καρδίας

178 3671 288 3730 τοῖς
308 3667 542 3736 δάκρυσι
573 3666 1024 3736 συνεκχεομένης,
1051 3665 1124 3728 ὡς
1158 3667 1249 3718 καλ.
1275 3669 1342 3719 τὰ
1369 3669 1650 3738 σπλάγχνα
1673 3663 1764 3722 τθ)

178 3755 319 3810 θεῖον
358 3758 610 3825 Ἰωάννην
648 3756 911 3819 παθόντα,
945 3757 1208 3827 Μάχαιρά
1244 3773 1326 3811 σοι
1355 3757 1622 3821 λείπεται,
1661 3763 1762 3831 φά.

175 3865 286 3910 ναι,
338 3850 406 3920 ἢν
440 3848 620 3902 λαῦὼν
679 3847 902 3900 σεαυτὸν
954 3848 1342 3918 διαχειρίσειςο
1373 3849 1544 3915 οὓτως
1593 3853 1760 3907 αὐτοῦ

177 3942 416 4009 γνησίως
444 3941 812 4011 περιεκαίετο.

1874 3305 2088 3360 serunt,
2153 3305 2205 3350 et
2239 3297 2566 3367 promissam
2603 3296 2919 3352 beatitatem
2957 3300 3241 3356 consecuti
3287 3304 3451 3359 sunt!

1874 3386 1986 3457 Ego
2015 3398 2196 3441 autem
2245 3385 2376 3456 quid
2412 3386 2746 3456 agam?quo
2787 3399 2946 3456 pacto
2982 3389 3281 3446 stridorem
3313 3391 3455 3447 den-

1871 3481 2007 3534 tium
2036 3479 2204 3535 miser
2231 3479 2510 3551 ell‘ugiam,
2540 3478 2817 3544 dentium,
2861 3479 2951 3550 qui
2987 3487 3101 3534 tum
3135 3481 3226 3538 hic
3255 3485 3458 3542 roden—

1869 3573 1941 3627 do
1973 3589 2173 3641 corpus
2224 3572 2631 3634 comminuent,‘
2659 3582 2770 3627 tum
2826 3572 2951 3629 istic
2983 3574 3348 3636 nihilominus
3398 3579 3452 3633 in

1868 3674 2203 3736 perpetuum
2255 3681 2340 3719 me
2371 3665 2754 3719 dilaniabunt?
2785 3664 2936 3719 Talia
2978 3665 3283 3723 identidem
3325 3686 3450 3740 pro-

1869 3759 2051 3813 mebat
2081 3774 2200 3824 ore,
2234 3758 2363 3812 talia
2386 3756 2760 3811 meditabatur
2788 3759 2996 3818 animo.
3024 3758 3154 3815 talia
3185 3761 3450 3818 miserum

1871 3851 1924 3904 in
1954 3851 2176 3904 modum
2210 3859 2356 3904 totus
2380 3848 2822 3902 lamentabatur:
2849 3858 2960 3902 tum
3001 3851 3237 3919 genibus
3271 3855 3451 3908 mani-

1869 3947 2084 4018 busque
2115 3943 2268 3999 humi
2299 3941 2497 4012 positis
2533 3955 2764 4011 pronus,
2805 3940 3047 4010 seipsnm
3095 3950 3203 3998 tam
3252 3945 3450 4000 acerbe

181 4045 292 4088 tota
330 4035 425 4089 illa
458 4043 620 4089 nocte
679 4033 1022 4103 deplerabat,
1054 4032 1224 4089 vitam
1256 4035 1430 4092 veluti
1457 4054 1581 4094 cum
1615 4040 1870 4111 lacrymis
1887 4040 2244 4113 profundens,
2274 4047 2331 4091 ut
2385 4037 2466 4090 vir
2485 4035 2708 4090 divinus
2745 4034 3002 4090 Joannes.
3048 4035 3450 4090 intimisvisce-

177 4126 331 4180 ribus
352 4136 686 4190 commotus,
725 4126 911 4180 dicere
949 4124 1172 4180 auditus
1201 4127 1274 4180 sit
1309 4144 1322 4180 :
1373 4128 1513 4195 Quid
1545 4130 1763 4186 tandem
1792 4171 1807 4195 ,
1849 4131 2121 4207 Symeon?
2178 4129 2410 4185 Ferrum
2461 4126 2811 4182 solummodo
2905 4126 3088 4189 deest,
3149 4129 3448 4200 quominus

176 4221 450 4275 violentas
487 4217 586 4272 tibi
614 4217 730 4286 ipse
765 4233 960 4272 manus
987 4217 1209 4272 inieras.

249 4311 320 4379 μ’.
357 4313 588 4364 Ἔπειτα
619 4310 801 4380 μέντοι
828 4311 964 4379 πρὸς
1000 4311 1199 4383 ἑτέραν
1237 4314 1459 4383 μείζονα
1492 4313 1596 4367 τῶν
1625 4331 1758 4385 προσ

175 4405 349 4474 τὲρων
374 4405 608 4474 ἄσκησιν
644 4402 836 4456 ἑαυτὸν
860 4404 889 4456 6
915 4403 1138 4472 Συμεὼν
1173 4404 1418 4473 ἐξεπόνει
1449 4425 1464 4439 ·
1487 4410 1626 4476 ἔγνω
1647 4411 1753 4479 γάρ

1932 4313 2018 4368 40.
2053 4311 2322 4368 Successu
2375 4309 2576 4365 deinde
2606 4311 2869 4380 temporis
2900 4312 3048 4367 allud
3097 4316 3449 4375 exercitatio-
3517 4355 3524 4361 .

1863 4408 1950 4462 nis
1980 4420 2156 4476 genus
2190 4403 2526 4474 excogitans,
2564 4403 2734 4473 priori
2780 4404 2937 4475 longe
2997 4407 3168 4478 magis
3217 4418 3445 4481 stupen-

175 4495 266 4548 ὲπὶ
292 4495 399 4548 τῶν
428 4494 622 4548 ἑαυτοῦ
652 4495 869 4549 καθίσαι
900 4495 1074 4550 ποδῶν
1099 4511 1114 4527 ·
1133 4495 1161 4548 6
1179 4495 1273 4550 καὶ⁵
1288 4497 1419 4570 παρ’
1438 4500 1557 4554 ὅλον
1578 4504 1753 4556 ἐνιαυ-

1868 4498 2010 4564 tlum,
2045 4496 2113 4552 ad
2146 4495 2280 4574 illud
2308 4510 2429 4550 sese
2462 4494 2854 4550 exstimulavit.
2905 4500 3211 4556 umustituit
3254 4501 3442 4573 igitur.

177 4586 267 4638 τὸν
295 4587 614 4656 πεποίηκεν,
646 4588 944 4651 ἀσάλευτος
974 4590 1188 4658 μείνας,
1220 4589 1472 4664 καθάπερ
1511 4595 1606 4647 ἐπὶ
1648 4594 1746 4647 πέ-

174 4691 306 4745 τραν
320 4677 417 4744 τῆς
430 4679 506 4739 εἰς
527 4673 753 4741 Χριστὸν
765 4677 969 4747 ἀγάπης
987 4680 1231 4750 ἀκριεώς
1263 4682 1622 4754 ἡδρασμένος.
1663 4687 1752 4756 Τῷ

180 4765 274 4834 μὶν
308 4766 402 4822 οὖν
445 4767 642 4839 χρονίῳ
678 4767 775 4838 τῆς
809 4769 1097 4842 καθέδρας,
1143 4773 1237 4825 καὶ
1273 4775 1340 4844 τῇ
1375 4775 1482 4829 τῶν
1531 4778 1752 4848 σαρκῶν

177 4858 490 4930 ἀτεαλότητι,
551 4864 666 4924 ταῖς
727 4861 963 4932 κνήμαις
1005 4864 1054 4915 οί
1099 4867 1267 4932 μηροὶ
1299 4868 1746 4938 συμπεφύκεσαν,

179 4950 337 5016 μέλος
361 4952 550 5021 ὥσπερ
593 4952 650 5006 ἒν
681 4953 985 5020 γεγονότες,
1016 4953 1178 5023 σῆψις
1205 4972 1263 5008 τε
1289 4956 1498 5020 τούτοις
1528 4960 1752 5029 ἐντετη-

177 5043 319 5107 κνία,
368 5044 460 5098 τὸν
500 5046 774 5112 Ἰωάννην,
831 5044 970 5096 ἀλλὰ
1016 5046 1110 5098 καὶ
1169 5048 1294 5110 τοὺς
1323 5047 1588 5116 ἀδελφοὺς
1631 5051 1752 5106 δυσ-

176 5133 331 5197 ωδίας
362 5135 626 5208 ἐπλήρου.
668 5131 776 5198 Ἦς
802 5136 924 5190 ὅθεν
959 5134 1129 5208 τε-ἦν,
1164 5139 1259 5192 καὶ
1287 5142 1436 5205 ὅπως
1469 5139 1576 5214 εἶχε
1607 5163 1749 5212 γνω-

178 5222 410 5294 σθείσης,
450 5229 628 5298 ἰατρόν
656 5246 775 5280 τινα
801 5229 1292 5298 μεταστειλάμενος
1320 5231 1348 5282 6
1384 5231 1651 5305 Ἰωάννης,
1681 5239 1746 5306 τῇ

175 5315 333 5388 τέχνῃ
359 5322 490 5388 πρὸς
516 5321 578 5372 τὸ
611 5319 704 5372 τοῦ
743 5319 968 5389 Συμεὼν
1006 5322 1180 5384 πάθος
1212 5321 1446 5393 χρῆσθαι
1476 5325 1650 5391 ἠξίου.
1691 5329 1747 5381 Ὀ

176 5406 232 5459 δὲ
284 5414 583 5479 κατεγέλα*
628 5415 704 5482 Ζῇ
762 5412 962 5484 Κύριος
1016 5417 1043 5466 6
1090 5413 1222 5476 Θεός
1252 5432 1377 5485 μου,
1423 5417 1616 5483 λέγων,
1648 5422 1748 5474 οὐκ

177 5497 481 5575 ἀνθρωπίνη
522 5523 612 5574 μοι
641 5506 801 5574 τέχνη
829 5505 1085 5572 ψαύσειεν
1123 5506 1156 5574 ἢ
1197 5507 1340 5576 χείρ.
1384 5509 1496 5561 Ἐπ’
1539 5511 1747 5565 ἐκεῖνον

177 5589 281 5662 γὰρ
318 5596 589 5667 ὶπέρριψα
619 5597 875 5666 ἐμαυτὸν,
901 5598 993 5650 καὶ
1028 5597 1189 5661 αὑτὸς
1218 5599 1455 5668 ποιήσει.
1494 5601 1679 5655 Ταῦτα
1718 5606 1746 5658 6

181 5681 277 5750 μὲν
295 5683 497 5755 ῐλεγεν·
530 5687 660 5751 Θεὸς
686 5688 741 5742 δὲ
771 5689 830 5742 ού
863 5689 948 5742 διὰ
983 5689 1197 5760 μακροῦ
1225 5691 1486 5761 ἐπλήρου,
1518 5694 1610 5746 καὶ
1641 5696 1748 5749 άπὸ

180 5771 273 5841 τῆς
308 5778 516 5850 πληγῆς
552 5781 579 5832 6
603 5779 828 5848 Συμεὼν
863 5781 1000 5846 ἰᾶτο,
1030 5782 1156 5843 τούς
1186 5798 1243 5834 τε
1276 5791 1482 5854 μηροὺς
1514 5783 1742 5855 ἔρρωτο,

183 5868 270 5920 καὶ
294 5875 408 5935 ταῖς
432 5875 670 5944 κνήμαις
694 5875 917 5945 εχρῆτο·
949 5876 1040 5941 καὶ
1064 5876 1390 5948 χαριστήρια
1413 5876 1531 5948 Θεῷ
1554 5879 1745 5934 τοσαύο

1858 4590 2093 4661 pedibus
2114 4589 2232 4642 suis
2255 4603 2352 4657 pro
2375 4584 2534 4641 sedili
2564 4586 2666 4650 uti,
2695 4589 3160 4656 quemaJmodum
3184 4600 3240 4648 et
3263 4594 3442 4665 reipsa

1857 4699 1989 4738 usus
2018 4689 2102 4736 est
2132 4695 2278 4735 anno
2309 4680 2541 4749 integro,
2581 4678 2951 4751 immotusque
2974 4682 3239 4751 persedit,
3269 4687 3440 4743 veluti

1854 4787 2019 4842 super
2071 4781 2284 4841 petram
2322 4768 2640 4825 dilectionis
2682 4768 2887 4825 Christi
2942 4772 3118 4844 probe
3165 4773 3432 4832 armatus.

1853 4863 2079 4918 Factum
2119 4869 2204 4916 est
2231 4861 2399 4932 igitur
2430 4860 2648 4916 diutino
2677 4860 2773 4916 illo
2799 4863 2908 4918 situ
2938 4878 2993 4918 et
3021 4867 3205 4921 carnis
3235 4869 3438 4925 teneri-

1853 4955 2046 5011 tudine
2085 4955 2245 5010 tibias
2276 4970 2400 5011 cum
2433 4955 2588 5009 coxis
2616 4955 2945 5021 coalescere,
2988 4971 3047 5012 et
3087 4960 3310 5016 unicum
3342 4979 3432 5018 so-

1850 5049 2134 5108 lummodo
2178 5048 2482 5104 membrum
2525 5059 2818 5119 apparere;
2854 5050 2999 5105 unde
3036 5066 3291 5122 generata
3330 5073 3434 5127 ρει-

1851 5141 2104 5198 trefactio
2126 5151 2268 5197 tetro
2289 5142 2480 5206 odore,
2510 5157 2622 5197 non
2643 5142 2910 5199 Joannem
2939 5145 3138 5206 solum.
3169 5147 3265 5202 sed
3298 5147 3433 5205 alios

1853 5250 2074 5306 quoque
2107 5235 2304 5289 fratres
2338 5234 2667 5304 complebat.
2702 5235 2804 5292 Ubi
2833 5249 3013 5291 autem
3045 5239 3235 5293 letor-is
3268 5256 3429 5298 causa

1853 5327 2104 5397 indagata
2134 5337 2462 5398 repertaque
2493 5335 2597 5391 est,
2629 5328 2900 5383 medicum
2938 5333 3226 5386 accersivit
3264 5333 3434 5389 Joan-

1850 5434 1967 5484 nes,
2001 5428 2117 5473 arte
2145 5434 2241 5473 sua
2266 5419 2532 5473 medelam
2558 5419 2758 5475 aﬂ‘eeto
2777 5423 2996 5490 corpori
3026 5425 3428 5481 adhibitnrnm.

1849 5509 1989 5580 Quid
2015 5509 2082 5564 ad
2116 5510 2231 5566 haec
2257 5509 2536 5582 Symeon?
2565 5511 2620 5566 In
2654 5511 2826 5566 risum
2852 5513 3064 5569 effusus
3098 5532 3112 5565 :
3143 5515 3291 5572 Vivit
3322 5518 3429 5572 Do-

1849 5605 2032 5659 minus
2053 5619 2228 5666 meus,
2247 5603 2454 5672 inquit,
2486 5619 2549 5657 ac
2572 5604 2716 5659 Deus
2741 5619 2925 5660 meus:
2948 5606 3091 5662 absit
3111 5617 3171 5662 ut
3194 5609 3431 5666 humana

1849 5707 1944 5753 aut
1973 5713 2062 5752 ars
2094 5707 2190 5753 aut
2221 5713 2416 5752 manus
2455 5696 2668 5753 medica
2697 5699 2930 5756 vulnera
2963 5716 3082 5757 mea
3119 5712 3336 5758 tractet.
3374 5707 3432 5761 ln

1849 5789 2142 5848 Dominum
2172 5790 2376 5860 projeci
2400 5804 2592 5843 curam
2619 5789 2747 5856 mei,
2774 5775 3290 5862 ipse-medicabitur
3320 5813 3428 5854 me.

1849 5883 1973 5939 llzec
2010 5882 2120 5938 ille.
2157 5882 2302 5938 Deus
2322 5891 2502 5938 autem
2527 5882 2871 5952 pmdictioni
2902 5884 3067 5944 ﬁdem
3098 5888 3292 5946 deesse
3325 5908 3431 5948 non
