4078 6332
293 362 435 417 Snio

1318 382 1492 440 VITA
1533 384 1575 440 Α
1620 374 2051 439 NlCiiPilORO
2091 374 2573 433 COXSCIUPTA.

3388 363 3526 424 3⁷³35

292 490 605 556 ἀνάγουσιν,
630 492 787 545 ἕκτον
841 496 932 546 ἐπὶ
956 496 1050 561 τῆς
1083 495 1293 563 βάσεως
1327 496 1537 561 ἐκεῖνης
1573 497 1673 563 ἤδη
1711 490 1860 558 παρὰ

1976 506 2124 558 quam
2148 490 2199 541 in
2226 489 2313 541 illa
2337 487 2448 541 basi
2469 503 2561 541 sex
2588 501 2760 539 atinas
2782 486 2883 537 sub
2911 483 3200 551 disciplina
3222 480 3333 535 divi
3360 481 3527 534 Joan-

292 578 376 649 τῷ
422 581 547 651 θείῳ
592 584 807 655 Ἰωάννῃ
861 584 1048 652 χρόνον
1100 586 1405 654 διηνυκότα.
1432 585 1641 655 Σπουδὴ
1691 584 1745 634 δὲ
1797 580 1859 649 ἦν

296 671 406 722 τῶν
460 674 740 743 παρόντων
798 675 1032 743 ἑκάστῳ,
1069 679 1162 727 καὶ
1228 677 1459 742 μάλιστα
1496 679 1607 737 τοῖς
1640 674 1735 725 τοῦ
1770 673 1863 741 βή-

301 778 492 829 ματος,
525 763 602 829 τῷ
660 765 776 830 μὲν,
809 764 1179 827 διαϐαστάσαι,
1211 767 1287 833 τῷ
1325 766 1378 818 δὲ
1410 766 1501 818 τοῦ
1558 765 1864 832 ἐνδύματος

302 849 545 917 aia-130:1:
580 891 594 911 ,
628 851 705 919 τῷ
762 853 816 903 δὲ
876 853 968 904 καὶ
1020 853 1246 921 πλησίον
1300 853 1571 920 γενέσθαι,
1609 851 1864 921 καθάπερ

297 941 379 1007 τῷ
411 941 570 993 πλέον
601 944 923 1013 μετασχόντι
961 942 1197 1007 πλείονος
1231 948 1401 1015 παρὸν
1431 950 1611 1014 τυχεῖν
1646 947 1739 998 καὶ
1772 944 1866 1013 τῆς

300 1029 573 1097 εὐλογίας.

375 1200 485 1261 μγ’.
520 1198 582 1247 Ὀ
601 1194 695 1261 μὲν
723 1193 813 1249 οὖν
844 1196 986 1265 ἱερὸς
1021 1195 1245 1268 Συμεὼν
1278 1202 1371 1253 ἐπὶ
1392 1199 1483 1254 τοῦ
1511 1200 1685 1264 κίονος
1712 1201 1865 1265 στὰς,

294 1285 485 1351 ὄγδοον
520 1287 575 1337 ὲν
605 1286 751 1355 αὐτῷ
778 1286 1201 1357 διεκαρτέρησεν
1236 1290 1372 1353 ἔτος,
1406 1291 1481 1343 ὡς
1511 1291 1633 1361 ἑξῆς
1665 1290 1867 1359 προῖὼν

297 1378 329 1428 ὁ
363 1377 515 1440 λόγος
547 1376 774 1443 δηλώσει
806 1396 912 1444 μοι.
949 1380 1003 1432 ὀ
1034 1380 1087 1431 δὲ
1118 1381 1390 1447 Ἰωάννης,
1415 1383 1590 1434 καίτοι
1611 1383 1870 1449 διαῦήκας

306 1466 449 1534 μετὰ
472 1466 563 1517 τοῦ
594 1466 815 1533 Συμεὼν
842 1468 1177 1536 διαθέμενος,
1215 1472 1454 1539 ἡνῶσθαέ
1477 1490 1534 1524 τε
1564 1473 1647 1524 διὰ
1674 1474 1870 1534 παντὸς

304 1556 455 1624 αὐτῷ
487 1556 582 1623 τὴν
614 1559 988 1627 πνευματικὴν
1010 1560 1219 1621 ἕνωσιν,
1254 1563 1347 1613 καὶ
1378 1561 1679 1629 ἀχώριστος
1707 1562 1871 1616 abte?»

300 1647 403 1715 τὴν
435 1650 609 1717 ψυχὲν
639 1649 931 1717 διαμένειν,
963 1651 1106 1718 apte):
1145 1654 1225 1703 ὅτι
1275 1653 1347 1721 μὴ
1380 1653 1475 1722 τὴν
1505 1654 1627 1722 ὅᾲιν
1665 1656 1871 1707 ἐκείνου

299 1738 558 1801 γλυκεῖαν
613 1742 706 1791 καὶ
768 1740 938 1802 θείαις
991 1739 1259 1793 ἀνθοῦσαν
1306 1743 1524 1811 χάρισιν
1574 1742 1874 1811 ὀφθαλμοῖς

290 1824 442 1897 εἶχεν
470 1830 622 1895 ὁῖᾷν,
668 1829 918 1879 εηϋακνετο
1085 1830 1311 1896 κβρδίαν
1349 1831 1440 1880 καὶ
1485 1828 1746 1890 ὠδυνᾶτο,
1783 1828 1873 1878 καὶ

293 1921 377 1979 εἰς
414 1919 620 1983 φανερὰ
658 1916 911 1977 πολλάκις
943 1919 1241 1967 κατέπιπτε
1267 1916 1498 1984 δάκρυα.
1526 1915 1615 1984 Τῷ
1648 1913 1874 1982 Συμεὼν

288 2011 352 2063 δὲ
408 2012 648 2079 μείζονες
691 2008 799 2061 τῶν
862 2008 1142 2075 προτέρων
1193 2007 1404 2073 ἀγῶνες
1452 2008 1543 2058 ἐπὶ
1573 2007 1666 2059 τοῦ
1694 2008 1877 2068 κίονος

288 2098 450 2173 ἦσαν.
482 2102 718 2170 πραότης
762 2117 820 2152 τε
858 2099 1056 2151 πλείων
1102 2097 1247 2167 αὐτῷ
1296 2098 1665 2168 προσετίθετο,
1718 2098 1874 2166 καὶὴ

287 2198 395 2264 τῆς
426 2194 653 2263 καρδίας
694 2193 983 2258 κατᾶνυξις
1010 2192 1223 2260 ηὕξετο,
1257 2194 1325 2245 τά
1356 2210 1414 2244 τε
1443 2192 1654 2262 δάκρυα
1688 2191 1877 2253 ὑετοὺς

290 2289 565 2356 ἐμιμεῖτο,
598 2287 688 2338 καὶ
722 2289 753 2355 ἡ
785 2285 998 2351 γλῶττα
1030 2287 1139 2347 τοῖς
1168 2287 1244 2347 είς
1272 2284 1404 2337 Θεὸν
1429 2284 1615 2355 ὕμνοις
1640 2286 1759 2347 ταῖς
1793 2282 1877 2335 οὗ·

294 2378 508 2450 ρανίαις
540 2378 800 2448 δυνάμεσι
835 2377 1021 2446 σαφῶς
1050 2376 1320 2446 ὡμοίωτο.

372 2559 473 2628 μδ⁹.
516 2559 602 2620 Ὠς
635 2557 698 2610 ἂν
744 2557 801 2609 δε
847 2557 920 2628 μὴ
968 2557 1330 2627 καυχήσηται,
1364 2556 1516 2624 φησὶ,
1550 2558 1698 2610 πᾶσα
1720 2554 1875 2624 σὰρξ,

292 2652 459 2723 ἡνίκα
486 2651 737 2719 τοιαύτης
769 2649 1061 2718 ἐτύγχανεν
1110 2650 1305 2711 ἐπιϐὰς
1344 2649 1580 2717 ἡλικίας,
1627 2650 1745 2718 ἥτις
1778 2647 1877 2714 φύ-

291 2762 436 2807 σεως
487 2744 694 2811 πέφυκε
741 2742 902 2811 γονὴν
941 2742 1205 2811 προϊέναι,
1239 2740 1512 2795 ὡπλίσατο
1546 2739 1819 2811 κραταιῶς
1850 2740 1878 2792 ὁ

292 2835 578 2896 Σατανᾶς,
610 2832 751 2885 ὥστε
801 2833 993 2896 νυκτὸς
1036 2833 1198 2885 αὐτὸν
1236 2832 1508 2895 ἐνυπνίοις
1551 2833 1877 2902 ὲπηρεᾶσαι.

289 2923 385 2991 Τῷ
415 2924 495 2983 δὲ,
535 2925 582 2975 εἰ
623 2925 716 2976 καὶ
744 2924 803 2974 τὸ
832 2923 991 2992 σῶμα
1052 2922 1169 2976 κατ’
1204 2924 1380 2976 ἐκεῖνο
1405 2922 1505 2988 τῆς
1534 2921 1678 2993 ὥρας
1711 2922 1878 2975 ὕπνου

291 3015 521 3085 ἥττητο,
550 3013 662 3066 ἀλλ’
694 3016 725 3082 ὴ
753 3013 899 3083 ψυχὴ
928 3015 1197 3085 ἐγρήγορέ
1217 3031 1277 3068 τε
1306 3016 1401 3067 καὶ
1419 3013 1760 3082 διανέστηκε,
1784 3011 1880 3066 καὶ

289 3105 479 3168 οὕτως
532 3107 697 3175 ἑαυτῇ
743 3107 1107 3174 προσέχουσα,
1171 3106 1246 3169 ὡς
1284 3105 1359 3175 μὴ
1405 3106 1565 3174 μόνον
1603 3104 1879 3172 ἐνδόσιμον

293 3198 485 3269 μηδὲν,
541 3197 676 3265 μηδὲ
718 3195 958 3263 μαλακον
1009 3196 1224 3256 παθεῖν,
1257 3195 1392 3249 am
1439 3195 1533 3247 καὶ
1574 3195 1663 3247 τὶν
1707 3193 1872 3248 ὕπνον

288 3290 456 3351 εὐθὺς
489 3287 887 3357 ἀπορρίψαντα,
934 3284 1239 3339 κατώδυνον
1284 3287 1405 3338 ὅλον
1448 3287 1542 3338 καὶ
1582 3284 1869 3356 δακρυῶδη

291 3381 478 3433 παίειν
508 3380 604 3443 τὰς
638 3380 810 3444 ὄψεις,
840 3381 934 3431 καὶ
986 3377 1209 3430 τοιαῦτα
1261 3377 1439 3447 ἑαυτῷ
1479 3376 1868 3448 ἑποδύρεσθαι’

287 3473 399 3527 ψἐὖ
438 3469 523 3526 οἷα
555 3473 748 3527 παθεῖν
780 3476 807 3527 ὁ
844 3473 1073 3534 δείλαιος
1118 3471 1370 3542 ἔμελλονί
1415 3466 1527 3524 οἷον
1560 3470 1872 3543 προσθεῖναι

288 3565 550 3634 τραῦμα,
592 3566 728 3634 ὅπερ
774 3564 874 3616 οὐκ
919 3565 1117 3632 ίατρος,
1150 3563 1210 3614 οὐ
1239 3563 1423 3630 τέχνη,
1463 3561 1523 3613 οὑ
1562 3562 1871 3629 φάρμακον,

289 3656 395 3707 οὐκ
422 3654 549 3708 ἄλλο
577 3671 627 3705 τι
654 3654 989 3723 Θεραπεῦσαι
1017 3653 1232 3721 ἴσχυσεν
1259 3653 1323 3706 ἄν
1345 3652 1357 3705 ι
1391 3650 1554 3705 Ἀλλὰ
1579 3649 1753 3719 σοὶτῷ
1783 3648 1877 3717 μό-

292 3764 372 3811 νῳ
402 3746 647 3817 Δεσπότῃ
674 3745 768 3799 καὶ
790 3746 1001 3815 Σωτῆρι
1030 3745 1236 3813 ψυχῶν,
1263 3744 1341 3813 τῷ
1370 3744 1515 3813 μόνῳ
1538 3743 1751 3814 νεφρῶν
1781 3742 1876 3796 καὶ

291 3836 535 3905 καρδιῶν
588 3836 786 3905 ἐταστῇ
852 3836 1197 3904 προσπίπτω,
1255 3835 1469 3898 δεικνὺς
1519 3833 1616 3904 τὴν
1670 3833 1876 3886 οἰκείαν

293 3929 603 3991 ἀσθένειαν,
638 3929 761 3981 ἐπεὶ
791 3929 885 3979 καὶ
908 3928 1115 3988 πάντας
1141 3928 1309 3979 ἐλεεῖν
1337 3922 1513 3991 οἶδας,
1534 3929 1561 3980 ὁ
1583 3926 1675 3980 καὶ
1702 3928 1878 3980 πάντα

296 4020 487 4086 σαφῶς
546 4019 863 4089 δυνάμενος.
898 4019 1059 4071 Ταῦτ’
1098 4018 1272 4086 ἔλεγε,
1314 4019 1409 4071 καὶ
1457 4018 1588 4080 ἰδοὺ,
1623 4018 1724 4088 ὁρᾷ
1756 4035 1877 4071 τινα

293 4112 559 4165 κατιόντα
607 4112 743 4181 πρὸς
792 4111 953 4164 αὐτὸν
1001 4109 1228 4175 ἄνωθεν,
1263 4110 1323 4162 τὸ
1352 4107 1493 4172 εἶδος
1529 4110 1746 4178 σεμνὸν,
1777 4109 1878 4181 τὴν

294 4207 461 4274 ’τρίχα
486 4205 735 4274 γηραιὸν,
766 4202 826 4255 τὸ
860 4202 1048 4272 σχῆμα
1083 4204 1176 4254 καὶ
1209 4202 1307 4270 τὴν
1340 4202 1531 4271 στολὴν
1573 4204 1741 4273 ἱερέα,
1778 4220 1878 4255 πο-

292 4298 487 4367 τήριον
519 4296 788 4364 σωτηρίου
812 4296 967 4364 χερσὶ
994 4295 1313 4362 κατέχοντα,
1343 4294 1537 4347 εὐωδία
1560 4312 1616 4346 τε
1643 4294 1877 4365 κατέσχε

294 4387 390 4439 τὸν
422 4388 602 4439 τόπον.
642 4387 747 4437 Καὶ
769 4387 797 4437 ὸ
826 4386 1015 4452 φανεὶς
1047 4385 1155 4437 τῶν
1178 4386 1462 4454 ἀκράντων
1492 4387 1652 4438 οἱονεὶ
1678 4403 1879 4457 μυστη-

1964 581 2047 632 nis
2068 589 2312 632 moratus
2343 578 2539 630 fuerat.
2577 574 2783 643 Volupe
2816 573 2905 625 hic
2930 582 3047 625 erat
3074 570 3258 625 studia
3284 579 3526 638 spectare

1966 670 2233 737 cujusque
2304 667 2680 737 przescntium,
2760 665 3037 734 prtecipue
3096 660 3530 716 ministrantium

1966 760 2155 823 altari;
2185 759 2308 811 aliis
2338 769 2588 812 sanctum
2620 773 2651 809 a
2708 765 2857 810 terra
2920 754 3357 815 sublevantilius,
3409 751 3534 804 aliis

1967 851 2291 905 vestimenta
2319 860 2540 918 tangere
2572 849 2947 918 cupientibus,
2994 848 3271 915 plerisque
3308 842 3540 912 propius

1968 944 2300 1012 propiusque
2338 941 2531 995 adesse
2553 940 2903 1001 conantibus,
2961 937 3215 990 omnibus
3260 934 3413 1003 quasi
3450 949 3535 987 ra-

1970 1045 2081 1087 tum
2113 1033 2463 1093 habentibus,
2500 1028 3050 1101 plusbencdictionis
3073 1028 3342 1081 relaturos
3390 1026 3533 1084 illos,

1969 1121 2059 1191 qui
2086 1121 2207 1188 plus
2242 1120 2409 1173 studii
2454 1120 2839 1173 contulissent.

2039 1211 2127 1263 45.
2158 1210 2355 1263 Beatus
2386 1210 2570 1277 itaque
2609 1208 2871 1279 Symeon,
2914 1215 3065 1263 stans
3120 1222 3284 1275 super
3326 1206 3540 1260 colum-

1971 1321 2118 1367 nam,
2144 1318 2319 1357 annos
2348 1312 2473 1355 octo
2502 1300 2706 1354 ibidem
2741 1299 3063 1370 perduravit
3087 1340 3101 1363 ,
3144 1299 3220 1353 uti
3247 1313 3541 1368 progressu

1974 1395 2233 1460 deinceps
2252 1392 2518 1447 orationis
2539 1392 2829 1447 docebitur
2853 1410 2865 1445 :
2885 1391 3124 1447 Joannes
3144 1401 3545 1457 autcm,quam-

1975 1486 2057 1538 vis
2083 1493 2273 1554 pactus
2305 1498 2428 1538 cum
2457 1484 2726 1554 Sytueone
2762 1491 2927 1544 esset,
2969 1482 3320 1535 adhaesurum
3376 1494 3433 1532 sc
3468 1478 3540 1531 illi

1977 1592 2192 1644 semper
2216 1575 2519 1643 spiritualis
2547 1575 2768 1627 vinculo
2803 1570 3233 1641 coniunctionis,
3285 1576 3343 1622 et
3396 1568 3546 1620 nulla

1979 1683 2220 1737 unquam
2254 1677 2498 1735 tempore
2522 1673 2837 1735 separatum
2874 1664 2977 1727 iri,
3012 1660 3379 1716 nihilominus
3401 1659 3546 1728 quod

1979 1757 2131 1811 suavi
2161 1766 2383 1824 aspectu
2417 1755 3004 1825 illius,grati:edivina:
3025 1754 3234 1822 copiam
3256 1751 3547 1820 prodente.

1982 1841 2087 1893 frui
2108 1841 2287 1895 oculis
2316 1857 2425 1895 non
2448 1842 2660 1906 liceret,
2684 1840 2989 1911 angebatur
3017 1838 3203 1900 corde,
3224 1836 3559 1905 dolebatque

1982 1942 2287 2001 tantopere,
2322 1941 2381 1986 ut
2408 1934 2461 1985 in
2491 1933 2759 2002 lacrymas
2788 1931 3239 2000 conspicuasnon
3273 1944 3399 1982 raro
3432 1942 3559 1997 pro-

1983 2034 2281 2096 rumperet.
2314 2027 2527 2081 Interea
2558 2027 2823 2080 virtutum
2856 2025 3036 2079 studia
3068 2023 3328 2095 Symeoni
3385 2022 3438 2074 in
3465 2036 3559 2075 co-

1983 2119 2167 2171 lumna
2200 2121 2402 2187 majora
2430 2126 2589 2171 erant
2615 2116 2928 2186 prioribus:
2955 2116 3356 2170 incrementum
3379 2112 3560 2181 capie-

1981 2210 2073 2265 bat
2090 2210 2474 2273 mansuetudo,
2494 2209 2821 2281 augescebat
2836 2206 3188 2276 compunctio
3205 2204 3409 2265 cordis,
3430 2203 3564 2257 ube-

1982 2300 2157 2355 riores
2178 2301 2420 2355 fluebant
2444 2301 2697 2372 lacrymte
2724 2300 3033 2369 pluviarum
3058 2297 3289 2352 imbrem
3316 2295 3559 2357 imitatae,

1983 2391 2170 2461 lingua
2206 2392 2259 2445 in
2292 2391 2656 2447 decantandis
2678 2391 2790 2446 Deo
2808 2389 3029 2462 hymnis
3060 2388 3200 2443 nihil
3235 2387 3414 2443 beatis
3434 2385 3560 2441 caali

1982 2482 2273 2552 spiritibus
2318 2481 2679 2537 concedebat.

2051 2573 2141 2629 44.
2174 2573 2251 2629 Ne
2290 2583 2497 2639 autem,
2530 2574 2609 2628 uti
2640 2572 2871 2638 dicitur,
2897 2571 3163 2643 glorietur
3192 2568 3373 2625 omnis
3407 2583 3558 2633 caro,

1982 2682 2103 2736 qua:
2118 2666 2229 2736 jam
2250 2664 2319 2719 ad
2343 2664 2395 2718 id
2418 2665 2595 2719 aetatis
2614 2662 2888 2733 pervenit,
2908 2672 2971 2717 ut
2991 2659 3351 2732 procreandis
3371 2658 3563 2713 liberis

1983 2766 2107 2826 apta
2147 2757 2257 2819 sit,
2298 2756 2503 2811 bellum
2544 2756 2803 2828 Symeoni
2834 2755 3065 2812 Satanas
3089 2754 3422 2809 acerrimum
3477 2750 3562 2805 in-

1984 2849 2142 2911 dixit,
2166 2862 2340 2918 usque
2362 2848 2500 2902 adeo
2526 2858 2589 2902 ut
2609 2857 2776 2903 noctu
2799 2847 2965 2902 etiam
2986 2844 3282 2901 dormienti
3311 2857 3420 2896 non
3444 2842 3563 2897 leve

1985 2941 2292 3012 periculum
2338 2948 2578 2995 tentator
2619 2947 2856 2995 crearet.
2911 2935 3424 2994 Verumenimvero.
3480 2939 3554 2983 ta-

1984 3032 2143 3085 metsi
2176 3045 2277 3100 per
2306 3029 2441 3083 illud
2470 3039 2690 3099 tempus
2718 3044 2912 3085 somno
2944 3027 3319 3084 succubuerat
3340 3037 3559 3092 corpus,

1902 3146 1947 3208 C
1985 3124 2165 3176 anima
2198 3122 2563 3176 nihilominus
2587 3121 2867 3191 vigilabat,
2892 3131 3077 3176 erecta
3100 3134 3318 3188 semper
3341 3126 3561 3185 tamque

1947 3242 1951 3247 ο
1979 3222 2187 3268 attenta
2213 3213 2381 3270 rebus
2402 3214 2540 3278 suis,
2567 3221 2629 3267 ut
2652 3228 2763 3267 non
2788 3213 2954 3267 modo
2978 3212 3119 3266 nihil
3152 3210 3281 3265 inde
3302 3208 3564 3264 motionis

1971 3302 2283 3358 libidinosa:
2305 3312 2604 3373 pateretur,
2626 3318 2820 3358 verum
2838 3301 3001 3356 etiam
3022 3316 3253 3357 excusso
3273 3299 3562 3355 confestim

1972 3410 2167 3448 somno
2188 3404 2421 3449 mmstus
2443 3404 2608 3465 atque
2637 3395 3107 3467 lacrymabundus
3140 3393 3335 3448 faciem
3363 3405 3563 3461 percu~

1974 3492 2140 3547 teret,
2180 3491 2347 3552 atque
2379 3483 2453 3537 ita
2487 3498 2676 3538 secum
2714 3482 2830 3553 ipse
2864 3484 3259 3538 lamentaretur
3290 3498 3304 3535 :
3332 3480 3423 3535 Va:
3461 3478 3565 3533 mi-

1972 3589 2097 3628 sero
2114 3574 2272 3639 mihi,
2300 3590 2463 3643 quam
2486 3590 2655 3644 prope
2687 3590 2717 3629 a
2752 3573 2961 3629 scelere
2994 3573 3179 3629 abfuit
3209 3587 3373 3643 quam
3424 3585 3563 3641 pene

1976 3664 2247 3720 inﬂictum
2271 3665 2403 3719 mihi
2424 3666 2627 3721 vulnus
2648 3665 2772 3729 fuit,
2797 3666 2885 3720 cui
2905 3681 3006 3721 nec
3027 3664 3303 3732 medicus,
3326 3680 3427 3719 nec
3452 3681 3562 3721 ars.

1975 3771 2079 3811 nec
2103 3757 2481 3825 pharmacum,
2501 3772 2605 3811 nec
2622 3755 2769 3811 aliud
2787 3755 3062 3826 quidlibet
3081 3755 3281 3811 afferre
3298 3771 3457 3825 opem
3484 3757 3563 3810 ul—

1976 3846 2415 3915 lampotuissetl
2449 3846 2518 3901 At
2552 3846 2674 3910 tibi,
2711 3846 2941 3901 Domine
2970 3855 3026 3901 et
3060 3846 3314 3903 Salvator
3346 3849 3559 3901 anima-

1976 3950 2098 3991 rum
2131 3944 2469 3999 nostrarum,
2498 3934 2596 3989 tibi
2632 3933 2735 3990 soli
2766 3950 2960 3989 renum
2992 3950 3055 3990 ac
3074 3934 3328 3989 cordium
3351 3945 3561 3989 scruta-

1979 4026 2087 4080 tori
2123 4026 2353 4096 supplex
2386 4026 2612 4091 accedo,
2651 4027 2914 4098 detegens
2940 4026 3319 4081 inﬁrmitatem
3348 4042 3561 4091 meam;

1978 4117 2238 4188 quoniam
2270 4127 2325 4171 tu
2355 4126 2412 4172 et
2446 4118 2698 4173 misereri
2729 4118 2977 4172 omnium
3007 4118 3175 4183 soles,
3204 4126 3263 4172 et
3302 4117 3561 4172 medicari

1978 4210 2238 4264 omnibus
2256 4219 2432 4279 potes.
2468 4210 2629 4266 llisce
2660 4210 2850 4274 ﬁnitis,
2877 4226 3008 4265 ecce
3035 4210 3237 4266 iterum
3268 4210 3560 4281 quemdam

1979 4303 2250 4372 conspicit
2300 4304 2367 4358 ad
2410 4319 2468 4358 se
2496 4304 2921 4359 descendentem
2953 4304 3022 4360 ab
3064 4305 3293 4369 aethere,
3335 4321 3566 4361 venera-

1979 4394 2144 4449 bilem
2171 4396 2369 4459 forma,
2392 4396 2591 4450 canitie
2643 4398 3025 4468 conSpicuum,
3057 4398 3239 4467 specie
3273 4407 3440 4469 atque
3472 4398 3568 4453 lia-

298 4478 434 4548 ρίων
481 4475 558 4545 τῷ
608 4474 831 4544 Συμεὼν
868 4478 1224 4545 κοινωνήσας,
1270 4475 1568 4543 Ἀνδρίζου,
1598 4477 1694 4529 καὶ
1738 4494 1871 4547 κρα-

1984 4487 2101 4541 bitu
2130 4487 2496 4552 sacerdotem,
2520 4488 2748 4542 calicem
2773 4488 3118 4544 salutiferam
3146 4490 3404 4545 manibus
3427 4506 3567 4561 pra:-

298 4566 592 4626 ταιούσθω,
642 4568 826 4637 φησὶν,
862 4569 894 4637 ἠ
941 4567 1135 4637 καρδία
1171 4583 1298 4620 σου⁶
1349 4570 1447 4638 οὐχ
1486 4568 1731 4639 ὕποπέσῃ
1771 4568 1880 4640 γὰρ

302 4652 569 4704 ινυπνίων
604 4653 904 4718 ἐνεργείαις
950 4656 1151 4715 οὐκέτι,
1179 4657 1425 4727 φυλακὴν
1453 4661 1544 4712 ἐπὶ
1574 4664 1640 4731 τῇ
1676 4663 1883 4721 ἄνωθεν

303 4736 478 4789 ἑλπίδι
500 4741 677 4791 πᾶσαν
700 4739 796 4808 τῆς
816 4741 1017 4793 ’ἑαυτοῦ
1050 4744 1272 4811 καρδίας
1296 4745 1575 4815 τιθέμενος
1594 4767 1610 4781 ·
1640 4750 1667 4802 ὃ
1697 4755 1884 4807 τοσοῦ-

300 4845 395 4880 τον
434 4831 522 4882 ἐπὶ
578 4833 763 4882 πένθει
813 4834 1004 4896 πὲνῦος
1043 4834 1118 4902 τῷ
1149 4836 1369 4903 Συμεπὶιν
1404 4841 1774 4912 προστίθησιν,
1804 4846 1880 4910 ὡς

300 4916 396 4967 ἐπί
426 4934 572 4977 τινας
601 4920 811 4988 ἡμέρας
843 4920 1001 4989 ἄχρις
1032 4923 1254 4992 ἐννάτης
1279 4924 1428 4994 ὥρας
1490 4930 1625 4998 μηδὲ
1649 4934 1745 5000 τὴν
1782 4934 1876 4987 ου-

305 5008 424 5078 ρίδα
448 5010 696 5062 ὁπωσοῦν
733 5015 1102 5082 παρανοίγειν,
1140 5017 1253 5069 ἀλλ’
1284 5020 1523 5090 ἀκριϐῶς
1562 5024 1728 5086 αὐτὴν
1755 5030 1877 5081 ἐπι-

300 5097 694 5168 κεκλεισμένην
712 5104 1033 5173 ἀνομίλητον
1057 5111 1365 5169 παντάπασι
1386 5111 1679 5183 διαμένειν,
1700 5119 1878 5193 ἐαυτῷ

303 5188 454 5257 μόνῳ
480 5191 572 5241 καὶ
599 5192 717 5261 Θεῷ
742 5196 1295 5268 προσαδολεσχοῦντα.
1326 5240 1330 5244 -

1985 4579 2255 4633 ferentem
2279 4596 2293 4632 :
2317 4580 2579 4649 locusque
2602 4580 2756 4633 suavi
2782 4580 2971 4635 odoris
2996 4580 3295 4651 fragrantia
3327 4582 3570 4652 repletus

1985 4678 2125 4724 erat.
2162 4670 2229 4723 Et
2265 4670 2333 4735 is,
2366 4670 2459 4740 qui
2492 4670 2814 4740 apparebat,
2864 4671 3189 4727 intemerata
3223 4685 3569 4729 sacramenta

1986 4761 2241 4833 Symeoni
2273 4764 2681 4818 communicare
2703 4765 2892 4819 visus:
2917 4764 3185 4829 Viviliter,
3217 4765 3415 4835 inquit,
3447 4783 3567 4837 age,

1984 4861 2041 4906 et
2080 4855 2424 4908 confortetur
2453 4870 2548 4909 cor
2577 4863 2769 4921 tuum;
2807 4871 2917 4910 non
2970 4858 3298 4913 succumhes
3342 4859 3569 4925 posthac

1986 4942 2338 4999 illusionibus
2384 4945 2808 5012 insomniorum,
2856 4948 2901 5003 si
2935 4949 3119 5004 cordis
3150 4950 3226 5004 tui
3260 4950 3568 5007 custodiam

1984 5032 2096 5086 Deo
2144 5034 2375 5090 firmiter
2404 5037 2677 5106 sperando
2722 5039 3087 5095 commiseris.
3120 5041 3228 5095 lies
3270 5041 3361 5096 illa
3397 5042 3566 5112 priori

1985 5125 2273 5199 Symeonis
2294 5130 2465 5184 luctui
2503 5131 2841 5201 spiritusque
2876 5133 3196 5188 contritioni
3238 5144 3450 5189 tantum
3477 5136 3573 5189 ad-

1985 5217 2125 5272 didit
2145 5219 2570 5286 incrementum,
2586 5230 2645 5275 ut
2661 5220 2859 5278 diebus
2874 5222 3084 5292 aliquot
3099 5224 3167 5279 ad
3184 5226 3376 5281 horam
3397 5242 3568 5297 usque

301 5295 503 5392 Tuam
530 5284 820 5392 “ﬁmfsmm
867 5293 1019 5392 nullo
1050 5295 1210 5392 ξηοδο
1243 5299 1574 5369 αάθρθνίτεῑ.
1608 5307 1702 5363 sed
1771 5312 1910 5371 bene
1950 5313 2295 5369 obfirmatam
2346 5316 2589 5373 retinens
2642 5318 2792 5375 intus
2844 5320 2961 5392 ipse
3030 5324 3251 5389 lateret,
3304 5284 3569 5383 commer-

298 5380 389 5428 cio
438 5380 585 5430 omni
639 5380 877 5447 humano
923 5384 1226 5453 abstinens,
1274 5391 1487 5462 sibique
1533 5399 1632 5452 soli
1681 5411 1735 5456 et
1765 5405 1877 5461 Deo
1916 5420 2137 5459 vacans.

379 5477 480 5538 με’.
531 5470 618 5523 Ἐν
645 5473 817 5542 τούτῳ
845 5475 898 5527 δὲ
934 5479 1025 5529 καὶ
1056 5478 1146 5531 τοῦ
1197 5482 1441 5537 Ἰωάννου
1478 5490 1603 5551 τοὺς
1636 5494 1883 5562 συνήθεις

297 5563 395 5613 ὲπὶ
441 5563 537 5631 τῆς
572 5565 778 5627 οἰκείας
815 5565 1021 5634 βάσεως
1058 5572 1333 5638 μετιόντος
1359 5577 1595 5644 ἀγῶνας,
1628 5582 1795 5649 ὑγιῶς
1822 5605 1881 5639 τε

299 5654 443 5706 κατὰ
493 5653 648 5724 σῶμα
708 5658 801 5709 καὶ
852 5659 1055 5722 ἀνόςως
1107 5663 1341 5732 ἔχοντος,
1402 5669 1724 5737 ἐγγίζουσαν
1780 5678 1879 5749 ἥδη

304 5744 575 5814 προγνοὺς
620 5746 717 5815 τὴν
748 5750 954 5801 ἐκείνου
990 5752 1250 5823 ἐκδημίαν
1291 5760 1316 5809 ὁ
1349 5759 1590 5828 Συμεὼν,
1619 5744 1881 5830 τοιονίτοις

2051 5496 2138 5550 45.
2173 5496 2322 5551 Inter
2373 5499 2487 5553 haec
2518 5500 2760 5556 Joannes
2801 5518 3022 5574 quoque
3075 5506 3130 5560 in
3163 5507 3419 5562 columna
3468 5525 3569 5566 sua

1983 5602 2275 5643 consuetas
2296 5591 2399 5645 sibi
2419 5594 2841 5649 exercitationes
2860 5605 3083 5652 strenue
3104 5597 3312 5661 obibat,
3334 5614 3570 5670 corpore

1984 5682 2125 5735 bene
2157 5697 2346 5747 sanus,
2377 5700 2477 5739 nec
2509 5686 2900 5741 invaletudinis
2924 5689 3032 5744 ulla
3056 5690 3305 5746 ‘sentiens
3332 5690 3567 5747 indicia:

1984 5773 2141 5843 cujus
2175 5783 2354 5829 tamen
2386 5777 2724 5847 migrationis
2748 5780 2971 5852 jamjam
3004 5781 3261 5837 instantis
3307 5785 3572 5854 pnescius
