4078 6332
616 376 752 442 3031

1780 391 1838 450 S.
1883 391 2256 453 SYMEONIS
2290 394 2646 455 JUNIORIS

3698 389 3852 454 3033

596 493 855 547 recedere
890 496 1089 565 coegit,
1133 496 1389 551 edoctum
1430 514 1601 553 vanas
1644 516 1765 555 esse
1808 504 1926 571 ejus
1972 502 2167 561 minas.

2290 506 2400 567 Iob;
2429 506 2896 576 εὐχαριστηρίους,
2924 504 2971 554 εί
3002 501 3055 555 δὲ
3110 500 3308 571 βούλει,
3342 500 3646 562 ἔπινικίους
3681 515 3862 570 προσ·

598 583 805 638 Deinde
852 585 1098 641 suaviter
1131 587 1187 641 in
1217 588 1415 643 caelum
1448 589 1680 644 sublatis
1704 590 1902 655 oculis,
1942 592 2170 662 hymnos

596 673 708 728 Deo
731 676 784 729 in
803 676 1099 746 gratiarum
1123 679 1415 743 actionem,
1432 690 1545 742 aut,
1569 682 1615 734 si
1639 682 1714 736 ita
1732 684 1832 747 vis,
1855 684 1907 736 in
1930 683 2171 738 victoriae

599 763 837 819 obtenta
858 768 1459 833 commemorationem,
1480 771 1701 834 cecinit,
1729 787 1957 827 accenso
1975 771 2039 825 ad
2068 772 2173 827 hoc

597 868 763 908 cereo
784 870 945 924 quem
973 867 1204 926 utraque
1234 874 1396 912 manu
1424 860 1666 926 tenebat,
1703 863 1903 931 cuique
1933 862 2171 932 epinicia

2276 596 2407 664 ἦγεν
2439 594 2637 666 ὕμνους
2660 595 2798 663 Θεῷ,
2824 594 2975 662 φῶτα
3010 594 3238 661 ποιήσας
3275 592 3367 645 καὶ
3408 590 3580 661 κηρὸν
3612 591 3857 661 ἑκατέρα

2278 687 2418 755 χειρὶ
2442 687 2707 755 κατέχων,
2732 680 2811 748 οἷς
2846 686 3165 755 συνεμέτρει
3204 684 3293 736 τδν
3322 684 3611 735 ἐπινίκιον·
3650 684 3713 735 οὐ
3749 683 3857 753 γὰρ

2280 779 2543 845 πρότερον
2573 778 2606 845 ἡ
2638 777 2854 842 γλῶττα
2896 776 3005 828 τῶν
3050 774 3233 843 ὓμνων
3280 775 3545 839 πέπαυτο,
3588 773 3697 836 lto;
3744 776 3855 836 τοῖς

2282 870 2469 935 κηροῖς
2497 867 2741 920 καυθεῖσι
2780 867 2837 919 τὸ
2865 867 2979 935 φῶς
3008 865 3252 921 ἕσόεστο.

595 962 697 1001 sua
715 951 1354 1018 commensurabat;non
1381 954 1526 1008 enim
1550 955 1704 1025 prius
1722 956 1972 1011 cessabat
2008 972 2039 1009 a
2098 970 2258 1013 cantu
2290 961 2494 1031 lingua,
2526 978 2689 1031 quam
2723 971 3048 1030 consumpta
3113 975 3238 1015 cera
3300 961 3485 1014 lumen
3529 959 3859 1031 exstingue-

598 1049 775 1094 retur.

667 1132 755 1186 49.
790 1132 1000 1188 Interea
1029 1138 1288 1204 temporis
1311 1138 1521 1205 (verum
1547 1156 1668 1209 qua:
1697 1142 1875 1196 oratio
1911 1161 2022 1209 res,
2049 1160 2169 1200 om-

598 1224 655 1279 ni
707 1227 1023 1307 eloquentia
1078 1229 1415 1298 superiores,
1460 1233 1740 1301 explicet?
1784 1251 1870 1289 me
1901 1248 2049 1292 certe
2098 1237 2167 1292 ad

602 1318 801 1371 nudam
829 1319 1040 1373 illarum
1084 1322 1402 1375 memoriam
1436 1333 1643 1377 tremor
1676 1331 1956 1396 occupat),
1999 1329 2171 1382 inter-

598 1425 683 1471 ea,
731 1410 972 1477 inquam,
1028 1411 1181 1466 videt
1214 1413 1485 1467 orientem
1545 1430 1733 1468 versus
1775 1427 2023 1484 apertum
2055 1433 2171 1472 cm-

600 1502 712 1554 lum
748 1512 803 1555 et
836 1500 966 1555 inibi
1015 1501 1306 1556 Dominum
1354 1515 1601 1557 nostrum
1634 1504 1813 1558 Jesum
1849 1505 2167 1575 Christum:

598 1590 891 1644 videbatur
918 1601 1099 1645 autem
1129 1593 1300 1646 veluti
1331 1593 1569 1647 circulus
1592 1594 1813 1663 quidam
1838 1610 1904 1648 ex
1942 1596 2169 1660 electro,

599 1682 772 1735 multo
822 1682 1026 1736 lumine
1064 1690 1119 1736 et
1159 1682 1373 1736 flamma
1428 1684 1895 1753 rntilante,ipsum
1924 1685 2166 1750 ambire;

598 1770 929 1826 videbantur
965 1780 1021 1825 et
1062 1771 1373 1841 archangeli
1429 1770 1655 1824 Michael
1708 1780 1871 1839 atque
1922 1770 2164 1835 Gabriel,

2355 1146 2460 1216 μθ¹.
2510 1144 2596 1197 Ἐν
2614 1143 2853 1212 τοσούτῳ
2888 1144 2943 1196 δὲ
2975 1146 3074 1213 ὁρᾷ
3104 1143 3259 1213 (ἀλλὰ
3283 1142 3399 1204 πῶς
3432 1144 3497 1196 ἂν
3526 1144 3595 1196 τὰ
3620 1144 3863 1213 κρείττω

2279 1235 2436 1301 λόγου
2476 1235 2630 1301 λόγος
2654 1237 2933 1304 γνωρίσειε
2965 1250 2978 1295 ;
3011 1234 3180 1303 φρίκη
3211 1235 3316 1303 γάρ
3364 1251 3429 1303 με
3462 1237 3557 1286 καὶ
3584 1236 3722 1305 πρὸς
3758 1236 3860 1303 τὴν

2279 1324 2498 1389 μνήμην
2524 1322 2871 1390 εἰσέρχεται),
2891 1322 2991 1390 ὁρᾷ
3016 1320 3211 1382 τοίνυν,
3233 1323 3325 1372 καὶ
3360 1320 3464 1373 ίδοὺ
3489 1322 3735 1391 ἀνέῳκτο
3760 1325 3862 1391 μὲν

2275 1410 2335 1474 ἐξ
2362 1411 2635 1462 ἀνατολῶν
2670 1413 2697 1463 δ
2727 1410 2974 1479 οὐρανὸς,
3013 1410 3107 1461 καὶ
3142 1411 3169 1461 ὁ
3199 1410 3399 1480 Κύριος
3438 1411 3591 1479 ἡμῶν
3634 1413 3722 1462 ἐπ’
3758 1413 3862 1463 αὖ·

2275 1498 2366 1551 τοῦ
2399 1499 2628 1567 Χριστὸς
2683 1501 2710 1551 ὁ
2750 1499 2912 1561 Θεός¹
2949 1501 3137 1568 ὅρασις
3176 1498 3231 1550 δὲ
3270 1499 3343 1560 ὡς
3370 1498 3637 1567 ἠλέκτρου
3671 1498 3863 1568 κύκλῳ

2284 1591 2411 1657 περὶ
2456 1589 2617 1641 αὑτὸν
2656 1589 2713 1639 ὲν
2756 1590 2891 1657 φωτὶ
2923 1589 3019 1641 καὶ
3042 1589 3173 1659 πυρὶ
3207 1587 3599 1657 στρεφομένου,
3636 1588 3865 1656 Μιχαὴλ

2274 1694 2333 1729 τε
2387 1684 2479 1730 καί
2531 1679 2768 1748 Γαϐριὴλ
2815 1680 2865 1732 oi
2920 1679 3027 1731 τῶν
3088 1679 3254 1746 ἁγίων
3289 1678 3537 1745 ἀγγέλων
3569 1678 3803 1747 πρῶτοι,
3835 1681 3865 1729 δ

2276 1770 2371 1837 μὲν
2402 1771 2463 1821 ἐκ
2484 1768 2671 1832 δεξιῶν
2701 1770 2910 1840 πράως,
2936 1773 2963 1823 ὁ
2986 1770 3031 1822 δ’
3061 1770 3121 1834 ἐξ
3157 1770 3457 1841 ἀριστερῶν
3483 1771 3858 1840 παρεστῶτες,

601 1861 812 1929 placide
852 1876 882 1914 a
920 1861 1369 1924 dexterisalter,
1417 1860 1556 1913 alter
1598 1876 1628 1912 a
1686 1859 1927 1914 sinistris
1973 1862 2177 1914 consti-

2290 1860 2336 1911 τό
2361 1875 2419 1910 τε
2445 1858 2551 1911 τῶν
2580 1861 2815 1927 νεφελῶν
2848 1860 3045 1929 πλῆθος
3074 1860 3364 1913 ὑποπόδιον
3401 1860 3563 1912 αὑτοῦ
3598 1860 3860 1929 καθάπερ

604 1952 745 2017 tuti;
794 1952 1124 2007 videbantur
1181 1952 1417 2020 denique
1484 1952 1659 2004 nubes
1716 1951 2000 2018 plurimae,
2058 1967 2179 2020 quae

603 2053 762 2097 erant
784 2044 1194 2112 suppedaneum
1222 2042 1366 2095 illius
1393 2042 1838 2111 apparebantque
1861 2043 2029 2096 veluti
2059 2042 2180 2111 pul-

606 2135 690 2188 vis
737 2134 939 2203 pedum
992 2135 1131 2203 ejus.
1181 2132 1479 2186 Confestim
1533 2132 1699 2200 igitur
1757 2132 2012 2201 Symeon,
2065 2148 2181 2186 ma—

606 2222 771 2277 nibus
820 2223 1132 2292 mentisque
1180 2222 1360 2281 oculis
1410 2222 1657 2283 elevatis,
1692 2220 1955 2276 adorabat
2003 2212 2177 2287 illum,

604 2315 700 2384 qui
752 2314 857 2369 sibi
895 2314 1213 2383 apparebat,
1253 2321 1312 2365 ut
1358 2313 1509 2381 juxta
1552 2312 1956 2381 beneplacitum
2010 2312 2182 2381 ipsius

604 2410 819 2463 fruetus
857 2408 1019 2461 utiles
1069 2408 1123 2460 in
1172 2422 1230 2459 se
1270 2406 1747 2475 progignerentur.
1796 2403 1934 2470 Quid
1966 2405 2031 2458 ad
2063 2404 2179 2458 haec

604 2500 719 2562 ille,
746 2499 839 2567 qui
864 2497 1233 2568 gloriﬁcantes
1254 2511 1311 2549 se
1332 2494 1640 2565 gloriﬁcare
1673 2493 1869 2546 solitus
1890 2503 1975 2546 est
2003 2508 2181 2562 quan-

610 2601 950 2658 tumcunque
1005 2587 1426 2657 supereminens
1469 2583 1656 2637 Deus?
1698 2582 1890 2653 Digitis
1949 2583 2187 2636 innuens

604 2691 691 2735 ter
740 2680 1068 2751 Symeonem
1133 2677 1368 2746 signavit
1412 2693 1425 2728 ι
1474 2686 1639 2741 atque
1691 2688 1819 2727 ecce
1882 2673 2178 2736 dmmones,

607 2780 863 2838 tanquam
901 2781 1189 2835 caprarum
1224 2776 1632 2833 porcorumque
1673 2776 1884 2830 greges,
1918 2776 2084 2829 super
2106 2759 2185 2813 fa-

606 2861 749 2915 ciem
794 2869 954 2913 tcrrze
993 2859 1204 2925 (contra
1268 2870 1407 2925 quos
1464 2855 1589 2908 data
1633 2852 1887 2922 Symeoni
1943 2861 2185 2920 potestas

607 2950 734 3009 fuit,
764 2957 820 3002 et
850 2948 903 3000 in
933 2944 1403 3000 conﬁrmationem
1434 2941 1721 3013 potestatis
1754 2939 1902 3008 virga
1931 2939 1987 2990 in
2018 2953 2181 2993 manu

2279 1967 2359 2013 τις
2396 1953 2666 2020 κονιορτὸς
2695 1953 2870 2005 ποδῶν
2910 1952 3096 2008 αὑτοῦ.
3125 1953 3324 2021 Χεῖρας
3356 1954 3638 2021 τοιγαροῐι
3682 1955 3710 2004 ὁ
3754 1954 3859 2004 Συο

2284 2041 2427 2110 μεὼν
2473 2042 2668 2094 αὐτίκα
2717 2043 2809 2094 καὶ
2851 2042 3075 2111 ὄμματα
3117 2041 3343 2110 καρδίας
3392 2043 3652 2104 πετάσας,
3687 2042 3861 2095 ἐδεῖτο

2281 2132 2375 2184 τοῦ
2406 2132 2680 2199 ὀφθέντος,
2704 2132 2834 2184 ὥστ’
2858 2132 3145 2200 εύδοκῆσαι
3170 2134 3411 2201 καρποὺς
3437 2132 3675 2198 ἀγαθοὺς
3704 2133 3857 2201 αὐτῷ

2281 2223 2345 2275 δι’
2375 2222 2538 2275 αὑτοῦ
2566 2224 2959 2292 προσαχθῆναι.
2984 2222 3048 2274 Τί
3073 2219 3166 2276 οὖν
3204 2222 3436 2276 ἐνταῦθα
3461 2242 3474 2287 ;
3518 2224 3577 2277 Ὀ
3604 2224 3732 2287 τοὺς
3772 2223 3858 2276 8o-

2283 2313 2540 2378 ξὰζοντας
2564 2312 2724 2366 αὑτὸν
2743 2312 3108 2378 ἁντιδοξάζειν
3135 2312 3288 2375 εἰδὼς
3316 2314 3410 2365 καὶ
3438 2314 3618 2383 πολλῷ
3641 2313 3721 2381 τῷ
3757 2314 3858 2381 μέ-

2288 2421 2364 2473 σῳ
2391 2404 2542 2467 Θεὸς,
2573 2404 2768 2467 νεύσας
2792 2406 2902 2466 τοῖς
2932 2404 3216 2465 δακτύλοις
3246 2406 3543 2474 ἐσφραγισε
3573 2404 3693 2474 τρίς
3712 2420 3729 2437 ι
3762 2404 3858 2459 καὶ

2289 2492 2397 2545 ίδοὺ
2444 2495 2491 2545 οἱ
2526 2493 2796 2562 δαίμονες,
2838 2493 3027 2563 ὥσπερ
3080 2494 3249 2561 αίγῶν
3292 2496 3385 2548 καὶ
3427 2496 3625 2565 χοίρων
3661 2494 3860 2566 βοσκή-

2289 2601 2435 2653 ματα
2465 2586 2557 2636 ἐπὶ
2586 2587 2875 2656 πρόσωπον
2905 2586 3003 2653 τῆς
3024 2577 3137 2653 ⁵γῆς
3172 2586 3410 2649 (ἐξουσία
3439 2603 3496 2637 τε
3540 2584 3659 2637 κατ’
3682 2584 3860 2637 αὐτῶν

2284 2675 2360 2743 τῷ
2391 2676 2613 2745 Συμεὼν
2644 2677 2903 2748 δεδομένη
2933 2678 3126 2749 ῥάϐδος
3157 2695 3213 2730 τε
3246 2678 3333 2731 διὰ
3362 2679 3543 2748 χειρὸς
3583 2678 3736 2747 αὖτῷ
3774 2678 3860 2743 βε-

2285 2764 2512 2818 ϐαιοῦσα
2558 2766 2657 2837 τὴν
2700 2766 2990 2832 ἐξουσίαν),
3022 2769 3117 2821 καὶ
3159 2768 3380 2836 φεύγειν
3418 2771 3615 2823 ἐκεῖνοι
3663 2768 3861 2830 πάντες

2286 2854 2531 2922 ἀγεννῶς
2592 2856 2929 2927 ὡρμημένοι,
2979 2858 3078 2910 ὅσα
3129 2874 3189 2909 τε
3230 2857 3435 2920 καπνὸς
3485 2856 3517 2927 ἢ
3573 2856 3705 2927 χοῦς
3757 2855 3865 2909 ἀπὸ

2290 2946 2582 3012 προσώπου
2615 2948 2779 2999 αὑτοῦ
2811 2947 3174 3011 ἐκλείποντες.

606 3040 770 3110 eius),
793 3052 986 3091 omnes
1018 3036 1265 3091 imbelles
1295 3033 1445 3099 facti,
1478 3032 1626 3087 illico
1663 3032 1719 3085 in
1755 3029 1936 3100 fugam
1996 3044 2053 3083 se
2120 3033 2553 3104 praecipitabant,
2590 3037 2759 3091 veluti
2803 3037 2988 3093 fumus
3056 3045 3151 3092 aut
3211 3038 3393 3108 pulvis
3427 3054 3458 3092 a
3513 3038 3652 3093 facie
3686 3038 3858 3093 sancti

612 3130 844 3186 dellcien
854 3138 954 3182 tes.

680 3223 768 3278 50.
802 3220 1083 3277 Visionem
1122 3219 1264 3273 hanc
1308 3234 1402 3273 sua
1436 3232 1657 3288 quoque
1692 3216 1952 3270 miracula
1994 3229 2189 3269 eonse-
2217 3220 2261 3281 ε

612 3324 740 3371 cuta
780 3320 946 3377 sunt;
978 3326 1103 3364 nam
1136 3319 1408 3378 quotquot
1443 3308 1602 3361 malis
1648 3306 1933 3377 spiritibus
1965 3313 2059 3359 aut
2082 3304 2185 3357 alia

610 3405 803 3476 quavis
826 3402 1152 3474 :rgritndine
1177 3400 1354 3454 vexati
1377 3400 1442 3453 ad
1468 3399 1793 3468 Symeonem
1814 3406 2184 3458 accesserunt,

609 3496 829 3554 liberati
861 3495 1093 3563 quisque
1141 3492 1284 3545 malo
1344 3506 1443 3544 suo
1484 3488 1691 3544 reversi
1735 3496 1880 3541 sunt.
1918 3486 2190 3540 Viderunt

612 3588 776 3644 etiam
808 3582 1106 3641 ct‘sanctus
1130 3583 1267 3651 ipse,
1293 3588 1347 3635 et
1378 3581 1563 3649 plures
1591 3578 1704 3641 alii,
1729 3578 1932 3646 quibus
1958 3593 2021 3630 ea
2066 3594 2189 3645 gra-

614 3686 689 3741 tia
720 3698 976 3738 concessa
1025 3681 1150 3742 fuit,
1200 3690 1311 3733 tres
1344 3676 1566 3746 angelos
1603 3675 1720 3739 Dei,
1771 3690 2004 3744 quorum
2053 3676 2192 3728 alter

615 3778 682 3833 ad
717 3778 1020 3834 dexteram,
1056 3771 1193 3825 alter
1222 3769 1288 3823 ad
1322 3768 1624 3830 sinistram,
1663 3766 1864 3820 tertius
1896 3782 2036 3835 pone
2078 3776 2191 3819 ter-

615 3884 742 3940 gum
782 3864 1068 3935 Symeonis
1095 3870 1323 3924 stantes,
1366 3866 1735 3912 atramentum
1759 3857 2013 3912 manibus
2044 3866 2194 3912 tene-

616 3961 783 4022 bant;
824 3965 880 4010 et
900 3954 993 4023 qui
1025 3951 1314 4007 sanitatem
1361 3949 1716 4004 consecuturi
1755 3958 1935 4008 erant.
1966 3948 2192 4017 iubente

616 4056 829 4109 sancto,
854 4046 1005 4098 velut
1031 4044 1083 4097 in
1114 4042 1368 4103 sindone,
1403 4042 1516 4109 ipsa
1539 4039 1664 4093 nive
1687 4038 2029 4099 candidiore,
2060 4038 2196 4092 scri-

618 4139 892 4195 bcbantur
920 4152 933 4187 :
957 4147 1138 4202 neque
1166 4132 1363 4203 singuli
1387 4139 1621 4194 tantum,
1652 4128 1747 4183 sed
1778 4144 1939 4199 quam
1975 4129 2192 4198 plurimi

617 4230 784 4283 etiam
804 4226 987 4286 simul,
1004 4225 1097 4294 qui
1114 4224 1303 4277 salutis
1320 4237 1481 4277 causa
1500 4230 1864 4283 accesserant,
1887 4220 2196 4275 referebant

621 4320 928 4373 obtentam.
968 4314 1101 4369 Nam
1138 4312 1293 4367 multi
1340 4312 1637 4381 aliquando
1668 4327 1697 4364 a
1722 4310 2068 4365 dmmonibus
2109 4311 2197 4363 in—

620 4410 778 4472 sessi,
798 4422 1046 4477 spumam
1068 4421 1162 4459 ore
1183 4406 1502 4475 ejectantes,
1526 4403 1851 4474 Symeonem
1874 4401 2197 4467 adiverunt;

620 4500 715 4571 qui
738 4498 1015 4569 impressit
1040 4496 1269 4565 singulis
1286 4495 1521 4549 salutare
1547 4493 1729 4548 crucis
1751 4493 1963 4561 signum
1982 4509 1995 4556 ;
2012 4493 2199 4561 jussit-

2360 3224 2423 3271 ν’.
2454 3219 2532 3289 Τῇ
2568 3218 2687 3287 ὄψει
2717 3218 2895 3271 τοίνυν
2923 3216 3097 3288 ταύτῃ
3119 3217 3212 3270 καὶ
3245 3217 3313 3271 τὰ
3343 3216 3600 3288 θαύματα
3631 3220 3860 3289 ἠκολού-

2286 3309 2387 3371 θει,
2414 3311 2506 3363 καὶ
2530 3310 2728 3373 πάντες
2749 3311 2862 3361 ὅσοι
2892 3308 3165 3377 πνεύμασι
3190 3312 3465 3379 πονηροῖς,
3491 3310 3522 3379 ἢ
3557 3310 3650 3362 καὶ
3682 3310 3857 3378 ἄλλοις

2287 3400 2483 3454 πάθεσι
2521 3402 2816 3467 κάμνοντες
2856 3399 3049 3467 ἐκείνῳ
3084 3397 3413 3468 προσῄεσαν,
3454 3398 3730 3471 ἐλεύθεροι
3757 3400 3849 3454 τοῦ

2286 3491 2579 3553 λυποῦντος
2622 3490 2847 3553 ἕκαστος
2881 3489 3203 3559 ἐπανῄεσαν,
3254 3490 3529 3560 Ἐωρῶντο
3562 3492 3672 3560 γὰρ
3712 3493 3856 3563 αὐτῷ

2287 3599 2342 3634 τε
2376 3581 2451 3651 ρης,
2494 3581 2679 3650 Ἀγίῳ,
2713 3580 2808 3634 καὶ
2864 3579 3075 3643 πολλοῖς
3116 3580 3227 3632 ὅσοι
3276 3581 3371 3632 καὶ
3408 3580 3632 3633 τοιαῦτα
3664 3582 3859 3653 δηλαδὴ

2292 3672 2507 3743 βλέπειν
2550 3671 2779 3740 ἠξίωντο
2809 3708 2824 3733 ,
2868 3671 3092 3738 ἄγγελοι
3137 3672 3341 3742 Κυρίου
3388 3676 3555 3741 τρεῖς,
3600 3676 3628 3725 ὁ
3663 3674 3761 3743 μὲν
3800 3677 3859 3727 ἐκ

2289 3765 2496 3830 δεξιῶν,
2529 3764 2713 3832 ἕτερος
2740 3761 2787 3815 δ’
2826 3762 2884 3827 ἐξ
2917 3762 3232 3830 εὐωνύμων,
3276 3764 3323 3816 οἱ
3364 3763 3408 3815 δ’
3444 3765 3666 3818 ὄπισθεν
3699 3767 3859 3819 ἑστῶ-

2292 3873 2380 3917 τες
2414 3856 2506 3907 τοῦ
2548 3854 2793 3924 Συμεὼν,
2827 3855 2886 3907 τό
2929 3871 2988 3906 τε
3035 3855 3203 3924 μέλαν
3237 3856 3419 3917 αὐτοῖς
3449 3857 3505 3907 ὲν
3533 3860 3736 3926 χεροῖν,
3772 3860 3859 3912 καὶ

2292 3946 2399 3997 τῶν
2433 3944 2650 4013 ἰαθῆναι
2684 3942 2983 4011 μελλόντων
3020 3946 3251 4007 ἕκαστος
3277 3946 3371 3997 τοῦ
3402 3948 3554 4011 ἁγίου
3595 3947 3855 4015 λέγοντος,

2294 4037 2367 4098 ὡς
2404 4038 2458 4088 ἐν
2500 4035 2788 4105 σωματείῳ
2808 4035 3111 4108 λευκοπτέρῳ
3141 4038 3233 4089 καί
3267 4038 3440 4106 χιόνος
3467 4040 3766 4109 ἐγράφετο·
3800 4042 3855 4093 οὑ

2297 4128 2417 4181 καθ’
2451 4127 2547 4181 ἕνα
2577 4128 2633 4180 δὲ
2668 4127 2845 4198 μόνον,
2877 4128 3011 4180 ἀλλὰ
3037 4129 3129 4179 καὶ
3162 4130 3298 4180 κατὰ
3335 4127 3535 4197 πλῆθος
3572 4129 3856 4199 θεραπείας

2295 4219 2345 4270 οἱ
2384 4219 2695 4286 προσιόντες
2730 4218 3045 4286 ἐτύγχανον.
3094 4216 3402 4288 Προσῆλθον
3426 4218 3533 4287 γάρ
3570 4236 3698 4271 ποτε
3737 4219 3856 4272 πολ-

2296 4311 2379 4361 λοὶ
2416 4310 2553 4361 κατὰ
2579 4310 2772 4361 ταυτὸν
2796 4308 3176 4378 δαιμονῶντες,
3210 4310 3303 4361 καὶ
3336 4309 3508 4377 ἀφρὸν
3538 4308 3631 4361 τοῦ
3662 4311 3854 4379 στόμα-

2297 4417 2387 4462 τος
2433 4399 2881 4469 παραπτύοντεςο
2914 4392 2988 4451 ὧν
3029 4399 3243 4469 ἑκάστῳ
3294 4399 3561 4468 σφραγῖδα
3612 4402 3853 4468 ποιήσας.

2298 4496 2410 4555 τοῖς
2438 4509 2495 4544 τε
2520 4491 2823 4561 πνεύμασιν
2847 4492 2902 4543 ὲν
2933 4490 3153 4559 ὀνόματί
3177 4507 3309 4558 φησι
3331 4490 3422 4542 τοῦ
3448 4490 3575 4542 Υἱοῦ
3609 4493 3701 4543 τοῦ
3732 4494 3853 4547 Θεοῦ

621 4566 730 4662 que
765 4566 994 4659 spiritus
1024 4588 1078 4642 in
1106 4587 1328 4641 nomine
1358 4585 1481 4640 Filii
1517 4586 1636 4647 Dei,
1663 4598 1762 4653 pro
1790 4583 1948 4637 nobis
1988 4583 2041 4636 in
2073 4597 2188 4636 cru-

2300 4585 2392 4637 τοῦ
2422 4585 2487 4637 δι’
2510 4584 2656 4653 ἡμᾶς
2683 4582 3083 4651 σταυρωθέντος
3112 4582 3430 4652 ἀπαλλαγὴν
3468 4585 3852 4653 παραγγείλας,

621 4700 742 4739 cem
776 4680 971 4741 suﬁixi,
1005 4679 1132 4733 inde
1155 4677 1426 4731 facessere
1449 4682 1640 4745 :atque
1663 4675 1759 4738 illi,
1785 4673 1933 4727 nulla
1957 4673 2199 4743 interpo—

623 4775 728 4829 sita
748 4789 919 4837 mora,
943 4772 1153 4826 abitum
1172 4776 1425 4839 parantes
1447 4767 1788 4836 multumque
1812 4764 2195 4827 vociferantes,

623 4868 971 4936 reliquerunt
992 4863 1245 4917 homines
1266 4862 1471 4916 liberos
1500 4870 1555 4913 et
1586 4860 1907 4923 incolumes,
1942 4875 2079 4929 puro
2102 4874 2198 4913 ore

622 4957 816 5015 laudes
857 4957 967 5010 Deo
1002 4953 1367 5008 celebrantes.
1419 4951 1690 5007 Caeterum
1737 4951 1831 5020 qui
1869 4951 2198 5005 circumsta-

625 5051 761 5105 bant
793 5048 1121 5119 Symeoncm
1147 5044 1347 5115 angeli,
1385 5043 1449 5096 ad
1488 5044 1751 5097 miracula
1788 5050 1843 5097 et
1877 5040 2199 5097 medicatio-

626 5157 728 5197 nes
770 5155 928 5209 opem
978 5154 1133 5192 suam
1201 5135 1570 5199 conferentes,
1636 5135 1710 5188 ita
1759 5134 1861 5203 ipsi
1908 5135 2203 5187 astiterunt

625 5234 813 5304 aliquo
839 5243 1117 5301 tempore;
1148 5228 1348 5284 deinde
1368 5243 1467 5297 pro
1496 5242 1649 5281 more
1699 5226 1835 5296 jussi
1885 5225 2129 5280 scribere
2170 5240 2201 5277 a

628 5334 841 5384 sancto,
871 5330 1147 5393 negarunt
1174 5321 1225 5376 id
1260 5336 1318 5375 se
1372 5319 1617 5373 facturos
1673 5319 2053 5387 imposterum,
2110 5315 2198 5369 di-

627 5424 847 5471 centes:
884 5413 1095 5469 Anctus
1120 5426 1181 5467 es
1207 5412 1498 5480 perspicua
1541 5407 1637 5461 Dei
1672 5406 1913 5476 potentia
1958 5412 2015 5458 et
2082 5404 2199 5455 vir-

629 5512 999 5559 tute:cuncta
1017 5501 1281 5570 deinceps
1315 5510 1365 5554 te
1401 5496 1783 5553 intercedente
1818 5495 2079 5550 evenient
2103 5508 2205 5563 pro

633 5596 740 5651 ﬁde
776 5594 1159 5650 accedentium
1207 5591 1343 5656 tibi;
1400 5588 1764 5658 patrabuntur
1810 5586 2074 5641 miracula
2108 5601 2207 5654 per

2302 4676 2681 4745 ἀπαλλαγῆναι
2700 4675 3041 4745 παραχρῆμα
3058 4672 3483 4742 παρασκευάζει,
3505 4674 3651 4743 μέγα
3667 4674 3856 4743 βοῶντα

2305 4767 2395 4819 καὶ
2425 4764 2591 4833 ὑγιῶς
2617 4764 2835 4834 ἔχοντας
2865 4764 2987 4826 τοὺς
3015 4762 3212 4832 ἄνδρας
3241 4761 3597 4829 ἀπολιπόντα,
3632 4764 3856 4834 νηφαλίῳ

2308 4858 2532 4926 στόματι
2554 4857 2652 4917 τὰς
2676 4854 2909 4917 αίνέσεις
2940 4852 3033 4907 τοῦ
3063 4851 3199 4905 Θεοῦ
3231 4851 3654 4922 μεγαλύνοντας.
3676 4856 3736 4907 οξ
3773 4855 3856 4922 μὲν

2303 4947 2394 5004 οὖν
2436 4947 2759 5009 κυκλοῦντες
2785 4946 2945 4998 αὐτὸν
2966 4944 3184 5011 ἄγγελοι
3212 4983 3226 5007 ,
3248 4944 3342 4996 καὶ
3370 4942 3504 5012 πρὸς
3529 4943 3599 4995 τὰ
3620 4943 3720 4996 Θαύ
3730 4961 3855 5013 ματα

2303 5039 2514 5102 καὶτὰς
2543 5038 2713 5097 ἰάσεις
2740 5034 3170 5102 διακονούμενοι,
3193 5034 3500 5102 παρέμενον
3524 5032 3699 5096 οὕτως
3727 5034 3855 5102 αὐτῷ

2306 5134 2463 5204 μέχρι
2497 5129 2689 5198 καιροῦ
2708 5144 2724 5159 ’
2762 5123 2881 5180 εἶτα
2907 5126 3047 5180 κατᾶ
3067 5126 3126 5178 τὸ
3160 5124 3395 5193 σύνηθες
3419 5125 3603 5188 αὐτοῖς
3632 5127 3854 5187 εἰπόντος

2300 5224 2507 5295 γράψαι
2534 5222 2628 5274 τοῦ
2653 5220 2877 5289 Συμεών
2898 5238 2911 5251 ·
2940 5219 3154 5283 Οὐκέτι,
3187 5218 3351 5285 φασιν
3392 5219 3613 5279 ἐκεῖνοι,
3644 5219 3853 5285 γράαειν

2307 5316 2367 5369 οὗ
2395 5316 2468 5384 μὴ
2496 5312 2840 5383 προσθῶμεν*
2869 5310 3130 5381 ηύξηνται
3155 5309 3261 5377 γὰρ
3285 5309 3343 5359 ἐν
3369 5306 3451 5360 σοὶ
3479 5309 3785 5376 περιφανῶς
3808 5311 3851 5360 al

2308 5403 2403 5457 τοῦ
2440 5403 2572 5456 Θεοῦ
2607 5402 2933 5461 δυναστεῖαι,
2984 5401 3079 5452 καὶ
3126 5399 3303 5452 πάντα
3350 5397 3493 5466 λόγῳ
3539 5399 3633 5450 καὶ
3652 5396 3849 5465 δυνάμει

2304 5495 2485 5547 λοιπὸν
2522 5493 2661 5546 κατὰ
2693 5492 2788 5561 τὴν
2817 5491 2924 5543 τῶν
2964 5489 3414 5559 προαερχομένων
3441 5488 3622 5541 πίστιν
3652 5491 3849 5559 γενήσε-

2304 5603 2394 5639 ται
2420 5585 2508 5637 διὰ
2536 5584 2627 5636 σοῦ
2661 5585 2717 5635 ἐν
2746 5581 2988 5636 ἐπιθέσει
3023 5580 3221 5651 χειρῶν
3251 5595 3368 5641 σου,
3394 5581 3450 5629 ὲν
3476 5578 3587 5648 ἁφῇ
3624 5578 3846 5647 pnite-ti;

622 5685 1041 5754 ,impositionem
1070 5696 1327 5736 manuum
1360 5690 1598 5741 tuarum,
1632 5694 1724 5748 per
1767 5677 2057 5729 tactionem
2102 5690 2188 5728 me.

2307 5694 2416 5735 sou,
2452 5676 2508 5727 ἐν
2541 5673 2831 5745 κρασπὲδῳ
2863 5671 2956 5726 τοῦ
2987 5674 3190 5726 σάκκου
3224 5685 3338 5735 σου,
3376 5668 3435 5720 ἂν
3474 5670 3541 5738 τῇ
3585 5668 3843 5737 βαῒνῃσςν

640 5779 798 5840 lates,
846 5792 939 5849 per
971 5775 1239 5834 ﬁmbrian
1294 5774 1469 5840 sacci,
1523 5788 1617 5843 per
1664 5771 1866 5841 virgam
1921 5769 2211 5843 palmcam,

2304 5762 2502 5833 ῥάϐδῳ,
2538 5765 2596 5814 οὐ
2628 5761 2732 5831 μὴν
2760 5758 2893 5813 ἀλλὰ
2934 5759 3027 5813 καὶ
3050 5756 3137 5813 διὰ
3170 5756 3331 5828 ψιλῆς
3371 5754 3568 5820 κόνεως
3604 5761 3744 5826 παρὰ
3770 5752 3841 5806 σοῦ
