4078 6332
630 334 773 397 Ἠΰῦ

1846 347 1910 412 S.
1953 347 2253 408 SYMEON
2268 347 2339 407 ιδ
2373 350 2407 409 J
2418 350 2517 411 [ΙΝ
2527 345 2750 413 ΙΟῐὶῐς

3758 344 3901 413 ms,

628 459 886 514 pannosa
906 447 1077 501 vestis
1108 462 1219 503 sure
1250 451 1515 522 porrigit;
1560 468 1792 525 moxque
1841 455 2197 515 incolumitas

2318 454 2424 520 lou;
2480 459 2887 532 ἀπαλλαγῆναι“
2922 461 3198 531 δεόμενος.
3266 452 3326 518 Ὀ
3353 460 3411 515 δέ
3442 457 3704 531 £95511;
3728 458 3895 513 αὐτοῦ

625 534 905 593 dolentem
932 540 1314 609 consequitur.

699 808 789 864 53.
832 808 1005 863 nomo
1022 810 1270 879 quidam,
1316 812 1475 882 cujus
1500 811 1639 867 forte
1664 814 1974 869 exstinctus
1999 822 2117 869 erat
2143 814 2199 871 ll-

627 897 759 955 lius.
793 898 1021 953 ﬁrmiter
1044 900 1147 953 sibi
1163 901 1522 969 persuadens,
1541 901 1679 955 nihil
1705 918 1801 972 per
1824 912 2074 958 sanctum
2094 920 2206 959 non

631 989 1063 1061 impetrandum,
1089 992 1237 1062 quod
1268 1010 1297 1047 a
1322 994 1433 1048 Deo
1464 994 2098 1064 postulasset(quoniam
2130 996 2207 1052 ita

628 1090 828 1135 natura
865 1094 1245 1153 comparatum
1267 1096 1372 1146 est.
1410 1096 1469 1138 ut
1498 1085 1645 1153 quod
1670 1086 1932 1141 ardenter
1961 1088 2087 1157 quis
2107 1098 2205 1143 ex-

628 1173 786 1243 petit,
819 1174 872 1227 id
896 1176 1188 1244 impctratu
1217 1174 1378 1230 facile
1398 1176 1635 1244 credat),
1671 1176 1823 1232 illico
1848 1177 1915 1231 ad
1949 1178 2215 1233 divinum

631 1260 959 1333 Symeonem
1021 1266 1299 1329 accurrit,
1353 1265 1606 1321 dolenter
1665 1268 1910 1337 plorans,
1954 1270 2205 1339 ejulans,

630 1355 915 1426 plangens,
946 1358 1239 1427 multisque
1262 1359 1385 1413 aliis
1404 1360 1582 1414 modis
1606 1369 1769 1430 atque
1799 1361 1959 1417 factis
2010 1361 2205 1418 πειθὼ

628 1443 817 1499 cordis
842 1445 926 1500 sui
968 1447 1317 1515 exprimens;
1367 1449 1715 1518 clamatque:
1774 1450 2032 1503 Miserere
2075 1451 2217 1518 mei,

629 1552 790 1591 serve
820 1538 937 1602 Dei,
970 1538 1239 1595 miserere
1270 1539 1367 1594 lilii
1418 1542 1546 1605 mei,
1603 1541 1739 1595 mihi
1796 1556 1977 1613 nuper
2030 1551 2208 1599 morte

629 1631 1037 1700 erepti;quem
1090 1632 1375 1699 nondum,
1446 1634 1527 1687 uti
1577 1635 1886 1689 communis
1931 1634 2212 1701 defunctis

629 1722 718 1777 lex
743 1722 932 1793 exigit,
962 1724 1017 1776 in
1041 1724 1356 1794 sepulcrum
1408 1724 1605 1791 intuli,
1646 1740 1750 1781 nec
1772 1725 2211 1795 quidquam_ter—

2307 547 2520 617 δεήσεις
2548 551 3240 627 δπικλασθεὶς,κράσπεδόν
3302 569 3357 606 τι
3399 550 3497 605 τοῦ
3539 550 3746 603 οίκείου
3800 550 3897 621 gli-

2309 656 2439 704 κους
2492 641 2697 711 ὀρέγει,
2748 643 2844 698 καὶ
2892 645 3054 698 τοῦτο
3087 642 3354 714 θεραπεία
3403 640 3763 711 παραχρῆμα
3818 639 3898 708 τῷ

2309 730 2568 800 πάσχοντι
2592 732 2825 801 γίνεται.
2847 765 2853 771 -
3300 743 3323 807 ᾖ

2380 829 2479 893 νγ¹έ
2526 824 2824 897 ’Δνθρώπῳ
2851 827 2962 880 τινὶι
2992 824 3195 895 συνέϐη
3218 818 3307 879 τὸν
3332 826 3449 879 υἱὸν
3474 824 3827 892 τελευτῆσαι.
3864 822 3894 873 ὁ

2309 910 2373 966 δὲ’
2404 912 2571 982 μηδὲν
2599 914 2881 968 ἀδυνατεῖν
2924 913 3004 985 τῷ
3061 914 3204 982 ἁγίῳ
3225 912 3499 968 πιστεύων
3523 912 3665 976 ὅπερ
3696 911 3760 965 ἃν
3796 907 3892 961 τοῦ

2309 1000 2445 1056 Θεοῦ
2474 1003 2691 1075 δεηθείη
2728 1005 2875 1075 (inst
2898 1006 2991 1057 καὶ
3026 1004 3238 1073 πέφυκε
3272 1005 3451 1073 φύσει,
3491 1004 3603 1056 πᾶν
3626 1002 3657 1056 ὃ
3691 1000 3897 1069 αφὰδρα

2312 1091 2559 1164 βούλεταί
2611 1110 2713 1159 τις,
2774 1095 2934 1149 τοῦτο
2966 1096 3061 1150 καὶ
3106 1088 3305 1167 metu;
3351 1094 3680 1162 πιστεύειν),
3728 1090 3893 1154 εὐθὺς

2310 1188 2462 1257 παρά
2483 1188 2573 1240 τὸν
2604 1186 2749 1240 θεῖον
2792 1186 3013 1258 Συμεὼν
3048 1188 3340 1259 ἀποτρέχει
3361 1226 3376 1249 ,
3410 1188 3615 1241 κλαίων
3653 1182 3894 1252 πικρῶς,

2292 1278 2600 1345 emacem.
2638 1281 3127 1350 κοπτόμενος,-καὶ
3164 1279 3377 1343 πολλοῖς
3422 1280 3606 1341 ἄλλοις
3645 1274 3895 1348 σχήμασί

2310 1387 2371 1424 τε
2411 1374 2506 1425 καὶ
2532 1372 2824 1443 πράγμασι
2851 1375 2977 1436 τοὺς
3010 1372 3297 1434 καύσωνας
3328 1372 3427 1441 τῆς
3460 1370 3689 1441 καρδίας
3713 1382 3899 1435 παρα-

2314 1460 2594 1531 σημαίνων
2612 1478 2625 1491 ·
2663 1462 2917 1532 Ἐλέησόν
2940 1479 3029 1533 με,
3046 1460 3200 1514 δοῦλε
3222 1459 3315 1513 τοῦ
3337 1457 3499 1516 Θεοῦ.
3522 1458 3718 1525 λέγων.
3741 1454 3898 1520 ὲλέη·

2313 1569 2405 1606 σον
2432 1551 2556 1622 ἄρτι
2596 1552 2818 1623 θανάτῳ
2865 1538 2958 1605 τὸν
2984 1551 3147 1605 παῖδα
3171 1549 3539 1621 ζημιωθέντα,
3566 1546 3627 1599 ὃν
3658 1544 3783 1599 οὐδε
3816 1541 3900 1611 τῷ

2312 1644 2476 1710 κοινῷ
2519 1643 2629 1697 τῶν
2678 1644 3019 1715 τεθνηκότων
3064 1642 3269 1711 ἔθαψαν
3303 1642 3474 1711 νόμῳ,
3501 1638 3623 1692 οὐδὲ
3663 1638 3766 1706 γῆν
3792 1637 3901 1688 ἰπ-

2312 1734 2504 1788 έσαλον
2525 1736 2623 1804 ἢδη
2653 1734 2914 1805 κειμένῳ,
2938 1735 3206 1789 πιστεύων
3230 1734 3307 1798 ὡς
3331 1734 3466 1803 ὅπερ
3495 1732 3560 1785 ἂν
3588 1730 3683 1784 καί
3706 1728 3897 1799 βούλῃ,

632 1830 706 1870 rze
730 1814 809 1869 illi
844 1815 1041 1885 injeci;
1073 1815 1308 1889 credens
1340 1817 1487 1887 quod
1521 1828 1576 1872 tu
1604 1817 1910 1887 perfectum
1936 1818 2034 1873 des
2063 1818 2209 1889 apud

2318 1826 2499 1888 ἀνύεις
2534 1826 2685 1897 παρὰ
2720 1826 2872 1897 Θεῷ’
2906 1828 2969 1879 ού
2996 1826 3105 1896 μὴν
3135 1824 3269 1878 ἀλλὰ
3299 1824 3395 1877 καὶ
3421 1821 3640 1893 θαρρῶν
3685 1837 3778 1874 σου
3828 1820 3899 1889 τῇ

630 1907 825 1971 Deum,
874 1899 1177 1978 ‘quidquid
1253 1909 1532 1975 volueris;
1591 1908 1929 1979 omninoque
1993 1907 2213 1965 conﬁdo

628 2000 698 2055 de
759 1999 1100 2072 benignitate
1146 2010 1262 2065 tua,
1338 1998 1478 2057 forte
1526 2008 1596 2057 n‘e
1650 2000 1927 2071 despicias
1983 2018 2071 2056 me
2122 2019 2213 2058 na-

634 2092 795 2145 turali
832 2091 885 2145 in
919 2092 1089 2145 lilium
1140 2107 1327 2146 amore
1358 2091 1488 2145 totis
1516 2091 1825 2146 visceribus
1858 2075 2208 2148 aestuantem.

631 2180 836 2236 Tactus
856 2182 1363 2242 commiseratione.
1408 2182 1738 2252 cognitoque
1766 2194 1980 2237 secreto
2014 2181 2215 2238 divina:

628 2272 819 2343 gratia:
850 2272 1137 2337 instinctu,
1170 2288 1517 2327 reversurum
1561 2274 1616 2326 in
1665 2289 1896 2343 puerum
1948 2274 2210 2343 animam,

631 2365 872 2419 surrexit
898 2378 1063 2434 atque
1094 2365 1159 2419 ad
1193 2374 1400 2435 patrem
1428 2380 1769 2421 conversus:
1802 2365 1971 2427 Vade,
2010 2366 2209 2435 inquit,

634 2458 691 2513 iu
730 2457 953 2511 nomine
984 2456 1199 2510 Domini
1251 2458 1425 2511 nostri
1456 2456 1584 2511 .lesu
1614 2455 1856 2523 Christi,
1905 2456 2055 2513 ﬁlius
2085 2467 2214 2514 tuus

632 2548 789 2603 vivit.
818 2547 938 2611 llic,
965 2548 1103 2601 nihil
1130 2548 1197 2601 de
1225 2546 1330 2601 [ide
1356 2548 1650 2602 verborum
1680 2547 1902 2612 dubius,
1928 2548 2213 2605 celeritate

634 2659 743 2715 qua
765 2653 945 2714 potest
966 2645 1200 2699 maxima
1232 2644 1454 2697 domum
1476 2643 1701 2698 revertit
1727 2660 1739 2697 :
1772 2652 1830 2698 et
1864 2644 2006 2713 (quae
2028 2652 2212 2699 autem

631 2751 810 2802 meus,
836 2751 868 2791 ο
891 2736 1217 2791 εαιουίοτιηη
1243 2737 1356 2790 Rex
1381 2735 1705 2790 immortalis
1725 2744 1782 2789 et
1804 2736 1983 2800 unice,
2004 2744 2213 2792 tantum

633 2824 959 2881 miraculum
992 2826 1462 2896 comprehendere
1494 2825 1672 2879 valeat
1694 2827 1747 2895 l)
1780 2825 1967 2879 vivum
2004 2825 2215 2881 invenit

632 2902 842 2982 ﬁlium;
872 2931 1037 2986 quem
1070 2916 1337 2971 continuo
1355 2924 1663 2984 acceptum,
1692 2923 1785 2968 aut
1809 2917 1995 2984 potius
2018 2927 2213 2986 praeter

630 3022 785 3077 spem
815 3018 1122 3078 receptum,
1154 3008 1351 3063 itinere
1386 3008 1613 3071 relecto,
1650 3005 1907 3079 Symeoni
1942 3007 2110 3063 sistit.
2153 3008 2213 3063 ln

630 3116 771 3171 quas
789 3099 880 3155 hic
900 3116 1067 3156 voces
1089 3099 1534 3155 exsultabuudus
1552 3114 1663 3153 non
1686 3099 1911 3155 resolvit
1934 3115 1997 3155 os
2018 3100 2210 3155 suum!

631 3209 773 3262 quos
805 3194 860 3248 in
886 3194 1024 3264 grati
1064 3194 1233 3248 animi
1262 3193 1639 3249 testimonium
1673 3193 1909 3265 hymnos
1946 3193 2058 3249 Deo
2086 3208 2213 3248 san-

631 3294 831 3354 ctoque
886 3300 996 3339 non
1042 3286 1244 3340 cecinit
1268 3287 1281 3340 l

704 3375 793 3430 54.
828 3374 1301 3441 Quemadmodum
1350 3384 1533 3430 autem
1588 3392 1689 3446 par
1740 3384 1886 3441 erat,
1943 3376 2216 3446 prolicere

632 3474 843 3522 tantum
870 3468 1043 3537 gratia
1072 3466 1422 3538 Symeonem,
1452 3478 1719 3538 quantum
1745 3477 1905 3522 aetate
1927 3510 1940 3528 .
1980 3478 2037 3522 et
2089 3483 2216 3537 pro-

633 3560 759 3632 pius
796 3559 1060 3615 accedere
1090 3560 1157 3615 ad
1190 3561 1385 3624 Deum,
1418 3562 1513 3629 qui
1548 3560 1853 3615 accedebat
1892 3560 1996 3629 ipsi
2029 3577 2042 3613 :
2077 3574 2213 3613 con-

632 3650 882 3721 spicatur
916 3667 1112 3706 rursus
1145 3652 1361 3722 (verum
1391 3666 1513 3720 quin
1537 3650 1757 3706 dicendi
1794 3651 2023 3706 facultas
2045 3652 2218 3720 expli-

632 3749 739 3805 cet,
780 3741 926 3811 quod
976 3743 1198 3796 animus
1239 3742 1432 3810 nequit
1477 3739 1991 3809 comprehendere?
2021 3740 2218 3809 caligat

631 3832 803 3895 enim,
838 3832 980 3889 facta
1026 3834 1202 3887 solum
1249 3834 1325 3889 rei
1374 3834 1680 3897 mentione,
1716 3834 1980 3905 timetque
2031 3832 2099 3888 ad
2135 3848 2220 3887 re-

634 3927 781 3996 liqua
814 3926 1113 3997 progredi),
1140 3927 1513 3995 conspicatur,
1554 3928 1798 3994 inquam,
1832 3925 2122 3979 Dominum
2156 3938 2219 3978 ac

634 4021 805 4075 Deum
836 4028 1110 4074 nostrum.
1143 4020 1348 4073 Praesto
1370 4026 1527 4072 erant
1550 4024 1865 4071 sanctorum
1901 4017 2219 4085 angelorum

637 4125 850 4177 turmae,
893 4112 1073 4167 stabat
1117 4126 1295 4181 equus
1321 4120 1447 4165 ante
1493 4110 1819 4181 Symconem
1870 4110 2055 4164 colore
2092 4124 2222 4162 can-

634 4203 786 4268 dido,
834 4203 1157 4273 angelorum
1225 4202 1388 4271 primi
1435 4201 1690 4256 ferebant
1743 4200 2015 4265 diadema,
2071 4199 2219 4269 quod

636 4304 757 4350 erat
802 4310 869 4349 ex
924 4295 1168 4364 pretioso
1210 4293 1413 4363 lapide,
1459 4308 1705 4401 cruyue
1737 4292 1891 4346 atlixa
1924 4292 1999 4346 illi
2056 4302 2216 4357 erat;

635 4393 693 4440 et
738 4385 915 4448 stella,
966 4383 1020 4437 in
1068 4383 1291 4437 modum
1322 4382 2219 4452 fulguris’coruscantis,supere-

2313 1917 2641 1987 χρηστότητι
2679 1912 2969 1982 πάλιν,ὼς
3009 1917 3069 1970 οὐ
3096 1914 3329 1987 παρόψει
3371 1930 3460 1983 με,
3506 1911 3754 1981 σφοδρῶς
3791 1910 3902 1963 ὑπὸ

2310 2010 2410 2078 τῆς
2457 2008 2673 2078 φύσεως
2720 2008 2860 2062 οὕτω
2911 2009 2980 2062 τὰ
3031 2007 3315 2077 σπλάγχνα
3352 2006 3660 2075 καιόμενον.
3709 2002 3903 2056 Ἔλεον

2312 2088 2503 2153 τοῦτον
2531 2101 2711 2155 τοίνυν
2744 2099 2966 2165 λαϐὼν,
2994 2101 3089 2153 καὶ
3130 2101 3332 2166 γόνατα
3361 2096 3477 2161 θεὶς
3505 2095 3598 2148 ἰπὶ
3632 2094 3761 2163 γῆν,
3807 2092 3898 2147 τοῦ

2313 2191 2519 2245 ἄνωθεν
2547 2191 2710 2244 πάλιν
2736 2191 2899 2254 αὐτὸς
2919 2190 3104 2262 ὶλέους
3125 2189 3313 2252 ἐδεῖτο,
3347 2189 3440 2240 καὶ
3467 2186 3631 2254 γνοὺς
3655 2184 3903 2255 ἀποῤῥή·

2311 2299 2419 2345 τως
2466 2282 2572 2335 ὑπὸ
2610 2282 2709 2352 τῆς
2748 2282 2971 2353 χάριτος
3006 2280 3212 2351 τὴνλείς
3249 2278 3549 2332 τδννπαῖδαι
3579 2276 3681 2344 τῆς
3718 2275 3899 2346 ψυχῆς

2313 2372 2468 2435 αὖθις
2500 2372 2776 2437 ἐπάνοδον,
2809 2373 3070 2437 ἀναστὰς,
3111 2372 3209 2425 καὶ
3246 2370 3384 2442 πρὸς
3409 2370 3503 2423 τὸν
3547 2368 3765 2438 πατέρα
3800 2365 3899 2419 τοῦ

2314 2461 2504 2525 παιδὸς
2539 2463 2915 2531 ἐπιστραφεὶς,
2959 2462 3049 2514 Ἐν
3084 2460 3330 2531 ὀνόματι,
3361 2461 3517 2531 φησὶ,
3558 2458 3655 2512 τοῦ
3687 2458 3907 2531 κυρίου

2314 2552 2470 2623 ἡμῶν
2508 2552 2681 2623 Ἰησοῦ
2704 2530 2951 2624 Χριστοῦ
2984 2541 3238 2622 πορεύου,
3258 2552 3288 2603 ὁ
3311 2530 3431 2615 υἱός
3454 2567 3549 2603 σου
3579 2549 3669 2620 ζῇ.
3714 2548 3774 2603 ’0
3794 2530 3887 2614 δὲ,

2312 2644 2390 2712 τῷ
2422 2643 2566 2714 λόγῳ
2599 2644 2942 2715 παραχρῆμα
2978 2642 3294 2706 πιστεύσας,
3328 2642 3423 2695 καὶ⁵
3450 2639 3636 2694 οἴκαδε
3672 2640 3900 2707 τὴν-τα.⁴

2314 2733 2505 2802 κίστην
2531 2731 2844 2786 ἐπανελθὼν
2877 2731 3054 2801 (ποία,
3096 2730 3223 2802 μόνε
3261 2731 3369 2784 τῶν
3412 2728 3628 2784 αιώνων
3664 2727 3902 2783 ἀθάνατα

2316 2821 2561 2893 βασιλεῦ,
2578 2823 2715 2893 ἀκοὴ
2733 2821 2921 2897 θαῦμα
2942 2820 3195 2875 τοσοῦτον
3226 2819 3477 2891 χωρῆσαι
3500 2820 3793 2890 δυνήσεται
3819 2816 3900 2887 ί),

2315 2913 2496 2979 ζῶντα
2514 2914 2606 2967 τὸν
2634 2915 2748 2967 υίὸν
2778 2912 3022 2983 εὑρίσκει
3040 2929 3054 2943 ·
3082 2912 3145 2965 ΰν
3169 2913 3263 2965 καὶ
3282 2910 3464 2964 λαϐὼν
3491 2911 3679 2974 εὐθὺς,
3701 2911 3736 2981 ἢ
3771 2908 3905 2979 παρ’

2316 3006 2505 3061 έλπίδα
2526 3024 2530 3027 ·
2548 3006 2748 3075 μᾶλλον
2776 3004 3091 3070 ἀπολαϐὼν,
3132 3005 3228 3057 καὶ
3268 3003 3404 3075 πρὸς
3422 3002 3514 3056 τὸν
3541 3003 3733 3071 ’Δγιον
3765 3002 3899 3056 dva-

2323 3098 2579 3169 στρέψας,
2638 3097 2799 3161 ποίας
2852 3095 3244 3167 ἀγαλλιωμένῳ
3300 3094 3530 3164 στόματι
3572 3094 3757 3163 φωνὰς
3800 3095 3902 3147 οὐκ

2322 3190 2509 3260 ἠφίεις
2538 3188 2688 3252 τίνας
2728 3191 2828 3243 οὐκ
2849 3188 3297 3260 ε’ὺχαριστηρίους
3326 3185 3531 3257 ὕμνους
3556 3185 3674 3257 Θεῷ
3705 3187 3801 3240 καὶ
3823 3186 3903 3258 τῷ

2318 3285 2543 3355 Συμεὼν
2571 3287 2833 3352 ἀπεδίδως

2388 3378 2480 3431 νὸ¹.
2522 3371 2623 3431 Οἷα
2670 3378 2728 3431 δὲ
2776 3379 2923 3441 me;
2974 3377 3310 3447 προκόπτειν
3350 3374 3544 3448 ὥσπερ
3589 3375 3778 3445 ἡλικίᾳ
3809 3375 3903 3430 τὸν

2318 3468 2561 3537 Συμεὼν,
2599 3469 2740 3522 οὕτω
2771 3472 2865 3522 καὶ
2904 3471 3122 3539 χάριτι,
3147 3470 3241 3523 καὶ
3279 3468 3479 3539 μᾶλλον
3512 3467 3753 3535 ἐγγίζειν
3785 3467 3903 3537 Θεῷ

2319 3557 2398 3627 τῷ
2432 3557 2704 3625 ἐγγίζοντι
2726 3597 2740 3619 ,
2805 3558 2906 3627 ὁρᾷ
2940 3556 3078 3626 μετὰ
3103 3555 3275 3609 ταῦτα
3300 3554 3463 3609 πάλιν
3496 3554 3655 3624 (ἀλλὰ
3690 3554 3806 3617 πῶς
3836 3553 3903 3607 ἃν

2318 3651 2387 3703 τὰ
2425 3650 2560 3719 μηδὲ
2602 3649 2679 3720 νῷ
2744 3649 2926 3715 ληπτὰ
2981 3650 3140 3716 λόγος
3189 3646 3527 3720 έρμηνεῦσαι
3579 3647 3902 3715 δυνήσεται;

2324 3742 2529 3812 ίλιγγιᾷ
2580 3742 2686 3811 γὰρ
2729 3742 2828 3811 ήδη
2865 3743 2960 3795 καὶ
3010 3742 3146 3812 πρὸς
3185 3742 3283 3811 τὴν
3334 3742 3581 3812 μνήμην,
3628 3741 3723 3793 καὶ
3766 3739 3901 3793 δέδιε

2323 3834 2631 3901 προσϐῆναι
2661 3834 2768 3894 τοῖς
2825 3832 3066 3901 ἐφεξῆς),
3112 3833 3217 3903 ὁρᾷ
3248 3832 3540 3901 τοιγαροῦν
3578 3831 3671 3884 τὸν
3701 3830 3903 3899 Κύριον

2320 3924 2475 3995 ἡμῶν
2504 3926 2596 3976 καὶ
2635 3923 2767 3977 Θεὸν
2794 3964 2809 3988 ,
2846 3925 3205 3995 παρειστήκει
3237 3924 3293 3977 δὲ
3324 3925 3417 3977 καὶ
3448 3923 3610 3976 θείων
3660 3923 3903 3990 ἀγγέλων

2320 4019 2596 4086 τάγματα,
2623 4016 2787 4076 ἵππος
2807 4034 2865 4070 τε
2897 4018 3002 4087 πρὸ
3027 4015 3120 4070 τοῦ
3154 4015 3376 4086 Συμεὼν
3402 4017 3647 4084 εἱστήκει
3678 4014 3739 4068 τδ
3767 4010 3905 4077 εἶδος

2320 4108 2509 4170 λευκὸς
2543 4148 2556 4171 ,
2591 4109 2685 4161 καὶ
2713 4109 2950 4180 διάδημα
2985 4110 3241 4179 φέροντες
3265 4108 3375 4161 τῶν
3402 4109 3654 4175 ἀγγέλων
3680 4106 3904 4177 οίπρῶο

2318 4216 2425 4263 τοι,
2446 4197 2514 4271 ἦν
2545 4202 2599 4253 δὲ
2634 4201 2742 4270 ἄρα
2773 4201 2923 4254 λίθου
2960 4202 3165 4272 τιμίου,
3197 4203 3429 4271 σταυρὸς
3462 4217 3518 4253 τε
3553 4200 3701 4268 αὐτῷ
3733 4216 3898 4269 προσ-

2321 4298 2608 4365 επεπήγει,
2635 4295 2728 4347 καὶ
2746 4295 2921 4365 ἀστὴρ
2942 4297 3042 4348 ὅσα
3065 4296 3158 4347 καὶ
3178 4294 3433 4365 ἀστραπὴ
3461 4293 3709 4362 φωτίζων
3737 4293 3903 4362 ὑπερ.

2321 4391 2552 4456 ανείχεν,
2590 4387 2729 4439 ὥστε
2758 4387 3074 4456 περιϐαλεῖν
3114 4386 3278 4440 αὑτὸν
3316 4386 3476 4439 τοῦτο
3516 4386 3613 4438 καὶ
3656 4382 3902 4453 βασιλεῦ-

640 4475 901 4540 mincbat,
936 4474 1380 4543 videbanturque
1448 4474 1542 4526 illo
1576 4473 1837 4527 redimire
1889 4472 2214 4543 Symeonem

2325 4498 2432 4533 σαι.
2486 4481 2544 4531 Ὁ
2582 4479 2639 4532 δὲ
2683 4480 2819 4549 πρὸς
2854 4479 3087 4543 αὐτοὺς,
3127 4479 3241 4532 Οὐκ
3275 4476 3675 4547 ἀφαιρήσεσθε,
3721 4477 3899 4543 φησὶν,

635 4578 693 4621 ct
735 4583 923 4623 creare
975 4582 1180 4637 regem.
1236 4566 1336 4620 llic
1377 4557 1561 4620 autem
1595 4567 1669 4619 ita
1714 4565 1835 4619 illos
1883 4565 2214 4635 alloquitur:

638 4656 755 4710 Non
811 4654 1072 4709 auferetis
1112 4654 1245 4707 mihi
1300 4654 1484 4707 tritam
1519 4654 1659 4708 hanc
1708 4654 2005 4717 lacernam,
2054 4670 2219 4724 quam

637 4760 737 4814 pro
779 4744 954 4814 gloria
996 4743 1199 4804 Christi
1251 4744 1480 4799 indutus
1518 4760 1659 4799 sum.
1699 4745 1780 4799 llli
1839 4755 2035 4799 contra
2069 4763 2082 4799 :
2116 4746 2220 4801 Per

638 4836 762 4897 hoc,
814 4836 1090 4905 inquiunt.
1120 4837 1232 4892 Deo
1276 4838 1504 4907 ejusque
1537 4840 1817 4909 unigenito
1864 4839 2005 4895 Filio
2060 4856 2215 4894 (τοι-ος

638 4936 818 4993 nator,
879 4935 936 4983 et
982 4936 1240 4998 tauquam
1291 4945 1594 4999 purpuram
1651 4931 1895 4987 induitur
1950 4931 2219 5000 Spiritum

638 5028 926 5085 sanctum;
958 5025 1015 5074 et
1054 5020 1432 5075 dominaberis
1475 5037 1600 5075 cum
1631 5022 1809 5077 beatis
1855 5022 2134 5077 mentibus
2164 5024 2221 5077 in

641 5124 814 5178 regno
839 5124 1119 5179 nunquam
1150 5111 1517 5167 terminando.
1549 5113 1907 5182 Posteaquam
1930 5114 2047 5168 haec
2075 5114 2221 5169 dicta

635 5203 854 5272 excepit
915 5202 1189 5274 Symeon,
1258 5205 1669 5275 inexplebiliter
1729 5205 1784 5260 in
1830 5207 2220 5277 corpusculum

632 5298 797 5349 'suum
849 5298 1038 5351 saevire
1087 5295 1344 5367 cupidus,
1396 5296 1697 5367 divellique
1732 5315 1764 5352 a
1811 5300 2017 5353 mundo
2056 5315 2217 5353 mun-

639 5383 805 5450 dique
837 5385 1020 5447 rebus,
1060 5396 1117 5439 et
1165 5385 1397 5457 prepius
1453 5387 1520 5442 ad
1570 5389 1742 5443 Deum
1806 5389 2102 5459 divinaque
2126 5406 2217 5445 ac-

637 5475 837 5529 cedere
888 5475 1140 5538 fcstinus.
1182 5478 1460 5535 irretortis
1492 5479 1549 5534 in
1581 5481 1875 5536 Dominum
1912 5484 2107 5548 oculis,
2143 5484 2223 5541 sic

642 5563 819 5631 inquit
848 5582 859 5617 :
898 5566 1129 5622 Domine
1160 5576 1217 5621 et
1245 5568 1501 5625 conditor
1534 5587 1720 5625 rerum
1749 5572 2014 5639 omnium,
2046 5589 2221 5643 quan-

641 5653 937 5721 doquidem
978 5672 1065 5712 me
1099 5657 1384 5730 indignum
1432 5660 1689 5732 dignatus
1733 5661 1904 5718 lueris
1944 5664 2061 5733 pari
2097 5679 2221 5719 cum

645 5744 850 5800 sanctis
883 5748 990 5804 tuis
1024 5750 1195 5821 gloria
1227 5759 1391 5823 atque
1434 5768 1636 5824 regno;
1669 5770 1864 5824 precor
1914 5755 2223 5828 benignita-

2325 4573 2419 4625 ἀπ’
2447 4570 2580 4639 ἐμοῦ
2632 4571 2694 4623 τὸ
2740 4572 2982 4640 τρίχινον
3023 4571 3226 4641 ἔνδυμα
3258 4570 3439 4633 τοῦτο,
3475 4570 3614 4639 ὅπερ
3646 4570 3726 4630 είς
3753 4567 3902 4632 δόξαν

2325 4661 2561 4732 Χριστοῦ
2601 4661 2929 4731 ἠμφίεσμαι.
2969 4662 3033 4713 Οἱ
3062 4661 3139 4723 δὲ,
3174 4659 3557 4728 Στεφανώθητι
3595 4658 3687 4711 διὰ
3717 4657 3901 4710 τούτου

2327 4752 2445 4822 Θεῷ
2497 4755 2589 4804 καὶ
2641 4753 2719 4822 τῷ
2770 4756 3048 4823 μονογενεῖ
3088 4752 3202 4821 Υίῷ
3249 4751 3434 4815 αὐτοῦ,
3480 4747 3657 4813 εἷπον,
3690 4751 3783 4803 καὶ
3811 4751 3902 4802 ὅσα

2328 4846 2617 4913 πορφύραν
2638 4844 2850 4896 ἔνδυσαι
2878 4845 2936 4896 τὸ
2976 4846 3129 4911 ἆγιον
3158 4842 3401 4913 Πνεῦμα,
3434 4843 3529 4895 καὶ
3567 4840 3902 4910 βασιλεύσεις

2331 4937 2427 4989 σὺν
2489 4936 2663 5003 ἁγίοις
2722 4933 2997 5004 βασιλείαν
3057 4936 3308 4989 οὐδέποτε
3381 4934 3678 5003 λήγουταν.
3724 4932 3898 4985 Ταῦτα

2328 5028 2514 5098 ἐπειδὴ
2546 5027 2733 5098 ῥηθείη
2759 5026 2838 5096 τῷ
2856 5026 3104 5095 Συμεὼν,
3137 5026 3427 5094 ἀπλήστως
3458 5026 3667 5086 ἐκεῖνος
3696 5025 3792 5093 τῆς
3812 5022 3897 5077 τοῦ

2329 5118 2574 5188 σώματος
2607 5118 2925 5186 νεκρώσεως
2958 5116 3115 5185 ἔχων,
3154 5116 3329 5177 ἄλλως
3362 5132 3417 5167 τε
3461 5114 3515 5167 δὲ
3550 5116 3643 5166 καὶ
3701 5114 3897 5180 κόσμου

2326 5212 2420 5263 καί
2468 5210 2574 5261 τῶν
2625 5209 2719 5263 τοῦ
2769 5208 2974 5279 κόσμου
3014 5206 3312 5279 ῥήγνυσθαι
3345 5207 3612 5263 σπεύδων.
3653 5208 3747 5257 καὶ
3773 5207 3897 5274 πρδς

2328 5300 2457 5353 θεὸν
2492 5304 2584 5354 καὶ
2624 5301 2693 5353 τὰ
2731 5301 2849 5353 θεῖα
2897 5300 3096 5369 μᾶλλον
3135 5298 3453 5367 ἀνάγεσθαι,
3480 5300 3673 5365 ἁγενὲς
3706 5301 3784 5359 είς
3817 5300 3898 5349 τὸν

2328 5394 2605 5461 Δεσπότην
2641 5391 2781 5452 ἰδὼν,
2810 5391 3057 5443 Δέσποτα
3102 5392 3339 5455 πάντων,
3374 5390 3496 5459 ἔφη,
3552 5390 3641 5441 καὶ
3688 5389 3894 5459 ποιητὰ,

2330 5483 2450 5537 έπεί
2497 5500 2564 5551 με
2613 5483 2701 5535 τὸν
2750 5483 2968 5546 ἀνάξιον
2999 5482 3173 5548 ἀξιοῖς
3220 5483 3397 5550 ἁγίοις
3440 5479 3853 5549 συμϐασιλεύειν
3882 5520 3897 5542 ,

2330 5574 2521 5639 δέομαί
2564 5592 2657 5628 σου
2698 5576 2796 5646 τῆς
2820 5574 3158 5643 ἀγαθὸτητος
3186 5574 3381 5645 μηκέτι
3429 5590 3493 5643 με
3535 5573 3643 5624 τῶν
3674 5571 3763 5624 τοῦ
3790 5570 3895 5640 βίον

2333 5666 2639 5737 βρωμάτων
2664 5665 3122 5746 μεταλαμϐάνειν,
3170 5666 3304 5737 μηδὲ
3334 5666 3520 5727 enim;
3548 5662 3899 5734 ἀνθρωπίνας

2332 5759 2584 5828 χρῆσθαι.
2612 5758 2797 5812 Ταῦτα
2829 5755 2921 5810 τοῦ
2940 5756 3075 5810 Θεοῦ
3102 5757 3333 5829 δεηθεὶς,
3365 5753 3700 5824 semermi-5
3723 5752 3896 5807 ἀκούει
