4078 6332
242 355 389 420 3037

1255 368 1432 428 VITA
1467 369 1514 427 Α
1553 368 1987 429 NICEPHURO
2023 366 2514 428 CONSCBIPTA.

3364 366 3510 428 3038

244 465 434 535 φωνῆς
466 464 796 539 εὐδοκούσης
824 467 924 538 τὴν
957 467 1320 540 αίτησιν,’καὶ
1365 475 1710 545 παραχρῆμα
1745 478 1813 528 ἐν·

1932 485 2040 530 tem
2073 481 2244 539 tuam,
2282 481 2342 527 ut
2371 487 2442 527 ne
2470 487 2580 542 qua
2607 472 2866 540 deinceps
2898 473 3201 526 necessitas
3233 471 3514 528 mcumbat

241 553 465 610 δύουσιν
493 558 655 612 αὑτὸν
698 561 885 614 ἐπάνω
916 559 1025 613 τῶν
1056 562 1370 633 ἁσκητικῶν
1403 564 1610 634 ῥακίων
1649 582 1798 619 κατα

241 647 441 720 στολὴν
483 649 640 721 δόξης
677 652 728 703 oi
788 651 987 720 ᾶγγελο
1005 670 1041 716 ι,
1108 655 1587 724 μεγαλοπρέπειαν
1627 674 1686 710 τε.
1727 659 1822 711 καὶ

235 737 576 810 ὡραιότητα,
611 741 674 794 τό
705 758 765 794 τε
793 741 1030 812 διάδημα
1060 743 1301 798 τιθέασιν
1329 746 1421 798 ἐπὶ
1449 747 1548 816 τὴν
1577 747 1820 817 κεφαλὴν

237 830 434 894 αὑτοῦ,
473 834 564 886 καὶ
602 833 696 887 ἐπὶ
723 834 814 887 τὸν
844 837 1082 904 φανέντα
1119 835 1285 889 ἵππον
1312 837 1651 902 καθίζουσιν.
1692 837 1824 893 Εἶτα

237 923 338 974 καὶ
371 921 658 992 σύμφωνος
698 927 950 994 ἀγγέλοις
989 931 1142 991 πᾶσι,
1175 929 1395 1000 Χριστῷ
1430 930 1524 984 καὶ
1557 930 1635 998 τῷ
1658 932 1822 983 αὐτοῦ

237 1010 538 1081 θεράποντι
565 1015 790 1086 Συμεὼν
825 1018 982 1089 ᾔδετο
1013 1019 1211 1090 ὕμνοςο
1249 1021 1410 1083 αὑτός
1437 1037 1495 1074 τε
1525 1023 1554 1074 ὁ
1584 1022 1822 1091 πονηρὸς

233 1103 321 1172 τῷ
361 1105 525 1174 ’Λγίῳ
554 1109 646 1160 καὶ
678 1108 748 1161 τὰ
777 1110 873 1164 τοῦ
907 1112 1144 1182 πονηροῦ
1172 1112 1479 1182 πνεύματα,
1509 1106 1625 1169 οἷον,
1651 1129 1818 1165 κατα-

236 1209 309 1245 πε
319 1194 561 1265 πληγότα
590 1197 882 1253 ἐδείκνυτο.

1903 565 2245 630 -ιιιὶὴίγνίιαξ
2269 561 2645 621 sustentandae
2671 575 2858 626 causa,
2893 561 3216 617 hominibus
3249 572 3511 618 consueta

1925 658 2130 713 cibaria
2203 653 2478 711 sumendi.
2541 652 2671 710 Huic
2733 663 2991 722 precatus
3057 654 3271 708 inaudit
3321 670 3513 709 vocem

1927 745 2162 809 Domini,
2224 743 2490 799 benevole
2549 744 2904 798 assentientis
2963 744 3292 813 petitioni:
3340 745 3514 798 advo-

1923 837 2212 905 lantesque
2239 835 2506 890 velociter
2520 833 2700 904 angeli
2722 835 3017 888 aseeticam
3046 850 3214 905 super
3235 835 3512 890 lacernam

1927 927 2162 981 induunt
2202 941 2330 981 eum
2378 926 2516 981 stola
2546 925 2756 994 glorias,
2816 925 3122 996 majestatis
3163 941 3226 980 ac
3260 927 3508 993 decoris;

1927 1018 2237 1073 diademate
2283 1017 2518 1088 cingunt
2555 1026 2723 1084 caput
2757 1019 2898 1087 ejus,
2943 1026 3000 1072 et
3065 1033 3230 1086 super
3281 1033 3507 1088 equum,

1926 1110 2021 1180 qui
2056 1109 2378 1180 apparebat,
2410 1110 2703 1178 imponunt
2726 1123 2875 1162 etim.
2926 1108 3053 1161 Post
3095 1107 3209 1162 bare
3235 1123 3514 1164 consonus

1927 1201 2163 1273 hymnus
2211 1200 2423 1271 angelis
2464 1199 2728 1254 omnibus
2777 1196 2996 1254 Christo
3054 1198 3346 1253 etfamqu
3394 1200 3514 1268 ejus

235 1284 498 1357 Symeoni
536 1290 840 1346 cauebatur
875 1309 888 1345 :
922 1292 1038 1362 ipse
1089 1303 1274 1349 autem
1317 1309 1551 1364 nequam
1601 1293 1829 1364 spiritus
1867 1307 1993 1348 cum
2041 1308 2156 1348 suae
2215 1291 2473 1362 nequitiae
2527 1289 2712 1354 sociis,
2766 1289 2936 1344 veluti
2983 1289 3324 1360 profugatus,
3357 1289 3512 1345 exhi-

232 1381 475 1437 bebatur
518 1394 732 1440 sancto.

312 1482 404 1528 νε’.
436 1477 592 1529 Μετὰ
624 1477 756 1546 γοῦν
783 1477 883 1548 τὴν
916 1477 1065 1532 θείαν
1087 1479 1410 1548 ἐπιφάνειαν
1428 1479 1652 1549 ταύτην,
1683 1477 1816 1532 ἀκό-

233 1565 406 1618 λουθα
433 1567 594 1620 πάλιν
628 1571 740 1633 τοῖς
799 1569 1130 1640 προλαϐοῦσι
1182 1573 1250 1623 τὰ
1297 1569 1636 1640 ὲπαγόμενα.
1683 1569 1814 1622 Ἀν-

234 1656 459 1728 θρωπος
489 1662 595 1729 γάρ
622 1677 706 1723 τις
730 1661 942 1730 γέροντι
968 1661 1160 1725 δεινῶς
1190 1661 1513 1732 ὲχθραίνων,
1547 1661 1642 1714 καὶ
1676 1659 1811 1729 σφό-

1992 1479 2081 1532 55.
2113 1477 2239 1531 Post
2270 1477 2515 1531 divinam
2549 1477 2693 1532 hanc
2721 1476 3138 1541 tevelationem,
3165 1486 3355 1532 secuta
3381 1485 3511 1531 sunt

1920 1575 2049 1637 alia,
2074 1573 2367 1643 praemissis
2383 1573 2586 1628 similia
2609 1581 2664 1625 et
2689 1569 3038 1624 admiranda.
3067 1568 3242 1622 Homo
3263 1567 3509 1638 quidam,

1921 1663 2072 1734 gravi
2123 1663 2251 1717 odio
2296 1677 2399 1717 nec
2443 1661 2637 1716 leviori
2701 1659 2908 1714 invidia
2954 1673 3144 1712 senem
3195 1655 3508 1726 quempiam

230 1750 340 1821 δρα
368 1751 822 1822 διαφθονούμενος
849 1749 1159 1822 φαρμᾶκοις
1180 1754 1266 1806 ἐπ’
1305 1753 1468 1806 αὑτὸν
1507 1753 1806 1822 ἐχρήσατο·

1920 1768 2288 1824 prosequens,
2323 1767 2541 1807 veneno
2571 1751 2750 1820 ipsum
2780 1748 3004 1820 aggredi
3037 1756 3307 1803 statuerat
3340 1762 3505 1816 :parv

231 1841 309 1894 τὰ
351 1842 410 1894 δ’
453 1841 563 1912 ἄρα
618 1843 871 1897 τοσοῦτον
928 1844 1179 1915 ἔδρασαν,
1213 1844 1288 1906 ὼς
1328 1843 1518 1896 ἑαυτὸν
1569 1843 1668 1914 μὲν
1718 1842 1815 1895 καὶ

231 1933 432 1997 παῖδας
460 1933 746 2004 (ἐτύγχανε
783 1935 893 2006 γὰρ
919 1938 1068 1999 υἱοὺς
1097 1936 1256 2007 ἔχων)
1287 1937 1366 1998 είς
1396 1933 1501 2003 γῆν
1529 1933 1779 2005 καταρῥή
1797 1961 1813 1974 ο

231 2024 487 2091 γνυσθαι,
517 2024 584 2079 τὰ
611 2024 668 2078 δὲ
701 2025 890 2078 τούτου
948 2028 1120 2097 κτήνη
1155 2027 1296 2080 κατὰ
1313 2024 1573 2096 κρημνῶν
1596 2024 1810 2077 ἐλαυνό-

233 2132 377 2184 μενα
404 2115 682 2185 φέρεσθαι.
728 2115 971 2180 Ἐνδείας
1009 2118 1188 2170 τοίνυν
1219 2119 1423 2189 ἄρτων,
1469 2111 1559 2172 οἷα
1582 2116 1814 2186 συμϐαί-

229 2222 351 2259 νειν
390 2209 552 2275 φιλεῖ,
598 2209 733 2279 πρὸς
761 2209 860 2277 τὴν
890 2208 998 2262 τῶν
1030 2209 1282 2279 μοναχῶν
1305 2209 1531 2263 καὶτῶν
1561 2208 1813 2278 πενήτων

228 2297 428 2366 χρείαν
477 2299 536 2350 ἑν
563 2301 629 2369 τῇ
669 2302 802 2370 μονῇ
834 2300 1132 2370 γενομένης
1155 2339 1171 2364 ,
1203 2299 1434 2368 ἄγγελος
1464 2301 1521 2352 ὲν
1551 2297 1706 2368 ὕπνῳ
1735 2295 1813 2368 τῷ

234 2387 456 2458 γέροντι
486 2391 789 2460 παραστὰς,
835 2391 1119 2455 Ἀναστὰς,
1160 2391 1315 2461 φησὶ,
1356 2391 1486 2444 λάϐε
1513 2392 1680 2447 σῖτον.
1716 2388 1813 2442 καὶ

229 2479 390 2550 παρὰ
423 2482 513 2534 τὸν
541 2481 684 2536 θεῖον
737 2483 961 2553 Συμεὼν
994 2483 1305 2553 πορευθεὶς,
1337 2482 1430 2538 τδν
1485 2485 1584 2552 μὲν
1612 2482 1810 2552 πένησι

228 2573 333 2626 καὶ
361 2574 471 2636 τοῖς
501 2573 758 2643 μοναχοίς
789 2576 996 2644 τροφὴν
1030 2577 1242 2643 κομιεῖς
1260 2591 1275 2607 ο
1308 2575 1391 2628 σοὶ
1419 2574 1475 2628 δὲ
1501 2573 1810 2644 κράσπεδον
1853 2614 1857 2618 .

225 2663 344 2716 τῶν
377 2663 632 2734 τριχίνων
676 2666 888 2719 ἐκείνου
942 2665 1160 2721 λαϐόντι
1215 2666 1441 2737 ῥακίων,
1475 2665 1812 2736 ἀφεθήσεται

228 2754 302 2807 sit
370 2753 466 2808 τοῦ
525 2755 675 2810 οίκου
730 2755 926 2825 δεσμά.
956 2757 1110 2810 Σίτον
1141 2757 1240 2826 μὲν
1289 2755 1382 2809 οὖν
1433 2755 1638 2818 εὐθέως
1698 2756 1816 2807 ἐκεῖ

232 2840 509 2914 προθύμῳ
547 2843 689 2910 ποδὶ,
741 2844 1125 2917 προθυμοτέρᾳ
1142 2844 1198 2898 δὲ
1229 2845 1322 2897 καὶ
1347 2843 1540 2914 γνώμῃ
1574 2843 1810 2911 κομίζει.

233 2933 472 2987 Ἔπειτα
494 2935 678 3004 μέντοι
703 2935 923 3004 βώλακα
953 2937 1055 3005 γῆς
1088 2938 1182 2990 καὶ
1212 2933 1358 3004 ὕδωρ
1386 2934 1570 2988 λαϐὼν
1601 2935 1705 2988 duo
1731 2933 1813 3004 τῷ

226 3022 372 3076 κίονι
407 3021 618 3092 τίθησιν
647 3040 661 3055 ο
701 3020 818 3077 εἷτα
857 3025 1040 3093 ἑκχέει
1085 3023 1185 3095 τὴν
1215 3024 1424 3077 οἰκείαν
1451 3023 1684 3076 ἐνώπιον
1710 3023 1804 3076 τοῦ

1918 1847 2016 1900 tim
2058 1845 2229 1914 igitur
2258 1853 2468 1898 tantum
2495 1843 2699 1905 effecit,
2733 1851 2795 1896 ut
2817 1855 2986 1896 senex
3014 1855 3139 1895 cum
3173 1838 3300 1893 filiis
3327 1839 3508 1907 (pater

1914 1935 2121 2004 quippe
2159 1935 2298 2001 erat)
2328 1933 2385 1988 in
2421 1944 2624 1988 terram
2658 1939 2992 2000 prostratus,
3039 1930 3238 1998 partim
3278 1941 3412 1981 vero
3447 1937 3508 1980 ut

1913 2024 2153 2096 pecudes
2183 2026 2303 2094 ejus
2335 2024 2391 2078 in
2426 2021 2725 2094 praecipitia
2758 2030 2892 2078 actae
2938 2021 3071 2076 sint.
3120 2019 3285 2074 Facta
3320 2033 3420 2087 per
3451 2016 3505 2072 id

1915 2125 2152 2185 tempus,
2172 2117 2253 2170 uti
2274 2114 2391 2169 fieri
2415 2113 2643 2178 assolet,
2665 2127 2900 2167 annona:
2920 2111 3188 2166 charitate
3214 2109 3266 2164 in
3290 2123 3505 2168 eremo,

1914 2208 2413 2278 deficientibusque
2444 2203 2730 2260 monachis
2766 2211 2821 2258 et
2858 2205 3188 2273 pauperibus
3247 2202 3505 2274 panibus,

1915 2301 2142 2369 angelus
2171 2299 2224 2353 in
2249 2299 2464 2353 somnis
2507 2296 2686 2357 astitit
2733 2298 2878 2361 seni,
2938 2296 3189 2364 dixitque
3227 2314 3240 2348 :
3301 2294 3505 2363 Surge,

1913 2390 2100 2459 accipe
2149 2388 2512 2453 frumentum,
2573 2395 2629 2442 et
2659 2386 2724 2441 ad
2773 2372 2954 2439 virum
3029 2383 3128 2440 Dei
3174 2384 3508 2454 Symeonem

1916 2481 2396 2552 proficiscerezac
2422 2479 2760 2534 frumentum
2794 2469 3020 2547 quidem
3070 2476 3328 2530 cibandis
3376 2491 3510 2544 pauc

1916 2573 2142 2644 poribus
2171 2581 2334 2642 atque
2367 2569 2656 2626 monachis
2685 2569 2966 2639 portabis;
3003 2578 3063 2622 tu
3101 2583 3253 2632 vero,
3282 2576 3509 2636 recepto

1913 2664 2150 2718 lacernae
2179 2663 2355 2732 ipsius
2382 2659 2645 2738 frustillo,
2679 2657 2970 2720 familiam,
3008 2657 3215 2727 quibus
3254 2656 3512 2725 astringi~

1917 2765 2007 2811 tur
2037 2755 2274 2810 vinculis
2325 2753 2602 2816 solutam,
2663 2749 3007 2820 postliminio
3076 2748 3360 2818 gaudebis.
3415 2747 3511 2802 Ille

1921 2863 2046 2902 mox
2082 2863 2274 2916 gressu
2305 2845 2495 2910 alacri,
2519 2843 2614 2899 sed
2643 2843 2829 2898 animo
2858 2841 3147 2908 alacriore.
3174 2832 3509 2895 frumentum

1916 2938 2186 2992 advehit:
2243 2937 2446 2992 deinde
2505 2944 2789 3004 acceptam
2858 2943 3018 2987 terra:
3074 2932 3291 3002 glebam
3344 2941 3511 3002 atque

1916 3044 2113 3098 aquam
2144 3029 2247 3083 sub
2291 3029 2548 3081 columna
2598 3026 2851 3096 deponit.
2896 3025 3038 3078 Tum
3071 3039 3208 3078 vero
3252 3031 3426 3078 totum
3452 3037 3515 3076 se

228 3113 389 3181 ἁγίου
438 3113 648 3184 δέησιν,
713 3115 1049 3182 ἀπαγγέλλει
1103 3116 1205 3183 τὴν
1241 3115 1440 3184 θλίψιν,
1466 3115 1636 3168 δεῖται
1687 3112 1812 3183 θερ-

1919 3117 1976 3170 in
2015 3131 2210 3185 preces
2241 3115 2479 3170 effundit
2510 3128 2700 3168 coram
2733 3121 2948 3177 sancto,
2999 3112 3230 3181 exponit
3278 3111 3510 3166 calami-

232 3204 378 3276 μῶς,
409 3205 549 3259 ὥστε
585 3206 990 3276 προσεύξασθαι
1049 3207 1181 3278 περὶ
1208 3206 1490 3272 αὑτοῦ,τά
1536 3223 1594 3258 τε
1634 3222 1811 3276 παρα-

229 3298 468 3365 κείμενα
519 3299 836 3368 εὐλογῆσαι,
865 3299 959 3352 καί
1014 3315 1068 3351 τι
1123 3296 1216 3352 τοῦ
1275 3299 1386 3352 τῶν
1418 3298 1629 3367 ῥακίων
1663 3293 1812 3364 αὐτῷ

231 3388 560 3459 μεταδοῦναι
596 3391 930 3460 κρασπέδου.
966 3392 1147 3461 Ἀπερ
1177 3389 1252 3453 ὡς
1282 3390 1454 3442 ἐδεῖτο
1483 3386 1686 3454 λαϐὼν,
1717 3387 1812 3440 καὶ

228 3481 416 3535 οῐκαδε
445 3481 521 3544 ὡς
565 3475 712 3551 εῖχεν
745 3480 1078 3548 ἐπανελθὼν,
1100 3482 1193 3551 ἀφ’
1220 3480 1418 3536 ἑαυτοῦ
1458 3479 1675 3552 πρῶτον
1713 3478 1806 3548 μὲ-

228 3588 328 3642 χρι
358 3571 583 3625 καὶτοῦ
625 3573 998 3643 σμικροτάτου
1057 3572 1452 3643 διαρῥαντίζει,
1503 3573 1642 3642 ὅπερ
1709 3572 1812 3623 οὐκ

229 3662 386 3732 αὐτῴ
420 3663 566 3732 μόνῳ
596 3662 692 3716 καὶ
719 3664 876 3716 παισὶ
902 3664 996 3716 καὶ
1025 3663 1391 3744 βοσκήμασιν,
1426 3661 1564 3716 ἀλλὰ
1586 3661 1683 3714 καὶ
1705 3661 1811 3730 ὅλῳ

228 3756 370 3824 οίκῳ
397 3754 530 3826 πρὸς
563 3754 862 3827 θεραπείαν
890 3756 988 3825 τῆς
1019 3756 1370 3827 φαρμακείας
1393 3757 1646 3827 ἧρκεσεν.

302 4027 412 4084 νς’,
432 4017 558 4072 Εἶτα
581 4019 763 4072 πολλοὶ
783 4020 921 4072 κατὰ
942 4017 1131 4070 ταυτὸν
1155 4018 1455 4087 προσῆλθον
1476 4018 1624 4087 αὑτῷ
1640 4017 1816 4086 διαφό-

231 4129 352 4182 ροις
373 4111 623 4175 πάθεσιν,
658 4112 706 4164 οἱ
735 4111 832 4182 μὲν
859 4111 1033 4173 νόσοις
1051 4111 1342 4174 ποικίλαις,
1361 4112 1408 4163 οἱ
1429 4110 1484 4163 δὲ
1512 4111 1606 4164 καὶ
1627 4110 1815 4178 δαίμο-

231 4222 316 4257 σιν
345 4203 738 4273 ὲνοχλούμενοιο
757 4205 785 4256 ὁ
801 4203 856 4257 δὲ
873 4202 1074 4256 τούτων
1099 4201 1316 4271 ὲκὰςτῳ
1343 4201 1560 4271 θερμῶς
1585 4201 1817 4265 ἐπευξᾴ-

231 4315 416 4366 μενος,
441 4297 574 4350 ἀλλὰ
597 4297 690 4349 καὶ
708 4297 897 4367 χεῖρας
925 4295 1158 4358 ἐπιθεὶς,
1189 4294 1321 4366 πρὸς
1345 4295 1476 4346 Θεὸν
1497 4293 1582 4346 διὰ.
1616 4294 1816 4358 παντὸς

227 4388 399 4459 [κατὰ
413 4389 508 4452 τὰς
528 4386 699 4459 θείας]
715 4386 931 4449 ἐντολὰς
949 4387 1264 4458 αἰρομένοις,
1279 4385 1524 4449 ἅπαντας
1539 4386 1812 4454 ἀπήλλαξε

226 4480 329 4533 τοῦ
359 4479 677 4542 λυποῦντος.
716 4479 826 4547 Τῆς
853 4478 908 4529 δὲ
949 4477 1075 4548 περὶ
1110 4476 1274 4530 αὑτοῦ
1306 4477 1496 4544 φήμης
1520 4517 1535 4542 ,
1565 4479 1660 4528 καὶ
1699 4476 1808 4527 τῶν

230 4571 466 4641 ἑκάστης
496 4572 709 4641 ἡμέρας
744 4570 1036 4637 θαυμάτων
1072 4569 1384 4638 πανταχόσε
1427 4567 1806 4632 διαδοθέντων,

229 4663 389 4732 ὄχλου
446 4679 505 4714 τε
553 4662 688 4732 πρὸς
725 4660 886 4713 αὐτὸν
916 4661 1234 4731 συρρέοντος
1266 4659 1541 4722 πλείστου,
1578 4657 1808 4724 πλήθεσι

229 4751 506 4812 τοσούτοις
540 4750 699 4821 μόνος
737 4752 924 4820 ἀρκεῖν
949 4750 1110 4811 αὐτὸς
1141 4750 1200 4800 οὺ
1223 4749 1543 4817 δυνάμενος,
1579 4747 1808 4814 ῥὰδδους

230 4844 537 4915 εὐλογήσας
603 4842 847 4913 παρέσχε
880 4843 992 4903 τοῖς
1057 4841 1327 4911 μαθηταῖς
1367 4839 1539 4893 αὑτοῦ
1562 4881 1574 4904 ,
1609 4839 1673 4902 ἂς
1700 4842 1811 4901 τοῖς

232 4936 310 4988 πά
322 4935 741 5002 ςχουσινὲκεῐνοι
762 4931 919 4984 πάλιν
935 4930 1295 4993 ἐπιτιθέντες,
1318 4931 1409 4982 καὶ
1439 4929 1676 4995 μάλιστα
1696 4932 1806 4990 τοῖς

234 5027 339 5080 ὑπὸ
374 5026 624 5095 πονηρῶν
651 5025 979 5095 πνευμάτων
1008 5023 1395 5092 κατεχομένοις
1429 5063 1443 5086 ,
1479 5020 1615 5075 Triae
1639 5003 1808 5088 λέγει,

235 5120 461 5187 εφασαν,
495 5119 522 5170 ὁ
551 5117 734 5180 δοῦλος
773 5115 868 5168 τοῦ
900 5115 1034 5168 Θεοῦ
1063 5115 1286 5180 Συμεὼν
1322 5115 1428 5182 (ἵνα
1453 5113 1545 5166 καὶ
1575 5116 1636 5183 τῇ
1671 5115 1812 5182 μνή-

239 5228 314 5284 μῃ
363 5211 471 5264 τῶν
523 5212 618 5278 τῆς
658 5210 957 5277 ἁγγελικῆς
1004 5209 1218 5277 ἐκείνης
1253 5207 1498 5275 γλώττης
1552 5208 1812 5277 ῥημάτιον

238 5303 628 5374 ἁγιασθιῖιμεν)·
651 5302 919 5368 Ἐξέλθετε
940 5305 1006 5355 τὰ
1029 5304 1313 5371 ἀκάθαρτα
1328 5301 1610 5370 πνεύματα
1624 5303 1685 5353 ἐκ
1704 5301 1811 5351 τῶν

237 5397 569 5466 πλασμάτων
593 5396 687 5449 τοῦ
715 5394 867 5448 Θεοῦ.
902 5397 1014 5448 Καὶ
1052 5396 1250 5448 αὐτίκα
1283 5394 1370 5448 διὰ
1402 5395 1582 5463 πάσης
1618 5393 1813 5462 αἰσθή-

241 5502 375 5550 σεως
429 5483 497 5556 ἦν
530 5487 662 5558 ὁρᾷν
710 5486 1062 5557 ἐλαυνόμενα.
1115 5487 1352 5557 ἰεκάστῃ
1397 5488 1578 5556 μέντοι
1631 5487 1812 5557 ῥάϐδῳ

239 5571 364 5642 ἄχρι
400 5575 567 5644 τριῶν
614 5575 918 5645 ἀνθρώπων
955 5579 986 5646 ἡ
1044 5576 1152 5630 τῶν
1211 5578 1503 5645 θαυμάτων
1532 5575 1815 5647 ’ἐνέργεια

241 5662 442 5734 ὥριστο
481 5681 495 5694 ⁸
516 5661 634 5720 εἶτα
662 5665 824 5719 πάλιν
851 5669 1157 5738 ἁπτόμενος
1185 5670 1353 5737 αἰτῆς
1383 5671 1612 5733 ἐκεῖνος,
1647 5669 1810 5739 ηὑλό-

244 5767 346 5823 γιι,
383 5757 477 5811 καὶ
504 5757 899 5830 παραπλησίως
944 5761 1080 5829 αὑτὴ
1113 5764 1272 5816 πᾶλιν
1299 5765 1408 5826 τοῖς
1437 5761 1680 5833 θαύμασι
1720 5762 1807 5816 κέ-

1916 3215 2103 3269 tatem,
2135 3216 2257 3261 orat
2286 3205 2693 3260 ferventissime
2713 3221 2816 3275 pro
2838 3220 2898 3259 se
2936 3214 2997 3258 ut
3037 3205 3400 3274 deprecetur,
3453 3211 3511 3255 et

1913 3313 2036 3369 quae
2065 3298 2316 3368 apposita
2341 3306 2504 3352 erant
2533 3295 2745 3351 cibaria
2779 3295 3062 3365 impertiat
3109 3293 3509 3349 benedictione

1914 3405 2032 3455 sua,
2069 3398 2234 3459 atque
2259 3404 2291 3444 e
2319 3403 2562 3457 pannosa
2584 3388 2805 3443 lacerna
2836 3387 2940 3442 sibi
2965 3387 3233 3457 largiatur
3268 3385 3505 3456 aliquid.

1912 3480 2182 3534 Votorum
2231 3485 2420 3533 autem
2481 3492 2708 3547 compos
2759 3476 2973 3541 factus,
3045 3476 3386 3543 domumque
3451 3484 3511 3529 ut

1914 3575 2128 3639 poterat
2191 3582 2469 3630 reversus,
2539 3565 2710 3620 ducto
2772 3581 2802 3620 a
2847 3581 2907 3620 se
2974 3565 3134 3620 initio
3181 3565 3366 3619 omnia
3432 3564 3504 3618 ad

1914 3658 2205 3714 minimum
2238 3674 2411 3728 usque
2435 3657 2652 3713 lustrali
2687 3657 2780 3712 illa
2797 3673 2938 3726 aqua
2965 3658 3281 3728 conspergit
3305 3674 3318 3723 ;
3339 3656 3507 3726 idque

1915 3750 2430 3806 sufiecitadversus
2453 3749 2755 3812 veneficia;
2817 3748 3052 3819 integra.
3121 3765 3230 3802 non
3296 3755 3511 3802 tantum

1917 3839 2611 3908 seni.pueris,jumentis,
2663 3837 2758 3892 sed
2823 3837 3096 3893 universm
3135 3853 3355 3908 quoque
3411 3838 3511 3892 do-

1915 3930 2052 3996 mui,
2085 3931 2318 3986 sanitate
2351 3930 2584 3984 reddita.

1987 4022 2075 4076 56.
2133 4021 2310 4090 llujus
2366 4019 2573 4074 deinde
2633 4020 2890 4088 exeuplo
2944 4035 3146 4072 venere
3198 4019 3387 4088 plures
3443 4019 3513 4073 ad

1916 4116 2100 4170 virum
2153 4115 2250 4168 Dei
2287 4128 2394 4166 non
2421 4129 2532 4166 uno
2557 4114 2704 4166 malo
2736 4112 3083 4165 laborantes:
3138 4112 3280 4164 alios
3324 4113 3507 4166 morbi

1917 4208 2076 4271 varii,
2114 4207 2251 4260 alios
2282 4205 2562 4258 dzeznones
2591 4204 2944 4258 infestabant.
2987 4205 3092 4256 Pro
3128 4204 3358 4273 singulis
3419 4204 3512 4258 ille

1919 4302 2149 4370 supplex
2192 4301 2302 4354 Deo
2350 4299 2546 4358 factus,
2602 4297 2987 4366 impositisqne
3052 4298 3324 4359 manibus,
3374 4313 3512 4364 quas

1920 4407 2135 4459 semper
2163 4392 2468 4445 secundum
2496 4389 2680 4442 divina
2707 4398 2978 4457 praecepta
3023 4388 3273 4441 sublatas
3341 4388 3514 4443 habe-

1849 4457 1888 4509 θ
1919 4483 2035 4545 bat,
2077 4482 2286 4535 doloris
2331 4496 2551 4534 causam
2596 4481 2663 4532 ab
2702 4479 2980 4534 universis
3037 4478 3292 4533 removit.
3348 4481 3510 4535 Fama

1915 4589 2080 4643 porro
2107 4573 2172 4626 de
2199 4574 2468 4642 Symcone
2498 4572 2676 4640 deque
2711 4571 2994 4625 miraculis
3027 4572 3146 4639 ejtts
3173 4572 3513 4638 quotidianis

1912 4667 2071 4734 longe
2110 4675 2272 4734 atque
2335 4666 2442 4718 late
2478 4672 2767 4732 pervagata
2806 4705 2820 4726 ,
2878 4660 3290 4716 confluentibus
3333 4662 3398 4715 ad
3452 4679 3510 4716 se

1917 4759 2130 4828 ingenti
2169 4773 2402 4811 numero
2441 4756 2643 4816 turbis,
2685 4770 2808 4808 cum
2867 4753 3119 4809 sufficere
3171 4771 3315 4810 unus
3388 4755 3504 4822 ipso

1912 4854 2171 4919 nequiret
2201 4850 2444 4903 laborcm
2469 4864 2592 4903 eum
2619 4846 2907 4917 discipuiis
2933 4848 3190 4916 partitus,
3213 4861 3510 4900 consecra-

1915 4952 1997 4996 tas
2030 4943 2095 4995 iis
2126 4942 2306 5010 virgas
2334 4941 2612 5010 porrexit:
2643 4955 2778 5007 qua;
2810 4940 2909 5006 ipsi
2934 4955 3077 5007 επεν-δ
3125 4937 3478 4994 habentibus.

1913 5047 1976 5086 ac
2013 5032 2287 5100 pra-cipue
2341 5047 2368 5083 a
2422 5030 2566 5082 malo
2607 5029 2806 5098 spiritu
2867 5027 3095 5081 insessis
3151 5027 3509 5080 admoventes

1915 5121 2278 5190 inquiebant:
2314 5120 2438 5174 llzrc
2464 5119 2598 5174 dicit
2625 5135 2825 5174 servus
2873 5117 2962 5171 Dei
2998 5117 3235 5186 Synteon
3299 5121 3376 5184 (ut
3401 5130 3508 5170 nos

1914 5227 2135 5280 quoque
2167 5211 2464 5264 verborum
2511 5211 2755 5280 angelica
2782 5210 2930 5263 illius
2953 5209 3142 5270 lingua
3169 5208 3506 5276 prolatorum

1915 5302 2436 5356 commemoratione
2506 5300 2937 5367 sanctificemnr)
2984 5316 2996 5350 :
3039 5298 3234 5361 Exite,
3305 5297 3508 5366 impuri

1917 5394 2145 5464 spiritus
2173 5409 2202 5447 e
2233 5393 2502 5447 creaturis
2524 5393 2638 5446 Dei.
2669 5394 2776 5446 Nec
2825 5407 2998 5456 mora,
3043 5384 3380 5444 videbantur
3410 5405 3508 5458 per

1917 5505 2110 5543 omnes
2145 5503 2340 5542 sensus
2370 5488 2593 5556 expelli.
2614 5492 2798 5545 Virtus
2819 5496 2999 5539 autent
3035 5485 3125 5538 illa
3155 5485 3504 5547 miraculosa,

1917 5583 2116 5649 cuique
2146 5581 2310 5649 virgm
2373 5579 2588 5642 indita,
2653 5580 2818 5632 trium
2872 5578 3159 5632 hominum
3215 5576 3500 5631 sanatione

1919 5673 2482 5728 eircumseribebalur
2528 5690 2540 5725 :
2579 5671 2706 5725 dein
2759 5671 2993 5744 Symeon
3030 5669 3226 5724 iterata
3269 5669 3506 5724 taetionc
3562 5715 3574 5730 ,

1923 5763 2067 5816 illam
2105 5763 2301 5815 iterum
2333 5761 2717 5827 benedicchat,
2753 5761 2877 5817 inde
2909 5760 3173 5815 miracula
3224 5768 3286 5814 ut
3345 5760 3503 5830 prius
