4078 6332
303 378 436 443 3041

1303 382 1478 441 νιΤΑ
1517 384 1564 440 Α
1606 377 2042 440 NICEPHORO
2082 378 2565 439 CONSCRIPTA.

3424 377 3564 436 σοι)

287 489 437 551 στοῦ,
472 488 565 541 καὶ
594 488 691 543 τοῦ
721 489 1053 562 θεράποντος
1080 489 1245 543 αὑτοῦ
1276 487 1522 560 Συμεὼν,
1552 486 1631 540 ἔτι
1661 487 1757 539 καὶ
1785 484 1873 537 θυ-

1986 483 2083 548 nis,
2152 485 2435 539 candelam
2488 481 2819 545 accendunt,
2879 483 3104 552 insuper
3167 491 3224 537 et
3276 481 3562 540 incensum

287 578 470 649 μίαμα
498 582 943 649 προσαγαγόντες
969 598 983 611 ⁸
1018 581 1112 635 καὶ
1148 582 1347 634 αὐτίκα
1376 580 1452 648 τῷ
1480 580 1747 648 νεανίσκῳ
1778 576 1873 647 (ὡς

284 668 423 720 πολὺ
456 670 515 722 τὸ
546 670 749 739 πλῆθος
775 672 876 740 τῆς
907 673 1279 741 χρτιστόττιτός
1313 689 1429 734 σου,
1463 670 1657 740 Κύριε,
1691 665 1757 740 ἧς
1788 670 1873 733 ἐξ-

284 758 527 825 ειργάσω
572 762 681 821 τοῖς
715 760 1025 823 ἐλπίζουσιν
1056 762 1147 813 ἐπὶ
1186 761 1245 814 σέ,
1270 761 1318 826 l)
1348 761 1406 813 τὸ
1440 760 1547 812 τῶν
1577 758 1875 828 ὀψθαλμῶν

285 845 443 911 αὖθις
495 853 741 902 ἐπάνεισι
791 850 908 918 φῶς
934 890 947 903 .
994 852 1220 921 Ἕτερος
1256 851 1363 903 ὑπό
1406 867 1549 912 τινος
1587 851 1743 903 νόσου
1777 849 1876 920 τὴν

283 939 495 992 κοιλίαν
528 940 807 1007 διώγκωτο
833 958 846 971 ·
881 942 1152 1011 ἰατρικαῖς
1176 943 1355 993 τοίνυν
1379 941 1595 1009 τέχναις
1618 938 1877 1010 οἰμώζειν

285 1031 457 1083 εἰπὼν
501 1034 591 1084 τὸν
638 1033 782 1085 θεῖον
829 1033 1056 1103 Συμεὼν
1101 1035 1181 1097 εἰς
1234 1034 1377 1086 ἴασιν
1416 1031 1509 1084 τοῦ
1548 1030 1750 1093 πάθους
1790 1032 1877 1095 ἐξ·

286 1124 557 1174 ἐκαλεῖτο.
620 1123 729 1174 Καὶ
801 1124 1073 1177 δείκνυσιν
1134 1124 1301 1187 ὕπνος
1358 1122 1506 1193 αὐτῷ
1563 1123 1656 1176 τὸν
1710 1124 1877 1193 ἄνδρα

289 1215 577 1281 σωτήριον,
632 1212 893 1267 ἐπιθέντα
934 1214 1011 1283 τῷ
1055 1214 1218 1267 πάθει
1263 1215 1321 1267 τὸ
1368 1214 1721 1283 Εὑαγγέλιον.
1770 1214 1881 1267 Kal

288 1305 612 1371 συναπέπτη
647 1303 723 1371 τῷ
760 1302 914 1374 ὕπνῳ
963 1305 1024 1357 τδ
1073 1306 1264 1369 πάθος,
1310 1308 1404 1357 καὶ
1435 1304 1592 1377 ὑγιὴς
1631 1308 1659 1359 ὁ
1694 1305 1878 1367 κακῶς

288 1391 429 1459 ἔχων
472 1392 828 1456 διυπνισθεὶς,
874 1393 952 1463 τῷ
1000 1393 1167 1464 ’Δγίῳ
1200 1393 1513 1464 προσελθὼν
1561 1394 1621 1447 τὸ
1655 1394 1877 1462 γεγονὸς

286 1484 643 1549 ἀπαγγέλλει.

364 1574 426 1639 ξ’.
459 1574 616 1626 Οῦτω
637 1573 690 1625 δὲ
718 1573 826 1627 τῶν
856 1574 987 1645 παρ’
1009 1575 1171 1628 αὑτοῦ
1203 1575 1495 1644 θαυμάτων
1532 1573 1620 1625 ἴσα
1654 1574 1747 1625 καὶ
1780 1589 1877 1625 πο-

256 1688 268 1699 ·
289 1670 487 1734 ταμοῖς
516 1667 811 1737 χεομένων,
848 1668 1218 1738 συνέρῤευσάν
1243 1684 1370 1719 ποτε
1397 1667 1530 1736 πρὸς
1552 1666 1712 1718 αύτδν
1735 1664 1879 1733 ὖχλοι

290 1758 496 1822 πολλοὶ,
546 1762 747 1830 κηροὺς
778 1760 1107 1830 ἀνάψαντες,
1160 1761 1255 1812 καὶ
1296 1759 1517 1820 τούτους
1574 1760 1667 1810 ἐπ)⁸
1709 1756 1878 1809 καλά-

293 1870 412 1920 μων
437 1852 763 1921 πηξάμενοι,
790 1852 906 1923 Θεῷ
941 1869 1000 1904 τε
1028 1853 1092 1905 δι’
1116 1851 1285 1905 αὑτοῦ
1314 1850 1717 1920 προσφέροντες
1740 1850 1873 1902 ἀνα·-

290 1944 513 2012 θήματα
536 1961 549 1973 ⁸
594 1944 782 2015 ἐπειδὴ
818 1945 913 1996 καὶ
947 1943 1104 1996 τοῦτο
1133 1943 1329 2013 δεκτὴν
1376 1941 1604 2003 ἕκαστος
1634 1939 1751 2010 ᾔδει
1784 1938 1877 2015 θυ-

292 2035 436 2095 σίαν,
458 2035 593 2105 ὅπερ
616 2037 679 2087 ἂν
703 2036 768 2087 δι’
794 2035 957 2088 αὑτοῦ
978 2036 1353 2105 προσενέγκω.
1392 2032 1450 2085 '0
1468 2032 1524 2085 δὲ
1550 2032 1684 2102 πρὸς
1705 2029 1875 2083 ταῦτα

294 2128 395 2196 μὲν
428 2129 519 2179 καὶ
542 2128 663 2180 λίαν
691 2126 1082 2197 ἁπαραδέκτως
1105 2122 1217 2195 εἶχε
1242 2142 1253 2156 ’
1276 2125 1409 2195 πρὸς
1432 2125 1489 2177 δὲ
1513 2125 1635 2186 τοὺς
1661 2123 1873 2192 ὄχλους,

292 2220 355 2271 Εἰ
388 2219 481 2271 καὶ
526 2219 591 2271 τὰ
620 2222 748 2288 παρ’
786 2218 962 2289 ὑμῶν,
993 2217 1168 2284 ἔλεγε,
1210 2217 1627 2287 προσφερόμενα
1666 2214 1879 2284 λαμόά·

289 2329 405 2363 νειν
428 2313 611 2375 αὐτὸς,
632 2313 872 2380 ἀδελφοὶ,
900 2311 975 2381 μὴ
997 2310 1309 2381 βουλοίμην,
1339 2308 1574 2361 παλαιάν
1595 2307 1877 2376 φυλάττων

293 2408 391 2459 καὶ
425 2406 703 2474 ἡλικιῶτιν
736 2405 1027 2474 συνὲοθειαν
1047 2421 1060 2434 ·
1099 2404 1232 2457 ἀλλὰ
1259 2404 1424 2457 δεκτὰ
1450 2403 1742 2471 γεγένηται
1775 2401 1875 2472 ἠδη

289 2497 431 2565 Θεῷ,
460 2497 537 2567 τῷ
566 2498 802 2550 ἀνεπιδεεῖ
836 2498 934 2567 μὲν
968 2497 1247 2560 ἁπάντων,
1277 2496 1446 2566 μόνην
1474 2496 1528 2547 δὲ
1558 2493 1879 2564 προαίρεσιν

290 2590 421 2657 παρ’
455 2587 612 2658 ἡμῶν
646 2589 723 2647 εἰς
749 2587 951 2655 ἀγαθὸν
992 2587 1334 2640 ἀπαιτοῦντι.
1368 2588 1545 2656 Ὅπερ
1586 2585 1774 2639 ἐλύπει
1811 2585 1877 2638 τὰ

286 2680 493 2749 πλήθη,
524 2679 619 2732 καὶ
652 2679 859 2749 σφόδρα
879 2680 974 2748 τῆς
1011 2679 1244 2732 ἑκάστου
1278 2678 1509 2749 καρδίας
1539 2680 1765 2749 ἥπτετο,
1789 2678 1879 2731 εύ-

292 2770 628 2839 προσὸἐκτου
658 2768 909 2839 καθάπερ
942 2768 1092 2838 αὐτῷ
1129 2770 1228 2838 τῆς
1266 2768 1456 2830 θυσίας
1492 2768 1554 2819 οὐ
1575 2767 1879 2837 γεγενημέ-

290 2878 409 2930 νης.
441 2860 612 2913 Τοῦτο
645 2860 829 2913 τοίνυν
862 2861 1070 2922 ἰδόντας
1132 2862 1259 2922 τοὺς
1306 2858 1557 2929 μαθητὰς
1590 2857 1880 2928 βουλεύσα-

293 2952 419 3004 σθαι
454 2952 578 3003 καθ’
608 2954 857 3016 ἑαυτοὺς,
895 2951 1035 3004 ὥστε
1072 2952 1254 3021 κρύφα
1284 2949 1585 3019 λαμϐάνειν
1624 2950 1692 3001 τὰ
1720 2966 1877 3018 κομι-

291 3042 517 3109 ζόμενα.
562 3044 619 3096 '0
651 3044 708 3096 at
747 3044 882 3112 μηδέ
925 3046 1025 3111 τὴν
1052 3042 1347 3111 ἐιθύμησιν
1380 3042 1559 3094 αὐτῶν
1585 3042 1879 3109 ἀγνοήσας,

1977 576 2259 630 offerunt:
2291 591 2415 629 eum
2456 591 2486 629 e
2520 576 2752 645 vestigio
2797 575 2983 644 (quam
3022 575 3308 644 multipiex
3340 587 3423 633 est
3466 577 3565 631 he-

1976 666 2218 736 nignitas
2255 675 2371 729 tua,
2417 665 2671 728 Domine,
2712 680 2877 734 quam
2910 666 3261 734 sperantitus
3290 666 3342 718 in
3392 675 3441 719 te
3472 681 3569 720 ex-

1980 758 2242 811 hibuisti!
2271 760 2286 825 )
2315 756 2462 811 oculi
2503 755 2872 810 adolescentis
2917 755 3117 809 iterum
3154 756 3564 810 illnminantur.

1976 849 2149 914 Alter,
2190 849 2280 903 cui
2312 856 2509 901 venter
2537 848 2732 901 morbo
2757 846 2997 917 quodam
3034 847 3395 909 intumuerat,
3429 847 3567 901 nihil

1977 949 2095 995 arte
2123 940 2333 995 medica
2371 940 2662 995 levaminis
2697 949 2979 1009 expertus,
3029 938 3353 1011 Symeonem
3393 954 3571 993 reme-

1978 1034 2130 1087 dium
2165 1034 2374 1087 doloris
2404 1034 2486 1087 sui
2520 1033 2835 1103 postulabat
2866 1050 2881 1086 :
2916 1046 3047 1087 ecce
3086 1043 3269 1086 autem
3312 1031 3571 1085 salutaris

1979 1140 2207 1179 somnus
2262 1127 2489 1181 exhibet
2517 1127 2594 1180 illi
2649 1126 2867 1191 virum,
2933 1140 3152 1179 sacrum
3210 1124 3569 1193 Evangelium

1977 1215 2187 1269 dolenti
2235 1216 2486 1269 membro
2535 1216 2933 1284 imponentem,
2966 1230 3076 1284 quo
3107 1229 3334 1267 somnus
3362 1213 3573 1282 pariter

1978 1316 2035 1361 et
2076 1307 2234 1360 dolor
2261 1308 2474 1377 depulsi
2505 1316 2657 1361 sunt.
2696 1306 2877 1361 Sanus
2928 1307 3095 1377 igitur
3138 1314 3260 1374 post
3312 1319 3571 1359 somnum

1979 1395 2178 1457 factus,
2211 1395 2303 1464 qui
2340 1397 2481 1449 male
2510 1396 2801 1459 habuerat,
2833 1396 2898 1449 ad
2931 1405 3183 1449 sanctum
3218 1393 3472 1459 accessit,
3516 1405 3575 1447 et

1980 1487 2125 1554 quod
2174 1485 2485 1555 contigerat
2528 1485 2890 1540 renuntiavit.

2052 1575 2140 1630 60.
2181 1573 2317 1629 Dum
2355 1578 2426 1630 ita
2452 1577 2687 1647 Symeon
2721 1576 3051 1630 miraculosa
3105 1574 3371 1630 beneficia
3410 1574 3571 1644 quasi

1982 1668 2148 1738 pleno
2183 1668 2421 1722 effundit.
2458 1669 2639 1731 alveo,
2687 1668 2891 1722 accidit
2929 1666 3227 1736 aliquando
3264 1665 3454 1720 turbas
3503 1664 3573 1719 ad

1984 1759 2136 1813 illum
2164 1759 2483 1830 frequentes
2513 1759 2815 1824 confluere,
2839 1774 3101 1813 accensos
3126 1773 3316 1812 cereos
3344 1757 3577 1811 summis

1982 1850 2352 1905 arundinibus
2381 1848 2600 1906 infixos
2644 1851 3023 1920 praeferentes,
3073 1850 3420 1903 anathemata
3460 1847 3572 1901 Deo

1984 1956 2082 2010 per
2128 1942 2452 2013 Symeonem
2489 1942 2777 1996 oblaturas
2822 1959 2835 1998 :
2878 1951 3109 1996 noverat
3159 1942 3307 1995 enim
3337 1941 3573 2011 quisque

1983 2033 2323 2102 acceptabile
2361 2034 2414 2088 id
2438 2035 2769 2088 sacrificium
2808 2033 2949 2098 fore,
2986 2034 3131 2103 quod
3161 2049 3255 2103 per
3290 2033 3439 2088 illius
3461 2048 3575 2086 nia-

1983 2138 2089 2177 nus
2119 2123 2460 2179 immolatum
2500 2125 2714 2179 fuisset.
2764 2125 2831 2179 At
2861 2126 2952 2179 ille
2983 2125 3126 2178 dona
3157 2124 3379 2193 quidem
3411 2123 3575 2177 mini-

1984 2224 2072 2265 me
2100 2219 2216 2267 rata
2267 2213 2463 2268 habuit
2494 2224 2660 2284 atque
2688 2225 2946 2285 accepta;
2979 2214 3168 2268 turbas
3206 2228 3340 2267 vero
3380 2213 3452 2266 ita
3492 2222 3577 2267 est

1985 2302 2258 2359 allocutus
2301 2324 2313 2359 :
2350 2305 2673 2364 Oblatioues
2715 2318 2929 2362 vestras
2962 2323 3063 2379 ego
3102 2324 3214 2362 non
3275 2305 3574 2370 admisoro,

1984 2396 2204 2461 fratres,
2220 2399 2461 2470 antiqua:
2478 2411 2535 2455 et
2552 2402 2714 2457 hodie
2726 2418 2836 2455 mae
2858 2401 3279 2456 consuetudinis
3294 2398 3579 2454 servanda:

1986 2490 2269 2545 studiosus
2294 2509 2309 2548 :
2339 2503 2721 2547 verumtamen
2757 2503 3055 2562 acceptam:
3089 2495 3196 2563 jam
3225 2509 3254 2545 a
3284 2492 3395 2546 Deo
3423 2499 3574 2553 sunt,

1986 2581 2080 2651 qui
2116 2597 2301 2636 rerum
2333 2591 2647 2637 nostrarum
2680 2584 2754 2638 nil
2813 2586 3052 2655 indigus,
3092 2584 3266 2639 solam
3312 2582 3576 2638 intentioo

1986 2691 2113 2729 nem
2138 2676 2337 2731 bonam
2366 2676 2495 2731 boni
2530 2676 2790 2731 consulit.
2834 2678 2965 2742 Qua:
2990 2677 3168 2730 oratiu
3199 2676 3437 2752 tristitiae
3468 2691 3577 2729 non

1989 2768 2254 2823 mediocri
2286 2770 2464 2824 turbis
2497 2769 2626 2834 fuit,
2656 2781 2713 2825 et
2736 2771 2952 2827 animos
2980 2787 3089 2824 non
3128 2771 3290 2825 aliter
3323 2769 3576 2841 pupugit,

1988 2875 2151 2929 quam
2185 2861 2230 2915 si
2278 2862 2571 2931 reprobata
2612 2862 2823 2917 oblatio
2862 2862 3079 2917 fuisset.
3119 2862 3273 2929 Quod
3324 2862 3581 2916 animad-

1987 2960 2267 3005 vertentes
2303 2952 2561 3021 discipuli
2597 2954 2892 3007 consilium
2932 2953 3181 3006 inierunt
3224 2954 3367 3006 inter
3404 2960 3582 3015 se,t;t

1989 3042 2128 3095 clam
2150 3043 2525 3097 subducerent
2549 3061 2671 3113 qum
2695 3046 2855 3097 allata
2880 3052 3060 3097 erant.
3082 3044 3286 3097 Verum
3316 3043 3578 3115 Symeun,

291 3136 675 3206 αὐστηροτέρᾳ
710 3139 862 3204 φωνῇ
894 3134 1133 3195 καλέσας
1160 3134 1355 3195 αὐτοὺς
1377 3172 1391 3195 ,
1430 3132 1743 3201 Ὴγνόηται,
1776 3147 1880 3200 φη-

1990 3150 2154 3204 quem
2191 3136 2555 3205 cogitationes
2599 3136 2821 3189 illorum
2856 3136 3001 3190 haud
3045 3135 3349 3206 fugielant,
3386 3149 3579 3191 severa

298 3226 407 3288 σὶν,
444 3226 594 3295 ὑμῖν.
627 3227 655 3279 ὂ
678 3228 730 3277 τί
760 3244 888 3279 ποτε
930 3229 1034 3296 ἄρα
1068 3226 1327 3279 πεπόνθοι
1357 3226 1507 3295 παρὰ
1532 3226 1608 3293 τῷ
1641 3225 1878 3295 Ἰσραὴλ,

290 3317 319 3368 ὸ
350 3314 426 3385 τῷ
456 3316 679 3385 χαλεπῴ
725 3317 888 3369 πάθει
928 3318 1027 3385 τῆς
1069 3316 1434 3385 φιλαργυρίας
1471 3315 1651 3379 ἁλοὺς,
1688 3317 1782 3367 καὶ
1826 3314 1887 3367 τὸ

294 3406 534 3476 χρυσοῦν
569 3407 916 3477 βούγλωσσον
957 3406 1193 3475 συλήσας
1227 3406 1320 3460 τοῦ
1354 3407 1719 3476 ἀναθέματος;
1746 3406 1797 3457 τί
1829 3405 1886 3458 δὲ

294 3500 458 3569 negt,
504 3500 565 3552 τὸ
607 3500 913 3552 Ἐλισσαίου
966 3500 1273 3570 παιδάριον,
1313 3501 1459 3561 ὃπως
1498 3500 1595 3571 τὴν
1637 3500 1887 3570 Ναιεμὰν

293 3592 501 3661 λέπραν
551 3590 954 3660 κατεδ.κάσθη;
1012 3591 1146 3644 ἀλλὰ
1202 3595 1297 3645 καὶ
1334 3591 1535 3653 Ἰούδας
1582 3593 1743 3654 αὐτὸς
1788 3592 1888 3660 τῆς

293 3681 665 3749 ὰποστολικῆς
720 3682 971 3735 ἐκπεσὼν
1006 3685 1227 3754 χάριτός
1258 3700 1315 3737 τε
1364 3684 1461 3735 καὶ
1490 3683 1718 3746 τάξεως,
1757 3700 1891 3753 προ-

296 3775 387 3826 δὸτ
399 3790 457 3835 ίς
483 3789 538 3825 τε
566 3773 659 3824 τοῦ
686 3772 1020 3824 Διδασκάλον
1044 3774 1335 3842 γενόμενος
1363 3772 1458 3825 καὶ
1481 3771 1883 3841 ἁπαγξεὶμενος,

293 3866 390 3918 xvi.
437 3866 598 3935 μέσος
648 3864 930 3931 λακήσας;
966 3866 1106 3935 Πρὸς
1159 3866 1333 3918 ταῦτα
1370 3866 1479 3917 δέει
1506 3866 1803 3933 ληφθέντες
1839 3866 1887 3918 οἰ

300 3956 566 4026 μαθηταὶ,
602 3954 855 4024 ῥίψαντες
881 3960 959 4019 εἰς
988 3957 1183 4025 ἔδαφος
1218 3959 1441 4020 ἑαυτοὺς
1471 3958 1796 4027 αἰτήσαντες
1828 3974 1888 4009 τε

300 4045 636 4115 ουγγνὼμτν
692 4049 786 4099 καὶ
834 4047 1110 4111 λαϐόντες,
1162 4051 1487 4118 ἀνέστησαν,
1557 4048 1731 4103 πολλὰ
1762 4049 1891 4118 σφί-

295 4157 384 4190 σιν
454 4139 639 4202 αὐτοῖς
706 4139 815 4193 τῶν
886 4142 1167 4211 προτέρων
1230 4142 1674 4213 ἐπιμεμφόμενοι
1738 4142 1889 4209 λογι-

294 4226 469 4295 σμῶ).

370 4319 470 4384 ξσυ.
525 4320 914 4391 Ἀπεκαλύφθη
946 4321 1075 4374 ποτὲ
1121 4321 1197 4391 τῷ
1240 4322 1471 4394 Συμεὼν
1498 4324 1641 4392 άπερ
1671 4321 1764 4375 ἐπὶ
1790 4322 1892 4391 τὴν

304 4412 581 4481 ’Δντιὸχου
614 4411 716 4481 φεῦ
753 4414 765 4465 ι
802 4413 1109 4481 ἐπάγεσθαι
1133 4415 1358 4484 ἤμελλε.
1411 4414 1493 4468 Τὰ
1519 4414 1574 4467 δὲ
1606 4410 1695 4485 ἦν,
1729 4413 1891 4467 πνεῦο

1987 3242 2121 3281 voce
2151 3227 2438 3282 advocatis
2462 3227 2599 3283 dicit
2639 3246 2651 3281 :
2682 3228 2942 3297 Nunquid
2985 3229 3158 3298 ignari
3192 3230 3347 3291 estis,
3375 3238 3581 3298 quanta

1987 3316 2117 3371 olim
2153 3333 2350 3387 passus
2402 3318 2475 3373 sit
2498 3319 2666 3373 Israel
2719 3328 2949 3388 prepter
2998 3334 3148 3383 cum,
3187 3319 3280 3388 qui
3337 3319 3583 3373 avaritiae

1988 3409 2141 3479 gravi
2175 3408 2397 3464 aﬂ‘ectui
2424 3426 2481 3465 se
2506 3410 2755 3472 tradidit,
2783 3419 2837 3464 et
2862 3410 3105 3481 linguam
3136 3411 3210 3481 (8)
3236 3426 3461 3464 auream
3492 3426 3582 3464 ra-

1988 3502 2189 3569 puitex
2210 3501 2755 3567 anathemate?Quid
2782 3500 2958 3563 Giezi,
2984 3517 3121 3570 puer
3150 3502 3327 3555 Eliszei
3354 3503 3375 3553 ’ἐ
3398 3518 3581 3556 nonne

1989 3592 2306 3662 leprae,qua
2336 3592 2581 3646 Naaman
2626 3592 2805 3645 fuerat
2830 3593 3089 3655 infectus,
3134 3592 3423 3647 damnatus
3458 3592 3585 3646 est?

1989 3683 2131 3750 Quid
2166 3700 2464 3739 memorem
2498 3684 2720 3748 ludam,
2742 3686 2833 3753 qui
2861 3700 2891 3739 e
2925 3701 3158 3739 numero
3177 3693 3233 3738 et
3254 3686 3426 3755 gratia
3450 3700 3584 3754 apo-

1990 3775 2258 3829 stolorum
2294 3774 2520 3840 excidit,
2552 3775 2802 3844 proditor
2847 3774 3084 3844 Magistri
3129 3775 3214 3829 sui
3262 3775 3476 3839 factus;
3526 3785 3585 3831 et

1988 3868 2365 3935 strangulatus
2396 3868 2613 3935 crepuit
2645 3866 2900 3919 medius?
2922 3866 3001 3919 Ad
3045 3866 3161 3920 luec
3194 3867 3358 3919 verba
3394 3868 3585 3920 exani—

1990 3957 2120 4011 mati
2174 3957 2369 4011 timore
2400 3956 2680 4025 discipuli,
2716 3957 2875 4025 proni
2917 3973 2976 4012 se
3022 3958 3075 4011 in
3112 3965 3316 4011 terram
3353 3956 3579 4020 dedere,

1990 4047 2208 4102 veniam
2245 4048 2641 4116 deprecantes;
2685 4063 2849 4116 quam
2890 4047 2984 4101 ubi
3020 4048 3406 4117 impetrarunt,
3461 4061 3586 4099 sur-

1992 4147 2184 4209 gentes
2218 4138 2410 4192 multis
2440 4153 2562 4193 sese
2590 4139 2923 4193 incusavere
2949 4138 3023 4193 ob
3043 4138 3229 4208 priora
3268 4153 3367 4192 sua
3421 4137 3580 4208 cogi-

1995 4239 2126 4285 tata.

2062 4321 2150 4375 61.
2187 4322 2451 4377 Revelata
2498 4322 2744 4393 quodam
2796 4331 3047 4392 tempore
3109 4321 3372 4393 Symeoni
3444 4329 3579 4375 sunt

1994 4412 2135 4466 mala
2178 4429 2299 4481 qua:
2348 4429 2520 4482 super
2583 4413 2935 4467 Antiochiam
3006 4412 3321 4466 inducenda
3370 4422 3578 4465 essent.

295 4521 374 4573 μα
411 4504 687 4573 μάχαιραν
742 4506 1246 4575 ἐγκεχειρισμένον,
1285 4506 1380 4559 καὶ
1422 4504 1631 4558 ἄνωθεν
1670 4507 1757 4557 ἐπ’
1791 4505 1881 4557 αύ-

1993 4503 2165 4556 Εταιιι
2202 4513 2387 4557 autem
2419 4504 2771 4575 bujusmudi:
2833 4504 3065 4574 angelus
3114 4504 3356 4573 gladium
3391 4512 3585 4558 tenens

290 4598 395 4664 τὴν
465 4596 791 4665 φερόμενον.
864 4596 1087 4664 Ἑθόησε
1133 4597 1427 4666 τοιγαροῦν
1486 4596 1623 4665 πρὸς
1678 4594 1884 4663 Κύριον

293 4685 441 4751 ὑπὲρ
501 4684 674 4754 αὐτῆς
730 4688 797 4755 τῇ
856 4685 1076 4757 καρδίᾳ,
1102 4686 1232 4756 ἔστη
1265 4703 1321 4738 τε
1357 4686 1497 4739 κατὰ
1522 4686 1614 4738 τὸν
1643 4686 1885 4755 Μωῦσῆν

292 4779 531 4830 ἐνώπιον
595 4776 784 4837 αὑτοῦ.
815 4777 909 4829 τοῦ
972 4776 1314 4847 ἀποστρέψαι
1357 4780 1447 4830 τὸν
1483 4777 1657 4847 θυμὸν
1689 4776 1882 4841 αὑτοῦ,

292 4870 389 4918 καὶ
447 4866 522 4936 μὴ
569 4865 838 4920 ἐκκαῦσαι
899 4870 1080 4920 πᾶσαν
1120 4869 1220 4939 τὴν
1256 4868 1427 4940 ὀργὴν
1487 4867 1675 4921 αὑτοῦ.
1726 4869 1785 4921 ’0
1831 4868 1887 4921 δέ

296 4973 437 5023 φησι
462 4957 599 5026 πρὸς
627 4958 817 5010 αὐτόν’
866 4958 998 5011 Ἰδοὺ
1028 4960 1061 5028 ἡ
1084 4958 1303 5029 κραυγὴ
1334 4958 1433 5028 τῆς
1480 4960 1678 5019 κακίας
1718 4959 1889 5028 αὐτῆς

294 5045 470 5116 ανὲϐη
528 5048 665 5119 πρός
721 5066 816 5119 με,
864 5052 951 5103 ἐπ’
984 5051 1155 5121 ὀργήν
1189 5067 1293 5121 μου
1339 5053 1433 5103 καὶ
1461 5051 1554 5103 ἐπὶ
1582 5051 1754 5121 θυμόν
1780 5054 1884 5122 μού

291 5141 495 5209 ἐστινή
523 5138 677 5204 πόλις
698 5141 861 5213 αὕτη,
893 5143 987 5195 καὶ
1010 5143 1227 5211 ἀφανιῶ
1260 5142 1429 5214 αὐτὴν
1459 5145 1515 5195 ἐν
1550 5146 1671 5207 ταῖς
1700 5146 1886 5216 ἁμαρ-

292 5230 438 5295 τίιις
514 5232 711 5304 αὐτῆς,
778 5236 875 5289 καὶ
950 5233 1108 5289 δώσω
1164 5234 1277 5306 πῦρ
1305 5235 1389 5288 ἐπ’
1422 5234 1590 5305 αὐτὴν
1632 5237 1889 5307 “1.60;;-

296 5326 468 5395 φαίαν
497 5326 597 5380 καὶ
629 5326 863 5381 θάνατον
891 5345 906 5361 ο
940 5329 1081 5399 αὑτὴ
1112 5328 1433 5402 παρωργισέ
1465 5348 1531 5401 με
1562 5331 1618 5383 ἐν
1658 5333 1770 5395 τοῖς
1800 5332 1879 5384 εί-

295 5419 489 5486 δὼλοις
513 5423 705 5494 αὐτῆς,
741 5424 951 5479 τιθεῖσα
979 5427 1261 5497 τράπεζαν
1295 5429 1405 5490 τοῖς
1440 5425 1659 5496 δαίμοσι
1688 5430 1786 5481 καὶ
1815 5431 1880 5501 τῇ

293 5511 640 5587 τύχῃνκάγὼ
688 5516 780 5568 ἐπὶ
836 5514 980 5569 ἔθνει
1036 5518 1283 5587 ἀσυνέτῳ
1349 5517 1637 5589 παροργιῶ
1687 5520 1879 5589 αὑτήν,

372 5646 689 5720 (8)_Achon,
726 5648 772 5705 is
808 5649 913 5704 fuit
938 5650 1056 5720 qui,
1089 5650 1256 5707 Josue
1291 5668 1383 5713 vn,
1427 5653 1493 5706 de
1532 5651 1882 5708 anathemate

298 5715 524 5772 Iericho
555 5719 680 5792 tulit
708 5721 810 5792 (uti
851 5715 1208 5791 Septuaginta
1239 5722 1467 5792 habent)
1499 5722 1747 5790 γλῶτταν
1779 5722 1883 5777 fin-

300 5802 485 5861 guam,
510 5787 657 5858 quod
711 5787 960 5861 vulgatus
1015 5787 1193 5847 textus
1243 5787 1481 5864 regulam
1513 5787 1691 5848 'vertit
1724 5809 1737 5846 :
1775 5809 1878 5847 ms.

1986 4612 2155 4650 manu
2185 4596 2239 4649 in
2273 4611 2400 4651 aere
2431 4596 2717 4651 ferebatur
2753 4612 2920 4667 supra
2950 4596 3253 4650 civitatem.
3312 4596 3583 4651 lnclama-

1987 4690 2070 4743 vit
2110 4689 2282 4761 igitur
2327 4697 2555 4745 sanctus
2606 4690 2900 4743 Dominum
2942 4705 3045 4759 pro
3099 4704 3164 4743 ea
3226 4696 3343 4741 toto
3393 4687 3583 4751 corde,

1983 4782 2257 4851 stetitque
2296 4791 2357 4836 ut
2391 4783 2533 4837 alter
2570 4781 2784 4853 Moyses
2814 4797 3003 4837 coram
3031 4782 3145 4845 illo,
3190 4792 3252 4834 ut
3301 4790 3586 4835 averteret

1999 4870 2243 4926 furorem
2279 4870 2455 4933 illius,
2490 4870 2902 4939 impediretque
2932 4884 3001 4923 ne
3036 4870 3243 4939 majore
3297 4868 3583 4923 iracundia

1998 4964 2462 5019 iuﬂammarctur.
2487 4963 2637 5018 Dicit
2682 4974 2870 5017 autem
2926 4963 3197 5018 Dominus
3259 4960 3327 5016 ad
3392 4962 3582 5016 illum:

1998 5054 2142 5112 Ecce
2176 5058 2387 5111 clamor
2411 5066 2766 5125 peccatorum
2804 5054 2961 5109 urbis
3006 5055 3157 5108 illius
3220 5053 3466 5107 ascendit
3515 5053 3583 5107 ad

1998 5163 2109 5214 me,
2142 5149 2276 5203 iram
2308 5163 2372 5203 ac
2394 5147 2637 5203 furorem
2664 5163 2848 5203 meum
2879 5148 3114 5202 incurrit
3141 5146 3338 5216 impia;
3372 5144 3585 5215 disper-

1998 5241 2124 5296 dam
2162 5241 2335 5312 ipsam
2363 5241 2417 5295 in
2448 5240 2689 5311 peccatis
2731 5240 2878 5296 suis:
2939 5238 3234 5294 immittam
3295 5238 3498 5308 ignem,
3528 5246 3586 5292 ct

1997 5333 2265 5405 gladium,
2308 5342 2658 5389 ctmortem:
2699 5335 2816 5404 ipsa
2871 5333 3114 5388 irritavit
3163 5348 3250 5387 me
3302 5348 3401 5402 per
3440 5332 3586 5388 idola

1994 5442 2115 5490 sua,
2144 5442 2353 5497 ponens
2390 5443 2635 5481 mensam
2667 5427 3016 5483 dzemonibus
3062 5436 3117 5480 ct
3154 5426 3425 5493 fortuuze;
3481 5440 3585 5495 ego

1994 5536 2213 5591 quoque
2246 5536 2344 5591 per
2380 5530 2600 5593 gentem
2661 5522 3018 5593 insipientem
3094 5520 3324 5575 irritabo
3380 5522 3580 5591 ipsam.

1993 5665 2247 5710 nostrum
2313 5656 2676 5725 βούγλωσσον,
2734 5675 2855 5730 qua:
2910 5659 3080 5716 herba
3127 5675 3252 5715 cum
3316 5658 3476 5718 ﬂoret
3522 5664 3578 5719 in

1991 5740 2218 5850 ῗὲαριιέηι
2242 5731 2500 5799 assurgit,
2540 5730 2806 5801 longioris
2845 5730 3022 5789 instar
3047 5732 3235 5800 virgre,
3272 5741 3484 5787 rectum
3513 5748 3580 5789 ac

2050 5811 2106 5849 re
2171 5812 2244 5850 m.
