4078 6332
224 359 367 423 3049

1237 354 1412 416 VITA
1454 354 1497 410 Α
1539 346 1969 409 NICEPHORO
2009 343 2490 403 CONSCBII‘TA.

3348 336 3489 397 3030

230 471 370 540 πρός
425 484 548 520 τινα
599 465 937 537 στρατιώτην
974 464 1262 535 excidium)
1290 464 1558 533 ἐξηγεῖτο,
1592 462 1796 531 αἰχμά-

1923 457 2144 511 scltolari
2179 455 2317 520 (19.),
2375 455 2467 524 qui
2521 463 2575 506 et
2626 453 2740 522 ipse
2798 452 2849 505 in
2895 467 3171 507 carcerem
3225 451 3491 520 abreptus

121 591 129 595 -
220 560 397 612 λωτον
440 559 538 611 καὶ
572 558 736 610 αὐτὸν
766 557 1061 626 ἀγόμενον,
1094 561 1187 610 καὶ
1221 557 1325 609 ὑπὸ
1356 558 1603 625 σιδηραῖς
1633 572 1800 621 κατε-

221 651 453 720 χόμενον
474 647 667 712 πέδαις
695 661 708 675 ·
743 647 835 699 καί
866 663 917 699 τι
939 646 1033 700 καὶ
1064 646 1265 699 κλαίων
1298 644 1383 697 ἐπ’
1402 646 1565 707 ἐνίοις
1596 645 1798 704 αὐτῶν,

224 739 346 796 εἶτα
382 741 542 803 ζέσας
594 738 693 807 τὴν
730 736 907 808 ψυχὴν
936 741 1046 799 τοῖς
1074 738 1202 806 περὶ
1247 736 1411 790 αὑτοῦ
1441 737 1800 805 διηγήμασιν,

225 837 291 887 ἐκ
321 833 492 903 μέσης
546 848 606 882 τε
639 831 701 881 τὸ
746 830 840 882 τοῦ
883 829 1066 896 ’Λγίου
1090 828 1261 897 ὄνομα
1288 828 1513 897 καρδίας
1539 826 1798 887 καλέσας,

224 927 369 978 ὥστε
400 924 496 991 τῆς
551 921 792 991 χαλεπῆς
821 920 1032 989 ἐκείνης
1066 920 1359 987 ἀναγωγῆς
1388 918 1673 984 ἀνεθῆναι,
1713 915 1800 968 διὰ

230 1017 396 1085 μέσου
426 1013 534 1065 τῶν
562 1012 855 1082 βαρὸἀρων
886 1011 1053 1080 ὁρμᾷ,
1099 1012 1193 1062 καὶ
1236 1009 1358 1078 μηδ’
1383 1011 1487 1060 ὑπό
1537 1025 1631 1061 του
1677 1005 1802 1058 τού-⁵

227 1123 338 1157 των
377 1103 755 1171 κατασχεθεὶς,
785 1101 1144 1164 ἁνασώξεται.
1174 1101 1350 1167 Ὅπερ
1382 1103 1408 1152 ό
1466 1098 1804 1168 στρατιώτης

231 1193 378 1257 ίδὼν,
415 1194 508 1246 καὶ
559 1192 857 1253 πιστεύσας
908 1189 1169 1243 δύνασθαι
1224 1189 1384 1241 τοῦτο
1416 1191 1509 1241 καὶ
1542 1190 1630 1240 ἐπ’
1657 1188 1806 1255 αὐτῷ

228 1284 321 1337 τὸν
353 1283 545 1346 ’Ἃγιον
584 1281 820 1351 δρᾶσαι,
859 1278 958 1348 βοᾷ.
1004 1277 1142 1347 μετὰ
1176 1275 1393 1345 θερμῶν
1428 1273 1682 1344 δακρύων
1718 1274 1808 1324 εύ-

230 1378 352 1439 θὺς,
380 1376 627 1427 Δέσποτα
660 1373 862 1440 Χριστέ
893 1374 921 1424 ὁ
945 1371 1077 1433 Θεὸς
1109 1369 1202 1422 τοῦ
1220 1368 1408 1422 δούλου
1439 1385 1533 1420 σου
1558 1364 1806 1435 Συμεὼν,

231 1467 395 1537 ῥῦσαί
432 1483 499 1534 με
550 1467 648 1534 τῆς
705 1465 906 1532 πικρᾶς
932 1462 1136 1531 ταύτης
1186 1463 1277 1514 καὶ
1316 1460 1593 1530 βαρϐάρου
1626 1458 1809 1528 χειρὸς

231 1559 326 1610 καὶ
385 1556 646 1619 δουλείας.
683 1555 865 1607 Ταῦτα
923 1552 1205 1622 καμνούσῃ
1233 1551 1380 1621 ψυχῇ
1407 1550 1807 1619 φθεγξαμένου,

234 1649 437 1719 (Κύριε
462 1649 494 1699 ό
528 1648 669 1711 Θεὸς
688 1640 807 1696 τῶν
833 1643 1264 1712 δυνάμεωτ,τίς
1282 1641 1483 1711 ὅμοιός
1512 1656 1611 1693 σοι
1634 1639 1676 1707 ;)
1711 1638 1811 1698 τὰς

237 1739 339 1810 μὲν
376 1738 595 1807 σιδηρᾶς
625 1737 836 1798 ἐκείνας
868 1735 1066 1788 αὐτίκα
1089 1734 1251 1796 πέδας
1274 1730 1420 1801 εἶχεν
1446 1734 1479 1802 ἠ
1507 1732 1604 1799 γῆ,
1648 1730 1809 1791 αὐτὸς

1912 546 2493 616 ferreiscompedibus
2523 545 3033 617 constringebatur,
3100 544 3361 598 narravit.
3422 544 3490 597 Et

1912 649 2026 693 tum
2044 637 2267 707 quidem
2299 637 2416 691 suis
2443 635 2690 704 sociique
2721 634 2985 688 :erumnis
3016 634 3489 705 illacrymabatur,

1908 729 2111 783 deinde
2144 728 2333 782 animo
2358 727 2503 782 inter
2523 726 2836 797 hujusmodi
2854 726 3201 780 narrationes
3226 735 3487 789 aestuans,

1910 836 1977 875 ex
2006 820 2204 874 intimo
2234 820 2400 875 corde
2440 834 2644 873 nomen
2697 817 2873 871 sancti
2932 817 3194 871 invocat:
3243 826 3304 870 ut
3356 817 3495 871 dura

1914 911 2003 964 illa
2051 909 2320 964 servitute
2369 909 2668 969 laxaretur,
2741 915 3035 976 precatur;
3097 921 3197 975 per
3257 905 3496 958 mediam

1914 999 2280 1052 Barbarnrum
2330 998 2547 1053 turbam
2609 997 2902 1067 pervadit;
2962 1012 3031 1051 ac
3100 994 3323 1050 nemine
3385 1012 3497 1049 uno

1916 1088 2211 1156 prohibere
2244 1095 2338 1140 aut
2363 1086 2606 1141 retinere
2655 1094 2877 1146 conato,
2920 1084 3233 1138 libertatem
3294 1100 3493 1139 consc-

1914 1178 2126 1247 quitur.
2163 1178 2298 1230 Rem
2345 1192 2542 1229 novam
2597 1175 2833 1229 intuitus
2881 1176 3059 1238 miles,
3118 1174 3489 1244 credensque,

1915 1268 2107 1321 eadem
2138 1267 2191 1320 in
2218 1282 2277 1321 se
2305 1281 2525 1336 quoque
2558 1276 2808 1318 sanctum
2845 1279 3027 1333 posse,
3055 1266 3344 1318 confestim
3384 1281 3496 1319 non

1916 1359 2033 1412 sine
2095 1359 2356 1428 lacrymis
2405 1357 2708 1412 exclamat:
2779 1355 3011 1409 Domine
3068 1356 3198 1409 Jesu
3252 1355 3494 1419 Christe,

1917 1450 2062 1503 Deus
2093 1449 2279 1501 famuli
2315 1449 2391 1501 tui
2425 1447 2740 1518 Symeonis,
2777 1447 2930 1515 eripe
2959 1462 3046 1500 me
3070 1463 3100 1500 e
3128 1447 3499 1501 Barbarorum

1920 1539 2175 1593 manibus
2236 1548 2292 1592 et
2354 1539 2713 1593 acerbissima
2768 1538 2869 1593 hac
2914 1537 3200 1591 servitute.
3251 1538 3413 1593 Hisce
3465 1555 3497 1593 e

1917 1631 2084 1684 corde
2104 1630 2304 1684 aﬂlicto
2334 1631 2579 1698 prolatis.
2602 1630 2847 1701 (Domine
2868 1630 3004 1684 Deus
3026 1632 3301 1697 virtutum,
3326 1637 3499 1703 ecquis

1916 1723 2104 1777 similis
2124 1731 2197 1776 cst
2222 1724 2298 1775 tui
2326 1722 2434 1792 “?)
2465 1723 2615 1777 illico
2643 1722 2834 1777 ferreas
2878 1724 3174 1792 compedes
3204 1724 3259 1778 in
3293 1732 3496 1779 terram

245 1806 303 1883 δὲ
376 1806 684 1897 ἀναμέσους
777 1826 889 1889 ὀξεῖ
974 1824 1054 1893 τῷ
1118 1823 1238 1876 ποδὶ
1307 1824 1433 1886 τοὺς
1499 1820 1809 1891 βαρϐάρους

1923 1814 2255 1878 ceciderunt,
2291 1808 2491 1884 et'ipse
2528 1815 2696 1869 celeri
2745 1816 2916 1884 gradu
2950 1831 3050 1885 per
3102 1817 3316 1872 medios
3360 1818 3498 1871 Bar-

231 1919 453 1989 ἐχώρει,
511 1918 645 1980 πρὸς
687 1917 786 1985 τὴν
832 1916 1041 1968 οἰκείαν
1096 1914 1433 1983 φερόμενος·
1485 1912 1543 1976 ὃς
1594 1910 1811 1973 ἀπαθὴς

235 2010 423 2061 κακῶν
456 2006 786 2070 ἐπανελθὼν,
813 2006 1018 2059 ἕκαστα
1055 2003 1242 2073 σαφῶς
1274 2003 1547 2073 ἐξηγεῖτο.

312 2183 408 2253 ξην.
447 2182 626 2252 Γέρων
660 2199 741 2243 τις
771 2180 866 2243 τὰς
898 2179 1049 2245 ὄψεις
1088 2180 1382 2241 ἁνακοπεὶς
1406 2221 1421 2243 ,
1452 2179 1685 2248 ἐκάθητο
1718 2196 1814 2230 τυ·

236 2277 369 2343 φλὸς
402 2274 709 2344 προσαιτῶν
729 2287 741 2302 ³
777 2272 1035 2342 ἐτύγχανε
1061 2272 1118 2325 δὲ
1149 2273 1256 2343 ἄρα
1285 2272 1583 2338 κατωτέρω
1621 2271 1815 2341 μικρὸν

235 2368 341 2434 τῆς
391 2368 574 2433 μονῆς,
597 2366 685 2417 ὅτε
717 2364 783 2416 δι’
813 2363 993 2431 ὀλίγου
1017 2363 1218 2433 ταύτης
1242 2360 1405 2432 ἦλθον
1435 2365 1482 2415 οἱ
1524 2362 1814 2433 βάρϐαροι,

238 2458 335 2508 καί
359 2473 441 2517 τις
466 2455 646 2507 αὐτῶν
677 2451 785 2522 (οἷα
820 2453 964 2522 φιλεῖ
998 2452 1269 2523 βάρϐαρος
1300 2452 1442 2521 χεὶρ,
1478 2451 1693 2519 ἕτοιμος
1738 2454 1817 2512 εἰς

241 2546 524 2613 ἀναίρεσιν
569 2541 729 2607 εἷναι,
764 2544 856 2594 καὶ
887 2541 1139 2609 παίγνιον
1178 2541 1275 2611 ήδύ
1311 2559 1365 2593 τι
1408 2540 1675 2594 ποιεῖσθαι
1721 2541 1819 2609 τὴν

240 2635 442 2703 ἐτέρων
470 2633 770 2703 ἀπώλειαν)
795 2632 872 2702 τῷ
914 2633 1055 2700 ξίφει
1094 2632 1187 2684 τοῦ
1245 2632 1514 2702 τραχήλου
1562 2648 1819 2701 κατενεγο

240 2726 376 2787 κὼν,
412 2726 631 2793 καιρίαν
664 2726 755 2777 τὸν
779 2724 1007 2793 γέροντα
1041 2724 1301 2794 πλήττει·
1333 2724 1425 2777 καὶ
1468 2727 1497 2777 ὁ
1537 2725 1636 2794 μὲν
1668 2725 1820 2792 ἄφω-

241 2833 333 2879 νος
381 2815 587 2880 ἔκειτο,
622 2816 767 2885 μόνῳ
800 2813 875 2883 τῷ
909 2815 1079 2884 μικρὰ
1116 2815 1302 2867 πνέειν
1345 2814 1540 2884 νεκρὸς
1574 2808 1715 2867 εἶναι
1747 2814 1821 2883 μὴ

242 2906 651 2975 πιστευόμενος.
672 2906 848 2974 Ὅπερ
870 2904 963 2958 οὖν
996 2906 1087 2957 τὸν
1116 2902 1210 2957 τοῦ
1239 2904 1377 2957 Θεοῦ
1409 2905 1717 2975 θεράποντα
1740 2904 1816 2973 τῷ

240 2998 539 3051 ἐνοικοῦντι
595 2995 864 3065 πνεύματι
928 2995 1143 3063 γνόντα,
1176 2994 1515 3048 ἐντείλασθαί
1548 3010 1690 3046 τισιν
1724 2995 1818 3046 ἁν-

242 3088 536 3156 ελομένους
567 3088 658 3140 τὸν
688 3087 917 3156 γέροντα
942 3086 1163 3155 κομίσαι
1197 3086 1333 3154 πρὸς
1359 3086 1570 3139 ἐαυτόν.
1594 3085 1700 3137 Ῥοῦ
1724 3102 1820 3137 τυ-

243 3178 379 3249 φλοῦ
408 3178 586 3231 τοίνυν
614 3177 766 3246 παρὰ
796 3176 871 3246 τῷ
907 3177 1045 3229 κίονι
1070 3178 1441 3245 κομισθέντος,
1482 3177 1584 3245 γῆν
1616 3177 1822 3237 ἐκεῖνος

244 3269 340 3320 καὶ
382 3267 525 3336 ὕδωρ
561 3266 742 3328 λαϐὼν
782 3265 1098 3335 εὐλόγησεν,
1132 3260 1250 3318 εἶτα
1273 3266 1381 3319 τῶν
1410 3264 1671 3336 μαθητῶν
1706 3266 1825 3328 ἐνὸς

241 3358 421 3410 ταῦτα
448 3360 513 3426 τῇ
548 3360 726 3427 πληγῇ
763 3356 1065 3421 ἐπιθέντος,
1103 3357 1314 3424 γίνεταί
1340 3374 1391 3409 τι
1422 3354 1699 3408 κάνταῦθα
1731 3372 1826 3425 ση-

246 3452 425 3517 μεῖον,
462 3448 756 3517 ὀφθαλμῶν
804 3448 1003 3517 μᾶλλον
1051 3447 1083 3517 ἢ
1124 3446 1275 3499 ὢτων
1316 3448 1395 3510 είς
1429 3446 1610 3499 πίστιν
1636 3446 1825 3515 δεόμε-

244 3555 369 3599 νονῖ
395 3539 454 3591 οὐ
484 3538 593 3609 γὰρ
622 3539 755 3590 ὀστᾶ
780 3539 869 3590 καὶ
886 3537 1051 3608 νεῦρα
1082 3539 1243 3607 μόνον
1266 3537 1445 3602 εὐθὺς,
1475 3537 1536 3589 τό
1554 3554 1618 3605 γε
1644 3537 1825 3608 παρά-

243 3631 419 3694 δοξον,
464 3631 702 3700 συνῆπτο
740 3630 875 3700 πρὸς
904 3629 1128 3699 ἄλληλα,
1165 3630 1300 3682 ἀλλὰ
1341 3614 1433 3682 καὶ
1465 3628 1594 3682 αὐτὸ
1626 3629 1688 3681 τδ
1717 3627 1825 3679 τῶν

244 3723 542 3793 ὀφθαλμῶν
585 3722 720 3789 φῶς,
756 3721 784 3774 ὃ
806 3721 899 3775 καὶ
917 3724 1106 3776 τούτου
1134 3720 1579 3791 παραδοξότερον,
1628 3720 1705 3790 τῷ
1735 3738 1827 3773 τυ-

249 3813 367 3883 ιρλῷ
394 3814 702 3877 ἀπεδέδοτο,
733 3812 808 3872 ὼς
840 3814 933 3866 καὶ
966 3815 1066 3883 τὴν
1096 3812 1313 3880 γείτονα
1342 3810 1571 3864 θανάτου
1609 3811 1825 3881 πληγήν

246 3905 462 3976 ἐκείνην
503 3905 639 3973 μετὰ
674 3906 847 3975 βραχὺ
896 3904 1252 3967 συνουλῶσαι,
1284 3904 1379 3957 καὶ
1411 3903 1509 3967 τὰς
1550 3904 1703 3972 ὄψεις
1736 3906 1827 3973 ἐῤ-

248 3998 479 4070 ρῶεθαι,
511 3999 638 4066 μιᾶς
670 3996 883 4065 καρπὸν
910 3996 1075 4066 εὐχῆς
1110 3995 1303 4065 διπλῆν
1340 3996 1633 4065 θεραπείαν
1668 4012 1827 4064 κομι-

249 4086 489 4154 σαμένῳ.
520 4086 694 4153 Ὅπερ
722 4084 800 4153 τῷ
830 4086 983 4154 ταχεῖ
1005 4087 1101 4151 τῆς
1127 4087 1311 4155 φήμης
1340 4085 1523 4155 πτερῷ
1548 4086 1825 4154 πανταχοῦ

248 4177 445 4248 ἀθρόον
474 4176 857 4245 διαφοιτῆσαν,
886 4176 1054 4230 πολλὰ
1079 4176 1415 4246 πανταχόθεν
1444 4177 1620 4247 πλήθη
1650 4179 1827 4230 ποικί-

249 4268 371 4330 λαις
422 4267 596 4324 νόσοις
645 4267 1023 4337 κατεχομένων
1080 4268 1230 4336 παρὰ
1288 4269 1379 4321 τὸν
1420 4269 1609 4337 Ἀγιον
1656 4270 1827 4323 ἐποίει

251 4360 493 4429 συρρεῖν,
529 4357 621 4421 οὒς
661 4361 870 4421 ἐκεῖνος
904 4361 1035 4430 εὐχῇ
1080 4360 1176 4427 καὶ
1207 4361 1486 4430 σφραγῖδι,
1519 4362 1600 4430 τῷ
1633 4378 1690 4413 τε
1727 4378 1825 4427 με-

248 4448 402 4517 γάλῳ
448 4448 541 4500 καὶ
584 4447 819 4518 ποθεινῷ
863 4448 955 4501 τοῦ
990 4449 1337 4520 Ἐμμανουήλ
1380 4450 1603 4520 ὀνόματι
1656 4450 1818 4520 θερα-
1848 4476 1900 4534 D

250 4536 452 4599 πειῒων,
485 4536 655 4613 ὑγιεῖς
686 4537 920 4590 ἀπέλυεν
947 4539 1263 4605 ἐπανήκειν.

322 4626 416 4690 ξθ⁹.
462 4627 703 4698 Ὀρῶντα
752 4627 929 4679 τοίνυν
964 4628 1053 4681 τὸν
1079 4631 1248 4682 πολὺν
1286 4629 1415 4700 περὶ
1457 4630 1620 4683 αὑτὸν
1648 4630 1825 4699 ὄχλον,

247 4718 346 4772 καὶ
399 4718 546 4780 ὅπως
602 4716 901 4786 ἡσυχάζειν
942 4719 1043 4771 οὐκ
1095 4716 1239 4787 εῖχεν
1288 4721 1412 4771 ὅσον
1458 4720 1731 4782 ἐϐούλετο,
1768 4721 1827 4772 τὸ

262 4810 321 4862 Ἀ
330 4808 641 4861 ποστολικὺν
656 4810 832 4861 ἐκεῖνο
849 4810 1037 4879 εἰσῄει,
1057 4813 1114 4863 Μ
1118 4809 1151 4874 ή
1172 4825 1295 4875 πως
1307 4810 1519 4877 ἄλλοις
1538 4812 1825 4881 κηρύξας,

245 4895 431 4958 αὐτὸς
448 4894 731 4962 ἀδόκιμος
750 4893 1305 4966 τένωμαι.Περιενόει
1321 4900 1377 4952 δέ
1399 4899 1498 4971 ήδη
1527 4901 1619 4952 καὶ
1646 4899 1827 4953 Ἠλίου

247 4987 310 5039 τὸ
339 4985 677 5054 Καρμήλιον,
700 4985 793 5036 τοῦ
821 5002 879 5036 τε
909 4986 1110 5062 Κυρίου
1138 4988 1293 5058 ἡμῶν
1324 4989 1495 5059 Ἰησοῦ
1527 4991 1623 5061 τὴν
1653 4992 1748 5044 ἐπὶ
1772 4993 1829 5044 τὸ

248 5075 360 5129 τῶν
404 5074 627 5130 Ἐλαιῶν
657 5073 780 5144 ὅρος
811 5076 994 5129 ἄνοδον
1016 5096 1031 5110 ο
1062 5077 1238 5141 ἄλλως
1268 5096 1324 5131 τε
1376 5081 1421 5131 δ’
1458 5077 1526 5151 ἦν
1566 5083 1659 5134 καὶ
1689 5082 1826 5135 Θεοῦ

329 5234 371 5263 ¹¹⁶
406 5233 543 5287 Dsal.
581 5249 835 5298 Lxxxvnt,
877 5236 930 5289 9.
1015 5237 1056 5267 “
1108 5236 1283 5291 lCor.
1316 5254 1388 5301 ix,
1418 5235 1507 5290 27.

325 5350 438 5422 (12)
460 5350 755 5425 Sch_olaris,
786 5369 865 5425 gr.
900 5353 1203 5425 σχολάριος.
1242 5353 1412 5425 Erant
1439 5363 1614 5407 autem
1644 5354 1816 5425 Scho-

251 5419 415 5479 lares.
455 5422 695 5492 perfecto:
726 5419 1150 5492 probatteque'in
1175 5422 1310 5477 bello
1344 5425 1549 5477 virtutis
1601 5424 1815 5489 milites,

250 5491 479 5564 promoti
504 5490 572 5542 ad
600 5490 842 5564 altiorem
859 5490 1189 5562 dignitatem,
1222 5502 1279 5547 ut
1314 5511 1496 5564 nempe
1533 5495 1601 5547 ad
1642 5504 1819 5549 custo-

249 5562 399 5615 diam
426 5562 761 5633 imperatoris
788 5569 943 5633 noctu
976 5564 1167 5633 diuque
1193 5564 1249 5617 in
1296 5562 1818 5633 aula'uersarentur,

251 5641 301 5685 et
330 5630 673 5702 prodeuntem
698 5633 754 5683 in
773 5630 1034 5700 publicum
1074 5630 1482 5702 magniﬁcentia!"
1514 5642 1561 5685 et
1601 5644 1821 5688 ornatus

248 5718 417 5755 causa
445 5701 860 5754 comitarentur:
884 5714 1062 5772 postea
1094 5701 1270 5756 tamen
1290 5703 1385 5757 illa
1437 5704 1667 5775 dignitas
1717 5721 1822 5758 non

534 5795 800 5854 ΡΑτιιοι..
839 5796 953 5858 Gn.
999 5800 1336 5859 LXXXVI.

1918 1905 2084 1957 baros
2112 1903 2353 1957 evadens
2381 1904 2434 1956 in
2460 1905 2691 1972 patriam
2719 1904 2935 1959 delatus
2960 1915 3082 1972 est;
3110 1922 3173 1962 ac
3200 1918 3498 1978 postquam

1914 1994 2176 2049 rediissct
2252 1984 2412 2048 malis
2474 2003 2639 2065 atque
2719 1997 2983 2050 aerumnis
3037 1997 3215 2063 liber,
3282 1999 3502 2070 singula

1912 2087 2122 2141 diserte
2155 2087 2457 2142 enarravit.

1992 2178 2081 2232 68.
2123 2180 2303 2233 Senex
2336 2179 2559 2249 quidam
2590 2190 2711 2235 erat
2740 2183 2918 2236 oculis
2954 2192 3171 2251 captus,
3230 2185 3322 2253 qui
3352 2186 3507 2255 juxta

1925 2270 2063 2323 viam
2092 2270 2294 2323 sedens
2327 2270 2671 2325 mendicabat
2699 2272 2935 2342 stipem:
2972 2283 3094 2327 erat
3126 2284 3311 2330 autem
3344 2278 3511 2346 paulo

1923 2363 2062 2416 inl‘ra
2093 2364 2489 2417 monasterium
2523 2364 2656 2434 (l3),
2693 2365 2915 2434 quando
2939 2381 3005 2420 ex
3035 2366 3335 2435 improviso
3380 2369 3512 2424 illuc

1926 2457 2194 2503 venerunt
2220 2449 2442 2505 Barbari
2475 2470 2486 2503 :
2513 2466 2751 2520 quorum
2773 2468 2915 2505 unus
2949 2456 3133 2521 (utcst.
3156 2456 3427 2510 turbailla
3453 2473 3509 2511 In

1921 2539 2125 2594 eadem
2152 2549 2434 2609 prompta,
2462 2551 2517 2595 et
2550 2543 2784 2596 aliorum
2824 2544 3107 2598 interitum
3139 2554 3355 2615 gratum
3401 2548 3511 2602 sibi

1924 2630 2103 2684 lusum
2131 2630 2393 2700 reputat),
2421 2645 2552 2685 ense
2578 2631 2631 2682 in
2658 2632 2912 2701 jugulum
2944 2633 3211 2694 demisso,
3247 2637 3511 2692 lethalem

1924 2719 2043 2773 seni
2067 2720 2277 2789 plagam
2302 2720 2528 2790 inﬂigit:
2556 2719 2651 2790 qui
2682 2722 2753 2777 ita
2779 2724 2999 2778 saucius
3013 2725 3233 2795 jacebat
3251 2727 3510 2806 elinguis,

1923 2809 2123 2879 exiguo
2148 2817 2357 2863 tantum
2376 2810 2572 2880 spiritu
2593 2812 2685 2880 qui
2716 2824 3004 2882 supererat
3026 2816 3355 2884 prohibente
3370 2834 3511 2887 quoa

1926 2900 2108 2954 minus
2130 2901 2335 2956 obiisse
2366 2902 2706 2956 crederetur.
2740 2904 2910 2969 Quam
2932 2922 3045 2959 rem
3075 2909 3294 2962 interno
3313 2910 3514 2979 spiritu

1926 3005 2265 3060 cognoscens
2322 2991 2749 3057 famulus‘Dei,
2808 2996 3142 3062 quibusdam
3206 3002 3511 3069 prrecepit,

1928 3080 2205 3135 sublatum
2242 3095 2429 3135 senem
2470 3082 2534 3135 ad
2572 3098 2630 3135 se
2665 3093 2723 3136 ut
2767 3084 3161 3154 deportarent:
3198 3106 3311 3159 quo
3344 3091 3513 3158 facta,

1926 3182 2204 3241 acceptam
2241 3182 2441 3227 terram
2477 3183 2643 3243 atque
2672 3191 2869 3245 aquam
2904 3177 3213 3241 benedixit,
3251 3191 3309 3237 et
3341 3182 3512 3237 disci-

1927 3263 2182 3332 pulorum
2230 3263 2429 3332 aliquis
2482 3265 2699 3318 vulneri
2759 3267 3077 3335 applicavit.
3137 3271 3274 3325 Ecce
3325 3281 3514 3327 autem

1928 3354 2278 3417 miraculum,
2314 3370 2425 3421 non
2447 3364 2562 3409 tam
2614 3371 2776 3411 aures
2809 3373 2974 3427 quam
3007 3362 3201 3415 oculos
3234 3362 3301 3416 ad
3347 3362 3513 3419 ﬁdem

1926 3444 2232 3499 faciendam
2284 3446 2612 3516 requirens:
2652 3463 2828 3517 neque
2865 3450 3014 3505 enim
3045 3466 3173 3505 ossa
3227 3454 3405 3508 solum
3458 3472 3514 3509 ει

1926 3535 2105 3597 nervi,
2124 3535 2270 3604 quod
2296 3536 2473 3605 ipsum
2498 3538 2632 3590 satis
2653 3536 2927 3603 mirabile,
2955 3540 3139 3593 statim
3165 3541 3515 3597 cohaeserunt

1928 3624 2072 3678 inter
2118 3640 2207 3685 sc;
2242 3625 2338 3679 sed
2372 3627 2541 3681 etiam
2573 3628 2865 3681 oculorum
2901 3629 3111 3696 lumen,
3155 3632 3304 3700 quod
3352 3634 3514 3703 longe

1929 3720 2257 3785 mirabilius,
2291 3736 2436 3775 caeco
2471 3721 2787 3776 restitutum
2840 3732 2923 3777 est
2966 3741 2979 3776 :
3015 3733 3182 3793 atque
3222 3726 3296 3780 ita
3349 3729 3515 3781 unius

1927 3810 2197 3864 orationis
2222 3810 2461 3865 fructum
2492 3812 2769 3879 geminam
2804 3814 3149 3869 curationem
3198 3818 3408 3883 retulit,
3435 3821 3515 3872 al-

1929 3911 2101 3954 teram
2136 3902 2406 3970 persanati
2438 3904 2651 3957 tantillo
2685 3913 2931 3972 tempore
2970 3906 3210 3962 lethiferi
3246 3911 3512 3971 vulneris,

1928 3993 2153 4047 alteram
2184 4009 2317 4047 usus
2333 3994 2617 4049 oculorum
2639 3998 2866 4065 recepti.
2903 3999 3010 4052 Res
3034 4010 3206 4063 tanta,
3226 4002 3515 4057 velocibus

1929 4082 2087 4137 fama:
2116 4084 2218 4137 alis
2244 4084 2473 4153 perlata,
2522 4085 2730 4155 ubique
2765 4095 3037 4143 terrarum
3066 4092 3251 4145 statim
3285 4108 3513 4161 percre-

1928 4174 2210 4239 brescens,
2230 4176 2476 4245 undique
2502 4176 2734 4233 diversis
2760 4179 3176 4236 infirmitatibus
3196 4184 3517 4240 laborantes

1928 4280 2090 4333 quam
2121 4266 2390 4332 plurimos
2438 4267 2717 4323 conﬂuere
2752 4269 2819 4322 ad
2858 4282 3110 4325 sanctum
3162 4273 3329 4340 fecit;
3374 4292 3510 4346 quos

1930 4356 2067 4423 ipse,
2098 4356 2356 4424 precibus
2382 4359 2640 4414 etcrucis
2671 4360 2849 4430 signo,
2888 4362 2942 4415 in
2966 4364 3185 4419 excelso
3208 4376 3264 4420 et
3294 4367 3515 4423 deside-

1930 4449 2085 4503 rabili
2119 4449 2493 4504 Emmanuelis
2519 4452 2739 4505 nomine
2775 4461 3016 4520 sanatos,
3051 4456 3265 4513 dimisit
3287 4459 3514 4515 domum

1928 4554 2203 4608 quemque
2246 4554 2421 4593 suam.

1996 4629 2084 4683 69.
2108 4628 2478 4698 Conspicienti
2505 4646 2672 4701 porro
2696 4632 3198 4703 frequentissimam
3220 4640 3431 4695 circum
3456 4658 3516 4697 se

1933 4718 2171 4783 turbam,
2218 4728 2273 4772 ct
2305 4720 2570 4789 cogitanti
2601 4723 2749 4791 quod
2799 4734 3004 4779 tantam
3036 4742 3236 4796 capere
3268 4730 3509 4798 quietem

1930 4824 2039 4862 non
2072 4816 2259 4878 posset
2286 4819 2545 4879 quantam
2576 4813 2762 4876 vellet,
2792 4814 2930 4868 illud
2979 4817 3229 4884 Apostoli
3270 4820 3327 4873 in
3362 4835 3509 4875 men-

1934 4908 2043 4954 tem
2076 4900 2227 4953 vcnit
2260 4920 2273 4953 :
2303 4900 2379 4954 Ne
2406 4902 2540 4970 forte
2573 4920 2690 4959 cum
2731 4904 2853 4960 aliis
2885 4909 3245 4976 pradicavero
3286 4911 3397 4981 ipse
3429 4929 3513 4963 re-

1933 4989 2121 5069 probus
2152 4991 2346 5058 afﬁcior
2379 4993 2442 5044 ¹⁸.
2478 4991 2661 5058 Quare
2700 4996 2954 5050 volvebat
2982 4998 3167 5052 animo
3210 4999 3513 5056 identidem

1931 5094 1987 5136 et
2015 5085 2325 5138 Carmelum
2371 5086 2519 5149 Elim,
2572 5097 2629 5141 et
2663 5099 2905 5164 montem
2954 5090 3259 5159 Olivarum,
3307 5092 3513 5151 Christi

1923 5360 2341 5439 generosioribns
2379 5361 2575 5439 collata
2618 5365 2854 5439 fuit,_s_e_d
2880 5367 3271 5437 familiaribus;
3294 5369 3512 5425 tandem

1924 5429 2087 5506 etiam
2116 5429 2316 5506 venalis
2353 5429 2625 5506 preposita
2651 5435 2818 5506 (ίεεὶάὶ
2846 5429 3064 5506 cuique,
3118 5429 3262 5492 teste
3280 5440 3513 5506 Agatltia

1928 5496 2016 5551 lib.
2049 5496 2478 5570 v_.__l'_'i_deAplura
2530 5504 2591 5555 de
2641 5505 2720 5558 his
2745 5505 2774 5558 7
2835 5496 2987 5560 Febr.
3025 5496 3094 5561 ad
3139 5510 3269 5563 Acta
3299 5496 3518 5563 sancto-

1925 5583 2045 5644 ηυνξ
2057 5566 2215 5644 _HI_I_I
2245 5566 2472 5644 Militem
2492 5572 2811 5644 Martyrum.

1934 5704 1946 5716 .
1998 5636 2444 5716 (Αῷιννᾳφιειίιὶε
2465 5636 2747 5701 concursus
2803 5647 2872 5699 ad
2917 5656 3162 5701 sumtum
3213 5647 3332 5712 ﬁeri
3370 5648 3512 5702 soliti

1927 5706 2181 5761 indicium
2212 5706 2306 5763 hoc
2336 5719 2431 5765 est.

3115 5813 3193 5871 98
