4078 6332
195 417 346 479 3057

1212 421 1383 481 “TA
1426 433 1470 479 Α
1510 418 1943 478 NICEPHORO
1981 418 2442 479 CONSCRIPTA

3309 416 3449 479 30333

202 535 308 607 μιν
334 532 594 587 ἐπύθοντο
623 534 774 604 περὶ,
798 535 1121 606 Ἐφραιμίου
1154 535 1227 597 ὡς
1263 530 1517 602 ὀγιαίνοι.
1538 536 1691 589 Μετὰ
1719 535 1776 588 δὲ

1894 532 2235 587 illucescente
2276 533 2383 602 jam
2433 532 2664 597 Veneris
2704 531 2813 595 die,
2871 531 3195 585 convocavit
3263 532 3448 586 denuo

193 622 377 677 ταῦτα
408 626 639 687 καλέσας
664 626 819 687 αὖθις
860 628 888 678 ὀ
915 625 1006 678 τοῦ
1050 625 1184 677 Θεοῦ
1214 624 1394 687 δοῦλος
1429 626 1625 688 αὐτούς
1649 642 1662 655 ·
1698 626 1779 680 δι-

198 719 520 784 αυγάζουσα
571 719 628 772 δὲ
677 714 745 789 ἦν
811 718 909 788 ἤδη
980 718 1326 790 Παρασκευή·
1386 714 1446 770 Ὀ
1491 718 1778 786 ἀρχιερεὺς

195 808 319 881 τοῦ.
347 809 480 861 Θεοῦ
506 811 643 862 κατὰ
676 809 773 880 τὴν
812 809 1002 875 νύκτα,
1025 810 1177 878 φησὶ,
1222 810 1358 877 πρὸς
1390 807 1553 861 αὑτὸν
1582 808 1781 877 ἑξεδή-

203 915 353 968 μησε
382 914 395 927 ·
428 900 691 965 τεθέαμαι
740 899 849 969 γὰρ
886 899 1050 952 αὐτοῦ
1092 900 1189 970 τὴν
1231 898 1407 967 ψυχὴν
1448 899 1550 951 ὑπὸ
1587 899 1780 968 πλήθει

198 988 697 1058 λευχειμονούντων
726 992 852 1060 τῇδε
878 989 1319 1061 παραϐαλοῦσανο
1360 990 1391 1054 ἡ
1413 990 1471 1041 δὲ
1501 991 1781 1059 ἠσπάσατό

206 1097 301 1148 με,
326 1079 420 1130 καὶ
451 1080 672 1149 μνήμην
696 1079 868 1148 αὐτῆς
891 1080 1157 1133 ποιεῖσθαι
1189 1080 1325 1150 πρὸς
1353 1080 1485 1132 Θεὸν
1516 1080 1783 1132 ἐνετείλα-

201 1185 289 1230 το,
318 1168 397 1221 ἔτι
423 1169 515 1221 καὶ
540 1160 771 1238 σχέσεως
804 1171 969 1224 αὑτοῦ
996 1172 1128 1240 πρίς
1160 1188 1219 1223 τε
1248 1170 1409 1222 αὑτὸν
1433 1171 1530 1239 ἐμὲ
1557 1170 1652 1222 καὶ
1686 1170 1783 1237 τὴν

208 1259 429 1327 μητέρα
451 1260 547 1331 τὴν
572 1261 711 1337 ἐμὴν
738 1262 1117 1330 ἀναμνήσασα.
1143 1259 1327 1312 Ταῦτα
1355 1260 1382 1311 ὀ
1416 1260 1511 1326 μὲν
1541 1259 1666 1329 περὶ
1688 1258 1782 1311 τιῦ

208 1349 527 1418 ἀρχιερέως
584 1353 693 1412 τοῖς
722 1351 968 1418 ἀδελφοῖς
1000 1352 1320 1421 προειρήκει
1342 1366 1357 1380 ο
1390 1351 1439 1400 οἱ
1466 1349 1521 1401 δὲ
1544 1350 1633 1401 τὸν
1660 1366 1784 1402 και-

208 1437 310 1505 ρόν
358 1439 847 1509 ὶπισημηνάμενοι,
884 1434 1041 1509 εὗρον
1077 1440 1175 1509 τῆς
1212 1438 1399 1491 νυκτόε
1442 1438 1654 1509 ἐκείνης
1696 1438 1785 1490 τὸν

207 1526 360 1579 θεῖον
406 1528 725 1599 Ἐφραξμιον
757 1531 944 1598 ὲκδεδη
954 1532 1186 1601 μηκότα.

284 1626 389 1682 ος’.
421 1620 632 1672 Πολλῶν
670 1624 748 1687 δὲ,
783 1620 869 1675 οἷα
902 1623 1067 1688 εἰκὸς,
1119 1622 1217 1691 τῆς
1251 1619 1518 1690 καθέδρας
1568 1618 1790 1687 ἑφιεμέυ

209 1724 344 1769 νων,
364 1708 458 1761 καὶ
478 1709 681 1787 ταύτην
706 1712 916 1774 ἑαυτοῖς
939 1708 1374 1773 σπουδαζόντων.
1403 1709 1600 1782 συνέϐη
1621 1710 1810 1781 Δομνῐ-

212 1798 307 1849 νόν
358 1816 499 1865 τινα,
532 1800 632 1869 τῆς
687 1802 917 1871 Θρᾳκῶν
945 1800 1298 1871 ὡρμημένον,
1322 1797 1590 1868 πτωχείου
1644 1797 1786 1850 κατὰ

212 1881 453 1957 Δυχνίδα
505 1892 659 1944 πόλιν
714 1895 1065 1963 προεστῶτα,
1107 1898 1173 1965 τῇ
1228 1894 1457 1964 βασιλίδι
1488 1891 1788 1963 τηνικαῦτα

212 1983 361 2034 κατά
394 1999 512 2034 τινα
542 1984 727 2053 χρείαν
746 1986 1083 2056 ἐπιδημῆσαι
1118 2003 1133 2016 ’
1172 1986 1230 2049 ὃς
1263 1986 1412 2057 νόμῳ
1446 1985 1628 2052 φιλίας
1671 1985 1788 2038 τισὶ

213 2070 327 2123 τῶν
361 2074 418 2125 ἐν
457 2076 567 2137 τοῖς
600 2073 888 2141 βασιλείοις
921 2075 1287 2145 ᾠκειωμένος,
1314 2074 1390 2146 τῷ
1419 2074 1629 2145 βασιλεῖ
1658 2075 1788 2143 παρ’

214 2162 401 2213 αὐτῶν
430 2163 835 2233 (Ἰουστινιανός
862 2166 918 2219 δὲ
964 2163 1033 2235 ἦν
1072 2162 1249 2235 οὗτος)
1280 2169 1587 2235 είσάγεται.
1642 2166 1700 2218 '0
1722 2165 1779 2218 δὲ

218 2251 520 2320 κανονικῆς
548 2252 857 2321 ἀκριϐείας,
887 2253 1261 2307 ἀποστολικῶν
1288 2269 1348 2305 τε
1398 2253 1789 2322 παραγγελμά-

214 2357 329 2392 των
357 2341 512 2408 ὀλίγα
552 2344 863 2413 φροντίσας,
893 2347 958 2413 τῇ
992 2342 1185 2413 πρώτῃ
1212 2342 1306 2396 τοῦ
1346 2342 1536 2413 ἀνδρὸς
1571 2342 1669 2413 θέᾳ
1697 2345 1791 2396 καὶ

215 2429 321 2495 τὴν
350 2427 1063 2499 ψῆφονσυνάπτειδιδοὺότῆς
1100 2430 1375 2500 Ἀντιόχου
1427 2430 1787 2500 πατριάρχης,

218 2515 395 2567 εἰπών
426 2532 440 2548 ο
476 2519 571 2570 καὶ
617 2516 707 2568 τὸν
739 2516 929 2586 θρόνον
960 2518 1160 2581 εὐθέως
1189 2520 1487 2590 ὀΔομνῖνος
1508 2521 1785 2589 καταλαμ-

217 2606 398 2683 ϐάνει.
432 2606 654 2677 Παριὼν
681 2608 737 2661 δὲ
792 2609 879 2661 διὰ
934 2609 1042 2662 τῶν
1075 2610 1416 2683 πρραστείων
1443 2610 1544 2679 τῆς
1584 2611 1789 2673 Ἀντιό-

218 2713 342 2765 χου,
366 2699 461 2750 καὶ
498 2700 627 2760 τοὺς
663 2700 721 2751 ὲν
768 2698 848 2768 τῷ
885 2700 999 2770 ναῷ
1045 2698 1140 2752 τοῦ
1176 2700 1386 2752 δικαίου
1424 2699 1565 2763 Ἰὼϐ,
1597 2700 1656 2763 ὃς
1687 2701 1792 2770 πρὸ

216 2787 323 2855 τῆς
356 2785 561 2848 πόλεως
602 2786 804 2856 ἵδρυτο,
837 2786 1250 2856 λελωϐημένους
1282 2787 1426 2854 ἰδὼν,
1458 2789 1551 2841 καὶ
1604 2789 1793 2853 δεινῶς

222 2876 423 2939 αὐτοὺς
453 2876 863 2946 βδελυξάμενος,
891 2877 1000 2930 δεῖν
1034 2878 1175 2945 ἔγνω
1206 2878 1429 2942 τούτους
1461 2880 1669 2933 ἐκεῖθεν
1700 2882 1792 2933 ἀλα

223 2959 391 3029 λαχοῦ
447 2963 805 3033 μεταστῆσαι,
841 2964 928 3015 ἵνα
962 2964 1035 3034 μὴ
1064 2965 1169 3034 πρὸ
1208 2965 1301 3018 τοῦ
1334 2966 1432 3035 τῆς
1463 2968 1668 3032 πόλεως
1701 2969 1794 3021 κό-

227 3068 369 3119 σμου
404 3054 567 3122 φησὶν
631 3055 763 3119 ἄγος
811 3050 940 3108 εἷεν.
970 3042 1147 3125 Ὅπερ
1176 3058 1375 3120 αὐτοὺς
1414 3059 1791 3127 αἰσθομένους,

1881 626 2098 687 fratres,
2131 624 2378 693 dixitque
2401 642 2413 676 :
2439 623 2691 677 Pontifex
2712 622 2806 676 Dei
2837 621 2939 675 hac
2964 632 3123 676 nocte
3149 637 3179 675 e
3213 622 3320 675 vita
3345 624 3451 677 mi-

1881 716 2096 785 gravit:
2141 716 2252 768 vidi
2284 730 2519 783 namque
2550 714 2791 767 animam
2815 714 2989 777 illius,
3050 713 3209 767 turba
3255 728 3450 781 magna

1882 806 2131 861 candidis
2200 807 2397 860 vestita
2443 807 2779 871 comitante,
2824 805 2928 859 hac
2992 803 3448 866 transvolantem,

1881 897 2321 966 salutantemque
2352 904 2473 959 me,’
2516 906 2571 950 et
2603 895 2923 951 memoriam
2970 894 3053 949 sui
3089 894 3234 964 apud
3282 895 3451 949 Deum

1884 996 1956 1056 ιιιΔ
1991 986 2248 1049 facerem,
2295 986 2703 1056 prazcipientem
2746 1004 2759 1040 :
2810 993 3447 1053 commem'oranlemque

1883 1050 2121 1146 qu‘aliter
2144 1092 2273 1147 erga
2298 1091 2384 1130 me
2426 1092 2490 1131 ac
2516 1085 2743 1130 matrem
2789 1091 2965 1130 meam
2990 1062 3158 1134 fuerit
3200 1076 3451 1130 affectus.

1884 1166 2048 1221 Hisce
2084 1166 2151 1221 de
2185 1165 2442 1236 pontifice
2469 1166 2732 1220 fratribus
2767 1182 2796 1219 a
2831 1165 3099 1237 Symeune
3149 1165 3452 1236 praedictis,

1852 1244 2150 1313 'notarunt
2203 1258 2280 1311 illi
2320 1266 2564 1327 tempus,
2622 1268 3121 1328 compereruntque
3176 1258 3280 1312 hac
3339 1259 3457 1327 ipsa

1885 1358 2047 1404 nocte
2080 1350 2329 1405 sanetum
2362 1348 2729 1413 Ephrzemium
2772 1347 3094 1403 decessisse.

1956 1603 2043 1656 76.
2086 1602 2376 1665 Pluribus,
2410 1611 2467 1656 ut
2499 1601 2577 1666 fit,
2618 1601 2934 1656 cathedram
2975 1599 3123 1654 illam
3154 1602 3460 1668 appetenti-

1888 1685 2012 1749 bus,
2041 1688 2257 1757 sibique
2290 1702 2609 1757 comparare
2628 1686 3023 1755 satagentibus,
3048 1682 3254 1738 factum
3280 1696 3365 1739 est
3400 1695 3460 1739 ut

1888 1778 1974 1832 vir
2031 1778 2275 1847 quidam,
2314 1777 2620 1834 Domninus
2649 1777 2775 1847 (19)-
2798 1779 3043 1840 nomine,
3093 1792 3161 1832 ex
3223 1778 3458 1832 Thracia

1891 1867 2176 1932 oriundus,
2208 1866 2503 1937 praefectus
2532 1866 2747 1922 cuidam
2802 1869 2957 1937 juxta
3011 1866 3295 1939 Lyehnida
3344 1868 3458 1938 (‘20)

1890 1956 2166 2011 civitatem
2191 1955 2642 2026 ptochotrophio,
2664 1957 3009 2025 negotiorum
3039 1973 3202 2012 causa
3221 1959 3460 2027 impera-

1892 2046 2083 2100 tricem
2116 2061 2215 2115 per
2261 2046 2399 2100 illud
2430 2055 2647 2117 tempus
2671 2048 2994 2112 conveniret
3037 2064 3050 2100 :
3084 2047 3178 2115 qui
3205 2046 3463 2100 amicitia:

1886 2134 2010 2205 jure
2043 2134 2376 2204 quibusdam
2410 2135 2605 2191 aulicis
2639 2135 2962 2191 familiarior
2996 2134 3197 2199 factus,
3236 2134 3306 2189 ab
3355 2132 3465 2190 illis

1892 2226 1960 2281 ad
2003 2228 2393 2297 imperatorem
2440 2228 2581 2298 (erat
2628 2227 2676 2282 is
2732 2226 3101 2291 Justinianus)
3144 2225 3463 2280 adducitur.

1891 2318 2214 2388 Imperator,
2247 2327 2308 2372 ut
2333 2328 2453 2373 erat
2484 2318 2754 2387 regularis
2784 2316 3090 2387 disciplinae
3132 2327 3297 2387 atque
3334 2332 3468 2387 apo-

1892 2408 2208 2462 stolicarum
2234 2406 2691 2462 constitutionum
2720 2422 2915 2476 parum
2949 2406 3254 2472 studiosus,
3291 2407 3470 2477 primo

1895 2514 2020 2552 mox
2043 2513 2337 2568 congressu
2364 2499 2543 2553 virum
2597 2496 2858 2568 suffragio
2902 2513 3006 2552 suo
3047 2498 3204 2569 eligit
3237 2516 3250 2553 :
3292 2499 3457 2561 Ecce,

1896 2589 2172 2659 inquiens,
2190 2589 2297 2650 .hic
2340 2598 2427 2643 est
2463 2588 2771 2644 Antiochia:
2805 2590 3139 2660 patriarcha.
3171 2586 3475 2644 EtDomni-

1895 2695 2002 2735 nus
2033 2682 2221 2735 statim
2246 2680 2315 2734 ad
2343 2681 2537 2735 sedem
2571 2682 2722 2736 illam
2771 2697 2830 2737 se
2877 2681 3117 2737 confert.
3173 2680 3473 2735 Transicns

1895 2771 2079 2841 itaque
2140 2788 2239 2842 per
2283 2773 2549 2828 suburbia
2602 2775 2993 2838 Antiochena,
3054 2773 3356 2844 vidensque
3416 2774 3471 2826 in

1897 2864 2103 2933 templo
2134 2865 2270 2935 quti
2300 2864 2424 2929 Job,
2457 2866 2606 2935 quod
2649 2865 2772 2920 urbi
2806 2866 3051 2920 vicinum
3096 2873 3203 2929 est,
3254 2863 3474 2918 saucios

1898 2956 2239 3025 mutilosque
2272 2957 2526 3011 homines
2553 2996 2569 3022 ,
2613 2971 2755 3027 quos
2789 2957 3151 3011 vehementer
3212 2970 3471 3010 exsecra-

1896 3046 2084 3112 batur,
2101 3048 2229 3102 inde
2243 3049 2460 3101 censuit
2482 3048 2590 3101 alio
2614 3048 3055 3102 transferendos:
3073 3048 3172 3112 Ne,
3196 3046 3474 3117 inquiens,

229 3143 327 3195 καὶ
358 3142 492 3212 πρὸς
575 3142 666 3196 τὸν
694 3145 905 3211 Ἀγιον,
936 3146 1011 3208 ὡς
1072 3146 1300 3209 ἕκαστος
1344 3144 1456 3216 εἶχε
1479 3148 1608 3200 δυνά
1623 3167 1789 3218 μεως,

1899 3155 2003 3208 pro
2030 3140 2186 3192 urbis
2206 3140 2439 3208 hujusce
2475 3152 2700 3204 ornatu,
2722 3140 2965 3193 dedecus
3003 3139 3083 3193 illi
3138 3142 3270 3196 sint.
3316 3140 3475 3206 Quod

220 3230 563 3298 ἀνελθόντας,
597 3234 724 3295 τοὺς
775 3236 872 3304 μὲν
923 3235 1053 3288 ποσὶ
1106 3237 1198 3288 καὶ
1241 3236 1533 3311 βακτηρίᾳ,
1590 3240 1715 3303 τοὺς
1743 3241 1800 3293 δὲ

228 3318 427 3388 φόρτον
479 3322 598 3374 ἐκεῖ
654 3322 1051 3391 κομισθέντας,
1082 3324 1182 3395 τὴν
1216 3324 1275 3378 δὲ
1325 3325 1418 3379 τοῦ
1479 3329 1538 3381 ὲν
1597 3328 1801 3396 ’Δγίοις

239 3409 563 3480 Ἐφραιμίου
614 3412 976 3480 συμπάθειαν,
1016 3419 1111 3467 καὶ
1133 3417 1234 3468 ὅσα
1277 3418 1395 3486 μετ’
1423 3418 1603 3472 αὐτῶν
1648 3418 1798 3489 ἕδρα,

227 3498 349 3563 οἵας
398 3502 605 3556 τετοῦ
642 3502 738 3555 νῦν
766 3505 1065 3575 ἀρχιερέως
1113 3506 1213 3575 τῆς
1260 3508 1635 3577 ἀσπλαγχνίας
1700 3529 1801 3565 πε-

226 3590 538 3660 πείρανται,
569 3592 663 3645 καὶ
718 3593 865 3656 ὅπως
917 3594 1039 3647 οὐδὲ.
1081 3596 1188 3666 πρὸ
1246 3596 1347 3666 τῆς
1402 3597 1609 3663 πόλεως
1651 3600 1803 3672 αὐτῷ

226 3680 451 3746 τούτους
495 3684 625 3755 ὁρᾷν
676 3683 923 3751 ἀνεκτὸν,
976 3685 1196 3757 θρήνοις
1244 3686 1362 3757 ἅμα
1394 3689 1488 3741 καὶ
1544 3690 1801 3761 ὀδυρμοῖς

228 3774 581 3842 ἀπαγγεῖλαι.
616 3774 718 3828 Τὸν
756 3776 814 3829 δὲ
872 3775 1039 3830 πολὺν
1089 3776 1270 3832 αὐτῶν
1320 3776 1499 3833 οἶκτον
1545 3780 1800 3836 λαϐόνεαο

230 3864 542 3930 Παύσασθε,
569 3867 810 3935 ἀδελφοὶ,
829 3867 993 3936 φάναι
1014 3884 1029 3901 ο
1044 3869 1219 3933 οὐδεὶς
1237 3871 1382 3941 ὑμᾶς
1404 3872 1612 3926 ἐκεῖθεν
1635 3891 1803 3945 μετα·

232 3959 427 4029 στῆσαι
474 3960 785 4031 δυνήσεται.
860 3960 1005 4015 Ἀλλ’
1041 3964 1074 4034 ἡ
1113 3964 1333 4017 παιδεία
1384 3966 1592 4035 Κυρίου
1659 3967 1801 4039 αὐτὴ

232 4050 520 4119 συναλγεῖν
548 4052 711 4106 αὐτὸν
739 4053 940 4118 διδάξει
965 4056 1081 4119 τοῖς
1124 4056 1445 4125 πάσχουσιν,
1468 4056 1803 4131 ὥστεπειρᾳ

233 4146 446 4216 μαθεῖν,
479 4145 508 4198 δ
531 4144 885 4214 γεωργοῦσαν
912 4146 1013 4204 οὐκ
1036 4148 1192 4217 ἔσχεν
1224 4148 1439 4202 οἴκοθεν
1474 4148 1574 4220 τὴν
1605 4136 1800 4221 προαί-

230 4255 404 4309 ρεσιν.
425 4238 609 4292 Ταῦτα
635 4231 781 4307 εἶπε,
801 4239 897 4292 καὶ
952 4238 1068 4309 μετ’
1094 4240 1277 4308 ὀλίγον
1306 4240 1447 4294 οὕτω
1479 4242 1660 4313 χεῖρες
1706 4243 1802 4296 καὶ

228 4329 389 4392 πόδες
434 4329 511 4399 τῷ
536 4331 788 4401 ἀρχιερεῖ
835 4331 1216 4401 κάμπτονται,
1250 4332 1329 4396 ὡς
1375 4333 1509 4404 μηδὲ
1536 4333 1800 4387 δύνασθαί

227 4436 282 4472 τι
329 4422 525 4490 δρᾶσαι
584 4421 650 4473 δι’
680 4421 858 4477 αὐτῶν
894 4422 955 4474 τὸ
997 4423 1282 4493 παράπαν,
1322 4424 1437 4478 ἀλλ’
1462 4424 1551 4480 οἷά
1566 4443 1688 4481 τινα
1719 4444 1800 4481 νε-

231 4510 360 4579 κρόν
390 4510 633 4583 ἔμψυχον
668 4510 1167 4582 διαὸασταζόμενον
1182 4515 1465 4589 φέρεσθαι.

298 4775 398 4837 σις’.
440 4773 618 4841 ’Δνδρί
662 4790 769 4825 τινι
815 4774 957 4827 κατά
1001 4774 1101 4844 τὴν
1137 4774 1366 4843 Περσῶν
1390 4777 1800 4847 πρόςνχαλεπὺν

230 4860 512 4915 παλαίοντι
562 4860 814 4932 δαίμονα,
864 4861 1187 4931 ἀπαλλαγήν
1216 4879 1274 4915 τε
1306 4862 1494 4916 τούτου
1523 4865 1799 4935 μηδεμίαν

232 4954 561 5023 εὑρίσκοντι,
599 4955 863 5021 Ἀγγελος
889 4953 1024 5008 Θεοῦ
1053 4956 1359 5025 παραστὰς,
1396 4958 1607 5025 Ἀπιθι,
1640 4963 1796 5030 φησὶ,

234 5045 389 5117 παρὰ
422 5048 511 5099 τὸν
540 5045 724 5099 δοῦλον
768 5046 864 5099 τοῦ
909 5046 1045 5100 Θεοῦ
1075 5048 1336 5118 Συμεών·
1379 5051 1522 5104 οίκεῖ
1569 5053 1626 5106 δὲ
1670 5057 1813 5109 κατά

236 5140 510 5210 μετέωρον
531 5141 655 5210 ὅρος
677 5141 741 5192 ὲκ
763 5139 996 5208 πλαγίου
1018 5141 1118 5211 τῆς
1134 5141 1431 5213 Ἀντιόχου,
1451 5144 1728 5217 θαλάσσης
1749 5151 1810 5201 οὐ

231 5230 316 5284 διὰ
341 5230 552 5300 μακροῦ
576 5230 829 5299 κείμενον
851 5245 867 5262 ’
893 5230 959 5282 δι’
1005 5232 1170 5284 αὐτοῦ
1202 5234 1492 5303 τοιγαροῦν
1514 5236 1667 5308 παρὰ
1693 5240 1811 5292 Κυ-

237 5324 349 5393 ρίου
370 5321 513 5385 ίασις
533 5322 683 5375 ἔσται
708 5339 811 5375 σοι.
830 5324 939 5375 Καὶ
957 5322 1014 5385 ὃς
1031 5324 1129 5390 τὴν
1154 5324 1363 5393 μεταξὺ
1381 5328 1564 5381 πᾶσαν
1580 5330 1808 5399 ἀνύσας,

236 5414 325 5467 καὶ
346 5412 421 5477 ὡς
445 5413 535 5467 τὸν
560 5414 752 5482 Ἀγιον
788 5414 1141 5484 ἀφικόμενος,
1170 5416 1377 5471 ἕκαστα
1402 5421 1588 5489 σαφῶς
1622 5424 1806 5494 ἀπαγ-

233 5506 432 5576 γέλλει.
472 5506 529 5561 '0
555 5508 611 5560 δὲ
642 5506 736 5560 τοῦ
767 5507 904 5560 Θεοῦ
952 5507 1188 5581 δεηθεὶς,
1220 5510 1456 5575 ἐξελθεῖν
1482 5514 1561 5573 τῶ
1590 5516 1806 5585 δαίμονι

297 5632 416 5754 Ηὲὶὲ
439 5632 728 5702 Nicephoro
760 5645 808 5688 et
834 5634 1134 5707 Theophani
1184 5638 1429 5693 Domnus
1460 5657 1473 5705 ;
1510 5643 1645 5696 sedit
1700 5664 1799 5701 an.

297 5718 319 5753 ,ς
421 5742 433 5754 .

232 5718 319 5756 nos
349 5718 370 5753 1
383 5718 433 5755 ιδ.

298 5772 409 5841 ι’ὶθ)
440 5771 611 5837 Quam
632 5775 714 5827 hic
737 5785 920 5827 auctor
956 5774 1235 5842 [.ycltnida
1270 5790 1433 5846 vocat,
1472 5782 1593 5836 aliis
1628 5783 1801 5855 Lych-

1902 3236 2014 3283 uta
2048 3228 2269 3282 miseris
2296 3228 2419 3284 istis
2465 3229 2730 3283 rescitum
2786 3237 2891 3295 est,
2939 3230 3005 3283 ad
3065 3238 3342 3297 sanctum,
3394 3232 3473 3285 uti

1901 3323 2133 3392 quisque
2156 3332 2428 3391 poterant,
2463 3323 2569 3376 iter
2592 3321 2975 3385 instituerunt,
3012 3323 3104 3376 alii
3142 3323 3380 3393 pedibus
3411 3339 3476 3379 ac

1901 3412 2117 3477 baculo,
2149 3414 2240 3467 alii
2263 3413 2509 3467 humeris
2532 3413 2737 3474 delati:
2765 3422 2931 3483 atque
2970 3430 3161 3468 coram
3188 3415 3307 3484 ipso
3346 3432 3472 3471 cum

1900 3503 2125 3573 planctu
2149 3512 2205 3558 et
2236 3504 2493 3558 lamentis
2524 3506 3061 3569 commemorabant,
3098 3515 3305 3574 quanta
3365 3510 3474 3563 sibi

1901 3592 2145 3647 exhibita
2179 3592 2378 3647 fuisset
2406 3610 2437 3647 a
2468 3601 2661 3648 sancto
2697 3592 3009 3663 Ephraemio
3063 3596 3475 3662 misericordia,

1901 3692 1958 3739 et
1979 3700 2141 3753 quam
2164 3693 2390 3753 paterae
2422 3699 2607 3739 secum
2630 3685 2865 3755 egisset:
2891 3695 3083 3740 contra
3128 3702 3285 3753 vero,
3312 3705 3477 3758 quam

1902 3790 2051 3829 nunc
2093 3774 2352 3835 immitem
2439 3779 2829 3846 experirentur
2855 3778 3196 3847 episcopum,
3219 3783 3478 3851 quodque

1906 3879 1972 3918 ne
1999 3864 2155 3918 urbis
2177 3865 2402 3933 quidem
2427 3874 2581 3919 extra
2602 3875 2793 3936 portas
2836 3867 2985 3936 ipsos
3012 3868 3296 3923 toleraret.
3339 3869 3475 3924 San-

1902 3962 2025 4010 ctus
2072 3970 2207 4010 vero
2267 3958 2502 4013 multum
2556 3958 2679 4011 illos
2738 3957 3085 4013 miseratus:
3123 3959 3470 4029 Exspectate,

1903 4046 2105 4115 inquit,
2125 4045 2325 4101 fratres
2354 4066 2366 4100 :
2404 4062 2567 4102 nemo
2599 4063 2697 4103 vos
2730 4048 2849 4102 loco
2871 4048 2964 4101 illo
2993 4050 3202 4118 poterit
3234 4063 3475 4104 movere.

1902 4138 2204 4207 Castigatio
2234 4138 2451 4192 Domini
2472 4137 2697 4193 docebit
2729 4138 2909 4208 ipsum
2942 4138 3192 4195 misereri
3248 4140 3477 4195 afﬂicto-

1906 4244 2051 4294 rum,
2079 4237 2142 4283 ut
2169 4228 2345 4285 discat
2368 4229 2731 4298 experientia,
2765 4229 3114 4298 propositum
3151 4227 3314 4284 sdum
3379 4232 3478 4285 mi-

1902 4317 2051 4372 nime
2083 4317 2430 4376 conducibile
2494 4316 2692 4371 fuisse.
2719 4317 2854 4371 Post
2905 4318 3023 4373 hazc
3053 4320 3281 4375 oracula
3322 4319 3479 4375 breVi

1903 4410 2089 4478 elapso
2119 4416 2389 4479 tempore,
2428 4416 2538 4462 tam
2570 4408 2683 4463 acri
2713 4408 2906 4463 dolore
2932 4410 3195 4464 manibus
3218 4411 3480 4480 pedibus-

1822 4487 1877 4547 D
1904 4514 2013 4569 que
2037 4498 2277 4553 cruciari
2323 4497 2618 4568 episcopus
2665 4498 2833 4567 erepit
2862 4538 2878 4564 ,
2947 4510 3002 4549 ,ιι
3026 4495 3478 4568 nihilquidquain

1908 4592 1987 4646 rei
2013 4599 2251 4646 tractare
2281 4590 2394 4646 illis
2438 4600 2647 4660 posset,
2691 4602 2749 4645 et
2793 4591 2934 4647 sicut
2980 4606 3186 4661 corpus
3233 4593 3485 4649 exanime

1910 4685 2042 4739 ferri
2078 4699 2367 4739 necessum
2402 4683 2657 4748 haberet.

1977 4776 2066 4832 77.
2097 4776 2319 4831 Homini
2339 4775 2557 4830 cuidam
2588 4776 2767 4830 Persa:
2795 4774 2980 4845 gravis
3018 4773 3318 4828 admodum
3350 4789 3479 4828 cum

1906 4868 2153 4924 daemone
2186 4869 2333 4923 lucta
2362 4877 2499 4931 erat,
2535 4882 2648 4937 quo
2695 4882 2801 4921 nec
2850 4866 3075 4921 liberari
3142 4866 3255 4921 ullo
3310 4866 3476 4920 modo

1904 4967 2142 5029 poterat.
2186 4958 2376 5013 Astitit
2421 4958 2552 5013 huic
2607 4959 2855 5028 angelus,
2892 4958 3142 5027 dixitque
3194 4975 3207 5011 :
3255 4956 3355 5011 Abi
3405 4957 3475 5011 ad

1902 5067 2118 5105 servum
2150 5050 2246 5105 Dei
2275 5050 2632 5121 Symeoncm,
2665 5060 3097 5105 commorantem
3140 5050 3195 5103 in
3251 5049 3481 5104 sublimi

1901 5153 2203 5207 monte,ex
2226 5142 2467 5197 adverso
2512 5142 2841 5207 Antiochiae,
2894 5157 3007 5196 non
3062 5141 3138 5195 ita
3204 5141 3399 5209 procul
3452 5156 3485 5195 a

1906 5237 2044 5289 mari
2083 5235 2225 5289 sito:
2255 5234 2350 5288 illo
2375 5234 2757 5288 intercedente
2784 5242 2934 5288 certa
2969 5233 3066 5288 tibi
3103 5242 3291 5288 manet
3319 5248 3349 5286 a
3372 5232 3485 5287 Deo

1904 5329 2075 5383 salus.
2101 5328 2406 5381 Exsecutus
2429 5326 2520 5380 ille
2545 5326 2728 5380 omnia
2742 5334 2853 5391 est;
2881 5341 3119 5395 cumque
3134 5326 3483 5395 pervenisset

1904 5418 1973 5473 ad
1999 5425 2275 5482 sanctum,
2307 5416 2523 5487 singula
2552 5416 2735 5484 palam
2760 5416 3041 5470 enarravit
3068 5433 3081 5469 :
3117 5414 3212 5484 qui
3243 5413 3360 5469 fusa
3413 5414 3478 5467 ad

1906 5512 2079 5566 Deum
2115 5523 2301 5580 prece,
2337 5509 2488 5563 exire
2519 5508 2824 5563 daemonem
2875 5507 3069 5581 jubet;
3103 5507 3264 5577 cujus
3308 5505 3481 5561 conti-

1904 5650 2067 5704 nidus
2116 5656 2165 5701 et
2216 5643 2577 5717 Lychnidium
2625 5646 2929 5715 appellatur
2966 5644 3087 5699 urbs
3140 5644 3476 5713 archiepisco-

1904 5721 2039 5791 palis
2076 5718 2418 5773 Maccdoniw.
