4078 6332
606 381 747 446 3063

1769 391 1827 448 S.
1871 389 2254 449 SYMEONIS
2292 388 2646 448 JUNlORlS

3710 388 3846 450 306$

606 511 660 548 ιιι
686 511 928 550 rasuram
960 497 1179 567 capitis,
1213 499 1514 554 cineturam
1551 515 1854 564 saccorum,
1915 510 1973 555 ut
2043 500 2174 553 dixit

2283 500 2543 569 κεφαλῆς,
2601 501 2696 552 καὶ
2766 500 2928 562 ζῶσιν
2985 497 3224 560 σάκκων,
3270 501 3296 551 ὁ
3361 499 3516 559 θεῖος·
3568 491 3721 551 εἶπεν
3781 503 3847 551 αν

603 591 826 638 sanctus
870 583 1055 639 Isaias.
1091 586 1400 652 Quinetiam
1454 590 1860 659 grascizantium
1902 591 2173 653 nonnulli,

613 688 805 726 vanam
857 673 1225 746 fallacemque
1265 679 1612 747 astrologiam
1676 680 2090 745 blaterantium,
2120 692 2176 735 et

605 775 877 818 astrorum
912 777 1068 836 raptu
1105 769 1428 822 sublunarja
1456 769 1572 824 hac
1599 780 1784 824 nostra
1841 771 2001 825 simul
2054 788 2173 825 mo-

604 856 720 909 veri
752 857 1595 925 arbitrantium,,interdicebant
1616 863 1724 932 jam
1754 872 1868 916 tum
1899 865 2003 917 sibi
2035 864 2174 918 civi-

603 955 736 1014 tate,
778 949 1036 1016 linquam
1067 951 1288 1018 penitus
1315 953 1526 1005 ruitura
1560 953 1901 1021 propediem.

663 1124 757 1176 ’82.
793 1125 1031 1194 Symeon
1081 1129 1266 1198 igitur,
1304 1130 1532 1185 Sabbati
1563 1132 1800 1201 quadam
1846 1133 1934 1186 die
1985 1133 2176 1186 illucc-

599 1224 807 1277 seente,
843 1216 967 1271 laeto
1001 1226 1165 1287 atque
1196 1232 1520 1288 exporrecto
1551 1223 1704 1275 vultu
1739 1223 1805 1276 ad
1861 1224 2125 1294 populum
2154 1241 2166 1274 :

595 1305 888 1371 Conﬂdite,
919 1308 1116 1376 inquit,
1150 1311 1320 1364 nolite
1357 1313 1589 1366 timere:
1626 1314 1914 1384 redarguta
1965 1313 2169 1384 quippe

597 1405 681 1449 est
736 1395 896 1450 fallax
945 1401 1443 1470 nieteorologorum
1501 1404 1752 1468 scientia,
1828 1405 2008 1474 quoad
2081 1419 2169 1458 res

596 1486 811 1542 futuras
841 1489 1137 1559 caliginosa
1162 1501 1325 1560 atque
1378 1509 1540 1556 caeca,
1595 1505 1651 1549 et
1711 1510 1833 1563 quae
1899 1495 2004 1548 sibi
2050 1495 2167 1564 ipsa

597 1576 892 1645 perspicue
949 1580 1204 1647 imponit.
1238 1581 1374 1636 Ecce
1427 1584 1574 1637 enim
1636 1585 1852 1638 remisit
1900 1584 2175 1638 Dominus-

597 1667 838 1720 l'urorcm
882 1670 1089 1737 populo
1150 1685 1272 1735 suo,
1302 1683 1356 1726 et
1411 1688 1600 1727 servos
1656 1688 1785 1728 suos
1853 1675 2178 1732 consolatus,

595 1769 699 1812 est.
719 1759 842 1813 Vidi
865 1762 1093 1826 etenim,
1127 1773 1288 1832 atque
1323 1779 1450 1818 ecce
1473 1780 1666 1820 versus
1686 1766 1954 1819 orientem
1989 1768 2164 1834 aperti

597 1858 727 1901 sunt
765 1849 919 1913 caeli,
949 1857 1322 1929 et.arcanum
1353 1852 1630 1920 quoddam
1677 1865 1839 1922 atque
1890 1854 2169 1908 inetl‘abile

594 1938 784 1993 lninen
815 1937 1095 2008 Unigeniti
1157 1941 1402 2005 emicuit,
1445 1943 1799 1997 dilectionem
1828 1947 1946 2014 ejus
1991 1953 2045 1997 et
2080 1945 2173 1998 be-

595 2029 926 2098 nignitatem
977 2031 1137 2086 vobis
1186 2032 1256 2086 ob
1293 2035 1678 2102 pwnitentiam
1733 2036 2021 2090 exhibens.
2055 2036 2172 2106 Ego

593 2135 726 2173 vero
779 2121 846 2174 ad
901 2123 1169 2176 visionem
1231 2123 1458 2177 elevatis
1538 2125 1789 2179 manibus
1859 2126 2172 2180 exclamans

593 2210 706 2264 dixi
737 2212 885 2281 (23):
920 2214 1150 2266 Domine
1182 2224 1396 2268 amator
1415 2216 1723 2280 hominum,
1753 2217 1845 2285 qui
1866 2217 2170 2287 etgladiuni

597 2318 739 2372 saepe
770 2304 973 2367 vibras,
994 2314 1050 2357 et
1081 2321 1270 2360 arcum
1293 2307 1495 2371 tendis,
1533 2317 1605 2372 et.
1644 2316 1942 2378 utrumque
1964 2309 2170 2378 justam

594 2395 817 2463 quidem
851 2395 923 2450 ob
940 2383 1293 2451 iracundiam
1332 2397 1502 2453 facis:
1533 2399 1740 2468 quique
1800 2401 2002 2454 iterum
2037 2417 2170 2456 con-

595 2495 752 2541 sueta
790 2487 1032 2542 bonitate
1092 2496 1184 2543 tua
1247 2497 1544 2559 utrumque
1601 2490 1841 2557 inhibes,
1894 2501 2170 2547 nostram-

596 2593 705 2647 que
759 2579 1093 2648 przestelaris
1149 2581 1610 2654 conversionem;
1669 2584 1796 2638 audi
1852 2600 1917 2639 ex
1968 2585 2172 2654 templo

596 2679 787 2724 sancto
817 2685 1006 2724 vocem
1035 2652 1240 2734 meam,
1252 2675 1538 2742 perveniat
1567 2676 1633 2728 ad
1671 2686 1722 2729 te
1762 2677 1970 2731 clamor
1993 2692 2170 2731 meus.

595 2762 738 2816 Ecce
769 2762 917 2814 enim
955 2775 1101 2817 mota
1135 2773 1221 2817 est
1247 2773 1394 2818 terra
1435 2775 1490 2842 e‘t
1536 2768 1731 2822 omnes
1768 2768 2086 2824 habitantes
2114 2770 2168 2822 in

597 2864 1006 2915 ca;commota
1064 2864 1148 2909 est
1174 2866 1231 2910 et
1285 2859 1642 2924 contremuit,
1701 2867 1758 2912 et
1816 2860 2172 2915 fundamenta

598 2941 868 2994 montium
892 2943 1222 2997 conturbata
1255 2954 1385 3004 sunt
1411 2955 1467 2998 et
1499 2954 1770 3000 commota
1810 2954 1977 3000 sunt:
2033 2962 2174 3016 quo-

597 3033 748 3085 niam
773 3042 829 3086 tu
864 3033 997 3102 ipsis
1029 3033 1224 3097 iratus,
1248 3034 1500 3100 Domine,
1525 3037 1858 3091 concussisti
1885 3044 2089 3090 terram
2117 3047 2172 3091 et

598 3125 943 3178 conturbasti
974 3140 1118 3189 eam,
1149 3127 1439 3182 ostendisti
1467 3129 1670 3196 populo
1699 3137 1795 3182 tuo
1849 3129 2010 3182 dura.
2064 3129 2170 3182 Ve-

602 3225 908 3271 rumtamen
932 3216 1097 3271 ﬁnem
1125 3232 1266 3286 pone
1299 3219 1550 3283 tremori,
1580 3228 1823 3288 tempera
1841 3219 2180 3289 benignitate

603 3307 800 3369 minas,
829 3306 1048 3360 contine
1109 3305 1426 3376 ﬂagellum:
1479 3325 1589 3362 non
1643 3309 1788 3363 enim
1830 3311 1882 3363 in
1913 3320 2179 3363 :rternum

605 3397 864 3467 projicies
892 3408 943 3452 et
974 3414 1082 3452 non
1107 3415 1354 3469 appones
1388 3411 1449 3455 ut
1473 3402 1834 3470 beneplaceat
1859 3403 1956 3455 tibi
1975 3403 2177 3468 adhuc,

605 3498 697 3541 aut
733 3489 788 3542 in
821 3489 983 3543 tinem
1010 3491 1305 3545 abscindes
1354 3492 1792 3546 misericordiam
1831 3481 2010 3546 tuam:
2068 3509 2179 3548 non

603 3580 952 3636 oblivisccris
1004 3582 1288 3643 misereri,
1325 3584 1490 3648 Deus,
1524 3594 1620 3638 aut
1645 3586 1958 3640 continebis
1996 3586 2052 3640 in
2099 3587 2178 3640 ira

610 3674 993 3730 miserationes
1019 3683 1159 3729 tuas.
1194 3676 1275 3730 Tu
1305 3677 1453 3730 enim
1486 3678 1639 3731 solus
1663 3693 1722 3732 es
1752 3679 2092 3743 misericors,
2125 3692 2181 3735 et

601 3765 872 3833 propitius
906 3765 1002 3819 ﬁes
1035 3767 1279 3835 peccatis
1305 3769 1534 3832 nostris,
1588 3779 1646 3823 et
1693 3785 1806 3824 non
1845 3770 2175 3840 disperdes;

603 3856 699 3909 sed
749 3856 1144 3925 multiplicabis
1186 3859 1253 3912 ad
1293 3859 1652 3914 avertendam
1704 3861 1839 3915 iram
1901 3872 2071 3928 tuam,
2127 3871 2181 3918 et

604 3959 715 3996 non
762 3944 1034 3999 accendes
1095 3962 1262 4015 super
1313 3965 1415 4003 nos
1466 3965 1686 4005 omnem
1720 3952 1856 4006 iram
1887 3965 2057 4007 tuam.
2103 3953 2178 4008 Ita

605 4045 866 4103 precatus
893 4037 1066 4091 Deum
1122 4050 1368 4102 sanctus,
1430 4041 1499 4096 ad
1554 4042 1817 4111 populum
1882 4046 2081 4099 exivit:
2125 4056 2182 4100 et

609 4138 756 4179 terra
789 4127 976 4180 statim
1007 4129 1236 4196 quievit,
1266 4129 1500 4199 imperio
1541 4132 1690 4186 illius
1712 4149 1741 4186 a
1792 4150 1902 4203 quo
1955 4136 2179 4191 fundata

610 4225 724 4269 est:
757 4226 812 4269 et
842 4218 1079 4286 papulus
1119 4219 1341 4274 deterso
1365 4237 1579 4291 nupero
1618 4223 1750 4276 ﬂetu
1779 4224 2025 4280 laetitiam
2059 4227 2180 4280 ani-

609 4321 699 4358 mo
735 4307 1001 4376 vultuque
1041 4310 1225 4362 testati
1270 4322 1657 4375 recesserunt,
1718 4316 2022 4383 potentiam
2078 4316 2175 4371 Dci

607 4397 1019 4452 annuntiantes.
1059 4398 1192 4463 Quis
1229 4410 1411 4456 autem
1441 4412 1550 4456 tam
1603 4402 1846 4458 disertus
1881 4405 2090 4476 lingua,
2124 4419 2181 4461 et

2294 589 2612 653 Ἡσαΐας.οὐ
2649 590 2754 660 μὴν
2805 589 2940 643 άλλά
2982 589 3209 642 καὶτῶν
3257 588 3644 658 ἑλληνιζὸντων
3674 593 3847 650 τινὰς.

2281 679 2415 746 πρός
2464 693 2523 728 τε
2581 678 2680 746 τὴν
2715 679 2948 747 ματαίαν
2996 678 3091 744 τῆς
3135 678 3502 746 ἀστρολογίας
3534 679 3849 747 κεῃνδτων

2279 770 2517 835 ἀπάτην,
2549 770 2642 823 καὶ
2671 773 2736 840 τῇ
2765 770 2870 822 τῶν
2899 769 3144 838 ἀστέρων
3180 772 3319 840 φορᾷ
3370 771 3746 839 συμφέρεσθαι
3782 773 3847 822 τά

2277 859 2399 911 καθ’
2431 860 2580 928 ἡμᾶς
2633 860 2914 929 οίομένων,
2942 859 3306 929 ἀπαγορεύειν
3364 861 3463 930 ἤδη
3509 863 3610 930 τὴν
3671 862 3844 923 πόλιν,

2277 950 2351 1010 ὡς
2381 953 2563 1003 πᾶσαν
2589 948 2759 1018 αὐτὴν
2777 952 2900 1004 ὅσον
2929 951 3137 1003 οὐδέπω
3163 952 3590 1007 καταπεσεῖσθαι
3620 954 3847 1022 μέλλου-

2276 1055 2394 1090 σαν.

2345 1124 2452 1193 πβθ.
2479 1127 2621 1186 Μιᾶς
2682 1127 2812 1194 γοῦν
2861 1130 2968 1182 τῶν
3017 1129 3302 1183 σαϐϐάτων
3351 1133 3566 1201 ἡμέρας
3600 1134 3850 1202 ὑπολαμ-

2277 1215 2504 1283 πούσης,
2541 1215 2696 1286 ίλαρᾷ
2737 1219 2874 1289 πρὸς
2899 1222 2992 1273 τὸν
3029 1221 3154 1274 λαὸν
3193 1224 3220 1274 ὁ
3251 1221 3476 1289 Συμεὼν
3502 1223 3599 1274 καὶ
3621 1225 3851 1295 γλυκείᾳ

2272 1309 2336 1374 τῇ
2397 1307 2538 1375 ὄψει·
2567 1310 2827 1379 Θαρσεῖτε
2855 1352 2870 1374 ,
2901 1313 2972 1382 μὴ
3021 1312 3290 1380 φοϐεῖσθε,
3317 1308 3486 1377 εἶπεν,
3525 1313 3851 1384 ἐλήλετκται

2271 1401 2378 1469 γάρ
2409 1403 2440 1469 ἠ
2474 1401 2670 1464 πλάνος
2712 1402 2819 1453 τῶν
2873 1402 3294 1472 μετεωρολόγων
3350 1404 3553 1472 τέχνη,
3613 1405 3742 1474 περὶ
3791 1405 3853 1456 τὸ

2274 1493 2463 1561 μέλλον
2520 1491 2904 1562 τυφλώττουσα
2953 1494 3044 1546 καὶ
3091 1495 3228 1564 αὐτὴ
3283 1497 3602 1566 περιφανῶς
3651 1496 3857 1565 ἑαυτὴν
3943 1509 3946 1511 ‘

2274 1582 2604 1652 ψευδομένη.
2658 1584 2789 1638 Ἰδοὺ
2847 1586 2956 1652 γάρ
3001 1584 3178 1654 ’ἀνῆκε
3211 1586 3413 1657 Κύριος
3437 1586 3538 1656 τὴν
3582 1588 3750 1659 ὀργὴν
3771 1588 3854 1655 τῷ

2270 1673 2383 1742 λαῷ
2407 1674 2593 1738 αὐτοῦ,
2629 1677 2724 1727 καὶ
2753 1676 2844 1727 ἐπὶ
2875 1679 2989 1737 τοῖς
3016 1676 3221 1739 δούλοις
3278 1677 3441 1730 αὑτοῦ
3493 1680 3710 1746 παρακέ
3723 1679 3856 1747 κλη-

2272 1782 2383 1819 ται.
2412 1761 2567 1817 Εἶδον
2601 1767 2707 1834 γὰρ
2735 1769 2826 1818 καὶ
2860 1767 2968 1819 ἰδοὺ
3004 1768 3342 1838 άνεῴγεισαν
3369 1770 3467 1838 μὲν
3502 1770 3636 1838 πρὸς
3692 1773 3850 1822 Ἀνα-

2268 1856 2428 1914 τολάς
2461 1853 2510 1903 οί
2537 1851 2757 1921 οὐρανοί
2781 1867 2793 1878 '
2829 1851 3142 1920 ἀπόρρητον
3185 1853 3240 1904 δέ
3270 1870 3323 1925 τι
3353 1855 3448 1906 καὶ
3475 1854 3714 1925 ᾰρῤητον
3747 1855 3845 1906 τοῦ

2269 1918 2617 2006 Μονογενοῦς
2659 1918 3155 2009 ἐξήστραψε-φῶς,
3199 1918 3616 2011 φιλανθρωπίαν.
3659 1943 3847 2012 ἠρέμα

2269 2035 2335 2101 τῇ
2371 2032 2631 2100 μετανοίᾳ
2677 2031 2832 2100 ὑμῶν
2866 2033 3182 2098 ῦποφαίνον.
3248 2035 3408 2100 Μέγα
3457 2033 3512 2086 δὲ
3557 2024 3693 2106 προς
3747 2037 3847 2104 τὴν

2268 2123 2389 2190 ὄψιν
2419 2125 2477 2174 ὲν
2507 2123 2740 2191 ὲπάρςει
2804 2122 2993 2193 -ίειρῶν
3025 2140 3127 2190 μου
3163 2124 3400 2192 βοήσας,
3440 2126 3685 2178 Δέσποτα
3721 2127 3844 2194 φιλ-

2269 2213 2546 2283 ἀνθρωπε,
2588 2211 2738 2277 εἶπα,
2781 2217 2807 2266 ὁ
2839 2215 2932 2266 καὶ⁵
2980 2216 3258 2284 ῥομφαίαν
3295 2217 3556 2279 πολλάκις
3588 2217 3842 2282 στίλϐων,

2270 2305 2364 2359 καὶ
2390 2303 2541 2368 τόξον
2565 2305 2836 2369 ἐντείνων,
2865 2305 2930 2357 δι’
2964 2307 3133 2377 ὀργὴν
3160 2308 3260 2376 μὲν
3285 2307 3502 2360 δικαίαν
3533 2309 3844 2377 ἀμφότερα,

2276 2394 2381 2446 ὑπὸ
2433 2392 2488 2444 δὲ
2547 2393 2645 2460 τῆς
2702 2391 2962 2462 συνήθους
3016 2392 3176 2445 πάλιν
3222 2392 3431 2461 ἐπέχων
3460 2394 3848 2461 χρηστότητπ,

2274 2487 2369 2548 καξι
2407 2485 2506 2554 τὴν
2535 2484 2808 2554 ἡμετέραν
2841 2483 3184 2553 ἐπιστροφὴν·
3206 2483 3486 2552 ἀναμένων
3517 2484 3750 2536 ἄκουσον
3784 2484 3849 2532 ἐκ

2275 2576 2404 2629 ναοῦ
2455 2577 2613 2644 ἁγίου
2671 2575 2852 2646 φωνῆς
2878 2560 3328 2644 μου,εἰσελθέτω
3388 2578 3419 2645 ἡ
3477 2575 3691 2645 κραυγή
3752 2591 3850 2642 μου

2277 2667 2504 2721 ἐνώπιόν
2544 2684 2659 2720 σου.
2709 2667 2840 2719 Ἰδοὺ
2875 2667 2984 2737 γὰρ
3017 2669 3222 2736 ὲστάγη
3263 2667 3415 2736 ἠγῆ,
3439 2667 3534 2720 καὶ
3569 2667 3772 2727 πάντες
3799 2665 3850 2716 οι

2277 2759 2654 2823 κατοικοῦντες
2682 2761 2740 2812 ὲν
2769 2759 2905 2830 αὐτῇ
2937 2803 2949 2824 ,
2985 2758 3251 2826 ἐσαλεύθη
3300 2759 3393 2810 καὶ
3432 2759 3692 2827 ἔντρομος
3726 2756 3853 2824 ἐγε-

2276 2843 2444 2922 νήθη,
2473 2853 2568 2906 καὶ
2595 2852 2664 2906 τὰ
2719 2853 2942 2921 θεμέλια
2989 2853 3095 2904 τῶν
3137 2851 3309 2922 ὁρέων
3337 2850 3716 2921 ἐταράχθησαν
3761 2849 3855 2902 καὶ

2277 2942 2671 3012 ὲσαλεύθησαν.
2705 2942 2827 2994 ’Ότι
2875 2941 3151 3012 ὼργίσθης
3192 2943 3397 3004 αὐτοῖς,
3432 2940 3584 3004 Θεὸς,
3615 2937 3854 2991 συνέσει-

2280 3051 2377 3098 σας
2406 3033 2575 3103 αὐτὴν
2621 3033 2717 3085 καὶ
2766 3033 3132 3102 συνετάραξας
3161 3031 3348 3102 αὐτὴν,
3371 3030 3576 3094 ἔδειξας
3623 3029 3701 3096 τῷ
3741 3027 3856 3096 λαῷ

2203 3149 2246 3208 C
2281 3144 2375 3180 σου
2414 3125 2647 3196 σκληρὰ,
2671 3125 2784 3176 ἀλλ’
2810 3125 2957 3176 ἴασαι
2984 3125 3052 3177 τὰ
3080 3125 3462 3193 συντρίμματα
3485 3120 3855 3189 αὐτῆς,κέρα-

2290 3235 2380 3270 σον
2412 3217 2795 3287 φιλανθρωπίᾳ
2819 3218 2916 3286 τὴν
2943 3214 3193 3285 ἀπειλὴν.
3227 3218 3422 3282 στῆσον
3459 3213 3557 3280 τὴν
3593 3213 3850 3279 μάστιγα·

2289 3309 2364 3379 μὴ
2417 3307 2525 3376 γάρ
2574 3309 2652 3370 είς
2680 3309 2804 3368 τοὺς
2832 3307 3032 3368 αἰῶνας
3062 3306 3258 3376 άπώσῃ
3303 3305 3397 3356 καὶ
3425 3305 3482 3354 οὐ
3525 3301 3855 3372 προσθήσεις

2285 3391 2377 3452 τοῦ
2418 3397 2709 3465 εὑδοκῆσαι
2750 3397 2902 3466 ἔτι,ἦ
2933 3398 3013 3459 είς
3045 3397 3196 3459 τέλος
3228 3395 3288 3447 τὸ
3329 3394 3476 3458 ἔλεός
3519 3410 3610 3445 σου
3653 3390 3854 3445 ἀποκό-

2285 3493 2428 3560 ψεις.
2462 3489 2554 3560 Μὴ
2611 3489 2844 3558 ἐπιλήσῃ
2891 3487 2983 3540 τοῦ
3037 3487 3378 3557 οίκτειρῆσαι
3404 3487 3432 3539 δ
3483 3485 3637 3547 Θεὸς,
3668 3484 3700 3552 ἢ
3734 3499 3855 3534 συν-

2285 3583 2426 3648 έξεις
2461 3584 2518 3634 ἐν
2551 3583 2616 3651 τῇ
2669 3581 2807 3650 ὀργῇ
2851 3597 2944 3634 σου
2990 3579 3116 3642 τοὺς
3147 3577 3466 3648 οίκτιρμούς
3493 3595 3587 3630 σου
3611 3591 3626 3606 ’
3659 3577 3722 3628 σὺ
3750 3573 3856 3642 γὰρ

2283 3668 2332 3724 σί
2360 3672 2516 3740 μόνος
2539 3671 2858 3740 οἰκτίρμων,
2889 3671 2981 3722 καὶ
3011 3670 3167 3739 ἱλάσῃ
3194 3673 3316 3732 ταῖς
3347 3668 3644 3738 ἁμαρτίαις
3673 3666 3852 3736 ἡμῶν,

2284 3764 2376 3814 καὶ
2411 3762 2471 3814 οὐ
2498 3760 2829 3831 διαφθερεῖς,
2864 3760 2998 3814 ἀλλὰ
3048 3760 3338 3829 πληθυνεῖς
3368 3760 3462 3813 τοῦ
3514 3757 3854 3828 ἀποστρέψαι

2282 3855 2372 3905 τὸν
2421 3853 2593 3922 θυμόν
2647 3869 2763 3919 σου,
2793 3853 2885 3905 καὶ
2919 3852 3042 3923 οὐχὶ
3064 3852 3356 3914 ἐκκαύσεις
3389 3851 3680 3915 πᾶσανὲφ⁹
3708 3850 3853 3918 ἡμᾶς

2281 3947 2382 4015 τὴν
2439 3947 2610 4015 ὀργήν
2642 3963 2757 3998 σου.
2789 3943 2978 3998 Ταῦτα
3003 3947 3030 3996 ὁ
3063 3943 3160 4014 μὲν
3196 3942 3288 3994 τοῦ
3317 3942 3454 3994 Θεοῦ
3480 3942 3711 4011 δεηθεὶς,
3739 3935 3856 3992 εἶτα

2283 4037 2375 4090 καὶ
2407 4037 2542 4109 πρὸς
2577 4037 2668 4090 τὸν
2703 4036 2830 4088 λαὸν
2864 4035 3064 4105 διεξῄει
3097 4051 3111 4065 ο
3179 4033 3528 4104 ἡσυχάζουσα
3573 4033 3632 4085 δὲ
3679 4032 3856 4100 διέμε-

2283 4147 2370 4182 νεν
2402 4127 2606 4190 εὐθέως
2645 4129 2678 4196 ἡ
2705 4127 2778 4196 γῆ
2801 4129 2866 4196 τῇ
2898 4127 2991 4178 τοῦ
3019 4124 3456 4194 θεμελιώσαντος
3486 4122 3658 4192 αὐτὴν
3680 4121 3851 4175 διατά-

2283 4221 2360 4286 ξει
2389 4237 2404 4252 ·
2438 4223 2534 4273 καὶ
2568 4221 2723 4273 αὐτοὶ
2757 4219 2973 4289 φαιδροὶ
3009 4218 3185 4286 ψυχάς
3215 4235 3272 4269 τε
3298 4218 3390 4268 καὶ
3419 4215 3571 4283 ὄψεις
3597 4215 3720 4267 ἀντὶ
3747 4212 3853 4266 τῶν

2283 4311 2476 4382 πρώην
2505 4309 2777 4373 πενθικῶς
2809 4309 3138 4378 ἀνεχώρουν,
3171 4305 3604 4375 ἀπαγγέλλοντες
3635 4303 3732 4366 τὰς
3764 4303 3854 4354 τοῦ

2285 4401 2421 4453 Θεοῦ
2445 4400 2781 4462 δυναστείας.
2814 4399 2895 4450 Τὰ
2944 4401 3043 4468 μὲν
3097 4399 3161 4468 δὴ
3194 4398 3287 4450 τοῦ
3320 4395 3547 4466 Συμεὼν
3593 4396 3731 4464 ὑπὲρ
3760 4394 3855 4462 τῖλε

609 4487 880 4542 facundus
920 4504 1198 4553 sermone,
1221 4500 1281 4545 ut
1309 4491 1424 4547 haac
1458 4494 1748 4564 Symeonis
1801 4511 1901 4564 pro
1956 4497 2174 4564 publica

2286 4492 2379 4546 τοῦ
2443 4491 2640 4554 παντὸς
2699 4491 2972 4560 σωτηρίας
3025 4489 3268 4553 τοιαῦτα,
3299 4489 3392 4540 καὶ
3435 4487 3705 4556 τοσαύτην
3760 4484 3855 4553 μὲν

609 4581 786 4634 salute
815 4590 988 4650 gesta,
1019 4591 1186 4651 atque
1215 4582 1486 4639 efﬁcacem
1515 4585 1658 4654 apud
1690 4586 1861 4641 Deum
1909 4587 2179 4642 interces-

609 4672 844 4736 sionem,
876 4674 1291 4743 potentiamque
1315 4674 1643 4745 impetrandi
1675 4677 1868 4748 petita,
1918 4685 2032 4732 tum
2092 4680 2184 4733 illa

608 4778 828 4832 quoque
888 4781 1010 4833 qua:
1055 4766 1309 4834 privatim
1366 4767 1598 4838 singulis
1651 4771 1903 4839 prmstitit

607 4854 842 4910 dicendo
873 4856 1201 4926 adaequare?

1939 4812 1952 4835 ,
2013 4772 2185 4840 possit

2291 4585 2612 4652 εἰσφέροντα
2661 4583 2796 4653 πρὸς
2850 4582 2982 4634 Θεὸν
3033 4582 3365 4654 πρεσϐείαν,
3424 4578 3756 4651 τηλικαύτης
3801 4576 3848 4628 δὲ

2289 4676 2628 4745 τυγχάνοντα
2707 4676 2838 4744 παρ’
2912 4674 3059 4744 αὑτῷ
3135 4674 3445 4745 παρρησίας
3480 4688 3494 4701 α
3563 4671 3600 4724 ἃ.
3671 4669 3726 4721 δὲ
3770 4669 3854 4720 καὶ

2297 4768 2400 4836 ίδία
2426 4767 2586 4823 πάλιν
2619 4766 2836 4835 ἑκάστῳ
2875 4766 2966 4817 καὶ
2999 4764 3138 4817 κατὰ
3167 4765 3331 4834 μέρος
3364 4763 3540 4815 ὲποίει
3563 4801 3579 4824 ,
3612 4759 3696 4822 τίς
3721 4756 3854 4810 οὕτω

2295 4858 2539 4925 γλῶτταν
2565 4855 2730 4919 πολύς
2760 4873 2819 4908 τε
2847 4855 2962 4923 ἅμα
2993 4857 3087 4908 καὶ
3117 4853 3388 4924 περιττὸς,
3427 4851 3568 4904 ῶστε
3627 4849 3723 4902 καὶ
3773 4847 3858 4899 λό-

2296 4965 2391 5016 γον
2422 4947 2679 5012 ἐξισῶσαι
2709 4949 2820 5009 τοῖς
2853 4945 3164 5014 θαύμασιν;

2055 5059 2280 5113 CAPUT
2325 5059 2415 5113 XI.

1041 5173 1211 5226 Virtus
1241 5172 1511 5244 Symeom’s
1547 5175 1599 5225 in
1629 5174 1768 5242 {eras
1810 5185 1858 5226 rt
1901 5175 2158 5226 dmmoua
2185 5192 2203 5239 ;
2239 5172 2496 5227 auxilium
2533 5173 2885 5242 prwcipitanti
2927 5179 2974 5222 et
3013 5171 3218 5243 leproso
3249 5168 3438 5220 latum.

689 5293 774 5345 SS.
819 5291 946 5343 Post
981 5289 1097 5344 haec
1135 5288 1218 5340 vir
1256 5287 1501 5356 quidam,
1530 5288 1770 5344 Joannes
1801 5287 2044 5352 nomine,
2076 5303 2185 5340 non

611 5383 801 5455 procul
835 5398 863 5436 a
903 5383 1066 5436 domo
1117 5396 1213 5435 sua
1260 5379 1314 5434 in
1358 5379 1500 5433 feras
1548 5379 1817 5432 inciderat
1855 5397 1867 5455 ς
1906 5377 2185 5432 irruebant

618 5453 724 5527 illa:
773 5470 1018 5524 belluino
1054 5483 1205 5522 more
1237 5458 1794 5536 sanguinis'sitientes
1824 5453 1887 5520 ac
1925 5465 2184 5519 minitan-

615 5572 699 5620 tes
744 5564 968 5617 ('iUthlll.
1009 5562 1108 5618 llic
1147 5577 1274 5616 vero
1313 5560 1449 5615 nihil
1488 5559 1554 5614 ad
1605 5558 1980 5614 defensionem
2016 5573 2187 5628 penes

2366 5285 2478 5352 πγ’.
2521 5285 2684 5354 Ἀνὴρ
2712 5285 2818 5354 γάρ
2844 5301 2926 5346 τις
2949 5280 3086 5352 μετὰ
3110 5280 3282 5333 ταῦτα
3309 5279 3478 5345 ὄνομα
3514 5274 3786 5340 Ἰωάννης,
3803 5293 3855 5321 w

2294 5378 2380 5429 διὰ
2414 5375 2624 5447 μακροῦ
2655 5376 2753 5446 τῆς
2782 5375 2948 5427 αὑτοῦ
2987 5373 3163 5436 οίκίας
3193 5371 3400 5441 θηρίοις
3430 5364 3852 5437 περιπεπτώκειι

2295 5459 2369 5517 ὦν
2409 5465 2591 5533 φόνιόν
2641 5482 2694 5516 τι
2726 5466 2817 5516 καὶ
2843 5461 2986 5516 τοῦτ’
3013 5462 3144 5514 αὐτὸ
3177 5459 3438 5530 θηριῶδες
3472 5457 3558 5510 ἐπ’
3589 5455 3749 5506 αῦτὶν
3778 5454 3855 5520 ὀρ·

2299 5557 2607 5627 μησάντων,
2645 5558 2744 5610 οὐκ
2777 5555 3025 5627 ἔχωνὸτι
3055 5555 3147 5608 καὶ
3185 5553 3445 5624 χρήσεται
3475 5548 3659 5601 λοιπὸν
3696 5543 3869 5610 ἑαυτῷ

691 5697 801 5766 (9.3)
826 5696 1005 5750 Oratio
1031 5697 1123 5752 illa
1168 5696 1439 5768 Symeom's
1486 5702 1594 5750 tota
1624 5696 1731 5765 fere
1795 5712 1819 5747 c
1855 5693 2082 5749 Psalmis
2124 5695 2418 5764 desumpta,
2455 5713 2484 5747 (ι
2554 5694 2697 5748 nobis
2735 5709 2932 5763 quoque
2985 5693 3137 5758 juxta
3193 5688 3474 5742 versionem
3533 5700 3633 5738 Lxx
3682 5683 3853 5736 Latina

621 5767 822 5820 Πιίιίιία
857 5777 949 5819 ι’δι.
