4078 6332
253 393 394 457 306Ξ

1269 402 1438 462 VITA
1477 405 1524 462 A
1562 401 2001 464 NICEPHORO
2038 403 2512 470 CUNSCRIPTA.

3373 398 3519 462 3066

252 498 496 593 (ἐξέλιπε
523 503 628 575 γὰρ
660 507 694 576 ἦ
729 524 787 558 τε
816 507 1011 577 καρδία
1044 505 1121 578 τῷ
1146 511 1321 582 ἀνδρὶ,
1344 513 1438 564 καὶ
1465 515 1496 582 ή
1534 513 1692 583 σάρξ)
1721 515 1830 566 ἀντ⁴

1938 529 1996 567 se
2026 514 2286 585 habebat,
2316 505 2702 593 cecideratque
2725 511 2836 582 jam
2862 519 2918 566 et
2949 511 3147 565 animis
3174 518 3229 562 et
3260 523 3512 580 corpore.

251 592 415 645 ἄλλου
444 593 586 658 τινὸς
609 596 794 659 ὅπλου,
827 597 886 650 τὸ
914 598 1006 650 τοῦ
1044 598 1226 668 ’Λγίου
1255 602 1615 671 προϐάλλεται
1640 604 1830 673 ὄνομα,

251 683 352 734 καὶ
379 685 536 737 αὑτὸν
564 685 747 737 ἐκάλει
768 685 842 748 ὠς
869 685 1079 755 ἄμυναν
1101 703 1114 719 ·
1149 691 1242 742 καὶ
1266 675 1466 743 αὐτίκα
1487 694 1834 761 προσήλωντο

250 774 322 842 τῇ
376 775 444 843 γῇ
493 775 737 843 στόματά
773 792 831 827 τε
867 771 961 830 καὶ
990 779 1149 841 πόδες
1183 781 1368 842 αὐτοῖς
1403 780 1468 850 (ῶ
1497 781 1588 834 τοῦ
1621 782 1834 850 θαύμα-

249 865 413 934 τοςι)
445 865 695 936 καθάπερ
734 868 877 920 τισὶν
908 869 1170 937 ἀφύκτοις
1206 871 1440 940 ἐχόμενα
1482 873 1688 937 πέδαις,
1728 854 1833 936 ἕως

249 955 474 1026 ἀπαθὴς
505 957 692 1010 κακῶν
730 959 1038 1026 ἀπέσωστο,
1069 961 1557 1031 ἐξομολογούμενος
1596 963 1673 1032 τῷ
1718 965 1832 1016 Κυ-

251 1045 360 1117 ρίῳ
401 1049 470 1100 τὰ
521 1049 643 1120 ὲλέη
700 1051 887 1114 αὑτοῦ,
939 1054 1032 1106 καὶ
1064 1055 1130 1106 τὰ
1164 1054 1442 1124 θαυμάσια
1497 1055 1670 1109 αὑποῦ
1719 1059 1831 1120 τοῖς

249 1139 393 1200 υίοῖς
437 1139 548 1192 τῶν
597 1142 922 1212 ἀνθρώπων.
969 1145 1170 1216 Ἐτέρῳ
1203 1146 1364 1200 πάλιν
1407 1150 1553 1216 τρεῖς
1579 1144 1833 1218 δαίμονες

248 1230 589 1295 ἐνοικοῦντες
632 1230 773 1303 ἦσαν
809 1237 970 1307 (ὅπερ
1015 1237 1230 1307 ἀπόχρη
1280 1238 1374 1290 καὶ
1424 1239 1584 1307 μόνον
1631 1241 1832 1302 ἱκανῶς

248 1322 625 1406 παραστῆσαι,
658 1320 745 1378 οἷα
769 1328 898 1395 παρ’
920 1327 1100 1381 αὐτῶν
1124 1329 1152 1378 ὁ
1173 1329 1403 1392 δείλαιος
1428 1330 1646 1398 πάσχοι,
1669 1331 1831 1383 ὁπότε

247 1413 347 1464 καὶ
394 1414 600 1469 τούτων
639 1417 755 1480 ἑνὸς
787 1419 845 1471 ού
887 1421 1095 1491 φορητὴ
1143 1422 1175 1491 ἡ
1207 1421 1482 1490 ὲπήρεια),
1513 1425 1741 1492 παρεῖτο
1773 1423 1831 1476 δὲ

250 1506 348 1573 καὶ
392 1505 491 1568 τάς
524 1505 687 1574 ψύας,
722 1509 856 1561 άλλά
899 1513 988 1562 καὶ
1023 1510 1083 1563 τὸ
1121 1512 1228 1564 τῶν
1263 1512 1557 1581 ὀφθαλμῶν
1581 1514 1832 1583 ἀφῄρητο

248 1594 390 1661 φῶς.
427 1597 680 1666 Πρόσέισι
712 1599 790 1669 τῷ
830 1599 923 1653 τοῦ
953 1601 1087 1656 Θεοῦ
1127 1603 1298 1673 δούλῳ
1343 1603 1541 1669 τοίνυν,
1589 1605 1708 1667 ὅλος
1741 1604 1831 1657 πί-

249 1703 392 1751 στις,
423 1688 542 1752 ὅλος
568 1690 745 1754 ἐλπὶς,
785 1692 904 1755 ὅλος
925 1693 1128 1762 δέησις,
1161 1695 1290 1757 οἵοις
1337 1697 1610 1766 συνέχοιτο
1639 1701 1830 1762 κακοῖς

249 1779 503 1840 ἐλεεινῶς
528 1781 908 1849 ἀπαγγέλλων.
937 1785 1224 1854 Συμπαθὲς
1245 1787 1530 1857 τοιγαροῦν
1562 1790 1642 1851 εὶς
1667 1789 1829 1841 αὑτὸν

247 1868 458 1932 ἐκεῖνος
484 1870 626 1934 ίδὼν,
658 1867 776 1925 εἶτα
804 1875 894 1926 καὶ
922 1877 1001 1938 είς
1030 1876 1310 1946 σπλάγχνα
1337 1878 1538 1948 βλέψας
1567 1879 1660 1931 τοῦ
1692 1881 1830 1948 ἀγαο

247 1960 370 2026 Οοῦ,
403 1962 494 2014 καὶ
539 1963 646 2015 τῶν
680 1964 891 2018 ἐκείνου
945 1966 1157 2036 δεηθεὶς
1188 1956 1510 2039 οίκτίρμῶψ
1545 1967 1731 2039 χαμαί
1765 1988 1826 2024 τε

246 2051 484 2117 πτύσας,
512 2053 608 2104 καὶ
635 2053 728 2106 τοῦ
763 2054 1009 2107 ἐντεῦθεν
1039 2056 1211 2125 πηλοῦ
1251 2057 1376 2121 τοὺς
1407 2057 1720 2128 ὀφθαλμοὺς
1749 2060 1828 2131 τῷ

243 2141 436 2209 τυφλῷ
451 2143 753 2212 διαχρίσας·
784 2145 872 2198 Ἐν
902 2147 981 2216 τῷ
1007 2148 1253 2218 ὀνόματι,
1288 2149 1440 2218 φησὶ,
1472 2149 1565 2202 τοῦ
1598 2167 1827 2220 μονογε-

244 2232 374 2295 νοῦς
400 2233 529 2286 Υίοῦ
561 2235 654 2288 τοῦ
675 2236 940 2304 Θεοῦ,τοῦ
953 2239 1169 2312 πτυέλῳ
1192 2240 1287 2292 καὶ
1311 2243 1380 2310 γῇ
1418 2241 1508 2294 τὸν
1538 2243 1596 2294 ὲν
1636 2260 1828 2312 γεννη-

243 2327 362 2389 τοῖς
390 2326 592 2394 τυφλὸν
615 2327 809 2397 βλέψαι
845 2331 1196 2399 ποιήσαντος,
1233 2332 1555 2401 ἀνάϐλεψον.
1590 2335 1696 2387 Καὶ
1725 2352 1828 2389 πα-

245 2419 510 2487 ραχρῆμα
541 2419 734 2488 (πολλά
772 2420 1034 2490 ἐποίησας
1075 2423 1160 2487 σὺ,
1195 2423 1367 2493 Κύριε
1395 2427 1422 2476 ὁ
1452 2426 1583 2489 Θεός
1609 2444 1730 2494 μου,
1759 2427 1827 2480 τὰ

242 2509 531 2577 Θαυμάσιά
555 2511 672 2575 σου)
693 2508 832 2562 τότε
856 2513 972 2581 φῶς
1009 2515 1158 2584 αύτῴ
1187 2514 1414 2585 ἔρρωτο,
1447 2521 1540 2570 καὶ
1581 2519 1748 2586 ὑγιῶς
1777 2521 1826 2572 οἱ

240 2596 513 2667 ὀφθαλμοὶ
537 2592 704 2667 εἶχον.
732 2600 964 2654 Ἔπειτα
998 2602 1178 2671 μέντοι
1210 2602 1420 2672 πλήξας
1448 2606 1513 2673 τῇ
1540 2603 1698 2674 βαΐνῃ
1731 2605 1828 2674 pai-

242 2688 356 2757 ὖδῳ
388 2688 483 2752 τὰς
513 2680 675 2758 ψύας,
703 2693 1034 2762 ἐπιτιμήσας
1066 2693 1122 2745 δὲ
1146 2695 1238 2746 καὶ
1269 2696 1384 2756 τοῖς
1413 2694 1684 2764 δαίμοσιν,
1709 2696 1828 2750 ὅλον

241 2780 515 2833 δείκνυσιν
539 2781 701 2845 εὐθὺς
729 2784 874 2854 ὑγιῆ,
912 2787 1039 2855 μιᾶς
1061 2784 1220 2856 ἔργον
1242 2785 1406 2854 εὐχῆς
1431 2787 1617 2842 κακῶν
1643 2787 1828 2841 τοσού-

240 2887 353 2922 των
387 2871 830 2942 ἀπηλλαγμένον.

319 3046 424 3099 πδθ.
467 3047 656 3110 Ἀλλος
681 3049 808 3110 τοὺς
841 3048 1008 3111 πόδας
1034 3049 1333 3120 ἑκατέρους
1368 3050 1578 3121 μακρὸν
1605 3050 1830 3120 ἧδηιπε-

1937 604 2040 656 Pro
2075 603 2244 656 armis
2273 603 2439 672 igitur
2457 603 2578 656 aliis
2595 600 2767 656 sancti
2786 602 3008 655 nomine
3030 616 3088 655 se
3110 600 3310 664 munit,
3335 601 3511 668 ipsum

1935 694 1989 747 in
2022 695 2328 748 subsidium
2352 694 2604 758 advocat,
2638 693 2901 761 dictoque
2934 693 3100 747 citius
3134 693 3372 746 ferarum
3415 706 3514 745 ora

1933 793 2099 851 atque
2137 771 2362 853 vestigia
2399 784 2512 867 (res
2544 783 2680 835 mira
2709 780 2749 850 ι)
2790 791 2950 836 terra:
2989 782 3288 843 colizerent,
3341 781 3511 834 veluti

1927 875 2262 942 quibusdam
2299 873 2741 928 inenodabilibus
2761 872 2973 942 pedicis
2992 871 3312 936 constricta;
3337 871 3517 924 donec

1935 966 2036 1019 iste
2087 966 2359 1019 indemnis
2389 965 2693 1019 discrimini
2742 975 2973 1033 ereptus
3019 973 3185 1027 esset,
3244 962 3526 1017 conﬁtens

1932 1056 2166 1110 Domino
2213 1054 2651 1109 misericordiam
2707 1070 2885 1118 suam,
2938 1062 2992 1108 et
3043 1052 3169 1107 ﬁliis
3223 1051 3511 1106 hominum

1931 1147 2202 1201 mirabilia
2244 1148 2380 1217 ejus.
2403 1146 2666 1222 \Rursum
2705 1147 2846 1200 alius
2878 1163 2908 1200 a
2945 1146 3124 1200 tribus
3154 1143 3516 1199 obsidebatur

1933 1237 2296 1302 daemonibus,
2323 1237 2469 1291 unde
2492 1236 2782 1306 perspicue
2806 1236 2970 1312 datur
2999 1235 3325 1304 intelligere,
3348 1249 3511 1301 quam

1933 1329 2129 1385 acerbe
2150 1327 2337 1382 infelix
2356 1328 2457 1382 iste
2481 1335 2857 1396 torqueretur,
2880 1324 3327 1396 quandoquidem
3350 1323 3514 1376 nntius

1931 1422 2100 1476 etiam
2151 1421 2324 1474 solius
2355 1421 2574 1489 vexatio
2607 1418 2975 1472 intolerabilis
3008 1418 3100 1471 sit.
3149 1416 3351 1469 Laxata
3383 1414 3512 1468 huic

1932 1513 2281 1582 dependebat
2301 1512 2463 1575 cutis,
2488 1512 2600 1565 imo
2635 1518 2691 1567 et
2713 1511 2998 1564 oculorum
3037 1509 3220 1562 lumen
3251 1514 3371 1561 erat
3393 1520 3516 1560 ere-

1932 1610 2106 1668 ptum.
2139 1598 2399 1668 Confugit
2432 1600 2599 1670 igitur
2633 1598 2700 1652 ad
2727 1613 2949 1652 servum
2981 1597 3076 1651 Dci
3109 1637 3122 1661 ,
3167 1597 3357 1650 ﬁrmus
3382 1594 3511 1659 ﬁde,

1932 1705 2026 1758 spe
2057 1693 2270 1758 plenus,
2297 1690 2547 1745 oratione
2571 1689 2844 1751 fervidus.
2877 1689 3209 1758 quantisque
3233 1695 3516 1755 prematur

1931 1783 2093 1836 malis
2137 1783 2568 1837 lamentabiliter
2616 1782 2860 1850 exponit.
2907 1780 3300 1836 Commovetur
3352 1779 3516 1833 mise-

1933 1871 2144 1924 ratione
2193 1870 2450 1941 Symeon,
2501 1870 2782 1924 hominem
2833 1869 3080 1938 respicit,
3119 1868 3248 1922 inde
3289 1867 3355 1920 ad
3412 1867 3516 1920 ηιξ-

1931 1961 2293 2015 sericordiam
2354 1977 2626 2031 supremre
2682 1961 2949 2015 bonitatis
3008 1958 3244 2014 reﬂectit
3300 1959 3512 2021 oculos,

1931 2053 2566 2122 precibusque‘camdem
2604 2053 2882 2122 implorat.
2909 2052 3048 2105 Tum
3089 2051 3244 2104 humi
3273 2051 3511 2120 exspuit,

1931 2155 2343 2216 temperatoque
2379 2148 2506 2202 inde
2539 2148 2655 2202 luto
2689 2148 2816 2201 caeci
2862 2147 3053 2201 oculos
3085 2147 3359 2214 inungens
3398 2163 3411 2197 :
3455 2145 3514 2197 lu

1929 2238 2175 2299 nomine,
2225 2237 2442 2306 inquit,
2480 2238 2750 2308 unigeniti
2797 2237 2919 2292 Filii
2966 2237 3084 2300 Dei,
3132 2237 3226 2305 qui
3264 2244 3426 2303 sputo
3459 2241 3516 2286 et

1932 2338 2080 2384 terra
2117 2331 2268 2384 illum
2290 2347 2320 2384 a
2342 2331 2629 2386 nativitate
2654 2346 2751 2385 sua
2774 2345 2980 2385 caecum
3001 2329 3209 2382 lumine
3226 2326 3512 2382 oculorum

1930 2424 2253 2491 impertivit,
2307 2424 2558 2491 respice:
2592 2425 2888 2493 statimque
2925 2429 3112 2492 (quam
3168 2422 3339 2482 multa
3381 2421 3518 2476 facis

1931 2513 2230 2576 mirabilia,
2265 2511 2494 2567 Demine
2529 2515 2675 2567 Deus
2717 2516 2930 2579 meus!)
2959 2509 3016 2567 et
3049 2512 3227 2566 oculis
3256 2510 3517 2565 corrobo-

1935 2601 2066 2654 ratis
2115 2601 2294 2655 lucem
2329 2601 2597 2670 percepit,
2631 2610 2688 2655 et
2727 2600 3033 2670 perfectum
3079 2601 3298 2654 illorum
3355 2613 3515 2652 usum

1931 2690 2192 2744 obtinuit.
2223 2690 2430 2744 Deinde
2462 2692 2677 2759 palmea
2715 2692 2864 2760 virga
2901 2691 3137 2743 laxatam
3170 2697 3351 2742 cutem
3389 2704 3515 2757 per-

1931 2781 2167 2845 cutiens,
2212 2781 2499 2850 increpitis
2538 2781 2903 2845 daemonibus,
2929 2779 3220 2834 confestim
3253 2778 3400 2833 omni
3448 2793 3516 2831 ex

1929 2880 2086 2940 parte
2110 2888 2303 2933 sanum
2331 2872 2606 2939 exhibuit,
2632 2873 2797 2926 unius
2817 2872 3087 2926 orationis
3114 2885 3217 2941 ope
3249 2879 3328 2924 tot
3357 2869 3517 2924 malis

1933 2966 2252 3020 liberatum.

2003 3057 2090 3110 86.
2132 3058 2302 3111 Alteri
2327 3058 2398 3110 ob
2419 3058 2690 3111 diutinam
2723 3058 3014 3125 utriusque
3034 3055 3191 3124 pedis
3215 3053 3520 3107 inﬂamma-

244 3140 472 3208 πήρωτο
500 3139 712 3210 χρόνον,
743 3141 817 3202 ὼς
848 3139 982 3210 μηδὲ
1008 3140 1069 3192 τὸ
1097 3142 1358 3211 παράπαν
1381 3142 1564 3203 αὐτοῖς
1591 3141 1826 3211 χρῆσθαι

1934 3149 2138 3204 tionem
2178 3143 2365 3205 nullus
2407 3150 2634 3204 omnino
2671 3165 2866 3204 eorum
2910 3166 3043 3205 usus
3089 3157 3211 3203 erat
3242 3167 3255 3202 :
3283 3148 3521 3203 credidit

242 3228 526 3282 δύνασθαι.
563 3231 867 3294 Πιστεύσας
906 3227 999 3285 οὖν
1027 3231 1260 3302 δυνατὴν
1291 3227 1430 3284 εἶναι
1464 3232 1540 3303 τῷ
1569 3233 1708 3302 ἁγίῳ
1730 3231 1828 3303 τὴν

245 3318 576 3390 θεραπείαν,
612 3323 714 3392 ὀρᾷ
747 3321 935 3375 τοῦτον
984 3319 1114 3394 θιαρ
1149 3324 1346 3387 αὐτοὺς
1383 3327 1450 3394 τῇ
1498 3324 1657 3393 βαΐνῃ
1696 3323 1831 3395 πλή·

247 3411 416 3475 ξαντα
448 3411 648 3482 ῥάϐδῳ,
691 3412 784 3464 καὶ
810 3414 842 3483 ή
869 3414 1083 3483 πληγὴ,
1109 3415 1203 3467 τοῦ
1227 3433 1287 3467 τε
1316 3414 1484 3468 ῦπνου
1525 3416 1668 3467 κατά
1695 3417 1830 3468 ταῦ-

245 3503 340 3555 τὺν
364 3502 649 3572 ἀπαλλαγὴ
674 3505 766 3556 καὶ
792 3503 886 3556 τοῦ
920 3505 1124 3568 πάθους
1153 3507 1347 3576 ἐκείνῳ
1375 3507 1604 3573 γίνεται,
1633 3507 1707 3569 ὼς
1737 3508 1831 3558 καὶ

251 3591 494 3661 μηνυτὴν
529 3592 691 3644 αὑτὸν
724 3593 790 3645 δι’
824 3593 1018 3645 ἑαυτοῦ
1046 3594 1302 3663 φοιτῆσαι
1331 3594 1409 3664 τῷ
1446 3595 1692 3664 Συμεὼν,
1729 3595 1830 3662 τῆς

247 3683 566 3751 εὐεργεσίας
598 3683 691 3735 καὶ
712 3681 804 3735 τοῦ
831 3683 1108 3752 θαύματος
1134 3685 1383 3753 ἄγγελον.
1410 3687 1551 3754 Γυνή
1584 3704 1666 3749 τις
1705 3687 1831 3740 Ἰου-

247 3774 408 3843 λιανὴ
439 3774 538 3844 τὴν
572 3775 766 3845 κλῆσιν
817 3775 877 3828 τὸ
920 3777 1079 3845 σῶμα
1139 3779 1480 3846 πεπονηκυῖα
1508 3819 1523 3842 ,
1558 3780 1652 3830 καὶ
1701 3779 1827 3849 μηδ’

248 3867 429 3919 ὁτιοῦν
491 3865 660 3933 ἑαυτῇ
714 3867 1023 3937 χρήσασθαι
1080 3869 1378 3940 δυναμένη,
1443 3871 1695 3940 πρόσεισι
1754 3870 1832 3940 τῷ

262 3957 452 4030 Ἀγίῳ,
482 3957 734 4027 δακρύων
759 3956 1038 4028 ὠνουμένη
1069 3961 1167 4030 τὴν
1191 3961 1510 4029 θεραπείαν,
1543 3963 1715 4030 ὅσπερ
1735 3965 1834 4015 αὑ-

249 4029 350 4119 τήν
379 4051 503 4104 ἰδὼν
527 4051 700 4103 πολλά
724 4053 977 4120 χέουσαν,
1009 4054 1104 4106 καὶ
1126 4029 1233 4124 τὴν
1253 4054 1430 4125 ψυχὴν
1458 4055 1543 4108 ἐπ’
1564 4057 1701 4126 αὐτῇ
1730 4073 1835 4108 πα-

251 4140 382 4204 θὼν,
432 4139 580 4193 παίει
625 4143 692 4210 τῇ
735 4139 892 4212 βαῒνῃ
935 4142 1149 4212 ῥάϐδῳο
1190 4144 1285 4196 καὶ
1329 4146 1363 4214 ή
1411 4145 1511 4213 μὲν
1565 4145 1833 4215 ῥώννυται

253 4236 594 4304 παραχρῆμα
622 4273 636 4297 ,
688 4233 842 4286 νόσου
870 4234 931 4286 τὸ
965 4234 1151 4287 λοιπὸν
1187 4235 1316 4306 ἀχρι
1350 4238 1537 4308 γήρως
1579 4238 1833 4310 οὐδεμιᾶς

253 4326 601 4395 πειραθεῖσα,
638 4325 716 4396 Τῇ
741 4325 797 4378 δὲ
830 4321 898 4396 ἦν
947 4327 1149 4398 ἀδελφὴ
1180 4327 1419 4397 μασθοὺς
1456 4329 1573 4398 ἆμα
1613 4333 1708 4384 καὶ
1733 4333 1834 4386 πό-

249 4419 347 4480 δας
391 4415 642 4481 νοσοῦσα,
692 4418 785 4471 καὶ
828 4417 949 4471 λίαν
995 4420 1197 4488 ἀμφοῖν
1244 4420 1554 4490 περιαλγῶς
1600 4422 1830 4492 ἔχουσα·

1932 3254 2102 3309 penes
2136 3249 2386 3294 sanctum
2417 3240 2759 3294 medicamen
2791 3240 2896 3293 sibi
2929 3254 3242 3308 superesse,
3272 3253 3435 3307 quem
3464 3246 3520 3292 et

1932 3329 2206 3397 conspicit
2234 3344 2333 3398 per
2367 3345 2620 3384 somnum
2655 3329 2807 3399 virga
2852 3329 3067 3398 palmea
3100 3343 3159 3396 se
3201 3326 3520 3396 percutien-

1932 3426 2042 3479 tem
2089 3419 2180 3472 tali
2209 3419 2387 3488 plaga,
2420 3434 2542 3488 quae
2569 3419 2735 3474 simul
2768 3427 2825 3473 et
2855 3433 3051 3473 somno
3083 3428 3140 3472 et
3169 3417 3359 3472 dolore
3392 3431 3519 3470 cum

1923 3497 2212 3576 privavit":
2246 3509 2326 3561 uti
2365 3510 2483 3578 ipse
2519 3525 2619 3578 per
2651 3524 2711 3563 se
2757 3508 3086 3579 Symeonem
3125 3507 3338 3569 adiens,
3373 3506 3519 3560 idem

1933 3600 2188 3655 beneﬁcii
2219 3610 2276 3655 et
2318 3603 2570 3657 miraculi
2611 3605 2864 3666 nuntius,
2901 3612 3137 3658 testatus
3176 3613 3283 3673 est.
3326 3590 3522 3656 Mulier

1932 3690 2181 3758 quaedam
2211 3691 2427 3746 Juliana
2469 3693 2763 3762 appellata,
2795 3693 2867 3747 ob
2890 3694 3062 3749 totius
3094 3692 3343 3762 corporis
3372 3690 3523 3745 inﬁr-

1933 3782 2183 3836 mitatem
2213 3783 2488 3852 impotens
2517 3799 2641 3853 qum
2673 3799 2732 3838 se
2759 3784 2924 3838 alicui
2961 3784 3040 3839 rei
3087 3779 3409 3854 applicaret,
3450 3782 3516 3834 ad

1935 3884 2186 3926 sanetum
2229 3873 2496 3942 confugit,
2530 3873 2790 3945 lacrymis
2827 3875 2931 3929 sibi
2975 3875 3269 3929 sanitatem
3293 3887 3519 3940 compa-

1935 3969 2144 4013 ratura.
2172 3959 2347 4025 Quam
2382 3960 2472 4013 ubi
2511 3960 2602 4031 ille
2636 3960 2796 4026 vidit,
2826 3961 3064 4014 ubertim
3097 3961 3318 4014 ﬂentem
3353 3960 3518 4012 mise-

1937 4061 2109 4115 ratus,
2161 4051 2314 4121 virga
2362 4051 2577 4120 palmea
2631 4052 2758 4107 ferit
2799 4069 2813 4103 :
2861 4060 2918 4105 et
2951 4052 3152 4106 mulier
3189 4050 3522 4104 convalescit

1935 4143 2107 4208 illico,
2141 4159 2245 4198 nec
2286 4143 2399 4196 ullo
2435 4143 2702 4212 deinceps
2749 4159 2926 4213 usque
2965 4142 3030 4196 ad
3073 4142 3288 4196 senium
3329 4139 3522 4194 morbo

1936 4241 2144 4287 tentata
2175 4231 2298 4286 fuit.
2325 4233 2458 4286 Erat
2484 4232 2618 4287 huic
2654 4247 2833 4296 soror,
2857 4245 2995 4300 qua:
3025 4239 3082 4284 et
3111 4230 3227 4298 ipsa
3259 4228 3523 4282 uberibus

1934 4323 2280 4393 pedibusque
2327 4322 2542 4378 aﬁ'ectis
2569 4323 2884 4378 vehementi
2915 4322 3270 4377 cruciabatur
3299 4321 3521 4375 dolore:

1936 4413 2165 4468 adducit
2193 4414 2362 4484 igitur
2392 4415 2535 4469 hanc
2569 4429 2792 4484 quoque
2824 4413 2890 4466 ad
2921 4413 3179 4468 eumdem
3209 4412 3519 4476 medicum;

252 4511 520 4581 προσάγει
543 4509 722 4562 τοίνυν
757 4509 837 4578 τῷ
867 4509 1036 4578 ’Δγίῳ
1061 4512 1157 4562 καὶ
1178 4511 1404 4583 ταύτην,
1432 4515 1522 4566 καὶ
1550 4513 1608 4577 ὃς
1635 4514 1712 4584 τῷ
1733 4515 1829 4568 τοῦ

1935 4505 2029 4574 qui
2063 4505 2332 4573 impresso
2361 4505 2544 4559 crucis
2577 4505 2733 4574 signo
2761 4504 3032 4558 laboranti
3065 4503 3364 4568 succurrit,
3395 4518 3526 4558 cru-

252 4598 489 4668 σταυροῦ
514 4599 668 4669 τύπῳ
697 4599 1118 4668 διασφραγίσας,
1152 4600 1246 4654 τοῦ
1277 4602 1482 4665 πάθους
1506 4602 1709 4666 εὐθέως
1737 4606 1833 4657 καὶ

250 4692 421 4758 αὐτὴν
449 4692 799 4755 ἀπαλλάττει,
827 4692 925 4754 τὰς
954 4692 1146 4756 ὀδύνας
1179 4693 1398 4760 σϐέσας,
1425 4697 1517 4748 καὶ
1543 4695 1609 4759 ἃς
1635 4699 1833 4766 ἔχουσα

250 4785 402 4854 τύχοι
436 4783 651 4854 πληγὰς
687 4784 998 4853 ἰασάμενος.

320 4883 428 4932 πε¹.
469 4875 547 4944 Τῇ
583 4874 640 4927 δὲ
700 4875 863 4926 πάλιν
921 4875 1214 4946 θυγάτριον
1243 4873 1310 4948 ἦν
1333 4919 1346 4942 ,
1382 4877 1680 4950 προσώπου
1730 4881 1830 4949 μὲν

250 4968 344 5018 καὶ
372 4965 518 5035 ὧρας
558 4965 681 5036 ἕχον
726 4966 826 5018 οὐκ
861 4966 1070 5035 ἀφυῶς,
1103 4969 1275 5039 κλόνῳ
1309 4971 1365 5023 δὲ
1400 4969 1654 5041 σώματος
1705 4988 1831 5024 τοσ-

250 5055 394 5125 ούτῳ
437 5055 532 5106 καὶ
582 5055 811 5124 παρέσει
858 5055 1113 5125 κάτοχον,
1143 5060 1218 5121 ὡς
1254 5061 1350 5112 καὶ
1379 5061 1592 5131 φρενῶν
1624 5060 1831 5132 ἔρημον

252 5142 409 5210 εἶναι,
447 5147 692 5198 οἴκτιστα
741 5146 836 5197 καὶ
882 5145 1088 5200 τούτων
1143 5149 1456 5220 ἐξεστηκός.
1500 5152 1558 5204 ’0
1608 5152 1707 5222 μὲν
1739 5152 1832 5206 οῦν

248 5238 348 5306 τῆς
381 5238 661 5306 παρέσεω;
695 5240 789 5290 καὶ
814 5238 914 5308 τῆς
946 5240 1307 5311 ἀναισθησίας
1342 5244 1491 5297 αἰτία
1518 5245 1729 5316 δαίμων
1760 5241 1829 5317 ἦν

250 5330 505 5398 χαλεπὸς,
543 5330 887 5400 ἐπιπηδήσας
907 5331 986 5399 τῷ
1019 5333 1260 5402 κορασίῳ
1284 5349 1298 5363 '
1335 5337 1368 5405 ή
1387 5336 1431 5387 δ’
1457 5338 1604 5389 αἰτία
1661 5337 1827 5390 πάλιν

249 5425 349 5490 τῆς
376 5427 439 5474 ἐκ
473 5423 566 5476 τοῦ
625 5424 878 5494 δαίμονος
929 5427 1213 5497 ἐπηρείας,
1243 5427 1547 5496 ἁμάρτημα
1594 5429 1689 5496 τῆς
1727 5445 1829 5497 μη-

249 5515 399 5583 τ’ρδς,
430 5514 632 5578 κακίας·
659 5508 1182 5585 εἴσπραξινέκτίνον
1209 5517 1307 5587 τὴν
1334 5520 1432 5586 τῆς
1475 5520 1662 5581 παιδὸς
1724 5522 1830 5574 πάι

253 5621 419 5674 ρεσιν.
458 5605 756 5676 Ἀράμεναι
785 5610 966 5662 τοίνυν
1023 5609 1215 5679 αὐτὴν,
1247 5611 1280 5680 ἦ
1317 5627 1375 5660 τε
1421 5613 1613 5680 μήτηρ
1672 5613 1765 5663 καὶ
1797 5615 1828 5682 ἡ

249 5698 347 5763 τῆς
398 5699 600 5767 μητρὸς
657 5699 880 5771 ἀδελφὴ,
936 5700 1131 5771 φόρτον
1205 5702 1480 5768 ἐλεεινὸν,
1511 5703 1709 5772 φόρτον
1752 5707 1829 5767 εἰς

255 5788 459 5862 δάκρυα
487 5789 579 5843 καὶ
607 5790 788 5862 ἀψυχα
825 5793 1026 5862 κινοῦν,
1063 5794 1314 5867 ῥίπτουσι
1351 5796 1452 5866 πρὸ
1483 5795 1574 5848 τοῦ
1618 5795 1821 5865 Ἀγίου·

1941 4597 2144 4650 ciatum
2174 4596 2332 4663 tollit,
2362 4595 2689 4649 vulneribus
2714 4595 2991 4649 medetur.

2007 4881 2098 4941 85.
2163 4880 2292 4937 Haec
2339 4898 2532 4937 rursus
2594 4881 2820 4936 ﬁliolam
2881 4883 3119 4937 habebat
3178 4882 3356 4937 forma
3412 4898 3525 4938 non

1940 4971 2253 5038 invenusta,
2295 4987 2459 5040 quam
2490 4968 2638 5025 tanta
2670 4972 3051 5026 membrorum
3078 4972 3427 5041 perturbatio
3458 4987 3524 5026 ac

1938 5062 2211 5132 paralysis
2243 5071 2610 5131 occupaverat
2634 5101 2650 5124 ,
2684 5071 2743 5116 ut
2775 5071 2831 5116 et
2866 5062 3176 5131 deliquium
3221 5061 3391 5116 ammi
3425 5078 3522 5131 pa—

1941 5161 2151 5208 teretur
2180 5169 2344 5223 saepe,
2402 5164 2457 5210 et
2520 5170 2551 5208 a
2597 5163 2742 5207 statu
2797 5154 2998 5208 mentis
3045 5155 3421 5209 miserandum
3466 5155 3521 5208 in

1938 5243 2164 5297 modum
2204 5244 2556 5314 dejicerctur.
2587 5242 2763 5298 Causa
2815 5244 3129 5314 paralytieaa
3188 5243 3525 5298 inﬁrmitatis

1938 5334 2178 5389 difﬁcilis
2202 5334 2413 5388 daemon
2438 5343 2576 5400 erat,
2600 5335 2694 5403 qui
2719 5337 2956 5405 puellam
2990 5336 3294 5390 incesserat
3321 5351 3333 5385 :
3361 5343 3526 5403 atquc

1940 5426 2142 5480 iterum
2175 5426 2445 5480 daemonis
2481 5427 2759 5482 saevientis
2789 5443 2954 5481 causa
2989 5436 3277 5496 peccatum
3309 5427 3519 5489 matris,

1939 5519 1994 5573 in
2029 5519 2373 5586 punitionem
2408 5519 2671 5588 nequitia:
2718 5519 3017 5589 paralysim
3069 5519 3210 5588 proli
3257 5518 3517 5571 all‘erens.

1939 5611 2222 5666 Snblatam
2277 5612 2462 5681 itaque
2531 5613 2772 5681 puellam
2849 5621 3024 5666 mater
3083 5627 3147 5666 ac
3201 5619 3519 5671 matertera,

1938 5703 2211 5759 sarcinam
2245 5705 2635 5769 miserabilem,
2693 5705 2968 5765 sarcinam
3028 5705 3297 5772 lacrymas
3347 5700 3514 5753 etiam

1940 5797 2256 5853 inanimatis
2289 5798 2625 5863 elicientcm,
2658 5797 2724 5852 ad
2765 5796 2940 5855 sancti
2968 5796 3140 5867 pedes
3157 5790 3456 5865 projiciunl
3494 5808 3510 5846 :
