4078 6332
617 385 755 450 306'!

1814 387 1872 445 S.
1917 385 2291 445 SYMEBNIS
2329 386 2688 449 JUNlORIS

3730 388 3881 452 3053

617 496 764 566 quod
798 511 921 550 cum
958 496 1047 550 ille
1078 512 1188 550 non
1224 498 1523 568 ignoraret,
1551 496 1682 550 illud
1713 497 2019 565 prasertim
2067 512 2193 565 ope-

2298 499 2435 569 ὃπερ
2475 498 2502 548 ὁ
2528 499 2618 551 τοῦ
2664 499 2796 552 Θεοῦ
2855 499 3108 571 θεράπων
3139 501 3239 554 οὐκ
3274 502 3570 571 ἀγνοήσας,
3610 504 3789 566 ἄλλως
3810 523 3873 558 τε

619 603 735 641 ram
768 587 898 642 dare
926 602 1145 657 semper
1170 589 1392 653 solitus,
1422 575 1495 646 μί’
1514 586 1581 639 ad
1612 602 1668 640 se
1707 586 2035 641 accedentes
2067 602 2190 640 cum

619 678 995 732 incolumitate
1029 680 1301 747 corporis,
1326 678 1491 732 etiam
1525 678 1785 741 animam,
1818 677 1862 731 si
1917 678 2191 746 quaforte

612 786 739 825 eam
774 770 929 825 labes
957 770 1230 833 inflecret,
1282 786 1382 839 per
1409 768 1815 824 confessionem
1860 768 2185 829 lustrarent,

616 870 898 929 quatenus
930 871 1045 916 tum
1074 876 1309 930 corpore
1342 870 1459 915 tum
1490 862 1697 924 anima,
1722 860 1832 914 imo
1858 861 1959 914 bac
2002 859 2193 928 potius

617 952 961 1021 quantillo,
1016 952 1191 1007 curati
1247 962 1682 1007 reverterentur.
1730 952 1867 1005 Dum
1913 951 2080 1021 igitur
2135 951 2189 1004 in

615 1052 772 1112 gesta
794 1050 958 1111 atque
1012 1042 1249 1112 cogitata
1309 1044 1529 1096 illarum
1572 1043 1823 1111 inquirit,
1878 1051 1940 1095 ut
1989 1041 2191 1111 duplex

617 1134 969 1195 beneficium,
1016 1136 1186 1211 sicuti
1241 1138 1505 1208 diximus,
1568 1136 1819 1204 corporis
1883 1151 1948 1189 ac
1993 1137 2203 1191 animae»

617 1228 820 1294 pariter
848 1236 1167 1281 curatorem
1205 1227 1608 1296 impertiretur,
1658 1227 2036 1296 peritissimus
2100 1228 2190 1281 ille

618 1330 730 1371 non
766 1315 943 1370 solum
993 1316 1366 1387 investigandi
1426 1318 1809 1387 spiritualium
1866 1319 2190 1372 morborum

618 1421 832 1473 causas,
869 1407 965 1461 sed
992 1407 1263 1461 medelam
1314 1424 1538 1478 quoque
1592 1408 1858 1463 aﬂ‘erendi
1912 1409 2193 1479 paratissi-

620 1511 778 1562 mus;
811 1496 991 1566 pudor
1015 1508 1180 1566 atque
1205 1498 1371 1552 timor
1400 1499 1523 1552 illas
1546 1499 1791 1559 incessit,
1845 1495 2192 1567 precatusque

618 1595 785 1651 sunt,
814 1592 960 1641 terra
1002 1586 1108 1641 sibi
1139 1588 1294 1657 prius
1340 1587 1675 1651 dehisceret,
1704 1602 1869 1656 quam
1923 1588 2047 1641 vita:
2082 1595 2192 1640 tam

616 1677 878 1747 angelica
918 1678 1061 1743 viro,
1097 1678 1153 1732 in
1207 1694 1375 1733 carne
1433 1677 1616 1733 carnis
1663 1677 1898 1747 experti,
1952 1691 2011 1730 ac
2052 1690 2191 1746 pene

594 1764 890 1833 _spirituali
912 1767 1096 1820 scelus
1126 1782 1289 1820 suum
1317 1758 1654 1821 revelarent.

688 1854 777 1908 86.
814 1857 950 1909 Dum
974 1858 1050 1909 ita
1080 1872 1268 1910 secum
1304 1856 1410 1910 illae
1444 1857 1744 1918 luctantur,
1795 1862 1943 1909 metu
1993 1856 2187 1925 plenas,

617 1946 819 2001 accidit
848 1955 1082 2010 matrem
1108 1947 1401 2018 Symeonjs
1421 1945 1713 2011 Martham,
1744 1946 2031 2001 mulierem
2064 1962 2191 2001 vere

617 2045 885 2102 sanctam,
916 2053 1069 2092 more
1100 2053 1202 2091 suo
1230 2038 1362 2094 illuc
1383 2037 1647 2093 accedere
1684 2056 1697 2090 :
1726 2038 1982 2106 apparuit
2010 2046 2190 2092 autem

618 2128 707 2182 illa
730 2129 889 2183 anxie
908 2129 1273 2193 haerentibus,
1293 2129 1373 2183 uti
1404 2129 1589 2182 lumen
1616 2129 1670 2181 in
1685 2141 1846 2182 nocte
1871 2130 2189 2197 caliginosa,

616 2220 816 2274 mulier
841 2220 1189 2284 mulieribus,
1219 2235 1385 2275 sexus
1411 2218 1772 2273 similitudine
1804 2219 1911 2273 sibi
1958 2221 2197 2288 conjun-

616 2312 753 2376 ctis;
782 2327 903 2381 quae
940 2312 1007 2365 ad
1042 2310 1208 2380 pedes
1242 2312 1393 2366 illius
1427 2327 1487 2365 se
1518 2327 1683 2380 quam
1736 2321 1993 2380 poterant
2040 2313 2192 2365 citis-

615 2402 751 2453 sime
763 2399 1109 2468 abjicientes,
1123 2395 1459 2469 eosdemque
1476 2414 1601 2453 cum
1617 2401 1871 2470 Iacrymis
1886 2400 2193 2455 calentibus

615 2490 1032 2559 amplectentes,
1103 2491 1367 2546 miserum
1432 2492 1669 2546 infelicis
1735 2492 1931 2560 puella:
1988 2499 2190 2545 statum

614 2586 919 2645 exponunt,
940 2586 1231 2647 peccatum
1256 2592 1418 2633 suum
1452 2580 1769 2642 enuntiant,
1819 2595 2040 2633 causam
2093 2594 2193 2632 cur

615 2676 806 2722 sancto
831 2668 966 2722 illud
1002 2670 1282 2737 explicare
1311 2680 1593 2740 nequeant
1622 2680 1957 2739 proponunt.
1982 2670 2189 2724 Martha

615 2773 785 2827 porro
811 2768 924 2813 non
952 2760 1130 2813 solum
1150 2759 1505 2824 feminarum,
1538 2761 1633 2815 sed
1657 2770 1713 2815 et
1764 2768 2004 2814 matrum
2062 2776 2191 2814 san-

614 2849 894 2915 ctissima,
966 2850 1351 2906 inﬁrmitatem
1434 2853 1760 2907 muliebrem
1842 2866 2191 2923 nequaquam

614 2949 926 3010 aspernata,
951 2957 1131 3011 neque
1194 2957 1359 2996 sexus
1422 2945 1735 3013 communis
1791 2944 2003 3007 oblita;
2058 2943 2191 3011 quin

616 3034 800 3100 potius
827 3031 1143 3087 vehementi
1174 3033 1393 3087 illarum
1421 3033 1614 3088 dolore
1657 3048 1721 3087 ac
1770 3034 1989 3103 ploratu
2033 3048 2185 3087 com-

2295 590 2349 642 δὲ
2382 591 2602 642 κάκεῖνο
2641 589 2982 654 διὰ-παντὸς
3012 593 3173 662 ἔργον
3226 594 3617 661 πεποιημένος,
3652 597 3717 648 τὸ
3745 601 3879 657 τοὺς

2295 681 2442 750 αὑτῷ
2473 684 2814 754 προσιόντας,
2843 686 2978 754 μετά
3032 687 3131 755 τῆς
3180 688 3323 741 κατὰ
3352 688 3511 755 σῶμα
3536 688 3872 755 θεραπείας.

2294 774 2396 827 εῐτι
2421 775 2514 827 καὶ
2540 775 2717 844 ψυχῆς
2749 771 2956 845 αἶσχος,
2996 779 3091 829 καὶ
3127 779 3281 831 τοῦτο
3313 778 3382 831 δι’
3419 779 3874 845 {ingloria-sm;

2294 850 2679 917 ἀποτίθεσθαι,
2732 852 2808 916 ὡς
2865 853 3154 923 ἀμφότερα
3211 856 3370 925 σῶμά
3433 872 3492 908 τε
3544 858 3639 909 καὶ
3689 856 3876 925 ψυχὴν

2300 943 2665 1010 ὑγιαίνοντας,
2688 942 2724 1014 ἢ
2753 944 2929 1014 ψυχὴν
2962 944 3066 1014 πρὸ
3093 926 3189 998 τοῦ
3218 945 3470 1016 σώματος
3506 946 3734 1016 μᾶλλον,
3778 947 3876 998 οῦ-

2294 1050 2399 1095 τως
2432 1034 2839 1098 ὲπανιέναι.Ὠς
2867 1034 2960 1088 οῦν
2987 1035 3217 1109 πράξεις
3244 1039 3422 1090 αὐτῶν
3452 1040 3546 1091 καὶ
3570 1037 3875 1107 ).ογισμοῦς

2294 1124 2589 1195 ἀνηρεύνα,
2631 1125 2718 1178 ῖνα
2742 1126 2838 1179 καὶ
2868 1126 3082 1197 διπλῆς,
3107 1128 3360 1197 καθάπερ
3393 1130 3626 1199 ἔφημεν,
3651 1130 3719 1183 οὐ
3761 1129 3879 1181 σώ-

2297 1234 2423 1286 ματι
2460 1217 2641 1284 μόνον,
2665 1217 2801 1277 άλλά
2836 1219 2928 1271 καὶ
2959 1220 3253 1291 πνεύματι,
3279 1220 3493 1290 μεταδῷ
3524 1220 3627 1288 τῆς
3653 1222 3873 1287 ὑγείας,

2294 1304 2402 1371 οἷος
2433 1312 2660 1374 ἐκεῖνος,
2711 1312 2810 1365 οὒκ
2853 1312 3173 1381 ἀνιχνεῦσαι
3214 1314 3373 1383 μόνον
3416 1313 3596 1365 αἰτίαν
3632 1312 3877 1383 ψυχικοῦ

2293 1398 2495 1461 πάθους
2526 1399 2725 1475 παντὸς
2760 1401 3161 1474 ἐμπειρότατος
3185 1440 3202 1467 ,
3240 1403 3374 1457 ἀλλά
3420 1404 3513 1456 καὶ
3563 1403 3876 1473 θεραπείαν

2270 1490 2453 1571 ,εὐθὺς
2484 1492 2784 1560 ἐπαγαγεῖν
2815 1494 3185 1562 ἑτοιμότατος,
3204 1494 3365 1557 αἰδὼς
3395 1493 3613 1558 ὲκείνας
3635 1490 3753 1565 εἶχε
3775 1495 3870 1547 καὶ

2290 1583 2428 1647 δέος,
2445 1584 2541 1647 ,καὶ
2558 1584 2846 1655 διαστῆναι
2865 1587 3131 1656 πρότερον
3159 1587 3349 1650 αὑταῖς
3371 1587 3469 1657 τὴν
3484 1591 3588 1657 γῆν
3610 1587 3872 1658 ηὔχοντο,

2290 1675 2324 1747 ἢ
2355 1677 2431 1747 τῷ
2463 1675 2639 1740 οὕτως
2673 1678 2950 1748 ἀγγελικῷ
2989 1679 3080 1732 τὸν
3114 1679 3249 1747 βίον,
3280 1680 3375 1732 καὶ
3402 1681 3635 1751 ἀσάρκῳ
3663 1681 3874 1752 μικροῦ

2290 1770 2384 1823 καὶ
2416 1768 2585 1837 iam,
2618 1770 2680 1822 τὸ
2712 1769 2880 1837 μῦσος
2910 1768 3277 1839 ἀνακαλύψαι.

2360 1866 2479 1926 σις’.
2509 1861 2595 1925 Ὠς
2622 1859 2713 1914 οὖν
2737 1862 2977 1929 ἀγωνίας
3001 1857 3143 1931 ἦσαν
3171 1860 3315 1914 οὕτω
3346 1863 3442 1915 καὶ
3461 1861 3617 1926 δέους
3645 1864 3867 1933 μεσταὶ,

2291 1953 2487 2021 συνέϐη
2510 1953 2611 2023 τὴν
2633 1955 2842 2008 οἰκείαν
2882 1953 3033 2024 αὐτῷ
3066 1956 3303 2024 μητέρα,
3326 1954 3426 2024 τὴν
3447 1942 3597 2008 θέίαν
3630 1955 3708 2017 ὡς
3731 1956 3871 2026 ἀλη-

2292 2044 2399 2109 θῶς
2442 2047 2694 2115 Μάρθαν,
2720 2048 2795 2109 ὡς
2817 2047 2960 2115 ἔθος,
2987 2047 3357 2118 παραϐαλεῖν
3378 2050 3503 2119 ἥτις
3529 2048 3648 2116 φῶς
3672 2049 3869 2118 ὥσπερ

2290 2139 2479 2199 αὑταῖς
2514 2138 2618 2191 ὑπὸ
2649 2139 2821 2193 νύκτα
2868 2139 3070 2211 πολλὴν
3114 2139 3304 2210 ὤφθη,
3349 2140 3486 2211 γυνὴ
3520 2140 3775 2207 γυναιξὶ,
3807 2141 3870 2192 τό

2292 2229 2552 2293 συγγενὲς
2582 2229 2835 2299 ἐχούσαις
2886 2232 2994 2284 ἀπὸ
3025 2232 3124 2302 τῆς
3158 2234 3411 2301 φύσεως,
3435 2233 3553 2287 “aut
3601 2232 3708 2302 πρὸ
3755 2230 3870 2284 τῶν

2292 2311 2504 2379 ἐκείνης
2533 2309 2708 2361 ποδῶν
2736 2309 2934 2371 ἑαυτὰς
2981 2308 3057 2372 ὡς
3106 2306 3250 2377 εἶχον
3285 2306 3565 2378 βαλοῦσαι,
3597 2305 3691 2359 καὶ
3726 2304 3867 2371 μετά

2292 2399 2510 2470 θερμῶν
2558 2398 2738 2452 αὐτῶν
2767 2399 3018 2469 δακρύων
3047 2398 3323 2467 λαϐόμενα
3395 2397 3469 2451 τά
3513 2413 3575 2449 τε
3609 2395 3750 2466 περὶ
3766 2396 3866 2464 τῆς

2294 2492 2481 2553 παιδὸς
2504 2489 2757 2554 διεξίασι,
2779 2490 2876 2544 καὶ
2900 2490 2962 2542 τὺ
2985 2482 3291 2559 ἁμάρτημα
3313 2487 3474 2550 εὐθὺς
3505 2486 3862 2554 ἐξαγγέλλω·

2295 2597 2400 2644 σιν,
2432 2580 2513 2632 ἔτι
2561 2582 2655 2634 καὶ
2689 2578 2786 2655 τὴν
2821 2580 3004 2634 αἰτίαν
3037 2579 3375 2649 προσθεῖσαι,
3408 2578 3477 2631 δι’
3510 2578 3578 2647 ἢν
3618 2580 3689 2632 τά
3728 2576 3867 2645 πρὸς

2292 2662 2385 2725 τὸν
2410 2674 2597 2740 Ἀγιον
2629 2671 3030 2741 άνεξαγόρσυτα
3082 2670 3332 2734 ταύταις.
3371 2668 3435 2723 Ἡ
3481 2670 3666 2739 μέντοι
3701 2670 3865 2720 ὁσιω-

2292 2763 2429 2831 τάτη
2526 2762 2800 2829 γυναικῶν
2830 2802 2846 2828 ,
2933 2761 3069 2816 ἀλλὰ
3155 2763 3251 2835 καὶ
3333 2759 3586 2831 μητέρων
3646 2758 3863 2827 ἐκείνη,

2292 2852 2610 2925 γυναικείας
2660 2853 2912 2921 οὐδαμῶς
2992 2852 3276 2913 ἀσθενείας
3338 2849 3714 2921 ὑπεριδοῦσα,
3768 2849 3866 2902 οὐ·

2292 2943 2349 2997 δὲ
2415 2944 2476 2995 τὸ
2539 2944 2796 3009 συγγενὲς
2883 2943 3198 3009 ἀγνοήσασα
3249 2958 3267 2973 ⁸
3380 2940 3688 2993 τούναντίον
3766 2937 3867 3007 μὲν

2295 3030 2390 3088 οὖν
2453 3034 2548 3087 καὶ
2607 3033 2812 3103 σφόδρα
2862 3034 2975 3093 τοῖς
3032 3031 3213 3084 αὐτῶν
3268 3030 3465 3107 πάθεσι
3511 3031 3606 3083 καὶ
3646 3028 3865 3100 θρήνοις

617 3131 789 3187 mota,
817 3133 874 3178 et
906 3139 965 3179 se
994 3124 1165 3194 ipsam
1194 3141 1415 3196 quoque
1430 3129 1659 3182 matrem
1682 3142 1827 3194 esse,
1852 3122 2187 3195 uterumq'ue

2298 3124 2704 3183 ἐπικλασθεῖσα,
2732 3123 2795 3175 τό
2846 3137 2902 3173 τε
2933 3123 3027 3174 καὶ
3069 3120 3209 3202 αῦτη
3239 3121 3421 3190 μήτηρ
3469 3116 3610 3174 εἶναι
3676 3135 3869 3190 μητρι-

618 3223 861 3284 gestasse
887 3230 955 3269 ex
1021 3217 1499 3272 commiseratione
1532 3233 1661 3287 erga
1697 3218 1819 3277 illas
1868 3217 2189 3282 ostendens,

615 3305 857 3359 elevatas
884 3321 916 3360 e
940 3314 1086 3361 terra
1111 3322 1237 3361 cam
1277 3308 1498 3363 sarcina
1559 3308 1881 3378 paralyticae'
1902 3308 2094 3377 puellae
2123 3307 2189 3361 ad

618 3398 792 3453 filium
823 3414 984 3454 suum
1006 3398 1282 3454 adduxit:
1327 3401 1554 3465 Presta,
1585 3402 1862 3471 inquiens,
1919 3402 2016 3465 illi,
2051 3402 2193 3455 hanc

618 3509 728 3547 non
777 3508 1000 3563 parvam
1026 3495 1185 3547 matri
1219 3495 1473 3563 gratiam,
1534 3506 1590 3549 et
1640 3497 1683 3549 si
1716 3496 1846 3564 quid
1904 3504 2197 3565 peccatum

618 3586 709 3648 sit,
738 3586 1080 3647 condonans,
1112 3587 1337 3641 iuvoces
1354 3588 1647 3651 Dominum
1671 3590 1858 3642 Jesum
1885 3586 2189 3651 Christum,

617 3684 1027 3730 extensamnre
1050 3685 1317 3732 consueto
1367 3677 1594 3732 dextera
1652 3678 1835 3747 signes
1881 3679 1935 3731 in
1988 3680 2191 3737 virtute

618 3768 830 3822 Domini
866 3770 1128 3839 puellam.
1167 3770 1335 3825 Vides
1354 3785 1518 3838 quam
1552 3770 1750 3824 misere
1790 3779 1953 3839 atque
1995 3770 2192 3824 acerbe

622 3869 979 3928 torqueatur;
1014 3861 1167 3932 signa
1187 3860 1338 3915 illam
1356 3875 1543 3922 cruce,
1576 3869 1628 3913 et
1654 3860 1857 3915 sanitas
1878 3861 2192 3915 omnimoda

618 3962 1030 4025 consequetur;
1064 3956 1207 4021 sine,
1244 3938 1390 4010 hanc
1406 3943 1636 4025 gratiam
1660 3968 1769 4022 ego
1819 3954 2021 4007 mulier
2066 3968 2207 4028 πιιι-.

617 4044 849 4101 lieribus
877 4043 1051 4123 hisce,
1096 4052 1154 4099 et
1213 4054 1390 4099 mater
1431 4044 1565 4097 huic
1621 4043 1807 4107 matri,
1865 4042 2192 4112 gravissimo

2298 3215 2408 3269 κῶν
2432 3231 2493 3289 τε
2525 3213 2849 3283 πειραθῆναι
2875 3194 3216 3282 σπλάγχεῖων,
3259 3211 3492 3280 ἀπὸιτῆς
3521 3209 3865 3279 συμπαθείας

2294 3307 2393 3375 τῆς
2427 3307 2555 3376 περὶ
2588 3306 2757 3368 αὑτὰς
2808 3304 3052 3367 δείξασα,
3084 3302 3178 3355 τοῦ
3236 3301 3466 3370 ἐδάφους
3518 3302 3684 3365 αὐτὰς
3742 3303 3869 3355 ἀνα-

2297 3397 2561 3465 στήσασα,
2601 3396 2693 3447 καὶ
2726 3396 2877 3463 παρά
2906 3395 3000 3446 τὸν
3039 3395 3157 3445 υίὺν
3197 3394 3298 3446 σὺν
3325 3392 3402 3461 τῷ
3433 3394 3617 3463 φόρτῳ
3653 3391 3746 3446 τοῦ
3770 3409 3869 3445 tuo

2299 3488 2550 3558 ρειμένου
2582 3486 2877 3557 θυγατρίου
2912 3485 3285 3553 εἰσαγαγοῦσα
3317 3501 3333 3514 ·
3364 3487 3461 3546 Δὸς
3484 3485 3708 3553 ταύτην,
3736 3484 3864 3552 εφη,

2298 3581 2463 3649 μητρὶ
2493 3620 2508 3644 ,
2537 3579 2812 3642 τέκνον,ού
2856 3579 3056 3648 μικρὰν
3084 3578 3267 3648 χάριν,
3292 3578 3384 3631 καὶ
3405 3579 3525 3630 πᾶν
3549 3578 3603 3629 εί
3641 3594 3693 3629 τι
3713 3576 3867 3645 τυχὸν

2294 3668 2602 3737 ἁμάρτημα
2651 3670 3034 3738 συγχωρήσας,
3068 3668 3160 3721 τὸν
3189 3670 3390 3722 οίκεῖον
3442 3669 3710 3736 δεσπότην
3735 3668 3867 3735 Χριο

2298 3758 2421 3811 στὸν
2478 3757 2823 3823 ὲπικάλεσαι,
2864 3758 2959 3810 καὶ
2984 3758 3061 3819 ὡς
3112 3756 3342 3828 σύνηθες
3382 3756 3633 3819 ἐκτείνας
3662 3755 3867 3825 τὴνδε-

2297 3847 2437 3913 ξιάν,
2473 3846 2775 3916 σφράγισον
2831 3846 2925 3898 ἐπὶ
2950 3848 3018 3916 τῇ
3069 3845 3235 3899 αὐτοῦ
3278 3845 3503 3915 δυνάμει
3531 3842 3629 3913 τὴν
3659 3843 3818 3896 παῖδα
3848 3858 3863 3873 ’

2294 3937 2428 4007 ὁρᾷς
2450 3934 2602 3997 ὅπως
2626 3936 2825 3999 ἀθλίως
2864 3937 2958 3998 καὶ
2990 3936 3239 4005 χαλεπῶς
3268 3935 3604 4005 πάσχουσαν,
3628 3936 3695 4004 τῇ
3723 3933 3868 4003 παρά

2298 4028 2391 4082 σοῦ
2425 4027 2482 4080 δὲ
2531 4026 2790 4097 σφραγῖδι
2838 4027 3028 4095 ἕψεται
3062 4027 3282 4090 πάντως
3331 4027 3426 4081 καὶ
3453 4025 3763 4094 θεραπεία,
3786 4026 3867 4078 ἰνα

619 4133 812 4188 dolore
854 4116 1039 4189 cordis
1089 4134 1400 4204 (quantum
1466 4132 1600 4186 mibi
1670 4132 1931 4201 colligere
1991 4131 2191 4198 datur)

2298 4118 2435 4187 γυνὴ
2488 4116 2754 4184 γυναιξὶν,
2781 4116 2920 4169 ἀλλὰ
2970 4116 3064 4169 καὶ
3106 4118 3292 4187 μήτηρ
3322 4118 3492 4186 μητρὶ
3537 4116 3863 4186 χαρίσωμαι,

618 4224 896 4286 mstuanti,
931 4240 961 4277 a
998 4232 1051 4279 te
1079 4239 1331 4280 exorem.
1355 4224 1435 4279 Ad
1469 4225 1604 4278 istas
1623 4224 1819 4278 matris
1846 4222 1941 4276 lilii
1963 4222 2193 4279 amantis

2295 4208 2477 4272 δεινῶς
2497 4209 2617 4277 (ὅσα
2646 4210 2746 4278 ius
2780 4206 3000 4277 εἰδέναι)
3040 4207 3140 4277 τὴν
3172 4204 3398 4279 καρδίαν
3432 4207 3863 4277 πυρπολουμένῃ.

620 4328 814 4384 preces
844 4313 990 4369 illius
1028 4315 1219 4369 matris
1241 4329 1457 4379 amans,
1489 4314 1629 4369 nihil
1655 4294 1917 4377 renuens,
1966 4313 2193 4382 adiutri-

2301 4302 2446 4372 Πρὸς
2476 4300 2734 4363 τοιαύτας
2783 4302 2964 4355 τοίνυν
3002 4300 3319 4368 φιλόπαιδος
3367 4298 3574 4369 μητρὸς
3623 4297 3867 4363 ἀξιώσεις

568 4468 585 4477 κ
619 4417 739 4457 cem
762 4401 1056 4457 confestim
1097 4417 1317 4456 manum
1372 4401 1774 4467 accommodat,
1818 4401 2193 4472 signatamque

2300 4395 2420 4455 υίὸς
2453 4392 2773 4463 φιλομήτωρ
2804 4393 2908 4445 ούκ
2935 4391 3258 4456 ἀνανεύσας,
3294 4391 3428 4444 ἀλλὰ
3452 4390 3577 4452 δοὺς
3600 4389 3865 4459 ὑπουργὸν

621 4493 877 4548 invocato
909 4480 1129 4548 Christi
1184 4493 1408 4547 nomine
1459 4492 1721 4563 puellam,
1758 4469 1964 4547 salvam
2031 4469 2193 4561 auiue

2299 4484 2490 4544 αὐταῖς
2546 4480 2748 4545 εὐθέως
2804 4478 2903 4549 τὴν
2959 4480 3160 4547 δεξιὰν,
3194 4480 3299 4534 καὶ
3321 4482 3418 4548 τὴν
3471 4479 3635 4533 παῖδα
3665 4480 3731 4549 τῇ
3778 4477 3864 4530 τοῦ

620 4585 892 4639 valentem
916 4600 1028 4637 non
1050 4583 1237 4641 minus
1278 4595 1459 4639 mente
1504 4598 1667 4654 quam
1700 4598 1937 4652 corpore
1978 4580 2199 4637 feminis

620 4674 832 4739 reddit;
867 4683 1215 4743 matremque
1246 4690 1357 4728 non
1414 4674 1592 4728 solum
1648 4673 1778 4729 fecit
1825 4671 1994 4743 super
2041 4672 2198 4742 prole

620 4761 918 4827 laetantem,
947 4762 1042 4816 sed
1075 4776 1231 4818 suam
1263 4776 1485 4831 quoque
1513 4762 1742 4817 multam
1774 4778 1842 4818 ex
1895 4778 1964 4817 eo
2020 4762 2199 4816 bono-

620 4862 816 4917 ratam,
862 4853 1015 4923 quod
1066 4854 1184 4935 ipsa
1233 4854 1359 4935 ideo
1388 4854 1536 4923 quod
1595 4862 1774 4909 mater
1804 4863 1974 4939 esset,
2039 4854 2199 4909 matri

517 5017 523 5022 ῃ
617 4942 956 4999 incolumem
990 4942 1159 4998 ﬁliam
1179 4943 1535 4999 obtinuisset.
1581 4947 1585 4951 ’

694 5106 973 5185 87.“Ῡὶτειι
1005 5114 1256 5184 quadam
1286 5124 1498 5180 tenera,
1549 5114 1760 5184 duplici
1787 5116 1985 5171 aﬂecta
2030 5117 2197 5185 malo,

623 5201 1116 5265 acerbodaemone.
1145 5216 1202 5261 et
1221 5206 1379 5276 pedis
1402 5206 1622 5270 dolore,
1652 5205 1802 5261 videt
1833 5223 1930 5277 per
1955 5209 2198 5278 quietem

624 5308 897 5361 sanctum,
934 5306 1145 5351 vestem
1174 5297 1414 5352 lucidam
1446 5286 1543 5352 aut
1590 5298 1770 5351 lucem
1790 5299 1997 5368 potius
2027 5301 2199 5370 ipsam

626 5388 1239 5458 indutum,gladiolum
1293 5405 1459 5444 manu
1502 5372 1907 5459 praeferentem,
1960 5406 2200 5461 eumque

626 5482 776 5537 velut
808 5480 936 5552 pedi
959 5480 1083 5551 ejus
1109 5480 1334 5549 infigere
1357 5490 1671 5535 conantem.
1701 5481 1828 5536 Adit
1859 5497 1989 5551 ergo
2030 5482 2197 5545 hunc,

628 5572 685 5626 in
713 5572 947 5626 somniis
968 5572 1115 5634 nixa,
1142 5574 1454 5642 conlisaque
1480 5573 1626 5643 quod
1650 5574 1718 5627 ab
1752 5573 1846 5627 illo
1862 5575 2074 5627 sanitas
2094 5573 2198 5627 sibi

627 5672 773 5717 esset
789 5662 1143 5725 conferenda.
1164 5661 1413 5732 Cumque
1434 5664 1740 5719 invocasset
1763 5662 2196 5719 sanctusChristi

629 5770 852 5823 nomen,
917 5754 1301 5825 virginemque
1368 5756 1548 5809 crucis
1613 5754 1895 5826 signaculo
1973 5756 2195 5810 tertium

2300 4571 2535 4642 Χριστοῦ
2602 4571 2888 4642 ἐπικλήσει
2932 4572 3262 4644 σφραγίσας,
3324 4571 3455 4638 ὑγιᾶ
3510 4569 3753 4639 ταύτην,
3810 4569 3863 4620 οὐ

2304 4662 2464 4733 σῶμα
2495 4659 2838 4731 μόνον,ωά
2870 4664 2963 4715 καὶ
3019 4660 3247 4730 φρένας,
3284 4661 3478 4721 αὐταῖς
3533 4651 3863 4719 ἀποδίδωσιν,

2299 4753 2360 4806 οὐ
2417 4752 2634 4823 μητέρα
2687 4751 2847 4821 μόνον
2881 4751 2975 4803 επὶ
3010 4750 3186 4821 τικνῴ
3213 4749 3393 4816 δείξας
3418 4746 3860 4818 εὐφραινομένην,

2301 4843 2436 4897 ἀλλὰ
2470 4840 2648 4912 πολλῷ
2698 4840 2794 4894 καὶ
2840 4838 2937 4911 τὴν
2991 4836 3187 4893 ἑαυτοῦ
3265 4839 3481 4910 μητέρα
3547 4836 3748 4907 μᾶλλον
3784 4837 3864 4888 επὶ

2298 4932 2473 5004 τούτῳ
2525 4930 2961 5002 σεμνυνομένην,
2984 4931 3066 4984 ὅτι
3101 4928 3179 5000 τῷ
3205 4929 3391 4999 μήτηρ
3424 4924 3568 4997 αὐτὴ
3592 4927 3862 4995 γενέσθαι,

2307 5027 2476 5097 μητρὶ
2507 5024 2784 5095 σωτηρίαν
2815 5024 3008 5087 παιδὸς
3033 5023 3346 5095 χαρίζεται.
3586 5044 3594 5050 -

2371 5115 2477 5181 πε.
2525 5116 2678 5186 Κόρη
2717 5132 2801 5178 τις
2847 5114 3121 5185 παρθένος
3168 5113 3290 5185 διχῇ
3327 5109 3632 5179 πίπληκτο,
3667 5107 3866 5181 χαλεπῷ

2301 5208 2513 5279 δαίμονι
2568 5208 2664 5260 καὶ
2708 5205 2871 5260 πάθει
2898 5205 3089 5269 ποδός·
3130 5206 3234 5276 δρᾷ
3260 5202 3553 5274 τοιγαροῦν
3582 5203 3675 5255 τὸν
3694 5200 3863 5268 ’Δγιον

2301 5299 2452 5369 δναρ,
2477 5298 2678 5367 ἔνδυμα
2710 5296 2825 5365 φῶς
2849 5296 3177 5368 αὐτόχρημα
3211 5292 3624 5363 περικείμενον,
3660 5285 3863 5359 ξιφίδιόν

2300 5407 2360 5444 τε
2393 5391 2480 5444 διὰ
2516 5389 2698 5459 χειρὸς
2724 5387 2957 5456 Δἔχοντα,
2986 5388 3079 5439 καὶ
3121 5385 3183 5438 τὸ
3213 5385 3311 5454 μὲν
3335 5384 3411 5453 τῷ
3462 5381 3588 5434 ποδὶ
3632 5380 3862 5448 καθάπερ

2301 5483 2529 5547 ἐπάγειν
2589 5481 2870 5550 μέλλοντα.
2901 5478 3182 5548 ’Πρόσεισι
3228 5475 3427 5540 τοίνυν,
3456 5467 3537 5535 οἷς
3572 5471 3715 5525 κατὰ
3752 5472 3861 5532 τοὺς

2303 5572 2504 5633 ὕπνους
2535 5572 2632 5625 ἰδοι
2663 5569 3015 5635 πιστεύουσα,
3040 5571 3120 5623 ὅτι
3143 5568 3273 5639 παρ’
3291 5563 3457 5620 αὑτοῦ
3488 5566 3583 5617 καὶ
3611 5565 3711 5635 τὴν
3739 5563 3861 5616 ἴασιν

2304 5668 2591 5734 κομιεῖται.
2640 5663 2696 5717 '0
2738 5663 2794 5717 δὲ
2825 5662 2886 5716 τὸ
2914 5661 3008 5715 τοῦ
3045 5659 3281 5732 Χριστοῦ
3324 5658 3561 5721 καλέσας
3587 5652 3862 5727 ϐνομα,.τῷ

2303 5769 2361 5808 τε
2391 5752 2487 5807 τοῦ
2528 5751 2763 5824 σταυροῦ
2791 5750 2947 5823 τύπῳ
2969 5749 3151 5823 τρίτον
3176 5748 3347 5821 αὐτὴν
3372 5748 3608 5818 διασφρα
3620 5746 3785 5817 γίσας,
3809 5745 3872 5797 οὐ.
