4078 6332
597 392 732 458 8θ71

1809 398 1870 455 S.
1908 395 2282 455 SYMEONIS
2319 393 2679 458 JUNIORIS

3708 398 3855 458 307:?

604 506 807 560 virtute
837 505 951 557 hate
982 510 1161 572 patro.
1185 504 1288 559 Sed
1314 521 1435 574 quae
1461 520 1559 558 vos
1587 506 1641 558 in
1661 504 1823 558 corde
1844 505 1908 558 de
1938 521 2020 558 me
2045 521 2171 573 per-

2279 506 2404 574 ύμῖν
2468 509 2547 568 εἰς
2596 506 2821 577 καρδίαν
2855 507 2982 576 περὶ
3014 505 3170 577 ἐμοῦ,
3205 509 3361 571 ἵλεως
3409 508 3537 575 ὑμῖν
3566 506 3649 574 εἴη
3674 506 3802 566 Θεὸς
3834 521 3850 534 ⁸

600 611 789 665 peram
833 595 1138 664 cogitastis,
1181 597 1454 665 propitius
1501 593 1656 647 vobis
1700 594 1943 662 ignoscat
1994 595 2163 646 Deus:

601 687 870 740 adversus
919 686 1101 755 ipsum
1136 687 1283 740 enim
1315 684 1606 753 aperuistis
1653 699 1714 738 os
1747 694 2010 746 vestrum,
2063 699 2171 736 non

601 777 890 830 adversum
928 793 1047 842 me;
1090 778 1370 830 Altissimo
1402 777 1658 845 iniuriam
1699 775 2046 844 irrogasttsin
2071 774 2173 826 ini-

599 868 812 934 quitate
861 880 1040 922 vestra
1089 866 1513 935 cogitationibus
1562 874 1618 920 et
1645 865 1849 918 verbis.
1897 863 1975 916 Ex
2025 864 2174 918 hisce

601 972 733 1010 vero
758 955 932 1011 sancti
954 956 1118 1009 dictis
1142 963 1355 1008 tantum
1379 954 1733 1010 emolumenti
1757 961 2021 1021 ceperunt
2044 954 2174 1007 lide-

601 1045 701 1109 lcs,
732 1054 938 1115 quanto
988 1044 1239 1099 inﬁdeles
1285 1046 1494 1115 pudore
1519 1044 1710 1098 suffusi
1744 1051 1891 1098 sunt.

670 1133 762 1188 90.
793 1135 970 1204 Pagus
1003 1145 1143 1199 erat,
1193 1133 1394 1188 Severa
1441 1134 1642 1197 dictus,
1675 1134 1766 1187 ubi
1803 1133 1859 1186 in
1911 1132 2173 1202 pracipiti

603 1233 989 1292 prseruptoque
1021 1225 1172 1292 juxta
1197 1224 1339 1277 viam
1372 1223 1491 1292 loco
1516 1222 1680 1290 pinus
1702 1229 2016 1275 exere-verat
2046 1238 2058 1273 :
2081 1236 2174 1274 ac-

603 1312 745 1365 cidit
776 1312 1074 1380 aliquando
1101 1319 1159 1364 ut
1179 1311 1300 1379 pagi
1333 1309 1526 1363 incola:
1552 1309 1797 1362 nonnulli
1834 1296 1934 1362 sub
1962 1308 2174 1362 arboris

604 1400 798 1454 umbra
832 1399 1203 1463 considerent,
1241 1408 1406 1468 atque
1442 1413 1587 1452 unus
1613 1414 1644 1450 e
1673 1410 1924 1458 numero,
1954 1397 2172 1450 nomine

601 1490 858 1554 Jacobus,
880 1491 1028 1544 illam
1048 1489 1307 1558 cupidine
1329 1490 1607 1544 fructuum
1625 1488 2023 1556 carpendorum
2045 1500 2177 1541 con-

603 1579 914 1633 scenderet.
947 1578 1103 1643 Quod
1130 1579 1260 1631 dum
1286 1579 1417 1648 agit,
1443 1578 1712 1647 conspicit
1737 1577 1876 1630 duos
1899 1576 2176 1631 daemones

603 1668 674 1721 ad
706 1683 764 1722 se
801 1677 1176 1737 properantes,
1206 1676 1596 1736 arreptumque
1640 1666 1875 1736 pedibus
1914 1668 1968 1719 in
1989 1666 2174 1735 subje-

603 1767 752 1810 ctum
785 1758 1145 1827 przecipitium
1168 1760 1458 1826 jactantes,
1491 1758 1646 1826 cujus
1673 1757 1831 1810 simul
1857 1765 1913 1810 et
1961 1755 2174 1811 arboris

2273 597 2349 657 είς
2398 597 2603 647 ἐκεῖνον
2657 597 2764 664 γὰρ
2819 595 3004 647 ἔθεσθε
3067 597 3126 647 τὸ
3185 597 3360 664 στόμα
3412 596 3561 664 ὑμῶν
3605 595 3699 646 καὶ
3752 595 3851 646 οὐκ

2272 685 2358 744 είς·
2406 684 2526 751 ἐμὲ,
2573 684 2787 736 ἀδικίαν
2851 686 2930 747 είς
2977 687 3036 737 τὸ
3083 684 3216 752 ὕψος
3258 688 3313 737 ὲν
3349 687 3584 756 πονηρίᾳ
3629 685 3850 754 διανοη-

2274 773 2457 837 θέντες
2497 792 2555 826 τε
2602 777 2693 827 καὶ
2737 775 3088 843 λαλήσαντες.
3134 776 3318 829 Ταῦτα
3362 779 3507 842 παρά
3549 795 3643 828 του
3689 779 3851 844 ἀγίου

2273 865 2562 932 λεγόμενα,
2592 866 2861 933 τοσαύτης
2890 866 2987 927 τὰς
3011 866 3120 918 τῶν
3147 867 3353 919 πιστῶν
3381 867 3559 936 ψυχὰς
3584 869 3849 934 ὠφελείας

2279 955 2538 1025 ἐπλήρου,
2567 957 2667 1027 ὅση
2695 957 2792 1022 τὰς
2815 959 2922 1012 τῶν
2962 959 3206 1012 ἀπίστων
3242 961 3391 1029 ϐψεις
3424 960 3726 1013 ἐκάλυπτεν
3766 963 3854 1012 ὲν.

2275 1046 2474 1114 τροπή.

2348 1136 2617 1206 μ’.Κώμη
2671 1155 2754 1200 τις
2803 1139 2871 1208 ἧν
2923 1139 3231 1209 καλουμένη
3287 1141 3524 1209 Σευήρα,
3560 1142 3842 1212 στρόϐιλος

2274 1224 2332 1278 δὲ
2363 1227 2483 1278 κατ’
2509 1227 2680 1296 αὐτὴν
2703 1230 2793 1280 ὲπί
2828 1247 2971 1292 τινος
2993 1232 3240 1301 κρημνοῦ
3279 1233 3520 1301 μεγάλου
3549 1235 3644 1284 καὶ
3673 1235 3850 1303 ἀπορ-

2279 1314 2454 1384 ρὦος
2491 1319 2556 1387 τῇ
2585 1317 2688 1387 ὀδῷ
2717 1321 3118 1389 παρεπεφύκει.
3153 1323 3351 1391 Ἐτυχε
3408 1322 3506 1391 μὲν
3537 1323 3632 1376 οὖν
3663 1325 3855 1386 καθῆ-

2278 1405 2401 1466 σθαί
2426 1424 2556 1458 ποτε
2588 1408 2696 1460 τῶν
2722 1411 2785 1461 ὲκ
2814 1410 2913 1479 τῆς
2941 1409 3134 1480 κώμης
3162 1410 3316 1472 τινάς
3367 1412 3469 1463 ὑπὸ
3504 1414 3568 1482 τῇ
3603 1412 3695 1463 τοῦ
3730 1413 3852 1464 δέν-

2274 1494 2401 1563 δρου
2437 1499 2563 1567 σκιᾷ
2591 1515 2603 1527 ·
2644 1498 2739 1551 ἕνα
2769 1499 2826 1551 δὲ
2853 1499 3056 1552 τούτων
3101 1501 3356 1554 Ἰάκωϐον
3440 1502 3631 1570 ϐνομα,
3658 1503 3855 1554 ἐπιθυι

2279 1585 2376 1656 μία
2409 1587 2515 1640 τῶν
2552 1590 2616 1641 ἐκ
2645 1591 2736 1642 τοῦ
2768 1591 2983 1659 δένδρου
3017 1591 3266 1661 καρπῶν,
3289 1593 3374 1644 ἐπ’
3399 1594 3531 1645 αὐτὸ
3559 1593 3850 1662 ἀναϐῆναι.

2288 1676 2419 1748 Ὁρᾷ
2448 1679 2625 1733 τοίνυν
2654 1682 2747 1733 δύο
2767 1681 3026 1750 δαίμονας
3055 1681 3140 1735 ἐπ’
3175 1683 3336 1735 αὑτὸν
3379 1685 3632 1746 ἐλθόντας
3659 1687 3685 1736 6
3735 1684 3853 1736 Ἰά-

2276 1768 2451 1830 κωϐος
2480 1763 2654 1834 οὕτος,
2687 1773 2794 1823 τῶν
2824 1789 2881 1824 τε
2911 1772 3088 1826 ποδῶν
3115 1774 3451 1843 λαϐομένους
3482 1815 3497 1836 ,
3529 1775 3622 1826 καὶ
3660 1773 3852 1827 τοῦτον

601 1845 835 1899 altitudo
856 1846 1201 1914 septuaginta
1223 1845 1334 1898 fere
1365 1845 1565 1912 pedum
1592 1853 1731 1898 erat.
1755 1845 1891 1897 Dum
1919 1843 2086 1913 igitur
2114 1845 2167 1897 in

2277 1858 2417 1910 κατὰ
2434 1829 2535 1912 τοῦ
2569 1829 2815 1931 κρημνοῦ
2849 1863 3130 1932 ῥίψαντας.
3164 1866 3236 1917 Τὸ
3256 1829 3366 1932 μὲν
3393 1829 3596 1918 οὕνντοῦ
3624 1867 3845 1936 δένδρου

599 1927 907 1986 extremum
926 1933 1122 2002 capitis
1142 1934 1437 1986 discrimen
1460 1948 1516 1986 se
1535 1931 1664 1985 ferri
1687 1934 1873 1996 sentit,
1891 1947 1993 1986 nec
2008 1932 2170 1986 saluti

603 2024 904 2091 desperata:
920 2024 1079 2077 aliter
1098 2024 1348 2076 succurri
1373 2032 1577 2090 posset,
1598 2038 1759 2092 quam
1782 2033 1960 2091 potest
1985 2023 2174 2078 claris-

600 2115 738 2167 sima
752 2130 882 2167 voce
899 2123 1204 2182 promptam
1229 2121 1448 2182 sempeT
1477 2129 1658 2182 opem,
1695 2115 2169 2184 inexpugnabilem

599 2207 858 2259 virtutem
881 2247 894 2270 ,
929 2221 1036 2258 non
1074 2205 1424 2258 imminutam
1455 2205 1682 2274 gratiam
1707 2245 1720 2266 ,
1765 2203 2030 2259 famulum
2074 2205 2168 2258 Dei

599 2296 923 2365 Symeonem
957 2296 1231 2349 inclamat.
1286 2296 1426 2348 Ecce
1463 2303 1644 2348 autem
1696 2294 2023 2348 inclamatus
2079 2295 2170 2348 ille

599 2389 858 2457 supponit
881 2387 1087 2440 labenti
1119 2401 1334 2450 manus,
1376 2388 1552 2455 iisque
1582 2388 1796 2456 supinis
1823 2388 1977 2441 illum
2022 2390 2170 2442 exci-

598 2476 699 2544 pit,
729 2485 784 2529 et
806 2487 1051 2529 erectum
1078 2477 1230 2539 humi
1263 2477 1508 2544 deponit.
1539 2477 1745 2532 Deinde
1779 2488 1998 2532 rursum
2021 2479 2170 2532 videt

600 2574 802 2617 terram
847 2564 922 2618 ita
950 2564 1159 2620 diduci
1194 2575 1254 2619 ut
1286 2567 1402 2635 ipsa
1435 2568 1824 2638 detegerentur
1839 2568 2168 2623 fundamen-

600 2662 685 2719 ta;
720 2655 870 2708 videt
896 2663 952 2709 et
975 2664 1224 2709 sanctum
1248 2657 1424 2725 cippis
1467 2659 1745 2712 dzemones
1797 2659 2166 2713 includentcm

598 2753 656 2796 et
687 2743 742 2797 in
765 2744 1023 2814 abyssum
1049 2746 1391 2814 ablegantem
1419 2767 1433 2813 ;
1490 2764 1555 2802 ac
1612 2750 1796 2804 denuo
1855 2763 2079 2815 terram,
2109 2761 2170 2807 ut

599 2831 759 2886 initio
781 2833 980 2900 fuerat,
1023 2847 1334 2891 coeuntem.
1361 2839 1480 2903 Quo
1512 2849 1779 2908 tempore,
1809 2843 1976 2896 tantis
2005 2844 2169 2898 mira-

600 2924 741 2978 culis
763 2935 928 2995 atque
959 2929 1192 2982 ostentis
1220 2939 1535 2997 praeventus
1557 2932 1662 2985 fuit
1682 2932 1923 2988 Jacobus
1941 2973 1954 2997 ,
1973 2936 2169 2990 eodem

603 3013 854 3084 Symeon,
889 3033 1009 3085 qua:
1052 3018 1197 3072 circa
1234 3019 1412 3088 ipsum
1444 3020 1629 3073 divina
1673 3024 1874 3077 virtute
1914 3025 2170 3093 contige-

601 3113 744 3167 rant,
778 3105 1046 3160 fratribus
1078 3109 1192 3161 suis
1256 3112 1466 3163 retulit.
1509 3110 1762 3187 Nondum
1815 3123 1998 3167 autem
2045 3132 2166 3170 ser-
2199 3150 2240 3205 ο

602 3194 750 3246 moni
786 3196 949 3249 finem
982 3197 1338 3265 imposuerat,
1364 3215 1487 3253 cum
1509 3183 1682 3253 vicini
1710 3203 1933 3270 quidam
1956 3205 2166 3268 Jacobi,

601 3285 801 3352 gaudio
823 3296 993 3356 atque
1021 3289 1386 3345 admiratione
1410 3292 1560 3360 pleni
1600 3303 1920 3359 accurrunt,
1960 3299 2170 3365 accepti

602 3374 852 3430 beneficii
882 3378 1111 3447 gratiam
1152 3381 1502 3447 confitentes,
1565 3392 1620 3436 et
1657 3401 1777 3452 quae
1832 3385 1973 3439 facta
2015 3399 2172 3441 erant

601 3464 777 3533 palam
807 3468 1221 3522 annuntiantes.

670 3731 759 3786 9i.
791 3732 1066 3802 Leprosus
1089 3732 1314 3802 quidam
1355 3735 1591 3787 accessit
1618 3744 1826 3798 sancto,
1858 3748 1934 3801 et,
1956 3754 2024 3791 ne
2047 3739 2173 3808 quis

603 3823 854 3878 amentiae
886 3839 986 3877 nos
1016 3832 1228 3893 arguat,
1254 3821 1472 3887 iisdem,
1521 3825 1722 3892 quibus
1752 3827 1880 3879 olim
1921 3829 2173 3896 leprosus

604 3915 695 3969 ille
725 3914 792 3968 ad
815 3913 1119 3977 Christum,
1149 3913 1216 3967 ad
1241 3914 1390 3967 hunc
1430 3915 1614 3968 verbis
1641 3931 1771 3969 usus
1798 3927 1881 3972 est
1939 3919 2130 3972 dicens
2155 3937 2168 3973 :

603 4003 659 4058 Si
694 4003 795 4070 vis,
829 4013 984 4072 potes
1008 4019 1092 4059 me
1119 4004 1385 4057 mundare
1424 4005 1484 4057 ”.
1522 4005 1590 4057 Et
1633 4016 1856 4060 sanctus
1894 4011 2013 4077 pari
2045 4025 2168 4064 cum

601 4095 819 4150 fervore
846 4110 909 4148 ac
932 4095 1060 4157 ﬁde,
1083 4109 1249 4162 quam
1289 4094 1345 4148 in
1377 4093 1471 4146 illo
1498 4095 1773 4163 praecipue
1828 4110 2166 4166 respexerat,

602 4189 774 4241 frctus
796 4187 1046 4249 Domino,
1074 4186 1168 4255 qui
1203 4185 1386 4239 omnia
1417 4185 1664 4239 credenti
1699 4188 1985 4255 possibilia
2043 4205 2166 4244 esse

601 4278 953 4331 enuntiavit:
996 4278 1151 4341 Volo,
1183 4277 1382 4346 inquit,
1419 4284 1470 4330 te
1512 4276 1767 4331 mundari
1798 4299 1811 4332 :
1860 4296 2050 4334 verum
2085 4282 2169 4337 fac

602 4369 823 4422 domum
851 4367 1036 4427 abeas,
1072 4377 1126 4419 et
1158 4367 1425 4436 benignus
1455 4366 1618 4431 Deus,
1648 4367 1743 4436 qui
1779 4379 1968 4422 nostra
2005 4387 2167 4427 causa

2272 1950 2364 2002 καὶ
2401 1951 2492 2003 τοῦ
2526 1954 2769 2022 κρημνοῦ
2802 1953 2934 2020 ὕψος
2988 1955 3115 2024 περὶ
3150 1957 3276 2017 τοὺς
3322 1955 3694 2023 ἐϐδομήκοντα
3753 1957 3853 2007 πός

2269 2039 2364 2101 δας
2391 2037 2479 2110 ἦν’
2509 2043 2537 2093 6
2575 2042 2628 2093 δὲ
2667 2045 2747 2105 είς
2777 2043 3000 2111 ἔσχατον
3058 2045 3302 2097 κινδύνου
3345 2047 3644 2115 φερόμενον
3704 2047 3848 2113 ὁρῶν

2270 2132 2482 2194 ἑαυτὸν,
2526 2134 2622 2185 καὶ
2689 2135 2810 2203 μηδ’
2843 2134 3018 2186 ὁτιοῦν
3068 2137 3126 2186 ὲν
3167 2135 3337 2197 οὕτως
3372 2137 3638 2206 ἀμηχάνῳ
3687 2138 3847 2207 κακῷ

2269 2222 2464 2290 δρᾶσαι
2493 2223 2810 2292 δυνάμενος,
2841 2227 2994 2294 φωνῇ
3027 2225 3101 2288 ὡς
3149 2221 3264 2294 εἶχε
3301 2227 3535 2296 μεγάλῃ,
3565 2229 3663 2297 τὴν
3701 2229 3845 2280 ἑτοί-

2274 2329 2378 2381 μην
2437 2311 2705 2381 βοήθειαν,
2741 2314 2840 2381 τὴν
2896 2315 3107 2383 ἄμαχον
3149 2315 3399 2386 δύναμιν,
3437 2319 3534 2385 τὴν
3562 2320 3622 2369 οὑ
3648 2319 3847 2389 βραδύ-

2270 2422 2463 2458 νουσαν
2491 2406 2669 2475 χάριν,
2703 2406 2792 2459 τὸν
2817 2407 2911 2460 τοῦ
2937 2407 3070 2459 Θεοῦ
3118 2408 3422 2477 θεράποντα
3449 2409 3675 2478 Συμεὼν
3713 2413 3845 2462 ἐπε-

2271 2497 2503 2548 καλεῖτο.
2541 2495 2646 2548 Καὶ
2676 2497 2804 2560 ἰδοὺ,
2834 2501 3019 2566 χεῖρας
3047 2497 3270 2568 ὑπέχων
3297 2502 3521 2564 ἐκεῖνος
3563 2502 3656 2552 καὶ
3713 2501 3843 2553 ταύ-

2271 2603 2390 2649 ταις
2436 2586 2597 2639 αὐτὸν
2640 2589 2858 2650 ὑπτίαις
2914 2589 3226 2657 δεξάμενος,
3252 2592 3346 2643 καὶ
3385 2591 3563 2660 ὄρθιον
3614 2594 3840 2660 στήσας.

2273 2672 2403 2726 Εἶτα
2427 2674 2585 2727 πάλιν
2614 2675 2713 2746 ὁρᾷ
2741 2676 2840 2747 τὴν
2860 2676 2962 2744 γῆν
2989 2675 3132 2728 οὕτω
3164 2677 3510 2746 διασχοῦσαν,
3539 2679 3613 2740 ὠς
3643 2683 3846 2733 ἀνακα-

2265 2759 2530 2832 λυφθῆναι
2589 2761 2684 2816 καὶ
2799 2764 2865 2817 τὰ
2919 2764 3146 2833 θεμέλια
3199 2766 3423 2835 ταύτης,
3459 2767 3618 2819 κλοιά
3665 2785 3722 2820 τε
3754 2768 3845 2821 τδν

2274 2853 2464 2920 Ἀγιον
2491 2856 2599 2915 τοῖς
2623 2854 2839 2924 δαίμοσι
2873 2856 3186 2923 περιθέντα,
3217 2859 3356 2909 κατὰ
3383 2859 3482 2927 τῆς
3517 2859 3755 2912 ἀϐύσσου
3783 2878 3842 2913 τε

2273 2946 2470 3007 αὐτοὺς
2509 2942 2729 3009 ἀφέντα,
2761 2946 2855 2998 καὶ
2904 2946 2999 3016 τὴν
3051 2950 3154 3017 γῆν
3202 2948 3358 3010 αὖθις
3387 2949 3464 3011 ὡς
3491 2951 3550 3001 τὸ
3586 2950 3841 3019 ἀπαρχῖκ

2275 3035 2649 3089 συνελθοῦσαν.
2697 3036 2753 3088 '0
2785 3037 2882 3106 μὲν
2923 3037 3018 3089 οὕν
3060 3038 3314 3100 Ἰάκωϐος
3352 3039 3609 3092 τοιούτων
3647 3039 3840 3107 ἠξίωτο

2275 3125 2564 3195 θαυμάτων
2600 3127 2712 3194 ἅμα
2759 3129 2849 3178 καὶ
2876 3127 3160 3196 θεαμάτων
3184 3144 3198 3164 ρ
3235 3131 3292 3180 ἐν
3322 3130 3559 3198 τοσούτῳ
3590 3129 3646 3180 δὲ
3689 3133 3780 3182 καὶ
3813 3133 3841 3181 6

2277 3217 2498 3284 Συμεὼν
2531 3216 2596 3267 τὶ
2645 3217 2723 3277 είς
2760 3219 2962 3269 ἐκεῖνον
2991 3218 3112 3287 θείᾳ
3153 3218 3375 3286 δυνάμει
3411 3221 3680 3287 γενόμενα
3708 3220 3840 3289 πρὸς

2274 3305 2372 3374 τὴν
2405 3305 2736 3374 ἀδελφότητα
2790 3298 3008 3375 διεξῄει.
3055 3306 3221 3359 Οὕπω
3276 3307 3425 3369 τέλος
3463 3308 3610 3377 αὐτῷ
3639 3305 3782 3376 εἶχεν
3811 3309 3840 3360 6

2273 3398 2448 3464 λόγος,
2490 3396 2580 3448 καὶ
2598 3398 2949 3462 ἀρικνοῦνταί
2973 3414 3115 3458 τινες
3143 3397 3251 3450 τῶν
3277 3397 3666 3467 πλησιοχώρων
3689 3399 3838 3469 αὑτῷ

2285 3488 2544 3557 Ἰακώϐῳ,
2571 3488 2848 3558 θαύματος
2894 3490 3081 3558 μεστοὶ
3125 3491 3225 3553 τὰς
3270 3491 3471 3561 ψυχὰς,
3497 3495 3724 3563 χάριτάς
3779 3509 3838 3544 τε

2272 3577 2536 3648 τοσαύτης
2561 3567 2878 3647 εὐεργεσίας
2906 3579 3317 3649 ὁμολογοῦντες,
3362 3585 3456 3636 καὶ
3514 3587 3702 3651 σαφεῖς
3734 3583 3839 3636 τῶν

2273 3669 2654 3738 γεγενημένων
2680 3670 2923 3737 ἄγγελοι.

2344 3763 2452 3824 ιιακ
2483 3761 2876 3830 Προσῆλθέτις
2928 3762 3003 3831 τῷ
3043 3762 3210 3830 Ἀγίῳ
3256 3762 3476 3828 λεπρὸς,
3512 3764 3602 3816 καὶ
3626 3763 3724 3833 (μή
3761 3781 3839 3826 τις

2273 3851 2421 3917 ἡμᾶς
2448 3851 2752 3920 ὲπιτιμάτω
2783 3852 2880 3919 τῆς
2910 3853 3188 3922 ἀπονοίας)
3219 3853 3293 3915 ὥς
3321 3870 3452 3905 ποτε
3485 3857 3576 3906 καὶ
3619 3854 3694 3922 τῷ
3733 3856 3837 3922 Ἰη-

2275 3937 2369 3988 σοῦ
2423 3937 2493 3989 τὰ
2542 3940 2679 3994 αύτά
2730 3955 2788 3990 τε
2844 3939 3212 4008 φθεγγόμενος
3251 3941 3467 4009 ἐκείνῳ,
3507 3942 3628 3992 Ἐὰν
3657 3941 3832 4012 θέλῃς,

2271 4025 2494 4078 δύνασαί
2549 4044 2615 4093 με
2665 4027 2980 4097 καθαρίσαι,
3012 4028 3110 4080 καὶ
3161 4028 3296 4096 μετά
3328 4029 3428 4096 τῆς
3487 4031 3607 4100 ίσης
3633 4030 3835 4099 θέρμης

2273 4118 2364 4169 καὶ
2398 4117 2650 4179 πίστεως.
2687 4119 2829 4186 Πρὸς
2870 4117 2923 4169 ὅν
2954 4121 2980 4170 6
3018 4118 3107 4169 τοῦ
3158 4118 3292 4170 Θεοῦ
3345 4119 3529 4181 δοῦλος
3587 4120 3732 4179 ίδὼν,
3764 4121 3838 4189 τῷ

2270 4222 2328 4257 τε
2390 4206 2574 4275 οἰκείῳ
2626 4207 2889 4277 Δεσπὸτῃ,
2923 4206 3124 4258 δυνατά
3170 4207 3248 4275 τῷ
3313 4207 3622 4260 πιστεύοντι
3665 4209 3838 4262 πάντα

2270 4294 2811 4366 είπόντι,θαρρήσας,
2826 4296 2996 4358 Θέλω,
3026 4298 3180 4366 φησὶ,
3212 4296 3705 4366 καθαρισθῆναίσε,
3731 4300 3836 4351 ἀλλ’

2271 4383 2388 4454 ὥρα
2411 4401 2490 4436 σοι
2521 4385 2702 4436 λοιπὸν
2728 4385 2914 4437 οἴκαδε
2947 4385 3233 4448 ἀπελθεῖν,
3277 4387 3376 4438 καὶ
3404 4388 3432 4438 6
3479 4387 3679 4453 ἀγαθὸς
3715 4388 3838 4450 Θεὸς

598 4475 631 4513 e
655 4472 820 4512 cruce
849 4457 1110 4526 suspendi
1143 4456 1397 4526 dignatus
1422 4465 1527 4523 est,
1558 4457 1674 4525 ipse
1700 4473 1796 4526 per
1845 4459 2166 4515 immensam

2279 4493 2398 4544 μου,
2426 4477 2454 4528 6
2483 4477 2574 4527 καὶ
2605 4474 2822 4544 σταυρῷ
2854 4473 3238 4545 κρεμασθῆναι
3271 4476 3335 4526 δι’
3369 4477 3515 4545 ἡμᾶς
3569 4477 3670 4530 οὐκ
3703 4480 3840 4529 ἀπα-

599 4551 902 4604 bonitatem
932 4559 1078 4602 tuam
1121 4556 1172 4602 te
1208 4548 1426 4602 inviset.
1466 4550 1637 4604 Dictis
1687 4548 1849 4604 ﬁdem
1901 4550 2170 4607 adhibens

596 4644 873 4718 leprosus,
899 4641 1123 4696 domum
1156 4641 1321 4718 redit,
1345 4651 1507 4711 atque
1532 4642 1623 4696 illa
1649 4654 1813 4698 nocte
1863 4644 2007 4712 (quae
2070 4645 2174 4698 lin-

596 4713 700 4807 gua
726 4713 1179 4788 misericordiam.
1196 4739 1346 4784 tuam
1381 4731 1693 4796 annuntict,
1725 4731 1956 4786 Domine
2004 4733 2170 4798 Deus,

597 4842 694 4880 rex
732 4824 982 4890 noster?)
1030 4821 1303 4890 conspicit
1337 4822 1595 4891 juvenem
1648 4822 1942 4890 quemdam
1988 4824 2172 4892 specie

596 4916 846 4986 fulgenti,
885 4913 1196 4967 dicentem:
1239 4912 1309 4967 Ut
1350 4911 1659 4976 credidisti,
1707 4912 1802 4968 ﬁat
1857 4914 1980 4967 tibi.
2036 4914 2168 4979 Quae

595 5007 765 5062 verba
797 5020 1048 5060 somnum
1068 5012 1430 5059 excusserunt
1463 5005 1695 5070 homini,
1719 5014 1774 5058 et
1825 5021 1949 5059 cum
1977 5023 2170 5062 somno

595 5099 842 5166 lepram;
886 5106 943 5151 et
976 5106 1124 5151 totus
1181 5096 1479 5149 mundatus
1521 5097 1645 5160 fuit,
1690 5113 1868 5165 praeco
1912 5099 2170 5167 potentiae

595 5185 796 5239 divine
841 5202 899 5240 re
943 5187 1128 5255 potius
1206 5201 1368 5256 quam
1435 5186 1621 5240 verbis
1672 5185 1866 5241 factus.
1919 5188 2169 5258 Cumque

598 5274 748 5342 quod
781 5276 1117 5331 retribueret
1148 5292 1255 5330 non
1281 5277 1532 5340 haberet,
1587 5276 1982 5347 gratitudinem
2003 5279 2172 5332 animi

596 5365 881 5430 exhibuit;
916 5375 1266 5435 acceptoque
1312 5382 1538 5420 nummo
1577 5381 1768 5429 aureo,
1817 5367 2054 5420 recurrit
2104 5367 2172 5421 ad

601 5466 881 5524 sanctum;
909 5474 1040 5522 non,
1079 5467 1138 5511 ut
1177 5460 1351 5528 prius,
1412 5458 1563 5511 sanie
1611 5457 1867 5512 difﬂuens
1908 5474 1972 5512 ac
2022 5460 2172 5528 lepra

603 5547 1039 5612 eontabesceus,
1110 5549 1206 5603 sed
1256 5547 1604 5603 reviviscenti
1690 5547 2170 5620 reﬂorescentique

672 5727 712 5755 "
757 5724 943 5778 Matth.
983 5743 1091 5790 vttt,
1141 5727 1192 5779 2.

2272 4565 2495 4632 ξιὼσας,
2528 4567 2686 4629 αὑτός
2744 4583 2802 4618 σε
2857 4570 2924 4635 τῇ
2975 4566 3184 4636 μεγάλῃ
3212 4569 3496 4637 ἐπισκοπῇ
3518 4568 3616 4635 τῆς
3640 4570 3837 4631 οἰκείας

2271 4657 2635 4726 χρηστότητος
2666 4657 3045 4722 ἐπισκέψεται.
3077 4656 3297 4718 Τούτοις
3321 4658 3348 4708 6
3375 4656 3573 4725 λεπρὸς
3620 4659 3835 4710 πιστεύ-

2275 4761 2392 4806 σας,
2422 4745 2702 4797 ἐπάνεισιν
2745 4743 3085 4807 είςτὺνοῖκον
3107 4761 3119 4773 ·
3139 4744 3231 4798 καὶ
3260 4746 3356 4813 τῆς
3390 4747 3583 4809 νυκτὸς
3632 4749 3836 4813 ἐκείνης

2271 4836 2422 4906 (ποία
2474 4835 2712 4902 γλῶσσα,
2761 4836 2963 4904 Χριστὲ
3003 4836 3246 4904 βασιλεῦ,
3276 4835 3558 4902 ἐξαγγελεῖ
3596 4839 3664 4890 τὰ
3719 4839 3834 4906 εὶέη

2280 4941 2372 4976 σου
2404 4922 2584 4993 ;)ὀρᾷ
2617 4924 2867 4994 λαμπρόν
2916 4942 3036 4977 τινα
3091 4926 3307 4977 νεανίαν
3341 4927 3400 4979 τὸ
3435 4923 3592 4991 εἶδος,
3627 4930 3835 4980 είπόντα

2278 5015 2444 5084 αὐτῷ,
2479 5015 2566 5078 Ὠς
2598 5014 2945 5080 ἐπίστευσας,
2982 5016 3264 5085 γενηθήτω
3301 5034 3401 5069 σοι.
3430 5019 3539 5069 Καὶ
3577 5017 3638 5068 τὸ
3692 5020 3833 5087 ῥῆμα

2275 5105 2365 5156 τὸν
2396 5105 2596 5175 λεπρὸν
2628 5105 2913 5168 διῦπνίζει,
2952 5106 3048 5157 κα)⁵
3098 5107 3174 5175 τῷ
3228 5106 3380 5176 ὕπνῳ
3437 5109 3827 5175 ωναπηλθενή

2278 5195 2451 5265 λέπρα
2477 5213 2492 5228 ·
2518 5197 2612 5248 καὶ
2640 5195 2876 5265 καθαρὸς
2890 5197 3007 5257 ὅλος
3030 5191 3118 5265 ἦν,
3145 5198 3432 5265 πράγμασι
3454 5198 3656 5266 μᾶλλον
3682 5198 3712 5266 ἦ
3747 5200 3831 5268 ρήο

2283 5299 2413 5351 μασι
2467 5283 2749 5353 κηρύττων
2779 5283 2878 5345 τὰς
2907 5283 3001 5336 τοῦ
3038 5284 3170 5337 Θεοῦ
3229 5286 3564 5350 δυναστείας.
3609 5288 3833 5339 Ἀντυῑοο

2283 5388 2365 5423 σιν
2387 5373 2566 5425 τοίνυν
2605 5371 2808 5439 ἀγαθοῦ
2834 5374 3059 5426 τοσοῦδε
3093 5375 3166 5444 μὴ
3190 5374 3349 5444 ἔχων,
3375 5377 3526 5444 ὅμως
3551 5376 3649 5445 τῆς
3671 5377 3837 5444 ψυχης

2277 5463 2492 5526 δεικνὺς
2546 5466 2644 5537 τὴν
2673 5462 3114 5535 εὐγνωμοσύνην,
3166 5467 3388 5536 χρυσίον
3432 5466 3633 5532 λαϐὼν,
3689 5468 3837 5535 φοιτᾷ

2280 5557 2428 5626 παρὰ
2484 5555 2574 5609 τὸν
2629 5555 2820 5624 Ἂγιον
2877 5553 3075 5622 αὖθις,
3131 5558 3228 5626 οὐχ
3281 5557 3355 5620 ὡς
3411 5558 3602 5628 πρώην
3657 5558 3834 5628 ἰχῶρτι
