4078 6332
288 374 430 437 3073

1289 374 1462 432 VlTA
1504 376 1546 432 Λ
1593 373 2026 433 NICEPHORO
2064 374 2545 438 CONSCRIPTA.

3389 335 3529 436 sort

289 490 426 552 ζέων
458 489 548 542 καὶ
588 489 768 560 λέπρᾳ
807 485 1194 555 κατεσκληκώς
1223 527 1237 550 ,
1269 487 1384 538 ἀλλ’
1409 481 1519 538 οἷον
1559 486 1860 539 ἀναϐεϐιω-

1965 487 2160 542 similis
2187 527 2200 544 .
2243 488 2520 557 quomodo
2555 502 2655 541 nec
2706 496 2976 557 speratam
3021 485 3242 556 quidem
3297 484 3528 554 adeptas

288 581 402 645 κὼς
429 584 552 654 ἄρτι
578 583 673 636 καὶ
703 580 998 649 ἀναθήλας,
1025 581 1170 639 ὅπως
1204 581 1300 648 τῆς
1327 578 1629 650 παραδόξου
1656 578 1860 648 ταύτης

293 673 487 733 ἱὰσεως
539 672 725 740 τύχοι,
760 669 944 737 σαφῶς
998 668 1382 737 ἐξηγούμενος.
1451 669 1508 720 Ὁ
1556 670 1613 721 δὲ
1659 670 1719 721 τὸ
1767 671 1864 737 μὲν

289 762 512 831 χρυσίον
552 761 691 814 κατὰ
738 761 800 812 τὸ
834 760 1062 829 σύνηθες
1084 761 1145 812 οὐ
1191 760 1536 829 προσήκατο,
1568 759 1683 812 ἀλλ’
1717 761 1866 812 ἀντι-

295 852 513 920 μισθίαν
552 850 742 920 ἱκανὴν
786 849 935 918 αὑτῷ
975 849 1110 919 πρὸς
1139 851 1270 901 Θεὸν
1307 847 1525 918 διηνεκῆ
1558 849 1867 917 παραγγέλ-

288 938 612 1008 λειμᾶλλον,
662 938 1032 1008 εὐχαριστίαν.
1072 936 1358 1004 Ἰουλιανὸς
1408 937 1465 988 δὲ
1516 937 1624 991 τῶν
1680 937 1856 1008 μαθη-

288 1031 398 1082 τῶν
436 1026 540 1092 εἷς,
564 1028 688 1081 νοῦν
745 1029 900 1098 ἔσχεν
930 1028 1038 1081 ἀπὸ
1083 1026 1176 1080 τοῦ
1204 1027 1428 1095 χρυσίου
1452 1026 1634 1080 λαϐεῖν
1677 1042 1692 1057 °
1721 1028 1860 1097 ὅπερ

289 1123 382 1174 τὸν
410 1121 549 1173 θεῖον
583 1118 804 1190 Συμεὼν
844 1120 956 1180 τοῖς
979 1118 1133 1173 ἔνδον
1163 1117 1462 1186 ὀφθαλμοῖς
1489 1119 1548 1171 οὐ
1588 1117 1860 1171 διαλαθόν·

290 1213 356 1264 Ei
390 1212 590 1280 βούλει,
612 1212 746 1280 πρὸς
777 1211 868 1264 τὸν
897 1210 1146 1281 μαθητὴν
1168 1210 1295 1279 ἔφη,
1328 1209 1464 1277 μετὰ
1495 1208 1588 1261 τοῦ
1637 1210 1862 1278 χρυσίου

292 1301 388 1352 καὶ
438 1301 536 1370 τὴν
572 1300 780 1370 λέπραν
830 1298 1142 1362 ἀναλαϐεῖν,
1169 1299 1245 1361 ὡς
1274 1297 1435 1365 Γιεζὴ
1481 1297 1578 1350 τοῦ
1607 1295 1860 1366 Ναιεμὰν

290 1393 495 1453 ἐκεῖνος
521 1431 538 1452 ,
571 1390 666 1443 καὶΙ
713 1391 912 1459 τρόπον
935 1390 1120 1459 ἕτερον
1144 1389 1311 1457 αὐτὴν
1333 1386 1725 1456 ἐξωνήσασθαι,
1761 1386 1858 1439 λα-

292 1481 403 1534 ϐὼν
460 1481 659 1547 μᾶλλον
711 1479 742 1548 ἢ
798 1479 1087 1531 δεδωκὼςι
1146 1477 1363 1527 Τούτων
1402 1477 1712 1529 ἀκούσαντα
1771 1477 1860 1527 τὸν

1965 578 2306 632 sanationem
2340 589 2486 631 esset
2551 576 2837 630 manifeste
2876 593 2942 631 ac
2988 578 3164 646 palam
3217 576 3526 644 divulgans.

1965 665 2202 721 Sanctus
2238 683 2370 720 vero
2405 681 2599 719 aurum
2639 681 2792 721 more
2819 681 2919 720 suo
2975 681 3086 720 non
3138 665 3380 730 admisit,
3431 666 3528 720 sed

1963 772 2064 826 pro
2102 758 2544 810 remuneratione
2589 755 2755 826 digna
2814 767 3112 825 perpetuas
3158 756 3272 809 Deo
3325 755 3530 824 gratias

1962 845 2280 914 persolvere
2303 844 2558 914 iniunxit.
2589 843 2842 898 Julianus
2874 859 3042 912 porro
3102 859 3244 898 unus
3291 842 3533 912 discipu-

1963 934 2163 998 lorum,
2193 935 2410 987 induxit
2446 933 2500 986 in
2527 933 2770 987 animum
2798 933 3046 1003 accipere
3091 948 3286 987 aurum
3328 950 3342 986 :
3383 933 3531 1001 quod

1973 1033 2031 1076 ut
2065 1023 2312 1076 internos
2347 1020 2633 1092 Symeonis
2649 1023 2839 1076 oculos
2868 1037 2979 1075 non
3008 1022 3192 1085 latuit,
3237 1021 3314 1074 ait
3365 1021 3532 1074 disci-

1965 1113 2123 1182 pulo:
2156 1112 2323 1168 Visne
2355 1128 2481 1168 cum
2525 1127 2662 1166 auro
2701 1113 2864 1166 simul
2897 1118 2954 1166 et
3012 1111 3220 1181 lepram
3256 1112 3528 1179 accipere,

1965 1202 2192 1258 utGiezi
2218 1202 2309 1255 ille
2339 1201 2548 1270 lepram
2567 1201 2779 1270 Naami,
2811 1207 2868 1253 et
2889 1199 2997 1252 alio
3014 1199 3177 1252 modo
3209 1198 3355 1251 illam
3384 1197 3532 1250 redi-

1964 1307 2114 1346 mere
2132 1332 2146 1357 ,
2172 1290 2308 1345 dans
2336 1290 2522 1361 potius
2535 1304 2697 1358 quam
2734 1288 3048 1357 accipiens?
3077 1287 3174 1342 His
3193 1286 3398 1342 auditis
3420 1302 3530 1339 non

1969 1381 2134 1436 modo
2177 1381 2442 1435 abstinuit
2478 1378 2780 1447 discipulus
2828 1377 2918 1430 ille
2948 1417 2963 1441 ,
3000 1377 3095 1432 sed
3145 1377 3361 1432 veniam
3392 1372 3534 1444 quo-3

1967 1489 2075 1542 que
2104 1458 2562 1542 concupiscentia
2595 1485 2710 1524 sum
2733 1467 2880 1522 illico
2907 1469 3087 1536 petiit,
3119 1480 3173 1522 et
3202 1467 3434 1537 accepit.

294 1576 544 1649 μαθητὴν
574 1566 1229 1651 οὖκάποσχέσθαιημόνον,
1248 1573 1383 1628 ἀλλὰ
1413 1573 1501 1626 καὶ
1531 1569 1861 1640 συγγνώμην
1891 1567 2050 1630 εὐθὺς
2073 1568 2292 1637 αἰτῆσαι
2316 1566 2408 1620 τοῦ
2443 1566 2827 1635 ἐνθυμήματος
2858 1567 2954 1620 καὶ
2993 1565 3198 1617 λαϐεῖν,

1727 1685 1952 1742 CAPUT
1981 1683 2099 1740 ΧΠ.

693 1809 1087 1862 ‘Monasterium
1143 1809 1370 1861 monitus
1415 1825 1446 1860 α
1501 1807 1605 1860 Deo
1644 1805 2105 1869 ea'strttt'tmquam
2131 1802 2366 1869 impetrat
2418 1817 2480 1854 ac
2523 1800 2812 1853 diutissime
2858 1809 3147 1853 conservat.

365 1927 471 1997 ιβ’.
511 1927 585 1979 Τὸ
622 1925 803 1994 μέντοι
830 1926 975 1996 ὅρος,
1007 1927 1064 1979 ἐν
1103 1919 1148 1992 ᾧ
1183 1924 1282 1996 τὴν
1317 1923 1538 1995 ἀγωγὴν
1577 1925 1603 1976 ὁ
1632 1922 1858 1992 Συμεὼν

2035 1920 2122 1973 92.
2186 1919 2460 1973 Caeterum
2519 1933 2676 1972 mons
2735 1918 2786 1970 in
2820 1932 2929 1986 quo
2990 1918 3224 1987 Symeon
3280 1919 3532 1988 degebat,

275 2020 549 2082 -ὲποιεῖτο,
574 2018 780 2088 ἔρημος
806 2014 873 2089 ἦν
899 2019 1160 2088 ἀτεχνῶς,
1189 2017 1288 2086 οὐχ
1318 2015 1536 2079 ὕδατος,
1578 2017 1678 2067 οὐκ
1705 2014 1864 2068 ἄλλον

292 2113 433 2182 πρὸς
463 2111 530 2163 τὰ
563 2109 834 2178 ἀναγκαῖά
877 2126 1019 2173 τινος
1050 2109 1337 2179 εὐποροῦν,
1367 2109 1447 2161 ὅτι
1479 2108 1555 2177 μὴ
1599 2107 1863 2176 καλύϐης,

292 2204 390 2255 καὶ
438 2201 638 2271 ταύτης
683 2201 830 2270 μιᾶς,
871 2200 938 2270 ἢν
990 2201 1040 2252 οἱ
1087 2199 1329 2269 μαθηταὶ
1379 2197 1604 2268 μετ-ρίαν
1652 2199 1865 2260 ἑαυτοῖς

291 2291 563 2360 ἐπήξαντο
624 2291 868 2360 σκέπην*
921 2289 1080 2352 αὐτὸς
1122 2289 1230 2358 γὰρ
1271 2289 1363 2340 ἐπὶ
1395 2288 1494 2358 τῆς
1532 2289 1758 2359 πέτρας,
1791 2289 1865 2352 ὡς

291 2377 540 2447 ἐμνήσθη
551 2395 671 2447 μεν,
691 2380 748 2430 ὲν
767 2377 1019 2446 ὑπαίθρῳ
1036 2377 1306 2446 εἱστήκει,
1326 2376 1664 2446 δερματίνην
1683 2379 1870 2448 μηλω-

290 2471 395 2538 τὴν
410 2489 476 2522 πε
487 2453 701 2540 ρικείμε
713 2489 817 2532 νος.
837 2472 988 2524 Ἐπεὶ
998 2470 1056 2522 δὲ
1077 2470 1248 2523 πολλὰ
1260 2469 1601 2537 πανταχόθεν
1615 2471 1870 2541 συνέρρει

289 2553 433 2622 πρὸς
479 2553 640 2608 αὑτὸν
687 2553 944 2606 ἑκάστοτε
980 2554 1179 2622 πλήθη,
1215 2555 1277 2607 οὐ
1313 2557 1582 2624 πνεύμασι
1612 2560 1867 2626 πονηροῖς

293 2644 479 2710 μόνον,
533 2643 667 2694 ἀλλὰ
715 2644 808 2694 καὶ
843 2643 1204 2707 παντοδαποῖς
1246 2643 1495 2710 σώματος
1544 2645 1741 2696 πάθεσι
1772 2645 1866 2696 καὶ

287 2732 468 2793 νόσοις
494 2733 942 2802 κατειλημμένων
976 2734 1178 2803 (ἐπίεζε
1209 2734 1264 2786 δὲ
1300 2736 1494 2799 αὐτοὺς
1525 2737 1559 2804 ἦ
1586 2752 1645 2788 τε
1675 2735 1865 2803 ἄφιλος

287 2820 519 2888 ἐρημία,
553 2823 700 2891 καὶὴ
737 2810 842 2872 τῶν
859 2823 1164 2890 ἀναγκαίων
1186 2825 1382 2889 ἔνδεια,
1415 2827 1509 2877 καὶ
1537 2827 1597 2878 τὸ
1623 2829 1864 2897 ἐσχάτως

288 2912 520 2981 ἄνυδρόν
565 2930 624 2964 τε
667 2915 761 2966 καὶ
782 2914 1055 2983 ἄστεγον),
1088 2918 1114 2967 ὁ
1143 2919 1320 2980 κοινὸς
1361 2918 1453 2969 καὶ
1485 2917 1864 2990 φιλάνθρωπος

288 3004 547 3059 ἁπάντων
599 3007 835 3076 Ποιητής
886 3011 979 3060 καὶ
1036 3009 1224 3079 Πατὴρ
1257 3012 1364 3063 καὶ
1405 3013 1700 3080 Δεσπότης,
1727 3014 1765 3063 ,ὁ
1795 3015 1860 3082 τῇ

289 3092 440 3162 ισχύῖ
473 3094 635 3145 αὑτοῦ
677 3098 746 3164 τῇ
793 3097 1023 3167 μεγάλῃ,
1056 3099 1148 3148 καὶ
1181 3097 1258 3166 τῷ
1293 3097 1546 3168 βραχίονι
1593 3099 1756 3151 αὑτοῦ
1787 3101 1864 3169 τῷ

286 3182 482 3289 6qu)?
521 3185 696 3237 πάντα
727 3185 918 3248 ποιῶνι,
943 3188 980 3289 δ
1000 3187 1177 3257 ,μέγας
1205 3191 1270 3258 τῇ
1306 3189 1467 3259 βουλῇ
1513 3191 1606 3242 καὶ
1637 3189 1864 3253 δυνατὸς
1893 3233 1935 3289 C

282 3275 403 3334 τοῖς
450 3272 650 3342 ἔργοις,
681 3277 709 3327 ό
747 3275 901 3338 εἰδὼς
946 3271 1021 3328 ὧν
1063 3277 1252 3348 χρείαν
1281 3277 1499 3348 ἔχομεν,
1544 3279 1640 3332 καὶ
1678 3281 1770 3348 ἀφ’
1804 3275 1866 3332 οὗ

286 3363 736 3433 ἁποκρυϐήσεται
785 3366 956 3428 οὐδὲν,
1005 3359 1157 3428 οὗτος
1217 3369 1313 3418 καὶ
1361 3366 1456 3419 νῦν
1513 3367 1591 3438 τῷ
1643 3368 1867 3438 Συμεὼν

274 3452 612 3518 παραδόξως
641 3453 847 3521 ὀφθείς·
885 3455 996 3524 Οὐχ
1034 3451 1162 3526 ὁρᾷς
1192 3455 1288 3525 τὴν
1319 3457 1640 3530 ὀλιγόψυχον
1664 3458 1868 3529 ταύτην

293 3544 502 3610 γενεὰν,
530 3544 656 3614 ἔφη,
685 3546 832 3607 ὅπως
856 3545 1110 3608 ἀδύνατος
1137 3549 1316 3611 αὐτοῖς
1345 3551 1377 3615 ἡ
1409 3548 1642 3602 ἐνταῦθα
1666 3549 1868 3620 διατρι-

283 3633 382 3703 6η,
408 3637 481 3703 μὴ
499 3637 812 3720 προσόντωχ
835 3637 943 3690 τῶν
973 3640 1112 3691 κατὰ
1139 3641 1363 3710 χρείαν;
1401 3641 1558 3695 Ἀλλὰ
1580 3643 1711 3713 παρ’
1731 3643 1864 3712 ἐμοῦ

283 3725 462 3778 ταῦτα
494 3729 588 3778 καὶ
629 3729 781 3780 αὐτοὶ
805 3729 1140 3798 κομιοῦνται,
1171 3731 1264 3783 καὶ
1294 3733 1356 3785 σὺ
1383 3732 1722 3802 πραγμάτων
1750 3736 1865 3787 δια-

275 3815 476 3885 μενεῖς
499 3815 679 3868 ὲλεύθε
688 3833 794 3885 ρος.

351 4075 466 4140 ια’.
507 4074 722 4126 Τούτων
761 4075 1002 4138 ἀκούσας
1047 4079 1322 4148 μακαρίας
1367 4080 1538 4150 ἀκοῆς
1576 4083 1791 4154 ἐκείνης
1835 4087 1863 4140 ὀ

281 4161 530 4230 Συμεὼν,
561 4165 661 4233 ὁρᾷ
684 4165 846 4216 οἱονεί
876 4183 926 4216 τι
964 4166 1159 4236 μέτρον
1187 4169 1482 4237 κατέχοντα
1515 4175 1863 4243 χερσὶν-’Ἅγ-

277 4251 463 4318 γελον,
496 4253 587 4304 καὶ
620 4253 687 4305 τὰ
723 4252 816 4304 τοῦ
845 4257 1207 4324 μοναστηρίου
1242 4258 1335 4310 καὶ
1367 4258 1474 4310 τῶν
1503 4262 1559 4312 ἐν
1593 4261 1742 4331 αὐτῷ
1771 4281 1865 4316 σε·

278 4340 533 4409 ὅασμίων
556 4343 698 4394 ναῶν
725 4342 1147 4415 διαχαράττοντα
1175 4346 1316 4418 ἴχνη,
1346 4350 1572 4420 νεφέλην
1599 4368 1656 4402 τε
1684 4354 1860 4419 φωτὸς

277 4431 405 4482 ὅλον
439 4429 498 4482 τὸ
529 4430 842 4501 θαυμαστὸν
869 4433 1190 4502 καλύψασαν
1217 4436 1361 4502 ὅρος,
1395 4439 1487 4491 καὶ
1516 4440 1576 4492 τὸ
1601 4441 1694 4493 τοῦ
1719 4442 1855 4496 Θεοῦ

1969 2013 2122 2066 locus
2175 2020 2295 2064 erat
2348 2009 2602 2084 desertus
2668 2009 3039 2077 iucultusque,
3106 2026 3216 2062 non
3253 2010 3322 2064 ab
3368 2027 3531 2079 aqua,

1966 2110 2136 2165 tecto,
2170 2102 2345 2155 aliave
2370 2116 2426 2154 re
2477 2101 2544 2154 ad
2595 2101 2761 2153 vitam
2814 2101 3130 2154 necessaria
3189 2101 3531 2167 instructus;

1965 2192 2321 2260 tuguriolum,
2347 2190 2509 2259 idque
2537 2190 2784 2253 unicum,
2813 2189 3071 2253 habebat,
3097 2189 3242 2257 quod
3275 2189 3532 2259 discipuli

1965 2280 2072 2335 sibi
2131 2280 2400 2350 refugium
2473 2295 2584 2332 non
2654 2279 2898 2346 amplum
2955 2289 3532 2348 coagmentaverant:

1966 2369 2201 2440 Symeou
2235 2370 2459 2438 quippe,
2481 2378 2540 2422 ut
2568 2384 2730 2436 supra
2761 2368 3136 2430 meminimus,
3169 2369 3221 2421 in
3254 2377 3413 2438 petra
3434 2385 3534 2423 sua

1971 2461 2072 2515 sub
2104 2461 2198 2515 dio
2231 2471 2381 2514 stans
2417 2460 2774 2529 percnnabat,
2829 2459 3075 2526 pellicere
3121 2461 3337 2512 melotae
3381 2459 3539 2513 invo-

1965 2552 2132 2605 lutus.
2162 2551 2357 2604 Postea
2390 2564 2523 2602 vero
2575 2564 2699 2603 cum
2757 2549 2904 2602 omni
2957 2565 3024 2601 ex
3073 2559 3227 2616 parte
3275 2549 3537 2619 frequens

1968 2641 2126 2695 turba
2155 2640 2400 2710 quotidie
2431 2640 2498 2694 ad
2537 2641 2720 2709 ipsum
2750 2639 3055 2694 conflueret
3079 2641 3389 2705 hominum,
3419 2651 3534 2696 tum

1958 2729 2704 2798 amalignisspiritibus,tum
2727 2730 2796 2782 ab
2825 2729 3004 2784 omnis
3048 2731 3270 2799 generis
3321 2732 3534 2786 morbis

1967 2834 2032 2873 ac
2053 2818 2358 2882 doloribus,
2383 2831 2788 2889 correptorum,
2813 2823 3152 2890 miserosque
3173 2823 3538 2892 illosexcipe-

1967 2916 2052 2960 ret
2083 2917 2190 2960 tam
2279 2909 2590 2965 inamabilis
2612 2925 2854 2975 ercmus,
2883 2926 3068 2963 rerum
3107 2913 3540 2966 necessariarum

1967 2999 2220 3068 penuria,
2253 2999 2502 3054 defectus
2525 3015 2680 3068 aqua
2715 3016 2778 3053 ac
2810 3000 3077 3054 domicilii
3105 3020 3119 3062 ;
3146 3003 3455 3067 communis
3476 3017 3541 3056 ac

1968 3090 2270 3145 benevolus
2293 3091 2538 3142 omnium
2573 3089 2824 3153 Creator,
2851 3092 3010 3143 Pater
3057 3101 3222 3160 atque
3254 3091 3541 3158 Dominus,

1969 3179 2064 3248 qui
2093 3179 2338 3248 potentia
2371 3194 2466 3232 sua
2500 3179 2767 3232 immensa
2789 3189 2844 3231 et
2875 3179 3104 3234 brachio
3150 3181 3372 3236 sublimi
3425 3198 3544 3238 mo-

1971 3268 2198 3322 deratur
2223 3268 2500 3329 universa,
2543 3283 2775 3338 magnus
2813 3269 2928 3338 ril-Ie
2975 3271 3210 3324 consilio
3254 3280 3311 3326 et
3341 3281 3544 3341 potens

1971 3372 2161 3427 Opere,
2185 3359 2277 3426 qui
2310 3374 2419 3411 non
2454 3358 2690 3428 ignorat,
2727 3360 2930 3428 quibus
2952 3376 3052 3414 nos
3103 3361 3423 3417 homunculi
3454 3363 3544 3417 in-

1970 3447 2276 3516 digeamus,
2308 3448 2511 3515 quique
2539 3448 2678 3501 nihil
2714 3450 2965 3518 ignorare
3003 3461 3222 3519 potest;
3282 3453 3378 3506 ille
3427 3453 3544 3522 ipse

1967 3536 2061 3590 hic
2099 3551 2320 3604 quoque
2358 3535 2611 3605 Symeoni
2645 3553 2956 3606 apparens:
2996 3541 3188 3595 Nonne
3232 3542 3408 3607 vides,
3456 3543 3544 3596 in-

1969 3627 2109 3696 quit,
2143 3642 2308 3695 quam
2337 3627 2576 3695 pendeat
2610 3629 2812 3684 animis
2848 3630 2965 3684 haec
2988 3632 3146 3684 turba
3169 3633 3370 3702 ?quam
3401 3650 3544 3703 :egre

1968 3718 2059 3772 hic
2086 3719 2285 3772 morari
2312 3720 2556 3788 possint,
2585 3720 2972 3779 deﬁcientibus
2997 3726 3275 3790 omnibus,
3309 3742 3431 3796 quae
3467 3731 3537 3782 ad

1969 3808 2092 3862 vitae
2116 3823 2272 3862 usum
2308 3809 2551 3862 faciunt?
2581 3809 2783 3864 Verum
2834 3811 3023 3866 istbmc
3059 3815 3169 3882 jam
3208 3830 3238 3868 a
3281 3831 3367 3871 me
3410 3818 3544 3887 ipsis

1967 3897 2499 3968 suppeditabuntur;
2534 3908 2590 3952 et
2632 3911 2690 3954 tu
2739 3901 2902 3958 deses
2944 3920 3275 3974 permanens
3317 3925 3422 3964 mat
3448 3928 3540 3968 um

1965 3990 2119 4059 operi
2144 4005 2256 4043 non
2293 3989 2636 4045 admovebis.

2034 4083 2122 4137 93.
2160 4083 2327 4136 Beata
2355 4082 2444 4135 illa
2469 4096 2602 4135 voce
2625 4081 2882 4152 dignatus
2902 4085 3159 4156 Symeon,
3190 4091 3544 4159 conspicatur

1965 4172 2120 4242 quasi
2151 4173 2402 4242 angelum
2436 4188 2711 4226 mensum
2740 4173 3001 4242 quiddam
3049 4179 3304 4234 manibus
3332 4191 3540 4249 tenere,

1964 4271 2020 4316 et
2079 4262 2398 4316 monasterii
2449 4271 2922 4332 augustorumque
2977 4268 3305 4336 templorum
3369 4272 3383 4324 i
3472 4290 3543 4328 to

1963 4353 2355 4410 struendorum
2390 4354 2669 4409 delineare
2705 4355 2967 4426 vestigia;
3015 4359 3368 4430 conspicatur
3408 4380 3535 4434 quo

1961 4462 2069 4516 que
2114 4447 2317 4501 nubem
2349 4447 2610 4512 lucidam,
2648 4463 2769 4516 quae
2819 4459 3060 4504 montem
3097 4460 3270 4506 totum
3313 4455 3541 4511 mirabi-

280 4521 507 4591 ΙΙνεῦμα
530 4525 586 4575 ὲν
616 4523 922 4593 ὁμοιώματι
959 4527 1139 4597 χειρὸς
1162 4528 1228 4581 τὰ
1274 4530 1378 4582 ὑπὸ
1412 4534 1477 4600 τῇ
1512 4533 1710 4604 νεφέλῃ
1742 4534 1851 4586 δει-

1964 4513 2068 4591 lem
2094 4537 2331 4606 tegebat,
2360 4553 2576 4592 necnon
2602 4513 2870 4607 Spiritum
2894 4539 2990 4593 Dei
3035 4540 3090 4594 in
3122 4542 3294 4597 forma
3325 4562 3538 4611 manus,

275 4611 444 4666 κνύον
465 4629 478 4642 ·
505 4614 599 4665 καὶ
625 4613 705 4666 ὅτι
733 4615 916 4675 Ταῦτα
943 4619 1095 4670 ἔσται
1131 4613 1212 4670 σοι
1247 4621 1444 4682 πάντα,
1476 4623 1630 4690 λέγον
1661 4625 1810 4696 αὑτῷ
1836 4668 1850 4692 ,

276 4705 364 4765 εἰς
403 4705 700 4775 ὑπουργίαν
729 4706 836 4758 τῶν
865 4707 990 4777 τῇδε
1020 4711 1189 4762 οἰκεῖν
1233 4728 1291 4763 τε
1336 4713 1432 4765 καὶ
1472 4716 1853 4778 ἐπιξενοῦσθαι

278 4793 603 4863 μελλόντων.
631 4796 936 4863 Μεγαλυνῶ
960 4797 1068 4869 γὰρ
1093 4800 1184 4852 ἐπὶ
1210 4800 1336 4872 ἔθνη
1370 4803 1462 4855 καὶ
1497 4804 1734 4872 βασιλεῖς
1759 4809 1853 4861 καὶ

279 4885 614 4955 μεγιστᾶνας
671 4887 732 4939 τὸ
780 4887 952 4956 ὄνομά
1006 4907 1123 4955 σου,
1165 4893 1257 4944 καί
1285 4911 1378 4945 σου
1424 4896 1629 4950 τούτων
1667 4899 1853 4954 πολλοὶ

273 4974 630 5044 δεηθήσονται
656 4991 670 5006 ο
701 4973 822 5030 εἶτα
851 4980 943 5032 καὶ⁹
975 4979 1142 5035 πολλὰ
1177 4983 1353 5053 πλήθη
1379 4985 1651 5055 διαφόρων
1682 4989 1850 5043 ἐθνῶν

273 5066 432 5135 αὐτῷ
493 5067 802 5132 ὑπεδείκνυ,
841 5071 1177 5140 πανταχόθεν
1223 5075 1312 5136 είς
1365 5077 1526 5129 αὐτὸν
1578 5081 1846 5134 συνιόντα.

273 5158 500 5220 Τούτοις
527 5159 962 5229 πληροφορηθεὶς
991 5161 1091 5231 τὴν
1118 5165 1347 5234 καρδίαν
1371 5167 1398 5218 ὁ
1431 5167 1674 5237 Συμεὼν,
1701 5171 1850 5227 εὐδο-

275 5249 404 5302 κίαν
445 5245 582 5302 εἶναι
633 5249 770 5303 Θεοῦ
802 5252 1062 5319 συστῆναι
1104 5256 1232 5325 περὶ
1267 5258 1430 5310 αὐτὸν
1466 5265 1846 5334 μοναστήριον,

274 5340 374 5393 καὶ
409 5338 606 5402 ἱκανῶς
659 5341 753 5393 ἐπὶ
785 5342 951 5394 πᾶσιν
989 5343 1410 5416 εὐχαριστήσας,
1441 5349 1708 5421 ἐπέτρεψε
1742 5357 1851 5419 τοῖς

276 5429 547 5500 μαθηταῖς
576 5432 738 5486 πάλιν
774 5426 931 5496 οὗτος
961 5435 1100 5488 κατὰ
1137 5439 1229 5490 τὸν
1276 5439 1658 5512 ὑποδειχθέντα
1694 5448 1856 5501 τόπον

271 5520 439 5574 τοῦτο
472 5521 812 5592 διαχαράξαι.

351 5693 454 5759 ἱιόθ.
487 5695 597 5747 Καὶ
627 5695 686 5748 τὺ
725 5697 823 5766 μὲν
869 5700 1009 5752 κατά
1044 5701 1140 5771 τὴν
1184 5704 1377 5775 ἐκείνῳ
1424 5711 1684 5775 φανεῖσαν
1730 5711 1853 5782 ὄψιν

1961 4643 2025 4682 ea
2056 4643 2178 4697 qua:
2204 4626 2308 4681 sub
2332 4625 2478 4681 nube
2501 4636 2662 4680 erant
2689 4627 3092 4696 ostendentem,
3124 4633 3538 4705 dicentemque:

1962 4719 2088 4772 Hmc
2116 4718 2300 4772 omnia
2345 4717 2441 4772 tibi
2489 4717 2744 4772 eruntin
2799 4720 3108 4775 subsidium
3149 4723 3391 4791 illorum,
3444 4729 3538 4796 qui

1962 4809 2359 4864 commoraturi
2382 4810 2474 4864 hic
2509 4819 2604 4862 aut
2637 4809 2966 4879 hospitaturi
2987 4821 3116 4867 sunt
3141 4832 3156 4877 ;
3181 4816 3540 4886 magnificalio

1959 4901 2162 4971 quippe
2196 4916 2396 4955 nomen
2427 4910 2581 4956 tuum
2610 4902 2756 4970 apud
2785 4911 2977 4971 gentes
2999 4913 3055 4958 et
3101 4921 3260 4976 reges
3296 4921 3352 4962 et
3393 4925 3485 4978 opt
3508 4941 3565 4985 --

1961 4999 2168 5056 mates;
2197 4999 2253 5044 et
2279 4992 2434 5066 multi
2469 4992 2665 5046 horum
2695 4993 3082 5062 supplicabunt
3113 4995 3234 5050 tibi.
3267 4998 3396 5055 Post
3420 5001 3536 5060 haec

1957 5080 2306 5135 diversorum
2373 5083 2702 5151 populorum
2781 5085 3190 5142 multitudinem
3258 5091 3533 5162 ingentem

1960 5173 2320 5238 monstrabat,
2346 5173 2590 5244 undique
2626 5174 2694 5227 ad
2722 5175 2900 5243 ipsum
2934 5186 3342 5246 properantem.
3371 5180 3533 5242 Hisce

1958 5263 2185 5319 omnino
2233 5280 2534 5334 persuasus
2591 5265 2851 5336 Symeon,
2908 5267 3167 5336 placitum
3224 5271 3337 5326 Deo
3389 5289 3532 5338 esse,

1957 5361 2019 5406 ut
2045 5353 2444 5408 monasterium
2479 5355 2625 5409 circa
2653 5353 2833 5424 ipsum
2869 5365 3321 5415 construeretur:
3356 5366 3534 5418 maxi-

1955 5446 2061 5502 mis
2089 5447 2168 5502 illi
2207 5450 2399 5520 gratiis
2444 5453 2762 5521 persolutis,
2795 5455 3073 5510 commisit
3117 5456 3407 5527 discipulis
3439 5475 3537 5514 cu-

1954 5551 2068 5590 ram
2094 5537 2242 5593 illius
2255 5541 2411 5609 juxta
2439 5543 2718 5598 ostensam
2742 5543 2970 5600 formam
2992 5545 3318 5618 designandi
3342 5565 3356 5614 ;
3379 5549 3532 5621 juxta

1950 5641 2110 5696 quam
2141 5637 2198 5685 et
2230 5631 2469 5700 positum
2499 5640 2603 5689 est.

2021 5720 2109 5773 οι.
2165 5722 2309 5777 Deus
2370 5724 2616 5790 interea,
2667 5729 2760 5796 qui
2823 5743 2882 5783 se
2933 5722 3544 5800 SymeouireV‘l’kl"erat
