4078 6332
241 390 279 452 3
297 390 381 464 ΥΠ

1253 383 1424 442 ῊΤΛ
1469 381 1507 438 Α
1551 375 1988 438 NICEPIIORO
2024 379 2511 438 CONSCRIPTA.

3364 377 3509 440 307?

239 501 418 557 δεῖται
446 498 555 567 ,μὲν
598 496 687 549 καὶ
722 495 882 550 πάλιν
913 493 1075 556 αὑτὸς
1104 491 1199 543 105
1227 492 1282 541 ἐν
1313 487 1465 544 ὕδασι
1497 491 1566 542 τὰ
1604 489 1815 558 ὑπερῷα

1933 489 2163 551 slabilit,
2201 490 2558 558 deprecatur:
2603 501 2659 543 et
2687 497 2976 543 cataracta:
3030 489 3249 542 illorum
3307 499 3510 558 apertae

242 577 620 656 στεγάζοντος,
645 585 802 654 θύραι
837 584 891 634 δὲ
913 582 1140 653 οὑρανοῦ
1166 579 1524 650 ἁνεῴγνυντο,
1554 581 1644 632 καὶ
1671 580 1822 642 ύετδς

241 679 543 746 ἑκατέρους
570 677 767 734 αὑτοὺς
797 674 996 736 εὐθέως
1026 673 1288 742 ἐπλήρου.

314 769 417 837 ιιξσ.
453 771 514 822 Oi
564 770 744 838 μέντοι
783 766 1020 836 μαθηταὶ
1075 765 1195 816 καθ’
1257 763 1502 825 ἐαυτοὺς,
1532 763 1668 815 ἀλλὰ
1727 764 1823 836 καὶ

244 861 391 930 πρὸς
411 859 671 930 ἀλλήλους
695 857 1060 921 ἐνδοιάζοντες
1082 853 1246 925 ἦσαν,
1271 858 1318 908 εί
1342 855 1488 918 ἆπαξ
1521 855 1664 908 οὑτω
1686 855 1822 922 πλη-

248 950 516 1021 ρωθέντες
557 950 606 1000 οἱ
658 948 850 1002 λάκκοι
875 987 890 1012 ,
927 946 1156 1015 πλήθεσι
1194 945 1469 1027 τοσούτοις
1506 947 1601 998 καὶ
1649 943 1819 1006 οὕτως

239 1039 478 1110 ἀριθμοῦ
511 1039 818 1109 κρείττοσιν
854 1038 938 1105 ἐφ’
975 1039 1157 1090 ἱκανὸν
1197 1037 1426 1107 ἀρκέσαι
1477 1037 1818 1104 δυνήσονται.

237 1130 413 1182 Τοῦτο
465 1131 520 1183 δὲ
568 1131 765 1196 γνόντα
803 1129 895 1181 τὸν
927 1130 1116 1196 ’Ἃγιον
1145 1129 1239 1180 ἕνα
1274 1127 1501 1180 καλέσαι
1541 1127 1646 1180 τῶν
1667 1116 1822 1179 ἀδελ-

236 1210 360 1290 φῶν
389 1223 447 1272 ἐν
478 1221 695 1292 ἐπηκόῳ
724 1222 961 1284 πάντων,
1004 1215 1289 1272 Ἀντώνιον
1317 1218 1508 1287 ὄνομα,
1544 1220 1639 1271 καὶ
1679 1217 1820 1287 πρὸς

233 1312 424 1374 αὑτὸν,
457 1305 673 1373 Λαϐὼν,
712 1313 868 1382 φησι,
908 1313 1116 1381 σχοῖνον
1171 1310 1326 1364 ἄπιθι
1377 1311 1675 1380 δρομαίως,
1726 1307 1822 1362 καῖ

234 1403 483 1472 χαλάσας
520 1403 792 1472 μέτρησον
823 1402 882 1454 τὸ
917 1403 973 1453 ἐν
1010 1405 1123 1461 τοῖς
1174 1401 1402 1465 λάκκοις
1455 1402 1620 1472 ὕδωρ.
1660 1402 1718 1454 Ὀ
1761 1401 1818 1454 δέ

230 1493 329 1544 τὸν
354 1494 559 1562 σχοῖνον
589 1493 661 1554 ὡς
686 1492 968 1545 ἐντέταλτο
1003 1493 1188 1554 καθεὶς
1211 1494 1302 1544 καὶ
1339 1494 1616 1564 μετρήσας
1649 1495 1818 1544 ἐπανι-

232 1581 361 1650 ἧκε,
379 1579 456 1649 τῷ
492 1596 549 1631 τε
594 1579 880 1649 Ἀγίῳκαὶ
926 1582 1036 1641 τοῖς
1071 1578 1304 1647 παροῦσι
1373 1579 1433 1630 τὸ
1486 1579 1580 1630 τοῦ
1623 1570 1819 1640 ὕδατος

237 1669 442 1738 μέτρον
499 1669 821 1731 ὑποδεικνὺς
874 1670 936 1720 ἐκ
984 1669 1077 1720 105
1121 1667 1355 1736 σχοίνου.
1425 1669 1672 1735 Ἐαριναϊ
1717 1669 1818 1736 μὲν

234 1757 333 1810 οὑν
374 1756 675 1826 τηνικαῦτα
717 1757 910 1826 ἔληγον
940 1749 1100 1827 ὦραῖ,
1131 1758 1482 1826 παυσαμένου
1507 1757 1562 1809 δὲ
1592 1756 1689 1826 ἢδη
1721 1755 1816 1809 καὶ

223 1844 456 1915 θέρους,
483 1849 604 1915 ἄρτι
664 1863 722 1899 τε
769 1826 1086 1918 μετοπώρου
1139 1845 1523 1908 ὑπολαϐόντος,
1549 1847 1577 1898 ὁ
1615 1844 1812 1897 ’Λντώ-
1845 1826 1892 1886 Β

234 1953 352 1998 νιος
386 1936 541 2000 αὖθις
585 1930 741 1997 οὗτος
773 1939 852 1998 εἰς
905 1937 1164 2008 ἐκάτερον
1218 1936 1422 1989 λάκκον
1466 1936 1558 1988 τδν
1609 1938 1816 2004 σχοῖνον

235 2028 449 2090 καθεὶς,
484 2028 620 2097 μετά
681 2029 771 2080 τὸν
806 2017 1078 2088 ¹τοσοῦτον
1129 2028 1322 2099 χρόνον
1355 2029 1450 2081 καὶ
1503 2027 1646 2080 οὑτω
1673 2029 1814 2098 σαφῆ

236 2115 498 2185 πολέμιον
524 2114 700 2178 ὑδασι,
737 2117 874 2183 μετά
925 2099 1024 2185 τὴν
1070 2117 1336 2188 τοσαύτην
1381 2108 1477 2170 105
1535 2117 1815 2186 ἀμυθήτου

244 2205 480 2276 πλήθους
512 2206 722 2258 ἐκεῖθεν
753 2206 996 2276 ὑδρείαν,
1034 2203 1159 2278 ε’ὑρε
1185 2209 1246 2260 τὸ
1269 2205 1417 2278 ὕδωρ
1446 2205 1510 2277 (ὣ
1540 2207 1632 2260 τοῦ
1681 2207 1817 2262 θαύ-

223 2311 410 2368 ,ματος
435 2296 472 2365 !)
532 2296 654 2348 οὑδὲ
711 2296 774 2349 τὸ
833 2297 1098 2365 παράπαν
1163 2297 1544 2366 ἐλαττονῆσαν,
1604 2296 1816 2359 ἀλλ’ὡς

226 2389 337 2439 ,καὶ
377 2388 641 2457 πρότερον
673 2388 815 2456 ἔχον,
844 2389 980 2458 ὅπερ
1027 2389 1088 2442 οὑ
1130 2391 1242 2451 τοῖς
1282 2389 1404 2441 τότε
1445 2388 1677 2459 παροῦσι
1717 2389 1817 2458 μό-

240 2496 354 2542 νον,
397 2478 531 2532 ἀλλά
559 2478 652 2531 καὶ
693 2481 805 2540 τοῖς
840 2479 1072 2546 ’ὕστερον
1096 2480 1234 2548 ἀκοῇ
1277 2479 1695 2550 παρειληφόσιν,
1724 2479 1814 2533 εύ-

237 2567 532 2642 χαρισιτίας
571 2571 804 2638 μεγίστη
845 2569 982 2639 πρὸς
1017 2569 1150 2621 Θεὸν
1182 2570 1427 2641 ἀφορμή.

311 2662 420 2726 κη’.
457 2659 537 2710 Τά
562 2675 624 2725 γε
668 2658 776 2734 μὴν
794 2659 896 2728 τῆς
925 2659 1092 2728 μονῆς
1129 2661 1265 2727 ἔργα
1299 2661 1496 2730 (ἐκεῖσε
1521 2651 1629 2733 γὰρ
1661 2658 1816 2726 αὖθις
1883 2682 1885 2685 ‘

233 2747 544 2816 ἐπανιτέον)
581 2749 954 2817 προκόπτοντα
996 2748 1212 2816 βλέπειν
1237 2751 1265 2801 ό
1297 2751 1569 2818 βάσκανος
1602 2754 1659 2805 οὑ
1699 2761 1818 2808 στέ-

235 2853 352 2905 γων
373 2877 375 2881 .
395 2831 742 2908 Ἐχθρὺς,ο,ἷα
773 2839 866 2891 καὶ
901 2839 1102 2908 πολλῆς
1143 2842 1386 2910 μεγάλης
1417 2845 1494 2906 εἰς
1516 2845 1646 2898 Θεὸν
1680 2864 1816 2916 προ-

238 2926 435 2996 κοπῆς,
473 2928 706 2995 κάκείνῳ
742 2927 983 3010 μεγάλης
1035 2931 1276 2999 ἐσόμενα
1329 2931 1492 3004 πάλιν
1532 2936 1679 2988 alsia
1716 2937 1816 3008 ζη-

240 3017 394 3086 μίας,
430 3015 714 3088 θεμελίους
779 3017 888 3070 τῶν
942 3020 1413 3092 οἰκοδομουμένων
1473 3026 1814 3096 ξενοδοχείων

217 3107 357 3168 ἐνὸς
392 3106 613 3168 ὑποδὺς,
648 3098 783 3158 ὅπου
836 3108 929 3160 καὶ
986 3110 1188 3175 μείζων
1218 3112 1368 3182 αὑτῷ
1419 3116 1452 3183 ἡ
1486 3115 1666 3184 πληγὴ
1697 3117 1812 3184 (ἀτε

235 3187 339 3249 καῗ
360 3195 586 3258 πολλοὺς
636 3197 924 3265 μέλλοντος
967 3199 1053 3251 διὰ
1081 3201 1314 3270 Χριστὸν
1340 3203 1602 3272 ξεναγεῖν,
1634 3206 1812 3276 ψυχάς

231 3305 296 3340 τε
331 3289 702 3358 πεπονηκυίας
723 3289 1116 3362 διαναπαύειν),
1137 3293 1279 3346 οὕτω
1309 3297 1552 3366 σφοδρῶς
1580 3294 1650 3368 ἦν
1675 3303 1814 3355 αὑτὰ

236 3378 634 3448 συνταράσσων
667 3381 762 3433 καὶ
795 3380 1050 3436 διασείων
1078 3384 1152 3444 ὼς
1181 3385 1538 3456 ἀπειρηκέναι
1569 3389 1646 3458 τῷ
1678 3392 1812 3443 πολ-

240 3469 321 3537 λῷ
373 3470 548 3537 κλόνῳ
595 3471 691 3522 καὶ
744 3474 934 3539 χεῖρας
1023 3477 1135 3535 τοῖς
1187 3469 1316 3546 περὶ
1375 3477 1473 3547 τὴν
1527 3479 1814 3551 οἰκοδομὴν

245 3551 625 3620 πονουμένοις.
673 3554 933 3624 Δεηθέντι
971 3561 1267 3628 τοιγαροῦν
1327 3564 1456 3632 περὶ
1510 3567 1701 3622 τούτου
1745 3573 1824 3644 τῷ

243 3638 495 3707 Συμεὼν,
527 3642 727 3712 ἐρρέθη
758 3643 911 3717 παρά
938 3647 1040 3717 τῆς
1084 3649 1327 3722 χάριτος,
1361 3655 1575 3724 πέμψαι
1607 3657 1716 3727 τὴν
1747 3638 1824 3713 0i:-

241 3730 402 3782 κείαν
433 3731 632 3799 ῥάϐδον
684 3737 840 3807 παρά
867 3738 961 3792 τὸν
990 3740 1176 3804 τόπον,
1218 3742 1339 3812 ἣτις
1369 3745 1486 3798 ἐκεῖ
1523 3748 1820 3816 κρούσασα,

237 3823 334 3874 τὸν
365 3824 424 3911 ἐν
452 3827 758 3897 ἀποκρύφῳ
789 3828 1214 3890 ἐπιϐουλεύοντα
1264 3836 1508 3905 εὑρήσει.
1553 3841 1822 3913 Ἐγχειρί-

157 3977 162 3980 _
239 3929 434 3976 σαντος
456 3917 638 3968 τοίνυν
665 3917 745 3969 ἐνὶ
768 3919 878 3971 τῶν
909 3920 1172 3990 μαθητῶν
1199 3925 1293 3977 τοῦ
1333 3917 1539 3995 Ἀγίου,
1565 3933 1820 3988 ἀπελθὼν

235 4006 357 4057 ἐκεῖ
383 4007 477 4057 καὶ
506 4005 747 4076 κρούσας
779 4010 1009 4073 ἐκεῖνος,
1052 4014 1140 4066 Ἑν
1166 4015 1242 4084 τῷ
1273 4017 1519 4086 ὀνόματι,
1543 4025 1698 4092 φησὶ,
1723 4025 1817 4076 τοῦ

236 4094 444 4163 Κυρίου
470 4097 629 4166 ἡμῶν
655 4099 828 4168 Ἰησοῦ
858 4102 1116 4171 Χριστοῦ,
1151 4107 1436 4177 ἐπιτρέπει
1467 4127 1567 4176 σοι,
1599 4114 1818 4182 πνεῦμα

235 4185 496 4258 πονηρὸν,
521 4189 549 4238 δ
575 4189 670 4242 τοῦ
699 4189 837 4243 Θεοῦ
873 4192 1125 4262 θεράπων
1153 4197 1395 4265 Συμεὼν,
1424 4202 1691 4272 άπόστηθι
1720 4204 1814 4256 105

230 4283 402 4336 τόπου
430 4279 639 4343 τούτου,
672 4281 767 4335 καὶ
794 4285 1134 4356 παραχρῆμα
1165 4285 1232 4354 (ὣ
1258 4287 1600 4356 δυναστείας,
1621 4290 1666 4344 ὣ
1705 4293 1806 4363 χά-

230 4384 382 4440 ριτος
428 4369 637 4423 ἐκεῖθεν
687 4370 950 4436 πλουσίας
997 4374 1092 4427 105
1130 4375 1376 4447 Συμεὼν)
1405 4380 1434 4431 ό
1469 4380 1570 4448 μὲν
1593 4382 1805 4452 ὴχήσας

230 4463 401 4529 μέγα,
422 4459 565 4513 λίαν.
590 4461 832 4531 αἰσχρῶς
868 4463 1234 4521 ἀπελαύνεται
1261 4484 1275 4499 ο
1303 4468 1543 4538 ἡσύχαζε
1592 4471 1650 4524 δὲ
1705 4473 1802 4526 τοῦ

1912 4501 2105 4556 magno
2125 4487 2275 4542 edito
2301 4503 2437 4543 sono
2476 4459 2780 4545 {uidissime
2837 4459 3062 4560 pellitur

226 4550 416 4603 λοιποῦ
448 4551 506 4604 τὸ
535 4551 716 4622 ἔργον,
751 4554 842 4608 καὶ
867 4556 1008 4609 κατά
1041 4555 1200 4624 λόγον
1230 4558 1448 4630 ἐχώρει.

297 4728 404 4796 μοι.
446 4729 600 4782 Ἐπεὶ
631 4728 686 4782 δέ
713 4728 1027 4802 ᾠκοδόμητο
1055 4735 1153 4804 μὲν
1176 4737 1210 4807 ή
1239 4735 1469 4807 μάνδρα,
1508 4740 1806 4812 λελατόμη-

222 4837 284 4873 το
312 4819 370 4872 δὲ
399 4822 427 4874 ὁ
450 4820 655 4886 στύλος,
687 4823 1003 4892 λατομεῖταί
1033 4843 1117 4890 τις
1142 4828 1239 4881 καὶ
1259 4829 1466 4892 ,λάκκος
1510 4832 1660 4900 δεξιά
1707 4834 1804 4888 τοῦ

222 4911 403 4974 κίονος
461 4910 596 4979 πρὸς
629 4913 918 4977 ’Δνατολάς
978 4917 1276 4994 (ἐπιτροπῇ
1340 4921 1398 4974 δέ
1446 4923 1540 4976 τοῦ
1621 4925 1801 4994 Ἀγίου

219 5001 384 5055 τοῦτο
406 5002 493 5056 διά
512 5003 612 5074 τὴν
646 5005 738 5071 τοῦ
767 5005 961 5072 ὓδατος
990 5011 1240 5081 σπάνιν),
1270 5012 1330 5077 δς
1362 5015 1553 5081 ὕδατος
1576 5019 1800 5092 πληρω·

222 5094 361 5158 θεὶς,
548 5113 609 5149 τε
641 5097 892 5166 ἀδελφοῖς
923 5102 1017 5154 καὶ
1043 5104 1156 5166 τοῖς
1204 5105 1306 5158 ἀνά
1335 5107 1434 5178 τὴν
1465 5113 1634 5184 μονὴν
1687 5129 1802 5181 χει-

224 5183 570 5252 ροτεχνοῖωιν
600 5186 703 5238 ὅσα
725 5203 790 5253 γε
825 5187 962 5258 πρὸς
992 5189 1298 5258 ἀναγκαίαν
1328 5197 1560 5265 ἐπήρκει
1589 5183 1798 5267 χρείαν.

233 5270 545 5340 Ἐνεστήκει
573 5273 671 5342 μὲν
697 5274 793 5328 οὖν
820 5275 945 5345 ἄρτι
972 5278 1066 5330 105
1091 5280 1287 5349 χρόνου
1310 5282 1370 5336 τὺ
1398 5284 1794 5356 ἀνθηρότατον,

221 5358 255 5426 ἡ
287 5359 380 5412 τοῦ
421 5361 566 5414 θείου
597 5363 792 5434 Πάσχα
831 5365 1121 5436 λάμπουσα
1150 5371 1371 5441 φαιδρὸν
1400 5374 1632 5444 ἐὸδομάς
1657 5415 1672 5440 ,
1701 5379 1799 5449 τὴν

220 5449 498 5520 ἡμετέραν
549 5453 824 5523 σωτηρίαν
855 5459 1300 5528 πανηγυρίζουσα
1329 5480 1343 5495 ·
1367 5464 1475 5516 τῶν
1507 5466 1564 5520 δὲ
1615 5470 1794 5539 μαθη-

217 5541 441 5604 nim-10
472 5543 572 5610 μὲν
603 5545 839 5617 ἠρεμίαν
866 5549 946 5619 τῷ
987 5551 1294 5625 διδασκάλῳ
1340 5561 1792 5627 περιποιούντων,

218 5626 254 5704 ᾖ
286 5632 622 5725 καὶᾼμᾷλλον
649 5638 812 5691 αὑτὸν
843 5640 1039 5710 ᾔδεσαν
1071 5645 1352 5716 χαίροντα,
1381 5626 1450 5702 ’τὸ
1477 5653 1532 5704 δὲ
1563 5653 1621 5705 τὸ
1652 5653 1795 5725 ὕδωρ

218 5723 430 5784 ἑαυτοῖς
460 5723 929 5798 ἀποταμιούντων,
966 5734 1050 5786 διά
1073 5751 1130 5786 τε
1157 5738 1255 5804 τὴν
1283 5740 1447 5792 αὑτοῦ
1482 5723 1793 5815 βραχύτητα

1925 591 2074 645 sunt,
2102 590 2158 635 ct.
2185 582 2367 651 pluvia
2400 590 2700 645 utrumque
2723 582 2903 635 lacum
2947 580 3291 659 adimplcvit.

1995 755 2086 809 97.
2121 754 2439 809 Pendebant
2466 771 2633 824 porro
2663 755 2865 809 animis
2891 755 3196 824 discipuli;
3223 769 3322 808 nec
3356 754 3508 808 solli-

1923 846 2226 900 citudinem
2253 862 2404 900 suam
2437 847 2532 899 alii
2577 847 2704 900 aliis
2727 846 3011 904 celabant:
3060 861 3192 898 num
3229 845 3302 898 ita
3337 846 3504 900 semei

1923 937 2118 1006 repleti
2155 937 2308 992 lacus
2365 946 2472 990 tam
2503 939 2778 1006 frequenti
2805 946 2971 1006 atque
3002 954 3313 993 numerosa:
3365 939 3510 992 tnui-

1921 1027 2148 1081 titudini
2204 1013 2489 1084 suffecturi
2536 1040 2740 1085 essent.
2777 1030 2854 1084 Rc
2914 1030 3219 1092 intellecta,
3267 1029 3508 1084 accersit

1920 1128 2145 1180 sanctus
2200 1137 2370 1174 unum
2406 1137 2436 1175 e
2465 1121 2732 1175 fratribus
2779 1121 2833 1175 in
2861 1137 3065 1176 corona
3117 1122 3391 1185 omnium,
3414 1121 3503 1174 cui

1921 1225 2122 1264 nomen
2173 1211 2452 1275 Antonio,
2504 1211 2748 1280 dicitque
2767 1223 2804 1274 ζ.
2844 1213 3143 1282 Assumpto
3189 1212 3348 1277 fune,
3394 1213 3508 1265 cito

1921 1300 2032 1363 abi,
2065 1301 2418 1369 demisseque
2450 1300 2505 1354 in
2531 1301 2706 1365 lacus,
2726 1299 2925 1355 metire
2950 1302 3300 1356 altitudinem
3326 1316 3502 1370 aqum.
3532 1328 3536 1332 ~

1919 1392 2138 1446 Jussum
2169 1393 2259 1446 ille
2290 1391 2476 1445 funem
2508 1391 2761 1456 immisit,
2795 1407 3132 1461 mensusque
3189 1393 3376 1457 rediit,
3446 1401 3505 1446 et

1921 1491 2113 1533 saneto
2145 1480 2642 1549 praesentibusque,
2670 1490 2874 1550 quanta
2899 1493 3043 1536 esset.
3065 1498 3221 1549 aqua:
3265 1481 3504 1536 altitudo

1921 1571 1981 1625 in
2016 1572 2149 1628 fune
2176 1575 2526 1628 monstravit.
2561 1574 2694 1627 Erat
2720 1581 2838 1628 tum
2885 1573 2938 1628 in
2963 1575 3112 1628 exitu
3155 1590 3290 1641 ver;
3318 1575 3501 1644 elapsa

1919 1664 2121 1720 deinde
2145 1674 2356 1728 aestate,
2382 1667 2606 1737 jamque
2635 1668 2968 1723 succedente
3001 1676 3290 1730 autumno,
3326 1667 3502 1722 Anto-

1918 1755 2048 1812 nius
2076 1745 2375 1826 utrumque
2411 1756 2588 1812 lacdm
2613 1759 2861 1812 immisso
2887 1758 3018 1812 fune
3040 1758 3226 1812 denuo
3245 1758 3500 1819 tentavit,

1923 1850 2306 1919 comperitque
2326 1856 2380 1917 (ο
2402 1848 2778 1919 prodigium!)
2813 1859 2936 1917 post
2977 1858 3188 1905 tantum
3237 1847 3503 1917 temporis

1921 1937 2292 2003 intervallum,
2331 1945 2436 1991 tam
2469 1937 2675 1992 inimici
2699 1937 2855 2006 aquis
2899 1946 3024 2005 post
3085 1943 3199 1989 tam
3243 1936 3502 2005 frequen-

1922 2037 2031 2082 tem
2060 2028 2408 2098 inexplebilis
2439 2028 2614 2083 turba:
2659 2027 3033 2096 aquationem,
3072 2017 3210 2080 nihil
3273 2027 3502 2081 omnino

1919 2120 2264 2175 imminutam
2299 2121 2446 2174 illam
2473 2135 2617 2184 esse,
2679 2119 2775 2173 sed
2806 2119 2885 2172 uti
2939 2116 3098 2189 prius
3143 2133 3202 2172 se
3271 2119 3499 2172 habere.

1921 2211 2052 2278 Quae
2075 2226 2162 2266 res
2188 2219 2322 2266 tunc
2353 2226 2538 2266 coram
2570 2208 2952 2280 spectantibus
2985 2224 3097 2263 non
3146 2209 3348 2276 solum,
3403 2213 3532 2273 sed.

1917 2311 1974 2356 et
2006 2303 2263 2372 posteris,
2315 2303 2384 2356 ad
2427 2317 2660 2372 quorum
2721 2316 2888 2356 aures
2943 2316 3006 2355 ea
3047 2299 3194 2354 fama
3235 2309 3506 2371 pervenit,

1919 2396 2120 2464 gratias
2154 2395 2501 2466 persolvendi
2524 2397 2638 2450 Deo
2663 2395 3012 2450 oceasionem
3068 2395 3249 2450 dedit.

1987 2677 2075 2730 98.
2137 2676 2361 2730 Interim
2413 2676 2725 2745 promoveri
2769 2675 3064 2754 ardificium
3119 2678 3208 2747 (eo
3264 2693 3502 2747 namque

1919 2767 2262 2821 redeundum
2308 2754 2489 2820 nobis.
2523 2767 2633 2837 est)
2688 2766 2874 2822 lividis
2916 2767 3093 2823 oculis
3132 2755 3339 2824 intueri
3388 2785 3500 2823 non

1917 2859 2196 2912 sustinens
2235 2858 2512 2919 inimicus,
2547 2858 2694 2927 quod
2729 2859 2857 2914 inde
2887 2846 3232 2914 ineiemento
3289 2859 3495 2931 ingenti

1916 2950 2145 3022 gloriam
2169 2949 2267 3003 Dei
2292 2950 2622 3019 augendam,
2667 2949 2774 3003 sibi
2830 2966 2963 3004 vero
3018 2966 3184 3021 grave
3233 2951 3496 3006 damnum

1916 3041 2208 3095 imminere
2243 3042 2628 3108 prospiceret;
2689 3039 2862 3094 subiit
2926 3041 3280 3096 fundamenta
3332 3043 3500 3097 unius

1919 3129 2390 3184 xenodochiorum
2436 3131 2546 3198 jam
2607 3129 3075 3184 exmdiflcatorum
3103 3172 3116 3189 .
3160 3132 3254 3184 ubi
3298 3135 3501 3202 :egrins

1918 3218 2020 3273 sibi
2051 3218 2300 3272 futurum
2331 3227 2472 3279 erat,
2504 3218 2576 3272 ob
2604 3219 2874 3287 plurimos
2899 3219 3110 3275 Christi
3145 3236 3310 3277 causa
3371 3222 3500 3277 islic

1916 3310 2161 3380 hospitio
2189 3308 2567 3378 excipiendos,
2603 3318 2659 3364 et
2709 3312 2956 3380 requiem
3003 3311 3320 3382 defatigatis
3373 3315 3496 3366 aui-

1914 3400 2109 3454 mabus
2149 3400 2520 3476 inventuros;
2581 3407 2637 3454 et
2683 3409 2906 3470 quassat
2967 3404 3326 3473 concutitque
3384 3415 3497 3460 tam

1913 3491 2275 3544 vehementer
2325 3490 2665 3551 aediﬁcium.
2746 3499 2809 3545 ut
2869 3493 3064 3548 crebra
3135 3497 3520 3552 succussionc

1913 3580 2152 3651 fatigatae
2199 3581 2636 3651 exanimataeque
2669 3597 2853 3651 operte
2882 3601 3078 3640 manus
3138 3586 3266 3642 inde
3309 3566 3495 3643 reme-

1911 3682 2126 3726 verent.
2159 3673 2297 3726 Dum
2332 3671 2515 3740 itaque
2540 3688 2638 3741 pro
2661 3674 2909 3729 remedio
2933 3680 3198 3744 precatui-
3229 3676 3490 3748 Symeon,

1913 3762 2054 3817 hanc
2081 3779 2110 3817 a
2127 3762 2300 3832 gratia
2327 3763 2746 3832 inSpirationem
2764 3767 3080 3835 accepitmt‘
3099 3769 3306 3838 virgam
3336 3769 3495 3824 suam

1913 3852 1979 3906 ad
2012 3853 2196 3907 locum
2231 3852 2552 3908 infestatum
2587 3854 2858 3918 mitteret,
2891 3857 3056 3925 pulsu
3085 3872 3190 3910 suo
3221 3859 3495 3914 insidian-

1912 3952 2022 4014 tem
2059 3943 2113 3996 in
2147 3943 2366 3997 occulto
2399 3943 2619 3998 hostem
2658 3944 3024 4000 detecturam.
3089 3947 3318 4004 Tradita
3363 3966 3498 4021 ergo

1909 4033 2062 4102 virga
2093 4033 2492 4104 discipulorum
2529 4037 2748 4091 cuidam
2773 4037 2828 4114 in
2855 4053 3073 4103 manus,
3096 4040 3321 4096 abeunti
3365 4043 3497 4114 illuc

1907 4123 2264 4192 pulsantique
2299 4133 2355 4178 et
2385 4125 2595 4180 dicenti
2626 4145 2638 4179 :
2671 4127 2728 4180 In
2774 4108 3000 4181 nomine
3046 4128 3262 4184 Domini
3318 4108 3494 4202 nostri

1907 4213 2034 4268 Jesu
2060 4213 2265 4268 Christi
2293 4215 2543 4285 praecipit
2573 4216 2695 4280 tibi,
2716 4217 2953 4286 pessime
2975 4218 3226 4288 spiritus.
3254 4220 3494 4287 famulus

1908 4305 2008 4378 Dei
2037 4304 2300 4374 Symeon,
2347 4317 2406 4361 ut
2433 4322 2597 4361 exeas
2621 4307 2741 4363 loco
2767 4309 2904 4376 hoc;
2935 4321 2991 4364 et
3022 4313 3289 4367 continuo
3323 4315 3377 4382 (μ
3399 4332 3494 4384 po-

1910 4396 2174 4449 tentiaml
2229 4412 2263 4451 o
2303 4397 2530 4452 divitem
2588 4399 2881 4470 Symeonis
2924 4403 3153 4472 gratiam
3181 4404 3220 4477 l)
3261 4394 3502 4475 spiritus

3101 4511 3117 4546 :
3171 4495 3240 4550 de
3292 4505 3491 4553 caetero

1909 4583 2094 4631 autem
2149 4578 2335 4646 quiete
2390 4579 2722 4633 aedificatum
2776 4591 2882 4648 est,
2916 4591 2971 4638 et
3015 4584 3223 4642 fabrica
3279 4590 3362 4660 (ut
3405 4578 3490 4643 di-

1851 4692 1859 4697 -
1909 4676 2060 4722 ctum
2116 4668 2222 4737 est)
2279 4668 2672 4738 perficiebatur
2717 4687 2783 4727 ex
2836 4676 3133 4731 sententia.

1977 4757 2066 4812 99.
2099 4758 2228 4813 Post
2259 4767 2602 4819 exstructum
2621 4761 2726 4832 iam
2752 4768 3171 4840 monasterium,
3208 4772 3488 4829 etcolum—

1910 4864 2034 4902 nam
2063 4864 2257 4905 caasam
2280 4894 2294 4917 ,
2328 4861 2558 4907 cavatur
2581 4862 2636 4908 et
2654 4855 2911 4921 cisterna,
2931 4873 2960 4911 a
2979 4857 3203 4916 dextera
3218 4865 3489 4921 columna:

1911 4951 2067 5010 parte
2103 4957 2299 4997 versus
2346 4944 2638 5010 orientem,
2694 4946 2922 5017 jubente
2979 4950 3050 5003 ita
3101 4951 3371 5024 Symeone
3417 4957 3489 5011 ob

1907 5039 2176 5100 aquarum
2211 5034 2538 5103 penuriam;
2572 5043 2634 5088 ut
2658 5037 3078 5109 indefratn'bus
3098 5044 3237 5097 etin
3292 5058 3484 5120 mona-

1906 5123 2076 5177 sterio
2105 5126 2468 5194 Operantibus
2501 5127 2569 5181 ad
2603 5143 2739 5184 usus
2782 5133 3125 5188 necessarios
3167 5150 3305 5204 aqua
3358 5154 3488 5207 sup-

1904 5215 2272 5282 peditaretur.
2293 5218 2349 5272 In
2383 5218 2602 5275 foribus
2621 5222 2732 5291 jam
2759 5229 2883 5276 erat
2904 5221 3319 5278 tloridissimum
3344 5235 3485 5281 tetu-

1903 5319 2027 5373 pus,
2046 5305 2352 5364 clarissima
2369 5310 2760 5381 laetissimaque
2777 5315 2950 5368 sancti
2970 5315 3257 5370 Paschatis
3278 5317 3485 5372 hebdo-

1902 5394 2084 5460 mada,
2113 5408 2393 5452 auctorem
2427 5408 2593 5470 atque
2626 5404 3006 5471 operationem
3039 5405 3234 5460 salutis
3280 5418 3484 5462 nostra:

1863 5486 2228 5550 celebrans;
2278 5505 2404 5542 cum
2452 5490 2762 5561 discipulis,
2820 5495 3018 5563 partim
3065 5497 3328 5567 magistro
3383 5514 3484 5552 suo

1899 5574 2279 5641 solitudinem,
2307 5593 2413 5646 qua
2438 5581 2716 5650 prmeipue
2744 5581 2895 5634 illum
2921 5582 3186 5638 delectati
3216 5599 3484 5660 nqveraut

1898 5664 2304 5721 instruentibus
2357 5670 2557 5737 partim
2607 5687 2825 5739 aquam,
2888 5673 2960 5727 ob
3010 5676 3364 5745 exiguitatem
3425 5684 3483 5731 tt

1898 5748 2270 5807 auferentium
2316 5755 2442 5808 inde
2496 5759 2925 5824 multitudinem,
2971 5763 3173 5817 additis
3231 5747 3490 5819 cisternae
