4078 6332
625 348 762 412 3079

1826 349 1885 406 S.
1921 346 2296 407 SYMEONIS
2332 343 2689 404 JUNlORIS

3737 332 3880 394 δοςο

628 463 887 533 operculo
920 468 975 515 et
1002 476 1123 516 sera
1157 460 1260 515 sibi
1286 460 1746 526 recondentibus;
1778 476 1925 523 cum,
1957 462 2199 529 inquam,

2315 458 2397 510 mi.
2454 458 2515 509 τὸ
2569 457 2679 508 τῶν
2732 450 3147 521 ἀφικνουμένων
3203 447 3427 518 πλῆθος,
3457 445 3627 516 θύραν
3684 462 3743 497 τε
3799 442 3880 510 τῷ

628 556 867 626 Symeon
898 571 956 609 se
986 555 1040 608 in
1076 554 1278 623 spiritu
1315 553 1485 607 veluti
1518 553 1583 607 ad
1619 552 1918 617 cisternam
1963 552 2203 605 delatum

626 648 799 709 videt,
831 661 1030 714 aquam
1063 652 1297 714 utraque
1332 659 1492 696 manu
1528 643 1863 709 turbantem,
1890 659 2120 712 eamque
2149 645 2205 698 in

627 734 796 796 altum
832 742 948 794 tolli
994 750 1049 794 ct
1083 741 1229 793 inter
1257 738 1665 792 multitudinem
1712 738 1969 792 distribui
2008 739 2208 809 juben-

629 842 763 886 tem.
789 832 1115 886 Convocatis
1152 830 1334 898 itaque
1367 829 1634 883 fratribus
1657 831 1915 898 imperat,
1945 845 2123 883 seram
2148 838 2209 882 ut

631 921 903 981 auferant,
938 935 1046 989 quo
1078 919 1353 973 universis
1376 934 1579 988 aquare
1610 919 1925 974 volentibus
1953 919 2020 973 ad
2050 934 2209 988 aper-

634 1024 744 1066 tam
782 1013 1075 1066 cisternam
1116 1026 1373 1065 accessus
1399 1021 1585 1080 pateat
1618 1028 1631 1064 :
1668 1011 1783 1065 Jam
1808 1011 1979 1074 enim,
2008 1010 2206 1079 inquit,

633 1117 870 1170 superna
906 1101 1221 1155 visitatione
1251 1101 1385 1153 mihi
1423 1101 1687 1163 innotuit,
1721 1116 1914 1169 aquam
1962 1108 2074 1153 toto
2104 1100 2210 1152 hoc

630 1212 775 1249 anno
808 1212 916 1248 non
950 1195 1313 1249 defecturam.
1346 1196 1413 1248 Et
1436 1194 1569 1247 fides
1590 1195 1759 1249 dictis
1783 1195 1938 1247 stetit
1969 1212 1983 1246 :
2023 1210 2090 1247 ex
2117 1194 2210 1246 illo

631 1298 869 1349 namque
900 1292 1145 1350 tempore
1173 1298 1382 1353 omnes
1400 1281 1720 1335 monasterii
1770 1281 1962 1334 incola:
1992 1281 2058 1334 ad
2083 1281 2207 1349 pin-

637 1376 868 1429 sendum
891 1390 1111 1443 panem,
1132 1373 1199 1427 ad
1219 1373 1535 1441 coquendos
1554 1373 1802 1436 cibos,ad
1817 1372 2058 1440 reliquos
2076 1386 2211 1426 usus

634 1482 830 1534 aquam
887 1466 1015 1519 inde
1066 1465 1419 1526 hauriebant,
1455 1467 1565 1518 imo
1595 1472 1651 1518 et
1696 1465 1916 1518 fabrica:
1966 1454 2221 1517 indidem.

636 1557 1095 1625 suppeditabatur
1133 1574 1147 1608 :
1181 1556 1320 1609 adde
1371 1556 1517 1625 quod
1569 1556 1893 1610 accedentes
1922 1554 2090 1608 etiam
2142 1553 2208 1606 ad

636 1649 965 1719 Symeonem
1015 1648 1190 1702 turbae
1218 1664 1328 1701 non
1360 1648 1534 1702 solum
1570 1648 1697 1702 inde
1732 1648 2005 1711 biberent,
2036 1646 2130 1701 sed
2156 1654 2211 1699 et

634 1753 764 1791 vasa
794 1738 1013 1791 diversa
1038 1746 1093 1791 et
1135 1746 1281 1791 totos
1327 1747 1478 1791 utres
1514 1738 1824 1806 implerent,
1855 1752 2051 1805 aquam
2107 1750 2208 1803 pro

634 1845 862 1883 munere
897 1830 1118 1881 domum
1160 1828 1543 1893 conferentes;
1586 1844 1689 1881 nec
1741 1837 1924 1881 tamen
1969 1841 2206 1895 unquam

637 1920 733 1974 illo
766 1934 911 1973 anno
952 1920 1191 1973 cisterna
1238 1918 1339 1971 fuit
1386 1918 1668 1971 exhausta.

712 2172 828 2224 t00.
864 2172 1098 2240 Vigilius
1127 2171 1375 2239 quidam,
1407 2170 1645 2240 famulus
1696 2173 2032 2228 domesticus
2078 2176 2209 2229 olim

638 2262 964 2331 patriarelue
994 2260 1253 2329 prraim
1285 2260 1461 2315 felicis
1488 2263 1785 2326 memorize,
1835 2274 1947 2317 toto
1976 2282 2211 2335 corpore

640 2354 987 2421 paralyticus,
1040 2354 1267 2425 tertium
1305 2353 1414 2421 jam
1464 2368 1667 2406 annum
1718 2355 1782 2406 ad
1831 2370 2011 2410 sacras
2068 2336 2212 2411 aedes

632 2444 900 2511 jacucrat,
944 2442 1286 2510 medicisque
1347 2456 1406 2494 se
1457 2443 1758 2496 curandum
1813 2447 2208 2500 commiserat:

636 2548 873 2601 quorum
903 2542 1021 2585 arte
1047 2533 1182 2584 nihil
1213 2541 1544 2586 consecutus
1572 2534 1674 2586 nisi
1701 2535 1844 2602 quod
1871 2536 2212 2591 manifestius

637 2629 743 2697 iam
766 2612 1162 2678 conclamatum
1188 2633 1332 2678 esset
1360 2622 1427 2677 de
1458 2625 1566 2677 vita
1591 2642 1605 2690 ;
1634 2635 1839 2679 tantum
1880 2628 1956 2680 uti
1987 2636 2212 2682 truncus

637 2716 927 2777 exanimis,
975 2725 1069 2767 aut
1099 2716 1285 2784 potius
1334 2716 1546 2785 spirans
1574 2717 1826 2781 cadaver,
1856 2718 1919 2771 ad
1963 2727 2211 2771 sanctum

639 2806 951 2858 advehitur.
997 2806 1209 2859 Jacitur
1255 2807 1625 2861 miserandum
1671 2810 2043 2877 spectaculum
2089 2818 2213 2863 ante

640 2895 832 2950 faciem
876 2898 980 2949 viri
1030 2898 1276 2966 benigni,
1323 2899 1551 2952 multum
1586 2900 1807 2953 trahens
1838 2915 2023 2954 secum
2054 2901 2217 2953 mise-

640 2987 885 3050 rationis;
923 3003 1086 3055 quam
1121 2997 1177 3041 et
1204 2989 1470 3057 impertiri
1493 2992 1734 3059 paratior
1764 2992 1854 3045 bic
1874 3002 2016 3054 erat,
2050 3007 2213 3059 quam

2306 549 2494 619 λάκκῳ
2518 548 2834 609 ἐπιθέντων,
2872 545 2965 596 καὶ
2994 543 3179 595 κλεῖδα
3203 545 3269 611 τῇ
3299 540 3440 610 θύρα
3462 539 3829 591 ἐπιϐαλόντων
3860 555 3872 565 ⁸

2306 642 2409 709 ὁρᾷ
2436 640 2511 708 τῷ
2540 637 2812 706 πνεύματι
2838 638 2866 687 ό
2896 636 3122 703 Συμεὼν
3148 631 3343 686 ἐαυτὸν
3374 629 3515 683 κατά
3549 629 3641 680 τὸν
3666 630 3877 685 λάκκον

2306 732 2469 783 οἱονεὶ
2505 728 2793 797 γεγονότα,
2821 726 2882 778 τό
2909 742 2968 776 τε
3006 724 3148 792 ὕδωρ
3173 722 3508 791 ἀμφοτέραις
3536 735 3725 789 χερσιν
3748 721 3877 770 άνα-

2308 823 2673 891 ταράσσοντα,
2712 820 2804 871 καὶ
2832 817 3023 885 ῶσπερ
3061 814 3175 868 ἀνω
3201 812 3464 882 φέρεσθαι
3494 812 3585 865 καὶ
3633 817 3715 873 εις
3744 811 3875 876 πλῆ-

2309 914 2400 975 θος
2453 910 2746 963 ἐπιδιδόναι
2804 907 3087 959 ποιοῦντα.
3123 903 3471 971 Συγκαλέσας
3527 902 3705 953 τοίνυν
3753 902 3876 960 τοὺς

2310 1003 2593 1071 ἀδελφοὺς,
2621 996 2750 1071 ἆραι
2804 997 3015 1051 κελεύει
3064 997 3163 1066 τὴν
3217 995 3435 1057 κλεῖδα,
3484 994 3558 1056 ὠς
3607 992 3880 1067 ἀνεῷχθαι

2310 1095 2473 1147 παντὶ
2503 1094 2593 1145 τὸν
2617 1092 2819 1145 λάκκον
2848 1088 3169 1162 ὑδρεύεσθαι
3197 1086 3524 1156 βουλομένῳ.
3548 1081 3879 1151 εἘπισκοπὴ

2309 1185 2440 1253 γάρ,
2470 1184 2655 1253 φησιν,
2688 1181 2893 1236 ἄνωθεν
2945 1180 3033 1231 ἐπ’
3098 1177 3244 1246 αὐτῷ
3294 1177 3530 1244 γεγόνει,
3559 1176 3654 1228 καὶ
3692 1175 3877 1226 ούκὲτι

2309 1274 2557 1327 ἐνιαυτὲν
2611 1270 2799 1323 τοῦτον
2832 1267 3086 1336 οὐδαμῶς
3136 1265 3377 1334 ἐκλείψει
3413 1283 3427 1295 °
3463 1264 3605 1318 κατὰ
3628 1264 3795 1326 πόδας
3823 1263 3877 1314 δὲ

2309 1366 2404 1419 καὶ
2430 1364 2493 1417 τι
2520 1363 2678 1433 ἔργον
2711 1359 3067 1430 ἐπηκολούθει
3089 1372 3104 1387 ⁶
3151 1358 3213 1410 οὐ
3244 1360 3353 1426 γὰρ
3378 1356 3539 1423 μόνον
3575 1355 3635 1418 ἐξ
3668 1354 3880 1407 ἐκείνου

2309 1456 2508 1516 πάντες
2539 1454 2745 1505 ἐκεῖθεν
2776 1453 2826 1503 οἱ
2857 1452 2953 1519 τῆς
2988 1450 3152 1519 μονῆς
3203 1447 3340 1515 πρός
3363 1464 3424 1499 τε
3457 1447 3557 1517 τὴν
3594 1444 3689 1497 τοῦ
3725 1446 3882 1513 ἀρτο-

2309 1544 2535 1605 ποιείου,
2564 1539 2762 1593 καὶτοῦ
2786 1541 3124 1609 μαγειρείου,
3146 1537 3356 1599 καὶτὰς
3379 1536 3569 1598 λοιπάς
3602 1535 3882 1605 ὑδρεύοντο

2309 1636 2517 1704 χρείας.
2555 1632 2690 1685 ἀλλὰ
2723 1632 2818 1683 καὶ
2856 1634 2977 1693 ταῖς
3006 1630 3317 1698 οἰκοδομαῖς
3369 1630 3571 1688 ἐκεῖνος
3610 1628 3639 1678 ό
3680 1627 3882 1685 λάκκος

2312 1726 2562 1795 ἐχορήγει
2591 1725 2653 1777 τδ
2684 1722 2861 1793 ὕδωρ·
2896 1722 2966 1773 τά
2996 1738 3056 1772 τε
3087 1720 3237 1790 παρὰ
3263 1720 3358 1771 τὸν
3392 1720 3581 1796 ’ᾼγιον
3613 1718 3883 1786 ἐρχόμενα

2312 1817 2489 1886 πλήθη
2537 1817 2635 1884 οὺχ
2680 1816 2828 1876 ὅπως
2867 1813 2926 1879 ἐξ
2964 1810 3125 1865 αὐτοῦ
3166 1810 3364 1872 πάντες
3401 1810 3604 1873 ἔπινον,
3630 1807 3765 1861 ἀλλὰ
3793 1807 3885 1858 καὶ

2310 1908 2507 1973 ἀγγεῖα
2538 1904 2758 1957 ποικίλα
2785 1903 2880 1956 καλ⁵
2907 1902 3109 1963 ἀσκοὺς
3129 1902 3281 1961 ὅλους
3314 1899 3606 1968 ἐπλήρουν,
3637 1898 3884 1965 εὐλογίαν

2311 1998 2491 2049 οἴκαδε
2537 1996 2911 2064 κομιζόμενοι,
2959 1994 3060 2045 καῖ
3097 1992 3157 2044 τὸ
3200 1989 3343 2060 ὕδωρ
3375 1989 3584 2042 ἐκείνου
3614 1989 3705 2040 τοῦ
3732 1986 3883 2048 ἔτους

2311 2089 2562 2157 οὐδαμῶς
2594 2087 2863 2139 ὑπεδίδου.

2383 2184 2448 2245 ρ’.
2486 2176 2751 2244 Βιγίλ).ιός
2772 2192 2855 2236 τις
2884 2173 3075 2241 όνομα,
3112 2173 3327 2241 οἰκέτης
3365 2170 3420 2223 δὲ
3451 2164 3605 2232 οὗτος
3646 2169 3884 2238 Ἐφρεῖμ

2310 2270 2403 2321 τοῦ
2453 2268 2757 2336 μακαρίτου
2808 2265 3177 2334 Πατριάρχου,
3210 2262 3467 2333 παρεθεὶς
3502 2263 3606 2331 ὅλῳ
3646 2262 3879 2331 σώματι,

2312 2360 2403 2410 καὶ¹
2438 2359 2620 2428 τρίτον
2653 2356 2779 2427 ἑξῆς
2825 2357 2943 2416 ἔτος
2993 2357 3159 2424 ἱεροῖς
3205 2354 3768 2423 προσανακλινόμενος
3809 2354 3883 2403 οἷ-

2312 2467 2449 2515 κοις,
2485 2448 2681 2518 ἰατρῶν
2704 2466 2762 2500 τε
2791 2448 2979 2517 χερσὶν
3006 2446 3195 2499 ἑαυτὸν
3223 2446 3483 2507 ἐκδιδοὺς,
3514 2445 3591 2506 ὡς
3613 2444 3763 2496 οὐδὲν
3787 2444 3880 2507 τῆς

2312 2540 2505 2610 τέχνης
2535 2540 2707 2591 ὤνατο
2740 2539 2921 2600 πλέον,
2952 2541 3033 2592 ὅτι
3087 2537 3160 2607 μὴ
3202 2538 3347 2605 σαφῆ
3373 2537 3474 2604 τῆς
3505 2536 3649 2603 ζωῆς
3677 2536 3884 2599 ἀπαγὸο

2315 2650 2518 2697 ρευσιν,
2549 2627 2637 2685 οἷά
2661 2650 2710 2684 τι
2743 2632 2848 2682 τῶν
2874 2631 3097 2698 ἀψύχων
3124 2629 3155 2697 ἢ
3190 2629 3380 2696 νεκρὸς
3415 2629 3614 2696 μᾶλλον
3646 2627 3881 2697 ἔμψυχος

2312 2722 2372 2773 τὸ
2408 2723 2745 2784 καινότατον,
2781 2721 3066 2786 κομίζεται
3112 2719 3190 2788 τῷ
3230 2720 3412 2787 ’Λγίῳ.
3462 2719 3742 2772 Ῥίπτεται
3776 2737 3882 2772 τοι·

2314 2813 2516 2883 γαροῦν
2539 2812 2700 2865 ἀθλία
2738 2812 2842 2881 πρὸ
2870 2811 2978 2863 τῶν
3014 2811 3227 2863 ἐκείνου
3261 2810 3660 2881 φιλανθρώπων
3687 2798 3883 2880 ὀφθαλ-

2319 2903 2435 2973 μῶν
2457 2903 2598 2972 ὄψις,
2631 2902 2797 2953 πολὺν
2824 2903 2998 2953 ἕλκων
3028 2901 3118 2953 τὸν
3148 2900 3316 2963 ἔλεον,
3344 2896 3402 2954 δν
3425 2904 3453 2953 ό
3471 2900 3564 2953 τοῦ
3592 2900 3885 2969 λαμϐάνειν

2315 2995 2591 3056 αἰτοῦντος
2615 2994 2810 3045 διδόναι
2852 2992 3049 3059 μᾶλλον
3081 2994 3287 3054 ἐκεῖνος
3323 2991 3398 3043 ὢν
3432 2991 3884 3060 ἐτοιμὸτερος,Εὶ

640 3077 731 3129 ille
780 3077 873 3145 qui
916 3078 1133 3145 petebat
1179 3080 1448 3147 accipere.
1505 3081 1593 3134 Ait
1645 3082 1811 3149 igitur
1855 3083 1958 3137 :Si
2009 3084 2213 3147 credis,

2323 3083 2613 3145 πιστεύεις,
2656 3082 2781 3151 ἔφη,
2825 3080 3085 3134 δύνασθαι
3130 3081 3228 3150 τὴν
3256 3076 3315 3131 ὲν
3354 3076 3437 3134 σοὶ
3465 3080 3647 3133 πίστιν
3680 3083 3763 3142 είς
3799 3079 3884 3131 τὸν

642 3170 804 3221 fidem
836 3178 1009 3231 tuam,
1047 3186 1213 3237 quam
1260 3171 1327 3223 de
1377 3172 1513 3224 Filio
1558 3174 1651 3226 Dei
1683 3174 1872 3237 babes,
1910 3190 2070 3242 posse
2119 3177 2215 3229 tibi

645 3258 925 3312 mediante
952 3275 1037 3313 me
1072 3262 1363 3314 restituere
1390 3263 1653 3325 salutem;
1687 3280 1843 3333 surge
1875 3274 1934 3317 ut
1963 3275 2140 3335 potes,
2167 3276 2220 3321 et

641 3347 885 3399 ambula.
942 3346 1035 3399 Ille
1090 3363 1213 3401 mox
1258 3364 1420 3416 quam
1471 3360 1684 3419 poterat
1734 3354 2037 3407 clarissima
2085 3370 2219 3408 voce

642 3438 955 3491 rxclamans
996 3456 1007 3491 :
1041 3439 1241 3500 Credo,
1270 3441 1518 3505 Domine,
1552 3458 1709 3509 posse
1743 3453 1793 3495 te
1826 3459 1925 3510 per
1956 3444 2216 3497 famulum

646 3538 798 3579 tuum
826 3530 1029 3581 omnia.
1064 3528 1106 3582 0
1132 3531 1502 3584 visitationem
1529 3532 1802 3585 divinant!
1835 3550 1867 3586 o
1900 3534 2063 3587 breve.
2094 3552 2218 3588 ver-

646 3619 775 3671 bum
834 3636 1039 3690 magnm
1071 3622 1213 3689 apud
1266 3623 1433 3676 Deum
1478 3625 1774 3692 potentiae!
1812 3624 2025 3679 Exsiliit
2052 3626 2217 3691 illico,

646 3712 968 3780 redditaque
1033 3714 1220 3767 debita
1266 3723 1455 3768 sancto
1503 3717 1889 3779 veneratione,
1953 3732 1983 3770 e
2035 3726 2219 3771 monte

645 3803 1010 3865 descendens,
1047 3806 1111 3857 ad
1153 3806 1411 3859 balneum
1463 3807 1607 3873 quod
1642 3807 1962 3860 Tiberinum
1990 3806 2216 3870 dicitur,

645 3904 811 3944 cursu
841 3891 1157 3956 contendit;
1196 3901 1309 3945 tum
1343 3894 1497 3960 quod
1534 3894 1791 3961 gaudium
1821 3909 1979 3947 suum
2023 3911 2219 3963 capere

644 3982 828 4035 animo
852 3996 960 4035 non
987 3992 1189 4050 posset.
1224 3999 1323 4037 nec
1351 3999 1409 4037 se
1440 4000 1549 4052 pne
1574 3984 1867 4053 voluptatis
1887 3984 2220 4039 abundantia

643 4072 960 4135 continere;
994 4081 1105 4125 tum
1151 4073 1296 4141 quod
1327 4073 1609 4127 festinaret
1649 4075 1852 4143 prioris
1887 4076 2221 4131 infirmitatis

646 4163 907 4231 reliquias
958 4162 1204 4215 abluere.
1257 4164 1323 4218 Et
1391 4165 1691 4219 descensus
1742 4166 1829 4220 ille
1880 4168 2103 4235 quidem
2151 4168 2221 4222 de

646 4265 831 4308 monte
886 4254 1190 4307 stadiorum
1230 4252 1461 4307 'circitcr
1512 4255 1698 4324 viginti
1768 4258 2003 4311 duorum
2067 4265 2219 4325 erat;

645 4360 808 4413 quem
856 4345 1103 4415 decurrit
1150 4346 1391 4399 extensis
1441 4346 1507 4400 ad
1558 4347 1728 4399 Deum
1778 4348 2071 4413 manibus;
2124 4364 2221 4402 ore

2320 3174 2447 3225 Υίὸν
2474 3172 2565 3224 τοῦ
2592 3171 2725 3251 ρεοῦ
2760 3171 2826 3224 δι’
2857 3170 2992 3239 ἐμοῦ
3030 3170 3253 3240 μεσίτου
3291 3170 3543 3223 ἰάσασθαί
3572 3187 3652 3234 σε,
3679 3169 3884 3238 ἐγειραι

2320 3266 2393 3325 ὡς
2420 3264 2561 3330 ἔχεις
2597 3262 2689 3314 καὶ
2716 3263 3029 3332 περιπάτει.
3072 3260 3130 3315 ’0
3158 3262 3237 3325 δὲ,
3269 3261 3539 3325 Πιστεύω,
3573 3260 3771 3329 Κύριε,
3802 3261 3886 3313 δύη

2319 3350 2510 3402 νασθαί
2547 3367 2603 3401 σε
2635 3351 2719 3401 διὰ
2742 3349 2833 3401 τοῦ
2860 3349 2951 3400 σοῦ
2978 3348 3309 3418 θεράποντος
3343 3351 3541 3414 πάντα,
3566 3351 3794 3420 λαμπρᾷ
3818 3350 3885 3413 ὡς

2319 3437 2461 3508 εἶχεν
2495 3440 2653 3501 εὐθὺς
2689 3443 2755 3509 τῇ
2788 3443 2939 3508 φωνῇ
2970 3439 3173 3508 βοήσας
3217 3438 3283 3506 (ὣ
3307 3438 3457 3501 θείας
3479 3440 3815 3509 ἐπισκοπῆςί
3842 3440 3882 3489 ὦ

2320 3534 2561 3601 ῥήματος
2586 3530 2764 3597 ὀλίγου
2796 3531 3005 3600 μεγάλα
3031 3531 3184 3600 παρὰ
3204 3530 3321 3599 Θεῷ
3339 3530 3636 3599 δυναμένου
3660 3532 3707 3603 l)
3729 3532 3886 3600 ἧλατό

2319 3643 2377 3677 τε
2406 3624 2619 3687 αὐτίκα,
2666 3625 2758 3674 καὶ
2796 3622 2894 3693 τὴν
2926 3625 3313 3694 προσήκουσαν
3346 3623 3420 3693 τῷ
3464 3624 3632 3694 ’Δγίῳ
3659 3625 3885 3695 προσκύ-

2320 3732 2472 3785 νησιν
2507 3713 2884 3778 ἀποδεδωκὼς,
2920 3714 3111 3783 κατῄει
3139 3714 3326 3784 δρόμῳ
3354 3714 3446 3767 τοῦ
3475 3715 3636 3785 ὅρους
3670 3717 3820 3786 παρά
3839 3730 3885 3766 τι

2323 3805 2621 3875 βαλανεῖον,
2650 3804 2927 3870 Τιϐερῖνον
2958 3804 3314 3872 καλούμενον,
3352 3804 3415 3855 τὸ
3450 3806 3548 3874 μὲν
3575 3808 3773 3874 χωρεῖν
3798 3806 3885 3871 οὐχ

2319 3890 2430 3956 οἷός
2466 3912 2525 3945 τε
2577 3894 2651 3946 ῶν
2690 3895 2747 3945 ἐν
2792 3894 2970 3961 ἐαυτῷ
3008 3895 3109 3963 τὴν
3154 3894 3326 3964 χαρὰν
3355 3896 3449 3946 καὶ
3480 3896 3600 3947 οὐδὲ
3631 3896 3883 3959 καθεκτὸς

2321 3984 2517 4037 ἑαυτοῦ
2548 3984 2635 4036 διὰ
2660 3983 2818 4036 τοῦτο
2840 3984 3123 4052 γινόμενος
3147 4000 3161 4015 ·
3189 3984 3250 4036 τὸ
3273 3983 3328 4036 δὲ
3355 3985 3448 4037 καὶ
3476 3986 3617 4039 αὐτὰ
3648 3987 3746 4055 τῆς
3772 4004 3884 4055 npt-

2320 4076 2482 4145 τέρας
2517 4074 2886 4136 κακοπαθείας
2915 4074 3331 4128 ἁποπλύναὰθαι
3369 4076 3439 4128 τὰ
3466 4076 3696 4144 λείψανα
3727 4078 3882 4130 σπεύ-

2320 4166 2422 4219 δων
2455 4166 2474 4239 (
2510 4165 2542 4233 ὴ
2591 4165 2773 4234 μέντοι
2804 4164 3026 4227 κάθοδος
3052 4166 3235 4234 ἐκείνη
3260 4169 3407 4220 πᾶσα
3435 4168 3527 4220 τοῦ
3560 4168 3717 4237 ὄρους
3770 4170 3883 4235 περί

2324 4274 2422 4309 που
2440 4256 2544 4308 δύο
2573 4256 2664 4308 καὶ
2694 4256 2896 4310 εἴκοσιν
2942 4256 3078 4311 οὖσα
3109 4258 3595 4331 σταδίους),χεῖρας
3625 4259 3769 4329 εἶχεν
3793 4263 3881 4313 οὐ·

2278 4407 2282 4411 _
2323 4346 2401 4417 τῷ
2446 4349 2851 4419 ἀνατεταμένας
2906 4347 3045 4416 Θεῷ,
3085 4347 3145 4400 τὸ
3176 4348 3352 4418 στόμα
3382 4366 3441 4401 τε
3477 4353 3653 4419 χαράς
3692 4352 3883 4403 ὑποπε-

646 4436 854 4497 lzetitia,
887 4443 943 4489 et
980 4435 1141 4489 labiis
1171 4435 1532 4490 exsultatione
1562 4436 1804 4505 repletis.
1838 4436 2010 4491 Lotus
2034 4445 2214 4490 autem

2326 4440 2652 4507 πλησμένον,
2694 4439 2788 4491 καὶ
2824 4439 2893 4491 τὰ
2920 4439 3072 4507 χείλη
3131 4439 3881 4511 άγαλλιάσεως.Λουσάμενος

646 4528 847 4581 cursim
870 4528 1061 4581 eadem
1097 4527 1163 4580 ad
1196 4536 1445 4581 sanctum
1477 4536 1754 4596 properat,
1781 4528 2091 4596 smpiusque
2116 4529 2218 4581 ite-

648 4627 766 4671 rato
807 4619 1073 4672 descensu
1128 4628 1291 4686 atque
1322 4632 1551 4672 ascensu
1602 4620 1745 4671 idem
1792 4618 2024 4681 factitat,
2055 4619 2220 4687 idque

650 4710 841 4764 eadem
867 4710 987 4772 die;
1017 4720 1075 4763 ut
1102 4710 1259 4764 factis
1292 4710 1445 4778 ipsis,
1476 4711 1852 4765 confirmatam
1882 4710 1983 4764 sibi
2008 4711 2220 4763 valetu-

646 4802 831 4856 dinem
880 4817 1030 4866 esse,
1077 4803 1240 4858 fidem
1288 4802 1538 4856 faceret:
1586 4803 1805 4857 tandem
1836 4802 2218 4857 benedictione

647 4904 869 4961 accepta
921 4908 951 4945 a
982 4902 1193 4958 sancto,
1242 4892 1476 4946 tetendit
1526 4892 1578 4945 in
1631 4892 1848 4956 urbem,
1892 4898 2216 4946 cunctorum

647 4984 823 5036 oculis
865 4983 1191 5038 admirabile
1225 4983 1599 5053 spectaculum
1633 4981 1704 5036 ob
1734 4982 2076 5036 sanationem
2108 4996 2217 5034 non

647 5077 949 5145 opinatam.

2328 4531 2532 4598 μέντοι,
2583 4530 2678 4583 καὶ
2719 4530 2905 4601 δρόμῳ
2956 4530 3120 4583 πάλιν
3166 4530 3366 4599 ὁμοίως
3401 4531 3553 4601 παρὰ
3581 4531 3670 4584 τὸν
3707 4535 3880 4599 Ἀγιον

2325 4620 2594 4685 ἀνελθὼν,
2653 4622 2914 4685 πολλάκις
2975 4640 3035 4673 τε
3084 4620 3241 4674 τοῦτο
3297 4622 3525 4695 δράσας,
3566 4624 3778 4693 καθόδῳ
3829 4640 3877 4675 τε

2327 4713 2720 4783 παραπλησίως
2767 4713 2860 4766 καὶ
2905 4713 3077 4783 ἀνόδῳ
3123 4715 3489 4783 χρησάμενος,
3527 4714 3621 4767 καὶ
3659 4716 3756 4783 τῆς
3794 4715 3878 4767 αὖ·

2325 4805 2423 4870 τῆς
2474 4803 2685 4874 ἡμέρας
2739 4802 3046 4871 ἀμφοτέρα,
3098 4801 3186 4853 ἵνα
3234 4802 3329 4853 καὶ
3371 4801 3468 4867 τὴν
3509 4801 3699 4869 ὑγείαν
3736 4801 3877 4860 αὐτὸς

2327 4893 2502 4956 ἐαυτῷ
2537 4893 2877 4963 πιστώσηται
2909 4893 3106 4962 μᾶλλον
3145 4893 3253 4945 ἀπὸ
3292 4892 3381 4945 τοῦ
3419 4894 3746 4962 πράγματος
3767 4911 3781 4924 ο
3808 4892 3878 4945 τέ-

2325 4984 2416 5045 λος
2460 4984 2773 5054 εύλογηθεὶς
2820 4985 2911 5036 ὑπ’
2957 4985 3142 5051 αὐτοῦ,
3189 4985 3431 5038 κάτεισιν
3479 4988 3557 5049 είς
3596 4986 3696 5056 τὴν
3744 4988 3876 5040 πόλιν

2326 5072 2624 5141 ὀφθαλμοῖς
2688 5075 2824 5126 πᾶσι
2880 5074 3066 5144 θαῦμα
3122 5075 3199 5144 τῷ
3256 5074 3546 5146 παραδόξῳ
3586 5076 3682 5146 τῆς
3734 5076 3877 5145 θερι-

2337 5180 2396 5215 πε
2406 5163 2507 5226 ίας.

2086 5292 2312 5348 CAPUT
2356 5293 2494 5350 XIII.

1219 5406 1384 5461 Variae
1412 5414 1647 5460 'ecstases
1681 5416 1729 5458 et
1776 5407 2044 5472 vaticinia,
2102 5424 2379 5478 precesque
2418 5414 2514 5477 pro
2555 5410 2850 5463 avertendis
2896 5411 3307 5466 calamitatibus.

727 5516 847 5571 l0l.
901 5516 960 5569 In
1012 5518 1208 5571 ecstasi
1269 5518 1563 5587 aliquando
1620 5519 1853 5590 Symeon
1909 5520 2045 5574 vidit
2100 5521 2218 5574 infi-

653 5606 820 5659 nitam
870 5607 1137 5671 Virorum,
1184 5609 1499 5672 mulierum,
1543 5626 1603 5665 ac
1642 5625 1938 5679 puerorum
1984 5613 2220 5675 turbam,

646 5714 711 5753 cx
747 5696 965 5751 Oriente
1000 5699 1064 5752 ad
1098 5716 1151 5753 sc
1190 5700 1549 5765 venientium,
1582 5717 1814 5769 quorum
1849 5717 2041 5756 manus
2082 5720 2223 5771 pne-

2405 5529 2505 5593 pa'.
2552 5522 2816 5591 Ἐωράκει
2848 5526 2978 5579 ποτὲ
3002 5526 3029 5577 ό
3055 5526 3279 5596 Συμεὼν
3307 5527 3367 5581 ἐν
3390 5528 3665 5593 ἐκστάσει,
3691 5526 3877 5601 ἀνδρῶν

2331 5613 2424 5665 καὶ
2454 5614 2860 5681 γυναικιῖ.›ν,καὶ⁵
2893 5616 3094 5669 παίδων
3128 5616 3333 5687 πλῆθος
3388 5620 3602 5691 μυρίον,
3669 5622 3879 5692 ἣκοντας

2330 5706 2407 5768 είς
2436 5704 2595 5757 αὑτὸν
2622 5706 2684 5757 ἐκ
2722 5705 2818 5774 τῆς
2852 5704 2985 5768 Ἕω,
3010 5708 3099 5758 καὶ
3122 5710 3343 5779 σταυροὶ
3367 5710 3465 5778 μὲν
3489 5710 3676 5772 αὐτοῖς
3703 5715 3760 5767 ἐν
3795 5725 3875 5777 ,χε-
