4078 6332
321 367 462 431 3089

1303 377 1477 438 VITA
1513 378 1562 437 Α
1600 380 2032 446 NICEPHORO
2066 350 2550 449 consumam.

3426 398 3565 459 3090

316 478 407 531 διὰ
439 479 702 551 στόματος
737 480 926 552 ἔχοντα
960 476 1119 554 εὗρεν
1182 485 1470 557 ίλαστήρια
1520 491 1656 560 πρὸς
1699 493 1881 564 Θεὸνή

1993 500 2145 552 vultu
2175 500 2525 568 spectandam
2562 514 2617 553 se
2657 495 2760 567 ipsi
2787 501 3007 565 obtulit,
3034 513 3089 557 et
3114 506 3279 559 verba
3306 508 3417 559 oris
3446 510 3567 578 ejus

321 570 499 622 ίκεσία
519 613 534 639 ,
577 574 747 624 ταῦτα
773 574 1119 635 ἐντείλασθαι,
1136 576 1210 645 τῷ
1241 578 1353 647 λαῷ
1379 577 1483 648 ἔφη
1506 582 1886 649 λιτανεύοντας

319 657 472 732 ᾄσαι,
504 664 596 716 καὶ
621 666 919 734 στήσασθαι
952 667 1052 734 τὴν
1086 669 1338 740 ἀπειλήν.
1382 672 1439 725 'U
1469 674 1570 743 μὲν
1618 670 1710 729 οῦν
1737 666 1887 730 ¹κατὲι

316 752 417 816 τὰς
446 754 595 818 θείας
630 755 927 823 ὑποθήκας,
961 760 1153 830 καινὴν
1202 761 1343 831 ᾠδὴν
1381 763 1474 816 ἐπί
1514 765 1711 831 λέξεως
1742 767 1891 837 ᾅδειν

316 846 596 900 ἐδίδασκεν
625 848 903 916 ἐμμελῶς,
929 849 1017 903 ἵνα
1041 854 1106 921 τῇ
1136 852 1341 906 τούτων
1375 856 1565 927 μνήμῃ
1592 858 1686 910 καὶ
1715 858 1887 925 γλῶτ-

316 953 419 989 ταν
450 938 803 1007 ἀγιασθῶμεν
836 958 847 969 ·
895 940 983 1003 Ὠς
1010 944 1101 994 ἐπὶ
1159 944 1403 1007 Μωσέως
1463 946 1887 1019 δυσωπούμενος

316 1026 543 1095 ί).ἀσθης
574 1028 601 1079 6
633 1028 765 1091 Θεὸς
792 1029 887 1083 τοῦ
928 1030 1003 1101 μὴ
1060 1034 1347 1103 συντρίψαι
1396 1035 1487 1089 τὸν
1528 1037 1762 1110 Ἰσραὴλ,
1789 1042 1885 1095 καὶ

320 1115 443 1181 νῦν,
477 1118 670 1188 Κύριε,
695 1120 905 1175 παῦσον
952 1127 1433 1197 παρακαλούμενος
1462 1132 1559 1199 τὴν
1587 1132 1753 1203 ὀργὴν
1780 1134 1885 1187 ἀπὸ

313 1206 411 1260 τοῦ
441 1208 571 1261 λαοῦ
601 1227 716 1279 σου,
744 1213 1093 1286 συγχώρησιν
1127 1220 1453 1290 ποιούμενος
1488 1223 1598 1276 τῶν
1627 1225 1887 1278 ποικίλων

314 1299 478 1369 ἡμῶν
521 1301 828 1373 ἁμαρτιῶν,
860 1304 935 1368 ὡς
974 1307 1133 1376 μόνος
1176 1310 1565 1382 ἀναμάρτητος
1598 1314 1831 1382 Χριστὸς
1859 1317 1888 1368 6

1996 590 2322 643 invenerunt
2356 590 2586 658 gratiam
2621 604 2682 641 ac
2708 592 3156 660 propitiationem
3191 597 3333 664 apud
3372 600 3561 652 Deum.

1996 680 2121 733 Haec
2157 679 2359 748 populo
2384 679 2845 748 supplicabuudo,
2890 682 3087 752 inquit,
3126 691 3392 741 cantanda
3430 708 3564 757 prac-

1995 769 2221 823 scribite
2253 769 2321 823 ad
2353 770 2715 825 inhibendum
2739 772 3034 842 flagellum.
3074 776 3227 832 Fecit
3262 794 3391 848 ergo
3416 782 3563 849 quod

1993 869 2342 930 suggesserat
2384 861 2547 926 Deus,
2583 874 3021 935 convocatosque
3062 868 3393 938 discipulus,
3456 874 3565 929 illic

1992 949 2336 1013 oberrautes,
2374 966 2575 1005 novum
2611 953 2808 1009 edocet
2858 958 3167 1019 canticum,
3222 971 3328 1015 tam
3368 968 3564 1033 exqui-

1991 1038 2157 1092 situm
2207 1039 2669 1110 concinnumquc,
2726 1053 2786 1096 ut
2816 1045 3138 1101 recitatione
3172 1050 3321 1104 illitis
3360 1070 3563 1106 canen-

1990 1130 2123 1185 tium
2179 1131 2379 1201 linguce
2413 1133 2870 1203 sanctiﬁcentur;
2908 1140 3058 1208 quod
3086 1150 3170 1195 est
3201 1142 3510 1212 hujusmodi
3550 1163 3561 1196 :

1989 1221 2461 1288 Quemadmodum
2503 1234 2748 1294 tempore
2779 1228 2979 1300 Moysis
3022 1234 3278 1300 precibus
3320 1237 3565 1303 placatus

1989 1326 2100 1365 non
2146 1313 2456 1367 sustinuisti
2517 1318 2730 1371 conteri
2766 1318 2954 1384 Israel,
3003 1322 3075 1375 ita
3130 1340 3280 1378 nunc
3324 1342 3563 1396 quoque,

311 1388 469 1485 Θεὸς,
505 1392 643 1444 κατά
680 1394 740 1445 τὸ
769 1396 910 1464 μέγα
942 1414 1035 1449 σου
1061 1398 1228 1462 ἕλεος,
1261 1400 1388 1466 δόξα
1422 1420 1526 1458 σοι.
1559 1405 1669 1459 Καὶ
1699 1407 1749 1457 oi
1782 1406 1881 1473 μὲν

1980 1401 2229 1467 Domine,
2262 1414 2519 1460 exoratus
2554 1407 2744 1463 desine
2773 1426 3096 1468 succensere
3128 1417 3332 1485 populo
3370 1426 3483 1481 tuo,
3509 1429 3564 1473 et

312 1476 531 1531 ἐποίουν
558 1482 618 1533 τὸ
641 1483 949 1538 κελευσθέν·
986 1488 1034 1539 oi
1063 1489 1119 1540 δὲ
1153 1490 1331 1544 στύλοι
1364 1492 1461 1560 τῆς
1482 1496 1586 1563 γῆς
1633 1494 1701 1564 (6
1726 1495 1879 1562 Θεὸς,

311 1564 398 1629 τίς
420 1566 583 1630 ἀξίως
628 1570 821 1641 ᾄσεται
862 1573 930 1627 τὰ
976 1574 1097 1645 ἐλέη
1129 1594 1220 1630 σου
1249 1578 1290 1651 l)
1332 1579 1494 1644 εὐθὺς
1527 1583 1881 1654 ἐστερέωντο,

312 1656 413 1708 καὶ
442 1658 470 1709 6
504 1661 725 1729 σεισμὸς
749 1662 987 1734 ἀκριϐῶς
1016 1668 1283 1724 πέπαυτο.

1982 1492 2202 1563 ignosce
2224 1494 2477 1560 plurimis
2507 1500 2747 1565 peccatis
2781 1503 3022 1565 nostris;
3075 1514 3135 1558 ut
3168 1506 3286 1568 tibi,
3327 1508 3561 1573 Christe,

1982 1582 2075 1651 qui
2123 1581 2274 1636 solus
2321 1585 2528 1650 peccati
2585 1600 2781 1655 expers
2822 1603 2904 1652 es,
2954 1592 3256 1645 secundum
3316 1610 3564 1663 iiiaguam

1983 1673 2419 1728 misericordiam
2449 1682 2595 1729 tuam
2640 1678 2817 1745 gloria
2848 1680 2938 1735 sit.
2973 1681 3040 1735 Et
3084 1682 3374 1753 discipulis
3410 1701 3564 1737 man-

311 1748 505 1847 datum
550 1753 729 1811 Patris
780 1758 1153 1829 implentibus,
1201 1764 1376 1821 fulcra
1449 1775 1609 1823 terrae
1664 1768 1834 1839 (quis,
1888 1784 1921 1824 ο
1960 1769 2123 1834 Deus,
2175 1768 2339 1839 digne
2395 1770 2697 1825 celebrabit
2764 1773 3148 1831 miserationes
3205 1748 3325 1831 tuas
3353 1777 3397 1847 ?)
3433 1777 3566 1831 soli-

311 1843 443 1901 data
492 1857 641 1917 sunt,
673 1862 728 1907 et
763 1861 944 1910 motus
996 1872 1063 1911 ex
1110 1861 1384 1916 sententia
1418 1863 1671 1918 cessavit.

1750 1998 1976 2056 CAPUT
2015 2000 2133 2055 XIV

762 2104 943 2161 "Rudes
983 2107 1129 2162 docet
1159 2126 1177 2163 :
1210 2110 1526 2167 vaticinatur
1557 2113 1761 2170 diversa
1792 2130 2022 2171 :novam
2062 2115 2363 2171 columnam
2397 2125 2667 2172 consecrat
2699 2128 2746 2173 et
2789 2121 3108 2175 conscendit.

392 2229 478 2294 ρι’.
513 2226 577 2278 'A
628 2226 725 2296 μὲν
756 2225 847 2310 οῦν
874 2229 971 2299 τῆς
1002 2231 1185 2300 κοινῆς
1216 2234 1511 2302 πρεσϐείας
1555 2236 1719 2291 αὐτοῦ
1751 2240 1881 2309 πρὸς

2064 2237 2187 2292 HO.
2230 2238 2410 2308 Atque
2433 2238 2547 2294 haec
2577 2248 2727 2303 sunt,
2776 2255 2899 2309 quae
2928 2241 3021 2295 illo
3067 2242 3211 2310 apud
3255 2243 3426 2297 Deum
3485 2246 3567 2299 in-

310 2318 449 2373 Θεὸν
472 2319 739 2375 ἀπέλαυον
773 2303 990 2391 πάντες,
1016 2328 1239 2382 τοιαῦτά
1258 2332 1405 2384 ἐστιν
1424 2348 1438 2361 ·
1468 2333 1496 2384 6
1521 2333 1577 2386 δὲ
1606 2334 1762 2403 λόγος
1790 2303 1884 2388 καὶ

309 2410 451 2483 πρὸς
483 2411 553 2465 τὰ
582 2413 721 2467 κατὰ
767 2417 931 2483 μέρος
972 2414 1127 2481 αὖθις
1160 2424 1358 2491 χωρεῖν
1392 2424 1689 2494 ἐπείγεται.
1736 2427 1883 2481 Ἔδει

306 2504 433 2564 ταῖς
467 2503 719 2571 κεφαλίσι
764 2506 871 2559 τῶν
926 2508 1120 2562 κιόνων
1167 2510 1396 2582 γλυφῆς,
1427 2508 1508 2579 οἷς
1538 2518 1567 2569 6
1606 2519 1746 2572 κατὰ
1784 2521 1883 2590 τὴν

308 2594 482 2664 μονὴν
510 2594 597 2647 ἐπ’
626 2595 854 2666 ὀνόματι
886 2598 985 2668 τῆς
1019 2599 1253 2671 ἀρχικῆς
1276 2604 1370 2656 καὶ
1399 2604 1682 2677 βασιλικῆς
1710 2609 1882 2680 Τριά-

303 2682 398 2746 δος
425 2684 551 2748 ναὸς
582 2685 910 2756 ἐγήγερται·
937 2687 1163 2757 ἀδελφὸς
1191 2691 1250 2745 δέ
1272 2710 1374 2760 τις,
1398 2693 1565 2765 ὄνομα
1605 2698 1879 2768 Ἰωάννης,

305 2775 693 2844 πνευματικῶν
717 2776 816 2845 μὲν
848 2778 1063 2847 τρόπων
1091 2785 1574 2855 μεταποιούμενος,
1596 2789 1691 2841 καὶ
1719 2789 1879 2858 λόγου

306 2866 671 2936 μετειληφὼς,
708 2866 1023 2939 λιθουργίας
1067 2870 1125 2924 δὲ
1163 2874 1509 2931 παντάπασιν
1557 2880 1881 2950 ἀνασκήτως

304 2955 468 3026 ἔχων,
496 2955 777 3027 θαρρήσας
805 2961 870 3027 τῇ
902 2976 959 3011 τε
991 2961 1167 3032 οἰκείᾳ
1203 2964 1339 3034 πρὸς
1363 2964 1454 3018 τὸν
1492 2966 1646 3034 ἅγιον
1677 2969 1875 3038 πίστει,

302 3047 374 3116 τῇ
399 3061 458 3099 τε
489 3047 615 3115 περ)⁸
638 3047 727 3110 τὰς
763 3049 979 3113 ἐντολὰς
1010 3053 1171 3105 αὑτοῦ
1206 3052 1406 3127 θέρμῃ,
1438 3057 1531 3110 καὶ
1557 3062 1677 3123 ταῖς
1711 3061 1881 3130 ὑπερ-

304 3133 500 3203 φυέσιν
528 3135 736 3188 ἐκείνου
764 3138 860 3191 καὶ
890 3138 1173 3208 μεγίσταις
1196 3142 1696 3216 θαυματουργίαιςο
1726 3151 1881 3203 Ἐπί-

302 3224 419 3289 θες,
455 3225 656 3295 Πάτερ,
692 3227 847 3297 φησὶ,
904 3232 970 3300 τῇ
1026 3232 1222 3304 καρδίᾳ
1280 3252 1384 3304 μου
1436 3235 1534 3309 τὴν
1588 3238 1748 3306 ἁγίαν
1786 3259 1877 3295 σου

301 3317 482 3384 χεῖρα,
514 3317 606 3370 καὶ
638 3315 876 3389 ἄρξομαι
929 3321 1279 3391 διαγλύφεινο
1321 3325 1399 3391 ὡς
1455 3328 1522 3382 ἂν
1570 3330 1646 3400 τῷ
1697 3333 1754 3385 ἐν
1794 3336 1879 3387 σοὶ

302 3404 436 3476 θείῳ
464 3406 741 3476 Πνεύματι
774 3410 868 3463 τὸν
894 3410 1019 3464 νοῦν
1046 3414 1373 3486 τυπωθείην.
1407 3418 1514 3471 Τοῦ
1545 3420 1600 3473 δὲ
1642 3424 1877 3493 σπουδῆς

298 3496 440 3566 ὁμοῦ
489 3499 581 3552 καὶ
627 3498 910 3571 ὑποταγῆς
965 3504 1172 3573 μισθῶν
1228 3506 1370 3561 οὕτω
1414 3511 1665 3579 μεγάλων
1710 3516 1876 3570 αὑτὸν

298 3589 675 3660 ἀποστερῆσαι
718 3589 793 3661 μὴ
838 3590 1187 3663 βουλομένου,
1219 3596 1355 3652 ἀλλά
1390 3576 1468 3670 τῷ
1496 3576 1595 3656 *τοῦ
1636 3605 1875 3676 μαθητοῦ
1905 3576 1946 3632 C

299 3676 490 3747 στήθει
516 3678 793 3744 ἐπιθέντος
811 3682 909 3751 τὴν
929 3685 1111 3754 χεῖρα,
1135 3689 1251 3753 καὶ,
1272 3689 1486 3756 Σοφίσει
1506 3710 1584 3758 σε,
1607 3696 1819 3762 τέκνον,
1850 3700 1878 3751 6

296 3766 434 3830 Θεὸς
473 3771 537 3839 τῇ
569 3770 946 3845 λιθογλυφικῇ,
999 3776 1271 3846 φήσαντος
1296 3796 1311 3808 ’
1348 3768 1877 3854 ἀψάμενοςίἐκεῖνος

297 3857 485 3948 ἔργου,
533 3860 783 3933 δεύτερος
830 3862 986 3934 ῶφθη
1068 3867 1346 3941 Βεσελιὴλ,
1391 3873 1510 3927 οὐδὲ
1577 3876 1736 3948 ὀλίγα
1780 3880 1874 3933 τοῦ

297 3947 521 4020 πρώτου
554 3951 653 4023 τὴν
688 3953 881 4022 σοφίαν
908 3955 1254 4028 λειπόμενος.

371 4122 493 4195 μα’.
544 4124 696 4177 Ἐπεὶ
725 4126 779 4178 δὲ
816 4126 915 4197 ήδη
946 4129 1038 4181 καὶ
1063 4131 1091 4182 6
1116 4131 1302 4202 καιρὸς
1324 4135 1624 4210 ἐνειστήκει
1657 4140 1757 4211 τῆς
1781 4143 1873 4196 τοῦ

296 4213 507 4268 τοιοῦδε
539 4215 785 4286 μαθητοῦ
818 4214 1081 4288 ἐκδημίας
1126 4222 1158 4292 ἢ
1200 4223 1533 4292 ἀναλύσεως,
1579 4228 1610 4301 ἢ
1644 4232 1779 4300 πρὸς
1810 4234 1876 4285 τὰ

294 4304 611 4375 ποθούμενα
641 4307 907 4377 κλήσεως,
941 4312 1099 4365 τοῦτο
1150 4316 1301 4386 παρὰ
1324 4316 1459 4371 Θεοῦ
1490 4322 1755 4393 γεγένητο
1779 4327 1875 4397 δῇ..

291 4397 387 4451 λον
418 4397 495 4468 τῷ
522 4399 763 4468 Συμεώνσ
788 4404 853 4473 τῇ
883 4403 1099 4473 συνήθει
1129 4407 1403 4462 κάνταῦθα
1430 4414 1713 4487 παρρησία
1739 4435 1876 4486 χρη-

293 4489 552 4558 σάμενος,
581 4492 629 4543 εί
652 4494 717 4561 τῇ
747 4491 914 4563 βίϐλῳ
934 4495 1031 4564 τῆς
1064 4496 1208 4568 ζωῆς
1229 4499 1554 4574 ἐγγραφείη,
1582 4512 1876 4574 μυστικαῖς

291 4578 466 4631 ἐδεῖτο
495 4579 687 4647 μαθεῖν
716 4582 903 4651 εὐχαῖς
926 4601 985 4636 τε
1018 4588 1111 4639 καὶ
1145 4590 1406 4659 ὁμιλίαις.
1472 4593 1557 4658 Ὡς
1584 4595 1728 4649 δὲού
1759 4599 1876 4652 τοῦ·

289 4683 387 4719 τον
431 4668 566 4739 αὐτῇ
611 4670 792 4739 μόνον,
841 4672 979 4727 ἀλλά
1010 4677 1105 4730 καὶ
1143 4681 1269 4741 τοὺς
1298 4681 1516 4748 λοιποὺς
1554 4686 1663 4740 τῶν
1707 4689 1873 4744 αὐτοῦ

294 4754 579 4848 μαθητῶν,
616 4759 730 4812 ὅσοι
763 4777 824 4814 τε
882 4766 1364 4838 προεκδημήσειαν
1390 4773 1737 4845 ἐγγραφῆναι
1773 4779 1869 4848 μά-

289 4847 398 4911 θοι,
421 4848 536 4900 ὅσοι
561 4865 619 4901 τε
649 4851 787 4920 μετὰ
808 4851 979 4907 ταῦτα
998 4855 1403 4930 ἐκδημήσουσιν
1427 4847 1871 4939 ἐγγραφήσεσθαι

291 4939 391 4992 καὶ
422 4939 636 5003 αὐτοὺς,
682 4942 812 5010 γόνυ
849 4945 926 5015 τῷ
963 4949 1208 5017 κρυφίως
1243 4930 1735 5027 λαλοῦντι-κλίνας,
1774 4965 1870 5019 καὶ
1903 4930 1945 4985 D

286 5028 361 5126 τά
386 5030 1019 5126 είκόταλεὺχαριστήσας,
1042 5040 1181 5108 μετὰ
1208 5043 1335 5106 τοὺς
1364 5045 1619 5113 ἑωθινοὺς
1652 5053 1869 5126 ἐκείνης

286 5120 395 5188 τῆς
436 5122 627 5187 νυκτὸς
657 5123 880 5195 ῦμνους,
911 5124 978 5200 ῆς
1011 5132 1183 5204 δῶρον
1210 5137 1243 5205 ή
1274 5138 1521 5206 παροῦσα
1564 5140 1720 5211 ὄψις,
1764 5120 1871 5199 ὑπὸ

284 5214 413 5275 ταῖς
438 5213 658 5268 πάντων
686 5218 877 5283 ἀκοαῖς
912 5221 1021 5289 (ἵνα
1050 5226 1144 5277 καὶ
1172 5227 1340 5280 πᾶσιν
1369 5230 1534 5284 οἱονεί
1563 5250 1615 5285 τι
1643 5235 1867 5306 κέντρον

283 5302 393 5371 τῆς
425 5302 519 5356 τοῦ
560 5303 792 5360 θανάτου
851 5312 1072 5381 μνήμης
1110 5316 1344 5391 ἐμϐάλῃ,
1386 5323 1479 5374 καὶ
1513 5320 1735 5389 τούτους
1776 5302 1867 5382 ἐπὶ

285 5392 457 5489 πλέον
498 5395 651 5489 ’πρὸς
687 5397 1026 5489 ⁸ιὶτοιμασίαν
1087 5406 1184 5475 τῆς
1240 5407 1420 5472 ἐξόδου
1484 5412 1861 5489 διαναστήσῃ),

298 5482 544 5553 ’Δδελφέ,
577 5486 731 5555 φησὶ,
772 5486 1045 5564 Ἰωάννης,
1080 5498 1269 5570 εἰρήνη
1319 5518 1422 5570 σοι,
1477 5482 1862 5574 μετακαλεῖταί

1986 2325 2301 2384 tercedente
2354 2328 2662 2397 promiscue
2696 2344 2887 2385 omnes
2919 2334 3198 2386 consecuti
3228 2343 3371 2388 sunt.
3407 2335 3567 2389 Nune

1984 2432 2169 2477 autem
2197 2420 2265 2475 ad
2297 2435 2380 2484 ea,
2414 2436 2534 2493 qum
2563 2420 2795 2489 singulis
2832 2422 2886 2475 in
2937 2424 3260 2492 particulari
3317 2427 3561 2496 praestita

1983 2520 2130 2574 sunt,
2162 2511 2346 2566 redire
2372 2510 2592 2565 festinat
2622 2512 2817 2566 oratio.
2847 2510 3133 2581 Capitellis
3158 2515 3557 2580 columnarum,

1981 2601 2138 2672 queis
2162 2602 2483 2657 monasterii
2517 2601 2803 2671 templum,
2834 2603 3190 2658 sanctissima:
3212 2604 3443 2660 Triados
3464 2624 3562 2660 no-

1982 2694 2128 2747 mine
2171 2693 2504 2759 dedieatum,
2536 2694 2964 2757 sustentabatur,
3007 2696 3302 2765 sculptura:
3333 2707 3561 2752 ornatus

1980 2784 2160 2838 adhuc
2200 2784 2440 2839 deerat:
2482 2800 2608 2839 cum
2649 2783 2821 2839 frater
2862 2785 3135 2855 quispiam
3183 2785 3422 2840 Joannes
3455 2802 3558 2839 no-

1982 2874 2149 2939 mine,
2207 2880 2319 2929 tam
2355 2874 2600 2944 lapidum
2636 2874 3022 2929 caedendorum
3077 2875 3250 2934 rudis.
3281 2889 3449 2944 quam
3503 2876 3558 2927 in

1979 2964 2146 3018 rebus
2163 2964 2244 3033 spi
2254 2964 2296 3017 ri
2306 2965 2549 3018 tualibus
2570 2974 2841 3030 versatus,
2862 2966 3238 3035 orationisque
3256 2964 3557 3027 studiosus,

1981 3056 2112 3108 fisus
2137 3061 2317 3107 tamen
2340 3064 2397 3109 et
2424 3070 2521 3108 sua
2550 3055 2606 3108 in
2632 3064 2880 3110 sanetum
2918 3055 3045 3118 fide,
3079 3065 3135 3109 et
3160 3065 3559 3125 praeceptorum

1979 3145 2097 3214 ejus
2123 3142 2586 3213 perﬁciendorum
2624 3143 2928 3209 alacritate,
2959 3154 3016 3199 et
3047 3146 3561 3215 supernaturalihus

1978 3235 2228 3305 ejusdem
2286 3234 2700 3304 operationibus
2751 3235 3060 3305 :lmpone,
3109 3236 3310 3305 inquit,
3366 3237 3559 3302 Pater,

1978 3327 2187 3397 pectori
2236 3341 2359 3380 meo
2406 3342 2613 3380 sacram
2662 3341 2898 3380 manum
2938 3336 3111 3392 tuam,
3165 3336 3223 3383 et
3263 3329 3561 3404 sculptura:

1979 3417 2196 3473 initium
2223 3418 2383 3481 dabo,
2412 3433 2542 3487 quo,
2576 3433 2673 3488 per
2702 3427 2953 3473 sanctum
2984 3420 3076 3489 qui
3108 3421 3166 3474 in
3202 3429 3252 3476 te
3277 3430 3359 3476 est
3384 3421 3559 3490 Spiri-

1978 3516 2114 3570 tum,
2148 3523 2269 3576 qua:
2302 3515 2483 3562 mente
2511 3507 2763 3577 concepi,
2794 3524 2960 3578 opere
2988 3508 3244 3587 elligiem.
3279 3505 3378 3565 ille
3428 3528 3559 3566 vero

1979 3613 2103 3652 cum
2146 3598 2318 3652 nollet
2369 3605 2531 3652 tanta:
2560 3598 2859 3669 diligentiae
2904 3599 3372 3668 subjectionisque
3418 3616 3560 3654 mer-

1978 3690 2111 3744 cede
2134 3689 2465 3759 discipulum
2492 3690 2729 3759 privare,
2757 3689 3018 3758 imposuit
3042 3690 3288 3759 cupienti
3313 3705 3554 3753 manum,

1978 3788 2059 3833 et:
2093 3778 2331 3833 lnstruet
2363 3788 2413 3832 te
2435 3778 2600 3842 Deus,
2628 3778 2826 3848 inquit,
2853 3778 2926 3831 fili
2951 3778 3046 3843 mi,
3076 3778 3289 3848 lapides
3310 3778 3555 3833 caadendi

1977 3878 2115 3922 arte.
2160 3868 2358 3937 Sicque
2395 3868 2485 3923 ille
2515 3869 2697 3939 reipsa
2728 3884 2867 3938 opus
2896 3885 3188 3941 aggressus
3219 3878 3303 3925 est
3332 3888 3344 3923 :
3371 3881 3427 3925 et
3457 3886 3554 3940 αρε

1977 3959 2160 4029 paruit
2191 3960 2327 4013 alter
2374 3959 2617 4015 Bcseleel
2656 3952 2796 4029 (50),
2840 3961 3015 4016 veteri
3055 3961 3133 4016 illi
3172 3962 3309 4016 nihil
3352 3963 3553 4017 cedent

1976 4051 2229 4106 scientia.

2045 4156 2169 4210 111.
2199 4154 2561 4227 Posteaquam
2595 4171 2727 4211 vero
2771 4156 2948 4212 eidem
3006 4156 3278 4228 discipulo
3325 4157 3435 4227 jam
3466 4157 3552 4212 in-

1975 4234 2147 4304 staret
2177 4257 2395 4319 tempus
2420 4249 2768 4320 migrationis
2796 4250 2879 4303 vel
2908 4234 3264 4304 resOlutionis
3291 4265 3423 4312 suae,
3460 4264 3555 4304 aut

1974 4341 2159 4408 potius
2205 4339 2542 4394 evocationis
2576 4341 2643 4393 ad
2675 4338 2985 4394 desiderata
3016 4340 3236 4410 gaudia,
3267 4340 3432 4409 idque
3470 4339 3554 4394 di-

1977 4432 2183 4486 vinitus
2211 4431 2576 4502 signiﬁcatum
2609 4432 2943 4488 innotuisset
2986 4432 3277 4504 Symeoni;
3329 4433 3419 4488 hic
3456 4449 3553 4501 pro

1974 4529 2237 4576 consueta
2259 4536 2385 4576 cum
2415 4521 2528 4577 Deo
2556 4521 2752 4592 agendi
2782 4523 3038 4578 libertate
3066 4522 3307 4577 instabat
3338 4522 3555 4578 arcanis

1973 4612 2230 4681 precibus
2288 4620 2453 4683 atque
2499 4612 3020 4683 supplicationibus,
3087 4622 3148 4668 ut
3199 4613 3551 4676 edoceretur,

1974 4712 2161 4757 utrum
2194 4702 2337 4757 libro
2365 4704 2492 4759 vitae
2549 4704 2851 4775 inscriptus
2896 4706 2988 4760 ille
3033 4713 3198 4759 esset.
3244 4693 3380 4759 cum
3421 4720 3554 4758 vero

1972 4792 2278 4860 didicisset,
2317 4810 2429 4849 non
2479 4795 2631 4850 illum
2677 4795 3043 4860 solummodo,
3097 4796 3194 4850 sed
3229 4805 3289 4849 et
3312 4795 3555 4864 reliquos

1974 4883 2394 4954 discipulorum,
2428 4886 2484 4940 in
2530 4886 2584 4940 id
2616 4902 2789 4957 usque
2822 4896 3040 4958 tempus
3069 4895 3439 4950 mortuorum,
3475 4886 3555 4938 in-

1974 4975 2210 5045 scriptos
2234 4990 2378 5042 esse,
2407 4985 2463 5031 et
2480 4985 2750 5047 quotquot
2772 4978 3034 5048 deinceps
3060 4977 3318 5032 morituri
3343 4985 3551 5033 essent.

1976 5066 2381 5135 inscribendos;
2409 5068 2643 5138 genibus
2683 5069 2787 5125 sibi
2827 5070 2883 5124 in
2932 5069 3256 5124 abscondito
3305 5067 3553 5136 loquenti

1974 5158 2192 5229 positis;
2224 5159 2428 5229 gratias
2455 5159 2531 5223 ei,
2568 5170 2628 5214 ut
2650 5177 2747 5230 par
2771 5170 2909 5225 erat,
2932 5161 3193 5224 reddidit,
3227 5168 3391 5229 atque
3430 5170 3552 5226 post

1976 5250 2275 5304 matutinos
2298 5250 2530 5321 hymnos
2552 5253 2731 5306 noctis
2754 5252 2898 5307 illius
2916 5268 3024 5321 qua
3054 5251 3316 5321 praedicta
3338 5250 3552 5306 visione

1974 5334 2229 5404 dignatus
2254 5335 2455 5403 fuerat,
2484 5347 2544 5391 ut
2578 5340 2860 5394 stimulum
2908 5340 3168 5395 omnibus
3201 5340 3268 5393 ad
3306 5341 3554 5394 recolen-

1972 5425 2095 5480 dam
2130 5428 2323 5483 mortis
2354 5431 2674 5485 memoriam
2713 5432 2997 5498 subderet,
3026 5439 3083 5486 et
3131 5431 3197 5485 ad
3242 5446 3553 5502 praeparan-

1970 5514 2099 5569 dum
2148 5514 2451 5572 discessum
2495 5519 3025 5587 excitaret:Frater,
3056 5519 3253 5591 inquit,
3289 5519 3550 5593 Joannes.
