4078 6332
266 367 412 431 3397
1297 369 1475 430 VlTA
1513 371 1560 426 Α
1594 363 1836 426 NiCEPl

1941 363 2032 423 ΒΟ
2065 363 2550 428 CONSCRIPTA.

3403 364 3542 428 3038

269 486 536 556 ρομὲνην,
559 483 654 539 καὶ
680 484 812 555 παρ’
833 484 1002 538 αὐτοῦ
1030 486 1138 539 πᾶν
1168 488 1306 557 ὅπερ
1341 488 1408 540 ἂν
1437 486 1651 554 αίτήσοι
1688 481 1836 536 πάλιι

1955 498 2148 538 versus
2172 484 2344 539 Deum
2362 499 2582 554 semper
2611 482 3050 538 intentionaliter
3069 482 3290 545 elatam,
3317 496 3540 536 manum

268 578 683 646 λαμϐάνουσαν,
715 577 816 646 τήν
839 592 899 628 τι
935 577 1270 648 δημιουργὸν
1300 578 1492 647 σοφίαν
1528 576 1619 627 τὸν
1650 573 1854 642 Κύριον

268 669 436 738 ἡμῶν
484 668 946 739 ἐπικαλεσάμενος
995 670 1088 723 καὶ
1131 670 1265 723 Θςδν
1299 670 1390 723 τὸν
1418 669 1546 721 Υίὸν
1574 667 1668 718 τοῦ
1695 662 1850 727 Θεοῦ,

266 760 602 814 ἀπαλλάττει
652 761 750 831 τὴν
802 763 982 815 νεᾶνιν
1037 761 1130 814 τοῦ
1196 761 1421 824 πάθους,
1451 755 1726 813 καὶκατὰ
1754 755 1854 823 φύ-

265 871 361 906 σιν
425 854 826 923 ἀποκαθίστησι
883 856 1108 926 ταύτην.
1149 857 1332 926 Ὅπερ
1397 852 1713 921 τηλικοῦτον
1769 849 1847 915 ὃν,

265 932 500 1013 ἀδελφὸν
529 947 609 1008 είς
637 943 916 1015 θαύματος
941 947 1097 1014 λόγον
1124 947 1237 1017 ἔχει
1263 948 1325 1000 τὸ
1356 945 1720 1014 ἐπαγόμενον.

341 1120 467 1192 ριθ’.
511 1123 689 1194 Ἀνδρὶ
735 1125 844 1195 γάρ
875 1142 982 1178 τινι
1009 1125 1106 1196 τὴν
1151 1123 1342 1194 κλῆσιν
1383 1122 1701 1192 Ἑπιφανίῳ,
1735 1121 1848 1174 Χα-

272 1215 599 1285 ρανδαμενῷ
658 1215 759 1286 τὴν
819 1216 1032 1288 κώμην,
1067 1216 1276 1270 παιδίον
1335 1215 1471 1268 ὡσεὶ
1511 1215 1718 1284 τριετὲς
1757 1207 1846 1282 ἦν.

257 1302 463 1374 λίχνως
491 1322 550 1357 τε
583 1307 711 1375 περὶ
739 1305 838 1374 τὴν
866 1299 1048 1378 ὄρεξιν
1081 1306 1225 1376 ἔχον,
1249 1306 1342 1359 καὶ
1367 1305 1613 1366 πλείονος
1641 1303 1672 1374 ἢ
1707 1302 1848 1355 κατὰ

262 1395 372 1465 τὴν
404 1396 621 1460 ἡλικίαν
648 1396 857 1466 τροφῆς
903 1398 1265 1467 πιπλάμενον.
1303 1397 1526 1468 Συμϐἀν
1559 1395 1846 1464 τοιγαροῦν

258 1485 421 1556 αὐτῷ
446 1485 512 1538 τὰ
542 1486 668 1555 περὶ
701 1487 944 1557 γαστέρα
1003 1489 1394 1558 διαφραγῆναι,
1427 1488 1547 1540 οὐδὲ
1570 1485 1636 1539 δι’
1667 1488 1843 1538 ἐνιαυ-

255 1575 362 1630 τοῦ
391 1576 460 1629 τὰ
494 1575 554 1642 ἐξ
582 1578 752 1649 αὐτῆς
787 1578 1088 1650 ὑπεχώρει.
1114 1581 1226 1634 Καὶ
1255 1581 1316 1632 τὸ
1345 1579 1444 1649 μὲν
1477 1580 1582 1633 ὑπὸ
1624 1577 1719 1631 τοῦ
1749 1578 1842 1645 ὅγ-

257 1683 363 1718 κου
391 1667 490 1737 ἥδη
519 1668 882 1738 ῥηγνύμενον.
910 1669 1175 1740 κλαυθμῷ
1205 1671 1498 1741 συνείχετο,
1524 1671 1719 1741 πικρὸν
1750 1669 1843 1722 καὶ

251 1758 321 1810 τὸ
350 1737 709 1826 γλυκὺγπᾶσιν
742 1760 893 1830 ἡλίου
925 1761 1040 1828 φῶς
1079 1737 1194 1825 τοῖς
1247 1737 1498 1815 τεκοῦσιν
1537 1737 1844 1832 ἐρχαζομέ-

1967 592 1997 630 a
2022 577 2134 630 Deo
2154 577 2424 646 quidquid
2450 576 2674 646 petierit
2715 575 3102 646 impetrantem
3128 592 3142 640 ;
3177 583 3345 643 atque
3385 573 3543 628 invo-

1959 667 2104 722 cavit
2172 666 2438 724 artiﬁcem
2495 666 2856 736 Sapientiam,
2921 665 3219 720 Dominum
3287 673 3536 719 nostrum

1959 758 2158 813 Filium
2181 759 2274 812 Dei
2311 776 2323 810 :
2365 759 2554 828 sicque
2595 757 2848 812 liberavit
2867 757 3106 828 puellam
3133 755 3349 820 morbo,
3371 765 3425 811 et
3452 770 3538 811 se-

1959 847 2202 904 cundum
2225 857 2475 901 naturam
2515 849 2798 904 exonerari
2831 848 2960 902 fecit
2983 848 3118 917 (55).
3141 846 3296 912 Quod
3323 855 3534 900 tantum

1957 955 2081 995 cum
2115 940 2207 1002 sit,
2241 939 2407 993 habet
2437 948 2617 994 tamen
2642 939 2792 993 aliud
2827 939 2882 993 in
2915 939 3132 993 ratione
3149 937 3398 992 miraculi
3425 937 3530 991 sibi

1957 1047 2074 1102 par,
2099 1032 2152 1086 id
2179 1030 2327 1098 quod
2348 1030 2719 1086 subnectitur.

2026 1124 2148 1178 H9.
2197 1123 2428 1179 Cuidam
2463 1125 2604 1189 viro,
2656 1122 2969 1193 Epiphanio
3034 1123 3281 1184 nomine,
3331 1137 3360 1176 ο
3398 1136 3534 1190 pago

1953 1214 2407 1270 Charandamcno
2430 1256 2444 1278 ,
2472 1231 2610 1284 puer
2641 1223 2763 1269 erat
2801 1213 3027 1268 circiter
3061 1213 3312 1276 triennis,
3342 1211 3534 1265 insana

1953 1307 2181 1361 vorandi
2213 1306 2514 1377 cupiditate
2538 1307 2891 1366 :estuaus,'et
2934 1303 3130 1372 majori
3187 1318 3350 1371 quam
3386 1301 3535 1355 artati

1952 1399 2035 1452 illi
2075 1399 2355 1463 convenit,
2398 1396 2642 1450 alimenti
2691 1396 2850 1466 capia
2895 1410 2952 1450 se
3001 1395 3264 1449 l'areiens.
3320 1392 3536 1447 Accidit

1952 1488 2198 1543 helluoni
2243 1487 2374 1541 huic
2400 1488 2473 1541 ita
2497 1488 2712 1542 obstrui
2743 1487 2947 1550 alvum,
3006 1492 3066 1537 ut
3114 1498 3260 1539 anno
3319 1482 3534 1552 integro

1949 1579 2241 1636 exonerari
2266 1594 2378 1633 non
2410 1588 2616 1648 posset.
2648 1579 2718 1633 Et
2744 1578 2836 1632 ille
2857 1577 3082 1647 quidem
3114 1575 3287 1631 nimio
3311 1585 3533 1630 tumore

1950 1681 2166 1743 ruptus,
2202 1671 2488 1743 perpetuis
2523 1671 2847 1736 indulgebat
2869 1671 3126 1741 lacrymis
3179 1687 3192 1723 :
3235 1668 3440 1739 quibus
3475 1675 3534 1722 et

1948 1765 2295 1836 parentibus,
2325 1772 2541 1835 gratum
2570 1762 2705 1818 alias
2761 1763 2942 1817 solare
2991 1763 3178 1816 lumen
3207 1803 3222 1827 ,
3269 1761 3531 1814 acerbum

252 1867 338 1918 νῳ
361 1867 376 1881 ·
403 1852 452 1902 oi
481 1849 539 1904 δὲ
594 1853 775 1921 πάσης
815 1851 982 1922 ἄλλης
1029 1853 1397 1925 ἀπορούμενοι
1428 1853 1750 1925 θεραπείας.
1777 1853 1836 1906 τὸ

1947 1856 2186 1912 reddidit
2216 1863 2380 1925 atque
2412 1855 2676 1909 invisum.
2705 1852 2772 1907 Ili
2821 1867 2954 1907 vero
2977 1852 3129 1906 omni
3188 1851 3295 1906 alia
3355 1849 3530 1905 desti-

251 1938 406 1992 θεῖον
444 1941 590 2010 αὐτῷ
613 1943 707 1995 τοῦ
734 1944 960 2014 Συμεὼν
1007 1947 1180 2018 ὄνομα
1226 1948 1554 2018 κατεπῇὸον,
1609 1948 1690 2003 ἔτι
1744 1948 1838 2001 καὶ

250 2030 362 2098 τῆς
385 2031 596 2086 ἐκείνου
631 2035 832 2098 κόνεως
861 2037 1355 2109 αύτῷὲπιχρίοντες
1391 2040 1531 2107 (οὐδὲ
1585 2041 1696 2108 γὰρ
1737 2043 1837 2111 τῆς

249 2121 446 2194 φήμης
497 2123 604 2176 τῶν
655 2126 750 2179 τοῦ
810 2128 1002 2197 ἀνδρὸς
1043 2129 1338 2199 θαυμάτων
1392 2131 1624 2200 ἀμαθεῖς
1667 2128 1830 2202 ἦσαν,

245 2212 354 2283 οὑχ
397 2207 559 2282 ἦττον
605 2214 839 2287 ἢαὺγῆς
889 2220 1038 2288 ἡλίου
1067 2220 1354 2289 βλέποντες
1402 2223 1716 2293 ὀφθαλμοὶ),
1742 2225 1834 2278 καὶ

246 2303 312 2354 τὸ
355 2303 454 2372 μὲν
482 2305 692 2359 παιδίον
731 2308 892 2372 εὐθὺς
914 2311 1044 2381 ῥᾷον
1070 2306 1208 2382 εἶχε,
1239 2314 1493 2384 καθάπερ
1523 2314 1676 2385 αὐτῷ
1730 2315 1834 2383 τῆς

246 2392 465 2461 τροφῆς
516 2397 595 2458 είς
648 2397 991 2469 ἁνυπαρξίαν
1044 2403 1353 2473 χωρούσης
1378 2405 1445 2459 τὰ
1472 2406 1528 2458 δὲ
1555 2408 1674 2460 κατ’
1703 2406 1856 2461 αὐτὸν

247 2483 342 2536 διὰ
373 2484 652 2554 θαύματος
681 2488 861 2542 ἔκειτο
895 2494 1008 2556 τοῖς
1037 2494 1274 2558 πολλοῖς,
1309 2495 1423 2548 ὅσοι
1453 2512 1511 2548 τε
1536 2497 1692 2568 ὀρᾴν,
1719 2497 1833 2550 ὅσοι

249 2592 314 2626 τε
346 2576 473 2646 περὶ
496 2577 662 2632 αὑτοῦ
709 2579 1004 2649 μανθάνειν
1032 2579 1199 2654 εἶχον,
1230 2584 1336 2649 ἕως
1365 2585 1521 2658 παρὰ
1550 2586 1641 2640 τὸν
1677 2587 1832 2655 ἅγιον

246 2667 570 2730 κομισθέντι
597 2672 756 2740 χεῖρα
777 2672 1079 2736 κάνταῦθα,
1105 2678 1263 2746 χεῖρα
1293 2677 1428 2748 πρὸς
1457 2677 1590 2731 Θεὸν
1617 2679 1831 2748 ἰσχύου-

247 2774 374 2820 σαν,
410 2759 638 2827 ἐπιθεὶς,
666 2762 766 2827 τὰς
811 2762 1065 2836 συνήθεις
1112 2768 1178 2838 τῇ
1207 2764 1368 2836 φύσει
1416 2770 1578 2822 πάλιν
1612 2770 1830 2835 ἐξόδους

243 2849 601 2906 ἀποδεδώκει.
1728 2866 1730 2868 ·

323 2941 424 3009 ρκ’.
456 2942 831 3014 Πρεσϐύτερός
862 2961 947 3010 τις
990 2947 1098 3000 ἀπὸ
1122 2948 1326 3021 χωρίου
1371 2950 1703 3020 Παρὰδεισος
1749 2951 1832 3007 λε·

244 3031 505 3108 γρμένου,
526 3034 732 3104 Θωμᾶς
751 3036 943 3106 ὄνομα,
966 3039 1268 3109 ἀναθεματι
1297 3042 1392 3096 τὸν
1413 3041 1555 3095 θεῖον
1583 3043 1829 3114 Συμεὼν,

243 3123 349 3176 οῦκ
381 3117 476 3175 οἷδ’
496 3124 620 3178 ὅθεν
648 3127 743 3180 καὶ
770 3127 939 3194 ὅπως,
965 3131 996 3198 ἦ
1028 3131 1210 3203 φθόνῳ
1235 3133 1453 3198 πάντως
1482 3133 1574 3188 τοῦ
1601 3134 1831 3205 βασκαί-

243 3230 364 3269 νειν
393 3214 598 3270 ἄνωθεν
629 3220 743 3280 τοῖς
770 3189 956 3284 καλοῖς
985 3189 1280 3290 ἒτέφυκὲςτε,
1313 3189 1697 3296 ὑποδεὸλήκει.
1731 3219 1831 3280 Οῦ-
1859 3189 1902 3246 c

245 3322 341 3368 τος
368 3307 442 3366 ὡς
465 3308 544 3370 είς
572 3308 784 3379 δυσμὰς
813 3311 1042 3378 ἀφίκετο
1068 3312 1206 3382 βίου,
1243 3317 1337 3368 καὶ
1365 3317 1396 3384 ἡ
1423 3315 1571 3388 ψυχὴ
1607 3318 1836 3390 χωρίζε-

247 3397 376 3451 σθαι
409 3398 508 3469 ⁴ἤδη
541 3399 638 3451 τοῦ
690 3399 944 3470 σώματος
996 3403 1244 3474 ἔμελλεν,
1291 3408 1685 3462 ἀποκέκλειστο
1735 3410 1835 3479 μὲν

245 3487 402 3556 αὐτῷ
431 3493 462 3557 ή
495 3491 670 3559 φωνὴ,
705 3492 863 3556 δίκας
887 3492 1078 3564 ὥσπερ
1126 3496 1226 3564 τῆς
1254 3490 1459 3560 είςτὸν
1493 3499 1650 3568 ἅγιον
1685 3502 1834 3554 ἐκτί-

245 3597 416 3632 νουσα
463 3580 833 3652 βλασφημίας,
882 3586 933 3638 οἱ
979 3587 1249 3658 ὀφθαλμοὶ
1293 3590 1351 3643 δὲ
1389 3591 1581 3662 ἄγριόν
1637 3610 1688 3646 τι
1741 3595 1836 3647 καὶ

243 3673 652 3742 τεταραγμένον
679 3673 978 3745 ἁνεῳγότες
1003 3674 1163 3750 ἦσαν,
1181 3683 1293 3734 ἄνω
1310 3681 1602 3751 βλέποντες
1626 3687 1718 3739 καὶ
1747 3689 1836 3741 ού-

244 3761 306 3812 es
336 3759 501 3829 μῦσαι
538 3763 829 3832 δυνάμενοι
854 3782 867 3796 ’
901 3768 1190 3841 καὶταύτῃ
1239 3772 1426 3836 δεινῶς
1457 3773 1588 3845 ἄχρι
1629 3778 1728 3831 καὶ
1755 3781 1836 3842 εἷς

244 3853 513 3922 ἐξήκοντα
544 3857 758 3926 ἡμέρας
806 3859 1058 3929 ἠτάζετο,
1091 3864 1123 3932 ἢ
1165 3865 1502 3931 ἐπαιδεύετο,
1536 3869 1568 3940 ἢ
1605 3872 1833 3939 ἐμαστί-

245 3943 392 4007 ζετο,
424 3945 456 4013 ἢ
487 3946 587 3999 οὐκ
623 3942 720 4001 οἷδ’
745 3949 775 4002 ὃ
799 3965 852 4003 τι
882 3952 990 4021 χρὴ
1013 3955 1396 4024 προσαρμόσαι
1439 3958 1516 4027 τῷ
1547 3960 1834 4029 πράγματι

242 4033 434 4103 ὄνομα.
471 4037 594 4100 Τοῖς
615 4036 746 4107 γοῦν
773 4041 1076 4111 περιοίκοις
1099 4046 1194 4098 καὶ
1217 4047 1334 4099 ὅσοι
1359 4047 1436 4117 τῷ
1462 4049 1614 4121 ἀνδρὶ
1641 4053 1702 4103 ὲκ
1724 4069 1836 4120 γει-

239 4125 413 4178 τόνων
442 4126 759 4199 ἐτύγχανον,
798 4132 859 4184 οὐ
892 4133 1152 4188 συλλαλιά
1199 4136 1334 4207 πρὸς
1364 4139 1628 4208 ἀλλήλους
1674 4142 1835 4212 μόνον

241 4213 314 4287 ἦν
339 4217 400 4270 τὸ
421 4219 500 4282 είς
528 4222 690 4274 αὑτὸν
718 4224 963 4292 γεγονὸς,
998 4225 1134 4280 ἀλλὰ
1189 4231 1281 4282 καὶ
1325 4229 1462 4301 πρὸς
1492 4232 1624 4285 Θεὸν
1673 4233 1829 4303 εὐχὴ,

243 4308 470 4378 λυθῆναι
499 4310 598 4381 τὴν
633 4315 909 4385 μηκίστην
936 4319 1030 4370 καὶ
1065 4320 1460 4392 χαλεπωτάτην
1486 4325 1704 4396 ἐκείνην
1733 4327 1832 4378 αὖ·

241 4395 321 4466 τῷ
348 4401 634 4470 τιμωρῖαν.
662 4405 771 4457 Καί
792 4423 921 4459 ποτε
947 4408 1158 4462 πολλῶν
1185 4411 1312 4482 περὶ
1335 4413 1498 4466 αὑτὸν
1520 4414 1833 4484 ἁθροισθέν-

1947 1951 2048 2005 tuti
2079 1966 2203 2020 ope,
2245 1949 2497 2004 divinum
2521 1950 2815 2021 Symeonis
2852 1963 3066 2004 nomen
3119 1963 3287 2017 super
3352 1946 3528 2001 ﬁlium

1945 2044 2227 2110 invocant,
2288 2043 2652 2116 ejusdemque
2699 2043 2988 2112 pulverem
3026 2041 3130 2111 ipsi
3196 2042 3528 2109 inspergunt

1947 2133 2147 2204 (neque
2175 2134 2323 2188 enim
2358 2133 2530 2204 ignari
2559 2140 2722 2188 erant
2765 2132 2943 2196 inmte,
2987 2131 3056 2186 de
3097 2129 3364 2184 mirandis
3421 2128 3526 2182 viri

1943 2224 2206 2294 cperibus
2228 2226 2338 2281 late
2367 2241 2594 2296 sparsae,
2627 2240 2737 2279 non
2783 2224 2967 2278 minus
2993 2237 3160 2292 quam
3197 2220 3341 2275 oculi
3374 2227 3524 2273 recte

1941 2317 2181 2371 ordinati
2213 2316 2556 2387 splendentis
2584 2317 2718 2372 solis
2765 2315 2948 2371 media
2992 2313 3105 2383 die)
3135 2321 3190 2368 et
3233 2310 3524 2367 confestim

1941 2409 2119 2465 levius
2163 2409 2371 2466 habere
2404 2409 2572 2478 erepit
2596 2423 2753 2478 puer,
2791 2424 2948 2477 aeque
2977 2422 3040 2461 ac
3064 2407 3106 2459 si
3147 2405 3196 2460 ci
3226 2404 3384 2459 cibus
3428 2418 3527 2471 per

1941 2513 2221 2554 secessum
2246 2499 2635 2563 emitteretur;
2701 2497 2964 2551 omnibus
3015 2504 3198 2549 autem
3249 2491 3342 2562 qui
3395 2507 3523 2544 eum

1938 2588 2203 2644 videbant
2232 2589 2316 2646 vel
2348 2588 2651 2642 audiebant
2685 2587 2755 2644 de
2787 2588 2880 2642 illo
2914 2593 3039 2642 erat
3072 2583 3309 2654 stupori,
3347 2582 3525 2636 donec

1939 2686 2164 2733 sanctus
2187 2677 2373 2734 delato
2398 2679 2464 2732 ad
2489 2695 2546 2734 se
2567 2695 2814 2741 manum,
2843 2677 2988 2748 apud
3023 2677 3196 2730 Deum
3224 2672 3523 2744 plurimum

1935 2769 2245 2832 valentem.
2312 2770 2634 2840 imponens,
2696 2777 2911 2826 naturae
2962 2775 3260 2824 consuetos
3313 2773 3527 2820 meatus

1938 2861 2138 2915 iterum
2163 2861 2455 2916 reseravit.

2010 2950 2132 3006 1°20.
2169 2951 2468 3022 Presbyter
2494 2951 2719 3019 quidam
2753 2967 2822 3007 ex
2863 2951 2988 3008 loco
3017 2949 3110 3019 qui
3162 2947 3370 3001 dicitur
3419 2945 3523 2999 Pa-

1938 3043 2157 3097 radisus
2189 3045 2325 3110 ('56),
2359 3043 2602 3098 Thomas
2634 3043 2884 3107 nomine,
2920 3041 3252 3112 Symeonem
3292 3036 3524 3091 anathe-

1939 3138 2072 3192 mati
2103 3138 2438 3207 subjccerat,
2472 3134 2664 3190 nescio
2689 3149 2862 3204 quare
2916 3139 3013 3186 aut
3047 3128 3351 3200 quomodo,
3417 3127 3523 3180 nisi

1935 3246 2004 3286 ex
2025 3229 2141 3285 sola
2174 3227 2401 3289 invidia,
2427 3212 2814 3295 prmstantiora
2847 3238 3080 3293 quaeque
3129 3220 3290 3291 aegris
3321 3217 3524 3272 intueri

1936 3323 2121 3378 solita.
2155 3322 2292 3376 Cum
2330 3320 2422 3376 hic
2463 3319 2531 3374 ad
2556 3320 2682 3374 vita:
2715 3332 2974 3374 occasum
3012 3315 3225 3384 magnis
3266 3311 3524 3381 passibus

1937 3410 2387 3480 progrederetur,
2453 3409 2678 3479 jamque
2761 3406 2962 3461 animae
3038 3402 3423 3473 emigrandum
3492 3417 3525 3455 e

1935 3514 2172 3567 corpore
2191 3507 2368 3562 esset;
2421 3513 2526 3551 vox
2561 3497 2678 3566 ipsa
2742 3496 2893 3548 velut
2927 3493 3112 3563 impiae
3142 3491 3200 3546 in
3258 3499 3520 3544 sanctum

1936 3589 2292 3659 blasphemiae
2338 3603 2532 3658 poenas
2580 3588 2802 3642 solvens
2855 3584 3360 3647 intercludebatur,
3393 3597 3528 3636 ocu-

1933 3683 2086 3751 lique
2115 3679 2489 3734 truculentum
2521 3693 2586 3732 ac
2628 3675 2916 3731 turbidum
2969 3678 3025 3730 in
3073 3674 3298 3729 modum
3325 3672 3522 3742 aperti,

1935 3788 2153 3828 sursum
2185 3770 2542 3840 aspectabant
2562 3777 2617 3823 et
2648 3785 2716 3824 ne
2738 3769 2948 3823 nictare
2979 3767 3207 3837 quidem
3246 3765 3522 3828 valebant,

1935 3874 2102 3935 atque
2138 3864 2214 3916 ita
2245 3865 2300 3916 in
2326 3862 2727 3931 sexagesimum
2751 3876 2927 3932 usque
2957 3859 3104 3914 diem
3135 3855 3522 3926 torquebatur,

1939 3967 2035 4012 aut
2066 3955 2456 4025 castigabatur,
2488 3955 2576 4008 vel
2631 3954 2815 4024 potius
2863 3950 3264 4021 ﬂagellabatur,
3309 3947 3394 4001 vel
3429 3961 3525 4000 ne-

1935 4047 2052 4102 scio
2081 4061 2193 4115 quo
2219 4043 2329 4097 alio
2356 4042 2648 4096 vocabulo.
2687 4039 2892 4095 Omnes
2913 4039 3080 4110 igitur
3112 4038 3322 4093 circum
3357 4034 3522 4089 vicini

1937 4152 2047 4192 non
2083 4134 2248 4189 modo
2276 4119 2594 4203 frequenter
2629 4131 3146 4187 sermocinabuntur
3180 4131 3322 4183 inter
3360 4143 3417 4183 se
3455 4127 3524 4181 de

1940 4233 2034 4287 illo
2066 4230 2216 4300 quod
2263 4230 2364 4300 ipsi
2408 4229 2606 4295 fiebat;
2647 4229 2741 4283 sed
2781 4244 2976 4299 preces
3009 4243 3231 4297 quoque
3255 4225 3322 4280 ad
3352 4227 3521 4280 Deum

1938 4323 2273 4385 fundebant,
2298 4331 2356 4376 ut
2375 4321 2715 4391 longissimis
2741 4321 3192 4391 gravissimisque
3215 4319 3324 4374 illis
3353 4319 3522 4372 miser

1934 4417 2243 4485 eriperetur
2273 4414 2581 4468 tormentis.
2617 4413 2756 4468 Cum
2807 4427 2941 4467 vero
2978 4411 3280 4480 aliquando
3331 4410 3522 4480 ingens

243 4510 372 4557 των,
411 4494 507 4548 καὶ
551 4496 888 4565 φθέγξασθαί
932 4520 980 4554 τι
1040 4504 1401 4577 βιαζομένων,
1447 4509 1545 4578 τῆς
1589 4509 1833 4581 γλώττης

1941 4508 2102 4563 turba
2129 4507 2338 4561 circum
2380 4507 2560 4575 ipsum
2593 4504 2972 4567 conduxisset,
3008 4511 3064 4558 et
3096 4501 3358 4571 quiddam
3393 4517 3518 4570 pro-

241 4585 390 4654 αὖτῷ
411 4587 606 4656 μικρὸν
649 4590 1059 4663 ἀνεθείσης(οἷα
1093 4597 1160 4650 τὰ
1187 4599 1282 4652 τοῦ
1321 4599 1457 4651 Θεοῦ
1493 4601 1741 4673 κρίματα
1765 4604 1826 4669 !).

246 4675 311 4728 ἵν’
347 4677 497 4743 αὐτῷ
539 4697 598 4732 τε
655 4682 724 4734 τὰ
767 4685 864 4752 τῆς
913 4690 1118 4756 πικρᾶς
1151 4690 1367 4756 ἐκείνης
1404 4691 1670 4760 μάστιγος
1706 4697 1827 4764 στῇ,

243 4767 336 4821 καὶ
360 4768 574 4841 πολλοῖς
615 4771 797 4837 ἄλλοις
848 4766 1000 4838 οὗτος
1057 4780 1273 4832 παιδεία
1310 4783 1555 4850 γένηται,
1605 4784 1829 4853 Συγχω-

245 4857 402 4927 ρησίν
455 4877 540 4929 μοι
598 4862 749 4931 παρὰ
799 4865 892 4918 τοῦ
921 4866 1066 4920 θείου
1107 4869 1332 4940 Συμεὼν
1378 4873 1628 4942 αἰτητὲον
1673 4873 1825 4942 ὑμῖν,

242 4946 480 5016 ἀδελφοὶ,
518 4949 613 5002 τοῦ
639 4953 998 5023 άναθέματος,
1036 4957 1139 5025 ἔφη
1161 4974 1176 4988 ·
1206 4958 1399 5012 τούτου
1435 4961 1539 5030 γὰρ
1576 4961 1702 5031 ἄρτι
1732 4962 1827 5033 τὴν

245 5037 525 5108 παροῦσαν
554 5042 867 5113 εἰσπράττω
890 5045 1130 5100 κόλασιν.

316 5137 455 5201 ρκα⁹.
486 5133 597 5187 Καὶ
624 5135 673 5186 οἱ
705 5136 805 5203 μὲν
829 5139 1127 5208 πρεσϐείαν
1171 5140 1332 5204 εὐθὺς
1363 5144 1510 5212 παρὰ
1542 5144 1633 5197 τὸν
1675 5145 1829 5212 ἆγιον

246 5221 554 5276 στέλλονται
574 5241 588 5255 ’
623 5225 652 5278 ὁ
685 5226 743 5279 δὲ
775 5229 892 5292 (καὶ
917 5231 1026 5299 γάρ
1053 5226 1120 5300 ἦν
1152 5232 1479 5303 θερμότερος
1511 5237 1578 5288 τὰ
1605 5236 1829 5290 τοιαῦτα

245 5312 439 5366 διδόναι
476 5315 678 5385 μᾶλλον
712 5317 744 5388 ἢ
779 5321 904 5382 τοὺς
935 5322 1222 5387 αἰτοῦντας
1253 5323 1574 5391 λαμϐάνειν,
1605 5319 1694 5379 οἷα
1733 5328 1828 5379 καὶ

320 5490 438 5576 (5‘35).r
459 5491 695 5576 Meminit
740 5495 1466 5576 P.‘_l_’apebrorltittslectum
1525 5503 1622 5556 sibi
1644 5543 1658 5567 ,
1686 5521 1821 5576 cum

249 5567 377 5644 esset
406 5560 648 5644 Lemnii,
700 5568 886 5644 medici
929 5560 1034 5622 non
1083 5572 1326 5640 ignobilis
1382 5571 1596 5637 librum,
1639 5560 1727 5627 ubi
1779 5577 1820 5628 is

247 5631 382 5683 inter
409 5630 521 5685 alia
548 5635 831 5702 asserebat,
886 5630 1127 5694 curata»?
1155 5659 1186 5694 a
1229 5659 1284 5695 se
1317 5642 1547 5702 mellam
1572 5630 1818 5702 nobilem,

249 5715 546 5784 quemque
574 5705 644 5758 ad
675 5722 800 5784 eant
821 5715 1032 5784 (etatem
1056 5711 1317 5784 obstructo
1345 5715 1615 5766 ordinm-io
1649 5716 1817 5767 urime

255 5778 420 5825 nteant
462 5776 633 5837 ipsum
674 5776 918 5833 reddebat
948 5797 1037 5833 uer
1064 5781 1390 5849 umbilicum,
1430 5784 1564 5838 unde
1597 5787 1816 5838 [mmm-

1929 4596 2081 4665 loqui
2111 4601 2363 4664 cogeret;
2395 4594 2573 4647 soluta
2615 4593 2901 4662 paululum
2938 4591 3126 4660 lingua
3159 4590 3362 4659 (qualia
3393 4599 3522 4642 sunt

1930 4685 2137 4755 judicia
2175 4684 2266 4739 Dei
2315 4691 2425 4737 tam
2460 4681 2660 4737 acerbo
2687 4682 2837 4735 illum
2869 4679 3080 4748 ﬂagello
3109 4678 3428 4746 castigantis
3462 4679 3514 4732 in

1935 4777 2326 4831 documentum
2377 4775 2665 4842 aliorum!)
2721 4773 2909 4835 Venia,
2961 4770 3156 4840 inquit,
3211 4771 3519 4825 temeritate

1937 4883 2090 4930 utaut,
2123 4883 2244 4937 quae
2285 4865 2540 4937 Symconi
2579 4866 2866 4919 anathema
2908 4863 3042 4927 dixi,
3072 4864 3140 4916 ab
3181 4863 3371 4916 eodem
3421 4878 3517 4931 pe-

1939 4957 2102 5011 tcndu
2139 4957 2294 5009 vobis
2341 4965 2445 5022 est,
2498 4956 2744 5009 fratres:
2797 4953 3027 5022 hujusce
3078 4952 3224 5006 enim
3273 4950 3521 5015 sceleris,

1943 5065 2078 5117 quas
2106 5049 2325 5110 videtis,
2353 5049 2424 5102 do
2464 5064 2674 5114 poenas.

2006 5141 2125 5194 121.
2163 5140 2284 5194 Mox
2311 5139 2388 5192 illi
2420 5139 2752 5209 legationem
2780 5137 3086 5207 expediunt
3110 5136 3178 5190 ad
3219 5145 3506 5190 sanctum:

1929 5231 2025 5300 qui
2058 5241 2116 5284 ut
2156 5241 2275 5285 erat
2320 5216 2631 5299 promptior
2661 5229 2728 5283 ad
2773 5229 3041 5291 dandum,
3081 5243 3246 5298 quam
3279 5227 3371 5296 qui
3421 5242 3513 5295 pe-

1933 5326 2122 5380 tebant
2157 5324 2224 5379 ad
2263 5322 2670 5392 accipiendum,
2713 5322 2918 5392 quique
2963 5320 3133 5390 probe
3189 5328 3421 5372 noverat
3457 5317 3517 5370 il-

1928 5501 2062 5554 tibus
2098 5518 2305 5572 semper
2355 5500 2581 5555 vestibus
2622 5498 2951 5570 contingebat
2981 5514 3100 5550 cam
3146 5495 3297 5566 gravi
3344 5494 3508 5562 fetore

1930 5572 2203 5625 molestam
2228 5573 2464 5626 omnibus
2512 5587 2643 5624 esse.

2025 5643 2114 5710 56)
2148 5643 2440 5696 l‘arazlisus
2462 5641 2585 5695 urbs
2612 5640 2782 5710 Syria:
2809 5639 2953 5710 apud
2980 5631 3402 5710 Plolomreumju
3419 5646 3506 5710 re-

1925 5701 2072 5784 gione
2097 5701 2425 5776 'Laodirena,
2461 5729 2562 5766 non
2601 5701 2786 5782 prrit-ul
2818 5701 2881 5764 u'b
2911 5717 3028 5764 orm
3062 5705 3273 5761 Orontis
3307 5701 3471 5771 ﬂuvii.
