4078 6332
257 319 399 392 ποι

1286 332 1461 393 νιΤΑ
1498 334 1548 392 Α
1582 330 2021 395 NICEPHORO
2060 337 2528 403 CONSCRIPTA

3397 340 3540 407 3102

257 437 358 492 τοῦ
381 436 575 491 στύλου
602 438 833 510 πλησίον
862 438 1030 505 ἔλθοι,
1060 440 1159 496 ίδοι
1180 458 1242 495 τε
1271 442 1362 497 τὸν
1412 442 1584 514 μέγαν
1616 443 1711 495 καὶ
1745 438 1837 494 ὑπ’

1970 457 2064 511 pso
2118 455 2465 516 spectaretur
2527 448 2804 515 vicissim,
2853 463 2964 504 non
3035 448 3221 506 ferens
3282 449 3536 509 diabolus

259 526 428 583 αὐτοῦ
456 529 825 610 θιαθείη,.τὴν
881 532 1157 606 ἐγγύτητα
1208 532 1269 587 τὸ
1302 532 1705 603 δαιμόνιονικαὶ
1743 532 1844 601 τὴν

263 615 396 674 θέαν
450 608 639 696 ὥσπερ
690 626 791 678 οὐκ
826 625 1073 703 ἐνεγχὸν,
1106 626 1309 700 ἤρξατο
1341 625 1531 691 δεινῶς
1561 608 1846 695 ἐκμαίνειν

263 714 389 769 καὶ¹
422 714 643 788 βρύκειν
684 719 930 793 ἐσχάτως
960 737 1019 774 τε
1051 720 1147 790 τὴν
1206 721 1443 789 γυναῖκα
1489 719 1845 793 σπαράττειν,

263 805 379 870 καὶ,
513 784 623 875 βία,
643 784 887 878 κράξέιν,
910 784 1174 880 ἄγριόν-τι
1208 784 1305 863 atat
1337 810 1532 880 κομιδῇ
1574 784 1843 880 μεμηνὸς,

262 893 320 947 τί
357 911 449 964 μοι
501 898 637 967 πρὸς
686 898 746 951 σὲ
788 899 1042 953 τοσοῦτον
1089 900 1425 970 ἡμάρτηται,
1453 899 1535 953 ὅτι
1581 916 1649 968 με
1678 899 1850 970 χωρί-

265 985 382 1048 ζει(
411 987 510 1057 τῆς
563 977 807 1060 ἐμαυτοῦ
857 992 1115 1060 γυναικός
1142 1011 1156 1058 ;
1188 994 1217 1045 ὁ
1259 992 1453 1062 μιαρὸς
1493 991 1572 1061 τῷ
1632 990 1748 1045 ὄντι
1779 992 1850 1047 τά

184 1091 191 1097 ‘
268 1078 444 1148 μιαρά
482 1078 874 1151 φθεγγόμενος,
912 1084 1031 1137 Ἵνα
1059 1084 1113 1137 τί
1153 1083 1233 1148 δέ,
1264 1081 1422 1153 φησὶ,
1454 1084 1548 1150 καὶ
1578 1082 1748 1137 παῖδα
1772 1083 1851 1135 δίει

266 1168 375 1231 δως
413 1167 550 1237 αὐτῇ
569 1211 583 1234 ,
623 1171 811 1227 άπαιδι
843 1175 1129 1239 τοσούτους
1163 1174 1222 1240 ἐξ
1252 1175 1383 1244 ἐμοῦ
1409 1174 1636 1245 χρόνους
1665 1191 1847 1244 μεμε-

270 1260 513 1333 macula;
568 1263 773 1318 Ἐδόκει
839 1265 948 1335 γάρ
1003 1267 1069 1336 τῇ
1130 1265 1382 1334 γυναικὶ,
1418 1265 1744 1336 τηνικαῦτα,
1778 1265 1854 1328 ώς

270 1350 412 1419 μετά
471 1340 645 1405 ταῦτα
703 1353 920 1425 νήψασα
967 1352 1239 1423 ἐξηγεῖτο,
1300 1354 1463 1407 αὑτὸν
1525 1352 1714 1425 ὥσπερ
1757 1355 1850 1409 τὸν

268 1440 426 1510 ἅγιον
453 1441 684 1510 λέγοντα
716 1431 939 1499 τοιαῦτα
1003 1446 1134 1517 όρᾷν
1160 1462 1174 1477 ·
1200 1445 1274 1500 Σὺ
1305 1446 1426 1517 μὲν.
1460 1445 1678 1517 πνεῦμα
1722 1464 1857 1500 πον-

266 1532 424 1603 ηρὸν,
451 1534 517 1586 ἐκ
547 1534 647 1604 τῆς
681 1535 939 1601 γυναικὸς
972 1537 1068 1593 καὶ
1113 1536 1245 1590 άκον
1299 1536 1622 1610 άπελαθήσῃ
1665 1554 1680 1570 ·
1714 1536 1855 1607 αὐτὴ

227 1696 230 1699 ν
267 1621 326 1676 δὲ
352 1622 486 1690 πρὸς
514 1622 612 1677 τδν
640 1626 845 1679 οἰκεῖον
888 1624 1207 1697 ἐπιστρέψει
1262 1627 1451 1697 ἄνδρα,
1481 1628 1577 1680 καὶ
1630 1626 1850 1681 παιδίον

1948 550 2309 607 congressum
2334 540 2391 594 et
2420 548 2715 609 aspectum
2752 538 2932 605 illum,
2980 540 3152 609 empit
3208 541 3538 597 terribiliter

1947 624 2157 695 furere,
2194 629 2469 696 frendere,
2497 646 2563 687 ac
2588 632 2877 705 mulierem
2928 632 3280 702 discerpens,
3307 631 3353 688 Ο
3385 633 3535 690 vim!

1948 721 2268 789 vociferari,
2322 731 2378 779 et
2430 725 2631 798 agresti
2685 740 2918 795 prorsus
2969 726 3134 781 modo
3197 725 3539 782 furibundus

1950 814 2296 871 exclamare:
2330 816 2487 883 Quod
2525 833 2710 887 meum
2740 826 2955 873 tantum
2995 820 3050 874 in
3075 832 3125 874 te
3141 824 3370 890 peccatu

3519 827 3539 873 ι

1950 836 2296 871 exetamare:
2330 836 2487 883 quos
2525 836 2710 887 meum
2740 836 2955 873 tantum
2995 837 3050 874 in
3075 836 3125 874 te
3141 836 3370 890 peccatu
3519 836 3538 873 t

1950 918 2016 958 ex
2036 904 2141 958 bac
2172 920 2291 959 mea
2322 921 2408 961 me
2424 907 2657 979 muliere
2691 908 2952 977 ableges?
2985 908 3051 961 Et
3071 836 3538 978 queinadmxm

1952 991 2133 1047 istboc
2163 996 2353 1049 scelus
2370 1010 2480 1050 non
2501 996 2752 1065 loquitur
2776 998 2881 1051 nisi
2906 998 3113 1053 scelera
3140 1016 3153 1052 :
3179 999 3309 1063 Cur,
3335 998 3537 1067 inquit,

1951 1082 2287 1140 fecunditate
2323 1086 2473 1142 illam
2499 1086 2697 1151 donas,
2730 1095 2812 1143 tot
2833 1090 2944 1159 jam
2973 1090 3134 1144 annis
3163 1089 3380 1144 artibus
3401 1087 3541 1142 meis

1953 1190 2019 1230 ac
2076 1178 2296 1233 teelinis
2358 1179 2760 1236 infecundam?
2809 1181 3116 1236 Videbatur
3168 1190 3352 1235 autem
3409 1187 3543 1235 tunc

1955 1270 2222 1339 temporis
2246 1269 2351 1324 sibi
2387 1271 2607 1335 mulier,
2628 1273 2711 1327 uti
2742 1271 2945 1327 deinde
2973 1271 3208 1326 liberata
3230 1270 3536 1332 enarravit,

1955 1363 2286 1435 Symeonem
2313 1362 2517 1417 intueri
2558 1362 2729 1418 veluti
2780 1362 2861 1417 sic
2907 1363 3403 1427 interminantem:
3456 1360 3540 1416 Tu

1953 1453 2204 1524 quidem,
2224 1456 2463 1524 pessime
2486 1453 2737 1523 spiritus,
2757 1453 2843 1509 vel
2862 1452 3071 1531 invitus
3097 1469 3162 1508 ex
3190 1453 3294 1508 hac
3311 1454 3546 1507 muliere

1956 1547 2220 1617 abigeris,
2246 1546 2364 1615 ipsa
2394 1561 2529 1601 vero
2565 1544 2638 1600 ad
2669 1545 2932 1600 maritum
2986 1561 3155 1601 suum
3206 1552 3543 1609 revertetur,

1955 1648 2011 1694 et
2044 1637 2189 1692 filius
2206 1637 2337 1707 ipsis
2360 1652 2503 1693 anno
2527 1638 2777 1707 proximo
2797 1646 3083 1693 nascetur.
3106 1639 3329 1692 Daemon
3348 1636 3544 1706 igitur,

268 1713 453 1777 αὐτοῖς
497 1716 591 1769 τοῦ
658 1717 911 1781 ἐπιόντος
969 1717 1125 1781 ἔτους
1186 1718 1500 1788 γενήσεται.
1544 1716 1603 1773 '0
1637 1719 1734 1790 μὲν
1763 1735 1855 1770 ουν

1970 1736 2076 1784 tum
2108 1729 2214 1781 alia
2246 1729 2417 1783 multa
2446 1730 2635 1784 insana
2668 1745 2733 1784 ac
2759 1727 3037 1784 diabolica
3066 1742 3220 1782 more
3249 1742 3361 1781 suo
3381 1725 3549 1811 ’γεεί-

268 1804 510 1875 χαλεπδς
542 1806 752 1879 δαίμων
779 1810 1007 1873 ἐκεῖνος,
1037 1809 1173 1863 ἄλλα
1202 1827 1263 1864 τε
1313 1808 1484 1863 πολλὰ
1525 1810 1732 1878 μανικὰ
1764 1807 1858 1861 xal

1970 1819 2265 1885 ferabatur,
2302 1828 2419 1874 tum
2472 1820 2611 1875 illud
2653 1820 2960 1891 prmeipue:
3000 1820 3094 1875 Va:
3137 1818 3274 1874 milii
3307 1804 3547 1888 nequam

268 1895 599 1969 δαιμονιὼδη
648 1896 867 1968 κράζων
896 1894 1002 1981 ἧνι
1027 1898 1219 1972 ὥσπερ
1267 1900 1437 1962 εἰκὸς,
1466 1894 1604 1954 Οὐαί
1652 1916 1748 1971 μοι
1775 1898 1854 1969 τῷ

269 1986 433 2056 κακῷ
477 1989 659 2060 οἰκέτῃ
687 1990 701 2041 ί
743 1989 864 2043 ούαὶ
907 1989 986 2061 τῷ
1014 1991 1159 2044 κατὰ
1202 1990 1337 2045 πολὺ
1370 1989 1568 2059 δρῶντι
1596 1989 1658 2044 τὸ
1684 1988 1855 2043 ἀκού-

271 2095 388 2133 σιον
407 2078 446 2135 ἃ.
470 2082 883 2153 προστέταγμαι
910 2082 932 2136 l

346 2170 481 2242 ρκδ’.
508 2150 693 2226 ταῦτα
716 2150 971 2243 ἔπραξεν,
1002 2176 1103 2230 ὅσα
1132 2177 1227 2238 καὶ
1270 2150 1490 2247 ὀργάνῳ
1536 2179 1603 2249 τῇ
1634 2176 1857 2243 γυναικὶ

184 2340 185 2343 η
270 2262 578 2335 χρώμενος,
617 2266 712 2321 καὶ
766 2265 959 2338 κύκλῳ
997 2264 1092 2322 τοῦ
1146 2267 1341 2321 στύλου
1370 2270 1577 2338 ταύτην
1606 2269 1857 2332 ἐλεεινῶς

273 2355 537 2426 περιῆγε,
568 2357 821 2431 καθάπερ
848 2358 956 2412 ἀπὸ
995 2358 1293 2430 προσώπου
1344 2360 1561 2429 φεύγων
1603 2358 1698 2413 τοῦ
1757 2359 1859 2413 Συ-

277 2449 450 2523 μεὼν,
473 2454 568 2506 καὶ
595 2453 704 2507 άπὸ
740 2452 924 2507 τοῦέν
946 2452 1098 2524 αύτῷ
1127 2452 1439 2523 πνεύματος
1470 2452 1856 2523 ἐλαυνόμενος·

272 2543 452 2610 τέλος,
510 2545 747 2616 Ἐξειμι,
780 2544 927 2615 μέγα
981 2544 1228 2617 βοήσας,
1286 2544 1495 2616 ἀπῆλθε
1562 2545 1859 2617 σωφρόνως

274 2633 510 2706 ἔχουσαν
540 2636 708 2707 αὐτὴν
734 2634 1109 2700 ἀπολελοιπώς
1135 2653 1149 2668 ο
1180 2638 1318 2707 πρδς
1349 2623 1415 2707 ἣν
1460 2637 1489 2689 ό
1521 2635 1664 2705 ίερὸς
1757 2638 1859 2689 Συ-

277 2725 451 2799 μεὼν,
493 2718 784 2805 Ἐπάνηκε,
806 2725 990 2797 γύναι,
1018 2728 1170 2799 παρά
1198 2726 1290 2781 τδν
1334 2727 1465 2780 ῑδιον
1496 2726 1685 2795 ἄνδρα,
1713 2726 1844 2796 ἔφη’

276 2823 480 2892 συνέσῃ
515 2820 625 2892 γάρ
658 2820 809 2891 αύτῷ
840 2818 935 2873 τοῦ
963 2819 1176 2884 λοιποῦ,
1204 2821 1299 2874 καὶ
1345 2818 1556 2883 κοιλίας
1583 2816 1643 2882 ἐξ
1690 2818 1861 2872 αὐτοῦ

276 2912 493 2981 καρπὸς
520 2911 672 2965 ἐσται
704 2927 809 2967 σοι.
851 2910 915 2963 Ἦ
949 2896 1050 2981 μὲν
1083 2906 1177 2964 οὖν
1208 2910 1349 2965 κατὰ
1380 2908 1480 2972 τὰς
1513 2908 1734 2972 ἐντολὰς
1763 2907 1858 2962 τοῦ

277 3002 444 3071 άγίου
510 3004 646 3073 πρδς
693 3003 786 3056 τὸν
834 3002 1004 3071 ἄνδρα
1054 3001 1449 3064 ἐπανελθοῦσα,
1491 2999 1748 3068 ἁσμένως
1796 3015 1857 3052 τι

278 3091 419 3164 παρτ
442 3092 608 3147 αὑτοῦ
638 3092 999 3164 είσδεχθεϊσα,
1030 3093 1125 3146 καὶ
1156 3092 1369 3169 παιδίον
1409 3090 1506 3143 τοῦ
1537 3090 1857 3160 ἐπιγενομέ-

1962 1911 2156 1968 servo!
2190 1928 2271 1967 va:
2295 1911 2452 1975 mihi,
2476 1911 2571 1982 qui
2624 1919 2685 1966 ut
2712 1911 3015 1982 plurimum
3059 1920 3265 1983 prater
3294 1910 3549 1966 volunta-

1964 2013 2073 2061 tem
2103 2018 2279 2058 meam
2308 2018 2431 2074 ago,
2465 2002 2614 2075 quod
2638 2003 2973 2073 imperatum
2995 1998 3111 2059 est!

2037 2182 2158 2237 {24.
2202 2181 2360 2237 Hunc
2382 2181 2439 2236 in
2461 2179 2686 2236 modum
2714 2179 3024 2243 clamitans,
3046 2194 3148 2250 pro
3182 2178 3550 2233 instrumento

1966 2274 2196 2330 edenda:
2228 2275 2380 2329 vocis
2434 2273 2666 2329 muliere
2727 2286 2885 2336 usus,
2922 2336 2927 2341 ,
2964 2271 3181 2347 circum
3234 2270 3551 2325 columnam

1967 2367 2269 2422 miserabili
2304 2366 2621 2436 spectaculo
2652 2366 2823 2436 ipsam
2854 2362 3058 2436 agebat
3087 2362 3283 2433 ;quasi
3311 2362 3552 2432 fugitans

1967 2473 1997 2513 a
2028 2456 2167 2513 facie
2195 2459 2395 2522 sancti,
2440 2436 2669 2528 ejusque
2696 2456 2929 2526 spiritus
2964 2454 3168 2510 virtute
3196 2453 3391 2509 cedere
3428 2445 3575 2508 loco"

1952 2558 2210 2604 coaetus.
2248 2548 2498 2620 Denique
2555 2548 2727 2603 altum
2782 2544 3065 2612 clamans,
3106 2545 3297 2610 Exeo;
3361 2544 3550 2610 exivit,

1966 2639 2160 2695 relicta
2192 2640 2422 2695 muliere
2463 2639 2673 2695 rectius
2700 2632 2763 2694 'se
2796 2637 3068 2703 habente;
3102 2636 3172 2693 ad
3211 2650 3375 2708 quam
3423 2651 3555 2691 san-

1966 2720 2092 2787 ctus
2125 2729 2402 2802 Symeon:
2439 2730 2603 2797 Redi,
2648 2729 2851 2801 inquit,
2890 2729 3113 2793 mulier,
3166 2727 3235 2783 ad
3290 2727 3553 2782 maritum

1972 2822 2162 2889 tuum;
2196 2835 2324 2875 cum
2360 2822 2483 2891 ipso
2525 2818 2985 2882 consuetudinem
3009 2818 3275 2890 deinceps
3298 2816 3551 2881 habebis,

1966 2919 2024 2965 et
2047 2912 2258 2981 prolem
2280 2927 2349 2966 ex
2381 2910 2478 2966 illo
2499 2912 2804 2981 concipies.
2856 2910 3139 2966 Dbediens
3202 2918 3392 2967 sancto
3430 2924 3554 2963 mu-

1970 3000 2095 3064 lier,
2124 3000 2361 3055 revertit
2390 3001 2456 3055 ad
2484 3001 2667 3055 virum
2694 3015 2879 3066 suum,
2912 3001 3147 3055 comiter
3181 3000 3250 3054 ab
3278 2999 3373 3071 illo
3402 3000 3557 3054 exci-

1968 3090 2142 3161 pitur,
2180 3087 2353 3144 lllium
2386 3104 2532 3145 anno
2589 3088 2920 3159 insequente
2969 3090 3116 3160 parit
3153 3103 3361 3159 :quem
3398 3097 3454 3144 et
3487 3089 3559 3144 ad

278 3202 377 3239 νου
401 3183 648 3238 ἐνιαυτοῦ
675 3185 899 3250 τέξασα,
934 3185 1012 3256 τῷ
1054 3166 1281 3257 μεγάλῳΔ
1333 3184 1495 3238 πάλιν
1543 3184 1677 3237 αὐτὸ
1726 3180 1864 3253 μετὰ

1970 3196 2225 3249 magnum
2278 3179 2630 3252 Symeonem,
2669 3181 2830 3252 cujus
2879 3195 3107 3251 precum
3159 3180 3347 3251 potius
3394 3195 3560 3250 quam

279 3274 380 3332 τοῦ
432 3276 669 3344 συζύγου
727 3277 1016 3348 προσάγει,
1051 3277 1219 3347 εὐχῆς
1249 3278 1310 3332 ὃν
1351 3274 1564 3329 ἐκείνου
1595 3276 1801 3347 μᾶλλον
1829 3275 1863 3346 ἢ

280 3368 395 3421 τῶν
424 3367 594 3437 αὐτῆς
622 3366 832 3421 ὠδίνων
863 3366 1107 3439 καρπόν.
1137 3366 1418 3435 Προσάγει
1456 3366 1638 3419 τοίνυν
1653 3364 1715 3419 τὸ
1737 3383 1868 3418 παι-

280 3453 400 3507 δίον
457 3454 533 3523 τῷ
587 3454 867 3521 δεδωκότι,
897 3453 1153 3525 καθάπερ
1206 3452 1736 3526 ἐγκαλλωπιζομένη
1783 3453 1862 3523 τῷ

281 3545 465 3617 δώρῳ,
496 3547 591 3601 καὶ
633 3547 806 3620 ταύτῃ
850 3547 942 3601 τὸν
975 3547 1181 3619 δοτῆρα
1213 3549 1414 3617 μᾶλλον
1440 3548 1473 3618 ἢ
1503 3547 1720 3620 γλώττῃ
1762 3565 1869 3618 κη-

287 3639 578 3712 ρύττουσα.
622 3637 754 3693 Εἶτα
797 3640 893 3694 καὶ
939 3639 1126 3694 οίκαδε
1179 3641 1343 3694 πάλιν
1395 3640 1649 3708 εὐλογίας
1704 3642 1869 3710 τυχὸν

285 3731 579 3799 ἐπανάγει,
615 3731 712 3785 καὶ
763 3732 1033 3785 ἀντίδοσιν
1062 3735 1094 3803 ὴ
1120 3733 1259 3801 γυνὴ
1288 3732 1560 3803 τοσαύτης
1589 3732 1684 3786 καὶ
1727 3731 1872 3785 οὕτω

286 3820 540 3891 ποικίλης
585 3822 908 3891 εὐεργεσίας
941 3822 1024 3893 (ού
1068 3822 1177 3892 γὰρ
1220 3821 1284 3892 δὴ
1316 3822 1567 3874 συνοίκου
1618 3818 1875 3890 δαίμονος

285 3911 608 3981 ἀπήλλακτο
642 3912 824 3981 μόνον,
856 3912 994 3966 ἀλλὰ
1043 3915 1137 3967 καὶ
1167 3912 1246 3983 τῷ
1284 3912 1444 3985 ἀνδρὶ
1474 3911 1828 3967 ἀνασέσωστη
1856 3927 1870 3941 ο

288 4004 432 4074 πρὸς
463 4003 542 4069 δέ,
572 4003 670 4056 καὶ
703 4004 868 4058 παῖδα
897 3994 958 4067 ἐξ
984 4006 1206 4075 ἑαυτῆς,
1241 4006 1378 4073 ὅπερ
1422 4005 1638 4059 οὐδέπω
1672 4006 1876 4077 πρότε-

301 4109 420 4165 ρον,
455 4091 600 4163 ίδοι)·
635 4092 906 4146 ἀντίδοσιν
941 4092 1124 4147 τοίνυν
1172 4094 1400 4161 ἀγαθῶν
1424 4075 1726 4159 τοσούτων,
1782 4075 1877 4148 άνν

296 4185 513 4255 ίστησιν
550 4186 737 4238 είκόνα
801 4186 941 4238 οἷκοι
996 4185 1091 4239 τοῦ
1138 4185 1364 4255 Συμεών
1399 4202 1414 4217 ·
1444 4185 1645 4257 χρυσοῦ
1674 4186 1774 4255 μὲν
1803 4185 1880 4249 ὡς

290 4279 331 4347 ἡ
357 4277 675 4347 προαίρεσις
706 4272 853 4347 εἶχεν
880 4278 982 4330 οὐκ
1009 4276 1341 4348 εύποροῦσα,
1368 4276 1397 4330 ὃ
1425 4276 1482 4330 δέ
1515 4277 1721 4347 χρυσοῦ
1768 4294 1876 4347 μα-

290 4368 415 4440 κρῷ
445 4368 767 4439 τιμιώτερον
799 4370 980 4423 πίστιν
1028 4370 1418 4438 εἰσενεγκοῦσα
1461 4371 1760 4439 τοσαύτην,
1797 4369 1878 4432 ὡς

1979 3272 2064 3326 sui
2101 3273 2242 3327 uteri
2298 3271 2541 3327 fructum
2600 3272 2931 3343 reputabat,
2987 3288 3094 3327 una
3146 3287 3273 3329 cum
3328 3273 3561 3344 conjuge

1970 3361 2218 3425 adducit.
2278 3356 2443 3430 eique
2472 3362 2605 3432 'qui
2642 3361 2876 3428 dederat
2907 3361 3083 3428 illum
3136 3360 3323 3426 oll'ert,
3366 3360 3561 3441 laetitia

1970 3459 2137 3522 atque
2167 3451 2362 3521 plausu
2394 3451 2650 3507 indicans
2677 3450 3114 3523 magnitudinem
3172 3449 3343 3514 doni;
3395 3457 3563 3519 atque

1971 3528 2086 3596 hoe
2107 3548 2270 3610 pacto
2304 3542 2434 3597 .viri
2476 3541 2658 3597 sancti
2697 3540 2899 3597 famam
2935 3536 3130 3597 ‘latius
3176 3555 3345 3611 quam
3371 3540 3562 3610 lingua

1971 3633 2336 3704 propagabat.
2360 3633 2491 3689 Post
2524 3634 2642 3690 haec
2671 3634 2871 3690 mulier
2899 3632 3163 3689 donatum
3183 3633 3289 3688 sibi
3327 3647 3566 3708 puerum

1973 3728 2200 3784 domum
2229 3728 2471 3794 reducit,
2508 3738 2565 3785 et
2579 3723 3062 3785 remunerationis
3089 3729 3212 3784 loco
3250 3741 3351 3797 pro
3393 3726 3565 3791 tantis

1976 3828 2198 3890 tamque
2227 3822 2400 3876 variis
2421 3808 2715 3878 beneflciis
2751 3822 2956 3895 (neque
2987 3820 3138 3877 enim
3193 3820 3371 3875 solum
3399 3834 3431 3873 a
3474 3833 3568 3874 co-

1976 3912 2258 3969 habitante
2315 3914 2424 3968 sibi
2479 3913 2729 3969 daamone
2776 3913 3059 3977 immunis,
3098 3912 3196 3967 sed
3248 3912 3447 3967 marito
3482 3910 3607 3967 in»

1978 4010 2130 4077 tegre
2184 4012 2378 4059 sanata
2441 4006 2700 4061 restituta
2731 4004 2857 4069 fuit,
2892 4004 2962 4078 ad
2993 3997 3112 4060 haec
3164 4007 3304 4074 puer
3344 4018 3568 4074 quoque

1978 4113 2045 4152 ex
2066 4112 2129 4151 ea
2157 4096 2307 4167 quod
2343 4096 2628 4168 nunquam
2658 4106 2807 4163 ante,
2836 4105 2926 4152 est
2946 4097 3295 4167 prognatus),
3331 4079 3569 4167 efﬁgiem

1982 4189 2276 4260 Symeonia
2305 4190 2454 4245 domi
2473 4205 2587 4245 sum
2620 4190 2836 4245 statuit.
2864 4188 2931 4243 Et
2965 4204 3163 4244 aurum
3196 4188 3449 4258 quidem,
3507 4197 3571 4243 ut

1981 4288 2101 4334 erat
2146 4279 2273 4334 vitae
2303 4279 2572 4345 conditio,
2605 4296 2716 4335 non
2757 4280 3119 4350 suppetebat;
3168 4296 3365 4335 verum
3420 4281 3572 4352 quod

1984 4386 2121 4425 auro
2146 4371 2472 4441 pretiosius,
2507 4372 2675 4427 talem
2701 4371 2969 4426 afferebat
3003 4370 3189 4437 fidem,
3218 4379 3420 4434 utnon
3460 4364 3572 4426 dae?

291 4462 359 4516 ού
386 4460 759 4530 δαιμονῶντας
807 4460 968 4531 μόνον
1012 4463 1106 4515 καὶ
1136 4462 1356 4525 πολλοῖς
1416 4458 1647 4515 πάθεσιν
1698 4461 1864 4524 ἄλλοις

1986 4462 2222 4519 moniaci
2260 4469 2472 4517 tantum
2500 4462 2779 4533 variisque
2809 4463 3018 4517 morbis
3040 4461 3386 4525 detenti,sed
3402 4463 3569 4517 etiam

295 4549 717 4621 συνεχομένους,
735 4549 871 4604 ἀλλᾶ
899 4552 994 4604 καὶ
1025 4551 1195 4622 αὐτὴν
1214 4554 1307 4605 ἐπὶ
1332 4553 1570 4623 πέμπτῳ
1594 4554 1687 4605 καὶ
1712 4553 1879 4607 δεκά-

290 4662 374 4714 τῳ
393 4646 815 4719 ἐττιαίμόρρουν
854 4646 1104 4717 καθαρᾶς
1131 4650 1250 4700 ἐκεῖ
1280 4651 1461 4719 τυχεῖν
1496 4650 1589 4701 καὶ
1639 4664 1880 4720 περιφαι-

294 4736 427 4799 νοῦς
480 4736 798 4808 θεραπείας.
842 4737 1029 4801 Οὕτως
1077 4738 1243 4792 αὐτοῦ
1289 4741 1384 4793 καὶ
1429 4740 1531 4793 θέα
1600 4740 1754 4812 ψιλὴ,
1785 4742 1883 4795 καὶ

295 4827 563 4899 σφραγὶς,
599 4830 694 4882 καὶ
721 4828 940 4900 ῥάϐδος,
970 4831 1064 4883 καὶ
1095 4831 1287 4895 τύπος,
1308 4829 1401 4882 καὶ
1422 4829 1602 4897 λόγος,
1632 4831 1725 4884 καὶ
1750 4831 1883 4902 κλῆ-

296 4938 406 4986 αις,
437 4923 532 4976 καὶ
564 4922 617 4976 εἴ
642 4938 695 4973 τι
721 4922 851 4976 ἄλλο
880 4922 989 4975 τῶν
1020 4923 1234 4976 ἐκείνου
1271 4921 1473 4985 παντὸς
1507 4922 1670 4994 ἤρκει
1718 4924 1877 4995 γενέ-

296 5010 426 5069 σθαι
456 5013 661 5077 πάθους
686 5013 999 5085 ἀπαλλαγή.
1346 5014 1349 5019 ’

372 5208 509 5274 ρ’(εό
550 5200 684 5259 Εἶτά
725 5222 811 5269 τις
853 5202 1151 5277 αἷμὸῤῥους
1190 5206 1373 5277 ἑτέρα,
1406 5206 1469 5261 ἐκ
1505 5225 1650 5272 τινος
1689 5223 1889 5277 κώμης

294 5295 559 5352 Μυλιτῶν
602 5296 924 5367 λεγομένης,
980 5299 1100 5363 ἐτος
1153 5300 1258 5371 ἢδη
1310 5299 1495 5368 τρίτον
1542 5299 1621 5370 τῷ
1661 5299 1886 5370 χαλεπῷ

294 5386 477 5457 ’τούτῳ
514 5386 676 5441 πάθει
707 5389 1030 5459 πιεζομένη,
1074 5390 1359 5459 πρόσεισιν
1388 5392 1453 5443 ὲκ
1480 5391 1588 5444 τῶν
1618 5390 1887 5444 ὀπισθέων

293 5480 381 5551 τῷ
428 5478 675 5549 Συμεὼν,
724 5480 869 5534 κατὰ
908 5480 1005 5553 τὴν
1047 5481 1350 5554 αἱμόρῤουν
1383 5484 1623 5553 ἐκείνην,
1659 5482 1759 5557 τὴν
1795 5483 1888 5538 τοῦ

298 5570 440 5649 ἐμοῦ
489 5570 728 5640 Χριστοῦ
774 5572 1129 5641 τολμήσασαν
1172 5574 1443 5642 ἅψασθαι·
1513 5578 1607 5627 καὶ
1657 5575 1795 5645 ὁμοῦ
1827 5592 1887 5629 τε

297 5659 493 5731 ψαύει,
522 5659 616 5713 καὶ
637 5660 896 5732 τυγχάνει
926 5662 1023 5733 τῆς
1052 5662 1367 5735 θεραπείας
1402 5668 1459 5719 '0
1482 5667 1590 5739 γὰρ
1622 5671 1785 5736 αὐτὸς
1820 5668 1887 5744 ἦν

300 5752 399 5809 καὶ
432 5751 527 5809 νῦν
570 5754 869 5827 Δεσπότης,
902 5754 1092 5833 ὥσπερ
1131 5749 1249 5821 εκεῖ
1292 5760 1358 5813 δι’
1389 5762 1576 5830 αὐτοῦ,
1620 5763 1762 5819 οὓτω
1802 5767 1889 5822 διά

1988 4554 2183 4610 mulier
2210 4555 2460 4624 quaedam
2490 4570 2666 4610 annos
2700 4556 2812 4626 jam
2835 4554 3151 4625 quindecim
3182 4554 3389 4609 fluxum
3445 4571 3574 4610 san-

1987 4647 2176 4718 guinis
2205 4662 2368 4717 passa
2395 4648 2688 4703 sanitatem
2707 4647 2873 4702 isthic
2902 4647 3011 4703 loci
3035 4645 3413 4701 omnimodam
3445 4661 3573 4716 per-

1986 4737 2299 4805 lectamque
2320 4737 2617 4792 invenerit.
2648 4738 2725 4792 lta
2771 4736 2878 4791 viri
2933 4736 3109 4793 sancti
3143 4736 3230 4791 vel
3277 4737 3463 4791 tenuis
3520 4736 3573 4790 in

1988 4829 2224 4901 imagine
2277 4841 2554 4900 aspectus,
2620 4831 2849 4902 signum.
2884 4831 3086 4895 erucis,
3141 4830 3319 4900 virga,
3375 4827 3574 4893 forma,

1985 4921 2240 4983 verbum,
2270 4921 2570 4986 invocatio,
2610 4933 2668 4977 et
2724 4923 2771 4977 si
2806 4922 2938 4993 quid
2981 4922 3130 4978 aliud
3191 4936 3379 4978 rerum
3429 4920 3580 4975 illius

1985 5021 2155 5074 esset.
2186 5013 2494 5071 sutllciebat
2528 4999 2759 5071 cuilibet
2812 5015 3136 5071 morborum
3165 5014 3352 5099 generi
3392 5013 3580 5084 depel-

1988 5100 2173 5157 lende.

2057 5209 2183 5263 ιεδ.
2225 5210 2431 5266 Deinde
2469 5210 2896 5266 haemorrhoissa
2929 5210 3123 5272 altera,
3160 5224 3227 5265 ex
3247 5224 3387 5280 pago
3436 5224 3571 5278 quo«

1988 5300 2113 5354 dam
2143 5298 2454 5371 Mylitorum
2498 5302 2669 5367 dicto,
2697 5319 2863 5373 grave
2924 5303 3209 5374 sanguinis
3249 5300 3579 5372 profluvium

1985 5392 2093 5461 jam
2116 5391 2352 5445 triennio
2370 5408 2550 5461 passa,
2567 5408 2597 5446 a
2619 5402 2772 5462 tergo
2804 5394 3267 5463 appropinquavit
3286 5392 3577 5465 Symeoni.

1988 5482 2300 5552 exemplum
2343 5496 2533 5539 secuta
2570 5484 3010 5540 bzemorrhoisste
3032 5484 3179 5539 illius
3228 5483 3579 5554 evangelicae,

1993 5582 2215 5646 tangere
2236 5574 2527 5630 Christum
2550 5592 2732 5631 meum
2769 5592 2950 5643 ausae,
2998 5591 3165 5647 quem
3180 5576 3361 5631 simul
3406 5584 3463 5631 et
3497 5584 3573 5629 ιον

1994 5670 2116 5741 tigit
2145 5680 2203 5725 et
2229 5670 2525 5726 sanitatem
2552 5669 2821 5725 obtinuit.
2858 5670 3007 5725 idem
3044 5669 3251 5739 quippe
3288 5667 3579 5734 Dominus,

1994 5760 2465 5834 quemadmodum
2495 5760 2779 5818 istiC'olim
2805 5776 2907 5831 per
2953 5775 3010 5817 se
3041 5761 3178 5831 ipso,
3234 5759 3309 5813 ita
3342 5756 3431 5811 hic
3481 5769 3577 5825 per
