4078 6332
618 352 757 421 3103

1840 366 1900 425 S.
1944 366 2319 426 SYMEONIS
2358 368 2717 429 JUNIORIS

3748 365 3899 427 310i

618 480 839 521 servum
862 480 1024 519 suum
1052 465 1430 522 intirmltatem
1464 467 1733 538 abigcbat,
1760 478 1816 522 et
1836 484 1933 536 pro
1964 470 2190 537 paritate

2299 474 2392 526 τοῦ
2431 474 2761 545 θεράποντος
2810 474 3044 530 ἐνταῦθα
3089 474 3230 529 λύων
3275 474 3338 528 τὸ
3381 471 3574 538 πάθος,
3600 476 3718 547 ,καὶ
3749 476 3896 544 πρὸς

619 556 746 611 ﬁdei
790 572 978 627 parem
1034 573 1257 628 quoque
1312 559 1746 613 misericordiam
1830 558 2187 629 largiebatur.

616 647 766 703 Abiit
819 648 986 717 igitur
1024 648 1140 703 haec
1195 649 1452 703 similiter
1494 664 1557 703 ac
1600 650 1689 703 illa
1734 650 1822 720 (de
1857 666 1963 719 qua
2028 666 2193 719 supra

615 740 867 809 memini)
907 741 1224 796 valetudine
1247 751 1599 810 recuperata;
1647 744 1899 813 quodque
1934 745 2021 797 illa
2073 760 2191 799 me-

617 828 804 883 diante
835 830 1007 883 sancti
1034 831 1289 900 imagine,
1328 829 1445 885 base
1477 832 1544 884 ab
1572 832 1689 900 ipso
1715 842 2008 901 prototypo
2061 848 2192 887 con-

616 928 805 974 secuta
834 931 937 974 €51.

691 1031 810 1083 126.
849 1031 967 1084 Non
1024 1029 1119 1083 ditt
1173 1039 1299 1100 post
1345 1033 1508 1095 adest
1559 1048 1754 1103 magno
1810 1034 2064 1103 Symeoni
2127 1050 2191 1089 ex

616 1135 752 1190 pago
780 1121 906 1185 alio,
928 1124 1014 1176 cui
1037 1124 1206 1193 Magia
1226 1124 1574 1184 vocabulum,
1602 1126 1686 1177 vir
1704 1124 1953 1193 quidam,
1974 1136 2193 1195 septua-

618 1212 767 1281 ginta
832 1223 894 1265 ut
939 1230 1221 1266 summum
1275 1230 1450 1268 annos
1510 1224 1704 1279 natus;
1758 1215 1854 1283 qui
1923 1218 2193 1271 acerrimo

617 1303 865 1355 dentium
897 1304 1088 1357 dolore
1116 1305 1420 1369 cruciatus,
1452 1307 1615 1359 enixe
1645 1306 1997 1374 precabatur,
2051 1307 2192 1360 salu-

618 1394 831 1447 tiferam
859 1404 916 1447 ut
937 1395 1039 1449 sibi
1064 1411 1284 1449 manum
1318 1397 1649 1466 imponeret,
1674 1414 1783 1467 quo
1805 1399 1941 1453 dens
1963 1400 2193 1454 allectus

617 1494 971 1539 excuteretur
1012 1486 1299 1550 radicitus,
1336 1490 1447 1557 jam
1483 1503 1629 1542 nunc
1649 1490 1944 1543 acerbitate
1973 1491 2190 1545 crucia-

618 1583 771 1626 tuum
826 1575 1064 1629 mobilis.
1119 1576 1195 1631 lta
1250 1577 1337 1631 ille
1388 1579 1736 1647 precabatur,
1786 1579 2040 1649 lacrymis
2093 1595 2190 1649 per

615 1680 781 1731 genas
813 1664 1260 1731 decurrentibus,
1312 1670 1596 1724 mcerentis
1640 1670 1804 1723 animi
1841 1672 2013 1741 signis
2038 1688 2188 1727 men-

616 1755 705 1807 tiri
763 1757 985 1811 nesciis.
1047 1758 1280 1813 Sanctus
1330 1777 1461 1815 vero
1520 1761 1752 1831 benigne
1810 1763 2187 1831 respondens,

615 1849 831 1915 Nonne,
870 1852 1068 1920 inquit,
1105 1854 1276 1923 magis
1319 1872 1348 1909 e
1399 1871 1456 1909 re
1492 1867 1582 1909 tua
1637 1856 1799 1921 foret,
1839 1858 1882 1911 si
1931 1865 1986 1910 et
2020 1857 2188 1912 alium

612 1936 831 1991 dentem
868 1942 1072 2005 enasci,
1121 1958 1285 2012 quam
1323 1944 1470 1999 hunc
1495 1961 1636 2015 aegre
1663 1947 1955 2002 habentem
1987 1948 2191 2001 solum-

614 2030 778 2082 modo
824 2033 1007 2095 evelli,
1059 2035 1319 2102 peteres?
1355 2035 1435 2089 Λᾶ
1487 2053 1609 2105 qua:
1654 2038 1821 2091 verba
1867 2039 1956 2093 ille
2005 2048 2188 2093 mente

612 2121 905 2191 animoque
947 2123 1318 2181 inﬂammatus
1366 2128 1467 2196 (uti
1513 2128 1629 2182 ﬁeri
1679 2131 1967 2185 consuevit
1998 2132 2064 2186 ad
2102 2133 2187 2185 in-

611 2214 810 2280 sperati
834 2216 1116 2284 cujusdam
1141 2217 1269 2270 boni
1296 2220 1795 2290 pollicitationem),
1814 2223 2187 2293 ambabusqne

610 2305 885 2371 manibus,
938 2317 998 2361 ut
1032 2317 1267 2378 poterat,
1307 2325 1374 2363 ex
1420 2310 1618 2365 mclote
1652 2313 2181 2383 sanetisnspensus,

608 2396 781 2465 ejicit,
818 2414 916 2466 per
968 2400 1379 2469 impositionem
1433 2418 1693 2456 manuum
1739 2404 1907 2470 illius,
1960 2406 2185 2461 uberem

608 2502 639 2540 e
671 2488 810 2543 caelo
843 2492 1072 2559 gratiam
1119 2494 1454 2561 elicientem,
1510 2496 1792 2565 putridum
1832 2508 2185 2567 corruptum-

608 2594 715 2648 que
743 2598 847 2635 una
879 2599 1000 2637 cum
1034 2586 1315 2643 radicibus
1342 2588 1562 2643 dentem
1586 2606 1599 2643 :
1620 2604 1722 2643 nec
1742 2589 1898 2642 multi
1930 2589 2185 2642 abierunt

610 2669 750 2733 dies,
798 2687 923 2726 cum
982 2675 1121 2729 alter
1182 2678 1236 2746 (o
1290 2694 1403 2731 rem
1464 2694 1574 2732 non
1625 2678 1919 2733 admodum
1968 2678 2181 2732 creditu

610 2758 829 2814 facilem
857 2764 894 2830 ι)
917 2774 1111 2821 enatus
1136 2768 1200 2821 ad
1225 2769 1615 2836 perfectionem
1639 2771 1831 2825 crevit.
1870 2771 1932 2822 Et
1959 2770 2186 2840 hujusce

610 2850 847 2921 prodigii
886 2861 1051 2909 testes
1105 2859 1311 2913 oculati
1359 2861 1547 2929 plures
1606 2860 1783 2924 fuere,
1837 2860 2040 2933 quibus
2097 2861 2186 2915 ille

612 2939 770 3010 ipse,
826 2945 918 3013 qui
981 2947 1310 3003 beneﬁcium
1367 2960 1561 3007 nactus
1616 2961 1766 3017 erat,
1820 2951 2185 3015 ostendebat,

612 3034 964 3102 mirantibus,
1016 3037 1072 3094 in
1126 3049 1233 3094 tam
1288 3058 1545 3112 prowc'a
1596 3052 1788 3107 tetate,
1845 3052 2040 3113 praeter
2093 3060 2186 3097 na-

2298 563 2477 615 πίστιν
2516 565 2657 634 ίσην,
2692 566 2803 617 ἴσον
2836 566 2926 617 καὶ
2958 566 3049 618 τὸν
3073 565 3220 617 ἐλεον
3247 564 3448 634 νέμων.
3493 563 3740 632 ’Δπῆλθε
3772 579 3894 616 τοι-

2294 654 2497 723 γαροῦν
2524 655 2723 725 ὁμοίως
2761 659 2825 724 τῇ
2866 655 3211 729 προλαϐούσῃ
3251 655 3346 709 καὶ
3376 653 3514 727 αῦτη
3546 654 3648 725 τὴν
3678 655 3883 723 ὑγείαν

2294 748 2658 815 κομισαμένη,
2692 748 2719 799 ὃ
2746 747 2850 818 πρὸ
2883 748 3079 818 μικροῦ
3102 749 3203 817 τῆς
3236 748 3441 812 είκόνος
3473 749 3688 818 halm,
3716 746 3883 802 τοῦτο

2293 833 2386 887 νῦν
2418 834 2556 904 αὕτη
2580 834 2673 889 τοῦ
2698 836 3054 907 πρωτυτύπου
3079 839 3334 909 τυχοῦσα.

2367 1043 2516 1111 pug".
2560 1035 2718 1104 Ἑξῆς
2748 1037 2803 1090 δὲ
2838 1035 3108 1107 προσῆλθέ
3140 1054 3224 1101 τις
3257 1037 3398 1110 ἀνὴρ
3440 1037 3518 1106 τῷ
3556 1038 3778 1109 μεγάλῳ
3812 1038 3883 1092 εκ

2292 1148 2435 1193 τινος
2462 1130 2653 1200 κώμης
2683 1130 2891 1197 (Μαγία
2915 1128 2970 1181 δέ
2996 1130 3226 1199 κέκλητο
3243 1126 3425 1199 αῦτη),
3453 1131 3574 1193 ἔτος
3596 1132 3659 1183 οὐ
3692 1131 3883 1182 πλεῖον

2293 1220 2324 1290 ἢ
2356 1218 2751 1289 ἑϐδομηκοστὸν
2768 1216 3026 1284 γεγονὼς,
3053 1218 3328 1287 δριμείαις
3350 1219 3439 1270 τὸν
3470 1218 3661 1272 ὀδόντα
3687 1218 3884 1287 βαλλό-

2299 1328 2456 1379 μενος
2486 1309 2717 1372 ὀδύναις·
2746 1309 3060 1377 ἐπιτεθῆναί
3087 1326 3142 1361 τε
3170 1307 3316 1377 αύτῷ
3346 1310 3444 1376 τὴν
3474 1308 3630 1361 ὁσίαν
3659 1309 3879 1359 ἐκείνου

2293 1404 2449 1472 χεῖρα
2476 1402 2747 1471 δεόμενος,
2777 1401 2915 1453 ὥστε
2940 1401 3127 1454 τοῦτον
3154 1400 3500 1453 παντάπασιν
3532 1398 3881 1467 ἐκκρουσῧῇ

2292 1512 2399 1555 ναι,
2445 1492 2797 1559 σαλευόμενον
2852 1492 2952 1561 ἤδη
2990 1491 3098 1543 τῶν
3148 1490 3322 1544 πόνων
3367 1492 3487 1551 ταῖς
3516 1488 3877 1558 προσϐολαῖς.

2293 1585 2478 1638 Ταῦτα
2519 1588 2548 1638 6
2586 1586 2682 1654 μὲν
2713 1585 2901 1648 ἐδεῖτο,
2934 1585 3143 1653 δάκρυα
3170 1584 3277 1637 τῶν
3301 1582 3597 1653 ὀφθαλμῶν
3634 1580 3875 1641 καθιεὶς,

2291 1677 2359 1729 τὰ
2384 1676 2565 1744 ψυχῆς
2591 1676 2859 1746 ἁλγούσης
2890 1676 3093 1746 ἀψευδῆ
3132 1674 3373 1743 σύμϐολα
3398 1687 3411 1700 ’
3481 1678 3509 1727 6
3555 1674 3610 1727 δέ
3650 1674 3880 1743 χαριέν-

2293 1782 2399 1827 τως
2429 1765 2733 1830 ὑπολαϐὼν,
2768 1767 2857 1834 Μή
2893 1764 3022 1817 ποτέ
3054 1782 3136 1817 σοι
3170 1764 3394 1835 βέλτιον,
3432 1761 3560 1832 ἔφη,
3590 1763 3687 1815 καὶ
3716 1763 3882 1815 ἄλλον

2298 1857 2525 1926 ἐκφῦναι
2562 1856 2760 1927 μᾶλλον
2799 1860 2985 1921 αἰτεῖν,
3013 1857 3046 1928 ἢ
3077 1856 3168 1909 τὸν
3202 1853 3455 1925 πονήρως
3484 1854 3680 1923 ἔχοντα
3714 1854 3882 1923 μόνον

2296 1949 2627 2014 ἀποεαλεϊν;
2662 1949 2770 2001 Καὶ
2810 1948 2868 2011 ὂς
2896 1948 3030 2018 πρὸς
3056 1947 3118 2000 τδ
3157 1946 3308 2017 ῥῆμα
3334 1947 3432 2015 τὴν
3461 1946 3640 2014 ψυχὴν
3675 1942 3883 2004 ἀναζέ-

2298 2059 2395 2103 σας
2429 2041 2475 2111 (ὃ
2512 2042 2753 2109 πέφυκεν
2780 2042 2865 2093 ἀεὶ
2895 2041 3029 2111 δρᾷν
3053 2038 3272 2107 ἀγαθῶν
3304 2039 3733 2108 ἀπροσδοκήτων
3766 2037 3875 2089 ἐπ-

2296 2134 2547 2201 αγγελία)
2577 2134 2911 2205 ἀμφοτέραις
2942 2149 3003 2185 τε
3040 2132 3139 2201 τῆς
3178 2130 3434 2201 μηλωτῆς
3478 2130 3554 2192 ὡς
3598 2123 3748 2198 εἶχεν
3778 2130 3879 2180 ἐκ·

2293 2224 2646 2295 κρεμασθεὶς,
2686 2222 2981 2277 ἀποϐάλλει
3022 2223 3120 2293 μὲν
3152 2222 3337 2284 αὐταῖς
3381 2220 3581 2291 ῥίζαις,
3627 2218 3880 2272 ἐπιθέσει

2289 2317 2488 2388 χειρῶν
2531 2314 2742 2368 ἐκείνου
2791 2312 2990 2385 πολλὴν
3040 2312 3245 2367 ἄνωθεν
3279 2311 3513 2382 ἑλκούσῃ
3542 2310 3643 2377 τὴν
3687 2311 3879 2379 χάριν,

2289 2407 2379 2460 τὸν
2415 2405 2811 2476 διεφθαρμένον
2844 2402 3029 2455 ὀδόντα
3053 2416 3065 2429 ’
3102 2401 3289 2471 ἕτερος
3311 2400 3368 2453 δέ
3394 2400 3535 2469 μετά
3560 2416 3713 2463 τινας
3738 2399 3881 2468 ἡμέ-

2296 2514 2395 2566 ρας
2423 2494 2487 2563 (ὣ
2514 2494 2837 2564 πράγματος
2864 2493 2923 2546 οὐ
2950 2490 3145 2564 ῥᾳδίως
3171 2488 3558 2560 πιστευομένου
3584 2490 3597 2544 ί
3620 2492 3638 2555 )
3678 2490 3877 2557 ἐᾳύετό

2290 2606 2349 2641 τε
2383 2588 2477 2641 καὶ
2508 2586 2721 2657 ηὔξετο.
2757 2586 2866 2638 Καὶ
2895 2585 3082 2637 τούτου
3131 2584 3406 2653 μάρτυρες
3429 2581 3639 2635 πολλῶν
3664 2581 3874 2651 ὀφθαλ-

2293 2679 2403 2749 μοὶ,
2457 2672 2538 2740 οἷς
2592 2677 2670 2740 εἰς
2729 2675 2914 2743 θαῦμα
2961 2678 3110 2744 παρὰ
3161 2674 3254 2726 τοῦ
3304 2672 3560 2743 tux-ivro;
3615 2672 3719 2740 τῆς
3776 2672 3872 2724 εῦ-

2288 2769 2546 2839 εργεσίας
2605 2767 2898 2829 ἐδείκνυτο,
2951 2766 3014 2820 τὸ
3088 2764 3186 2833 ὀψὲ
3250 2764 3447 2834 δηλαδὴ
3502 2761 3598 2816 τοῦ
3650 2762 3871 2832 χρόνον,

2291 2859 2471 2914 καὶτὸ
2516 2859 2647 2927 παρ’
2686 2856 2902 2925 ἡλικίαν
2934 2856 3029 2924 τῆς
3057 2855 3289 2921 φύσεως.
3322 2855 3499 2923 Ὅπερ
3522 2852 3587 2923 δὴ
3618 2852 3876 2923 τηλικοῦ-

2295 2968 2379 3005 τον
2411 2949 2492 3015 ὃν,
2525 2950 2799 3019 ὑποχωρεῖ
2815 2952 2880 3018 τῇ
2907 2946 3157 3015 λέγεσθαι
3187 2946 3284 3017 ἤδη
3312 2944 3578 3015 μελλούσῃ
3602 2944 3722 3012 μετ’
3743 2942 3878 2995 αὐτὸ

2293 3042 2516 3113 θεωρίᾳ.

614 3138 752 3186 turze
778 3133 1027 3188 ordinem
1054 3136 1169 3190 ﬁeri
1206 3139 1473 3206 potuisse.
1538 3138 1642 3193 Sed
1708 3154 2017 3207 quanquam
2080 3130 2135 3192 id
2203 3146 2413 3193 tantum
2455 3137 2546 3200 sit,
2591 3133 2847 3191 concedit
2893 3141 3071 3188 tamen
3113 3131 3213 3197 illi,
3257 3143 3419 3201 quam
3465 3143 3631 3200 porro
3665 3128 3873 3184 dicturi

612 3237 823 3287 sumus,
867 3222 1088 3282 visioni.

686 3337 809 3392 127.
843 3339 1089 3404 Quodam
1126 3341 1387 3409 Sabbato,
1444 3345 1749 3401 decantatis
1797 3356 1922 3401 ante
1969 3357 2184 3399 noctem
2211 3346 2256 3406 C

613 3431 887 3500 Vesperis,
918 3436 1231 3503 congregati
1268 3446 1443 3498 erant,
1482 3446 1541 3489 ut
1580 3437 1790 3491 ferebat
1823 3435 2185 3496 consuetudo,

611 3522 820 3574 circum
866 3523 1193 3594 Symconcm
1230 3526 1520 3595 discipuli;
1551 3529 1645 3597 qui
1680 3528 1803 3581 illos
1835 3528 1903 3581 de
1933 3542 2085 3581 more
2117 3526 2187 3581 ad

611 3612 948 3681 vigilandum
989 3623 1152 3671 nocte
1187 3618 1287 3671 ista
1338 3618 1665 3673 hortabatur
1705 3638 1717 3673 :
1754 3618 1950 3673 deinde
1987 3618 2188 3673 docere

610 3718 707 3756 eos
758 3705 1047 3773 incipiens,
1092 3709 1424 3777 quxestioncs
1455 3710 1718 3778 quasdam
1762 3708 2096 3765 diﬂiciliores
2124 3724 2188 3764 ac

611 3794 899 3863 parabolas
931 3797 988 3851 in
1038 3800 1279 3853 medium
1315 3802 1556 3869 prolatas
1599 3802 1947 3868 elucidabat;
1990 3818 2096 3871 qua
2130 3818 2187 3856 re

613 3887 686 3939 ita
713 3888 953 3942 suaviter
981 3889 1250 3945 aliiciebat
1280 3892 1497 3946 illorum
1532 3895 1762 3959 animos,
1798 3904 2061 3964 tantoque
2088 3894 2185 3949 Dei

616 3978 811 4032 timore
822 3968 894 4033 ac
911 3979 1202 4037 dulcedine
1226 3981 1433 4037 doloris
1455 4000 1549 4037 cor
1568 3985 1926 4040 exhilarantis
1945 3986 2190 4040 cumula-

613 4068 725 4132 bat,
753 4070 980 4139 utquod
1005 4072 1070 4126 de
1104 4072 1349 4126 sirenum
1378 4084 1541 4128 cantu
1566 4074 1771 4130 dicitur
1794 4077 2188 4146 propemodum

614 4160 669 4214 in
694 4175 750 4214 se
772 4163 1179 4230 experirentur;
1209 4174 1574 4236 praeterquam
1598 4167 1743 4237 quod
1770 4168 2188 4223 delectationem

614 4251 774 4304 istam
805 4253 1250 4321 consequebatur
1292 4270 1461 4320 mors,
1494 4258 1635 4311 hanc
1677 4259 2057 4313 immortalitas
2100 4275 2192 4313 ex-

614 4338 801 4407 cipiat.
860 4341 1040 4396 Finito
1089 4343 1256 4413 igitur
1306 4360 1559 4402 sermone
1621 4348 1937 4417 Symconis,
1996 4348 2191 4403 fratres

618 4440 911 4486 consuetas
939 4449 1128 4501 preces
1157 4435 1388 4490 fundere
1422 4446 1747 4506 cmpcrunt;
1784 4454 2018 4507 cumque
2050 4438 2192 4507 psal-

617 4538 764 4579 mum
794 4522 948 4575 Beati
975 4525 1305 4579 immaculali
1328 4529 1382 4579 in
1414 4531 1520 4590 via,
1556 4529 1643 4597 qui
1676 4528 1952 4582 ambulant
1983 4531 2036 4582 in
2080 4530 2191 4600 lege

615 4611 868 4679 Domini,
907 4614 1236 4681 recitarem,
1271 4618 1523 4685 apparuit
1574 4627 1761 4672 sancto
1798 4617 2049 4673 Christus
2080 4619 2187 4673 Do-

617 4705 801 4759 minus
862 4706 1120 4775 prteclara
1188 4707 1240 4761 in
1303 4708 1535 4773 visione,
1589 4719 1772 4764 astans
1820 4726 1847 4763 a
1927 4710 2187 4764 dexteris.

616 4798 687 4854 Ut
707 4797 846 4851 vidit
882 4797 994 4862 ille,
1029 4807 1089 4852 ut
1112 4810 1294 4853 mente
1330 4800 1656 4865 illustratus,
1683 4817 1855 4870 caque
1892 4808 2005 4856 tota
2036 4802 2195 4857 abre-

618 4896 745 4957 ptus
780 4898 896 4952 est;
934 4904 1043 4942 non
1074 4889 1487 4958 quiescentibus
1520 4901 1698 4945 tamen
1730 4893 1906 4957 labiis,
1943 4909 2047 4948 nec
2077 4910 2191 4948 c03-

617 4990 766 5049 plam
799 4981 1103 5035 orationem
1145 4983 1656 5037 intermittentibns.
1689 4985 1899 5038 lnterca
1933 4986 2193 5041 cernebat

619 5070 775 5138 quasi
825 5085 1102 5139 passerem
1153 5085 1317 5139 supra
1352 5070 1586 5124 fratrum
1638 5073 1815 5141 capita
1844 5074 2194 5127 circumvoli-

622 5169 849 5223 tantem,
898 5160 1129 5231 hymnos
1158 5177 1280 5214 cum
1316 5162 1449 5231 ipsis
1478 5162 1797 5218 suavissime
1827 5180 2041 5229 canere,
2074 5180 2193 5218 mo-

619 5266 749 5303 vere
783 5251 1021 5319 linguam
1060 5252 1252 5305 eodem
1284 5269 1393 5321 quo
1426 5253 1524 5321 ipsi
1574 5253 1755 5317 modo,
1788 5255 2005 5308 easdem
2056 5270 2195 5324 quas

622 5340 723 5408 ipsi
747 5340 1149 5398 modulationes
1182 5360 1433 5413 promere
1460 5346 1562 5415 (uti
1590 5345 1786 5399 deinde
1819 5347 1950 5415 ipsis
1974 5362 2192 5417 quoque

619 5428 1045 5499 tnanil'estavit):
1074 5433 1357 5489 infallibile
1380 5437 1605 5490 omnino
1628 5436 2191 5509 testimonium;quod

612 5520 918 5590 jucundum
951 5534 1096 5577 esset
1136 5526 1266 5591 Deo,
1316 5528 1622 5583 secundum
1680 5528 2022 5598 prophetarit,
2076 5531 2193 5586 elo-

618 5613 810 5681 quium
845 5630 1036 5668 eorum
1069 5617 1135 5670 '°.

682 5749 735 5825 "°
784 5750 927 5809 Psal.
971 5772 1079 5822 (.ttl,
1128 5758 1224 5813 5i.

2216 4670 2269 4728 D

2362 3342 2497 3413 pxC'.
2533 3341 2667 3394 ἷΙοτέ
2709 3339 2816 3410 γὰρ
2851 3340 2949 3409 ὀψε
2978 3338 3251 3391 Σαεϐἀτου
3294 3337 3431 3408 μετὰ
3475 3339 3601 3397 τοὺς
3646 3339 3875 3409 ἑσπερι-

2290 3434 2413 3495 νοὺς
2464 3432 2686 3501 ὕμνους,
2736 3431 2879 3485 κατὰ
2932 3431 2990 3482 τὸ
3033 3429 3259 3498 σύνηθες
3288 3430 3395 3480 τῶν
3443 3427 3703 3498 μαθητῶν
3742 3429 3875 3499 περὶ

2290 3525 2449 3579 αὐτὸν
2465 3524 2881 3591 ἀθροισθέντων,
2912 3520 3236 3593 ἀγρυπνίαν,
3262 3520 3333 3582 ὡς
3348 3519 3492 3585 ἔθος,
3523 3519 3741 3589 ἐκείνης
3774 3521 3875 3574 αὐ-

2289 3620 2400 3678 τοῖς
2420 3616 2519 3684 τῆς
2546 3615 2736 3677 νυκτὸς
2757 3612 3129 3682 παραγγείλας
3150 3629 3163 3641 ’
3193 3608 3309 3664 εἶτα
3330 3610 3681 3675 διδασκαλίας
3703 3611 3873 3681 ἀρξά-

2294 3723 2471 3776 μενος,
2501 3704 2803 3772 αίνίγματά
2821 3721 2879 3754 τε
2900 3704 2993 3755 καὶ
3024 3700 3337 3773 παραϐολὰς
3366 3702 3547 3762 αὐτοῖς
3582 3703 3876 3771 προτείνας

2290 3799 2384 3853 καὶ
2413 3797 2695 3862 ὲπιλύσας,
2725 3794 2899 3855 οὕτως
2930 3793 3102 3845 αὐτῶν
3126 3792 3345 3861 διέθηκε
3393 3792 3493 3855 τὰς
3530 3791 3734 3861 ψυχὰς,
3776 3793 3872 3844 καὶ

2289 3888 2540 3943 τοσοῦτον
2598 3888 2790 3945 αὐταῖς
2826 3884 3078 3951 ἐνέσταξε
3142 3884 3283 3936 θεῖον
3338 3883 3521 3951 φόϐον,
3553 3885 3647 3937 καὶ
3695 3883 3873 3952 λύπης

2290 3979 2513 4049 καρδῖαν
2547 3975 2943 4048 εὐφραινούσης
2976 3972 3309 4043 γλυκύτητα,
3343 3973 3418 4036 ὡς
3455 3972 3651 4043 μικροῦ
3688 3975 3781 4027 καὶ
3814 3975 3875 4026 τὸ

2290 4070 2397 4122 τῶν
2417 4068 2692 4140 ᾳοομένων
2720 4068 2917 4128 αὐτοὺς
2944 4065 3209 4135 σειρήνων
3238 4064 3449 4129 παθεῖν,
3482 4063 3621 4133 πλὴν
3639 4064 3765 4117 ὅσον
3790 4065 3871 4125 είς

2292 4160 2519 4215 θάνατον
2554 4159 2652 4229 μέν
2678 4160 2795 4211 ἐκεῖ
2826 4158 2886 4209 τὸ
2915 4156 3122 4222 θέλγον,
3144 4154 3374 4208 ἐνταῦθα
3406 4155 3462 4207 δέ
3493 4154 3761 4208 τελευτῶν
3790 4158 3872 4219 είς

2295 4250 2610 4304 ἀθανασίαν.
2643 4248 2755 4316 Τὴν
2784 4244 3131 4299 διδασκαλίαν
3160 4243 3217 4296 δέ
3256 4245 3355 4314 τῆς
3389 4244 3653 4315 συνήθους
3688 4246 3869 4307 αὐτοῖς

2292 4342 2457 4411 εὐχῆς
2485 4337 2895 4407 διαδεξαμένης,
2925 4338 3018 4390 καὶ
3078 4336 3171 4388 τὸν
3218 4336 3592 4407 μακαρίζοντα
3644 4336 3773 4398 τοὺς
3811 4338 3872 4388 ἐν

2292 4434 2395 4505 ὀδῷ
2425 4432 2640 4502 ἀμώμῳ
2667 4430 2904 4499 ψαλμὸν,
2946 4430 3071 4493 τοὺς
3119 4430 3175 4480 ἐν
3212 4429 3361 4497 νόμῳ
3404 4426 3607 4497 Κυρίου
3642 4444 3867 4497 πορευο-

2297 4524 2509 4593 μένους,
2528 4522 2613 4575 διὰ
2649 4523 2913 4590 στόματος
2939 4521 3171 4591 ἐχόντων
3198 4520 3398 4583 αὐτῶν,
3418 4519 3759 4588 ἐπιφαίνεται
3790 4520 3867 4589 τῷ

2294 4613 2518 4683 Συμεὼν
2546 4616 2573 4665 6
2605 4613 2879 4681 Δεσπότης
2914 4611 3170 4682 Χριστὸς,
3199 4610 3480 4681 μακαρίας
3510 4610 3725 4679 ἐκείνης
3744 4612 3861 4664 ἐπι-

2295 4707 2520 4773 φανείας
2571 4705 2635 4757 ἐκ
2680 4703 2870 4767 δεξιῶν
2902 4702 3051 4773 αὐτῷ
3093 4703 3413 4772 παρεστώς⁶
3462 4703 3553 4755 καὶ
3594 4702 3730 4771 πρὸς
3769 4703 3864 4771 μὲν

2292 4796 2413 4865 δψιν
2444 4797 2471 4848 6
2500 4796 2623 4859 νοῦς
2654 4796 2973 4864 ἐφωτίζετο,
3005 4797 3099 4847 καὶ
3138 4796 3259 4857 ὅλος
3289 4795 3502 4866 ἐκείνης
3538 4795 3764 4863 ἐγίνετο.
3798 4798 3865 4849 τὰ

2293 4885 2443 4953 χείλη
2474 4884 2530 4936 δὲ
2564 4884 2663 4937 οὐκ
2690 4884 2910 4954 ἠρέμει,
2961 4884 3082 4937 οὐδὲ
3112 4884 3522 4953 ἀπελιμπάνετο
3552 4884 3651 4951 τῆς
3678 4885 3858 4954 εὐχῆς.

2308 4977 2395 5027 Ἐν
2451 4974 2689 5043 τοσούτῳ
2743 4975 2800 5027 δὲ
2849 4974 2980 5028 ὡσεὶ
3029 4976 3310 5046 στρουθίον
3365 4977 3393 5027 6
3454 4975 3678 5045 Συμεὼν
3731 4978 3861 5046 ὑπὲρ

2294 5068 2535 5137 κεφαλῆς
2568 5077 2680 5134 τοῖς
2736 5068 2986 5137 ἀδελφοῖς
3049 5069 3195 5138 ἐώρα
3245 5068 3696 5139 περιιπτάμενον,
3742 5087 3860 5121 συν-

2292 5160 2621 5230 υμνολογοῦν
2649 5177 2707 5211 τε
2744 5160 2927 5221 αὐτοῖς
2962 5158 3153 5230 ἥδιστα
3201 5160 3296 5212 καὶ
3335 5160 3581 5229 συνᾷδον,
3619 5160 3860 5229 καθάπερ

2292 5256 2487 5326 ἐπίσης
2505 5255 2733 5317 ἐκείνοις
2775 5256 2870 5305 καὶ
2903 5251 3148 5320 γλῶτταν
3181 5251 3383 5311 κινοῦν,
3427 5252 3519 5304 καὶ
3558 5252 3767 5316 τούτοις
3801 5253 3863 5303 τὰ

2296 5348 2437 5400 αὐτὰ
2469 5346 2977 5416 συμφθεγγόμενον,
3034 5344 3108 5406 ὡς
3165 5342 3302 5411 μετὰ
3348 5343 3519 5397 ταῦτα
3560 5345 3653 5396 καὶ
3683 5346 3859 5406 αὐτοῖς

2298 5436 2592 5492 καθίστατο
2642 5438 2821 5504 δῆλον.
2883 5438 3061 5505 Ὅπερ
3110 5430 3201 5487 οὖν
3263 5434 3554 5503 ἠδυνθῆναι
3595 5436 3735 5488 κατὰ
3780 5436 3863 5487 τὴν

2299 5532 2592 5600 Προφήτην
2632 5528 2750 5598 Θεῷ
2783 5528 2879 5599 τὴν
2922 5528 3145 5581 ἐκείνων
3174 5525 3445 5595 διαλογὴν,
3481 5526 3705 5596 ἀψευδὲς
3739 5529 3863 5580 κᾶν·

2300 5640 2405 5684 τως
2442 5620 2761 5691 μαρτύριον.
