4078 6332
258 366 405 424 3105

1266 363 1443 425 VITA
1481 364 1528 423 A
1565 357 2002 423 NICEPHOBO
2041 356 2521 418 CONSCRIPTA.

3372 353 3520 418 3106

1710 494 1935 554 CAPUT
1966 494 2105 548 XVI.

787 620 851 675 In
880 621 1104 674 caritate
1131 635 1358 674 armeme
1390 620 1715 689 frumentum
1756 611 2078 682 multiplicat
2105 618 2153 663 et
2180 610 2268 663 diu
2305 616 2578 665 conservat
2621 608 2982 663 imminutum.

329 740 447 805 ρκη⁹
516 734 722 788 Ἐκεῖνο
770 733 826 786 δὲ
885 735 1001 797 πῶς
1051 734 1151 787 ούκ
1189 735 1338 799 ἄξιον
1382 735 1695 805 προσθεῖναι
1726 737 1835 794 τοῖς

2013 720 2133 775 128.
2170 719 2309 773 lllud
2345 733 2511 788 porro
2557 717 2651 789 qui
2700 718 2817 772 fieri
2849 723 3032 787 potest
3083 724 3144 770 ut
3192 716 3522 787 supradictis

250 827 601 896 είρημένοις;
634 824 715 877 ὅτι
750 825 883 894 μηδὲ
916 825 1097 895 ὀλίγου
1127 826 1257 879 ποτὲ
1320 826 1465 879 σίτου
1494 825 1572 896 τῷ
1600 825 1836 896 ταμιείῳ

251 917 354 987 τῆς
390 919 553 986 μονῆς
595 915 1079 986 ὑπολελειμμένου,
1111 916 1170 968 τὸ
1204 916 1302 985 μὲν
1339 916 1430 969 καὶ
1468 916 1601 984 πρὸς
1628 918 1687 969 τὸ
1714 933 1837 969 στε-

251 1011 346 1063 νὸν
382 1011 477 1079 τῆς
505 1009 786 1079 παρούσης
825 1010 874 1062 οἱ
922 1010 1161 1079 μαθηταὶ
1194 1010 1405 1079 διαίτης
1431 1010 1743 1080 ἀχθόμενοι,
1778 1010 1839 1062 τὸ

253 1103 310 1155 δὲ
358 1103 450 1154 καὶ
494 1102 629 1169 πρὸς
672 1102 733 1153 τὸ
776 1100 965 1170 μέλλον
996 1094 1106 1168 (οἷα
1145 1103 1257 1165 τοῖς
1296 1101 1652 1172 μικροψύχοις
1696 1101 1839 1170 φιλεῖ

259 1192 605 1260 συμϐαίνειν)
660 1192 918 1261 ὁρῶντες,
970 1190 1356 1259 προσελθόντες
1405 1192 1555 1262 αὐτῷ
1617 1193 1836 1261 πάντες,

254 1288 520 1352 τεσσαρες
555 1282 647 1334 ἐπὶ
683 1281 976 1352 τριάκοντα
1013 1282 1113 1352 ἤδη
1144 1282 1235 1335 τὸν
1265 1264 1496 1354 ἀριθμὸν
1531 1284 1704 1346 ὄντες,
1745 1283 1838 1345 οὒς

256 1373 367 1424 ἀπὸ
395 1374 666 1441 διαφόρων
707 1374 894 1426 ἰάσατο
943 1374 1128 1428 παθῶν
1168 1375 1201 1446 ἢ
1234 1374 1495 1445 πληγῶν,
1551 1374 1839 1446 ἐπιτρέψαι

258 1464 444 1526 αὐτοῖς
492 1464 677 1533 ἠξίουν
734 1464 1035 1534 λαμϐάνειν
1088 1462 1155 1515 τὰ
1204 1465 1644 1533 προσφερόμενα,
1685 1458 1841 1533 ἐφ’ᾧ

259 1555 514 1624 αὐτάρκη
542 1571 600 1607 τε
638 1554 702 1604 τὸ
740 1555 937 1624 παρὸν,
968 1554 1103 1608 ἀλλὰ
1132 1554 1224 1607 καὶ
1260 1554 1395 1625 πρὸς
1424 1556 1483 1607 τὸ
1512 1555 1704 1624 μέλλον
1740 1556 1840 1609 αὐ·

259 1649 377 1710 τοῖς
404 1643 543 1700 εἶναι
573 1649 638 1699 τὰ
665 1647 962 1715 ἀναγκαῖα,
996 1647 1157 1699 Ὥστε
1197 1646 1256 1698 σὲ
1301 1645 1395 1698 καὶ
1426 1646 1553 1709 τοὺς
1582 1647 1680 1716 τῆς
1705 1648 1841 1716 ἠμε-

260 1734 449 1802 τὲρας,
482 1734 636 1802 φασὶ,
673 1735 949 1806 σωτηρίας
982 1735 1207 1805 μισθοὺς
1248 1736 1599 1806 κομίσασθαι,
1642 1736 1728 1790 ἵνα
1766 1737 1838 1805 μὴ

261 1826 344 1894 τῷ
376 1825 514 1893 ἄγαν
545 1825 765 1896 σκληρῷ
800 1844 856 1879 τε
888 1830 983 1879 καὶ
1012 1828 1256 1897 ὲπιπόνῳ
1284 1832 1381 1898 τῆς
1418 1829 1563 1899 παρὰ
1588 1830 1670 1881 σοι
1693 1832 1841 1894 ἀγω-

262 1914 371 1981 γῆς
421 1916 829 1983 ὲκκακήσαντες
875 1915 1085 1968 ἐνθένδε
1128 1917 1566 1986 ἀπαναστῶμεν·
1608 1918 1693 1969 σοὶ
1733 1917 1843 1988 γὰρ

259 2000 408 2065 οἶδας
437 2006 516 2055 ὅτι
546 2006 640 2057 καὶ
666 2005 897 2074 σώματα
949 2006 1043 2059 καὶ
1091 2005 1271 2077 ψυχὰς
1294 2006 1498 2062 ἑαυτῶν
1518 2007 1839 2076 ἁνεθέμεθα.

1938 828 2050 867 non
2099 808 2573 880 adjungam?Non
2618 808 2723 862 nisi
2754 809 2983 877 exiguus
3027 805 3363 877 quandoque
3409 805 3527 861 fru-

1938 906 2109 961 menti
2135 918 2401 958 numerus
2430 903 2487 956 in
2516 902 2719 956 horreo
2747 902 3071 955 monasterii
3110 902 3358 970 reliquus
3384 907 3549 977 erat”

1937 1006 2063 1049 cum
2111 993 2365 1062 discipuli
2400 992 2596 1062 partim
2648 991 2719 1046 ob
2767 990 3055 1060 praesentis
3094 1006 3325 1044 annona:
3386 990 3527 1043 cari-

1942 1095 2107 1142 tatem
2161 1086 2345 1149 anxii,
2399 1083 2599 1152 partim
2636 1083 2703 1138 de
2751 1083 2941 1137 futuro
3001 1083 3101 1151 (uti
3159 1079 3527 1151 pusillanimis

1941 1182 2080 1238 solet
2122 1180 2404 1248 accidere)
2431 1178 2677 1244 solliciti,
2710 1184 3063 1232 accesserunt
3098 1176 3165 1229 ad
3201 1176 3526 1246 Symeonem

1941 1273 2104 1327 simul
2154 1287 2366 1336 omnes,
2414 1272 2523 1342 jam
2576 1278 2816 1340 quatuor
2869 1275 2925 1321 et
2989 1266 3213 1336 triginta
3270 1278 3527 1325 numero,

1942 1379 2177 1435 quorum
2205 1362 2593 1418 diversimodis
2627 1358 3055 1431 aegritudinibus
3093 1357 3530 1424 vulneribusque

1941 1454 2251 1509 medicatus
2298 1454 2390 1508 ille
2437 1453 2651 1517 fuerat;
2707 1450 3030 1521 ﬂagitabant
3075 1457 3259 1503 autem
3306 1447 3534 1501 faculta-

1944 1554 2054 1600 tem
2090 1545 2196 1603 sibi
2236 1543 2353 1598 ﬁeri
2393 1542 2700 1612 accipiendi
2728 1542 2841 1606 illa,
2872 1556 2994 1610 qua:
3027 1539 3439 1603 afferebantur;
3472 1545 3533 1591 ut

1942 1637 2211 1692 baberent
2257 1635 2403 1705 quod
2450 1633 2710 1704 przesenti
2740 1641 2796 1687 et
2830 1632 3031 1686 futurae
3070 1630 3386 1687 necessitati
3419 1628 3533 1684 suf-

1944 1726 2173 1781 ficeret:
2209 1725 2279 1781 Ut
2322 1725 2515 1780 salutis
2559 1738 2779 1794 quoque
2824 1733 3031 1777 nostra:
3062 1722 3395 1785 mercedem,
3449 1718 3534 1773 in-

1944 1817 2175 1886 quiunt,
2228 1825 2507 1885 reportes;
2574 1830 2645 1869 ne
2694 1814 2926 1868 nimium
2989 1829 3184 1869 severo
3225 1812 3531 1867 laborioso-

1946 1924 2054 1978 que
2074 1908 2221 1977 apud
2253 1917 2306 1962 te
2340 1906 2468 1961 vita:
2493 1905 2749 1961 instituto
2779 1907 3073 1960 exanimati
3105 1906 3235 1959 hinc
3281 1903 3535 1958 disceda-

1950 2014 2109 2053 mus:
2139 1998 2238 2052 tibi
2257 1998 2487 2067 quippe,
2520 2006 2580 2051 ut
2609 1997 2724 2065 ipse
2751 1997 2921 2062 nosti,
2960 2012 3192 2066 corpora
3242 1997 3453 2065 pariter
3480 2004 3538 2048 et

275 2096 341 2149 Ὁ
391 2097 446 2149 δὲ
491 2097 649 2166 πράῳ
682 2097 760 2167 τῷ
788 2096 929 2167 ἤθει,
961 2098 1248 2168 πραοτέρῳ
1289 2099 1344 2151 δὲ
1380 2100 1472 2152 καὶ
1515 2101 1846 2170 φρονήματι,

1952 2091 2164 2145 animas
2202 2101 2420 2145 nostras
2465 2092 2866 2146 commisimus.
2922 2088 3158 2143 Sanctus
3207 2098 3391 2141 autem
3444 2086 3539 2142 be-

264 2187 635 2259 μικροψυχίαν
678 2188 860 2249 αὐτοῖς
908 2188 1093 2258 ἡρέμα
1137 2190 1565 2259 προσονειδίσας,
1598 2187 1716 2245 εἶτα
1755 2194 1849 2245 καὶ

261 2279 346 2341 είς
369 2280 674 2349 ὑπόμνησιν
704 2280 861 2349 ἐνῆγε
890 2280 996 2332 τῶν
1030 2278 1122 2332 τοῦ
1162 2280 1298 2333 Θεοῦ
1334 2280 1671 2351 θαυμασίων,
1703 2284 1850 2345 ὅπως

264 2370 371 2439 μὲν
402 2371 451 2422 οἱ
494 2369 585 2422 τοῦ
614 2368 855 2439 Χριστοῦ
900 2368 1159 2438 μαθηταὶ,
1207 2369 1301 2423 τοῦ
1333 2371 1550 2439 πρώτου
1585 2373 1851 2440 Ποιμένος

263 2460 362 2515 καὶ
403 2459 754 2525 Διδασκαλου,
796 2460 872 2530 τῷ
918 2460 1027 2514 τῶν
1070 2459 1244 2529 ὄχλων
1276 2462 1471 2532 πλήθει
1499 2463 1629 2515 ποτὲ
1664 2464 1853 2532 δυσχε-

266 2552 545 2622 ραίνοντες
575 2548 708 2619 εἷεν,
739 2552 827 2607 διά
865 2569 924 2605 τε
954 2553 1054 2623 τὴν
1094 2553 1286 2622 ἄφιλον
1332 2554 1569 2625 ἐρημίαν
1612 2555 1847 2626 ἐκείνην,

264 2645 363 2698 καὶ
388 2644 485 2712 τὴν
520 2644 628 2696 τῶν
661 2643 843 2713 ἄρτων
874 2642 1083 2695 ἔνδειαν
1109 2661 1122 2675 ’
1160 2646 1307 2709 ὅπως
1361 2646 1418 2698 δὲ
1468 2644 1629 2699 πέντε
1666 2645 1851 2715 ἄρτοις

264 2734 428 2798 αὐτὸς
453 2734 735 2805 χορτάσειε
772 2737 1239 2808 πεντακισχιλίους
1269 2737 1486 2806 ἄνδρας,
1512 2737 1591 2789 ἔτι
1626 2738 1719 2790 καὶ
1748 2735 1851 2789 δὼ-

263 2827 402 2880 δεκα
445 2826 698 2895 κοφίνους
742 2827 946 2892 αὐτοῖς,
981 2829 1048 2881 τὰ
1086 2828 1501 2899 περισσεύματα
1521 2826 1632 2879 τῶν
1672 2827 1852 2897 ἄρτων

266 2916 702 2986 ὑπολιπόμενος·
738 2918 886 2980 ὅπως
919 2917 976 2970 δὲ
1010 2917 1172 2971 πάλιν
1214 2918 1400 2988 ἄρτοις
1440 2915 1577 2969 ἑπτὰ
1604 2916 1851 2986 κορέσειε

261 3008 757 3080 τετρακισχιλίους,
831 3008 961 3062 ἄνευ
1008 3008 1283 3078 γυναικῶν
1326 3010 1417 3061 καὶ
1453 3007 1700 3061 παιδίων.
1745 3006 1853 3060 Καὶ

263 3099 461 3171 νῦνίσὺ
505 3097 554 3152 εί
604 3099 789 3166 αὐτὸς,
836 3100 991 3171 φησὶ,
1033 3102 1062 3152 6
1108 3099 1373 3162 Βασιλεύς
1416 3116 1515 3169 μου
1541 3098 1635 3151 καὶ
1667 3099 1694 3149 6
1720 3097 1852 3159 Θεός

268 3170 398 3261 μου,
429 3189 485 3252 ὃς
520 3190 832 3244 ἐπιϐλέπων
862 3170 957 3243 est
978 3191 1078 3261 τὴν
1114 3191 1393 3261 ὑπομονὴν
1424 3190 1455 3259 ή
1466 3189 1604 3259 μῶν,
1632 3186 1849 3241 ἐπιϐλέ-

262 3283 394 3351 ςιεις
418 3283 511 3335 καὶ⁵
541 3284 600 3335 οὐ
628 3283 885 3353 παρόψει.
917 3283 989 3335 Σὺ
1019 3283 1126 3353 γὰρ
1154 3283 1241 3336 διὰ
1264 3284 1361 3352 τῆς
1387 3283 1481 3335 τοῦ
1510 3280 1604 3334 σοῦ
1637 3280 1855 3349 Προφή-

264 3390 366 3427 του
412 3375 681 3437 διδάσκεις
721 3392 786 3445 με
824 3375 1099 3445 γλώττης,
1157 3378 1278 3429 Οὐκ
1324 3374 1497 3428 ἔστιν
1519 3372 1848 3440 ὑστέρημα,

1952 2182 2119 2253 nigno
2141 2184 2317 2247 vultu,
2350 2182 2673 2252 benigniore
2730 2182 2895 2236 etiam
2943 2182 3150 2247 animo,
3182 2178 3541 2249 pusillanimi-

1952 2280 2117 2327 tatem
2180 2272 2315 2342 ipsis
2370 2272 2632 2341 paulatim
2684 2271 3048 2341 exprobrans,
3090 2271 3157 2325 ad
3214 2269 3537 2323 memoriam

1952 2363 2229 2417 revocavit
2255 2362 2531 2417 mirabilia
2557 2378 2586 2416 a
2618 2363 2731 2417 Deo
2751 2362 2993 2431 praestita
3016 2368 3216 2431 opera;
3259 2360 3539 2430 quomodo

1951 2470 2151 2525 nempe
2176 2454 2437 2524 discipuli
2462 2453 2689 2520 Christi,
2719 2454 2885 2524 primi
2907 2454 3152 2509 Pastoris
3172 2462 3337 2523 atque
3370 2451 3539 2523 Magi-

1953 2546 2075 2614 stri,
2116 2545 2296 2599 turbis
2327 2543 2626 2613 aliquando
2656 2544 3024 2613 sequentibus
3052 2554 3281 2614 propter
3309 2543 3541 2598 inamat-

1952 2649 2078 2688 nam
2111 2634 2469 2689 solitudinem
2497 2634 3074 2705 panumqueinopiam
3108 2634 3376 2705 indignati
3403 2634 3541 2687 fuis~

1953 2735 2115 2779 sent:
2148 2726 2427 2795 quomodo
2466 2734 2656 2780 autem
2704 2724 2963 2780 Christus
3013 2725 3261 2795 quinque
3301 2722 3543 2793 panibus

1954 2817 2183 2871 totidem
2210 2818 2498 2872 hominum
2524 2819 2697 2873 millia
2725 2833 2981 2889 pascens,
3018 2817 3315 2887 reliquerit
3371 2817 3542 2871 etiam

1953 2908 2246 2963 duodecim
2276 2910 2568 2978 cophinos,
2604 2911 2673 2964 iis
2701 2926 2823 2980 qum
2859 2910 3248 2965 redundabant
3282 2909 3540 2979 oppletis;

1952 3008 2009 3053 et
2032 3000 2313 3068 quomodo
2340 3014 2531 3054 rursus
2550 3010 2769 3069 septem
2802 3001 3041 3070 panibus
3068 3009 3304 3070 quatuor
3345 2999 3539 3064 millia,

1953 3092 2197 3161 exceptis
2238 3091 2462 3145 feminis
2490 3093 2815 3162 puerisque,
2873 3100 3197 3147 saturasset.
3255 3091 3395 3145 Tum
3453 3090 3542 3144 in-

1954 3181 2095 3250 quit,
2119 3181 2431 3235 Etiamnum
2462 3191 2519 3235 tu
2551 3185 2667 3251 ipse
2691 3196 2771 3246 es,
2796 3181 2913 3235 Rex
2946 3196 3105 3235 meus
3129 3180 3345 3235 etDeus
3364 3193 3541 3245 meus,

1955 3272 2048 3341 qui
2080 3272 2308 3341 respicis
2345 3273 2667 3343 patientiam
2694 3282 2961 3339 nostram,
3018 3272 3425 3342 respiciesque,
3486 3278 3544 3326 et

1957 3378 2068 3416 non
2126 3364 2421 3432 despicies.
2479 3364 2562 3418 Tu
2611 3364 2762 3418 enim
2826 3381 2925 3435 per
2985 3380 3047 3418 os
3102 3364 3395 3433 Propheta
3462 3362 3543 3417 tui

264 3465 555 3534 λεγούσης,
603 3422 755 3532 τοῖςΓ
780 3422 1175 3534 φοϐουμένοις
1228 3480 1320 3530 σε,
1363 3466 1459 3518 καὶ
1506 3466 1646 3529 τοὺς
1664 3422 1849 3529 1:01-

1959 3457 2125 3511 doces
2158 3473 2265 3521 me,
2291 3457 2563 3513 dicentis:
2589 3458 2710 3513 Non
2768 3469 2844 3512 est
2876 3460 3054 3528 inopia
3097 3459 3404 3511 timentibus
3451 3465 3544 3523 te;

265 3560 527 3624 τοῦν-τάς
576 3576 653 3613 σε
699 3559 989 3627 μηδαμῶς
1053 3558 1576 3624 ἐλαττωθήσεσθαι
1629 3554 1853 3620 παντὸς

266 3648 516 3717 ἀγαθοῦ.
543 3649 605 3700 Εἰ
642 3647 697 3700 δὲ
732 3648 806 3717 μὴ
833 3648 1003 3717 ταύτῃ
1031 3647 1178 3699 δοκεῖ
1220 3648 1312 3699 καὶ
1342 3648 1474 3716 ἡμῖν
1511 3646 1602 3717 [an
1638 3643 1850 3715 ὑμῖν’ἓ],

269 3737 657 3807 σπαράττομαι
693 3738 789 3807 μὲν
830 3737 928 3790 ὅσα
958 3737 1053 3789 καὶ
1085 3737 1267 3807 πατὴρ
1300 3737 1369 3789 τὰ
1405 3738 1707 3807 σπλάγχνα,
1744 3730 1886 3790 ὥσ-ί’

268 3845 381 3898 περ
399 3828 563 3891 εἰκὸς,
588 3829 680 3880 καὶ
701 3828 820 3881 λίαν
842 3828 991 3895 ἀλγῶ
1010 3828 1109 3899 τὴν
1129 3829 1419 3893 διάζευξιν.
1439 3829 1624 3897 Ὅμως
1647 3830 1854 3882 ἀνεῖται

270 3922 428 3975 πᾶσα
451 3920 577 3989 ὑμῖν
604 3920 742 3983 ὁδὸς,
768 3914 813 3973 ὦ
834 3920 997 3973 τέκνα
1021 3923 1113 3973 καὶ
1138 3920 1354 3989 ἀδελφοί
1372 3938 1383 3951 ·
1414 3920 1710 3990 πορευτέον
1730 3919 1857 3973 ἐκά-

272 4029 389 4083 στῳ
402 4012 597 4064 λοιπὸν
624 4013 690 4081 ἢν
717 4011 981 4080 βούλοιτο.

348 4105 489 4175 ρκθ’.
523 4103 664 4174 Πρὸς
695 4104 865 4157 ταῦτα
893 4103 1013 4156 δυσὶ
1044 4103 1239 4158 πάθεσι
1273 4103 1483 4167 τούτοις
1525 4105 1573 4157 ei
1607 4102 1852 4174 μαθηταὶ

271 4195 428 4264 φόὸῳ
462 4195 555 4246 καὶ
577 4194 721 4264 χαρᾷ
754 4193 1123 4263 μερισθέντες,
1152 4195 1213 4245 τὸ
1244 4194 1341 4261 μὲν
1392 4193 1481 4247 διὰ
1525 4193 1625 4264 τὴν
1674 4193 1853 4246 ἐπιτί-

273 4302 469 4355 μησιν,
496 4287 557 4337 τὸ
582 4286 639 4337 δὲ
670 4286 764 4336 καὶ
786 4286 885 4347 τὰς
917 4284 1291 4354 χρηστοτέρας
1318 4284 1675 4353 ἐπαγγελίας,
1700 4284 1856 4337 αὐτοὶ

274 4378 381 4449 μὲν
430 4377 560 4444 γόνυ
617 4376 933 4442 κλίναντες,
996 4374 1239 4429 αἰτοῦσιν
1293 4376 1454 4438 εὐθὺς
1505 4377 1856 4445 συγχώρησιν

272 4472 375 4525 καὶ
406 4470 775 4538 λαμϐάνουσιν
807 4486 824 4502 ο
856 4472 884 4522 6
917 4469 974 4523 δὲ
1004 4469 1095 4522 τὸν
1126 4468 1356 4538 ἀδελφὸν
1389 4468 1673 4522 Ἀντώνιον
1698 4468 1859 4522 καλέ-

274 4579 377 4624 σας
410 4554 583 4633 (οὗτος
609 4562 718 4632 γὰρ
739 4556 807 4632 ἦν
852 4563 881 4613 6
935 4561 1027 4613 ἐπὶ
1080 4560 1173 4614 τοῦ
1236 4560 1460 4623 σιτῶνος
1496 4559 1852 4630 τεταγμένος)

273 4653 585 4717 ἐκέλευσεν,
628 4652 681 4704 εἴ
709 4651 811 4704 πού
860 4668 1004 4714 τινες
1025 4654 1081 4704 ὲν
1111 4652 1261 4720 αὐτῷ
1288 4653 1477 4705 κόκκοι
1505 4646 1635 4718 εἷεν,
1671 4650 1856 4702 συλλέ⁶

1954 3555 2003 3600 et
2028 3548 2356 3617 inquirente:
2387 3557 2437 3601 te
2457 3565 2556 3602 non
2574 3551 2882 3603 minuentur
2931 3552 3078 3603 omni
3116 3550 3247 3604 bona
3286 3550 3351 3602 ".
3384 3547 3544 3621 Quod

1955 3640 2000 3691 si
2032 3639 2188 3693 vobis
2240 3654 2461 3709 quoque
2502 3641 2576 3695 ita
2614 3656 2737 3696 esse
2789 3657 2901 3696 non
2958 3642 3235 3706 videatur,
3266 3642 3545 3695 Iacerarer

1956 3744 2062 3782 non
2080 3728 2241 3783 aliter
2266 3745 2429 3798 quam
2460 3740 2617 3799 pater
2641 3732 2948 3787 visceribus
2976 3734 3135 3797 meis,
3156 3741 3217 3786 ut
3238 3747 3339 3801 par
3361 3740 3467 3797 est,
3486 3740 3546 3788 et

1955 3837 2219 3891 perquam
2244 3824 2438 3877 acerba
2464 3823 2598 3876 mihi
2624 3826 2899 3893 separatio
2926 3826 3106 3880 futura
3135 3835 3301 3880 esset.
3333 3824 3546 3881 Nihilo-

1955 3914 2139 3968 minus
2160 3916 2307 3968 nulla
2334 3916 2489 3970 vobis
2512 3916 2812 3973 interclusa
2832 3920 2918 3972 via
2946 3927 3050 3984 est,
3076 3919 3171 3971 lilii
3195 3919 3502 3989 fratresque
3525 3935 3542 3986 ;

1955 4007 2117 4061 abeat
2152 4008 2387 4078 quisque
2414 4025 2523 4079 quo
2578 4008 2767 4064 animo
2818 4012 3122 4065 collibitum
3156 4026 3256 4066 suo
3283 4011 3475 4065 fuerit.

2028 4101 2149 4155 129.
2186 4103 2283 4157 liis
2310 4103 2544 4166 auditis,
2569 4105 2789 4174 gemino
2809 4104 3001 4175 agitati
3033 4104 3237 4159 aﬂertu
3261 4103 3543 4174 discipuli,

1958 4190 2173 4247 timoris
2214 4193 2409 4261 altero,
2458 4195 2636 4249 altero
2687 4195 2894 4265 gaudii,
2947 4195 3044 4249 illo
3079 4195 3150 4249 ob
3207 4195 3546 4264 increpatio-

1956 4301 2104 4352 nem,
2136 4285 2241 4340 hoc
2267 4286 2339 4340 ob
2363 4287 2759 4356 promissiones
2799 4287 3084 4357 benignas,
3112 4296 3345 4341 curvant
3368 4300 3547 4357 genua

1959 4392 2023 4431 ac
2042 4375 2257 4430 veniam
2283 4377 2653 4447 deprecantur
2685 4391 2741 4432 et
2773 4379 3091 4447 impetrant.
3128 4378 3367 4449 Symcon
3412 4393 3547 4433 vero

1961 4465 2191 4520 fratrem
2252 4466 2558 4521 Antonium
2632 4466 2783 4537 (erat
2837 4467 2886 4520 is
2940 4482 2971 4520 a
3034 4481 3095 4519 re
3148 4466 3547 4535 frumentaria)

1958 4557 2250 4612 advocavit
2307 4559 2607 4629 iussitque,
2660 4558 2704 4611 si
2752 4572 2861 4627 qua
2916 4572 3085 4628 grana
3152 4566 3545 4627 superessent,

1963 4648 2197 4703 collecta
2232 4649 2300 4703 ad
2330 4666 2389 4703 se
2414 4649 2640 4704 atierre.
2670 4649 2766 4703 llle
2789 4659 2914 4719 post
2943 4649 3193 4703 sedulam
3226 4648 3547 4719 inquisitio-

275 4748 447 4813 ξαντα
478 4745 612 4816 πρὸς
641 4744 801 4797 αὐτὸν
852 4744 1117 4811 ἐνεγκεῖν.
1150 4743 1257 4795 Τοῦ
1286 4743 1343 4796 δὲ
1394 4743 1589 4814 κομιδῇ
1638 4728 1849 4807 ὀλίγους

1962 4754 2087 4793 nem
2111 4740 2346 4808 paucula
2368 4738 2617 4809 quaedam
2651 4739 2875 4793 inventa
2906 4740 3161 4794 manibus
3191 4739 3257 4792 ad
3286 4754 3545 4809 magnum

274 4835 552 4906 εὑρόντος,
590 4838 669 4895 είς
700 4835 888 4904 χεῖράς
924 4850 983 4885 τε
1014 4832 1092 4901 τῷ
1123 4832 1343 4903 μεγάλῳ
1389 4833 1735 4902 κομίσαντος,
1769 4832 1851 4893 είς

273 4926 506 4994 οὐρανὸν
558 4924 807 4993 ἀνασχὼν
849 4927 1074 4992 ἐκεῖνος,
1114 4925 1172 4977 'U
1199 4926 1328 4987 Θεὸς
1356 4928 1383 4978 6
1432 4924 1851 4994 παντοκράτωρ,

276 5011 453 5078 εἶπεν,
479 5016 507 5066 6
539 5012 719 5076 διδοὺς
750 5016 809 5066 ού
869 5016 1095 5083 κτήνεσι
1150 5016 1331 5084 μόνον,
1388 5015 1510 5067 οὐδὲ
1538 5016 1651 5077 τοῖς
1698 5030 1853 5066 νεοσ-

276 5108 396 5165 σοῖς
435 5106 540 5158 τὼν
572 5108 825 5177 κοράκων
858 5109 968 5169 τοῖς
997 5097 1451 5176 ἐπικαλουμένοις
1486 5124 1568 5171 σε,
1595 5106 1731 5159 ἀλλὰ
1762 5105 1857 5157 καὶ

276 5198 429 5267 πάσῃ
487 5198 651 5267 σαρκὶ
677 5196 881 5268 τροφὴν
915 5198 1118 5262 αὐτῶν,
1154 5200 1182 5250 6
1211 5199 1301 5251 διὰ
1334 5199 1618 5268 σπλάγχνα
1650 5201 1859 5267 οἰκτιρ-

279 5289 401 5359 μῶν
433 5306 547 5351 σου,
575 5289 603 5339 6
630 5288 715 5341 διὰ
762 5289 964 5359 πνλλὴν
1020 5290 1255 5343 ἄϐυσσον
1301 5290 1402 5360 τῆς
1442 5290 1859 5360 φιλανθρωπίας

279 5398 378 5433 σου
419 5381 604 5451 ἄρτοις
645 5380 850 5448 ὀλίγοις
893 5380 1134 5450 χιλιάδας
1169 5383 1420 5451 κορέτας,
1454 5381 1616 5442 αὐτὸς
1644 5381 1737 5432 καὶ
1768 5379 1857 5431 τὸν

279 5474 488 5540 βραχὺν
522 5470 709 5523 τοῦτον
739 5470 1010 5537 πλήθυνον
1043 5473 1211 5536 σῖτον,
1247 5474 1325 5535 εἰς
1390 5471 1545 5535 δόξαν
1600 5469 1859 5532 αἱνέσεώς

278 5581 398 5621 σου,
430 5564 508 5626 είς
544 5564 893 5633 εὐχαριστίαν
926 5564 1056 5617 λαοῦ
1091 5582 1205 5631 σου,
1254 5566 1333 5627 είς
1383 5562 1856 5635 μεγαλοπρέπειαν

274 5654 372 5707 τοῦ
404 5653 663 5723 ὀνόματός
693 5672 806 5708 σου.

346 5766 389 5797 ⁸⁸
434 5766 573 5820 l’sal.
618 5782 799 5830 xum,
864 5768 943 5820 ll.

1964 4830 2181 4888 Patrem
2211 4831 2551 4900 apportavit:
2576 4831 2672 4900 qui
2708 4831 2761 4884 in
2793 4831 2994 4886 emtum
3013 4832 3206 4885 oculos
3230 4830 3544 4887 intendens:

1962 4921 2129 4987 Deus,
2159 4922 2361 4992 inquit,
2394 4923 2766 4993 omnipotens,
2796 4926 2890 4993 qui
2928 4940 3039 4978 non
3065 4934 3276 4977 tantum
3327 4925 3551 4997 jumen-

1964 5015 2036 5069 tis
2087 5016 2362 5085 pullisque
2414 5031 2705 5070 eorvormn
2765 5017 3151 5072 invocantibus
3175 5027 3246 5082 te,
3277 5017 3372 5071 sed
3399 5021 3549 5073 omni

1966 5105 2134 5160 etiam
2190 5106 2340 5159 carni
2390 5106 2487 5161 das
2539 5122 2723 5162 escam
2779 5122 2964 5175 suam;
3030 5108 3123 5178 qui
3172 5123 3273 5176 per
3334 5111 3548 5167 visz‘eru

1964 5194 2360 5250 misericordiae
2388 5206 2515 5261 tum,
2534 5211 2633 5267 per
2661 5197 2891 5251 multam
2918 5198 3188 5253 bonitatis
3230 5204 3336 5251 tua:
3391 5199 3550 5268 abys~

1961 5302 2105 5349 sum.
2135 5289 2386 5358 pauculis
2412 5290 2649 5359 panibus
2681 5291 2942 5345 saturasti
2995 5290 3285 5344 hominum
3336 5290 3505 5343 millia
3533 5307 3546 5346 :

1963 5378 2081 5433 base
2101 5395 2324 5449 quoque
2355 5396 2528 5450 pauca
2557 5381 2825 5436 frumenti
2854 5382 3082 5454 granula
3143 5364 3449 5451 multiplica
3479 5381 3549 5437 ad

1971 5472 2205 5543 gloriam
2235 5474 2439 5539 laudis,
2460 5475 2525 5528 ad
2550 5474 2846 5543 gratiarum
2892 5476 3167 5532 actionem
3230 5472 3443 5545 populi,
3478 5471 3549 5528 ad

1968 5564 2313 5635 majestatcm
2344 5565 2582 5621 nominis
2631 5566 2733 5621 tui.
