4078 6332
642 350 777 417 3111

1818 346 1877 405 S.
1915 340 2291 403 SYMEONIS
2328 333 2686 399 IUNIORIS

3755 326 3894 393 311?.

638 472 847 527 essent,
894 458 1182 523 enuntiat;
1244 470 1308 511 ac
1344 456 1715 527 precationem
1776 470 1901 509 cum
1950 452 2206 524 lacrymis

2318 447 2489 517 ιρύων
2521 446 2726 508 αὐτοῖς,
2754 442 2811 496 τὸ
2849 442 3006 512 μόνον
3041 441 3222 513 ἰσχύον
3245 443 3387 498 κατὰ
3411 444 3510 514 τῆς
3541 444 3696 506 θείας
3726 448 3879 498 ἀπει-

640 555 859 617 indieit,
899 552 1077 607 solum
1106 565 1307 618 nempe
1342 548 1607 602 adversus
1650 546 1861 599 divinas
1905 544 2205 599 commina-

640 646 818 699 tiones
846 642 1175 703 remedium,
1222 650 1281 694 ut
1314 641 1485 694 Deum
1514 637 1619 691 sibi
1668 637 1967 707 propitium
2010 637 2207 691 redde-

639 745 783 791 rent.
831 735 970 788 Dum
1030 734 1109 787 illi
1161 748 1287 787 mox
1349 730 1562 784 fructus
1630 729 1965 799 paenitentia:
2012 729 2207 798 dignos

640 827 849 881 faciunt
876 822 1302 889 contritionique
1320 819 1625 889 indulgent,
1647 821 1938 877 miseratus
1968 818 2208 889 Symeon

642 915 909 984 lacrymas
947 911 1013 964 ad
1050 911 1224 963 Deum
1256 907 1514 970 effundit,
1545 906 1813 976 lacrymas
1846 905 2205 973 multiplicem

639 1003 841 1057 elicere
870 1002 1009 1055 coelo
1042 998 1476 1053 misericordiam
1493 997 1767 1051 valentes:
1798 1005 1909 1049 tum
1932 996 2209 1050 modicum

641 1094 773 1164 quid
805 1092 1068 1147 frumenti
1103 1107 1169 1144 ex
1196 1091 1398 1157 horreo
1423 1089 1644 1142 allatum
1685 1103 1849 1140 manu
1902 1087 2207 1156 excipiens,

642 1193 807 1251 atque
839 1181 906 1235 ad
962 1194 1183 1234 manum
1236 1178 1328 1231 Dei
1380 1191 1692 1245 supremam
1727 1176 2051 1245 respiciens,
2082 1175 2208 1228 inde

642 1272 1084 1328 benedictionem
1118 1269 1375 1338 precibus
1408 1267 1721 1333 accersivit,
1755 1284 1876 1339 quae
1900 1283 2025 1322 cum
2083 1283 2211 1337 ape-

642 1365 804 1427 ritur,
863 1361 1004 1415 solet
1060 1375 1223 1413 omne
1278 1358 1479 1412 animal
1537 1358 1789 1427 implere.
1851 1357 2207 1412 Frumentum

643 1460 827 1508 autem
861 1450 916 1521 (ο
940 1448 1260 1502 inusitatam
1298 1447 1722 1516 agriculturam!
1751 1449 1795 1499 o‘
1816 1445 2029 1500 semina
2082 1459 2208 1498 ora-

643 1541 831 1605 tionis,
899 1540 1138 1594 fertilem
1192 1553 1413 1607 quoque
1470 1547 1674 1591 terram
1707 1537 2031 1592 fertiliorem
2083 1535 2214 1589 reda

2316 539 2411 609 λῆς
2468 538 2780 606 φάρμακον,
2818 533 2958 586 ὥστε
3004 533 3375 608 διαλλαγῆναι³
3403 535 3591 605 φησιν,
3622 524 3781 605 ’ἡμῖν
3802 535 3894 588 τὸν

2316 632 2463 685 Θεὸν.
2502 630 2544 681 Τ
2549 628 2624 681 ὧν
2646 629 2701 681 δὲ
2740 627 3027 697 μετάνοιαν
3057 626 3222 691 ἀξίως
3251 626 3410 691 εὐθὺς
3442 626 3893 697 ἐπιδειξαμένων,

2318 722 2657 791 συναλγήσας
2674 718 2850 773 αὐτῶν
2863 721 2928 788 τῇ
2948 718 3225 791 συντριϐῇ,
3247 718 3340 773 καὶ
3367 719 3579 786 δάκρυα
3600 720 3745 788 πρὸς
3763 718 3893 771 Θεὲν

2315 815 2509 885 ἐκχέας
2553 814 2619 866 τὰ
2656 813 2822 865 πολὺν
2879 810 3086 864 ἐκεῖθεν
3143 811 3321 864 ἕλκειν
3363 811 3642 880 δυνάμενα
3669 808 3892 882 [Eheu],

2319 903 2462 957 σῖτόν
2489 917 2548 951 τε
2573 900 2774 969 βραχὺν
2794 901 2856 951 ὲκ
2875 898 2969 951 τοῦ
2993 898 3214 961 σιτῶνος
3233 900 3560 971 κομισθέντα
3580 899 3763 952 λαϐὼν
3777 901 3895 961 ταῖς

2316 994 2495 1063 χερσὶ,
2539 994 2634 1045 καὶ⁸
2700 991 2835 1063 πρδς
2873 992 3031 1060 χεῖρα
3078 990 3237 1043 πάλιν
3298 992 3459 1054 αὐτὸς
3506 992 3606 1061 τὴν
3678 990 3897 1060 ὑψηλὴν

2321 1087 2463 1151 ἰδὼν,
2496 1084 2593 1153 τὴν
2620 1082 2678 1147 ἐξ
2701 1083 2868 1151 αὐτῆς
2896 1082 3169 1150 ἐπηύξατο
3210 1081 3479 1145 εὐδοκίαν,
3510 1084 3544 1151 ἥ
3576 1084 3686 1134 πᾶν
3720 1083 3897 1150 εμπι-

2316 1176 2455 1249 πλᾷν
2504 1174 2610 1228 οἶδε
2642 1172 2781 1237 ζῶον
2816 1174 3143 1243 ἀνοιγομένη
3163 1188 3176 1201 ·
3213 1175 3305 1225 καὶ
3332 1175 3359 1225 ὁ
3386 1177 3530 1236 σῖτος
3563 1172 3631 1244 (ὣ
3658 1171 3899 1242 παραδιο-

2316 1266 2406 1331 εου
2436 1268 2706 1336 γεωργίας
2733 1268 2746 1321 l
2779 1266 2825 1319 ὣ
2855 1264 3186 1336 σπερμᾶτων
3213 1266 3380 1336 εὐχῆς
3408 1268 3508 1320 καὶ
3542 1268 3647 1337 γῆν
3677 1266 3898 1335 ἀγαθὴν

2317 1360 2395 1421 εις
2444 1358 2773 1429 γονιμᾶτητα
2834 1357 3137 1427 παριούσης
3175 1357 3453 1427 1)ηὗξετο,
3487 1358 3653 1428 μέχρι
3694 1354 3896 1409 πολλοῦ

2316 1449 2437 1509 ταῖς
2473 1448 2682 1518 χρείαις
2718 1447 2966 1517 ἀφθόνως
3013 1447 3322 1518 ὑπηρετῶν,
3356 1450 3453 1500 καὶ
3518 1445 3661 1519 μηδ’,
3714 1445 3898 1501 ὁτιοῦν

2323 1538 2547 1592 ὲλαττού
2557 1555 2739 1608 μενος.

640 1630 827 1687 dentis
858 1633 895 1700 l)
965 1630 1263 1701 plurimum
1315 1642 1652 1698 augescens,
1709 1628 1763 1681 in
1817 1628 2197 1699 longissimum
2238 1636 2456 1700 tempus
2508 1630 2633 1685 usui
2692 1630 2972 1686 communi
3040 1630 3514 1687 abundantissime
3566 1628 3897 1693 sufﬁciebat,

644 1737 823 1794 neque
854 1722 1134 1777 minimam
1169 1729 1377 1789 partem
1406 1719 1776 1773 minuebatur.

2084 1828 2311 1884 CAPUT
2342 1828 2505 1883 XVII.

1588 1942 1756 1996 trmat
1800 1957 1922 1995 suos
1966 1951 2151 1995 contra
2180 1942 2443 1996 dwmones
2490 1942 2642 1994 varia
2672 1940 2964 1997 molientes.

721 2066 841 2121 l35.
874 2064 1167 2133 Aliquanto
1187 2073 1312 2133 post
1336 2063 1497 2117 aliam
1522 2078 1712 2117 rursus
1736 2062 1901 2117 habet
1923 2063 2212 2128 visionem,

2390 2064 2520 2133 ρλε’.
2568 2058 2833 2132 Ἑωράκει
2882 2062 3021 2132 μετὰ
3084 2063 3276 2133 χρόνον
3325 2063 3450 2117 τινὰ
3504 2064 3669 2118 πάλιν
3714 2064 3843 2134 ὄψιν
3870 2067 3899 2118 6

643 2172 767 2226 quae
785 2156 963 2209 virum
989 2169 1127 2225 pene
1146 2154 1492 2207 exanimabat
1515 2170 1526 2204 :
1550 2152 1755 2206 coactis
1772 2153 1825 2206 in
1845 2168 2015 2207 unum
2034 2152 2217 2206 fratri-

644 2248 786 2302 bus:
824 2245 996 2309 State,
1028 2245 1226 2313 inquit,
1261 2254 1319 2298 ut
1369 2258 1669 2315 generosos
1708 2234 1889 2309 decet,
1946 2244 2215 2298 adversus

646 2336 1030 2406 impendentes
1062 2335 1435 2389 tcntationes:
1490 2336 1744 2404 permisit
1786 2335 1990 2403 quippe
2033 2332 2218 2387 Domi-

644 2441 750 2480 nus
781 2440 874 2479 vos
900 2423 1119 2487 tentari,
1147 2431 1206 2476 ut
1234 2432 1290 2477 et
1339 2423 1716 2491 splendidiore
1774 2436 1872 2476 vos
1911 2421 2218 2476 circumdet

645 2516 1108 2571 corona.Librum
1128 2515 1293 2584 igitur
1306 2514 1408 2569 Job
1438 2515 1743 2584 praphette,
1762 2529 1830 2568 ex
1858 2529 1967 2584 quo
1987 2520 2218 2567 noverat

646 2608 781 2677 ipsis
814 2616 870 2661 et
899 2606 1253 2660 tolerantiam
1288 2621 1506 2672 augere,
1558 2616 1616 2660 et
1664 2621 1917 2672 supernas
1967 2605 2217 2659 consola-

646 2699 814 2752 tionis
863 2711 1014 2765 spem
1045 2696 1428 2760 corroborare,
1454 2695 1507 2749 in
1548 2710 1743 2749 manus
1768 2697 1944 2765 capit:
1969 2695 2211 2748 indicto-

646 2804 753 2859 que
804 2787 1018 2842 cunctis
1064 2786 1284 2840 silentio
1342 2796 1505 2855 atque
1556 2787 1882 2847 attentione,
1956 2800 1987 2839 a
2034 2783 2213 2853 capite

645 2895 806 2935 orsus
828 2879 894 2932 ad
930 2879 1134 2933 calcem
1173 2890 1349 2946 usque
1377 2877 1579 2931 librant
1615 2875 1941 2946 explicando
1974 2875 2213 2929 evolvit:

646 2972 825 3026 sicubi
855 2985 985 3023 vero
1024 2968 1288 3038 quiddam
1317 2969 1681 3038 proverbialis
1731 2966 1976 3022 notionis
2019 2981 2217 3020 occur-

646 3068 817 3123 reret,
848 3059 901 3112 id
928 3067 983 3113 et
1007 3057 1251 3127 penitius
1286 3057 1643 3119 tenucleabat,
1678 3065 1734 3110 et
1779 3056 2042 3109 latentem
2068 3053 2122 3107 in
2152 3068 2219 3108 eo

645 3166 871 3205 sensum
947 3149 1178 3217 spiritus
1254 3150 1434 3217 ipsum
1509 3146 1871 3201 illuminantis
1928 3144 2220 3213 splendore

646 3238 995 3301 illustrabat;
1033 3236 1365 3306 tandemque
1390 3237 1834 3290 adhortationem
1866 3251 1933 3289 ex
1956 3233 2220 3303 Apostolo

646 3326 931 3381 commode
990 3325 1376 3389 concludebat,
1440 3326 1520 3379 sic
1554 3318 1812 3395 inquiens
1846 3342 1859 3378 :
1895 3322 2216 3386 Audivistis,

645 3422 778 3492 quid
793 3422 896 3476 Job
914 3422 1276 3487 sustinuerit;
1308 3429 1363 3475 et
1389 3392 1722 3490 cognovistis
1738 3434 1903 3488 quem
1932 3416 2215 3471 sibifinem
2244 3392 2287 3452 ο

650 3514 913 3569 Dominus
943 3511 1199 3565 habuerit
1223 3510 1505 3580 praeﬁxum
1533 3527 1545 3562 :
1579 3508 1725 3563 State
1766 3509 1928 3577 igitur
1970 3506 2219 3559 succincti

647 3606 847 3657 lumbos
876 3614 1073 3657 vestros
1102 3604 1156 3656 in
1190 3604 1411 3655 veritate
1436 3612 1483 3654 et
1510 3599 1735 3654 calceati
1765 3599 1918 3670 pedes
1951 3600 2005 3652 in
2037 3598 2220 3652 Evan-

645 3695 779 3767 gelia
813 3696 975 3764 pacis,
1003 3696 1056 3748 in
1078 3694 1317 3750 omnibus
1345 3702 1605 3747 sumentes
1627 3700 1832 3745 scutum
1864 3691 2007 3759 ﬁdei.
2030 3691 2084 3742 in
2114 3705 2217 3759 quo

645 3786 851 3855 possitis
875 3784 979 3836 tela
1020 3785 1320 3853 nequissimi
1346 3785 1501 3852 ignea
1520 3784 1844 3852 exstinguere
1862 3783 1929 3832 ".
1958 3780 2218 3834 Existimo

648 3877 784 3928 enim
819 3875 956 3943 quod
983 3890 1084 3926 non
1105 3882 1229 3926 sunt
1276 3874 1546 3943 condigna:
1577 3875 1843 3942 passiones
1874 3873 2029 3943 hujus
2084 3879 2216 3923 tem-

646 3966 787 4035 poris
809 3965 877 4017 ad
898 3966 1134 4033 futuram
1158 3963 1385 4033 gloriam
1412 3980 1528 4033 quae
1554 3962 1871 4016 revelabitur
1894 3963 1949 4015 in
1970 3962 2113 4014 nobis
2130 3962 2174 3992 "
2200 3978 2213 4015 :

644 4058 699 4110 id
725 4056 864 4109 enim
901 4055 1041 4125 quod
1068 4056 1123 4106 in
1160 4056 1405 4123 pra‘senti
1436 4063 1512 4107 est
1542 4063 1965 4108 momentaneum
1992 4052 2216 4104 tribula-

638 4147 800 4199 tionis
824 4155 1037 4208 nostra},
1075 4161 1239 4215 supra
1264 4145 1478 4197 modum
1533 4146 1585 4197 in
1611 4145 1931 4197 sublimitate
1962 4153 2218 4197 cateruam

643 4236 827 4308 gloria:
854 4237 1055 4305 pondus
1091 4243 1342 4305 aperatur
1379 4237 1432 4289 in
1492 4236 1667 4288 nobis:
1712 4252 1816 4288 non
1855 4233 2217 4303 contemplan-

645 4326 780 4378 tibus
814 4326 959 4378 nobis
1026 4341 1141 4394 qua:
1187 4326 1448 4388 videntur,
1506 4324 1595 4377 sed
1638 4340 1753 4393 quis
1802 4340 1905 4377 non
1944 4323 2217 4377 uidentur:

644 4418 919 4487 quwenim
984 4417 1251 4474 videntur,
1311 4414 1628 4485 temporalia
1681 4427 1842 4479 sunt;
1884 4430 2001 4484 qum
2044 4422 2218 4465 autem

644 4522 750 4563 non
762 4507 1032 4571 sidentur,
1055 4514 1251 4560 wterna
1268 4506 1336 4560 “.

714 4784 834 4840 156.
862 4784 961 4839 llis
980 4782 1144 4837 dictis
1170 4796 1237 4835 ex
1255 4782 1364 4836 imo
1385 4781 1550 4836 corde
1573 4781 1809 4852 graviter
1832 4780 2213 4851 ingemiscens,

641 4875 909 4946 lacrymas
938 4889 1156 4943 quoque
1184 4872 1497 4927 admiscens
1525 4872 1839 4943 gemitibus,
1863 4856 2104 4938 Fratres,
2135 4872 2218 4925 in-

640 4964 784 5033 quit,
838 4971 1053 5032 tempus
1099 4963 1344 5016 certandi
1390 4970 1474 5016 est
1526 4978 1537 5012 :
1595 4962 1812 5032 vigilate
1861 4960 2064 5030 itaque,
2116 4976 2220 5017 nec

643 5056 809 5112 lateat
855 5067 1187 5123 quemquam
1242 5052 1514 5115 diabolus,
1563 5053 1657 5121 qui
1698 5051 2075 5105 fraudulenter
2123 5068 2221 5107 vos

644 5155 817 5200 tentat
864 5143 1291 5199 circumvenire.
1352 5132 1537 5199 Nostis
1583 5143 1785 5213 quippe
1826 5144 1971 5213 quod
2024 5145 2220 5200 domus

644 5236 985 5291 tabernaculi
1031 5237 1230 5301 nostri,
1266 5251 1388 5305 quae
1431 5250 1599 5305 super
1631 5243 1829 5289 terram
1866 5243 1969 5301 est,
2018 5235 2215 5289 dissol-

640 5327 817 5381 venda
854 5327 958 5392 sit;
988 5327 1084 5381 sed
1118 5327 1301 5392 aliam,
1346 5342 1457 5380 non
1495 5325 1885 5391 manufaetam,
1914 5328 2211 5396 repositam

642 5418 913 5473 habemus
964 5420 1016 5471 in
1051 5420 1204 5474 cmlis
1258 5435 1394 5482 nos,
1445 5420 1537 5489 qui
1586 5419 1933 5472 ambulamus
1984 5420 2037 5472 in
2094 5419 2212 5489 lege

638 5508 879 5574 Domini,
919 5511 1262 5579 praeferentis
1293 5511 1547 5565 cordibus
1601 5510 1805 5565 nostris
1853 5511 2036 5564 lumen
2070 5512 2211 5581 ejus,

636 5600 783 5671 quod
829 5618 1048 5671 gressus
1093 5611 1309 5655 nostros
1355 5603 1554 5672 dirigat
1601 5601 1669 5655 ad
1724 5617 1780 5655 se
1841 5601 2072 5670 Hujusce
2110 5602 2211 5655 do-

705 5733 749 5762 "
789 5736 984 5803 Ephcs.
1038 5754 1109 5800 γι,
1161 5736 1345 5790 14-18.

2318 2152 2565 2220 Συμεὼν,
2609 2150 2679 2204 τὰ
2709 2151 2765 2204 δὲ
2794 2151 3028 2221 ὀφθέντα
3067 2154 3167 2223 τὴν
3217 2152 3384 2206 αὐτοῦ
3432 2153 3609 2223 ψυχὴν
3657 2154 3898 2223 ἀθυμίας

2319 2242 2558 2311 ἐπλήρου
2588 2259 2602 2273 ο
2668 2243 2762 2295 καὶ
2816 2243 3155 2309 συγκαλέσας
3214 2244 3342 2306 τοὺς
3405 2243 3675 2313 μαθητὰς,
3724 2245 3896 2315 Στῆτε

2318 2333 2601 2399 γενναίως,
2626 2331 2867 2399 ἀδελφοὶ,
2901 2334 3039 2402 πρὸς
3072 2334 3194 2395 τοὺς
3241 2333 3534 2402 μέλλοντας
3589 2335 3896 2402 ἐπάγεσθαι

2321 2424 2686 2492 πειρασμοὺς,
2715 2422 2820 2493 ἔφη
2906 2422 3295 2495 συγκεχώρηκε
3328 2425 3435 2494 γὰρ
3472 2426 3501 2478 ὀ
3531 2425 3737 2496 Κύριος
3772 2444 3897 2479 πει-

2325 2512 2591 2585 ρασθῆναι
2646 2514 2812 2583 ὑμᾶς,
2853 2514 2940 2568 ῐνα
2973 2515 3069 2568 καὶ
3114 2515 3495 2585 λαμπρότερον
3538 2517 3893 2589 στεφανὼσῃ.

2319 2602 2399 2655 Τὰ
2435 2602 2579 2655 κατὰ
2628 2602 2719 2656 τὸν
2763 2601 2880 2655 Ἰὼϐ
2923 2604 3105 2657 τοίνυν
3139 2602 3318 2659 λαδὼν
3344 2604 3490 2677 (ὅθεν
3537 2606 3724 2669 αὐτοῖς
3782 2607 3893 2678 ⁴ῇδει

2318 2695 2412 2747 καὶ
2457 2696 2557 2764 τὴν
2612 2694 2890 2765 ὑπομονὴν
2940 2696 3226 2761 ἐπιτεῖναι,
3261 2700 3357 2751 καὶ
3411 2699 3508 2769 τὴν
3563 2697 3759 2765 uersa
3796 2701 3893 2770 τῆς

2318 2786 2523 2841 ἄνωθεν
2566 2787 2962 2857 παρακλήσεως
2991 2789 3345 2859 ἐπιρρῶσαι),
3380 2793 3475 2843 καὶ
3515 2791 3683 2844 πᾶσιν
3710 2794 3894 2856 aurei;

2321 2876 2477 2947 σιγὴν
2519 2876 2655 2945 ὁμοῦ
2686 2876 2781 2929 καὶ
2814 2878 3088 2948 προσοχὴν
3139 2881 3542 2950 παραγγείλας,
3567 2884 3632 2934 ὲκ
3702 2900 3891 2953 atposs-

2322 2968 2460 3039 μιων
2509 2967 2671 3031 εὐθὺς
2717 2967 3042 3038 ἀρξάμενος,
3073 2970 3201 3041 ἄχρι
3239 2972 3429 3036 τέλους
3454 2975 3639 3037 αὐτοῖς
3690 2976 3893 3046 διεξῄει

2318 3058 2416 3128 τὴν
2453 3056 2632 3127 βίϐλον
2656 3078 2670 3092 ι
2708 3059 2762 3111 εἰ
2797 3060 2901 3113 πού
2929 3077 2980 3113 τι
3002 3060 3111 3113 τῶν
3161 3064 3548 3133 παροιμιωδῶν
3594 3064 3771 3135 τύχοι,
3801 3066 3894 3119 καὶ

2322 3148 2637 3220 βαθυτέρων
2675 3149 2927 3215 ἐπεξιὼν,
2960 3150 3054 3203 καὶ
3081 3156 3175 3203 τὸν
3199 3154 3259 3204 ἐν
3286 3153 3471 3215 αὐτοῖς
3510 3155 3891 3225 κρυπτόμενον

2318 3238 2397 3308 τῷ
2423 3239 2617 3307 φέγγει
2645 3238 2735 3291 τοῦ
2767 3240 2824 3291 ὲν
2858 3240 3006 3309 αὑτῷ
3028 3240 3354 3311 ’Πνεύματος
3377 3242 3608 3307 ὲκεὶνοις
3636 3245 3894 3315 διαφωτί-

2321 3330 2451 3395 ζων,
2483 3327 2602 3383 εἶτα
2633 3333 2773 3383 κατὰ
2801 3332 2992 3400 καιρὸν
3022 3332 3087 3385 ὲκ
3113 3333 3208 3385 τοῦ
3250 3334 3571 3390 ’Δποστόλου
3621 3316 3881 3409 διεπερα-

2319 3437 2445 3473 νατο
2498 3420 2596 3490 τὴν
2649 3420 2971 3491 παραίνεσιν
3037 3422 3253 3491 αὐτοῖς,
3282 3425 3455 3490 οὕτως
3510 3429 3724 3481 εἰπών’
3782 3431 3892 3500 Τὴν

2321 3513 2601 3582 ὑπομονὴν
2649 3512 2770 3565 ’1ὼὸ
2798 3513 3089 3582 ἠκούσατε,
3123 3516 3220 3568 καὶ
3248 3516 3310 3571 τὸ
3337 3517 3491 3582 τέλος
3519 3520 3727 3589 Κυρῐου
3751 3523 3889 3574 εἰδε-

2318 3621 2377 3657 τε
2406 3621 2418 3633 ·
2453 3604 2641 3671 Στῆτε
2671 3600 2785 3659 οὖν
2815 3604 3270 3675 περιζωσάμενοι
3319 3609 3435 3677 τὴν
3473 3612 3678 3682 ὀσφὺν
3719 3614 3891 3682 ὑμῶν

2319 3696 2679 3763 ὲνάληθείᾳ,
2710 3695 2809 3750 καὶ
2868 3697 3319 3767 ὑποδησάμενοι
3375 3703 3521 3767 τοὺς
3572 3705 3767 3772 πόδας
3821 3708 3887 3761 ἐν

2320 3789 2662 3857 Edam-c.1191
2690 3787 2799 3856 τῆς
2826 3789 3098 3858 εἰρήνης,
3137 3791 3235 3844 ἐπὶ
3265 3791 3455 3846 πᾶσιν
3481 3795 3889 3862 ἀναλαϐόντες

2318 3876 2425 3929 τὸν
2477 3876 2692 3944 θυρεὸν
2756 3875 2866 3943 τῆς
2928 3878 3204 3943 πίστεως,
3238 3872 3383 3945 ὲνῷ
3424 3880 3774 3947 δυνήσεσθε
3820 3884 3886 3934 τὰ

2322 3967 2469 4033 βέλη
2530 3967 2636 4020 τοῦ
2687 3967 2957 4035 πονηροῦ
2991 3968 3064 4020 τὰ
3087 3971 3481 4037 πεπυρωμένα
3502 3973 3740 4027 σϐέσαι.
3775 3981 3885 4031 Λο-

2317 4057 2538 4128 γίζδμαι
2572 4058 2680 4127 ινφ
2702 4058 2792 4112 δει
2818 4060 2929 4111 οὐκ
2963 4058 3101 4121 ἀξια
3152 4060 3225 4112 τὰ
3271 4060 3589 4130 παθήματα
3616 4064 3723 4117 τοῦ
3772 4064 3883 4117 νῦν

2318 4149 2525 4216 καιροῦ
2551 4148 2701 4215 πρὸς
2728 4148 2843 4215 τὴν
2859 4150 3217 4217 μέλλουσαν
3242 4149 3435 4212 δόξαν
3453 4152 3884 4223 ἀποκαλυφθῆ-

2318 4258 2413 4294 rat
2442 4243 2529 4306 εἱζ⁴
2550 4239 2726 4307 ἡμᾶς’
2759 4242 2824 4294 τὸ
2846 4241 2957 4309 γὰρ
2977 4241 3312 4308 παραυτίκα
3338 4242 3609 4311 ἐλαφρὸν
3634 4243 3745 4312 τῆς
3762 4247 3885 4299 θλί-

2317 4338 2478 4403 ψεως
2510 4334 2678 4400 ἡμῶν
2711 4335 2840 4388 καθ’
2871 4337 3217 4403 ὑπερϐολὴν
3259 4339 3347 4403 εις
3386 4340 3733 4408 ὑπερϐολὴν
3759 4340 3883 4393 aldi-

2318 4442 2455 4478 νιον
2480 4423 2678 4492 ,βάρος
2723 4427 2908 4493 δόξης
2950 4428 3359 4496 κατεργάζεται
3393 4430 3539 4498 ἡμῖν
3575 4446 3589 4460 ⁸
3612 4430 3698 4500 μὴ
3742 4447 3883 4486 σκο-

2321 4514 2593 4567 πούντων
2646 4514 2817 4583 ἡμῶν
2868 4516 2940 4569 τὰ
3007 4517 3377 4586 βλεπόμενα,
3442 4521 3606 4574 ἀλλὰ
3688 4523 3759 4575 τὰ
3801 4524 3881 4591 μὴ

2315 4606 2665 4673 βλεπόμενα
2689 4620 2701 4635 ’
2734 4608 2806 4661 τὰ
2859 4607 2969 4676 γὰρ
3012 4609 3366 4678 ,ϐλεπόμενα
3419 4612 3777 4683 πρόσκαιρα,
3813 4612 3883 4667 τὰ

2250 4714 2296 4771 η
2322 4695 2391 4747 δὲ
2420 4696 2506 4763 μὴ
2530 4697 2881 4766 ,βλεπόμενα
2919 4697 3147 4753 αἰώνια.

2396 4785 2540 4856 ρλς’.
2572 4788 2801 4840 Ἔπειτα
2836 4789 3016 4858 μέντοι
3036 4790 3217 4859 βύθιόν
3240 4809 3293 4845 τι
3320 4793 3411 4845 καὶ
3444 4792 3583 4864 βαρῦ
3616 4795 3877 4860 στενάξας,

2322 4873 2401 4943 τῷ
2464 4876 2751 4945 στεναγμῷ
2781 4877 2836 4931 δὲ
2868 4878 3106 4950 κεράσας
3158 4883 3252 4933 καὶ
3300 4882 3533 4953 δάκρυον
3558 4899 3571 4914 -
3614 4884 3874 4950 Ἀγώνων,

2324 4962 2564 5031 ἀδελφοὶ,
2590 4965 2799 5036 καιρὸς,
2831 4967 2933 5037 ἔφη
2957 4985 2970 4997 ·
3005 4974 3325 5042 γρηγορεῖτε
3354 4969 3470 5036 οὖν,
3506 4973 3582 5043 μὴ
3613 4973 3747 5044 λάθῃ
3772 4974 3879 5034 τινὰ

2315 5058 2503 5122 δολίως
2538 5061 2566 5112 ὁ
2603 5064 2835 5131 πονηρὸς
2868 5063 3147 5129 δελεάσας.
3186 5067 3375 5120 Οἴδατε
3409 5069 3518 5138 γὰρ
3552 5069 3629 5133 ὡς
3676 5072 3710 5139 ἡ
3759 5069 3870 5123 ἐπί-

2314 5166 2461 5217 γειος
2514 5150 2673 5219 ἡμῶν
2722 5154 2869 5206 οἰκία
2918 5156 3009 5208 τοῦ
3040 5158 3270 5227 σκήνους
3295 5157 3612 5230 λυθήσεται,
3638 5160 3753 5213 ἀλλ’
3788 5160 3875 5230 ηὑ-

2320 5240 2613 5310 τρέπισται
2652 5246 2787 5313 ἡμῖν
2815 5246 3228 5319 ἀχειροποίητος
3259 5251 3318 5302 ὲν
3352 5249 3606 5319 οὐρανοῖς
3635 5252 3695 5303 ὲν
3741 5252 3874 5319 νόμῳ

2319 5330 2517 5401 δηλαδὴ
2549 5334 2754 5402 Κυρίου
2785 5338 3189 5407 πορευομένοις,
3225 5339 3351 5409 παρ’
3374 5340 3541 5393 αὑτοῦ
3581 5359 3636 5393 τε
3676 5343 3765 5394 τὸν
3791 5343 3878 5409 τῆς

2320 5422 2545 5491 καρδίας
2576 5424 2765 5494 λύχνον
2797 5429 3203 5497 φωτιζομένοις,
3230 5430 3630 5484 κατευθύνοντα
3658 5433 3728 5486 τὰ
3759 5432 3876 5502 πρὸς

2319 5514 2525 5565 ἐκεῖνον
2585 5514 2740 5583 ἡμῶν
2788 5516 3100 5587 διασήματα
3123 5536 3137 5549 ο
3173 5514 3241 5592 ἧς
3273 5520 3396 5589 ὕψις
3430 5538 3519 5591 μοι
3562 5522 3706 5574 κατὰ
3738 5519 3876 5593 τήνδε

2319 5602 2419 5672 τὴν
2451 5603 2621 5657 νύκτα
2649 5607 2832 5676 σαφῶς
2864 5610 3123 5680 ἐγνώρισε
3150 5611 3246 5684 τὴν
3275 5611 3556 5679 ἀνάϐασιν,
3594 5613 3691 5666 καὶ
3717 5614 3790 5676 εἰς
3821 5611 3877 5680 ἢν

1438 5738 1479 5768 ⁸³
1524 5739 1676 5792 Rem.
1720 5755 1831 5801 vm,
1884 5738 1965 5790 l8.
2041 5739 2083 5768 ’⁸⁸
2115 5738 2159 5791 ΙΙ
2189 5738 2317 5793 Cor.
2361 5757 2433 5809 tv,
2474 5742 2677 5809 17,18.
