4078 6332
178 488 181 489 ν
281 409 424 475 3113

1282 404 1456 467 ΥΙΤΑ
1492 406 1541 463 Α
1577 402 2016 465 NICEPHORO
2055 400 2540 462 CONSCRIPTA.

3411 390 3555 457 311‘

284 527 590 596 πρόδρομοι,
641 526 797 596 ἡμῶν
852 524 1193 595 εἰσελήλυθεν
1241 526 1266 577 ό
1306 522 1588 593 άταπητδς
1642 523 1870 590 ἀδελφὸς

1973 539 2096 579 mus
2128 521 2267 576 visio
2317 520 2419 574 hac
2463 519 2578 587 ipsa
2637 515 2773 569 mihi
2813 522 2973 568 nocte
3021 510 3336 566 luculenter
3386 522 3552 566 mon-

296 623 572 691 Ὶωάννης,
613 615 674 673 οὗ
705 620 796 673 καὶ
824 619 937 691 βίον
970 621 1061 673 καὶ
1097 622 1297 690 τρόπον
1340 617 1495 672 αὐτοὶ
1527 619 1743 680 πάντως
1769 619 1871 671 οὐκ

290 716 553 778 ἀγνοεῖτε,
585 714 634 765 οἰ
670 711 768 765 καὶ
818 710 1071 769 κοινωνὸν
1127 709 1221 763 τοῦ
1268 708 1408 762 κ1τα
1438 707 1569 761 Θεὸν
1614 707 1732 779 βίου
1780 708 1871 761 τὸν

283 793 456 875 ἄνδρα
510 804 887 873 πεποιημένοι,
932 804 1026 856 καὶ
1063 801 1173 854 τῶν
1223 800 1603 870 πνευματικῶν
1647 798 1873 868 ἀγώνων

287 896 634 963 συνάμιλλον.
668 896 902 949 Δέκατον
932 895 1058 966 γὰρ,
1085 894 1323 962 ἀδελφοί,
1360 892 1518 945 τοῦτο
1542 892 1660 955 ἔτος
1699 892 1873 962 ἀγρυ-

285 990 437 1041 πνῶν
465 989 604 1059 ὑπὲρ
636 988 745 1041 τῶν
774 988 1055 1056 ὑμετέρων
1093 986 1302 1056 ψυχῶν,
1343 984 1436 1037 καὶ
1472 985 1724 1049 δεόμενος
1775 983 1868 1037 τοῦ

284 1080 422 1133 Θεοῦ
465 1080 602 1148 μετὰ
640 1080 890 1151 δακρύων
915 1080 1014 1134 οὐκ
1046 1078 1393 1148 ἐπαυσάμην,
1427 1077 1504 1139 ὡς
1544 1076 1701 1144 λόγον
1732 1077 1867 1129 ἁπο-

283 1173 471 1227 δσιῦναι
496 1174 703 1241 μέλλων
735 1175 872 1243 ὑπὲρ
905 1174 1059 1243 ὑμῶν
1080 1189 1093 1203 ⁸
1128 1174 1249 1226 ἐπεὶ
1291 1173 1383 1225 καὶ
1409 1172 1597 1225 τοῦτον
1625 1170 1736 1237 ἐγὼ
1774 1186 1869 1237 φο-

284 1262 490 1331 ϐοῦμαι
517 1265 605 1316 τὸν
644 1264 807 1332 φόϐον
846 1266 951 1324 ἀεὶ,
986 1265 1061 1332 μὴ
1092 1266 1198 1317 τῶν
1222 1264 1490 1333 ἀφιέντων
1519 1263 1588 1316 τά
1619 1259 1869 1332 πρόϐατα

288 1355 578 1423 μισθωτῶν
620 1356 713 1409 καὶ
754 1357 1082 1424 φευγόντων,
1115 1350 1196 1418 οἷς
1226 1355 1381 1421 ὀλίγα
1413 1354 1568 1424 μέλει
1618 1352 1747 1422 περὶ
1774 1350 1870 1402 αύ-

281 1446 417 1507 τῶν.
456 1448 550 1499 καὶ
585 1449 645 1499 οὐ
676 1448 783 1500 τῶν
817 1446 1090 1515 ποιμένων
1134 1440 1214 1510 εἷς
1245 1444 1473 1516 εὑρεθῶ,
1506 1443 1613 1498 τῶν
1648 1442 1870 1511 καὶψυ-

282 1540 390 1608 χὴν
418 1539 586 1609 αὐτὴν
626 1539 795 1607 ἡδέως
821 1541 917 1608 τῆς
951 1540 1185 1616 πρίμνης
1220 1538 1583 1608 προϊεμένων.

1971 614 2166 669 stravit
2194 606 2480 667 ascensum
2504 617 2753 663 nostrum
2777 623 2791 670 ;
2820 604 2874 659 in
2902 617 3064 674 quam
3088 610 3145 657 et
3168 602 3450 672 ingressus
3471 609 3558 655 est

1971 708 2209 763 dilectus
2258 705 2428 759 frater
2468 702 2731 763 Joannes,
2773 696 3106 767 prodromus
3132 703 3364 763 noster;
3398 693 3562 765 cujus

1971 811 2029 857 et
2067 802 2235 855 vitam
2273 805 2329 851 ct
2376 809 2559 850 mores
2603 808 2704 847 vos
2756 791 2860 861 ipsi
2901 790 3155 860 ignorare
3208 801 3559 857 nequaquam

1973 893 2227 964 potestis,
2278 889 2375 959 qui
2410 896 2465 942 et
2502 885 2829 957 participem
2879 881 3122 937 emlestis
3172 880 3301 935 vitae
3352 876 3563 933 fecistis

1976 983 2156 1047 illum,
2186 991 2241 1036 et
2264 978 2322 1036 in
2352 978 2627 1049 spirituali
2658 976 2906 1047 palaestra
2937 970 3211 1027 habuistis
3231 968 3565 1024 commilito-

1977 1090 2125 1129 nem.
2174 1072 2435 1128 Decimus
2467 1070 2693 1139 quippe,
2738 1066 2939 1121 fratres
2967 1063 3099 1127 mei,
3146 1078 3327 1117 annus
3361 1060 3561 1131 agitur,

1967 1162 2115 1234 quod
2150 1163 2370 1231 vigilem
2422 1174 2524 1231 pro
2575 1157 2863 1212 animabus
2901 1154 3121 1218 vestris,
3160 1168 3260 1207 nec
3300 1150 3563 1205 desierim

1970 1271 2130 1311 orare
2161 1256 2333 1309 Deum
2359 1268 2484 1307 cum
2520 1249 2802 1321 lacrymis,
2839 1249 3094 1318 tanquam
3136 1244 3406 1299 rationem
3438 1240 3577 1299 red—.

1972 1348 2191 1403 diturns
2228 1360 2328 1416 pro
2371 1344 2549 1399 vobis.
2579 1342 2851 1410 Quoniam
2885 1348 2943 1395 et
2977 1354 3081 1409 ego
3118 1350 3400 1405 nunquam
3451 1348 3565 1388 non

1974 1439 2070 1493 illo
2105 1440 2355 1492 incessor
2382 1437 2601 1500 timore,
2629 1449 2700 1489 ne
2731 1434 2953 1487 illorum
2977 1431 3122 1484 unus
3147 1418 3564 1496 .deprehenda‘r,

1976 1529 2069 1601 qui
2096 1528 2344 1584 mercede
2369 1527 2651 1592 conducti,
2680 1525 2748 1580 de
2772 1525 2969 1579 ovibus
2995 1521 3220 1578 solliciti
3245 1532 3564 1590 perparum,

282 1631 508 1699 easdem
535 1632 819 1686 dimittunt
847 1612 1011 1701 atque
1038 1631 1286 1701 fugiunt;
1330 1646 1437 1684 non
1473 1643 1607 1684 vero
1637 1627 1859 1681 illorum
1897 1631 2205 1693 pastorum,
2238 1620 2333 1691 qui
2395 1619 2608 1675 animas
2671 1632 2801 1674 suas
2838 1633 2940 1689 pro
2970 1614 3349 1671 incolumitate
3378 1612 3566 1683 gregis

282 1724 372 1778 sui
406 1723 617 1777 lubenti
660 1723 844 1777 animo
871 1732 1104 1792 ponunt.

355 1816 493 1884 ρλζκ
547 1815 708 1869 Ἀλλὰ
753 1820 819 1887 τῇ
861 1817 1086 1885 δυνάμει
1153 1818 1251 1885 τῆς
1298 1814 1504 1868 ἄνωθεν
1567 1813 1871 1884 βακτηρίας

264 1907 653 1981 ρωννύμενπ,
683 1908 947 1975 γενναίως
978 1907 1066 1959 τὸν
1098 1906 1240 1977 θῆρα
1279 1907 1440 1975 μέχρι
1470 1905 1608 1981 ρέως
1655 1904 1749 1957 νῦν
1774 1904 1867 1971 ἀφ’

2049 1808 2172 1863 157.
2206 1806 2464 1862 Attamen
2511 1803 2742 1875 superni
2773 1803 2977 1857 virtute
3013 1801 3195 1855 baculi
3232 1800 3567 1857 corrobora-

1976 1908 2099 1963 tus,
2130 1912 2309 1967 usque
2330 1894 2385 1951 in
2412 1911 2653 1966 praesens
2684 1904 2902 1965 tempus
2929 1894 3104 1963 rcpuli
3143 1908 3172 1946 a
3214 1893 3373 1948 vobis
3400 1907 3569 1965 gene-

284 1997 445 2067 ὑμῶν
487 1998 807 2051 άπεσόϐουν.
840 1997 1030 2052 Οἴδατε
1061 1999 1171 2068 γὰρ
1202 1996 1433 2059 ποσάκις
1467 1994 1624 2064 ὑμῶν
1662 1995 1723 2049 οὐ
1754 1994 1867 2048 δια-

1974 2004 2099 2045 rose
2130 1988 2300 2043 feram
2332 1986 2682 2043 infernalem.
2715 1985 2904 2041 Nostis
2936 1985 3087 2040 enim
3122 1984 3315 2054 probe,
3343 1984 3567 2055 quoties

285 2090 524 2146 θολῶσαι
560 2092 719 2161 μόνον
759 2093 1024 2163 ἐπειράθη
1053 2091 1317 2157 τόνκνοῦν,
1354 2090 1450 2144 καὶ
1488 2089 1624 2160 πρὸς
1672 2088 1868 2143 ἐπιθυ-

288 2184 422 2254 μίας
470 2183 739 2252 κοσμικὰς
793 2183 1022 2237 ὲλκῦσαι
1057 2184 1156 2238 καὶ
1201 2183 1584 2255 κατασπάσαι,
1617 2180 1755 2235 ἀλλὰ
1781 2178 1877 2233 καὶ

293 2275 680 2344 συλαγωγῆσαι
723 2276 820 2328 καὶ
865 2275 1167 2346 ὑποκλέψαι
1205 2276 1296 2330 καὶ
1342 2276 1691 2330 παντάπασιν
1730 2275 1877 2343 ὑμᾶς

287 2367 583 2437 σκορπίσαι
609 2368 703 2419 καὶ
725 2368 1037 2437 διασπεῖραι
1058 2385 1073 2399 ο
1111 2368 1260 2437 ὅμως
1282 2366 1524 2438 ᾐσχύνθη
1544 2366 1634 2420 διὰ
1659 2367 1877 2420 πάντων

285 2460 384 2513 καὶ
404 2458 777 2529 ἀπεκρούσθη,
811 2459 966 2513 οὐδὲν
1000 2444 1163 2514 πλέον
1211 2460 1311 2530 τῆς
1348 2459 1617 2531 τοσαύτης
1640 2460 1877 2530 σπουδῆς

284 2553 322 2624 ἢ
360 2552 565 2625 λύσσης
592 2554 875 2624 όνάμενος,
898 2555 979 2607 ὄτι
1018 2555 1093 2626 μὴ
1127 2555 1188 2607 τὸ
1217 2555 1450 2623 φανῆναι
1490 2554 1652 2608 πλέον
1682 2555 1873 2617 κακὸς.

285 2646 351 2698 τὸ
381 2645 613 2714 μάλιστα
640 2644 855 2699 πάντων
895 2645 1043 2715 αὐτῷ
1083 2646 1525 2700 σπουδαιότατον.
1550 2645 1665 2699 Νῦν
1696 2646 1790 2701 οὖν
1823 2646 1878 2700 et

286 2738 388 2789 καὶ
426 2737 500 2807 μὴ
541 2734 731 2806 πολλὴ,
761 2736 886 2807 μηδ’
941 2738 1035 2789 ἐπὶ
1065 2736 1223 2801 πολὺ,
1266 2737 1685 2808 συγκεχώρηται
1713 2738 1759 2791 δ’
1780 2733 1874 2793 οὖν

284 2843 375 2889 τις
401 2826 722 2897 ὅμως-αὐτῷ
750 2826 872 2881 καθ’
902 2828 1060 2898 ἡμῶν
1090 2828 1313 2892 ἐξουσία
1334 2844 1349 2861 ο
1384 2830 1446 2882 οὐ
1478 2828 1584 2901 μὴν
1614 2829 1752 2883 ἀλλὰ
1780 2830 1875 2883 καὶ

290 2917 437 2971 κατὰ
499 2917 607 2971 τῶν
667 2918 899 2986 νηπίων,
948 2919 1084 2988 πρὸς
1142 2919 1200 2972 δὲ
1260 2920 1353 2974 καὶ
1418 2920 1528 2973 τῶν
1591 2921 1649 2973 ὲν
1702 2922 1873 2991 ἀρετῇ

289 3006 513 3072 ζώντων
570 3012 698 3081 παρ’
750 3004 824 3065 ὧν
873 3012 1073 3081 δηλαδὴ
1125 3014 1218 3065 καὶ
1259 3011 1460 3065 πλείων
1500 3014 1534 3082 ἡ
1575 3012 1759 3084 πληγὴ
1794 3012 1874 3082 τῷ

291 3100 572 3172 βασκάνῳ,
623 3104 719 3156 καὶ
772 3096 906 3174 πρὸς
957 3104 1051 3167 οὒς
1107 3105 1300 3174 ἐκείνῳ
1365 3104 1528 3159 πάλιν
1582 3106 1612 3157 ὁ
1679 3106 1875 3172 φθόνος

289 3186 787 3265 περιφανέστερος*
818 3196 933 3249 ἁλλ’
954 3197 1054 3249 οὐκ
1084 3198 1373 3268 ἀποστήσῃ
1403 3197 1433 3249 ὁ
1456 3196 1873 3267 ὑπερασπιστὴς

295 3300 426 3356 μου.
454 3285 648 3358 Κύριε.
1380 3286 1385 3291 ’

374 3533 506 3603 ρληο.
540 3528 672 3585 Εἶτα
720 3533 816 3584 καὶ
855 3528 994 3584 αὐτὰ
1047 3533 1158 3594 τοῖς
1203 3532 1475 3601 μαθηταῖς
1513 3528 1761 3600 ἐξηγεῖτο
1808 3531 1878 3583 τά

290 3622 582 3691 ὁραθέντα,
613 3621 938 3691 προσιόντας
972 3620 1070 3689 μὲν
1098 3622 1217 3684 ταῖς
1252 3619 1482 3690 ούρανοῦ⁹
1522 3619 1719 3682 πύλαις
1750 3619 1879 3684 τοὺς

292 3712 590 3776 ἐκλεκτοὺς
652 3712 918 3781 ἀγγέλους
963 3714 1042 3775 είς
1085 3713 1459 3783 προσκύνησιν
1494 3711 1725 3767 ἐνώπιον
1781 3710 1876 3765 τοῦ

290 3804 457 3867 Θεοῦ,
482 3805 865 3875 παρεστηκότα
883 3804 938 3856 δὲ
967 3804 1056 3856 τὸν
1083 3803 1349 3867 διάϐολον,
1378 3803 1607 3858 Αἰθίοπα
1627 3841 1643 3868 .
1669 3819 1879 3858 σκοτει-

294 3899 391 3950 νὸν
427 3897 549 3949 ὅλον
570 3937 583 3949 .
618 3895 807 3965 ἀναιδῆ
840 3897 940 3966 τὴν
972 3896 1113 3964 ὄψιν,
1155 3894 1313 3965 ὕϐριν
1350 3895 1613 3959 πνέοντα,
1646 3896 1879 3964 αἵματος

296 3988 437 4059 ἐμοῦ
476 3989 568 4041 καὶ
602 3987 767 4057 πυρὸς
796 3989 922 4049 τοὺς
959 3986 1270 4057 ὀφθαλμοὺς
1311 3986 1626 4051 ὑπόπλεων,
1660 3987 1761 4039 οὐκ
1786 3985 1878 4040 ἐπί

294 4098 447 4143 τινος
478 4070 601 4143 τοὺς
624 4081 791 4143 πόδας
816 4080 1038 4149 στερεοῦ
1058 4080 1351 4152 βεϐηκότα,
1383 4081 1518 4134 ἀλλὰ
1546 4081 1685 4133 κατὰ
1716 4080 1879 4151 μέσον

295 4174 464 4228 οἱονεὶ
495 4175 587 4227 τὸν
606 4174 763 4247 ἀέρα,
789 4172 1057 4245 βρύχοντα
1094 4174 1190 4244 μὲν
1219 4173 1449 4242 φοϐερόν
1476 4190 1530 4225 τι
1560 4172 1653 4226 καὶ
1678 4163 1880 4242 θηριῶρ

292 4268 409 4332 δες,
456 4267 549 4318 καὶ
598 4266 873 4326 κινοῦντα,
924 4266 1075 4335 φησὶ,
1116 4266 1213 4335 τὴν
1254 4264 1497 4336 κεφαλὴν
1557 4263 1678 4319 κατ’
1718 4264 1877 4336 ἐμοῦ,

296 4363 638 4433 ἀναμένοντα
665 4364 722 4418 δὲ
754 4366 901 4434 ὅμως
927 4366 1026 4427 τὰς
1056 4365 1381 4433 ἀποφάσεις,
1417 4365 1600 4434 φωνήν
1630 4381 1689 4417 τε
1729 4364 1883 4433 παρὰ

296 4457 341 4507 Κ
356 4455 512 4523 opim
531 4456 662 4523 πρὶς
687 4456 850 4508 αὑτὸν
867 4454 1173 4525 ἐνηνέχθαι,
1205 4456 1471 4521 Πάταξον,
1490 4455 1778 4525 λέγουσαν,
1808 4460 1877 4510 τά

293 4545 489 4601 παιδία
517 4546 609 4598 καὶ
642 4548 770 4608 τοὺς
811 4547 1010 4610 καλοὺς
1042 4546 1149 4600 τῶν
1194 4547 1519 4615 ἀνθρώπιον,
1558 4549 1650 4603 τὸν
1684 4550 1741 4603 δὲ
1779 4552 1879 4603 ἀπ’

293 4636 437 4707 ἐμοῦ
464 4653 521 4689 τε
552 4635 821 4705 ἄρξασθαι
874 4636 1115 4705 πρώτου,
1146 4635 1399 4707 καθάπερ
1443 4638 1535 4690 ἐπὶ
1578 4637 1673 4691 τοῦ
1715 4638 1834 4693 Ἰώϐ
1858 4655 1872 4669 ο

1981 2097 2094 2137 non
2125 2080 2290 2136 modo
2324 2079 2546 2134 turbare
2572 2087 2814 2133 mentem
2840 2086 3103 2141 vestram,
3127 2092 3360 2147 eamque
3388 2076 3456 2132 ad
3476 2093 3566 2133 re-

1979 2187 2101 2228 rum
2136 2170 2539 2226 mundanarum
2567 2168 2905 2225 desiderium
2936 2168 3155 2223 allicere
3187 2177 3352 2237 atque
3372 2166 3563 2224 detra-

1979 2263 2146 2329 here;
2172 2260 2270 2318 sed
2294 2262 2463 2316 etiam
2492 2259 2731 2331 spoliare
2754 2260 2927 2330 gratia
2952 2258 3140 2312 divina
3166 2272 3231 2312 ac
3256 2256 3562 2320 denudare.

1944 2352 1949 2356 ’
1978 2358 2091 2412 imo
2119 2366 2175 2412 et
2202 2371 2303 2412 vos
2332 2357 2483 2426 ipsos
2504 2354 2824 2424 dispergere
2840 2352 3076 2408 omnino
3097 2367 3162 2407 ac
3184 2351 3451 2421 dissipare
3473 2367 3568 2406 co—

1977 2459 2141 2504 natus
2160 2447 2233 2502 sit
2261 2465 2274 2501 :
2294 2454 2676 2507 verumtamen
2705 2443 2970 2499 confusus
2998 2442 3206 2512 ubique
3228 2450 3286 2497 et
3310 2440 3569 2513 repulsus

1976 2548 2097 2606 est;
2129 2538 2447 2595 nihilaliud
2477 2536 2755 2596 commodi
2788 2550 2855 2591 ex
2896 2544 3051 2590 tanto
3085 2550 3288 2590 conatu
3312 2544 3371 2591 et
3412 2535 3567 2591 rabie

1977 2641 2199 2697 nactus,
2228 2645 2396 2700 quam
2432 2628 2582 2699 quod
2614 2636 2768 2683 tanto
2822 2626 3200 2697 perniciosior
3248 2628 3571 2698 apparuerit

1976 2731 2185 2793 quanto
2211 2714 2628 2792 adhibuitplus
2650 2728 2906 2775 conatus.
2940 2718 3101 2774 Nune
3132 2717 3319 2789 igitur,
3350 2720 3569 2773 tametsi

1975 2830 2090 2871 non
2127 2830 2322 2886 magna
2358 2829 2463 2871 nec
2504 2813 2634 2868 latis
2702 2811 3123 2880 circumscripta
3170 2811 3421 2866 terminis
3463 2808 3569 2882 ipsi

1974 2903 2208 2959 facultas
2229 2904 2468 2960 nocendi
2490 2904 2617 2959 data
2638 2902 2732 2968 sit,
2764 2903 2948 2973 aliqua
2976 2913 3161 2957 tamen
3192 2916 3453 2957 concessa
3485 2910 3571 2957 est

1974 3003 2167 3052 contra
2200 3011 2338 3061 nos;
2376 3010 2482 3051 nec
2513 3004 2725 3051 tantum
2757 3004 2949 3049 contra
2985 2994 3217 3059 tirones,
3268 2995 3365 3049 sed
3400 2993 3569 3049 etiam

1973 3095 2165 3141 contra
2196 3087 2321 3141 illos
2359 3087 2453 3156 qui
2492 3086 2549 3140 in
2584 3086 2674 3139 via
2719 3084 2989 3139 virtutum
3038 3086 3287 3155 provecti
3329 3094 3492 3152 sunt;
3536 3102 3572 3142 a

1974 3178 2184 3248 quibus
2215 3194 2417 3249 nempe
2440 3187 2497 3235 et
2524 3179 2747 3249 gravior
2788 3178 2948 3249 plaga
2982 3178 3173 3234 invido
3226 3178 3373 3233 hosti
3421 3177 3572 3233 inlli-

1940 3270 2142 3341 ‘gitur,
2179 3279 2236 3325 et
2278 3282 2473 3326 contra
2513 3286 2657 3341 quos
2710 3270 2827 3341 ipse
2859 3271 3105 3326 vicissim
3159 3271 3367 3327 invidia
3413 3271 3577 3328 ardet

1898 3364 1945 3427 C
1977 3362 2351 3419 manifestiore
2382 3380 2397 3417 :
2424 3363 2522 3419 sed
2554 3374 2634 3430 tu,
2667 3363 2921 3430 Domine,
2961 3373 3345 3436 propugnator
3379 3381 3560 3433 meus,

1980 3462 2106 3509 tuos
2127 3468 2242 3508 non
2276 3454 2568 3509 destitues.

2051 3546 2173 3601 l58.
2214 3546 2425 3602 Deinde
2456 3554 2513 3601 et
2544 3561 2666 3617 qua:
2686 3545 2903 3602 viderat
2930 3545 3222 3617 discipulis
3247 3550 3527 3605 enarravit
3551 3568 3566 3602 :

1978 3634 2183 3692 vidisse
2214 3652 2411 3706 nempe
2441 3640 2650 3693 electos
2689 3638 2789 3693 Dei
2806 3638 3058 3709 angelos,
3092 3638 3161 3694 ad
3196 3648 3387 3710 portas
3417 3642 3568 3704 coali.

1980 3728 2152 3783 Deum
2183 3744 2346 3784 suum
2390 3729 2740 3794 adoraturos,
2776 3731 3037 3788 advolare
3069 3749 3083 3781 :
3123 3732 3326 3789 vidisse
3357 3743 3414 3789 et
3452 3734 3572 3789 dia—

1978 3820 2167 3875 bolum
2218 3830 2387 3887 stare,
2454 3821 2711 3877 indutum
2760 3822 3099 3893 Ethiopem,
3156 3826 3567 3882 tenebricosum

1979 3922 2179 3979 totum,
2214 3914 2353 3969 facie
2378 3914 2704 3980 deformem,
2750 3917 3056 3973 calumnias
3081 3917 3406 3987 Spirantcm,
3443 3934 3571 3975 san-

1980 4001 2145 4071 guine
2183 4002 2341 4072 juxta
2368 4010 2426 4058 et
2468 4003 2595 4074 igne
2642 4003 2821 4059 oculis
2846 4002 3154 4069 suffusum,
3205 4004 3344 4059 nulli
3390 4005 3570 4061 fulcro

1981 4090 2215 4160 pedibus
2249 4090 2523 4157 innixum,
2547 4091 2644 4147 sed
2677 4091 2864 4147 medio
2888 4093 3058 4147 veluti
3096 4108 3224 4147 aere
3255 4094 3567 4150 consisten-

1983 4189 2113 4245 tem,
2175 4182 2501 4237 horribilem
2545 4182 2899 4253 ferarumque
2950 4186 3007 4238 in
3053 4184 3275 4239 modum
3320 4184 3566 4241 fremen-

1982 4281 2128 4338 tem;
2158 4273 2254 4342 qui
2305 4288 2576 4329 converso
2622 4282 2816 4329 contra
2859 4290 2971 4336 me,
3009 4274 3316 4345 inquiebat,
3363 4276 3565 4346 capite.

1978 4380 2308 4435 responsum
2352 4364 2577 4435 aliquod
2610 4364 3071 4435 praestolabatur;
3103 4380 3294 4420 vocem
3324 4375 3508 4423 autem
3534 4382 3567 4421 a

1979 4457 2213 4512 Domino
2240 4457 2505 4528 allapsam
2544 4473 2689 4521 esse,
2720 4457 3001 4513 dicentem
3031 4476 3043 4511 :
3078 4457 3314 4513 Percute
3361 4473 3568 4528 pueros

1978 4559 2035 4604 et
2064 4549 2423 4605 formosiores
2459 4564 2738 4621 quosque;
2787 4549 2940 4604 illum
2995 4564 3128 4605 vero
3172 4550 3420 4621 petiisse,
3457 4549 3565 4606 sibi

1983 4646 2045 4692 ut
2074 4638 2271 4693 liceret
2302 4653 2333 4694 a
2368 4654 2478 4703 me,
2509 4638 2977 4710 quemadmodum
3004 4640 3136 4695 olim
3163 4656 3196 4695 a
3227 4651 3417 4695 saneto
3435 4641 3563 4701 .lob.

293 4723 574 4787 αἰτοῦντα,
606 4725 699 4777 καὶ
722 4724 783 4776 τὸ
803 4724 1083 4792 ἐνδόσιμον
1113 4719 1202 4778 οἷα
1238 4726 1605 4796 λαμϐάνοντα.
1638 4728 1823 4783 Ταῦτα
1848 4731 1874 4783 ό

1980 4730 2272 4785 exordium
2304 4746 2560 4799 sumere;
2588 4732 2865 4803 simulque
2901 4732 3228 4789 vestimenta
3259 4735 3565 4804 apprehen-

296 4812 403 4884 μὲν
432 4815 542 4875 τοῖς
570 4814 815 4879 ἀδελφοῖς
849 4812 1125 4883 ὲξηγεῖτω
1161 4817 1191 4868 ό
1229 4816 1422 4885 ἐχθρὸς
1453 4817 1511 4869 δὲ
1549 4817 1651 4871 οὑκ
1683 4818 1877 4888 ἡμέλει

291 4903 520 4969 κακίας,
552 4905 667 4958 ἀλλ’
697 4904 875 4958 ἔπεισι
920 4908 1040 4959 κατ’
1072 4905 1240 4959 αὐτοῦ
1283 4909 1505 4978 μεγάλῳ
1544 4910 1877 4981 βρυχήματι,

292 4997 395 5049 καὶ
444 4996 541 5061 τὴν
584 4998 913 5069 δερματίνην
965 4998 1044 5061 ὡς
1084 4994 1196 5069 εἶχε
1234 4999 1488 5071 μηλωτὴν
1534 5002 1755 5067 ὑποδὺς,
1792 5006 1881 5059 ἵνα

294 5090 397 5142 καί
425 5089 797 5159 σφοδρότερον,
818 5091 893 5153 ώς
914 5089 1072 5160 ᾤετο,
1104 5091 1427 5165 περιτρέψῃ,
1448 5094 1645 5165 πάσχει
1682 5096 1882 5164 μᾶλλον

292 5182 325 5235 δ
352 5181 485 5252 δρᾷν
531 5183 559 5234 ὁ
597 5182 823 5251 μάταιος
853 5183 1070 5254 ἤλπισε,
1097 5185 1189 5235 καὶ
1219 5183 1453 5254 χαλεπὸν
1478 5187 1642 5251 αὐτὸς
1672 5188 1874 5260 πτῶμα

294 5274 670 5344 κατενεχθεὶς,
708 5274 881 5345 ῷχετο
906 5274 1175 5339 διαλυθεὶς
1220 5278 1309 5330 ἴσα
1356 5280 1569 5349 καπνῷ,
1614 5280 1874 5349 πιίιγωνος

294 5364 465 5435 ψαύει
502 5365 659 5435 μόνον
678 5367 779 5427 τὰς
812 5368 1004 5437 τρίχας
1033 5368 1318 5439 περιελὼν,
1349 5371 1445 5425 καὶ
1464 5373 1668 5441 γυμνὸν
1697 5375 1875 5429 ἐκεῖνο

294 5458 366 5510 τὸ
394 5458 559 5529 μέρος
591 5460 724 5512 ὅπου
758 5458 957 5530 δηλαδὴ
984 5460 1245 5529 ψαύσειεν
1286 5464 1658 5532 άπολελοιταῦς
1681 5486 1695 5499 °
1743 5469 1879 5524 ἀλλὰ

295 5550 578 5603 καὶτοῦτο
626 5552 829 5621 κόσμος
876 5552 1048 5605 ἐδόκει
1083 5552 1160 5623 τῷ
1204 5555 1449 5625 Συμεὼν,
1477 5537 1648 5629 ἧτταν
1677 5563 1876 5634 ἀγεννῆ

293 5638 396 5697 tit-3
425 5640 723 5695 ἀντιπάλου
756 5642 977 5713 μηνύον.

616 5908 889 5971 ΡΑτιιοι..
938 5915 1052 5975 Gtt.
1103 5917 1144 5975 L
1159 5915 1413 5979 XXXVI.

1974 4820 2144 4877 disse.
2174 4822 2369 4879 Isthaec
2398 4833 2623 4879 sanctus
2654 4824 2881 4894 quidem
2926 4826 3190 4880 narrabat
3239 4825 3510 4883 fratribus
3543 4846 3558 4881 :

1979 4915 2152 4970 hostis
2183 4931 2318 4970 vero
2360 4917 2569 4973 nullam
2602 4917 2984 4974 malefaciendi
3025 4919 3373 4976 occasionem
3421 4936 3560 4991 pra:-

1978 5008 2397 5065 termittendam
2431 5022 2607 5077 ratus,
2644 5026 2842 5082 magno
2875 5027 3012 5067 cum-
3037 5011 3261 5068 fremitu
3308 5013 3362 5067 in
3404 5014 3561 5071 illutn

1980 5098 2165 5161 irruit,
2191 5102 2619 5174 pelliceamque,
2651 5112 2714 5157 ut
2751 5113 2991 5174 poterat,
3022 5104 3283 5161 melotem
3324 5106 3558 5163 subiens

1981 5207 2093 5263 quo
2108 5193 2517 5260 vehementius,
2539 5197 2616 5249 uti
2637 5196 2888 5267 putabat,
2909 5197 3089 5268 ipsum
3113 5208 3417 5265 everteret;
3445 5214 3564 5271 pas.

1982 5298 2077 5338 sus
2109 5285 2297 5357 potius
2339 5286 2394 5342 id
2421 5288 2600 5358 ipsum
2628 5289 2796 5343 miser
2819 5297 2923 5354 est,
2961 5291 3109 5359 quod
3140 5290 3347 5347 inferre
3375 5308 3562 5363 spera-

1980 5375 2110 5438 bat;
2142 5377 2500 5450 deiectusque
2526 5380 2679 5452 gravi
2711 5395 2841 5436 casu
2890 5380 3049 5443 abiit,
3074 5384 3230 5452 quasi
3263 5384 3317 5437 in
3346 5383 3560 5441 fumum

1980 5466 2299 5525 resolutus:
2336 5470 2655 5541 evulsisque
2687 5478 2895 5526 tantum
2927 5473 3215 5542 prehensas
3245 5474 3430 5531 barbae
3455 5478 3563 5531 cri-

1976 5556 2167 5623 nibus,
2186 5558 2497 5615 membrum
2528 5560 2663 5615 illud
2692 5561 2840 5631 quod
2885 5562 3138 5634 tetigerat
3174 5564 3385 5619 nudum
3432 5566 3560 5620 reli-

1976 5648 2121 5717 quit.
2148 5648 2256 5706 Sed
2290 5661 2350 5709 et
2395 5652 2505 5709 hoc
2529 5668 2749 5709 summo
2783 5653 2889 5709 sibi
2938 5662 3268 5710 ornamento
3304 5653 3559 5709 vertebat

1978 5736 2237 5807 Symeon,
2313 5750 2503 5815 utpote
2559 5744 2899 5815 patefaciens
2948 5747 3157 5800 mtmdn
3236 5747 3556 5801 indecorum

1977 5827 2284 5889 adversarii
2325 5836 2661 5892 conﬂictum.

3070 5932 3139 5995 95
