4078 6332
177 403 243 471 31
259 401 320 468 Π
1174 389 1352 452 VITA
1392 390 1434 450 A
1473 383 1907 448 NICEPHORO
1947 375 2431 444 CONSCRIPTA.
3288 365 3451 434 -3118

178 519 247 587 τῇ
293 513 364 583 γῇ
400 507 494 562 καὶ
555 504 709 572 δψεις
761 503 998 572 ἐρείσας,
1047 498 1107 551 οὗ
1169 499 1432 568 πρότερον
1481 495 1764 563 ἀνίστησιν

1895 504 2023 544 osos
2075 483 2389 542 ell‘undens.
2434 481 2668 553 genibus
2699 495 2760 534 ac
2820 479 2957 534 facie
3009 477 3162 532 humi
3226 477 3449 547 positis,

106 631 116 633 -
181 576 396 667 sint},
429 600 533 663 ἕως
573 595 890 670 ἁρπαγέντα
1047 589 1274 660 δυνάμει
1300 587 1392 640 τοῦ
1449 585 1766 655 Πνεύματος

184 701 304 762 ἴδοι,
333 695 580 766 ἀγγέλων
609 708 669 744 τε
696 687 902 758 πλῆθος
940 685 1068 754 περὶ
1093 685 1275 742 αὑτὸν,
1309 681 1402 735 καὶ
1427 679 1614 747 ὥσπερ
1650 675 1767 766 κατ’

184 765 500 854 ἐκεῖνοίτῆς
536 781 813 851 Ἀντιόχου
863 773 1280 845 κατενεχθέντα,
1317 770 1451 824 καθὸ
1497 765 1771 821 πενθοῦσα

183 880 318 950 ipsi!
353 877 567 950 ἡπόλις
633 874 720 941 εῖη
756 872 823 926 τι
869 870 1121 939 φίλτατα.
1158 867 1269 919 Καὶ
1327 863 1402 925 ὡς
1454 859 1616 922 αὐτὸς
1673 859 1772 929 μὲν

184 973 322 1044 πρὸς
375 969 637 1029 ἀνατολὰς
692 960 1252 1033 ἑστὼςπροσεύξαιτο
1273 955 1402 1027 περὶ
1448 954 1645 1023 αὐτῆς,
1675 951 1773 1021 οὐχ

183 1041 327 1136 ὑπὲρ
358 1061 578 1129 ἁπάσης
611 1058 666 1111 δὲ
702 1057 800 1126 τῆς
845 1054 1058 1114 πόλεως
1090 1050 1338 1104 ἀνύσειεν
1368 1050 1401 1116 ἡ
1450 1046 1608 1116 εὐχὴ,
1653 1041 1774 1096 ἀλλ’

183 1142 362 1208 έκεῖνο
392 1152 488 1221 μὲν
521 1151 583 1202 τὸ
619 1149 786 1218 μέρος
826 1145 989 1208 εὐθὺς
1044 1139 1431 1208 ἀπαλλαγῆναι
1476 1138 1573 1204 τῆς
1617 1136 1776 1188 ἀπει-

183 1247 284 1317 λῆς
311 1263 323 1276 ο
362 1241 661 1314 μεταϐῆναι
684 1239 741 1293 δὲ
776 1238 917 1290 κατὰ
949 1233 1303 1305 μεσημϐρίαν
1333 1231 1425 1283 τὸν
1451 1225 1775 1298 ὀλοθρεύον-

181 1351 275 1396 τα,
315 1334 407 1385 καὶ
465 1331 661 1402 θρῆνον
715 1323 872 1390 αὖθις
927 1325 1124 1394 ἁθρόον
1181 1321 1392 1377 ἐκεῖθεν
1454 1317 1771 1388 ἐγερθῆναι,

184 1422 434 1494 κραυγὴν
469 1421 898 1490 συντρίμματος,
929 1418 1022 1469 καὶ
1050 1413 1282 1467 κοπετὸν
1317 1411 1410 1464 καὶ
1435 1411 1579 1470 οὐαὶ,
1610 1406 1775 1477 μηδὲν

182 1515 283 1569 τοῦ
318 1513 584 1586 πρρτέρου
634 1509 959 1578 λειπόμενα,
992 1506 1070 1570 ὼς
1111 1505 1274 1568 αὐτὸς
1303 1506 1370 1573 τῇ
1414 1501 1586 1572 μητρὶ
1623 1516 1778 1569 τηνι-

185 1603 367 1660 καῦτα
419 1607 511 1658 καὶ
561 1605 673 1666 τοῖς
723 1599 990 1672 παροῦσιν
1058 1601 1086 1651 6
1147 1597 1292 1658 θεῖος
1383 1591 1610 1664 Συμεὼν
1691 1588 1782 1655 ὲξ-

184 1694 398 1764 ηγεῖτο.

264 1786 413 1857 ρμβ’.
439 1782 594 1838 Κατὰ
623 1783 787 1844 πόδας
816 1780 872 1834 δὲ
896 1779 1044 1851 καλή
1077 1779 1232 1840 πόλις
1266 1776 1403 1847 πρὸς
1427 1775 1588 1828 αὐτὸν
1618 1768 1779 1834 αὖθις

1870 596 1980 634 non
2015 580 2171 648 prius
2209 592 2272 631 se
2301 576 2521 634 levavit.
2555 587 2719 642 quam
2748 578 2900 626 extra
2934 585 2992 624 se
3043 569 3283 639 Spiritus
3336 567 3454 622 vir-

1873 682 1988 727 tute
2036 678 2252 739 raptus,
2318 668 2549 722 vidisset
2639 663 3055 718 multitudinem
3132 663 3456 732 angelorum

1874 768 2185 835 cingentem
2215 770 2374 828 se,et
2424 760 2620 814 eodem
2657 757 2812 828 quasi
2877 767 3128 826 tempore
3185 756 3242 810 in
3304 755 3455 810 illam

1874 856 2232 919 descendere,
2252 870 2360 925 quo
2397 854 2529 908 urbs
2557 850 2970 908 lamentabatur
2991 849 3453 904 charissimorutn

1869 951 2164 1021 jacturam.
2205 949 2312 1004 Sed
2345 949 2491 1004 sicut
2544 947 2662 1017 ipse
2716 945 2782 1001 ad
2833 945 3107 1001 orientem
3154 955 3460 997 conversus

1876 1042 2279 1113 deprecabatur
2312 1056 2409 1110 pro
2437 1041 2575 1110 ipsa.
2615 1040 2694 1093 sic
2723 1054 2830 1093 non
2861 1051 2964 1108 pro
2993 1037 3252 1091 universa
3314 1034 3456 1088 urbe

1877 1136 2195 1206 deprecatio
2221 1133 2478 1187 exaudita
2506 1137 2613 1195 est,
2657 1145 2850 1184 verum
2879 1130 2993 1184 sola
3035 1129 3124 1182 illa
3169 1127 3460 1183 orientalis

1878 1241 2024 1296 pars,
2062 1225 2227 1279 minis
2273 1225 2456 1279 statim
2497 1223 2864 1284 cessantibus.
2919 1222 3171 1291 periculo
3222 1220 3459 1275 subduci

1877 1319 1993 1372 visa
2023 1327 2126 1372 est.
2160 1317 2366 1372 Deinde
2399 1316 2463 1370 ad
2486 1315 3000 1384 meridiem‘transit
3053 1329 3290 1384 nequam
3343 1313 3455 1384 spi-

1882 1410 2053 1476 ritus;
2093 1425 2157 1464 ac
2218 1418 2442 1478 repente
2503 1409 2687 1480 gravis
2736 1409 3011 1478 planctus,
3069 1408 3195 1461 inde
3231 1407 3461 1472 clamor,

1881 1503 2244 1558 contritiones
2273 1510 2328 1556 et
2354 1501 2590 1569 ejulatus
2626 1508 2682 1554 et
2729 1516 2827 1565 vce,
2860 1499 3036 1553 nihilo
3075 1514 3237 1568 quam
3305 1497 3464 1568 prius

1884 1593 2279 1658 tolerabiliora,
2354 1592 2590 1647 excitata
2642 1602 2803 1655 sunt;
2859 1591 3006 1645 sicut
3060 1589 3176 1660 ipse
3224 1589 3464 1660 Symeon

1881 1687 2040 1743 matri
2076 1702 2189 1741 suae
2209 1686 2441 1754 aliisque
2471 1684 2832 1754 praesentibus
2892 1691 3025 1738 tunc
3074 1681 3380 1736 enarravit.

1955 1779 2072 1834 ΗΞ.
2112 1777 2401 1847 Extemplo
2425 1784 2608 1829 autent
2636 1774 2809 1830 etlusa
2851 1774 3068 1839 civitas,
3090 1774 3156 1828 ad
3211 1779 3462 1827 sanctum

187 1847 367 1949 ἀνῇει,
411 1863 685 1934 πενθικοῖς
716 1874 792 1935 ὡς
832 1847 1042 1944 πρώην-
1071 1871 1164 1923 καὶ
1218 1870 1457 1937 σχήμασι
1503 1868 1599 1919 καὶ
1631 1863 1778 1934 βαδί-

1887 1871 2064 1926 denuo
2114 1869 2372 1932 recurrit,
2428 1867 2619 1933 ﬂebili,
2675 1875 2734 1921 ut
2789 1866 3093 1937 quondam,
3153 1865 3338 1934 specie
3403 1877 3467 1917 ac

189 1982 386 2035 σμασι,
410 1963 710 2033 ποιουμένη
742 1961 971 2015 κοπετὸν
1000 1960 1075 2022 ὡς
1101 1958 1432 2028 δρακόντων,
1458 1955 1552 2009 καὶ
1583 1955 1779 2017 πένθος

184 2058 267 2120 ὡς
319 2055 632 2126 θυγατέρων
683 2055 966 2124 σειρήνων.
1018 2048 1496 2120 Περιπαθέστερον
1531 2048 1777 2116 τοίνυνὴ

185 2152 318 2205 ὁσία
348 2150 442 2203 τοῦ
482 2151 630 2203 όσίου
670 2150 850 2220 μήτηρ
874 2143 1200 2206 διατεθεῖσα,
1229 2143 1322 2197 καὶ
1353 2143 1552 2214 μᾶλλον
1583 2141 1779 2210 ἑαυτῆς

187 2244 255 2297 τὸ
285 2243 510 2314 πάθοςῆ
539 2241 761 2295 ἐκείνων
781 2235 919 2293 εἶναι
943 2236 1234 2308 νομίσασα,
1259 2235 1430 2288 δεῖται
1459 2234 1551 2286 τοῦ
1575 2235 1776 2286 οίκείου

193 2337 361 2391 πάλιν
402 2335 591 2397 παιδὸς
620 2335 718 2403 οὐχ
748 2332 954 2394 ἁπλῶς,
993 2330 1127 2384 ἀλλὰ
1160 2330 1484 2399 στεναγμοῖς
1528 2326 1640 2397 πῦρ
1676 2329 1780 2396 ἀφ·

195 2431 348 2491 ιεῖσι,
385 2429 478 2480 καὶ
508 2427 789 2497 δάκρυσιν,
832 2426 894 2477 οὐ
925 2424 1144 2494 κάμψαι
1179 2429 1360 2492 μόνον,
1389 2420 1527 2474 ἀλλὰ
1562 2420 1657 2472 καὶ
1686 2420 1783 2488 τῆ-

194 2522 289 2587 ξαι
339 2518 568 2587 καρδίαν
619 2516 737 2570 υἱοῦ
783 2517 1124 2587 δυναμένοις,
1165 2514 1442 2584 ἐπαμῦναι
1482 2513 1781 2582 κάμνουσιν

195 2614 386 2676 αὐτοῖς
414 2612 579 2675 εῖ-ητις
606 2611 855 2681 δύναμις.
902 2610 960 2662 'U
985 2609 1040 2662 δὲ
1062 2608 1162 2679 τῆς
1197 2607 1456 2679 συνήθους,
1481 2607 1616 2678 πρὸς
1650 2605 1782 2659 Θεὸν

195 2708 295 2758 καὶ
329 2704 490 2758 πάλιν
514 2703 678 2772 εὐχῆς
707 2701 964 2772 ἐχόμενος
992 2695 1081 2772 ἦν,
1117 2700 1214 2753 καὶ
1258 2687 1357 2769 τῆς
1394 2699 1586 2768 ὁμοίας
1625 2697 1782 2760 αὖθις

193 2796 378 2868 ὅψεως
410 2795 748 2864 ἀξιούμενος.
794 2793 860 2847 Ἦ
887 2793 945 2846 δὲ
971 2788 1038 2863 ἦν
1057 2808 1072 2824 ⁸
1114 2790 1337 2863 ἁρπαγὴ
1372 2791 1472 2861 μὲν
1500 2789 1666 2843 αὑτοῦ
1691 2791 1784 2843 καὶ

1883 1963 2124 2027 incessu,
2149 1961 2302 2015 ciens
2334 1960 2664 2030 ejaculatum
2691 1968 2752 2013 ut
2777 1959 3108 2023 draconum,
3147 1969 3199 2013 et
3252 1958 3464 2013 luctum

1881 2054 2023 2108 sicut
2037 2051 2159 2107 lilia:
2175 2050 2651 2107 sirenum.Sancta
2663 2065 2795 2104 vero
2817 2049 3105 2121 Symeonis
3123 2059 3295 2103 mater
3313 2048 3465 2118 gravi

1881 2146 2072 2200 dolore
2122 2143 2336 2206 atl'ecta,
2382 2157 2659 2212 suumque.
2710 2141 2883 2197 multo
2946 2141 3286 2196 acerbiorem
3343 2156 3470 2195 sen-

1883 2250 2004 2292 sum
2056 2250 2176 2290 esse
2206 2251 2367 2304 quam
2407 2234 2627 2288 illorum
2660 2243 2794 2298 rata,
2826 2233 3026 2288 iterum
3073 2232 3186 2287 tilio
3225 2247 3464 2299 suo,non

1881 2341 2046 2397 prece
2070 2325 2332 2395 simplici,
2355 2325 2448 2378 sed
2475 2323 2773 2394 gemitibus
2804 2307 3071 2378 scintillas
3094 2321 3283 2392 igneas
3305 2322 3468 2376 emit-

1884 2416 2147 2480 tentibus,
2183 2414 2571 2487 lacrymisque,
2616 2429 2728 2469 non
2760 2413 2999 2469 'llectcre
3046 2413 3234 2479 modo,
3269 2428 3464 2468 verum

1883 2509 2048 2565 etiam
2092 2509 2306 2579 liquare
2337 2522 2434 2561 cor
2474 2505 2573 2560 ﬁlii
2613 2506 2946 2570 valentibus,
2968 2505 3278 2576 supplicat,
3319 2514 3381 2560 ut
3421 2506 3467 2558 si

1882 2617 1992 2670 quo
2015 2599 2181 2654 modo
2209 2598 2402 2670 possit,
2423 2605 2714 2652 succurrat
2742 2595 3207 2667 periclitantibus.
3242 2595 3327 2651 Ad
3353 2597 3470 2652 haec

1886 2691 2123 2759 Symeon
2176 2696 2496 2744 consuetam
2551 2687 2764 2757 pridem
2807 2685 3118 2741 orationem
3158 2702 3467 2754 resumens,

1884 2781 2048 2837 simili
2101 2796 2319 2844 rursum
2364 2779 2579 2835 visione
2629 2778 2886 2851 dignatus
2930 2778 3056 2834 fuit.
3116 2779 3247 2834 Erat
3284 2789 3468 2835 autem

199 2889 368 2950 πάλιν
389 2886 466 2958 τῷ
486 2885 784 2956 Πνεύματι,
814 2886 907 2938 καὶ
931 2883 1154 2947 κάθοδος
1189 2884 1281 2937 ἐπὶ
1303 2884 1402 2952 τὴν
1424 2883 1563 2937 κατὰ
1592 2881 1784 2934 Σελεύ-

1887 2873 2154 2946 ejusmodi
2185 2891 2197 2927 :
2227 2873 2436 2943 Raptus
2472 2873 2656 2928 denuo
2702 2873 2759 2926 in
2804 2872 3062 2928 exstasim
3099 2870 3474 2944 descendebat

200 2997 357 3034 κειαν
382 2979 576 3050 πύλην,
608 2975 923 3046 ἀποστροφὴ
955 2975 1010 3028 δὲ
1030 2973 1123 3028 τοῦ
1149 2973 1529 3046 ὀλοθρεύοντος
1552 2972 1782 3039 ἐκεῖθεν,

1887 2963 2077 3020 versus
2112 2966 2282 3030 illam,
2312 2982 2432 3035 quae
2467 2965 2776 3022 Seleuciam
2803 2968 3046 3038 respicit,
3080 2978 3293 3039 portam
3323 2987 3336 3021 :
3369 2970 3475 3039 spi-

201 3073 302 3126 καὶ
333 3071 472 3124 κατὰ
496 3069 596 3139 τῆς
628 3067 797 3137 μονῆς
828 3065 922 3120 τοῦ
953 3066 1108 3136 ἁγίου
1142 3065 1342 3135 μᾶλλον
1370 3066 1515 3138 όρμή
1540 3081 1556 3096 '
1583 3063 1784 3135 ἅμιλλά

1887 3059 2026 3113 ritus
2052 3068 2237 3113 autem
2264 3067 2529 3124 vastator,
2564 3061 2690 3116 inde
2732 3059 2914 3132 fugam
2944 3063 3240 3132 arripiens,
3283 3076 3476 3121 contra

200 3179 264 3219 τι
299 3163 428 3233 περὶ
460 3161 629 3230 αὐτῆς
667 3161 889 3228 ἀμφοῖν,
936 3157 1177 3228 πλευρᾶς
1212 3156 1480 3226 ἑκατέρας
1523 3155 1784 3225 ἐπειλημ-

1889 3151 2285 3205 monasterium
2317 3151 2490 3205 sancti
2523 3154 2886 3208 convertebat
2926 3154 3228 3225 impetum;
3261 3155 3328 3212 de
3363 3173 3475 3228 quo

206 3255 407 3327 μένων,
435 3255 527 3307 καὶ
551 3251 644 3305 τοῦ
677 3251 776 3322 μὲν
802 3252 950 3311 ὅπως
977 3250 1042 3303 ἂν
1073 3249 1259 3312 κακῶς
1300 3249 1509 3320 διαθείη
1549 3249 1784 3316 φιλονει-

1890 3253 1945 3299 et
1976 3243 2158 3315 gravis
2191 3252 2310 3299 orta
2349 3245 2496 3299 inter
2532 3253 2831 3316 utrumque
2861 3249 3149 3302 contentio
3183 3257 3286 3310 est.
3343 3265 3476 3305 suas

201 3346 449 3410 κοῦντος,
480 3343 573 3398 τοῦ
610 3344 668 3396 δὲ
699 3343 847 3406 ὅπως
890 3341 956 3396 ἂν
993 3340 1244 3411 ἐξέληται
1273 3341 1373 3411 τῆς
1411 3341 1619 3395 ἐκείνου
1655 3339 1784 3411 βλά-

1889 3351 2224 3406 unoquoque
2265 3351 2458 3390 eorum
2498 3347 2686 3406 partes
2720 3347 2936 3408 agente,
2989 3338 3165 3393 altero
3211 3338 3475 3394 damnum

203 3437 312 3508 6ης
345 3436 512 3508 αὐτὴν
554 3433 979 3504 ἀγωνιζομένου.
1039 3434 1126 3486 Ἐν
1181 3433 1421 3501 τοσούτῳ
1463 3433 1520 3487 δὲ
1565 3433 1657 3486 τὸν
1691 3432 1784 3504 μὲν

1888 3428 2093 3483 inferre
2141 3436 2444 3498 satagente,
2489 3429 2666 3483 altero
2694 3429 2829 3483 illud
2876 3440 3133 3486 avertere
3165 3431 3474 3488 laborante.

203 3527 563 3596 ὀλοθρεύοντα
606 3525 843 3595 μυστική
887 3540 971 3587 τις
1022 3522 1228 3577 ἄνωθεν
1273 3523 1425 3595 φωνὴ
1467 3523 1610 3577 κατὰ
1654 3523 1784 3580 πολὺ

1887 3520 2103 3576 Interea
2137 3521 2405 3575 scelerum
2434 3520 2784 3576 machinator
2811 3538 3008 3578 arcana
3046 3523 3280 3591 quadam
3319 3527 3474 3582 caeli-

205 3619 271 3672 τὸ
298 3619 552 3672 ἀκούσιον
600 3617 858 3686 ἀφίστησι
888 3618 986 3684 τῆς
1015 3615 1183 3686 μονῆς
1206 3632 1219 3644 ·
1251 3615 1281 3667 6
1309 3614 1365 3669 δὲ
1403 3616 1495 3668 καὶ
1523 3615 1784 3688 δευτέραν

1895 3623 1981 3668 tus
2006 3612 2171 3667 missa
2203 3627 2336 3667 voce
2367 3612 2664 3668 admodum
2687 3613 2893 3669 invitus
2915 3614 3037 3670 loco
3061 3615 3325 3686 depulsus
3351 3616 3478 3679 fuit,

206 3709 398 3778 ιφοδον
448 3705 601 3769 αὖθις
645 3704 765 3759 κατ’
798 3705 966 3775 αὐτῆς
998 3703 1331 3770 ἀπειλήσας,
1370 3705 1461 3758 ἐπὶ
1506 3705 1603 3775 τὴν
1644 3703 1784 3757 οὕτω

1895 3706 2266 3776 minitansque
2301 3704 2530 3761 alteram
2569 3707 2751 3762 denuo
2785 3707 3150 3775 invasionem,
3183 3708 3251 3764 ad
3297 3709 3478 3764 locum

207 3801 533 3857 Κασσυῶτιν
566 3798 906 3870 καλουμένην
939 3798 1075 3862 τέως
1110 3797 1395 3870 ἐτράπετο.

1895 3798 2181 3871 Cassyotin
2225 3799 2433 3854 dictum
2483 3814 2659 3868 usque
2697 3799 2948 3854 recessit.

1643 3940 1871 3998 CAPUT
1904 3941 2092 3997 XVIII.

317 4059 519 4117 Iterum
549 4077 668 4116 suos
708 4059 970 4125 hortatur,
1004 4059 1226 4130 fratrem
1252 4078 1284 4114 a
1332 4057 1568 4115 drcmone
1617 4062 1843 4116 occisum
1883 4070 1998 4132 post
2039 4060 2218 4115 varias
2261 4075 2437 4131 preces
2478 4077 2539 4114 ac
2588 4061 2808 4116 visiones
2839 4062 2907 4114 ad
2943 4063 3103 4117 vitam
3144 4073 3372 4117 revocat.

285 4178 434 4244 ρμγ’.
489 4173 599 4226 Καὶ
655 4171 683 4223 6
720 4172 818 4241 μὲν
850 4171 992 4242 ίερὸς
1035 4172 1209 4225 ταῦτα
1237 4170 1462 4242 Συμεὼν
1507 4174 1574 4244 τῇ
1623 4174 1790 4244 μητρὶ

207 4267 498 4334 ἀφηγεῖτο,
538 4265 660 4316 ἐπεὶ
709 4265 803 4317 καὶ
832 4263 952 4318 λίαν
981 4262 1150 4334 αὐτὴν
1201 4263 1318 4335 ᾔδει
1351 4263 1666 4336 χαίρουσαν,
1695 4264 1790 4319 καὶ

209 4359 378 4413 πάλιν
407 4357 832 4427 παθαινομένην,
859 4353 916 4411 εὖ
948 4357 1084 4428 αὐτῇ
1115 4356 1224 4411 τῶν
1255 4359 1578 4428 πατριωτῶν
1607 4356 1789 4430 ἢτοῦ-

207 4448 425 4503 ναντίον
469 4449 700 4519 ἐχόντων
726 4465 739 4478 ·
785 4448 882 4519 τὴν
909 4448 966 4500 δὲ
1017 4447 1342 4501 Κασσυιῖιτιν
1397 4447 1631 4519 ὀδυρμὸς
1676 4445 1788 4518 εἶχε

1971 4171 2088 4229 M3.
2133 4175 2196 4227 Et
2229 4174 2347 4230 haec
2375 4174 2597 4245 quidem
2623 4182 2845 4232 sanctus
2876 4176 3112 4248 Symeon
3157 4178 3317 4233 matri
3367 4195 3479 4233 sum

1896 4269 2210 4330 enarrabat,
2247 4284 2372 4323 cum
2416 4268 2588 4338 ipsam
2640 4267 2936 4324 admodum
2987 4271 3266 4328 laetantem
3315 4280 3480 4344 atque

1898 4377 2090 4417 rursus
2123 4361 2364 4431 graviter
2399 4371 2729 4416 commotam
2752 4363 3166 4432 conspexisset,
3195 4375 3360 4435 prout
3405 4369 3484 4421 ci-

1893 4450 2042 4503 vium
2062 4465 2150 4503 res
2172 4449 2403 4504 laetatvel
2419 4451 2604 4504 tristes
2621 4461 2778 4506 erant
2797 4468 2815 4518 ;
2835 4450 3121 4522 Cassyotin
3147 4472 3276 4510 vero
3299 4457 3482 4513 luctus

210 4541 310 4596 καὶ
340 4541 554 4610 θρῆνος·
583 4541 772 4611 Ιἤγειρε
799 4540 908 4612 γὰρ
936 4541 1023 4593 ἐπ’
1056 4541 1226 4609 αὐτὴν
1255 4540 1525 4610 μάστιγας
1567 4541 1596 4592 ό
1631 4540 1784 4605 Θεὸς,

1893 4549 1949 4594 et
1970 4541 2216 4610 ploratus
2239 4541 2566 4610 occupabat,
2598 4542 2815 4598 levante
2838 4559 3006 4613 super
3027 4545 3174 4601 illam
3206 4546 3480 4619 flagellum

209 4633 311 4686 καὶ
371 4631 573 4702 πλῆθος
630 4631 837 4684 ἐκεῖθεν
897 4630 1049 4704 παρὰ
1111 4631 1202 4684 τὸν
1268 4631 1422 4698 ἅγιον
1474 4632 1574 4684 οὐκ
1613 4631 1793 4699 ὀλίγον

212 4723 433 4792 ἀπήντα
453 4761 468 4786 ,
499 4722 1015 4791 ὲλεεινολογούμενοι
1039 4722 1176 4792 πρὸς
1204 4723 1388 4789 αὑτὸν,
1418 4721 1503 4777 οἶα
1532 4724 1793 4778 τέτακται

209 4813 397 4885 ἡμέρα
424 4814 628 4882 Κυρίου
657 4814 742 4866 ἐπ’
768 4813 982 4879 αὐτοὺς,
1009 4815 1180 4884 πικρὰ
1210 4816 1302 4868 καὶ
1334 4815 1566 4887 σκληρὰ,
1592 4814 1794 4887 δυνατὴ

211 4906 420 4977 ἡμέρα,
449 4906 618 4976 ὀργῆς
660 4908 691 4974 ἡ
729 4905 912 4976 ἡμέρα
958 4905 1165 4977 ἐκείνη,
1195 4905 1383 4976 ἡμέρα
1422 4907 1654 4976 θλίψεως
1700 4909 1794 4961 καὶ

210 4997 481 5067 ἀνάγκης,
510 4996 695 5067 ἡμέρα
722 4997 929 5067 ἀωρίας
958 4999 1052 5052 καὶ
1080 4997 1411 5069 ἀφανισμοῦ,
1446 5000 1629 5070 ἡμέρα
1665 5001 1793 5052 σκό-

208 5106 342 5152 τους
376 5090 472 5143 καὶ
495 5089 720 5157 γνόφου,
749 5089 935 5159 ἡμέρα
983 5091 1216 5160 νεφέλης
1265 5090 1359 5144 καὶ
1404 5091 1656 5162 ὁμίχλης.
1686 5093 1795 5145 Καὶ

215 5181 402 5253 μέντοι
425 5181 519 5234 καὶ
541 5179 633 5234 τοῦ
661 5183 720 5234 ὲν
747 5179 1040 5251 ὀφθαλμοῖς
1067 5179 1314 5236 κινδύνου
1338 5183 1431 5236 καὶ
1455 5184 1562 5236 τῶν
1583 5183 1792 5250 δεινῶν,

210 5273 404 5341 εὐχαῖς
436 5272 666 5334 ἐκείνου,
707 5271 1057 5344 κομιζόμενοι
1105 5273 1288 5328 λύσιν·
1332 5274 1360 5327 6
1397 5275 1472 5339 δὲ,
1513 5292 1800 5346 προσαγα-

208 5365 419 5433 γόντων
457 5363 554 5434 ἤδη
593 5363 659 5433 τῇ
697 5367 832 5434 μονῇ
865 5365 959 5418 καὶ
986 5365 1110 5418 ὅσον
1134 5366 1234 5419 οὐκ
1263 5367 1353 5418 ἐπὶ
1385 5365 1579 5439 θύραις
1611 5369 1796 5421 αἰσθό-

215 5469 382 5526 μενος
411 5453 518 5506 τῶν
554 5455 943 5527 πειρατηρίων,
976 5459 1100 5520 τοὺς
1138 5457 1386 5528 μαθητὰς
1427 5459 1561 5528 όμοῦ
1591 5460 1798 5525 πάντας

214 5546 562 5616 συναγαγὼν,
604 5549 756 5614 Ἰδοὺ,
790 5549 956 5602 τέκνα
983 5549 1077 5602 καλ
1101 5550 1339 5620 ἀδελφοὶ,
1366 5550 1492 5619 ἔφη,
1516 5552 1588 5613 ὡς
1613 5551 1798 5622 ἄμπε-

209 5639 305 5703 λος
333 5639 622 5710 ἐγενήθητε
661 5641 738 5710 τῷ
761 5642 980 5713 Χριστῷ
1011 5642 1236 5712 κομῶσα
1265 5645 1352 5696 καὶ
1385 5643 1672 5710 θάλλουσα,
1705 5647 1800 5700 καὶ

212 5731 430 5805 ἀρετῶν
456 5732 604 5786 ἄνθει
631 5732 1054 5807 βρύουσα,δεξιᾷ
1070 5739 1133 5806 τῇ
1157 5736 1366 5790 ἐκείνου
1389 5739 1795 5811 πεφυτευμένη,

211 5825 303 5896 εἴη
336 5821 392 5876 δὲ
427 5826 517 5879 καὶ
548 5827 954 5898 κατηρτισμίνη
985 5827 1184 5898 λέγειν.
1225 5831 1417 5902 Ὁρᾶτε
1448 5827 1540 5885 οὖν
1564 5831 1636 5902 μὴ
1665 5833 1799 5887 καθ-

1897 4648 2056 4687 suum
2087 4633 2352 4699 Domino;
2377 4644 2433 4689 et
2468 4634 2661 4704 ingens
2705 4636 3003 4691 multitudo
3036 4639 3320 4696 hominum
3353 4643 3481 4699 inde

1897 4722 1964 4778 ad
2025 4733 2276 4779 sanctum
2320 4725 2704 4806 accurrebant,
2745 4727 3086 4784 lamentabili
3142 4745 3276 4789 voce
3319 4751 3480 4806 opem

1898 4815 2279 4886 implorantes,
2335 4834 2442 4872 non
2484 4803 2740 4873 secus‘ac
2773 4819 2819 4873 si
2856 4820 3108 4878 irruisset
3146 4842 3313 4896 super
3359 4803 3483 4884 illos

1896 4908 2015 4964 dies
2028 4909 2246 4963 Domini
2274 4925 2458 4965 amara
2500 4919 2556 4965 et
2573 4912 2734 4975 dura,
2755 4912 2874 4968 dies
2889 4913 3069 4976 fortis,
3087 4917 3208 4972 dies
3226 4919 3342 4986 ira),
3365 4921 3482 4976 dies

1898 5001 2273 5084 tribulationis
2316 5014 2372 5058 et
2424 5003 2794 5067 necessitatis,
2839 5005 2956 5060 dies
2988 5006 3405 5068 immaturitatis
3428 5028 3484 5069 et

1897 5095 2246 5164 perditionis,
2282 5097 2401 5152 dies
2433 5097 2685 5167 caliginis
2731 5106 2789 5152 ct
2821 5098 3198 5169 tenebrarum,
3233 5103 3354 5160 dies
3382 5123 3485 5161 nu-

1898 5189 1986 5246 bis
2014 5200 2069 5245 et
2101 5190 2337 5246 nebulae.
2367 5191 2842 5264 EtCassyotenses
2873 5194 3101 5264 quidem
3141 5196 3487 5256 imminentia

1900 5279 2003 5334 sibi
2042 5281 2292 5351 pericula
2340 5282 2791 5352 calamitatesque
2843 5283 3045 5354 depelli
3079 5288 3254 5342 sancti
3302 5292 3487 5359 preci-

1901 5370 2005 5424 bus
2052 5371 2315 5427 viderunt
2348 5391 2361 5426 :
2396 5372 2509 5442 ipse
2539 5389 2673 5428 vero
2703 5373 2962 5444 ingruere
2999 5376 3052 5430 in
3090 5381 3486 5435 monasterium

1901 5476 2060 5515 suum
2093 5463 2427 5518 tentationes
2451 5473 2507 5518 et
2531 5471 2744 5518 tantum
2774 5480 2882 5518 non
2909 5481 3020 5535 prce
3051 5465 3266 5524 foribus
3293 5469 3486 5525 adesse

1901 5555 2168 5618 sentiens,
2232 5555 2521 5625 discipulis
2562 5557 2728 5612 simul
2786 5559 3050 5614 omnibus
3094 5553 3414 5617 c'onvoratis
3474 5581 3487 5617 :

1902 5645 2064 5710 Ecce,
2122 5644 2217 5699 ﬁlii
2263 5662 2327 5700 ac
2369 5647 2568 5702 fratres
2596 5649 2725 5715 mei,
2759 5650 2959 5721 inquit,
2990 5653 3134 5706 sicut
3173 5654 3300 5708 vitis
3322 5653 3486 5709 Chri-

1904 5749 1988 5793 sto
2021 5737 2153 5795 t'acti
2183 5739 2336 5803 estis,
2366 5741 2692 5811 palmitibus
2717 5742 2941 5810 decora,
2984 5746 3193 5812 virens,
3236 5757 3291 5802 et
3333 5746 3490 5802 ﬂori-

1903 5832 2007 5887 bus
2051 5831 2322 5886 virtutum
2388 5848 2692 5906 geminans,
2757 5836 2985 5894 dextera
3036 5838 3188 5894 illius
3219 5838 3485 5910 plantam,
