4078 6332
607 289 752 353 3123

610 410 963 479 hiememque
1026 415 1480 475 consolationem.

609 501 884 560 clamavit.
913 502 1102 555 ditens
1136 547 1142 554 .
1185 503 1262 557 Ea:
1294 507 1637 561 tribulatione
1673 524 1791 562 mea
1823 510 2058 562 invocavi
2085 508 2194 560 Do-

612 592 903 661 minum,et
949 597 1214 650 c.1'uuclicit
1267 615 1347 651 me
1389 600 1442 652 in
1492 600 1770 654 latitudine
1821 603 1910 653 "2
1954 601 2192 666 Domina,

609 685 802 738 exaudi
835 689 1129 741 orationum
1164 705 1330 742 meum
1376 699 1426 743 et
1482 692 1682 744 clamor
1734 709 1874 745 meus
1921 697 1988 745 ad
2024 701 2070 743 te
2107 707 2192 744 vc-

612 778 742 830 niut.
775 777 851 830 Ne
899 789 1107 834 aii-rtus
1139 779 1325 848 faciem
1368 790 1514 835 tuam
1550 802 1579 836 α
1610 801 1767 851 puero
1795 794 1904 847 tuo,
1944 787 2194 846 quoniam

610 867 834 922 tribulor
881 887 898 930 ;
1008 871 1252 924 ι·ιτι⁷οτίιιί-
1304 874 1497 927 exaudi
1547 893 1628 927 me
1666 885 1742 935 tu,
1788 875 1874 943 qui
1925 876 2076 928 cielos
2112 879 2192 926 in-

611 960 804 1023 rlinas,
861 961 1159 1030 Dm.'a";qiii
1197 979 1262 1018 ex
1314 967 1521 1021 sanctis
1553 977 1607 1021 et
1642 968 1872 1022 excelsis
1896 967 2198 1022 habitaeu~

605 1051 676 1103 lis
712 1053 822 1106 tuis
861 1053 1220 1119 dt’ESi.(‘lltiiSii,
1255 1057 1350 1125 qui
1385 1068 1613 1127 prepter
1643 1074 1731 1111 me
1755 1073 1882 1111 caro
1909 1057 2083 1111 foetus
2115 1073 2193 1120 es,

605 1144 701 1210 qui
741 1161 838 1212 pro
865 1160 949 1198 me
974 1161 1194 1200 crucem
1217 1156 1273 1201 et
1297 1159 1529 1202 mortem
1555 1149 1888 1204 sustinuisti.
1925 1149 1978 1203 Si
2007 1150 2200 1202 volun—

610 1243 775 1287 titem
829 1234 1139 1289 timentium
1180 1245 1252 1300 te,
1287 1237 1366 1291 uti
1398 1238 1725 1307 promisisti,
1763 1238 1928 1304 facis;
1969 1224 2011 1294 si
2057 1239 2196 1292 libro

607 1326 738 1380 vita:
760 1335 979 1381 aeternae
1001 1342 1086 1381 me
1111 1327 1360 1383 inutilem
1385 1345 1604 1385 servum
1630 1329 1955 1400 inscripsisti
1976 1347 1990 1395 ;
2012 1346 2197 1399 quem-

603 1415 898 1471 admodum
946 1417 1108 1472 tiliam
1139 1419 1404 1490 principis
1428 1421 1540 1491 jam
1574 1421 1887 1475 defunctam
1910 1461 1924 1484 ,
1955 1433 2013 1475 et
2046 1436 2197 1474 mor-

614 1518 770 1562 tuum
814 1508 993 1564 vidua:
1038 1511 1209 1564 tilium
1261 1512 1371 1582 jam
1418 1512 1648 1575 elatum,
1682 1522 1737 1566 et
1789 1512 2057 1566 Lazarum
2084 1514 2196 1582 jam

601 1599 1033 1669 quatriduanum
1084 1617 1148 1654 ex
1187 1604 1420 1669 mortuis
1467 1602 1839 1670 resuscitasti;
1891 1603 1965 1656 ita
2012 1605 2198 1658 veniat

603 1706 826 1762 quoque
875 1692 1104 1762 spiritus
1133 1696 1257 1749 vita:
1290 1693 1344 1746 in
1374 1694 1530 1750 hunc
1560 1694 1906 1759 defunctum,
1949 1705 2005 1750 et
2044 1696 2189 1750 revi-

1786 306 1846 366 S.
1895 303 2275 365 SYMEONIS
2315 303 2674 368 JUNIORIS

1558 421 1763 490 ingenti
1821 421 2003 476 statim
2052 437 2185 476 voce

2297 440 2476 491 μενος.
2516 422 2605 487 ἐξ)
2643 424 2840 477 αὐτίκα
2874 425 3075 497 βοήσας
3099 467 3113 492 ,
3170 443 3257 482 nx
3300 428 3568 497 θλίψεως
3594 428 3905 484 inamic-

3748 309 3902 374 312i

2299 513 2507 583 σιὶμιιν
2555 517 2658 569 τόν
2696 518 2934 585 Κύριον,
2966 518 3092 589 ἔφη.
3135 520 3234 573 καί
3286 519 3597 586 ἐπήκουσέ
3628 537 3752 588 μου
3807 521 3899 586 εις

2298 610 2691 676 minuendi"
2733 611 2928 678 Κύριε,
2971 610 3339 666 εἰσάκουσον
3381 611 3490 679 τῆς
3528 611 3898 681 προσευχῆς

2292 715 2432 766 μου,
2460 700 2557 753 καὶ
2588 702 2624 767 ἡ
2654 702 2881 770 κραυγή
2908 720 3025 770 μου
3049 705 3200 771 πρὸς
3223 705 3296 758 σὲ
3329 704 3549 758 ἐλθέτω
3570 721 3582 732 ⁵
3606 704 3696 772 μὴ
3730 706 3896 758 ἁπο-

2297 789 2573 858 στρέψῃς
2601 793 2665 846 τὸ
2693 796 3020 859 πρόσωπόν
3049 810 3165 848 σου
3203 796 3320 851 ἀπὸ
3347 797 3453 848 τοῦ
3487 795 3709 860 παιδός
3739 812 3894 858 σου.

2298 881 2385 933 ὅτι
2411 883 2713 949 θλίϐομαιο
2737 885 2889 952 ταχὺ
2919 885 3268 940 endeavour
3283 905 3401 956 μου
3420 922 3435 947 ,
3473 891 3504 940 ό
3541 891 3770 951 κλίνας
3799 891 3898 940 οὐ·

2290 974 2517 1041 ραι-οὺς
2543 976 2688 1039 ϐοός
2710 991 2724 1003 ·
2751 979 2842 1028 καὶ
2877 977 2934 1042 ὲξ
2963 978 3131 1044 ἁγίων
3159 978 3467 1047 ὑψωμάτων
3499 980 3594 1031 καὶ
3622 996 3897 1046 κατοικη-

2299 1068 2502 1132 τηρίων
2534 1083 2628 1118 σου
2659 1068 2922 1130 καταϐὰς,
2954 1071 2981 1120 ὀ
3008 1067 3074 1120 δι’
3104 1069 3202 1137 ἐμὲ
3231 1069 3367 1138 σὰρξ
3385 1071 3701 1139 γενόμενος.
3734 1072 3768 1122 ὁ
3795 1071 3896 1120 καὶ

2302 1160 2532 1227 σταυρὸν
2559 1160 2698 1228 ὑπὲρ
2725 1163 2859 1230 ἐμοῦ
2894 1161 2985 1213 καὶ¹
3016 1161 3242 1214 θάνατον
3269 1163 3666 1230 ἀνασχόμενος.
3699 1162 3764 1214 Ei
3803 1161 3893 1212 es-

2298 1243 2361 1313 λη
2375 1263 2447 1312 μα
2467 1246 2572 1297 τῶν
2606 1262 2662 1298 σε
2693 1248 2857 1315 φοὸου
2868 1250 3063 1318 μένων,
3085 1252 3160 1312 ώς
3179 1251 3511 1320 έπηγγείλω.
3537 1254 3731 1314 ποιεῖς,
3751 1254 3805 1302 εί
3826 1253 3892 1320 τῇ

2301 1335 2469 1406 βίϐλῳ
2500 1353 2566 1406 με
2598 1338 2696 1406 τῆς
2721 1338 2871 1409 παρὰ
2903 1341 2986 1393 σοὶ
3023 1339 3166 1410 ζωῆς
3208 1343 3301 1393 καὶ
3335 1341 3425 1392 τὸν
3452 1343 3675 1412 ἀχρεῖον
3699 1341 3898 1394 δοῦλον

2301 1427 2688 1498 ὲιοαπεγράψω,
2733 1429 2807 1491 ώς
2847 1429 3174 1498 τεθνηκυῖαν
3219 1432 3320 1502 ἤδη
3369 1433 3469 1500 τὴν
3494 1431 3591 1484 τοῦ
3622 1432 3896 1501 ἄρχοντος

2302 1518 2598 1588 θυγατέρα,
2640 1519 2712 1582 ώς
2757 1517 3186 1592 ἐκκομιζόμενον
3227 1525 3420 1591 νεκρὸν
3455 1522 3547 1577 τὸν
3575 1527 3677 1594 τῆς
3708 1525 3894 1593 χήρας

2301 1610 2435 1674 υἱὸν,
2464 1611 2539 1673 ώς
2567 1612 2939 1683 τετραήμερον
2969 1614 3033 1667 ὲκ
3054 1615 3262 1684 νεκρῶν
3285 1617 3588 1687 ἀνέστησας
3609 1616 3892 1686 Λάζαρον,

2301 1702 2472 1765 οὕτως
2529 1703 2730 1756 ἐλθέτω
2782 1704 3001 1772 πνεῦμα
3055 1705 3202 1777 ζωῆς
3249 1709 3341 1760 καὶ
3390 1710 3468 1770 είς
3504 1708 3598 1761 τὸν
3627 1709 3896 1778 κείμενον

601 1761 799 1844 viscat.
834 1793 888 1838 et
905 1761 1177 1839 consistat
1212 1785 1446 1855 pedibus
1476 1784 1613 1841 suis.
1650 1785 1726 1839 lta
1749 1786 1896 1856 justo
1918 1787 2190 1856 Symeone

2454 1761 2466 1765 _
2926 1761 2938 1772 .
3063 1761 3082 1766 _
3158 1761 3197 1777 ..
3449 1761 3466 1770 υ
3723 1761 3734 1778 .

2297 1795 2499 1856 τοῦτον,
2536 1796 2624 1848 καὶ
2655 1793 2894 1864 ζησάτω,
2931 1797 3025 1849 καὶ
3061 1799 3240 1868 στήτω
3282 1799 3376 1851 ἐπὶ
3415 1799 3526 1852 τῶν
3568 1801 3745 1854 ποδῶν
3783 1802 3889 1854 αῦ-

602 1875 900 1942 clamante,
953 1891 1080 1940 vox,
1131 1877 1596 1946 quemadmodum
1653 1880 1706 1932 in
1746 1878 1994 1934 oratione
2029 1879 2186 1942 solet,

604 1969 750 2022 intra
789 1968 964 2039 ipsius
987 1969 1226 2038 jacentis
1275 1971 1512 2025 animam
1542 1970 1730 2024 audita
1758 1978 1841 2024 est
1866 1969 1966 2040 (uti
2004 1981 2191 2040 postea

602 2061 883 2129 narrabat)
905 2060 1100 2115 dicens
1130 2077 1144 2114 :
1169 2059 1339 2116 Totus
1362 2061 1603 2116 mundus
1626 2062 1867 2115 tenebrae
1888 2069 1971 2115 est
1994 2079 2009 2126 ;
2043 2063 2189 2116 nulla

603 2153 815 2222 uspiam
848 2152 942 2206 lux
971 2167 1140 2220 super
1184 2151 1379 2206 faciem
1432 2161 1614 2216 terrae,
1652 2153 1914 2221 quoniam
1966 2152 2188 2222 impleta

600 2251 688 2299 est
738 2243 1004 2313 iniquitas
1051 2245 1106 2298 in
1142 2243 1382 2312 negotiis
1410 2243 1650 2298 ﬁliorum
1683 2243 1989 2308 hominum,
2024 2243 2188 2313 idque

605 2350 719 2390 non
752 2336 930 2390 solum
977 2337 1085 2391 hoc
1126 2335 1182 2389 in
1223 2335 1365 2391 loco.

674 2531 798 2588 M7.
832 2531 950 2586 Jam
1004 2530 1084 2586 sol
1134 2544 1330 2585 versus
1361 2529 1652 2585 meridiem
1695 2529 2021 2594 inclinabat,
2060 2545 2185 2585 cum

601 2620 840 2692 suspicit
889 2630 1116 2675 sanctus
1162 2620 1398 2692 Symeon
1431 2637 1446 2673 :
1476 2629 1643 2690 atque
1691 2634 1820 2675 ecce
1868 2613 2187 2690 panduntur

603 2713 752 2778 cmli,
795 2721 852 2767 et
890 2711 1100 2777 lumen,
1145 2696 1256 2766 non
1307 2711 1470 2766 modo
1505 2713 1790 2766 oculorum
1841 2712 2036 2773 aciem,
2091 2712 2185 2766 sed

603 2806 776 2874 ipsam
817 2820 1038 2875 quoque
1073 2805 1217 2859 diem
1252 2813 1308 2859 et
1343 2796 1851 2875 splendidissimum
1886 2803 2057 2858 solem
2108 2803 2188 2857 of-

599 2900 846 2961 fuscans,
893 2913 1056 2967 supra
1091 2899 1495 2952 firmamentum
1525 2897 1755 2963 emicat;
1794 2913 2072 2967 sonusque
2103 2912 2189 2951 ro-

605 3003 786 3045 tarum
824 2991 1167 3044 currentium
1197 2989 1457 3043 allabitur
1487 2989 1734 3043 auribus.
1764 2988 1973 3042 Currus
2002 2997 2186 3043 autem

2291 1885 2407 1940 τοῦ.
2466 1886 2649 1940 Ταῦτα
2710 1888 2806 1940 τοῦ
2858 1887 3066 1940 δικαίου
3124 1889 3374 1958 βοῶντος,
3425 1891 3578 1960 φωνὴ
3628 1891 3890 1963 καθάπερ

2292 1981 2350 2029 ὲν
2411 1982 2688 2050 προσευχῇ
2743 1982 2808 2048 τῇ
2864 1982 3009 2051 ψυχῇ
3068 1981 3163 2032 τοῦ
3221 1981 3472 2051 κειμένου
3512 1982 3767 2052 ⁴ἠκούετο,
3811 1983 3886 2048 ὡς

2291 2071 2453 2134 αὐτὸς
2491 2070 3090 2142 ὕστερονὲξηγούμενος
3109 2068 3196 2142 ἦν,
3232 2073 3415 2138 Ὀλος,
3450 2074 3710 2140 λέγουσα,
3749 2076 3887 2127 σκό-

2290 2178 2382 2222 τος
2427 2164 2456 2215 ὁ
2487 2163 2711 2230 κόσμος,
2758 2163 2856 2216 οὐκ
2885 2165 3004 2216 ἐστι
3036 2163 3150 2232 φῶς
3189 2165 3283 2216 ἐπὶ
3315 2164 3613 2234 προσώπου
3651 2165 3754 2234 τῆς
3780 2165 3886 2234 γῆς

2290 2252 2552 2322 οὐδαμοῦ,
2590 2253 2988 2326 πληθυνθιίσης
3039 2255 3137 2324 τῆς
3188 2257 3416 2327 ἀνομίας
3457 2259 3512 2309 ἰν
3544 2261 3659 2321 τοῖς
3690 2261 3886 2327 ἐπιτη-

2288 2345 2522 2416 δεύμασι
2581 2347 2691 2400 τῶν
2745 2345 2878 2400 υίῶν
2932 2347 3040 2402 τῶν
3087 2346 3413 2418 ἀνθρώπων,
3459 2349 3541 2402 ὅτι
3595 2348 3671 2418 μὴ
3719 2352 3882 2420 μόνον

2291 2435 2542 2488 ἐνταῦθα.

2362 2523 2508 2595 ρμξ⁸
2543 2525 2730 2588 Ἥλιος
2763 2527 2862 2598 μὲν
2886 2523 2980 2581 οὖν
3014 2527 3114 2600 ἤδη
3145 2529 3284 2600 μετὰ
3309 2529 3660 2600 μεσημϐρίαν
3691 2530 3880 2584 κεκλί-

2288 2631 2407 2668 κει·
2442 2617 2543 2686 ὁρᾷ
2595 2615 2652 2668 δὲ
2686 2616 2714 2668 6
2746 2614 3159 2688 ίερδςΣυμεὼν,
3189 2619 3284 2670 καὶ
3321 2617 3430 2670 ἰδοὺ
3477 2617 3791 2686 ἀνοίγονται
3828 2619 3879 2670 οι

2287 2708 2525 2778 οὐρανοὶ,
2559 2707 2672 2776 φῶς
2700 2707 2757 2761 δὲ
2792 2709 2891 2762 οὒκ
2915 2708 3193 2780 ὀφθαλμοῦ
3227 2711 3408 2780 μόνον,
3435 2709 3570 2764 ἀλλά
3592 2712 3689 2764 καὶ
3707 2709 3880 2779 αὐτῆς

2288 2801 2521 2872 ἡμέρας,
2558 2802 2650 2854 καὶ
2672 2800 2837 2856 αὑτοῦ
2868 2806 3114 2872 κρεῖττον
3138 2803 3295 2874 ἡλίου
3326 2803 3585 2876 ὑπεράνω
3616 2804 3713 2856 τοῦ
3758 2819 3881 2856 στε-

2290 2893 2614 2966 ρεώμοτος⁶
2653 2890 2786 2967 ἦχός
2839 2912 2899 2948 τε
2948 2896 3156 2966 τροχῶν
3218 2898 3534 2966 φερομένων
3587 2897 3882 2965 ἐμπίπτων

2287 2987 2408 3047 ταῖς
2430 2986 2620 3048 ἀκοαῖς
2646 3002 2662 3016 ·
2691 2986 2844 3056 ἅρμα
2874 2985 2931 3038 δὲ
2956 2986 3184 3039 κατόπιν
3207 2985 3300 3038 τοῦ
3326 2988 3459 3056 ἤχου
3488 2987 3750 3055 τέσσαρσι
3777 2986 3880 3056 μὶν

601 3090 841 3151 quatuor
869 3081 1175 3136 instructus
1207 3079 1367 3150 equis
1395 3095 1460 3134 ac
1494 3080 1724 3134 totidem
1760 3079 1899 3133 rotis
1927 3089 2068 3143 erat,
2099 3080 2184 3133 cui

2297 3077 2478 3140 ἵπποις
2508 3076 2810 3149 χρώμενον,
2840 3079 3118 3142 τοσούτοις
3145 3079 3202 3132 δὲ
3225 3079 3320 3131 καὶ
3354 3081 3571 3150 τροχοῖς
3593 3094 3606 3108 '
3643 3081 3795 3150 τρεῖς
3817 3096 3880 3133 τε

601 3185 716 3229 tres
747 3171 1120 3243 praesidebant
1148 3170 1284 3235 viri;
1315 3171 1553 3240 querum
1579 3186 1721 3226 unus
1749 3186 1780 3224 a
1811 3179 1965 3241 parte
1996 3170 2189 3224 dextra

603 3264 820 3320 medius
847 3264 992 3319 inter
1027 3263 1164 3317 duas
1210 3269 1360 3316 rotas
1391 3270 1450 3318 et
1476 3277 1670 3333 equos,
1703 3263 1842 3317 alter
1871 3278 1901 3316 a
1927 3271 2082 3332 parte
2112 3263 2189 3317 si-

602 3358 779 3412 nistra
803 3356 1081 3420 similiter,
1107 3356 1301 3410 lentius
1329 3371 1358 3409 a
1387 3363 1540 3426 tergo
1561 3353 1805 3408 sedebat.
1825 3354 2004 3408 Vestis
2028 3369 2190 3424 porro

603 3462 661 3506 et
687 3467 840 3506 coma
871 3451 1007 3505 viris
1032 3451 1153 3505 talis
1182 3460 1320 3510 erat.
1357 3460 1416 3504 ut
1442 3449 1612 3503 altera
1642 3449 1878 3504 candore
1903 3457 2193 3517 superaret

603 3545 810 3607 nivem,
865 3543 1038 3596 altera
1090 3542 1384 3611 splendore
1434 3556 1629 3595 aurum
1685 3559 1694 3591 :
1741 3555 2010 3616 equprum
2059 3556 2189 3595 vero

606 3636 759 3688 color
787 3643 842 3690 ct
874 3634 1048 3696 frena,
1101 3643 1157 3688 et
1210 3632 1451 3687 vehiculi
1505 3632 1718 3702 species
1762 3648 1977 3687 merum
2029 3643 2191 3688 erant

607 3728 817 3792 lianen,
855 3727 1002 3798 quod
1051 3727 1241 3782 oculos
1287 3727 1470 3799 petius
1505 3726 1569 3777 azl
1606 3724 1988 3794 spectandum,
2026 3739 2189 3793 quam

605 3821 850 3891 linguam
906 3820 974 3873 ad
1036 3819 1426 3889 explicandum
1480 3818 1809 3886 requireret,
1860 3827 1953 3872 aut
2005 3817 2190 3887 potius

609 3919 974 3978 utrorumque
1005 3908 1293 3976 aequaliter
1315 3917 1570 3976 argueret
1594 3907 1987 3971 inﬁrmitatem.
2024 3907 2191 3962 Fere-

608 4001 770 4054 batur
787 4011 970 4054 autem
994 4012 1195 4053 currus
1224 4012 1366 4066 pone
1400 3996 1712 4050 columnam
1738 4012 1766 4049 a
1794 4005 1947 4066 parte
1968 3997 2190 4052 sinistra

608 4108 806 4148 versus
862 4091 1167 4155 dexteram,
1213 4090 1390 4144 donec
1442 4090 1774 4143 consisteret
1825 4100 1949 4144 ante
1995 4090 2188 4144 faciem

610 4185 900 4258 Symeonis
931 4199 1126 4239 versus
1164 4182 1455 4249 orientem,
1500 4181 1580 4236 sic
1610 4181 1835 4252 jubente
1877 4199 1943 4238 eo
1973 4184 2068 4252 qui
2103 4198 2191 4238 se-

610 4278 886 4350 quebatur
916 4293 946 4332 a
983 4275 1210 4330 dextris.

687 4373 806 4427 148.
837 4370 958 4424 Mox
978 4371 1145 4424 etiam
1173 4386 1201 4424 a
1229 4368 1468 4424 dexteris
1494 4367 1784 4438 tranquilla
1812 4367 2015 4423 aﬂlavit
2036 4385 2190 4431 aura,

2297 3175 2531 3245 ἀριθμὸν
2554 3175 2922 3246 παραθέοντες
2945 3175 3164 3247 ἀνδρες,
3195 3177 3222 3228 ὀ
3251 3175 3350 3245 μὲν
3371 3177 3436 3229 ὲκ
3457 3176 3648 3242 δεξιῶν
3674 3175 3879 3247 μεταξὺ

2297 3265 2404 3318 τῶν
2456 3267 2549 3320 δύο
2581 3268 2792 3338 τροχῶν
2835 3284 2894 3320 τε
2948 3268 3044 3321 καὶ
3085 3267 3288 3331 ἳππων,
3321 3269 3350 3319 ὀ
3393 3267 3436 3320 δ’
3469 3268 3528 3332 ἐξ
3571 3266 3880 3337 ἀριστερῶν

2297 3357 2516 3426 ὁμοίοις,
2549 3357 2734 3429 ἓτερος
2774 3358 2820 3411 δ’
2846 3360 2909 3412 ὲκ
2954 3358 3063 3412 τῶν
3104 3358 3390 3414 ὀπισθίων.
3428 3361 3491 3412 Ἦ
3533 3359 3590 3412 δὲ
3639 3359 3878 3427 ἀναϐολὴ

2297 3456 2408 3515 τοῖς
2441 3453 2690 3524 ἀνδράσιν
2712 3455 2807 3507 καὶ
2847 3454 2880 3524 ἡ
2912 3454 3084 3524 κόμη,
3114 3456 3148 3525 ἠ
3179 3453 3276 3523 μὲν
3308 3454 3463 3524 χιόνα
3492 3457 3556 3523 τῇ
3589 3455 3878 3526 λευκότητι

2297 3545 2592 3615 παριοῦσα,
2636 3548 2670 3616 ἡ
2710 3545 2766 3598 δὲ
2809 3545 2969 3600 πλέον
3001 3547 3095 3600 καὶ
3132 3545 3335 3616 χρυσοῦ
3376 3547 3705 3600 στίλϐουσαο
3736 3548 3795 3601 τὺ
3821 3547 3876 3600 δὲ

2296 3639 2404 3694 τῶν
2434 3639 2619 3693 ῖππων
2650 3638 2869 3710 χρῶμα,
2907 3639 2975 3694 τὰ
3011 3638 3069 3692 δὲ
3104 3639 3248 3709 ἠνία,
3294 3639 3354 3692 τὸ
3390 3639 3444 3692 δὲ
3471 3639 3565 3692 τοῦ
3604 3641 3877 3710 ὀχήματος

2298 3727 2456 3796 εἶδος,
2497 3729 2613 3799 φῶς
2652 3729 2976 3800 αὐτόχρημα
3013 3725 3173 3800 ἦσαν,
3211 3729 3327 3798 φῶς
3351 3728 3649 3800 ὀφθαλμῶν
3681 3728 3877 3799 μᾶλλον

2297 3822 2376 3883 είς
2407 3821 2534 3873 θέαν
2573 3818 2606 3890 ἢ
2652 3817 2900 3888 γλώττης
2947 3821 3027 3882 είς
3067 3817 3364 3891 ἑρμηνείαν
3409 3819 3684 3888 δεόμενον,
3723 3819 3755 3890 ἢ
3787 3819 3875 3873 καὶ

2296 3915 2503 3982 ἀμφοῖν
2529 3912 2745 3981 ἐπίσης,
2771 3910 3017 3981 γλώττης
3045 3911 3180 3981 ὀμοῦ
3217 3912 3311 3964 καὶ
3339 3911 3636 3980 ὀφθαλμῶν
3661 3913 3875 3982 ἐλέγχον

2302 4005 2606 4060 ἀσθένειαν.
2653 4001 2912 4074 Ἐφέρετο
2941 4002 3121 4055 τοίνυν
3145 4002 3240 4056 ἐπὶ
3276 4001 3345 4055 τὰ
3376 4002 3527 4065 δεξιά
3552 4001 3642 4055 διὰ
3662 4002 3770 4055 τῶν
3799 4003 3878 4055 εὖ·

2300 4095 2408 4149 ωνύ
2418 4114 2533 4164 μων
2563 4097 2626 4147 ὲκ
2651 4094 2762 4147 τῶν
2782 4092 3042 4147 ὀπισθίων
3076 4091 3169 4146 τοῦ
3192 4093 3390 4157 κίονος,
3412 4081 3520 4155 ἕως
3550 4095 3692 4146 κατὰ
3714 4092 3877 4164 πρόσι

2299 4203 2447 4240 ωπον
2487 4187 2615 4256 ἔστη
2663 4184 2757 4238 τοῦ
2815 4181 3042 4254 Συμεὼν
3082 4184 3219 4254 πρὸς
3256 4183 3539 4248 ἀνατολὰς,
3589 4182 3686 4236 τοῦ
3729 4183 3874 4250 δεξιὰ

2301 4277 2687 4348 παρεπομένου
2715 4275 2887 4347 ταύτῃ
2913 4273 3287 4338 κελεύσαντος.

2376 4375 2525 4440 ρμη’.
2553 4367 2761 4420 Λύτίκα
2783 4365 2915 4434 γοῦν
2945 4367 3011 4418 ὲκ
3041 4363 3150 4418 τῶν
3184 4365 3373 4430 δεξιῶν
3396 4365 3580 4437 ἡρέμα
3610 4364 3872 4433 προσέϐα-

609 4465 977 4536 apparuitque
1037 4460 1344 4517 similitudo
1395 4460 1723 4516 ﬁrmamenti
1751 4499 1762 4522 ,
1791 4471 1847 4516 et
1877 4460 2014 4516 visio
2068 4470 2192 4530 post

2297 4463 2385 4518 λεν
2414 4461 2578 4532 αὖρα,
2609 4459 2704 4512 καὶ
2735 4458 2842 4512 ἰδοὺ
2869 4456 2944 4521 ὡς
2971 4456 3224 4527 ὁμοίωμα
3249 4459 3650 4529 στερεώματος,
3678 4458 3772 4512 καὶ
3800 4457 3870 4521 ὡς

613 4571 826 4630 tergum
878 4558 1030 4614 velut
1057 4555 1255 4626 lapidis
1285 4556 1553 4624 sapphiri,
1603 4565 1658 4608 et
1701 4563 1944 4623 quatuor
2001 4569 2196 4608 manus

609 4655 855 4707 virorum
902 4650 1162 4721 (dixisses
1221 4647 1666 4702 consternatione
1711 4662 1774 4701 ac
1821 4648 2016 4700 timore
2071 4662 2197 4715 per-

610 4743 814 4812 culsos)
857 4741 1078 4798 levibus
1128 4739 1230 4805 alis
1283 4737 1705 4807 pervolantium,
1740 4746 1794 4792 et
1820 4738 1976 4806 quasi
2015 4738 2197 4791 velum

613 4835 835 4908 aliquod
861 4833 1048 4890 altaris
1069 4848 1128 4887 se
1143 4832 1480 4886 moventium
1507 4849 1519 4882 :
1549 4830 1694 4898 quod
1725 4829 2097 4898 spectabatur,
2126 4830 2200 4883 si-

612 4926 870 4983 militudo
920 4925 1102 4980 throni
1176 4925 1476 4977 introrsum
1533 4921 1903 4990 splendentis;
1963 4937 2026 4974 ac
2072 4937 2199 4974 rur-

611 5034 709 5073 sus
757 5032 920 5087 supra
974 5015 1233 5069 thronum
1299 5013 1451 5066 velut
1500 5014 1712 5080 species
1763 5012 2020 5074 hominis,
2085 5026 2189 5064 non

610 5107 1006 5181 permittentis.
1033 5116 1246 5160 tantum
1273 5105 1360 5158 vel
1381 5103 1557 5158 oculis
1588 5106 1670 5156 vel
1701 5115 1882 5157 mente
1912 5119 1941 5157 e
1980 5111 2193 5172 specta—

613 5202 741 5256 culo
780 5201 1077 5271 voluptatis
1119 5198 1262 5267 capi,
1302 5206 1569 5266 quantum
1623 5205 1885 5265 spectans
1905 5195 2192 5263 cupiebat:

615 5293 793 5365 angeli
856 5306 1076 5360 quoque
1122 5303 1358 5344 numero
1406 5288 1643 5352 inﬁniti,
1705 5286 1987 5357 tingentes
2041 5287 2194 5339 thro-

614 5402 772 5450 num,
809 5395 1009 5452 przesto
1038 5392 1230 5448 erant;
1265 5383 1357 5452 qui
1394 5381 1573 5450 ipsum
1605 5395 1791 5434 revera
1825 5381 2006 5433 lumen
2044 5379 2199 5433 vide-

617 5479 840 5543 bantur,
877 5456 949 5530 ita
976 5475 1337 5529 coruscabant
1361 5473 1605 5541 undique
1657 5471 1961 5525 omittendo
1993 5473 2197 5525 radios.

626 5572 734 5627 Alii
769 5570 1030 5643 lspccicm
1094 5566 1460 5638 przeferebant
1519 5567 1680 5628 aeris,
1748 5564 1839 5616 alii
1895 5565 2058 5633 ignis,
2108 5565 2197 5618 alii

697 5754 742 5783 "
781 5754 924 5811 ἕδεσι.
965 5770 1129 5821 cxm,
1306 5756 1349 5787 ’τ’
1389 5753 1533 5829 Psal.
1584 5770 1650 5819 Cl,
1705 5751 1758 5818 2,
1791 5751 1852 5814 5;
1885 5763 2014 5807 xm,
2047 5749 2120 5806 l0.

2299 4555 2487 4625 ὅρασις
2548 4549 2688 4603 κατά
2733 4549 2903 4603 νῶτον
2944 4548 3092 4601 λίθου
3143 4551 3469 4622 σαπφείρου,
3516 4549 3778 4621 τέσσαρές
3816 4567 3870 4603 τε

2300 4650 2481 4718 χεῖρες
2517 4642 2726 4713 ἀνδρῶν
2757 4641 2922 4694 οἱονεὶ⁵
2949 4642 3045 4693 σὺν
3075 4639 3336 4710 ἐκπλήξει
3372 4642 3467 4693 καὶ
3499 4639 3650 4710 φόὁῳ
3678 4639 3870 4710 πτέρυ-

2302 4739 2382 4806 ξιν
2412 4737 2675 4807 ἐλαφραῖς
2696 4735 3124 4802 διαπετομένων,
3161 4736 3253 4787 καὶ
3279 4732 3470 4804 ῶσπερ
3495 4752 3546 4786 τι
3576 4733 3872 4786 καταπέτα-

2304 4849 2418 4902 σμα
2450 4827 2837 4899 θυσιαστηρίου
2878 4827 3277 4880 κατασειόντων
3299 4846 3311 4858 ·
3343 4829 3412 4879 τὰ
3454 4826 3512 4878 δὲ
3544 4826 3686 4895 ὑπὲρ
3724 4824 3872 4878 τοῦτο

2301 4923 2553 4993 ὁμοίωμα
2579 4920 2770 4991 θρόνου
2795 4919 2864 4972 τὰ
2886 4919 3032 4971 ἔνδον
3053 4917 3525 4988 καταλάμποντος,
3549 4921 3642 4971 καὶ
3677 4919 3760 4970 ἐπ’
3782 4918 3873 4970 αὑ-

2301 5015 2394 5069 τοῦ
2413 5016 2573 5068 πάλιν
2596 5013 2670 5076 ώς
2691 5007 2831 5075 εἶδος
2845 5009 3157 5081 ἀνθρώπου,
3195 5012 3330 5080 μήτε
3351 5009 3616 5079 ὀφθαλμῷ
3635 5010 3731 5079 τῆς
3754 5009 3872 5073 θέας

2309 5106 2615 5176 ἐφικέσθαι,
2644 5105 2781 5174 μήτε
2820 5101 2895 5173 νῷ
2917 5101 3166 5155 τοσοῦτον
3196 5104 3438 5172 ἐφιέντος
3459 5103 3582 5154 ὅσον
3601 5099 3869 5153 ὲόούλετο·

2308 5199 2554 5267 ἀγγέλων
2587 5214 2648 5250 τε
2686 5197 2943 5269 μυριάδες
2971 5195 3206 5267 ἀριθμοῦ
3271 5195 3553 5265 κρείττους
3585 5192 3870 5246 κυκλοῦται

2307 5291 2396 5341 τὸν
2430 5289 2616 5359 θρόνον
2663 5289 2798 5359 ὁμοῦ
2844 5289 2937 5342 καὶ
2979 5286 3533 5359 παρεστηκυῖαι,φῶς
3563 5287 3871 5356 αὐτόχρημα

2302 5378 2477 5447 οὖσαι,
2495 5381 2608 5450 φῶς
2633 5381 2899 5450 ἀφιεῖσαι,
2917 5379 3030 5450 φῶς
3055 5378 3549 5449 ὲξαστράτττουσαι.
3574 5379 3638 5432 οι
3663 5379 3759 5449 μὲν
3779 5379 3868 5432 ὅσα

2304 5476 2396 5528 καὶ
2422 5476 2527 5544 ἀὴρ
2555 5473 2846 5543 ὁρώμενοι,
2875 5455 2924 5525 oi
2951 5473 3006 5527 δὲ
3037 5472 3168 5543 πῦρ,
3197 5473 3246 5524 οἱ
3276 5471 3332 5524 δὲ
3356 5471 3508 5542 ἥλιος
3533 5487 3547 5501 ·
3587 5471 3664 5542 τῷ
3700 5471 3869 5538 μέντοι

2302 5567 2516 5638 Μιχαὴλ
2546 5565 2640 5636 (ὡς
2675 5565 2972 5636 τηνικαῦτα
3008 5565 3284 5636 μυστικῶς
3317 5564 3393 5634 τῷ
3420 5565 3649 5634 Συμεὼν
3672 5562 3872 5636 uti“;
