4078 6332
595 349 736 414 3127

593 464 748 516 nullo
763 465 1016 518 examine
1048 464 1212 531 facto,
1235 467 1396 521 dictis
1421 467 1583 521 fidem
1615 467 1906 528 adhibens,
1935 465 2171 536 graviter

2277 459 2357 526 οἷς
2398 465 2616 517 ἐκεῖνον
2679 467 3056 527 ἁεασανίστως
3111 469 3516 531 πιστεύσαντα,
3595 485 3605 519 ι

593 554 652 608 ln
685 553 864 607 virum
899 567 1230 620 commotus.
1281 559 1451 614 sacris
1497 559 1573 613 illi
1606 557 1922 613 interdicit:
1956 557 2023 612 ad
2052 557 2168 612 haec

592 653 649 698 et
671 641 959 699 facultates
1001 648 1189 719 diripi,
1211 659 1267 704 et
1298 650 1505 702 aditum
1535 649 1742 710 sacelli,
1777 664 1845 704 ne
1885 649 1972 703 cui
2005 648 2168 703 dein.

593 749 726 804 ceps
753 735 992 791 adeundi
1027 739 1181 804 copia
1212 747 1380 802 esset,
1404 737 1619 792 obstrui
1640 738 1818 808 jubet.

670 954 792 1008 l5l.
825 957 1038 1010 Interea
1075 955 1304 1011 sedebat
1325 956 1416 1010 ille
1466 956 1670 1012 clausis
1705 957 1893 1013 sacelli
1930 959 2164 1025 foribus,

591 1044 902 1100 lamentans
931 1062 1042 1100 non
1073 1054 1284 1101 tantum
1313 1048 1637 1104 facultatem
1666 1053 1840 1106 sacris
1902 1051 2166 1120 operandi

591 1136 853 1201 ablatam,
881 1139 975 1192 sed
1004 1155 1118 1193 rem
1155 1139 1478 1195 familiarem
1511 1157 1731 1212 quoque
1767 1161 1781 1196 :
1835 1145 2170 1213 respiciens-

590 1241 700 1296 que
751 1228 964 1282 unicam
993 1244 1148 1283 suam
1185 1231 1520 1301 minimeque
1549 1230 1797 1287 fallacem
1847 1249 1998 1303 spem
2023 1234 2170 1302 posi-

592 1332 701 1376 tam
736 1323 792 1376 in
815 1335 1003 1379 sancto
1040 1323 1340 1395 Symeone,
1371 1328 1802 1382 consolationem
1847 1329 1916 1382 ab
1951 1329 2044 1382 illo
2081 1343 2172 1383 ac-

593 1413 778 1481 cepit,
815 1413 1124 1468 subsidium
1144 1429 1255 1468 non
1278 1421 1604 1470 cunctanter
1630 1417 1852 1471 tardeve
1893 1417 2165 1482 conferre,

592 1517 705 1556 non
742 1505 1170 1572 procrastinare,
1212 1517 1306 1560 aut
1361 1508 1417 1560 in
1468 1507 1618 1561 aliud
1661 1516 1878 1576 tempus
1910 1507 2161 1576 rejieere,

590 1609 703 1648 non
731 1607 912 1651 certas
947 1597 1001 1650 in
1034 1597 1201 1652 horas
1235 1613 1520 1654 reservare
1563 1599 1746 1654 solito.
1773 1598 2052 1655 Continuo
2083 1598 2166 1653 in-

590 1687 767 1742 festus
787 1688 998 1744 daemon
1024 1690 1344 1761 episcopum
1378 1692 1668 1757 invadens,
1698 1692 1875 1761 ipsum
1890 1693 2001 1763 jam
2024 1692 2167 1746 luci-

1804 359 1863 418 S.
1907 354 2284 417 SYMEONIS
2322 355 2683 416 IUNIORIS

3728 358 3870 423 3128

3598 470 3693 522 καὶ
3769 470 3864 534 ὀξὺ

2277 555 2422 607 κατὰ
2506 554 2602 608 τοῦ
2687 556 2878 626 ἀνδρὸς
2973 555 3302 626 κινηθέντα,
3392 561 3493 629 τῆς
3556 574 3618 610 τε
3707 558 3863 620 θείας

2273 642 2434 694 αὐτὸν
2502 643 2810 713 ἱερουργίας
2869 644 3148 715 ἁπεῖρξαι,
3200 649 3296 699 καὶ
3355 647 3419 716 δὴ
3472 647 3572 699 καὶ
3633 646 3702 699 τὰ
3731 647 3857 700 ὄντα

2275 735 2737 804 προσαφελέσθαι,
2775 735 2853 788 ἔτι
2900 738 2992 789 καὶ
3036 737 3134 807 τὴν
3175 737 3270 790 τοῦ
3306 737 3597 808 εὐκτηρίου
3650 740 3860 792 εἴσοδον

2275 827 2560 878 ὑπανείναι
2599 827 2790 899 μηδενὶ
2822 828 2914 882 τοῦ
2953 828 3140 881 λοιποῦ
3170 831 3643 900 παραγγείλαντα.

2353 965 2562 1036 ρνα’.Ὁ
2617 964 2716 1034 μὲν
2766 959 2862 1017 ὀὖν
2922 962 3371 1031 ἐπικλεισάμενος
3424 964 3523 1027 τὰς
3557 965 3855 1035 εύκτηρίου

2275 1058 2446 1129 θύρας
2505 1055 2765 1126 καθῆστο,
2798 1057 2858 1109 ού
2907 1055 3006 1126 τὴν
3055 1055 3152 1124 τῆς
3210 1055 3509 1123 ἱερωσύνης
3561 1055 3844 1108 ἔκπτωσιν

2279 1151 2460 1220 μόνον,
2495 1147 2630 1201 ἀλλὰ
2651 1150 2744 1200 καὶ
2777 1151 2877 1217 τὴν
2914 1147 3024 1200 τῶν
3061 1147 3229 1199 ὄντων
3261 1147 3553 1215 ἀφαίρεσιν
3585 1147 3853 1215 ὀδυρόμεο

2282 1259 2368 1306 νος
2392 1259 2405 1271 °
2438 1243 2574 1310 πρὸς
2610 1241 2775 1311 μόνας
2807 1240 2862 1293 δέ
2889 1240 3049 1292 πάλιν
3074 1238 3172 1301 τὰς
3202 1241 3281 1300 είς
3335 1239 3428 1289 τὸν
3461 1238 3617 1305 ἆγιον
3683 1239 3851 1305 ἅψει).

2273 1337 2380 1398 δεῖς
2405 1335 2620 1398 ἐλπίδας
2647 1335 2810 1402 ὁρῶν,
2863 1335 2957 1386 καὶ
2986 1334 3086 1402 τὴν
3135 1332 3344 1385 ἐκεῖθεν
3377 1332 3725 1402 παράκλησιν
3760 1335 3852 1384 ἐκ-

2271 1426 2579 1496 δεχόμενος.
2615 1425 2754 1495 Πρὸς
2786 1425 2854 1494 ἢν
2887 1423 3042 1474 οὐδὲν
3097 1423 3304 1484 ἐκεῖνος
3336 1421 3510 1474 όκνῶν
3543 1421 3665 1472 οὐδὲ
3723 1422 3855 1473 ἀνα-

2271 1518 2529 1587 δυόμενος
2582 1511 2670 1586 ἦν,
2725 1515 2824 1568 οὐκ
2873 1515 3099 1583 ὀψίζων,
3150 1515 3212 1566 οὐ
3271 1512 3594 1580 διαμέλλων,
3655 1513 3715 1564 οὐ
3777 1509 3854 1576 τῷ

2274 1610 2559 1679 πράγματι
2591 1608 2782 1678 καιρόν
2813 1609 3010 1659 οἰκεῖον
3028 1604 3423 1674 ταμιευόμενος
3442 1619 3456 1631 ο
3481 1602 3616 1656 ἀλλὰ
3640 1603 3854 1669 δαίμων

2273 1701 2432 1763 εὐθὺς
2461 1699 2692 1770 χαλεπὸς
2736 1698 2813 1768 τῷ
2854 1697 3139 1766 ἐπισκόπῳ
3197 1695 3567 1764 ἐπιπηδήσας,
3599 1711 3852 1762 νυκτερι-

588 1779 781 1850 iugum
815 1797 913 1851 per
942 1783 1198 1838 tenebras
1238 1787 1436 1849 noctis,
1470 1794 1530 1840 ut
1556 1787 1696 1842 clam
1744 1786 2006 1841 omnibus
2037 1802 2167 1856 per-

2277 1793 2360 1845 νδν
2391 1793 2574 1860 ἱκέτην
2605 1791 2787 1850 αὑτὸν,
2827 1791 2913 1845 ’ίνα
2945 1790 3040 1842 καὶ
3101 1789 3162 1840 τὸ
3221 1787 3438 1840 πάντων
3482 1785 3637 1855 ὄμμα
3688 1785 3846 1838 λάθοι

591 1881 713 1926 acta
739 1887 827 1926 res
853 1874 905 1926 in
933 1874 1220 1929 hominum
1249 1879 1500 1933 notitiam
1545 1895 1655 1933 non
1685 1880 1921 1941 veniret,
1958 1879 2168 1949 suppli-

590 1976 712 2016 cem
737 1962 802 2015 ad
829 1964 1215 2034 presbyterum
1264 1967 1469 2038 adigit:
1502 1971 1616 2039 jam
1669 1971 1820 2024 enim
1852 1971 2169 2024 innotuerat

587 2054 795 2108 misero
813 2063 870 2108 et
899 2057 1230 2112 calamitatis
1259 2075 1372 2114 sine
1399 2076 1562 2115 causa
1600 2070 1657 2117 et
1683 2063 1822 2116 ultio
1859 2063 2064 2117 divina.
2091 2063 2168 2119 Ac

569 2146 771 2214 primo
802 2145 1026 2214 quidem
1050 2163 1079 2201 a
1112 2150 1336 2204 subdito
1361 2168 1460 2208 suo
1511 2154 1730 2208 veniam
1761 2154 1919 2222 petit,
1968 2155 2167 2210 deinde

589 2237 870 2291 miseriam
893 2255 1046 2292 suam
1072 2241 1122 2295 ei
1159 2235 1388 2308 revelat,
1437 2245 1678 2314 denique
1739 2257 1892 2316 rugat
1946 2256 2008 2300 ut
2048 2265 2158 2304 me-

588 2325 769 2381 delam
791 2327 896 2381 sibi
930 2329 1200 2398 impertiri
1227 2330 1507 2402 dignetur,
1535 2336 1998 2403 quemadmodum
2042 2339 2166 2394 aliis

587 2416 846 2484 pluribus
880 2417 1198 2487 impertitus
1228 2421 1428 2478 fuerat.
1472 2424 1568 2479 llle
1609 2427 1842 2496 supplici
1890 2430 2165 2485 sinceram

587 2507 814 2562 exhibet
839 2511 1191 2576 medicinam,
1223 2515 1452 2582 gratiam
1477 2519 1793 2587 gratuitam,
1836 2520 2055 2576 divitias
2079 2524 2168 2582 in.-

587 2599 905 2665 exhaustas,
940 2618 1188 2666 crucem,
1229 2606 1474 2676 inquam,
1511 2625 1696 2675 suam;
1735 2611 1897 2666 simul
1948 2613 2162 2677 edocet,

588 2704 828 2761 quantus
858 2703 914 2748 et
941 2696 1086 2752 unde
1105 2709 1364 2768 acceptus
1395 2701 1558 2755 lateat
1583 2702 1637 2756 in
1666 2718 1825 2758 cruce
1849 2707 2162 2760 thesaurus.

587 2785 830 2840 Accessit
862 2787 1028 2856 igitur
1048 2789 1340 2861 episcopus
1373 2791 1620 2849 fervente
1646 2797 1866 2864 spiritu,
1901 2813 1964 2852 ac
1993 2798 2165 2854 multo

588 2877 757 2931 etiam
794 2878 1130 2934 ferventiore
1181 2884 1546 2952 paenitudine,
1583 2895 1697 2940 tum
1737 2890 1867 2956 quia
1897 2890 2043 2944 circa
2073 2891 2163 2945 di-

587 2967 775 3021 vinam
797 2970 940 3024 illam
963 2973 1192 3040 gratiam
1217 2975 1370 3043 prius
1386 2978 1701 3034 ctecutierat
1720 2987 1776 3034 et
1798 2982 2165 3038 calumniatus

587 3068 710 3114 erat
741 3061 1111 3129 impudenter,
1146 3073 1262 3119 tum
1297 3068 1422 3135 quia
1459 3070 1608 3124 illius
1637 3071 1950 3125 ministrum
1984 3089 2048 3127 ac
2080 3091 2167 3129 sa-

2273 1886 2368 1938 κα“ι
2427 1886 2610 1938 πᾶσαν
2663 1884 2917 1948 αἴσθησιν
2985 1880 3302 1949 διακλέψηι,
3365 1878 3443 1947 τῷ
3491 1877 3851 1948 πρεσδυτέρῳ

2271 1976 2557 2048 προσάγει,
2593 1976 2692 2044 τὴν
2719 1975 2898 2028 αἰτίαν
2925 1972 3126 2043 δηλαδὴ
3156 1970 3382 2023 συνέντα
3425 1971 3525 2022 καὶ
3553 1970 3656 2037 τὴν
3693 1969 3852 2034 δίκην

2276 2070 2369 2120 οὐκ
2423 2066 2788 2136 ἀγνοήσαντα.
2827 2065 2936 2117 Καὶ
2985 2062 3178 2132 πρῶτα
3234 2061 3333 2130 μέν
3379 2061 3520 2112 αἰτεῖ
3566 2059 3718 2126 παρὰ
3757 2055 3848 2109 τοῦ

2273 2160 2376 2211 ὑπὸ
2408 2161 2571 2228 χεῖρα
2601 2155 2953 2225 συγγνώμην,
2983 2153 3100 2207 εἶτα
3130 2153 3190 2206 τὸ
3241 2151 3413 2213 πάθος
3447 2150 3847 2212 ἀνακαλύπτει,

2269 2249 2394 2318 ἑξῆς
2419 2250 2474 2302 δὲ
2504 2249 2743 2302 δυσωπεῖ
2773 2247 3070 2318 θεραπείας
3109 2246 3424 2314 ἀξιωθῆναι,
3457 2244 3569 2306 ὅτῳ
3619 2244 3684 2312 δή
3719 2260 3848 2296 ποτε

2267 2342 2474 2410 τρόπῳ,
2502 2341 2655 2409 φησὶ,
2685 2339 2909 2401 πολλοὺς
2926 2335 3034 2391 οἶδε
3063 2337 3159 2391 καὶ
3183 2337 3373 2398 ἅλλους
3401 2337 3559 2401 αὐτὸς
3585 2335 3845 2399 ἀξιώσας.

2280 2430 2338 2483 ὐ
2365 2433 2421 2484 δέ
2461 2431 2560 2501 τὴν
2590 2431 2813 2500 ἄτεχνον
2847 2429 3109 2500 ἰατρείαν,
3143 2429 3241 2499 τὴν
3287 2426 3519 2497 ἄμισθον
3541 2427 3731 2494 χάριν,
3762 2424 3848 2476 τὸν

2266 2522 2328 2574 οὐ
2376 2519 2701 2589 κενούμενον
2743 2517 2969 2572 πλοῦτον
3001 2518 3178 2586 αὐτῷ,
3229 2519 3320 2568 τὸν
3366 2517 3597 2586 σταυρὸν
3634 2515 3847 2567 ὑποδεί-

2268 2627 2450 2674 κνυσι,
2501 2610 2595 2662 καὶ
2643 2609 2733 2661 τὸν
2773 2610 2830 2660 ἐν
2881 2606 2959 2676 τῷ
3013 2605 3231 2675 σταυρῷ
3286 2606 3692 2674 κεκρυμμένον,
3731 2603 3849 2655 ὅθεν

2265 2700 2374 2770 ἄρα
2399 2701 2494 2752 καὶ.
2565 2699 2734 2761 ὅπως,
2821 2697 3091 2768 θησαυρὸν
3163 2694 3474 2766 ἐρμηνεύει.
3527 2692 3847 2762 Προσελθὼν

2265 2795 2442 2844 τοίνυν
2491 2793 2519 2844 ό
2570 2791 2865 2849 ἐπίσκοπος
2897 2789 3086 2858 θερμῷ
3116 2788 3387 2856 πνεύματι
3413 2827 3426 2850 ,
3461 2784 3769 2854 θερμοτέρα
3794 2785 3848 2836 δέ

2267 2881 2447 2952 πολλῴ
2477 2883 2571 2934 καὶ
2597 2885 2661 2951 τῇ
2689 2881 2968 2952 μετανοίᾳ,
2999 2877 3080 2943 οἷς
3110 2897 3167 2933 τε
3191 2881 3318 2950 περὶ
3359 2879 3459 2944 τὴν
3479 2879 3635 2943 θείαν
3687 2876 3845 2945 χάριν

2265 2972 2482 3042 ἐκείνην
2539 2972 2865 3040 τνφλώττων
2919 2972 3182 3042 πρότερον
3235 2966 3324 3040 ἦν,
3357 2971 3451 3022 καὶ
3496 2966 3847 3034 συκοφαντῶν

2268 3065 2494 3136 ὰναίδην
2552 3066 2646 3116 καὶ
2695 3063 3015 3138 διαϐάλλων,
3075 3057 3154 3126 οἷς
3193 3080 3251 3115 τε
3287 3063 3413 3129 περὶ
3438 3062 3529 3113 τὸν
3568 3062 3717 3130 ἱερέα
3755 3059 3844 3110 καὶ

589 3150 872 3205 eerdotem
901 3152 1118 3222 injuriis
1142 3154 1424 3222 aﬂ‘ecerat,
1451 3173 1599 3215 nunc
1624 3161 1800 3230 ipsum
1834 3164 2043 3219 habens
2071 3181 2166 3235 pa-

2277 3157 2513 3211 διάκονον
2529 3157 2797 3228 ἐνύδρισε,
2817 3157 3019 3226 ταύτης
3053 3157 3168 3224 ἅμα
3201 3157 3255 3208 δὲ
3284 3157 3378 3207 καὶ
3415 3155 3574 3207 αὑτὸν
3597 3152 3844 3220 συναιρό-

591 3241 982 3300 troeinantem.
1013 3246 1080 3300 Et
1108 3247 1199 3301 ille
1235 3250 1458 3318 quidem
1491 3251 1751 3307 infestum
1782 3270 1812 3308 a
1837 3270 1894 3310 se
1924 3259 2170 3313 excussit

593 3331 928 3399 damonem;
982 3336 1269 3408 presbyter
1297 3353 1429 3392 vero
1475 3356 1599 3394 cum
1644 3330 1873 3411 pristina
1908 3343 2169 3414 dignitate

592 3439 710 3477 rem
760 3425 1108 3492 fatniliarem,
1139 3429 1463 3499 ampliorem
1487 3433 1651 3487 etiam
1683 3450 1846 3503 quam
1879 3435 2170 3503 habuerat,

593 3525 652 3568 et
677 3515 989 3571 libertatein
1055 3521 1285 3590 recepit.

675 3648 796 3702 152.
835 3650 1071 3705 Circiter
1121 3653 1266 3708 idem
1307 3664 1520 3724 tempus
1562 3657 1810 3728 contigit,
1842 3661 2034 3715 Persas
2063 3661 2173 3718 illis

597 3739 850 3805 partibus
872 3755 995 3794 cum
1021 3744 1266 3796 exercitu
1295 3748 1682 3814 supervenire;
1705 3751 1907 3819 quibus
1927 3769 2051 3807 cum
2080 3754 2164 3809 in-

599 3827 840 3882 dicatum
869 3841 1034 3896 esset,
1073 3833 1228 3902 plura
1261 3834 1314 3888 in
1350 3836 1548 3889 sacello
1583 3837 1694 3907 jam
1725 3840 1873 3895 dicto
1902 3851 1956 3895 et
1987 3845 2166 3912 magni

596 3925 758 3995 pretii
793 3928 1139 3980 anathemata
1169 3941 1312 3991 esse,
1342 3940 1370 3978 a
1400 3926 1729 3982 Christianis
1763 3945 1870 3983 non
1903 3946 2064 4000 parca
2090 3944 2186 3988 aut

593 4032 757 4069 avara
801 4033 963 4070 manu
1013 4017 1132 4069 istic
1176 4031 1477 4083 suspensa,
1524 4033 1634 4087 quo
1677 4021 1954 4089 quippiam
1990 4025 2181 4078 eodem

598 4099 766 4152 celeri
795 4115 961 4155 cursu
984 4103 1330 4158 contendunt
1351 4121 1363 4157 :
1383 4120 1523 4175 quos
1553 4107 1646 4169 ubi
1676 4111 1932 4167 sacerdos
1963 4115 2179 4170 eminus

598 4189 960 4247 adventantes
987 4194 1158 4257 videt,
1197 4195 1251 4249 in
1283 4199 1518 4252 vicinam
1561 4215 1680 4255 sese
1724 4201 1935 4255 abdidit
1964 4205 2176 4271 silvam,

598 4285 777 4339 donec
819 4285 921 4355 ipsi
961 4287 1029 4341 ad
1061 4282 1362 4344 exercitum
1395 4293 1773 4347 revertissent.
1807 4295 1888 4348 Illi
1926 4311 2056 4350 vero
2094 4297 2179 4352 in-

599 4375 768 4444 gressi
820 4379 1103 4442 sacellum,
1153 4389 1266 4434 toto
1321 4381 1444 4436 istic
1491 4382 1580 4436 die
1633 4394 2021 4453 permanentes
2065 4404 2176 4444 non

2276 3267 2433 3320 μενον
2457 3251 2595 3320 ἐχων
2613 3291 2629 3314 ,
2657 3250 2817 3308 αὑτός
2841 3266 2900 3302 τε
2925 3249 3015 3301 τὸν
3043 3247 3277 3317 χαλεπὸν
3317 3247 3551 3299 ἀπέθετο
3599 3244 3843 3311 δαέμονα,

2272 3345 2516 3406 κόνεϊνος
2590 3341 2726 3411 μετὰ
2820 3339 2914 3392 τοῦ
2992 3336 3298 3408 ἀξιώματος
3358 3333 3510 3396 αὖθις
3587 3338 3679 3387 καὶ
3753 3335 3846 3401 τῆς

2271 3437 2458 3497 οὐσίας
2493 3432 2712 3502 μείζονα
2751 3433 2847 3502 τῆς
2911 3431 3178 3502 προτέρας
3241 3429 3530 3498 ἀπειλήφει
3601 3428 3695 3479 καὶ
3752 3424 3845 3492 τὴν

2275 3520 2603 3591 ἐλευθερίαν.

2349 3655 2481 3727 ρνβ’.
2525 3654 2730 3724 Συνέδη
2786 3654 2840 3706 δὲ
2884 3654 3004 3706 κατ’
3037 3654 3213 3706 ἐκεῖνο
3246 3652 3436 3717 καιροῦ
3477 3651 3695 3721 Πέρσας
3739 3654 3847 3714 τοῖς

2280 3751 2502 3819 μέρεσιν
2534 3749 2761 3809 ἐκείνοις
2792 3745 3242 3814 ἐπιστρατεῦσαν
3269 3747 3362 3798 καὶ
3402 3744 3637 3814 μηνυθὲν
3669 3745 3846 3805 αὐτοῖς

2277 3842 2349 3901 ὡς
2376 3842 2459 3910 είη
2495 3839 2662 3892 πολλὰ
2697 3841 2790 3891 καὶ
2827 3837 3019 3891 πολλοῦ
3057 3837 3182 3901 ἄξια
3211 3837 3611 3906 καθωσιωμένα
3655 3837 3728 3905 τῷ
3758 3839 3845 3887 svb-

2278 3935 2520 4002 κτηρίῳ,
2575 3927 2662 3984 οἷα
2704 3931 3044 4001 Χριστιανῶν
3093 3932 3154 3983 ού
3192 3930 3521 3998 φειδομένως
3563 3931 3682 3982 οὐδὲ
3736 3929 3847 3997 γλί-

2281 4041 2457 4094 σχρως
2502 4025 2621 4076 ἐκεῖ
2656 4022 3232 4090 προσαναλισκόντων,
3275 4021 3368 4072 δύο
3411 4021 3552 4082 me;
3599 4021 3686 4072 ἐπ’
3720 4022 3848 4072 αὐτὸ

2277 4115 2553 4186 δρομαίως
2591 4115 2886 4184 ἐφέροντο·
2938 4111 3032 4175 οὓς
3084 4112 3204 4165 ίδὼν
3254 4112 3537 4184 πόρρωθεν
3579 4116 3606 4164 ό
3653 4114 3845 4181 ίερευς,

2277 4206 2376 4276 τὴν
2409 4207 2871 4274 παραπεφυκυίαν
2909 4203 3196 4255 ὑποδύεται
3221 4198 3376 4269 ὕλην,
3421 4201 3524 4262 ἕως
3565 4202 3716 4253 αὐτοὶ
3747 4218 3848 4253 πα-

2279 4296 2362 4349 λιν
2397 4299 2475 4359 είς
2503 4297 2564 4348 τὸ
2602 4294 2962 4365 στρατόπεδον
2992 4294 3405 4363 ἁναστρέψειαν.
3451 4293 3514 4344 0i
3557 4292 3614 4344 δὲ
3661 4293 3720 4343 τὸ
3763 4293 3844 4342 εὖ.

2287 4392 2512 4462 κτήριον
2546 4389 2897 4452 εἰσελθόντες,
2933 4388 3176 4455 ἀπρόῖτοι
3219 4387 3399 4438 πᾶσαν
3431 4384 3638 4438 ἐκεῖθεν
3667 4385 3850 4453 διαμεο

599 4466 877 4534 prodiere.
901 4468 1220 4538 Suspicatus
1251 4472 1432 4543 itaque
1458 4475 1766 4546 presbyter,
1795 4492 1890 4532 eos
1909 4480 2017 4548 jam
2051 4481 2171 4534 inde

2289 4486 2554 4552 μενήκασι
2603 4483 2700 4552 τὴν
2752 4480 2988 4549 ἡμέραν.
3056 4478 3372 4531 ’Υπολαὸὼν
3420 4477 3595 4530 τοίνυν
3642 4479 3851 4541 ἐκεῖνος

599 4556 738 4611 clam
772 4573 828 4613 se
876 4575 1128 4630 egressos
1154 4562 1315 4628 (Quid
1348 4566 1518 4632 enim,
1548 4567 1851 4637 inquiebat,
1881 4570 2005 4625 istic
2035 4573 2180 4627 ultra

599 4651 901 4720 agerent?),
937 4669 1104 4708 ausus
1135 4665 1221 4710 est
1245 4671 1311 4710 eo
1363 4659 1579 4728 regredi
1618 4679 1630 4713 :
1667 4661 1948 4732 ingressus
1994 4674 2180 4720 autem

599 4744 809 4814 reperit
830 4746 1019 4800 ambos
1049 4758 1177 4802 ante
1214 4751 1581 4821 prodigiosam
1605 4767 1826 4808 crucem
1861 4758 2014 4819 (vere
2044 4758 2180 4813 iilud

601 4847 753 4891 tuum
773 4849 967 4906 potens
991 4839 1273 4896 brachium
1305 4843 1813 4912 patravit,Cliriste,
1841 4848 1955 4902 Rex
1981 4852 2180 4921 meus,)

599 4929 902 4985 exstinctos
923 4933 1134 4997 jacere;
1157 4935 1482 5004 adjacebant
1503 4951 1723 5008 quoque
1745 4937 1891 4993 faces
1914 4955 2178 5005 accensae,

600 5029 814 5075 certum
861 5023 976 5078 fere
1012 5025 1388 5080 testimonium
1423 5029 1663 5084 voluisse
1699 5031 1904 5101 templo
1937 5030 2183 5088 ﬂammas

601 5114 897 5184 subjicere,
930 5132 1074 5188 qure,
1109 5121 1500 5176 corruentibus
1539 5124 1690 5192 ipsis,
1716 5139 1746 5176 e
1782 5126 2036 5180 manibus
2082 5127 2181 5182 de-

601 5206 767 5276 laps:e
806 5207 1043 5264 fuerant.
1069 5213 1247 5282 Atque
1279 5213 1395 5269 haec
1428 5216 1610 5269 omnia
1643 5217 1731 5270 ille
1765 5217 1878 5286 ipse
1903 5218 2180 5283 sacerdos,

604 5314 730 5352 cum
758 5299 956 5355 deinde
987 5301 1312 5374 Symeonem
1347 5306 1632 5370 inviseret,
1666 5316 1896 5364 testatus
1935 5320 2038 5364 est.

677 5481 798 5537 155.
840 5481 959 5538 Jam
999 5498 1130 5538 vero
1171 5483 1237 5538 ad
1277 5500 1339 5539 ea
1385 5502 1472 5541 me
1517 5502 1770 5542 sermone
1813 5503 2182 5559 pmgressum,

603 5592 725 5637 qua:
755 5577 822 5632 ad
881 5576 1129 5632 divinum
1187 5580 1472 5650 Symeonis
1522 5581 1890 5636 Sacerdotium
1954 5582 2183 5651 faciunt,

607 5659 752 5724 unde
799 5678 858 5724 et
897 5671 1181 5741 quomodo
1229 5673 1648 5745 presbyteratus
1681 5691 1897 5729 sacrum
1935 5675 2183 5732 ordinem

606 5761 930 5828 susceperit,
977 5771 1410 5818 consentaneum
1467 5765 1654 5828 fuerit,
1712 5775 1836 5836 apta
1872 5768 2184 5822 narratione

2283 4569 2462 4620 λαθεῖν
2497 4569 2658 4620 αὑτὸν
2705 4568 2803 4635 τὴν
2837 4566 2950 4619 τῶν
2994 4566 3215 4634 Περσῶν
3251 4565 3457 4619 ἐκεῖθεν
3491 4566 3746 4618 ἐπάνοδον
3784 4568 3852 4634 (τί

2283 4665 2390 4731 γὰρ
2409 4661 2497 4724 ἂν,
2527 4663 2683 4729 φησὶ,
2702 4653 2796 4712 καὶ
2825 4659 3059 4727 δρῶντες
3083 4661 3138 4710 ἐν
3161 4656 3309 4725 αὐτῷ
3338 4657 3519 4709 λοιπὸν
3549 4653 3701 4729 εἷεν),
3725 4659 3850 4730 θαῤ-

2286 4755 2369 4824 ῥεῖ
2396 4752 2494 4822 τὴν
2529 4751 2762 4804 εἴσοδονο
2799 4752 2892 4803 κα)⁵
2917 4750 3136 4812 τούτους
3169 4750 3412 4820 εὑρίσκει
3441 4749 3548 4818 πρὸ
3579 4751 3680 4819 τῆς
3714 4752 3852 4812 θείας

2289 4844 2502 4915 ἐκείνης
2529 4844 2619 4896 τοῦ
2651 4843 2883 4913 σταυροῦ
2912 4843 3194 4912 δυνάμεως
3231 4843 3347 4913 (σὸς
3385 4846 3412 4895 ό
3448 4842 3688 4914 βραχίων
3727 4844 3852 4911 μετὰ

2285 4938 2603 5001 δυναστείας
2645 4939 2834 5002 ὅντως,
2869 4939 3069 5008 Χριστέ
3103 4938 3371 5008 βασιλεῦ),
3417 4941 3646 5010 νεκροὺς
3685 4943 3851 5008 ἅμερο-

2285 5033 2479 5103 τέρους
2506 5032 2816 5101 κειμένους,
2840 5032 3119 5100 λαμπάδες
3143 5048 3203 5083 τε
3237 5032 3411 5101 πυρὸς
3439 5033 3848 5100 παρακείμεναι.

2287 5125 2538 5195 καθάπερ
2579 5127 2635 5176 ἐν
2669 5124 2970 5194 ἐπαγγελία
3014 5124 3108 5177 τοῦ
3138 5125 3226 5193 τὸν
3267 5124 3393 5176 ναὸν
3435 5124 3737 5194 ἐμπρῆσαι,
3769 5125 3852 5175 καὶ

2287 5217 2394 5270 τῶν
2424 5215 2619 5287 χειρῶν
2663 5217 2919 5270 πεσοῦσιν
2961 5218 3144 5280 αὐτοῖς
3169 5217 3634 5288 καταρῤεύσασαι,
3666 5217 3738 5279 ὼς
3769 5219 3851 5268 azi-

2286 5307 2374 5370 τὸς
2395 5309 2598 5367 ἐκεῖνος
2624 5307 2762 5376 μετὰ
2784 5307 2953 5360 ταῦτα
2974 5307 3122 5378 παρὰ
3143 5308 3232 5359 τὸν
3264 5309 3418 5374 ἅγιον
3453 5307 3622 5360 ἐλθὼν
3643 5311 3669 5360 ό
3688 5309 3849 5376 ἰερεὶις

2287 5398 2550 5468 ἐξηγεῖτο.

2363 5496 2495 5560 ρνγ.
2541 5489 2682 5542 Ἀλλ’
2707 5481 2807 5542 ὧδέ
2849 5507 2914 5560 με
2944 5489 3036 5543 τοῦ
3071 5489 3232 5559 λόγού
3276 5491 3590 5562 γενόμενον,
3625 5491 3694 5544 τὰ
3741 5490 3850 5559 περὶ

2294 5583 2384 5649 τῆς
2412 5581 2558 5644 θείας
2608 5581 2702 5634 τοῦ
2735 5581 2880 5634 θείου
2914 5583 3134 5648 Συμεὼν
3175 5584 3493 5655 ἱερωσύνης,
3519 5585 3642 5638 ὅθεν
3674 5600 3733 5636 τε
3767 5584 3849 5653 τὴν

2289 5673 2383 5727 τοῦ
2444 5673 2817 5746 πρεσδυτέρου
2872 5673 3205 5744 χειροτονίαν
3258 5673 3498 5738 ἐδέξατο,
3548 5674 3641 5728 καὶ
3696 5675 3847 5736 ὅπως.

2291 5765 2581 5819 ἀκόλουθον
2621 5766 2682 5819 ἂν
2716 5765 2799 5835 εἴη
2845 5766 3132 5820 διαλαϐεῖν.
3171 5767 3256 5830 Ὠς
3308 5769 3414 5837 γὰρ
3471 5766 3503 5838 ἡ
3555 5767 3727 5841 πολλὴ
3759 5767 3849 5820 τῶν
