4078 6332
561 343 694 405 3131

1779 346 1841 405 S.
1885 346 1962 405 ΞΥ
1974 344 2262 404 MEONIS
2293 344 2647 406 IUNIORIS

3697 341 3834 408 3133

565 448 842 506 revocavit
872 447 1116 502 animum
1141 458 1367 504 sanctus
1387 449 1452 503 ad
1477 451 1744 506 visionem
1781 452 1952 516 illam,
1975 469 2136 522 quam

2259 453 2502 524 Συμεὼν,
2535 454 2601 524 ήν
2651 453 2778 520 ⁸(θὲς
2826 452 3153 525 καλ-,πρώην
3203 456 3333 526 περὶ
3387 455 3552 511 αὑτοῦ
3596 458 3833 529 ἑωράκει

561 547 735 613 pridie
769 559 834 599 ac
865 543 1082 612 pridem
1119 543 1223 598 hac
1246 558 1415 613 super
1459 562 1518 599 re
1545 558 1936 617 conspexerat;
1973 564 2138 618 quam

561 638 772 691 scilicet
840 651 1130 705 expresse
1188 652 1318 692 cum
1387 637 1484 692 illa
1536 640 1961 703 eoneordarent,
2016 656 2140 710 qua:

565 731 724 781 modo
757 727 994 793 fiebant;
1023 744 1297 798 quamque
1318 727 1580 784 distincte
1634 747 1781 785 nunc
1813 733 1964 785 exitu
1992 745 2143 786 eom-

559 836 704 890 pieta
737 831 1013 879 cerneret.
1039 835 1158 888 qua:
1185 821 1344 889 prius
1371 831 1586 877 secreto
1609 831 1775 891 atque
1813 824 2030 878 occulte
2052 839 2142 878 re-

564 919 894 978 praesentata
948 911 1207 963 fuerant:
1275 911 1476 965 deinde
1523 913 1690 966 etiam
1737 913 1937 970 divina
1992 915 2142 969 illius

558 1001 732 1061 vocis,
765 1015 884 1068 quae
905 999 1136 1054 auribus
1160 1000 1504 1063 insonuerat,
1532 1000 1892 1067 recordatus;
1928 1011 2143 1070 etquo-

563 1086 726 1139 niodo
759 1101 940 1140 coram
968 1103 1025 1142 se
1059 1089 1289 1141 haberet
1323 1089 1667 1157 episcOpum,
1699 1091 1864 1143 etiam
1901 1091 1966 1143 ad
2027 1091 2139 1144 vim

561 1170 868 1232 faciendam
893 1194 1161 1248 paratum,
1191 1180 1580 1250 dicentemque
1613 1182 1761 1250 quod
1790 1197 1937 1242 eum,
1975 1181 2141 1251 quid-

560 1271 695 1338 quid
731 1272 951 1326 demum
1001 1273 1202 1337 fieret,
1251 1289 1358 1326 non
1408 1283 1554 1327 esset
1598 1273 1956 1339 dimissurus;
2025 1289 2141 1328 rem

566 1364 1155 1432 beneplaciti(utvere
1178 1368 1320 1429 erat)
1356 1364 1531 1418 divini
1581 1381 1702 1420 esse
1757 1366 2140 1428 considerans,

562 1455 824 1508 incurvat
855 1456 946 1510 ille
967 1456 1191 1524 quidem
1225 1457 1430 1511 collum
1457 1459 1625 1511 etiam
1660 1459 1896 1525 invitus;
1926 1459 2142 1528 episco-

560 1562 664 1615 pus
722 1563 872 1614 νει-ο,
917 1549 1174 1603 manibus
1196 1550 1364 1619 capiti
1431 1551 1684 1620 religiose
1738 1551 2035 1605 admodum
2087 1562 2144 1606 et

559 1638 963 1708 circumspecte
988 1639 1282 1708 impositis,
1318 1640 1430 1696 dici
1458 1642 1648 1694 solitas
1681 1642 1960 1696 orationes
2009 1657 2143 1710 per-

560 1726 748 1790 solvit;
783 1729 1145 1798 suaviumque
1173 1731 1537 1800 lacrymarum
1565 1730 1740 1785 imbre
1795 1732 1942 1784 inter
2003 1747 2137 1800 pre-

2247 552 2394 613 ὂπως
2427 568 2483 603 τε
2520 551 2810 618 σύμφωνον
2850 550 2986 619 αἱ)τῇ
3023 550 3080 601 τὸ
3113 551 3505 618 γεγενημένον,
3529 551 3627 602 καὶ
3682 553 3830 614 ὅπως

2247 641 2382 713 ὅπερ
2422 640 2602 710 ἐκείνη
2629 640 2944 711 παρέδειξεν
2975 639 3122 710 αύτῷ
3153 642 3401 711 κρυφίως
3433 643 3528 694 καὶ
3578 643 3832 713 smper-

2251 749 2381 795 τως.
2410 731 2568 784 τοῦτο
2597 732 2778 784 τοίνυν
2811 733 2906 786 ἐπὶ
2933 731 3027 785 τοῦ
3059 733 3387 802 πράγματος
3419 735 3518 785 ίδοι
3554 750 3568 764 ο
3628 734 3820 785 ἔπειτα

2251 824 2433 894 μέντοι
2464 825 2561 876 καὶ
2596 825 2692 892 τῆς
2719 824 2870 886 θείας
2893 826 3076 892 φωνῆς
3101 823 3315 893 ἐκείνης
3362 824 3460 893 τῆς
3509 827 3644 893 πρὸς
3673 826 3836 878 αὑτὸν

2247 915 2673 992 ἀν[εν]εχθείσης
2724 916 3120 986 ἐπιμνησθεὶς,
3178 915 3253 978 ὼς
3327 916 3463 986 πρὸς
3590 916 3834 985 ἀνάγκης

2250 1010 2400 1079 αύτῷ
2440 1009 2784 1062 καταστάντα
2813 1008 3027 1061 καὶτὸν
3063 1007 3358 1059 ἐπίσκοπον
3407 1005 3554 1076 εἶχε,
3592 1009 3685 1059 καὶ
3725 1008 3834 1060 οὐδ’

2251 1101 2317 1153 ἂν
2365 1100 2468 1152 εἴτι
2507 1100 2602 1152 καὶ
2653 1099 2860 1165 γένοιτο
2929 1097 3191 1168 μεθήσειν
3274 1099 3532 1165 λέγοντα,
3586 1098 3833 1160 εὐδοκίας

2255 1189 2306 1258 (ὃ
2336 1189 2430 1241 καὶ
2471 1188 2657 1257 σαφῶς
2678 1185 2772 1258 ἦν)
2809 1189 2910 1258 τῆς
2948 1189 3154 1244 ἄνωθεν
3185 1191 3446 1258 ἄντικρυς
3481 1192 3545 1241 τὸ
3603 1192 3833 1258 πρᾶγμα

2251 1281 2618 1349 κατανοήσας,
2636 1279 2805 1332 κλίνει
2829 1280 2927 1349 μὲν
2948 1280 3039 1332 τὸν
3064 1282 3266 1349 αὐχένα
3294 1282 3384 1333 καὶ
3412 1282 3579 1332 ἀκωνο
3603 1284 3628 1331 ὁ
3655 1281 3711 1332 δὲ
3742 1282 3833 1348 τὴν

2256 1372 2415 1439 χεῖρα
2442 1371 2507 1439 τῇ
2521 1369 2746 1438 ,κεφαλῇ
2780 1369 3008 1434 ἐπιθεὶς,
3042 1369 3285 1432 εύλαϐῶς
3314 1370 3511 1438 κομιδῇ
3543 1367 3835 1434 statuatu-

2249 1462 2643 1531 λαγμένωςτάς
2655 1479 2712 1514 τε
2738 1461 2988 1532 συνήθεις
3011 1461 3174 1531 εύχάς
3193 1460 3458 1523 ἐπειπὼν,
3481 1463 3573 1512 καὶ
3602 1461 3838 1530 δάκρυον

2250 1552 2347 1622 ήδυ
2377 1550 2485 1604 τῶν
2515 1549 2693 1620 εὐχῶν
2719 1551 3010 1620 καταχέας,
3052 1551 3112 1602 τὸ
3139 1549 3320 1620 ψυχῆς
3345 1550 3486 1602 θεῖόν
3516 1568 3566 1601 τι
3597 1550 3839 1620 πασχού-

2253 1655 2352 1708 σης
2383 1639 2609 1710 ἐναργὲς
2639 1637 2928 1708 σύμϐολον,
2960 1637 3110 1709 ίερια
3135 1638 3352 1704 sduci,
3389 1639 3559 1710 τρίτῳ
3589 1640 3689 1709 τῆς
3722 1639 3842 1710 ήλι·

2253 1730 2382 1794 κίας
2411 1731 2506 1784 ἐπὶ
2535 1730 2828 1799 τριάκοντα
2865 1731 2995 1784 ἐτει.

559 1820 793 1874 candum
823 1820 1121 1890 perfusus,
1157 1824 1342 1877 anima
1401 1826 1590 1878 nescio
1641 1824 1786 1893 quod
1820 1823 2021 1879 divina:
2043 1825 2265 1879 virtutis
2338 1824 2605 1879 indicium
2687 1823 2960 1877 sentiente
2994 1863 3009 1887 ,
3064 1820 3406 1877 sacerdotem
3466 1823 3841 1883 consecravit,

560 1913 724 1966 tertio
759 1923 814 1969 et
843 1916 1127 1971 tricesimo
1155 1917 1337 1970 aetatis
1367 1932 1535 1972 anno.

632 2051 752 2107 156.
785 2053 914 2106 Post
947 2052 1061 2106 haec
1094 2053 1406 2123 episcopus,
1451 2053 1598 2108 dicta
1630 2062 1964 2124 acceptaque
1993 2053 2143 2107 salu-

2325 2051 2468 2125 ρνς’.
2510 2054 2568 2108 '0
2597 2054 2692 2125 μὶν
2720 2049 2814 2108 οὖν
2838 2054 3063 2124 εἰρήνην
3085 2052 3208 2117 δοὺς
3239 2053 3274 2125 ἢ
3303 2053 3402 2107 καὶ⁵
3425 2053 3610 2106 λαϐὼν
3639 2054 3847 2124 ἀνεχώ-

563 2154 640 2210 te,
672 2145 988 2210 revertitur,
1025 2145 1186 2200 laetus
1214 2146 1362 2215 quod
1401 2161 1596 2200 manus
1622 2162 1750 2200 suas
1798 2146 1853 2199 in
1897 2146 1988 2199 tali
2020 2158 2147 2202 .vase

560 2237 945 2292 consecrando
1008 2236 1244 2305 Spiritui
1312 2247 1504 2291 saneto
1563 2237 1996 2292 commodasset:
2046 2235 2148 2307 Sy-

560 2327 744 2381 meoni
801 2341 936 2380 vero
983 2334 1343 2379 accesserunt
1401 2326 1682 2394 discipuli,
1738 2336 2028 2395 rogantes,
2089 2332 2152 2378 ut

561 2415 875 2470 divinorum
909 2416 1295 2486 mysteriorum
1338 2416 1609 2485 primitias
1644 2414 1895 2470 oﬂ‘erret.
1935 2415 2138 2469 Verum

561 2504 653 2559 ille
682 2505 990 2574 profectum
1017 2514 1179 2559 suum
1215 2505 1270 2560 in
1317 2517 1510 2562 sancto
1541 2506 1750 2576 Spiritu
1784 2506 2150 2561 constitutum

562 2595 803 2659 habens,
847 2596 1010 2650 anxio
1055 2603 1174 2650 erat
1223 2597 1444 2662 animo,
1505 2596 1760 2666 exemplo
1815 2595 2151 2651 ferventium

562 2693 892 2747 amatorum,
925 2686 1207 2755 quomodo
1231 2686 1566 2746 sacrificium
1609 2687 1723 2740 Deo
1773 2702 1874 2741 suo
1905 2687 2154 2756 gratissi-

564 2792 716 2832 mum
745 2777 991 2841 offerret,
1030 2794 1092 2832 ac
1115 2779 1309 2849 majori
1339 2779 1492 2832 illum
1547 2778 1792 2833 alliceret
1844 2780 2156 2849 voluptate;

562 2868 816 2938 viditque
876 2885 979 2938 per
1034 2872 1437 2940 apparitionem
1493 2889 1550 2926 se
1599 2873 1780 2941 ipsum
1839 2871 2153 2927 istiusmodi

562 2960 845 3016 oblatione
892 2977 1105 3016 sacram
1167 2963 1449 3033 liturgiam
1507 2964 1929 3032 perficientem;
1982 2973 2148 3033 atque

565 3055 887 3126 angelorum
915 3067 1240 3112 sanctorum
1271 3058 1554 3123 cohortes,
1580 3057 1833 3112 vestibus
1862 3057 1988 3112 nive
2022 3073 2152 3111 can-

2253 2161 2409 2216 ρησε,
2439 2144 2645 2214 χαίρων
2673 2149 2756 2202 ὅτι
2801 2143 2902 2206 τὰς
2931 2145 3116 2214 χεῖρας
3148 2143 3240 2195 ἐπὶ
3275 2143 3501 2214 τοιούτῳ
3545 2142 3730 2197 σκεύει
3770 2143 3846 2212 τῷ

2251 2235 2534 2306 Πνεύματι
2563 2235 2822 2304 χρήσειεν
2844 2252 2857 2266 ·
2882 2233 2962 2304 τῷ
2988 2235 3044 2288 δέ
3073 2233 3296 2304 Συμεὼν
3320 2236 3369 2288 oi
3399 2235 3643 2305 μαθηταὶ
3675 2252 3846 2307 προσ⁴

2252 2327 2521 2392 ελθόντες,
2569 2328 2752 2396 ἠξίουν
2783 2326 2886 2399 τὴν
2929 2326 3080 2379 θείαν
3117 2326 3280 2380 αὐτὸν
3326 2326 3641 2380 ἐπιτελέσαι
3674 2343 3845 2396 μυστ-

2254 2419 2515 2486 αγωγίαν.
2558 2417 2617 2469 '0
2650 2417 2706 2469 δέ
2733 2415 2835 2487 τήν
2877 2415 3251 2485 προσκομιδήν
3284 2411 3342 2468 ἐν
3381 2414 3663 2484 Πνεύματι
3703 2415 3846 2485 ἁγίῳ

2256 2508 2546 2575 συντάξας,
2577 2507 2788 2577 ἠγωνία
2814 2505 2957 2560 κατά
2986 2507 3111 2568 τοὺς
3143 2505 3381 2576 θερμοὺς
3422 2507 3530 2560 τῶν
3564 2507 3842 2579 ἐραστῶν,

2254 2603 2402 2666 ὅπως
2440 2603 2505 2655 ἂν
2532 2601 2610 2670 τῷ
2650 2599 2967 2668 ποθουμένῳ
3002 2597 3122 2669 Θεῷ
3154 2598 3534 2668 προσενέγκαι,
3561 2600 3660 2653 καὶ
3697 2598 3848 2670 αὐτῷ

2259 2693 2460 2764 μᾶλλον
2480 2692 2732 2763 ήδυνθείη
2757 2693 2823 2746 τά
2844 2691 2944 2760 τῆς
2974 2689 3187 2755 θυσίας.
3219 2693 3329 2744 Καὶ
3352 2693 3455 2763 ὁρᾷ
3481 2693 3538 2744 ἐν
3568 2689 3846 2744 ἀποκαλύ-

2255 2786 2346 2857 ψει
2379 2785 2572 2838 ἑαυτὸν
2609 2785 2706 2854 μὲν
2733 2784 2833 2853 τὴν
2857 2783 3006 2836 θείαν
3036 2782 3123 2835 διά
3152 2783 3252 2852 τῆς
3279 2783 3536 2850 τοιαύτης
3565 2782 3846 2851 ἀναφορᾶς

2257 2877 2602 2946 λειτουργίαν
2641 2875 3011 2938 ἐπιτελοῦντα,
3045 2872 3302 2944 τάγματα
3345 2873 3400 2926 δέ
3442 2874 3616 2939 ἁγίων
3672 2874 3844 2940 ἀγγέο

2258 2970 2366 3023 λων
2397 2969 2573 3038 χιόνος
2606 2967 2904 3038 λευκότερα
2949 2965 3048 3028 τὰς
3075 2964 3365 3030 ἀναϐολὰς,
3400 2964 3507 3035 πρὸ
3548 2964 3651 3033 τῆς
3679 2963 3846 3017 αὐτοῦ

2262 3061 2509 3122 στάσεως
2550 3059 2781 3123 ἑστῶτα,
2813 3057 2904 3110 καί
2953 3073 3058 3108 τινι
3118 3057 3333 3124 κινήσει
3389 3054 3589 3124 χειρῶν
3630 3054 3848 3125 ἐξαισία

564 3147 880 3202 didioribus
920 3151 1277 3212 amictorum,
1311 3149 1576 3202 stantium
1636 3158 1763 3202 ante
1813 3149 2149 3214 columnam,

2259 3147 2363 3205 οἷον
2399 3149 2848 3218 ἐπευφημοῦντα,
2878 3148 3099 3200 κάκεῖνο
3122 3146 3614 3219 προσεπιλέγοντα·
3664 3146 3733 3198 Et
3763 3162 3847 3208 τις

564 3249 621 3295 et
644 3240 890 3295 motione
930 3241 1167 3310 quadam
1202 3255 1465 3294 manuum
1500 3242 1764 3296 inusitata
1788 3241 1957 3295 veluti
2010 3242 2152 3297 bene

563 3330 929 3401 precantium,
959 3345 1022 3384 ac
1063 3330 1155 3384 tali
1183 3329 1637 3384 concludentium
1690 3332 1833 3386 dicta
1886 3334 2103 3402 epilogo
2137 3349 2152 3385 :

566 3421 624 3477 Si
666 3422 790 3491 quis
841 3422 972 3476 huic
1020 3421 1146 3475 ﬁdei
1211 3421 1547 3478 confessioni
1599 3438 1710 3477 non
1753 3428 2149 3489 communicat,

566 3513 857 3570 anathema
907 3513 1001 3568 sit.
1037 3512 1178 3566 Tum
1243 3512 1384 3567 vidit
1438 3513 1611 3568 Deum
1667 3530 1908 3584 quoque,
1941 3515 2149 3570 caelesti

567 3605 725 3675 signo
755 3603 1073 3675 angelorum
1105 3619 1274 3658 voces
1317 3605 1800 3673 comprobantcm,
1858 3621 1922 3661 ac
1974 3605 2152 3674 sigillo

2260 3245 2327 3313 τῇ
2357 3241 2618 3311 ὁμολογίᾳ
2640 3241 2813 3311 ταύτῃ
2836 3239 2932 3306 τῆς
2957 3238 3193 3301 πίστεως
3214 3237 3277 3289 οὐ
3309 3238 3574 3294 κοινωνεῖ.
3596 3236 3846 3304 ἀνάθεμα

2260 3333 2428 3386 ἐστιν’
2469 3332 2595 3402 ἑξῆς
2633 3331 2690 3384 δὲ
2736 3331 2830 3382 καὶ
2873 3329 3006 3380 Θεὸν
3038 3327 3244 3380 ἀνωθεν
3289 3325 3702 3390 ἐπευδοκοῦντα,
3752 3326 3847 3378 καὶ

2259 3425 2358 3489 τὰς
2386 3425 2569 3492 φωνὰς
2597 3421 2786 3492 ῶσπερ
2820 3419 3304 3492 ἐπισφραγίζοντα.
3345 3419 3402 3471 '0
3431 3419 3528 3486 μὲν
3559 3412 3650 3469 οὖν
3673 3415 3848 3468 ταῦτα

2263 3517 2496 3588 μυηθεὶς
2526 3512 2781 3585 περὶτῆς
2818 3512 2970 3572 θείας
3007 3510 3414 3580 μυσταγωγίας,
3453 3508 3549 3560 καὶ
3590 3506 3848 3567 τοιαύτας

2261 3608 2636 3680 πληροφορίας
2666 3605 2869 3671 λαϐὼν,
2906 3607 2997 3657 καὶ
3023 3603 3194 3665 οὕτως
3225 3602 3488 3670 ἀσφαλεῖς
3510 3600 3604 3652 καὶ
3625 3598 3848 3666 βεϐαίας

568 3695 725 3764 quasi
761 3709 862 3748 suo
890 3694 1258 3747 munientem.
1283 3693 1475 3763 Itaque
1516 3703 1806 3765 postquam
1848 3695 1975 3766 talia
2009 3697 2152 3750 circa

2259 3704 2290 3772 ἢ
2326 3701 2584 3770 λαμπρὰς
2616 3698 2708 3751 καὶ
2725 3692 3166 3761 ἀναντιρῤήτους,
3185 3695 3232 3748 εί
3251 3693 3454 3763 βούλει,
3488 3690 3756 3759 προθύμῳ
3790 3688 3851 3741 τὸ

569 3787 819 3840 divinum
877 3785 1213 3841 sacriﬁcium
1266 3787 1518 3851 edoctus,
1571 3783 1992 3843 testificationes
2045 3797 2152 3842 tam

2260 3793 2447 3848 λοιπὸν
2472 3790 2639 3862 αὐτὴν
2660 3789 2905 3841 ἐπετέλει
2926 3788 3020 3840 καὶ
3041 3787 3258 3858 γλώττῃ
3280 3786 3375 3837 καὶ
3397 3784 3667 3852 πνεύματι
3685 3799 3697 3811 ·
3714 3784 3849 3850 ἡμῖν

571 3886 772 3939 certas,
798 3885 906 3929 tam
939 3875 1171 3938 solidas.
1201 3885 1309 3930 tam
1353 3877 1702 3948 perspicuas,
1747 3888 1804 3932 et
1835 3880 2062 3949 quibus,
2113 3879 2152 3933 si

2263 3886 2320 3940 δὲ
2349 3885 2441 3939 καὶ
2471 3884 2534 3936 τὰ
2562 3883 2700 3952 πρὸς
2732 3881 2800 3934 τὰ
2828 3879 2954 3948 ἑξῆς
2979 3879 3007 3931 ὁ
3028 3877 3182 3945 λόγος
3215 3876 3480 3947 βαδιεῖται
3502 3874 3610 3928 τῶν
3632 3871 3724 3926 τοῦ
3759 3873 3851 3927 ἀν-

570 3969 645 4022 ita
676 3957 785 4030 vis,
819 3967 1125 4022 contradici
1158 3968 1238 4023 nil
1259 3977 1461 4038 potest,
1485 3971 1824 4039 accepisset,
1863 3972 2152 4040 promptis-

2265 3979 2389 4049 δρὸς
2420 3975 2759 4044 θαυμασίων.

571 4061 710 4115 sima
746 4059 1012 4128 deinceps
1043 4067 1101 4114 et
1129 4060 1318 4132 lingua
1369 4069 1427 4116 et
1477 4063 1678 4132 spiritu
1738 4063 1873 4118 illud
1929 4064 2155 4120 obtulit.

570 4151 684 4209 Nos
712 4167 844 4208 vero
871 4163 1070 4209 cetera
1097 4153 1202 4208 viri
1235 4154 1498 4211 miracula
1534 4171 1957 4228 prosequamur.

2066 4337 2289 4395 CAPUT
2319 4335 2437 4391 XX.

1247 4449 1478 4516 Βαείίίο,
1511 4451 1684 4507 verba.
1725 4468 1868 4520 aqua
1898 4468 2177 4514 manuum,
2219 4451 2372 4505 varia
2405 4455 2608 4519 patr-at.
2655 4443 2920 4498 Hortum
2958 4440 3198 4494 suscitat.

650 4566 774 4622 157.
813 4565 909 4619 Vir
938 4565 1183 4633 quidam,
1219 4565 1440 4620 natione
1464 4564 1609 4628 lber,
1635 4580 1733 4634 per
1753 4564 1967 4621 calores
1999 4573 2152 4621 testa»

2341 4561 2473 4636 ρνζ’.
2520 4559 2685 4628 Ἀνήρ
2715 4573 2798 4619 τις
2823 4555 2982 4625 Ἴϐηρ
3001 4553 3060 4607 τδ
3089 4552 3265 4620 γένος,
3284 4553 3342 4605 ἐν
3369 4551 3521 4622 ἀκμῇ
3551 4551 3742 4623 θέρους
3764 4553 3849 4607 ἐπί

574 4658 649 4713 tis
679 4657 734 4711 in
764 4670 889 4710 area
943 4654 1181 4726 quadam
1228 4669 1480 4709 somnum
1515 4655 1768 4724 capiebat
1797 4653 1929 4709 vino
1975 4664 2161 4725 potus,

576 4746 1044 4820 quemadmodum
1075 4745 1314 4801 ebriosis
1380 4746 1520 4800 solet
1581 4746 1870 4810 accidere,
2001 4746 2166 4816 idque

577 4840 765 4894 hiante
793 4854 923 4892 ore:
951 4852 1075 4891 cum
1101 4836 1376 4907 adrepens
1399 4837 1649 4896 coluber.
1684 4844 1947 4906 percepto
1973 4836 2165 4902 odore,

577 4948 676 5004 per
744 4931 930 4985 fauces
980 4930 1083 4983 viri
1121 4929 1188 4984 ad
1248 4931 1460 4984 viscera
1509 4944 1683 4999 usque
1719 4930 2168 4999 sitibundus.pe-

575 5033 759 5080 netrat
794 5041 807 5077 :
842 5039 950 5094 qua
988 5038 1046 5076 re
1079 5023 1171 5078 ille
1216 5022 1271 5076 in
1303 5031 1612 5076 extremum
1651 5021 1954 5090 periculum
1983 5021 2159 5076 addu-

578 5126 718 5180 ctus,
751 5116 890 5170 nihil
921 5116 1223 5185 quidquam
1256 5112 1404 5182 quod
1432 5113 1536 5167 sibi
1570 5115 1894 5182 applicaret,
1928 5114 2162 5168 remedii

577 5206 886 5265 inveniens.
929 5204 1220 5260 confestim
1251 5201 1319 5257 ad
1349 5212 1600 5257 sanetum
1632 5202 1955 5272 Symeonem
1993 5202 2163 5256 advo-

576 5296 675 5359 lat,
711 5299 935 5351 unicum
973 5297 1026 5350 in
1076 5295 1282 5350 morbis
1312 5294 1646 5365 perfugium,
1675 5291 1888 5346 unicam
1920 5289 1974 5347 in
2014 5302 2166 5347 tanto

582 5392 725 5445 malo
762 5392 1114 5446 medicinam.
1155 5391 1202 5445 ls
1245 5399 1428 5445 autem
1471 5389 1776 5444 calamitosi
1820 5389 1924 5442 viri
1980 5389 2176 5443 miser-

582 5493 691 5544 tus.
740 5493 1014 5547 ventrem,
1050 5497 1215 5552 quem
1249 5482 1478 5538 coluber
1522 5481 1598 5534 uti
1645 5490 1864 5533 antrum
1896 5495 2055 5532 suum
2092 5479 2177 5532 in-

578 5575 816 5636 colebat.
839 5576 1040 5629 bacillo
1070 5591 1168 5629 suo
1190 5575 1389 5645 signat,
1410 5583 1576 5643 atque
1603 5571 1939 5626 monasterio
2022 5572 2174 5625 exire

576 5668 750 5739 jubet.
785 5667 1008 5724 Jussum
1044 5669 1250 5724 factum
1279 5689 1290 5721 :
1335 5667 1390 5721 in
1437 5682 1662 5737 egressu
1697 5664 1879 5719 statim
1908 5673 2171 5720 exonerat

584 5762 666 5815 via
707 5763 942 5818 naturali
987 5764 1171 5817 vivum
1206 5769 1538 5832 serpentem,
1595 5769 1644 5815 ct
1698 5758 1990 5814 incolumis
2029 5756 2172 5813 redit

2263 4673 2407 4718 τινος
2449 4653 2653 4713 ἅλωνος
2697 4647 2989 4702 ἐκάθευδεν
3021 4644 3127 4698 ὑπὸ
3155 4645 3323 4707 οίνου,
3352 4639 3442 4698 οἷα
3490 4645 3553 4713 δὴ
3581 4646 3725 4714 φιλεῖ
3746 4649 3848 4709 τοῖς

2264 4744 2533 4799 οἰνωθεῖσι
2561 4738 2900 4806 συμϐαίνειν,
2934 4735 3030 4788 καὶ
3061 4733 3121 4787 τὸ
3153 4734 3325 4803 στόμα
3362 4735 3604 4803 κεχήνει.
3640 4736 3849 4804 Ὄφεως

2264 4833 2554 4905 τοιγαροῦν
2616 4831 2764 4899 αύτῷ
2819 4826 3306 4900 προσερπύσαντος
3372 4828 3464 4879 καὶ
3529 4827 3630 4894 τῆς
3679 4827 3848 4895 ὀσμῆς

2269 4927 2616 4997 αἰσθομένου.
2649 4925 2707 4976 ἐν
2732 4921 2872 4990 δίψει
2921 4937 2978 4972 τε
3015 4918 3151 4987 πρὸς
3189 4918 3258 4970 τά
3286 4917 3494 4985 ἔγκατα
3537 4917 3633 4970 τοῦ
3667 4917 3848 4985 ἀνδρὸς

2265 5015 2558 5077 είσδύντος,
2587 5013 2644 5065 ἐν
2673 5011 2832 5063 παντὶ
2858 5008 3102 5062 κινδύνου
3128 5006 3438 5077 γενόμενος,
3477 5007 3572 5059 xal.
3592 5009 3619 5059 ὅ
3646 5008 3697 5058 τί
3726 5023 3848 5060 ποτε

2270 5109 2538 5196 χρήσηται
2577 5102 2763 5157 λοιπδν
2792 5099 2970 5169 ἐαυτῷ
3001 5098 3076 5169 μὴ
3107 5097 3266 5196 ἔχων,
3299 5097 3450 5196 παρὰ
3477 5097 3570 5150 τὸν
3596 5098 3736 5151 θεῖον
3768 5099 3850 5150 εὺο

2272 5191 2369 5263 θὺς
2393 5197 2638 5268 Συμεὼν,
2671 5195 2769 5266 τήν
2803 5193 2971 5264 μόνην
2994 5193 3119 5262 ἥκει
3144 5191 3238 5244 τοῦ
3270 5191 3477 5254 πάθους
3507 5193 3844 5260 καταφυγὴν,

2275 5293 2371 5363 τὴν
2417 5294 2585 5362 μόνην
2613 5287 2932 5359 τηλικούτου
2964 5284 3136 5339 κακοῦ
3168 5285 3345 5339 λύσιν.
3391 5285 3448 5338 'O
3487 5284 3543 5337 δὲ
3571 5285 3662 5337 τὸν
3691 5285 3846 5356 ἄνδρα

2274 5387 2371 5457 τῆς
2407 5385 2690 5454 συμφορᾶς
2725 5382 2972 5452 ἐλεήσας,
2998 5378 3098 5451 τὴν
3133 5378 3360 5441 κοιλίαν,
3391 5378 3459 5448 ἣν
3489 5379 3590 5430 ὅσα
3621 5379 3715 5431 καὶ
3747 5396 3848 5448 φω-

2274 5478 2394 5530 λεὸν
2436 5479 2463 5530 ὁ
2499 5475 2622 5543 δφις
2654 5473 2808 5542 ᾤκει,
2841 5474 2905 5540 τῇ
2951 5469 3134 5540 ῥάϐδῳ
3164 5469 3586 5539 διασφραγίσας,
3631 5469 3737 5535 ἔξω
3768 5486 3848 5536 γε·

2273 5568 2458 5623 νέσθαι
2489 5571 2587 5636 τῆς
2614 5566 2782 5636 μονῆς
2812 5564 3120 5632 ἐπιτρέπει.
3157 5559 3420 5626 Ἐξελθὼν
3443 5561 3625 5614 τοίνυν
3656 5562 3848 5621 εύθῗως

2273 5664 2502 5726 ἐκεῖνος,
2548 5659 2693 5712 κενοῖ
2739 5653 2826 5709 δυά
2868 5655 2974 5707 τῶν
3017 5652 3260 5724 φυσικῶν
3311 5651 3507 5716 ἐξόδων
3550 5651 3731 5717 ζῶντα
3767 5651 3846 5702 τὸν

2273 5755 2416 5823 ὅφιν,
2476 5753 2567 5804 καὶ
2619 5750 2798 5805 οἴκαδε
2849 5747 3005 5816 ὑγιὴς
3043 5745 3329 5816 ἐπανήκει,
3372 5742 3558 5814 θαῦμα
3599 5745 3658 5797 οἱ
3699 5744 3849 5797 πᾶσιν
