4078 6332
254 348 395 414 3133

1268 350 1447 412 VITA
1485 351 1530 407 A
1570 349 2009 411 NICEPHORO
2043 350 2529 414 CONSCRIPTA.

3384 349 3532 416 3131

260 468 490 529 ὄμμασι,
515 458 650 513 ἀλλά
679 460 773 513 καὶ
804 459 956 525 ὠσὶν,
982 461 1044 513 τὸ
1075 460 1375 531 τηνικαῦτα
1410 462 1558 526 ἰδεῖν,
1584 463 1678 516 καὶ
1701 463 1843 523 ὅσοις

1947 462 2193 528 domum,
2255 467 2582 520 miraculum
2635 464 2811 521 factus
2864 480 2973 520 non
3014 465 3261 529 omnium
3318 473 3530 520 tantum

261 555 339 615 εἰς
365 551 523 624 δεῦρο
557 553 717 607 πάλιν
749 552 976 606 ἀκοῦσαι
1007 552 1235 620 γένοιτο.

254 650 393 710 quot
446 652 577 698 tunc
630 641 894 711 temporis
929 639 1063 695 illud
1116 638 1350 707 videre;
1407 641 1638 697 auribus
1721 657 1873 710 vero,

252 734 390 787 cuit.

333 822 465 895 ρνη’.
509 820 642 879 Εἵτα
687 827 1023 896 προσάγεταί
1068 844 1148 889 τις
1191 825 1340 896 αὐτῷ
1378 826 1581 888 νεᾶνις,
1633 824 1697 877 οὐ
1732 840 1844 894 atto.

252 918 491 987 φεύουσα
531 920 691 988 μόνον
727 919 823 970 καὶ
864 918 1129 989 μηδαμῶς
1161 918 1530 989 φθεγγομένη,
1568 917 1705 971 ἀλλά
1748 917 1843 971 καὶ

248 1012 441 1081 τρὸμῳ
480 1012 540 1062 τὸ
578 1012 687 1064 πᾶν
731 1010 891 1080 σῶμα
919 1011 1158 1078 τοσούτῳ
1200 1008 1530 1079 συνεχομένη
1562 1050 1575 1073 ,
1608 1008 1685 1073 ὡς
1718 1009 1842 1079 μηδ’

249 1103 372 1156 οἵαν
398 1120 455 1155 τε
488 1099 625 1154 εἶναι
658 1104 969 1172 διακρατεῖν
999 1096 1197 1171 ἐαυτὴν
1226 1141 1240 1163 ,
1262 1102 1396 1154 ἀλλά
1422 1100 1619 1153 σινδόνι
1641 1102 1841 1170 μᾶλλον

252 1191 654 1263 βαστάζεσθαι·
692 1191 917 1244 ἕσὸεστο
944 1193 1000 1244 δὲ
1032 1193 1123 1243 καὶ
1149 1194 1176 1244 ὁ
1204 1190 1385 1260 πατὴρ
1417 1191 1515 1261 ἤδη
1546 1192 1643 1260 τῆς
1673 1191 1842 1262 κόρης

249 1284 380 1345 τοὺς
408 1282 741 1352 ὀφθαλμούς.
781 1284 888 1335 Καὶ
926 1286 953 1336 ὁ
995 1284 1095 1351 μὲν
1123 1283 1214 1351 ὑφ’
1244 1285 1446 1352 ἐτέρων
1472 1281 1843 1351 χειραγωγού-

254 1393 438 1445 μενος,
465 1378 498 1445 ἡ
522 1375 579 1428 δέ
607 1376 883 1445 φερομένη
904 1391 915 1404 ⁸
948 1376 975 1427 ὁ
1009 1376 1105 1444 μὲν
1147 1376 1361 1428 ἵσταται
1398 1375 1502 1443 πρὸ
1529 1374 1622 1427 τοῦ
1682 1375 1838 1441 ἁγίου

250 1469 474 1536 τυφλὸς,
502 1471 533 1538 ἡ
566 1468 623 1522 δὲ
661 1466 995 1538 προτίθεται.
1047 1469 1105 1520 '0
1135 1468 1234 1537 μέν
1262 1462 1354 1519 οῦν
1399 1467 1582 1536 πατὴρ
1607 1469 1686 1528 είς
1716 1467 1842 1518 ἐαυ-

248 1562 345 1614 τὸν
375 1561 768 1631 ἀναδεχόμενος
796 1562 893 1631 τὴν
928 1562 1025 1630 τῆς
1064 1561 1253 1622 παιδὸς
1297 1560 1531 1629 πάρεσιν
1577 1559 1722 1629 (ἐπεὶ
1748 1557 1841 1610 καὶ

250 1656 460 1725 πατὴρ,
515 1654 769 1708 κάκείνου
822 1653 1023 1723 μᾶλλον
1068 1653 1128 1705 τὸ
1177 1652 1348 1715 πάθος
1396 1649 1485 1723 ἦν,
1518 1653 1566 1704 εί
1602 1650 1697 1704 καὶ
1741 1651 1841 1719 τῆς

250 1750 445 1811 παιδὸς
478 1749 801 1817 ἐνομίζετο).
838 1748 1022 1817 ίκέτης
1062 1747 1201 1816 ὑπὲρ
1251 1746 1352 1815 τῆς
1385 1744 1579 1814 διπλῆς
1627 1745 1839 1811 ἐγίνετο

254 1844 564 1911 συμφορᾶς,
600 1841 663 1893 οὐ
716 1841 949 1908 πάρεσιν
981 1838 1159 1893 αὐτῶν
1212 1837 1426 1907 ἰαθῆναι
1473 1837 1654 1907 μόνον,
1704 1834 1839 1887 ἀλλὰ

251 1934 349 1987 καὶ
377 1933 669 2000 τύφλωσιν.
718 1932 775 1983 ’0
796 1933 851 1987 δὲ
876 1932 1019 1995 θεῖος
1048 1928 1274 2001 Συμεὼν
1301 1930 1502 1999 ἀμφοῖν
1530 1927 1599 1981 τὰ
1630 1926 1841 1993 σπλάγ-

1947 556 2146 621 oculis,
2173 558 2268 611 sed
2314 560 2480 612 etiam
2537 559 2796 621 auribus;
2846 558 3019 612 oculis
3066 557 3312 627 quidem,
3363 571 3530 626 qum-

1948 653 2220 715 quotquot
2280 646 2333 699 in
2391 657 2717 716 praesentem
2780 662 2955 718 usque
3014 646 3162 703 diem
3220 648 3410 702 audire
3460 646 3531 704 li—

2014 828 2138 883 158.
2182 830 2420 883 Rursum
2470 828 2766 883 adducitur
2797 829 2871 883 illi
2914 828 3118 899 puella,
3172 846 3281 884 non
3318 839 3531 885 tantum

1944 922 2205 977 audiendi
2244 923 2614 991 loquendique
2651 922 2911 976 facultate
2935 922 3219 983 destituta.
3254 922 3347 977 sed
3380 934 3532 977 tanto

1944 1014 2109 1067 etiam
2156 1024 2399 1068 tremore
2431 1015 2694 1069 membris
2728 1014 2990 1068 omnibus
3020 1025 3297 1084 correpta.
3336 1026 3394 1068 ut
3426 1016 3531 1068 itu-

1944 1110 2161 1173 potens,
2211 1120 2333 1173 quae
2362 1119 2421 1157 se
2459 1104 2631 1172 ipsam
2684 1104 3005 1165 sustineret,
3059 1104 3231 1157 linteo
3284 1104 3530 1158 involuta

1943 1196 2144 1266 gestari
2188 1196 2415 1250 deberet
2447 1213 2458 1249 :
2490 1196 2629 1265 patri
2686 1212 2820 1249 vero
2850 1196 2987 1265 ejus,
3021 1196 3353 1249 exstinctum
3409 1204 3530 1249 erat

1943 1289 2230 1342 oculorum
2278 1289 2487 1343 lumen.
2536 1288 2603 1342 Et
2655 1289 2755 1343 iste
2806 1288 3030 1357 quidem
3076 1288 3147 1342 ab
3193 1288 3317 1341 aliis
3364 1302 3528 1341 manu

1946 1380 2167 1443 ductus,
2223 1380 2403 1434 stabat
2438 1396 2622 1434 coram
2660 1392 2849 1435 sancto
2894 1395 3098 1445 caretis;
3134 1381 3224 1433 illa
3276 1396 3409 1434 vero
3436 1394 3532 1449 ap-

1885 1512 1893 1521 ,
1942 1480 2189 1541 portata,
2263 1472 2487 1526 ibidem
2528 1472 2793 1526 collocata
2832 1472 3073 1542 jaeebat.
3128 1473 3292 1526 Pater
3346 1472 3529 1539 itaque

1943 1564 2218 1636 paralysin
2241 1564 2363 1618 filia:
2389 1580 2542 1619 suam
2574 1565 2749 1633 ipsius
2776 1580 2895 1621 esse
2921 1575 3185 1635 reputans
3211 1567 3356 1634 (cum
3381 1565 3532 1619 enim

1943 1663 2100 1725 pater
2147 1665 2313 1737 esset,
2349 1656 2527 1721 dolor,
2561 1658 2655 1727 qui
2698 1656 2821 1713 filiae
2865 1658 3178 1727 putabatur,
3220 1659 3397 1727 ipsum
3430 1671 3532 1727 po-

1947 1749 2055 1802 tius
2088 1763 2229 1819 tegre
2261 1748 2541 1818 habebat),
2577 1750 2806 1818 supplex
2837 1765 2937 1820 pro
2978 1750 3183 1819 duplici
3216 1748 3530 1804 calamitate

1942 1838 2287 1908 deprecanda
2315 1840 2405 1901 tit,
2431 1839 2715 1894 obtestans
2746 1856 2855 1894 non
2885 1841 3062 1895 solum
3092 1850 3153 1894 ut
3182 1840 3414 1912 paralysi
3447 1853 3536 1895 re-

1943 1929 2207 1993 medium,
2238 1929 2331 1983 sed
2352 1930 2580 1984 caecitati
2610 1945 2831 2000 quoque
2851 1930 3379 1985 aﬂ‘eratur.Sanctus
3399 1944 3535 1984 vero

252 2042 356 2095 χνα
389 2024 786 2093 περιαλγήσας,
820 2025 898 2085 είς
926 2022 1210 2091 σπλάγχνα
1236 2039 1298 2075 τε
1342 2020 1503 2074 πάλιν
1532 2019 1693 2083 αὐτὸς
1723 2019 1842 2087 φιλ-

1945 2023 2214 2095 Symeon,
2267 2024 2384 2093 ipse
2431 2022 2655 2092 quidem
2709 2022 2997 2077 amborum
3051 2022 3534 2078 commiseratione

252 2115 574 2187 ανθρωπίας
602 2114 738 2168 Θεοῦ
764 2114 986 2183 βλέψας,
1020 2114 1112 2166 καὶ
1147 2114 1275 2181 γόνυ
1310 2111 1494 2173 κλίνας
1513 2110 1681 2181 αὐτῷ,
1710 2111 1841 2180 παρ’

252 2203 315 2263 οῦ
365 2210 457 2263 τὸν
483 2210 630 2261 ἔλεον
662 2207 777 2279 ᾔδει
820 2206 1090 2269 πλουσίως
1138 2206 1414 2276 χεᾴμενον,
1449 2204 1710 2267 ἀναστὰς,
1742 2204 1841 2273 τὴν

253 2302 595 2371 Δεσποτικὴν
651 2300 835 2370 φωνὴν
860 2299 1209 2376 (ἐπιτιμήσει
1263 2297 1319 2350 δέ
1375 2314 1464 2366 μοι
1506 2296 1604 2365 τῆς
1637 2296 1842 2377 τόλμης

252 2396 457 2459 οὐδεὶς,
499 2398 619 2447 ἐπεὶ
658 2394 916 2447 κάκείνου
949 2392 1137 2460 σαφῶς
1174 2393 1207 2460 ἡ
1238 2390 1409 2460 φωνὴ,
1452 2391 1505 2442 '0
1538 2390 1843 2443 πιστεύων

251 2494 341 2557 εις
386 2491 512 2559 ἐμὲ,
541 2490 613 2543 τὰ
648 2486 857 2557 ἕργαρᾱ
896 2486 1006 2555 ἐγὼ
1035 2484 1204 2551 ποιῶ,
1246 2484 1524 2549 κάκεῖνος
1549 2481 1836 2551 neniam)-

253 2585 498 2647 ἀναστὰς
526 2583 726 2645 τοίνυν,
755 2583 855 2653 τὴν
877 2580 1211 2650 Δεσποτικὴν
1243 2579 1343 2649 ἔῳη
1369 2578 1573 2648 φωνήν·
1604 2578 1667 2629 Ἦ
1688 2578 1839 2640 παῖς,

252 2674 523 2745 ἀνάστηθι
560 2675 656 2727 καὶ
691 2673 849 2741 στῆθι
875 2674 970 2725 ἐπὶ
1002 2673 1124 2737 τοὺς
1165 2673 1333 2734 πόδας
1363 2688 1478 2725 σου.
1511 2670 1711 2740 Τῆς-δὲ
1746 2672 1841 2723 αὑ-

251 2770 381 2821 τίκα
408 2768 545 2836 μέλη
573 2767 749 2820 πάντα
776 2764 1099 2836 ρωσθείσης,
1130 2767 1221 2817 καὶ
1250 2764 1385 2832 ὁμοῦ
1414 2762 1488 2833 τῷ
1511 2764 1841 2832 κελεύσματι

252 2863 420 2914 ποσὶν
452 2859 651 2923 οίκείος
676 2858 1061 2925 διαναστάσης.
1101 2859 1211 2917 τοῖς
1239 2857 1402 2908 αὐτοῦ
1432 2856 1666 2925 χείλεσιν
1696 2860 1838 2908 ἐκεῖ»

254 2970 342 3015 νος
398 2951 491 3003 τὸν
536 2951 799 3003 δάκτυλον
844 2950 1125 3011 ἐκπιέσας,
1165 2948 1393 3017 στόματί
1427 2964 1485 2999 τε
1522 2946 1622 3015 τῆς
1672 2947 1841 3015 κόρης

255 3045 418 3107 αὑτὸν
442 3044 536 3096 καὶ
562 3043 695 3095 ὠσὶν
722 3039 997 3110 ἐμϐαλὼν,
1025 3040 1291 3093 λαλοῦσαν
1322 3039 1649 3108 ἐλευθερίως
1680 3038 1843 3101 εὐθὺς

255 3138 351 3191 καὶ
412 3134 717 3191 ἀκούουσαν
778 3132 1011 3203 ὁρᾶσθαι
1070 3135 1183 3195 τοῖς
1251 3130 1486 3202 παροῦσι
1554 3135 1839 3202 παρεῖχεν.

255 3227 388 3282 Εἶτα
425 3229 563 3298 πρὸς
593 3229 686 3280 τὶν
710 3226 921 3296 πατέρα
947 3224 1299 3293 ἐπιστρέψας,
1340 3227 1429 3276 καὶ
1460 3224 1706 3295 δακτύλῳ
1740 3225 1844 3278 πά-

253 3320 338 3375 λιν
398 3322 601 3389 ὁμοίως
654 3322 728 3388 τῇ
783 3317 948 3370 αὑτοῦ
1020 3316 1237 3387 γλώττῃ
1288 3302 1655 3387 ’διαϐραχέντι
1714 3315 1913 3411 τοὺς(3

254 3410 573 3479 ὀφθαλμοὺς
629 3408 939 3477 ἐπιχρίσας,
980 3408 1286 3477 Δεσποτικῆ
1341 3408 1578 3475 κάκείνῳ
1618 3405 1680 3458 τὸ
1728 3408 1843 3475 φῶς

254 3502 512 3573 ἐνεργείᾳ
576 3500 883 3570 χαρίζεται.
963 3499 1197 3560 Ἐκεῖνος
1266 3498 1374 3567 γὰρ
1430 3494 1497 3568 ἦν
1563 3497 1843 3551 κάνταῦθα

257 3595 449 3663 σαφῶς
493 3594 753 3664 ἐνεργῶν,
798 3593 847 3644 εί
896 3593 987 3644 καὶ
1029 3591 1261 3659 διακόνῳ
1308 3590 1385 3659 τῷ
1414 3590 1707 3660 θεράποντι
1747 3590 1842 3643 κέ-

254 3704 451 3757 χρητο,
485 3686 581 3739 καὶ
609 3668 909 3753 οῦτωμιᾶς
943 3682 1253 3753 προσευχῆς
1300 3681 1511 3751 καρπὸς
1547 3680 1708 3751 διπλῆ
1756 3680 1843 3733 θε-

260 3780 465 3851 ραπεία
494 3778 730 3845 γίνεται.

331 3872 465 3942 ρνθ⁰.
497 3873 731 3924 Ἔπειτα
788 3872 971 3941 μέντοι
1021 3870 1117 3923 καὶ
1163 3868 1440 3933 γυναικῶν
1485 3867 1633 3939 αὐτῷ
1660 3869 1841 3939 πλήθη

254 3963 584 4035 προσῆλθον.
610 3964 665 4015 αἱ
700 3964 797 4030 μὲν
829 3962 991 4031 ξηραὶ
1016 3962 1140 4025 τοὺς
1173 3961 1430 4031 μαστοὺς.
1464 3954 1552 4013 οἷα
1572 3960 1843 4029 γάλακτος

256 4052 651 4121 ἀπορούμεναι,
684 4052 777 4104 καὶ
808 4053 875 4105 τὰ
904 4052 1083 4122 βρέφη
1128 4052 1377 4113 ἐλεεινῶς
1408 4050 1523 4103 ἀνθ’
1557 4051 1842 4121 ἱκετηρίας

255 4145 661 4215 προόἀλλουσαι
688 4162 701 4175 ·
738 4147 792 4197 αἱ
820 4144 864 4196 δ’
898 4145 956 4195 ἐν
982 4144 1178 4215 γαστρὶ
1215 4143 1312 4212 μὲν
1347 4143 1565 4211 ἔχουσαι
1596 4141 1691 4195 καὶ
1720 4142 1844 4194 ὡδί-

256 4251 466 4295 νουσαι,
512 4234 789 4304 πνεύματι
834 4233 888 4285 δὲ
937 4236 1193 4303 πονηροῖς
1242 4229 1588 4301 ἐταξόμεναι,
1630 4230 1705 4292 ὡς
1750 4230 1844 4283 καί

255 4328 395 4379 αὐτὰ
437 4326 537 4395 πρὸ
570 4326 664 4393 τῆς
690 4325 878 4387 ὠδῖνος
912 4326 980 4377 τὰ
1020 4325 1233 4395 ξμῦρυα
1263 4322 1592 4375 κινδυνεύειν
1622 4321 1846 4392 ἀμϐλῶ-

258 4435 387 4472 σαι*
442 4423 539 4482 τὰς
589 4419 645 4471 δὲ
700 4416 1007 4470 ἀτεκνοῦσα
1068 4417 1251 4487 μήτρα
1300 4416 1530 4475 ἐλύπει.
1591 4416 1687 4468 καὶ
1743 4418 1843 4485 τὴν

255 4512 515 4565 ἀπαιδίαν
546 4512 796 4581 χαλεπῶς
833 4510 1199 4578 ἀπωδύροντο.
1246 4510 1390 4561 Ἀλλ’
1419 4509 1475 4562 αί
1521 4509 1618 4578 μὶν
1657 4510 1844 4577 εὐχαῖς

256 4606 470 4658 ἐκείνου
519 4607 618 4673 τὴν
653 4604 819 4672 υηλῆν
855 4603 1193 4671 ἀναθήλασαι
1226 4645 1237 4667 ,
1283 4602 1404 4667 καὶ,
1435 4601 1707 4668 γάλακτος
1746 4602 1844 4653 αῦ-

1942 2108 2286 2170 visceraliter
2334 2122 2533 2180 tactus,
2581 2114 2773 2169 oculos
2820 2129 2953 2168 vero
2985 2114 3040 2167 in
3070 2114 3283 2168 viscera
3318 2112 3535 2167 miseri-

1943 2207 2147 2263 cordiae
2168 2207 2367 2261 divinae
2391 2207 2715 2278 eonjiciens,
2742 2221 2921 2277 genua
2943 2206 2994 2261 ei
3028 2204 3201 2265 ﬂexit,
3227 2221 3257 2259 a
3288 2220 3400 2276 quo
3426 2204 3534 2260 lar-

1942 2301 2083 2372 giter
2122 2300 2333 2355 eﬂ‘undi
2382 2299 2819 2354 misericordiam
2867 2312 3010 2369 sape
3042 2308 3303 2369 expertus
3323 2299 3533 2355 fuerat:

1946 2408 2293 2464 surgensque
2346 2392 2545 2447 deinde
2581 2391 2867 2447 Dominica
2915 2392 3007 2446 illa
3052 2407 3188 2447 voce
3223 2394 3349 2459 (nee
3400 2406 3535 2446 vero

1946 2486 2275 2540 temeritatis
2309 2501 2395 2539 me
2423 2486 2715 2554 quisquam
2753 2494 2966 2555 arguet,
2995 2484 3258 2553 quoniam
3292 2485 3535 2539 clarissi-

1947 2593 2033 2632 me
2057 2577 2191 2631 dicit
2222 2577 2336 2647 ipse
2368 2577 2629 2632 Dominus
2660 2596 2671 2632 :
2698 2576 2802 2643 Qui
2831 2578 2992 2631 credit
3013 2578 3067 2631 in
3098 2594 3199 2638 me,
3233 2595 3393 2649 opera
3416 2593 3539 2649 qua

1947 2687 2041 2742 ego
2068 2670 2202 2741 facio
2232 2674 2343 2741 ipse
2376 2672 2530 2741 faciet
2555 2670 2647 2741 “),
2674 2671 2981 2737 Dominica,
3010 2671 3255 2741 inquam,
3286 2672 3372 2725 illa
3401 2686 3536 2726 voce

1948 2778 2080 2817 usus
2100 2772 2185 2817 est
2223 2781 2236 2817 :
2283 2764 2490 2829 Puella,
2530 2780 2714 2835 surge,
2754 2774 2811 2819 et
2841 2773 2924 2819 sta
2976 2779 3144 2834 super
3186 2764 3352 2833 pedes
3390 2771 3533 2818 tuos.

1943 2856 2192 2925 Cumque
2231 2858 2407 2926 puella
2456 2872 2578 2911 mox
2610 2858 2871 2912 omnibus
2892 2857 3216 2912 confirmata
3248 2857 3532 2916 membris.

1944 2947 2107 3002 simul
2146 2958 2312 3017 atque
2339 2950 2489 3017 jussa
2516 2948 2639 3011 fuit,
2669 2949 2913 3017 pedibus
2958 2948 3074 3002 suis
3117 2957 3301 3002 erecta
3330 2959 3533 3014 staret;

1945 3051 2165 3090 rursum
2216 3037 2306 3090 ille
2333 3037 2613 3091 admotum
2640 3038 2797 3105 prius
2832 3038 2998 3091 labiis
3032 3038 3150 3092 suis
3183 3038 3417 3108 digitum
3448 3039 3533 3092 ori

1944 3130 2281 3199 auribusque
2334 3130 2530 3199 puellae
2565 3130 2826 3192 inseruit,
2884 3138 2941 3185 et
2991 3131 3311 3201 loquentem
3361 3132 3537 3187 libere

1946 3222 2375 3292 audientemque
2427 3222 2796 3292 praesentibus
2845 3224 3203 3293 spectandam
3260 3224 3535 3278 exhibuit.

1950 3312 2089 3367 Hine
2133 3314 2200 3367 ad
2246 3324 2526 3382 parentem
2570 3330 2889 3376 conversus,
2924 3315 3229 3385 digitoque,
3283 3314 3540 3369 similiter

1949 3406 2135 3476 lingua
2185 3407 2511 3471 madefacto,
2557 3408 2751 3462 oculos
2798 3407 3037 3470 illinens,
3101 3408 3287 3462 divina
3330 3408 3537 3463 virtute

1953 3498 2029 3553 illi
2050 3514 2279 3568 quoque
2307 3515 2465 3554 usum
2500 3500 2728 3555 videndi
2756 3500 2987 3570 largitus
3015 3508 3121 3555 est.
3159 3500 3303 3554 Deus
3329 3501 3538 3570 quippe

1950 3598 2088 3653 erat,
2113 3591 2207 3660 qui
2238 3592 2426 3646 istlucc
2450 3603 2554 3645 tam
2571 3592 2859 3646 manifesta
2894 3592 3159 3647 miracula
3180 3590 3533 3660 operabatur,

1949 3681 2052 3735 etsi
2108 3681 2313 3735 famulo
2370 3698 2470 3737 suo
2495 3699 2597 3752 pro
2638 3684 2893 3739 ministro
2938 3693 3189 3738 uteretur
3217 3701 3229 3736 :
3262 3692 3427 3753 atque
3462 3683 3538 3737 ita

1952 3775 2115 3829 unius
2152 3776 2419 3831 orationis
2460 3777 2673 3831 fructus
2718 3777 2920 3846 duplex
2955 3776 3169 3832 curatio
3202 3776 3322 3829 fuit.

2026 3867 2146 3921 159.
2174 3868 2368 3937 lugens
2403 3885 2624 3939 quoque
2652 3870 2945 3925 mulierum
2970 3870 3132 3924 turba
3166 3869 3373 3924 secutis
3400 3878 3539 3923 tem-

1950 3954 2179 4025 poribus
2228 3958 2294 4011 ad
2337 3969 2584 4013 sanctum
2633 3967 3011 4013 convenerunt
3063 3976 3077 4014 :
3128 3976 3360 4030 quarum
3418 3959 3539 4013 alia:

1952 4045 2122 4099 ubera
2160 4047 2395 4102 arefacta
2432 4049 2681 4117 lacteque
2729 4050 2993 4105 destituta
3042 4060 3419 4119 apportanles,
3450 4051 3537 4104 in-

1950 4137 2130 4192 fantes
2165 4154 2294 4193 suos
2341 4142 2718 4209 spectaculum
2764 4142 3077 4197 miserabile
3114 4158 3215 4213 pro
3257 4142 3536 4211 supplica-

1954 4228 2119 4285 tionis
2144 4241 2268 4285 actu
2303 4241 2431 4286 ante
2463 4233 2641 4302 ipsum
2668 4233 3015 4288 collocabant
3053 4251 3067 4286 :
3104 4234 3223 4288 alite
3254 4241 3486 4302 portant.
3511 4248 3538 4287 s

1951 4328 2172 4375 uterum
2213 4332 2269 4376 et
2312 4338 2343 4376 e
2386 4325 2700 4394 propinquo
2732 4335 2891 4395 partu
2920 4324 3257 4385 laborantes,
3284 4324 3538 4393 malignis

1951 4413 2240 4481 spiritibus
2276 4414 2347 4469 ita
2400 4416 2839 4487 exagitabantur,
2872 4426 2931 4472 ut
2967 4416 3268 4470 infahtibus
3292 4416 3535 4469 nondum

1951 4504 2118 4559 editis
2156 4507 2461 4575 perieulum
2498 4523 2606 4562 non
2648 4509 2767 4563 leve
2822 4519 3108 4563 crearetur
3142 4526 3154 4561 :
3187 4509 3311 4563 aliis
3348 4518 3537 4561 uterus

1954 4596 2289 4653 infecundus
2338 4599 2516 4654 dolori
2572 4610 2691 4655 erat
2749 4601 3099 4655 sterilitatem
3166 4615 3323 4655 suam
3360 4601 3538 4653 inces-

255 4698 353 4769 τὴν
382 4697 897 4767 ὐποπεπλησμέναι,
928 4698 983 4749 αἱ
1010 4696 1064 4747 δὲ
1094 4695 1200 4747 τῶν
1232 4694 1560 4763 πνευμάτων
1600 4694 1844 4747 ἀπαλλα-

1952 4708 2138 4747 santer
2176 4693 2627 4747 lamentantibus.
2653 4693 2858 4747 Verum
2902 4694 3012 4748 illa:
3050 4692 3309 4763 precibus
3356 4692 3533 4745 sancti

256 4792 458 4856 τεῖσαι,
498 4788 555 4840 αἱ
584 4788 638 4839 δέ
664 4787 909 4851 λυθεῖσαι
938 4787 1035 4856 τὴν
1065 4787 1351 4856 στείρωσιν
1380 4783 1704 4853 ἐπανῆλθον,
1739 4802 1848 4854 μη-

255 4882 411 4948 τέρες
437 4883 574 4950 μετά
603 4880 777 4932 ταῦτα
806 4879 1117 4949 γενόμεναι,
1139 4879 1233 4931 καὶ
1255 4877 1468 4948 καρπὸν
1498 4876 1629 4947 παρ’
1657 4876 1848 4929 ἐλπίδα

258 4974 468 5036 κοιλίας
499 4972 805 5026 ἐπιδοῦσαι.

329 5151 427 5222 ρξ’,
473 5146 635 5219 Ἑξῆς
698 5149 756 5203 δὲ
814 5146 1150 5215 προσάγεταί
1193 5165 1275 5211 τις
1318 5148 1457 5218 ἀνὴρ
1517 5146 1845 5215 Ἀντιοχεὺς,

257 5243 405 5310 αὒτῷ
437 5241 656 5312 μεγέθει
684 5240 931 5307 σώματος
971 5240 1245 5309 μέγιστος,
1280 5242 1375 5292 καὶ
1401 5242 1461 5294 οὐ
1485 5239 1673 5310 πόρρω
1713 5240 1848 5291 πολὺ

258 5334 549 5399 γιγάντων,
572 5335 785 5403 πικροῖς
808 5333 873 5385 τά
889 5350 943 5384 τε
959 5332 1092 5386 ἄλλα
1112 5332 1309 5384 πάθεσι
1326 5334 1416 5384 καὶ
1431 5333 1606 5393 νόσοις
1630 5346 1850 5398 κατειρ-

258 5426 550 5491 γασμένος,
582 5426 675 5479 καὶ
719 5427 817 5496 τὴν
852 5426 1006 5495 χεῖρα
1040 5424 1207 5496 ξηρὰν
1240 5426 1376 5494 ἔχων
1424 5423 1525 5492 ἤδη
1559 5427 1650 5475 καὶ
1683 5423 1842 5475 οἱονεὶ

256 5516 601 5587 τεθνηκλῑαν.
636 5518 783 5571 Ἰδὼν
814 5518 1106 5589 τοιγαροῦν
1135 5520 1164 5571 ὁ
1192 5518 1285 5571 τοῦ
1311 5520 1445 5571 Θεοῦ
1460 5517 1644 5579 δοῦλος
1662 5517 1845 5579 αὐτὸν,

257 5616 320 5666 ob
361 5614 568 5676 θεατοϊς
590 5610 910 5681 ὀφθαλμοῖς,
943 5610 1055 5663 ἀλλ’
1085 5610 1133 5663 οἳ
1166 5613 1257 5666 καὶ
1306 5612 1410 5664 τῶν
1442 5610 1648 5681 ἀδήλων
1708 5606 1847 5680 ἦσαν

330 5788 390 5828 ⁴⁹ι
411 5787 568 5845 Joan.
606 5805 721 5857 xw,
767 5789 850 5843 l2.

1952 4798 2222 4838 mammas
2268 4784 2590 4839 tuberantes
2640 4784 2893 4853 lacteque
2940 4784 3130 4854 plenas
3171 4790 3531 4851 receperunt;

1956 4874 2076 4928 ista:
2111 4874 2403 4944 Spiritibus
2435 4874 2648 4929 abactis
2673 4876 2921 4929 liberata:
2951 4884 3100 4939 sunt,
3126 4874 3208 4927 ba:
3244 4870 3535 4927 sterilitate

1952 4965 2165 5020 sublata
2209 4977 2575 5031 revertentes,
2610 4976 2816 5021 matres
2848 4966 3005 5021 factae
3037 4976 3187 5030 sunt,
3213 4961 3425 5019 ventris
3448 4960 3534 5017 sui

1950 5056 2132 5110 fructu
2171 5065 2369 5125 prieter
2392 5073 2543 5125 spem
2579 5058 2751 5112 edito.

2024 5148 2147 5204 160.
2181 5150 2331 5204 Alias
2363 5151 2581 5205 sistitur
2613 5153 2695 5205 vir
2721 5151 2946 5221 quidam
2980 5150 3381 5212 Antiochenus,
3413 5163 3533 5201 cor-

1948 5246 2102 5315 poris
2144 5250 2481 5316 proceritate
2511 5246 2787 5300 maximus
2824 5261 2926 5299 nec
2950 5244 3185 5297 multum
3244 5240 3533 5295 dissimilis

1946 5335 2176 5406 giganti,
2196 5333 2309 5399 qui,
2331 5339 2528 5401 praeter
2550 5331 2687 5384 alios
2712 5331 2914 5399 quibus
2941 5329 3300 5398 torquebatur
3319 5328 3536 5382 dolores

1947 5445 2009 5485 ac
2059 5432 2303 5492 morbos,
2336 5440 2557 5479 manum
2612 5424 2822 5479 aridam
2880 5424 3111 5478 habebat
3146 5433 3200 5477 et
3227 5422 3335 5492 jam
3378 5422 3534 5490 quasi

1944 5534 2240 5579 mortuam.
2278 5520 2480 5575 Videns
2524 5518 2671 5573 illum
2728 5518 2818 5573 Dei
2868 5515 3125 5581 famulus,
3165 5532 3269 5570 non
3308 5514 3527 5585 quidem

1948 5612 2122 5667 oculis
2176 5610 2565 5676 exterioribus,
2604 5610 2695 5665 Sed
2731 5608 3105 5671 interioribus,
3136 5622 3255 5679 qua.-
3292 5610 3523 5662 abscon-
