4078 6332
570 371 714 438 3139

1780 380 1842 439 S.
1882 371 2265 437 SYZilEONIS
2301 364 2664 429 JUNIORIS

3703 356 3844 423 σιω

570 472 705 537 πως
733 478 924 533 ﬂorida
950 489 1008 535 et
1033 480 1297 552 juvenilis
1341 485 1883 541 commiserationem
1935 482 2143 537 famulo

2259 470 2339 523 τοῦ
2367 470 2465 539 τῆς
2495 469 2745 537 νεότητος
2774 465 2967 528 ἄνθους
2996 459 3177 517 οἶκτον
3212 464 3416 529 λαϐὼν,
3456 466 3530 529 ὡς
3562 467 3658 519 καὶ
3698 485 3845 535 συμ-

569 569 692 634 Dei,
724 586 835 642 prie
860 570 1070 626 doloris
1098 587 1261 629 sensu
1296 576 1350 630 in
1412 576 1647 647 gemitus
1700 578 1903 630 soluto.
1944 573 2147 629 Oculos

571 661 755 729 itaque
813 676 908 730 spe
948 664 1147 732 plenus
1179 668 1233 721 in
1293 668 1493 723 caelum
1533 668 1847 732 intendens,
1897 676 1958 720 ut
2011 666 2145 721 inde

571 751 835 805 auxilium
887 753 1217 822 advocaret;
1247 766 1302 809 et
1334 758 1567 826 digitum
1590 758 1835 812 alterius
1866 758 1971 817 ori,
2009 757 2148 810 alte-

573 841 690 895 rius
718 844 947 899 auribus
996 846 1341 913 immittens;
1388 848 1537 901 illius
1590 849 1856 903 continuo
1904 848 2147 919 linguam

572 933 757 997 solvit,
791 936 957 1005 hujus
980 952 1113 991 vero
1139 953 1302 992 aures
1333 941 1574 1007 aperuit,
1602 939 1675 993 ita
1712 953 1773 993 ut
1803 948 1861 992 et
1891 939 2151 1008 loquere-

573 1032 665 1079 tur
702 1036 757 1081 et
786 1026 1002 1081 audiret
1034 1038 1268 1099 utraque
1300 1030 1420 1085 sine
1466 1030 1879 1100 impedimento.

648 1214 767 1268 166;
802 1214 941 1269 lllud
979 1230 1199 1285 quoque
1224 1216 1448 1270 silentio
1487 1216 1879 1272 involvendum
1908 1232 2019 1271 non
2045 1228 2150 1279 est,

574 1314 765 1373 utpote
794 1306 1177 1361 demonstrans
1207 1306 1464 1362 similiter
1488 1309 1590 1363 viri
1643 1309 1818 1364 sancti
1867 1310 2153 1378 et’poten-

576 1398 706 1449 tiam
739 1396 883 1465 apud
916 1398 1111 1462 Deum,
1146 1409 1201 1453 et
1237 1399 1635 1469 benignitatem
1698 1418 1823 1472 erga
1874 1402 2150 1465 homines.

574 1489 695 1557 opis
724 1489 1079 1558 intligos.Vir
1102 1490 1325 1558 quidam
1367 1492 1568 1548 allatus
1616 1492 1742 1557 fuit,
1804 1502 1963 1546 aetate
2021 1508 2152 1562 pro-

575 1590 767 1634 vectus
794 1580 1087 1636 admodum
1120 1590 1176 1635 et
1224 1582 1437 1650 capillis
1462 1598 1653 1647 canus,
1682 1583 1775 1652 qui
1822 1592 1935 1643 tua,
1970 1582 2153 1637 invide

578 1673 799 1725 humani
858 1674 1077 1741 generis
1122 1673 1345 1727 inimice
1389 1683 1443 1728 et
1480 1676 1677 1729 salutis
1726 1688 1927 1731 nostra:
1977 1676 2155 1730 hostis

576 1762 807 1825 infense.
843 1775 957 1825 tua.
993 1765 1239 1834 inquam,
1267 1776 1530 1835 operante
1561 1768 1611 1821 in
1640 1783 1705 1821 eo
1756 1768 1964 1821 malitia
2016 1768 2150 1821 nihil

576 1870 687 1908 non
716 1855 908 1924 agebat
934 1855 1203 1919 absonum
1233 1857 1624 1927 indecensque.
1680 1860 1815 1912 Nam
1843 1860 1885 1912 si
1933 1860 2154 1927 quando

576 1963 605 1998 ιι
632 1946 939 2010 daemoniis,
969 1947 1147 2015 ipsum
1184 1944 1407 2017 semper
1438 1950 1865 2019 exagitantibus,
1887 1950 2156 2019 impulsus

576 2048 745 2090 totam
777 2047 1089 2107 pererraret
1117 2038 1430 2104 civitatem,
1487 2057 1626 2109 quas
1687 2057 1793 2095 non
1866 2042 2158 2095 efl‘utiebat

478 2166 479 2169 η
550 2128 975 2205 ~blasphemias!
1008 2146 1170 2199 quam
1187 2132 1595 2201 turpitudinem
1616 2133 1874 2187 inausam
1889 2134 2159 2202 relinque-

576 2218 696 2272 bat!
731 2218 832 2283 Qui
866 2234 998 2271 vero
1024 2220 1076 2271 in
1111 2219 1287 2288 ipsum
1316 2220 1523 2275 infelici
1547 2237 1779 2276 occursu
1815 2237 1910 2275 seu
1939 2222 2027 2276 die
2057 2238 2156 2277 seu

576 2318 736 2363 nocte
798 2308 1136 2372 incidebant,
1196 2312 1445 2379 proxime
1492 2327 1521 2366 a
1570 2314 1819 2381 periculo
1883 2314 2153 2368 aberant:

575 2400 821 2453 violento
846 2400 992 2453 cnim
1024 2414 1089 2453 ac
1121 2400 1317 2454 insano
1338 2400 1548 2471 impetu
1601 2418 1698 2457 eos
1745 2403 2030 2467 invadens,
2061 2420 2155 2458 ve-

576 2485 836 2544 siimeuta
904 2491 1181 2545 frustatim
1219 2492 1580 2557 dilacerabat,
1631 2496 1881 2565 colloque
1935 2497 2157 2564 injectis

574 2581 831 2635 manibus
887 2582 1228 2651 improvidos
1281 2585 1555 2639 suﬂocare
1611 2587 1916 2641 nitebatur.
1961 2588 2155 2657 Neque

576 2668 667 2722 hic
726 2668 883 2723 furiae
933 2678 1240 2725 steterunt:
1294 2675 1576 2742 prepriam
1619 2690 1774 2729 suam
1830 2692 2053 2731 carnem
2102 2678 2157 2747 (o

576 2759 884 2829 miserum!)
913 2760 1173 2816 dentibus
1194 2764 1479 2833 abreptam
1512 2767 1771 2821 mandere
1822 2785 1885 2823 ac
1923 2769 2156 2823 commi-

573 2866 744 2905 nuere
776 2854 1090 2921 spectaculo
1124 2855 1426 2911 miserabili
1474 2859 1625 2913 visus
1676 2860 1804 2926 fuit,
1864 2872 2029 2931 atque
2070 2862 2156 2916 his

573 2936 737 2996 etiam
788 2960 897 2997 non
947 2946 1110 3013 paulo
1186 2948 1511 3004 immaniora
1585 2961 1824 3020 patrare.
1879 2953 2157 3023 Agebatur

575 3031 693 3086 dies
720 3033 869 3088 lovis
898 3045 1087 3090 sancta
1124 3052 1186 3091 ac
1216 3040 1555 3103 veneranda,
1611 3058 1718 3110 qua
1754 3043 2019 3099 Dominus
2052 3060 2157 3098 n0-

2250 562 2419 624 παθές
2479 562 2669 622 αὑταῖς
2720 555 2830 612 οἷον
2897 556 3282 622 ἐπιστενάξαι,
3350 560 3431 621 εἰς
3489 560 3724 630 οὐρανόν
3778 572 3839 607 τι

2250 656 2457 725 πλῆρες
2507 655 2718 715 ἐλπίδος
2771 651 2915 716 ἰδὼν,
2963 652 3050 703 ἵνα
3090 652 3185 704 καὶ
3233 650 3333 719 τὴν
3376 651 3586 704 ἐκεῖθεν
3636 650 3844 721 ἐλκύσῃ

2252 749 2525 819 βοήθειαν,
2576 747 2671 799 καὶ
2718 746 2809 798 τὸν
2854 744 3116 797 δάκτυλον
3164 744 3439 815 ἐμϐαλὼν,
3474 746 3569 814 τῆς
3618 745 3722 813 μὲν
3763 745 3845 813 τῷ

2253 842 2506 911 στόματι,
2560 839 2667 909 τῆς
2718 837 2775 889 δέ
2812 838 2925 898 τοῖς
2959 836 3081 899 ὠσὶ,
3114 839 3179 906 τῇ
3236 838 3333 905 μὲν
3370 838 3532 899 εὐθὺς
3575 836 3695 887 λύει
3743 837 3845 905 τὴν

2251 932 2516 1001 γλῶτταν,
2558 932 2626 1001 τῇ
2682 930 2737 982 δὲ
2797 927 3004 995 ἀνοίγει
3070 926 3169 985 τὰς
3222 928 3411 993 ἀκοὰς,
3460 927 3537 989 ὡς
3596 928 3696 996 τὴν
3744 930 3844 994 μὲν

2252 1024 2631 1092 φθέγγεσθαι,
2671 1023 2769 1089 τὴν
2829 1021 2887 1074 δὲ
2953 1018 3207 1083 ἀκούειν,
3272 1018 3595 1089 ἐλευθερίως
3647 1020 3847 1089 ἀμφό-

2251 1134 2407 1189 τερα.

2330 1208 2471 1277 ρξς⁹.
2519 1206 2642 1260 Ἐπὶ
2677 1207 2889 1269 τούτοις
2936 1207 3110 1259 ἐκεῖνο
3168 1205 3413 1275 λεγέσθω
3439 1246 3452 1272 ,
3476 1205 3577 1273 τῆς
3612 1206 3738 1274 ῐσης
3784 1204 3845 1256 ὃν

2253 1300 2347 1352 τοῦ
2380 1300 2571 1370 ἀνδρὸς
2588 1300 2692 1351 «αἱ
2719 1300 2873 1368 παρὰ
2902 1298 3020 1367 Θεῷ
3051 1298 3395 1360 δυναστείας,
3430 1301 3520 1349 καὶ
3555 1300 3683 1365 περὶ
3716 1298 3845 1355 τοὺς

2255 1392 2441 1443 οἴκτου
2498 1390 2791 1460 δεομένους
2856 1389 3286 1460 φιλανθρωπίας.
3323 1390 3674 1459 Προσηνέχέη
3736 1389 3845 1456 γάρ

2255 1500 2338 1545 τις
2404 1483 2541 1554 ἀνὴρ
2600 1482 2902 1551 αὐτῷ,τὴν
2961 1482 3059 1550 μὲν
3118 1482 3334 1551 ἠλικίαν
3379 1479 3715 1551 πρεσϐύτης,
3751 1481 3846 1532 καὶ

2256 1574 2352 1644 τὴν
2386 1574 2548 1644 τρίχα
2583 1574 2683 1644 ἤδη
2739 1574 2955 1634 λευκὸς,
2996 1574 3062 1642 σῇ
3116 1573 3172 1625 δέ
3202 1574 3418 1634 πάντως
3447 1572 3714 1641 ἐνεργείᾳ,
3751 1571 3847 1641 βά-

2260 1685 2423 1720 σκανε
2477 1668 2571 1721 τοῦ
2619 1668 2729 1720 τῶν
2778 1667 3078 1734 ἀνθρώπων
3131 1666 3318 1734 γένους
3382 1666 3543 1735 ἐχθρέ
3588 1666 3682 1717 καὶ
3747 1666 3846 1733 τῆς

2260 1760 2536 1829 ἡμετέρας
2593 1742 2798 1811 ἄνωθεν
2852 1757 3121 1826 σωτηρίας
3178 1756 3429 1824 πολέμιε,
3461 1755 3570 1808 τῶν
3623 1755 3843 1807 ἀτόπων

2260 1853 2363 1903 ἀπε
2371 1851 2597 1919 χςόμενος
2625 1850 2860 1909 οὐδενός.
2933 1849 3004 1910 Ως
3030 1848 3136 1918 γὰρ
3184 1848 3297 1917 ﬁne
3320 1847 3428 1899 τῶν
3467 1847 3708 1938 ἀγόντων
3759 1846 3847 1901 ἀεὶ

2258 1944 2529 2011 δαιμόνων
2566 1942 2728 1993 αὐτὸν
2809 1940 3188 2009 ἐλαυνόμενος,
3250 1940 3429 1991 πᾶσαν
3475 1938 3691 2009 περιῄει
3745 1939 3845 2009 τὴν

2270 2035 2430 2098 πόλιν,
2463 2034 2513 2085 τί
2558 2033 2655 2103 μὲν
2712 2032 2820 2084 τῶν
2861 2031 3198 2101 βλασφήμων
3219 2030 3279 2082 οὐ
3313 2030 3486 2095 λέγων
3517 2046 3531 2095 ;
3564 2033 3617 2081 τί
3649 2032 3703 2082 δὲ
3733 2032 3844 2083 τῶν

2259 2128 2565 2197 αὶσχὶστωνη
2586 2126 2647 2178 οὺ
2684 2125 2827 2196 δρῶν
2858 2142 2873 2189 ;
2908 2118 3003 2185 Οἷς
3038 2124 3102 2177 ἂν
3139 2124 3351 2193 ἡμέρας
3378 2124 3411 2185 ἢ
3445 2123 3638 2186 νυκτὸς
3673 2141 3843 2193 πονη-

2264 2222 2351 2290 ρδν
2384 2221 2702 2288 συνάντημα
2729 2220 2959 2283 γένοιτο,
3000 2218 3060 2269 ού
3094 2217 3447 2287 πολὺ-πόρρω
3476 2216 3698 2279 τούτους
3730 2234 3845 2269 κιν-

2257 2310 2414 2363 δύνου
2462 2311 2693 2379 καθίστη
2725 2326 2738 2339 ·
2775 2310 2955 2377 φόνιόν
2990 2325 3041 2360 τι
3069 2307 3177 2377 γὰρ
3228 2308 3409 2359 αὐτῶν
3474 2309 3569 2359 καὶ
3614 2308 3843 2377 μῖνικὶιν

2257 2402 2635 2471 δραττόμενος,
2671 2402 2739 2453 τά
2766 2418 2823 2453 τε
2879 2400 3070 2469 ἱμάτιά
3122 2416 3277 2468 σφισι
3328 2400 3724 2469 περιερρήγνυ,
3750 2399 3843 2452 καὶ

2257 2494 2347 2545 τὸν
2380 2493 2651 2565 τράχηλον
2680 2492 2960 2563 περιάγων
2992 2493 3182 2561 ἄγχειν
3223 2492 3420 2554 αὐτοὺς
3451 2494 3741 2561 ἐπειρᾶτο,
3782 2492 3839 2543 ού

2262 2586 2369 2655 μὴν
2406 2586 2536 2638 ἀλλὰ
2565 2586 2659 2637 καὶ
2689 2585 2796 2637 τῶν
2826 2586 2995 2648 ἰδίων,
3026 2585 3171 2652 οἴμοι
3196 2584 3207 2637 !
3251 2583 3472 2653 σαρκῶν
3502 2584 3709 2653 ἥπτετο
3748 2586 3841 2637 καὶ

2258 2676 2460 2730 τούτων
2491 2677 2737 2738 ἐλεεινῶς
2770 2677 3150 2747 παρατρὼγων
3181 2676 3385 2746 digito,
3414 2677 3509 2727 mi.
3556 2676 3689 2728 ἄλλα
3717 2676 3841 2728 τούο

2257 2785 2363 2821 των
2413 2769 2511 2820 οὐκ
2574 2768 2739 2838 ὀλίγῳ
2787 2768 3143 2837 χαλεπώτερα
3186 2754 3339 2836 ἕδρα.
3392 2767 3527 2819 um:
3561 2766 3692 2834 γοῦν
3736 2766 3841 2837 ὄνῳ

2261 2859 2592 2929 περιτυχὼν,
2621 2862 2651 2929 ὴ
2691 2860 2962 2929 σεὸασμία
3010 2859 3054 2911 δ’
3088 2855 3157 2930 ἦν
3188 2864 3281 2911 καὶ
3338 2860 3549 2929 μεγάλη
3584 2860 3836 2928 πέμπτη,

2260 2952 2384 3004 καθ’
2414 2953 2481 3022 ἣν
2515 2954 2542 3004 ὀ
2576 2952 2780 3022 Κύριος
2818 2952 2977 3023 ἡμῶν
3005 2952 3100 3004 καὶ
3128 2952 3258 3015 Θεὸς
3284 2956 3393 3015 τοῖς
3425 2953 3694 3022 μαθηταῖς
3727 2970 3841 3005 συν-

2258 3040 2578 3111 δειπνήσας,
2614 3040 2705 3109 ὑφ’
2736 3041 2855 3103 ἐνὸς
2888 3042 3068 3093 αὐτῶν
3100 3040 3554 3112 παραδέδοτο,τὴν
3596 3043 3840 3110 γλῶτταν

572 3138 689 3179 ster
719 3141 841 3178 cum
881 3127 1171 3197 discipulis
1193 3139 1467 3195 cmnatus,
1502 3133 1572 3186 ab
1599 3134 1817 3205 illorum
1849 3150 1958 3188 uno
1985 3136 2154 3191 tradi—

2260 3136 2464 3196 ἐκεῖνος
2509 3134 2803 3199 ἐξελκύσας
2842 3134 2942 3203 τῆς
2999 3134 3119 3187 ὄνου
3148 3131 3369 3199 ,ὀδοῦσι
3425 3150 3483 3186 τε
3523 3134 3672 3197 ἰδίοις
3700 3134 3838 3203 (φεῦ

577 3225 664 3270 lus
698 3216 832 3283 fuit;
868 3234 992 3271 cum
1024 3220 1193 3274 asinae
1244 3222 1384 3277 forte
1437 3240 1757 3288 occursans.
1798 3227 2041 3296 linguam
2101 3231 2153 3283 ei

573 3310 829 3373 extraxit,
864 3312 1205 3383 tinniterque
1238 3315 1499 3373 dentibus
1523 3320 1637 3372 suis
1668 3321 1999 3388 prebensam
2028 3323 2153 3391 (vah

576 3404 997 3470 spectaculum!)
1037 3406 1308 3473 praecidit.
1335 3424 1398 3461 ac
1442 3410 1706 3463 dentibus
1757 3414 2155 3467 comminutam

575 3493 856 3561 laceravit,
893 3499 1217 3567 sanguinem
1255 3500 1464 3555 circum
1503 3517 1565 3555 os
1604 3503 1939 3558 defluentem
1962 3505 2158 3561 bibens

574 3599 638 3637 ac
669 3586 918 3656 lingens,
987 3590 1153 3659 idque
1192 3592 1245 3645 in
1299 3593 1503 3647 canitie
1558 3604 1665 3649 tam
1712 3598 2041 3661 venerabili,
2099 3604 2157 3651 et

575 3679 1048 3748 grandisenecta;
1103 3690 1267 3752 atque
1314 3685 1417 3738 sub
1474 3702 1729 3741 occasum
1793 3691 1950 3744 vine:
2008 3690 2154 3759 quod

576 3768 717 3824 adeo
750 3770 1080 3827 intuentium
1104 3776 1298 3830 oculos
1323 3780 1462 3832 male
1488 3779 1745 3843 habebat,
1778 3794 1837 3835 ut
1888 3783 2155 3853 lacrymas

575 3862 941 3930 exprimeret;
982 3875 1038 3919 et
1071 3866 1335 3921 miserum
1366 3883 1657 3937 superesse
1693 3872 1747 3924 in
1777 3872 1915 3927 vivis
1961 3872 2156 3926 dolen-

580 3959 685 4013 tes,
713 3963 946 4007 mortem
982 3955 1057 4008 illi
1087 3971 1187 4025 pro
1216 3956 1489 4012 beneficio
1549 3969 1931 4027 precarentur.
1986 3960 2153 4015 Asina

579 4041 826 4106 interim,
872 4045 1013 4100 licet’
1036 4054 1143 4100 tam
1193 4048 1499 4103 crudeliter
1550 4049 1618 4103 ab
1658 4051 1776 4119 ipso
1813 4060 2042 4105 tractata
2098 4059 2153 4106 et

2259 3225 2353 3278 τοῦ
2408 3224 2761 3295 θεάματοςῐ)
2797 3226 3108 3294 ἁπτόμενος
3174 3227 3382 3296 ταύτης
3440 3228 3535 3281 καί
3600 3230 3839 3298 παρατέ-

2263 3334 2432 3386 μνων,
2495 3315 2809 3385 διεμασᾶτο,
2862 3315 3034 3368 πίνων
3094 3315 3293 3380 ἀθλίως
3353 3319 3447 3370 καὶ
3522 3318 3841 3387 περιλεέχων

2260 3409 2350 3460 τοῦ
2382 3408 2641 3477 αἵματος,
2668 3410 2762 3460 καὶ
2800 3407 2970 3461 ταῦτα
3005 3410 3060 3460 ἐν
3113 3408 3255 3461 οὕτω
3296 3411 3467 3479 σεμνῇ
3535 3410 3712 3480 πολιᾷ,
3747 3410 3841 3462 καὶ

2264 3498 2421 3568 βαθεῖ
2453 3498 2621 3568 γήρᾳ,
2659 3500 2752 3550 καὶ
2782 3497 2898 3565 βίου
2934 3500 3165 3567 δυσμαῖς
3198 3516 3211 3533 ⁸
3248 3500 3276 3551 ὃ
3306 3502 3399 3552 καὶ
3426 3500 3839 3569 φιλανθρώπους

2264 3590 2576 3659 ὀφθαλμοὺς
2638 3591 2803 3643 ἐκίνει
2864 3590 3000 3660 πρὸς
3045 3590 3276 3661 δάκρυα,
3317 3592 3535 3645 καὶτὸν
3583 3592 3839 3661 δύστηνον

2263 3684 2529 3753 ὠδύροντο
2574 3684 2670 3752 τῆς
2702 3682 2870 3751 ζωῆς,
2907 3684 3000 3736 καὶ
3054 3685 3282 3737 θάνατον
3337 3686 3488 3756 αὐτῷ
3515 3685 3712 3755 μᾶλλον
3768 3686 3840 3747 ὠς

2260 3775 2553 3844 εὐεργέτην
2580 3774 2902 3844 ἐπηύχοντο.
2920 3774 2983 3828 Ἡ
3002 3778 3183 3845 μέντοι
3200 3777 3342 3842 δνος,
3372 3780 3631 3846 καίτοιγε
3654 3778 3841 3832 τοιαῦθ

2258 3883 2326 3918 τα
2356 3866 2486 3934 παρ’
2519 3865 2680 3918 αὐτοῦ
2715 3867 3001 3935 πάσχουσα
3020 3906 3035 3929 ,
3068 3868 3161 3921 καὶ
3188 3870 3285 3939 τὴν
3314 3869 3567 3936 γλῶσσαν
3595 3871 3839 3922 δαπανω-

2264 3957 2421 4027 μένη,
2450 3958 2592 4026 ὅμως
2629 3958 2931 4026 ἐνεργείαις
2962 3957 3070 4010 τῶν
3102 3960 3158 4011 ἐν
3186 3960 3336 4030 αὐτῷ
3368 3960 3637 4030 δαιμόνων
3660 3963 3841 4031 elati,-

2261 4065 2365 4109 κει,
2404 4046 2629 4114 μηδενὸς
2661 4045 2849 4118 ὥσπερ
2882 4047 3131 4115 ἀλγεινοῦ
3158 4052 3496 4121 πειρωμένη.

578 4138 829 4191 mutilata
861 4140 1123 4210 linguam,
1154 4142 1541 4209 nihilominus,
1586 4143 1833 4200 daemone
1896 4146 2011 4216 qui,
2040 4147 2222 4201 virum
2261 4141 2538 4197 insidebat
2586 4153 2808 4212 agente,
2871 4158 2981 4197 non
3045 4144 3209 4200 aliter
3281 4147 3532 4201 substitit
3578 4164 3737 4217 quam
3794 4148 3834 4200 si

577 4231 716 4285 nihil
741 4247 913 4301 paenae
949 4248 1102 4301 passa
1133 4232 1345 4289 fuisset.

655 4324 774 4376 167.
827 4324 1137 4377 Adducitur
1170 4341 1303 4395 ergo
1347 4341 1513 4381 senex
1544 4326 1613 4381 ad
1679 4327 1859 4383 virum
1901 4338 2175 4395 sanctum,

580 4416 874 4484 statimque
900 4415 967 4468 ah
995 4416 1363 4472 incolentibus
1384 4435 1512 4473 eum
1557 4420 1845 4474 daemoniis
1871 4438 1968 4489 per
1994 4431 2159 4491 caput

578 4508 954 4577 suSpenditur,
990 4509 1158 4562 veluti
1193 4526 1300 4564 non
1326 4510 1642 4567 ferentibus
1690 4513 1865 4567 sancti
1914 4528 2151 4582 conspe-

579 4608 897 4668 ctumzquo
926 4599 1046 4653 illus
1102 4612 1525 4669 percunctante,
1565 4618 1665 4657 cur
1729 4604 1951 4658 tandem
1991 4605 2066 4658 ita
2104 4603 2159 4656 in

578 4707 764 4746 senem
822 4690 1147 4746 debacchati
1208 4693 1477 4759 fuissent,
1550 4696 1628 4749 illi
1698 4712 1883 4751 amare
1962 4696 2157 4751 flentes

579 4784 837 4851 (dixisses
868 4785 971 4836 viri
1014 4786 1309 4854 praesentia
1360 4788 1517 4856 quasi
1551 4804 1694 4843 saevo
1735 4788 1950 4858 ﬂagello
2000 4804 2161 4843 exce-

579 4881 701 4945 ptos
732 4884 896 4939 esse),
929 4878 1005 4930 Ad
1030 4878 1162 4937 hoc.-
1192 4879 1470 4948 inquiunt,
1521 4882 1671 4935 missi
1726 4897 1935 4945 sumus,
1967 4890 2025 4934 ut
2073 4881 2155 4935 vel

579 4968 636 5021 in
659 4983 854 5036 aquam
910 4969 995 5022 vel
1051 4968 1106 5022 in
1159 4969 1338 5039 ignem
1393 4972 1573 5040 ipsum
1636 4972 2153 5041 praecipitaremus:

579 5060 768 5113 talium
813 5062 960 5113 enim
1001 5077 1185 5115 rerum
1218 5063 1307 5115 isti
1335 5064 1484 5132 (hem
1539 5065 1861 5132 insaniam!)
1917 5064 2155 5118 ministri

581 5151 758 5205 seduli
785 5161 839 5204 et
889 5164 1245 5208 exsecutores
1281 5163 1430 5209 sunt.
1485 5154 1613 5208 Dies
1660 5155 1824 5223 igitur
1872 5165 1927 5208 et
1965 5164 2158 5209 noctes

582 5244 786 5311 pariter
815 5245 1059 5314 quinque
1102 5245 1462 5300 multifariam
1502 5245 1571 5298 ab
1617 5245 1703 5299 his
1736 5246 1931 5300 incolis
1978 5256 2157 5300 tortus

579 5335 1089 5407 fucrataeerbeque
1117 5350 1385 5397 vexatus:
1438 5355 1564 5393 cum
1611 5340 1735 5393 illos
1779 5339 2017 5408 graviter
2064 5355 2156 5392 ca-

580 5428 806 5499 stigatos
830 5430 1097 5484 facessere
1123 5432 1271 5493 inde,
1294 5442 1350 5486 et
1374 5447 1657 5501 nunquam
1684 5432 1943 5501 deinceps
1969 5432 2157 5486 sedem

578 5521 741 5577 istam
772 5532 1019 5591 repetere
1045 5524 1238 5593 jubet:
1272 5541 1373 5578 nec
1409 5534 1749 5594 praeceptum
1803 5535 2007 5580 eventu
2060 5542 2156 5580 ca-

576 5614 712 5669 ruit,
735 5615 877 5669 Jussi
915 5630 1177 5684 namque,
1205 5618 1434 5669 multum
1459 5617 2161 5672 vociferanteshmninem-

578 5706 684 5773 que'
714 5707 984 5774 jactantcs
1010 5721 1038 5758 e
1072 5706 1299 5775 vestigio
1331 5717 1695 5770 evanuerunt,
1725 5723 1833 5761 non
1891 5708 2008 5762 ausi
2072 5708 2156 5761 in-

580 5805 860 5866 pusterum
896 5799 1026 5853 illuc
1053 5798 1254 5853 reverti
1284 5816 1296 5850 :
1331 5814 1497 5854 senex
1529 5807 1717 5854 autem
1766 5800 2010 5854 violento
2058 5800 2153 5854 illo

2338 4325 2471 4398 ρξζ’.
2510 4328 2734 4393 Ἀγεται
2786 4323 3076 4395 τοιγαροῦν
3109 4325 3260 4396 παρὰ
3312 4326 3405 4378 τὸν
3438 4326 3581 4380 θεῖον
3625 4329 3835 4399 ἄνδραὸ

2265 4420 2513 4489 γηραιὸς,
2539 4418 2596 4480 δς
2626 4418 2761 4487 ὁμου
2792 4434 2847 4469 τε
2880 4411 3017 4469 εἶδεν
3050 4418 3230 4479 αὑτὸν,
3270 4420 3363 4471 καὶ
3405 4418 3542 4488 ὁμοῦ
3575 4420 3695 4472 ὐπᾶ
3730 4422 3835 4472 τῶν

2261 4512 2612 4564 ἐνοικούντων
2670 4509 2817 4581 αὐτῷ
2850 4510 3121 4579 δαιμόνων
3157 4512 3298 4564 κατὰ
3330 4512 3574 4581 κεφαλῆς
3614 4514 3831 4583 ἤρτητο,

2261 4604 2512 4673 καθάπερ
2569 4602 2666 4655 οὐκ
2715 4602 3049 4669 ἐνεγκόντων
3122 4604 3219 4672 τὴν
3278 4603 3426 4656 θέαν.
3483 4603 3542 4655 Ὀ
3607 4606 3704 4673 μὲν
3745 4604 3832 4657 οὖν

2262 4695 2414 4763 ἅγιος
2469 4694 2799 4749 ἐπυνθάνετο
2858 4694 3058 4758 αὐτῶν,
3119 4694 3173 4747 τί
3210 4695 3273 4765 δή
3310 4711 3441 4748 ποτε
3501 4696 3729 4749 τοιαῦτα
3760 4698 3832 4764 τῷ

2259 4788 2475 4858 γέροντι
2526 4788 2939 4858 παροινήσειαν.
2994 4787 3056 4839 Oi
3087 4786 3142 4839 δὲ
3190 4788 3383 4859 πικρὸν
3420 4787 3730 4851 κλαίοντες.
3756 4784 3838 4843 οἷα

2262 4880 2354 4932 καὶ
2385 4881 2449 4948 τῇ
2479 4879 2705 4947 μάστιγι
2741 4877 2839 4947 τῆς
2879 4877 3089 4929 ἐκείνου
3118 4878 3427 4946 παρουσίας
3486 4878 3676 4940 δεινῶς
3710 4881 3826 4931 ἐτα-

2261 4972 2497 5039 ζόμενοι,
2556 4972 2748 5039 Ἡμεῖς
2803 4971 2897 5022 ἐπὶ
2956 4969 3135 5031 τοῦτο,
3193 4972 3346 5038 φησὶ,
3406 4970 3828 5040 ἐπεστὰλμεθα,

2260 5060 2400 5114 ὥστε
2459 5064 2549 5114 καὶ
2612 5060 2732 5114 καθ’
2769 5059 2961 5124 ὕδατος
3006 5060 3187 5129 βαλεῖν
3236 5061 3454 5131 αὑτὸνῆ
3488 5064 3659 5133 πυρός
3688 5080 3701 5094 ·
3731 5063 3829 5114 τῶν

2260 5152 2369 5223 γὰρ
2422 5153 2679 5206 τοιούτων
2738 5155 2937 5205 ἐκεῖνοι
2973 5151 3097 5221 (φεῦ
3147 5151 3245 5221 τῆς
3300 5153 3499 5223 μανίας
3532 5155 3569 5221 l)
3604 5154 3827 5208 διάκονοι

2263 5245 2538 5297 σπουδαῖοι
2570 5244 2662 5297 καὶ
2693 5244 2983 5315 ὑπηρέται.
3023 5244 3263 5314 Ἡμέρας
3298 5246 3398 5315 μέν
3425 5242 3519 5299 οὖν
3550 5248 3711 5298 πέντε
3740 5247 3826 5299 κει

2261 5334 2461 5399 νύκτας
2518 5337 2662 5400 ἴσας,
2704 5337 2962 5399 ποικίλως
3036 5336 3463 5405 βασανιζόμενος
3516 5337 3609 5390 ὑπ’
3661 5337 3828 5391 αὐτῶν

2259 5424 2347 5499 ἦν,
2380 5429 2473 5481 καὶ
2524 5429 2749 5497 πάσχων
2804 5429 2990 5491 κακῶς
3017 5446 3029 5459 ·
3065 5424 3182 5481 εἶτα
3220 5430 3580 5500 σφοδρότερον
3612 5431 3782 5489 αὐτοῖς
3804 5430 3827 5477 ὁ

2259 5523 2352 5573 τοῦ
2384 5520 2517 5573 Θεοῦ
2535 5519 2785 5590 θεράπων
2809 5522 3135 5590 ἐπιτιμήσας
3167 5521 3400 5584 ἐξελθεῖν
3427 5539 3486 5573 τε
3510 5524 3603 5574 τοῦ
3628 5523 3824 5591 ἀμερὴς,

2262 5615 2356 5666 καὶ
2408 5614 2607 5683 μηκέτι
2658 5611 2817 5663 πάλιν
2872 5614 2950 5674 εἰς
2999 5613 3156 5665 αὑτὸν
3191 5614 3510 5665 ἐπανελθεῖν
3542 5615 3821 5666 initiari-

2260 5708 2354 5761 καὶ
2403 5707 2461 5757 τὸ
2506 5705 2830 5774 πρόσταγμα
2863 5705 3023 5773 ἔργον
3051 5700 3139 5774 ἦν.
3170 5705 3277 5757 Καὶ⁵
3308 5707 3357 5757 οἱ
3386 5705 3485 5773 μὲν
3512 5707 3681 5757 πολλὰ
3708 5711 3826 5772 κρα-

2263 5797 2450 5864 ξαντες
2498 5799 2592 5852 καὶ
2637 5796 3034 5868 σπαράξαντες,
3089 5797 3290 5861 εὐθέως
3350 5796 3617 5869 ἀπῆλθον,
3654 5788 3819 5850 dixit:
