4078 6332
237 347 377 416 3341

1255 348 1430 410 VITA
1470 350 1516 408 A
1555 345 1995 407 NlCEPHORO
2035 344 2519 405 CONSCRIPTA.

3379 325 3524 410 sua

239 459 617 531 τολμήσαντες
648 465 806 522 αὖθις
837 458 916 524 είς
945 457 1106 523 αὑτὸν
1142 456 1482 528 ἀναστρέψαι
1515 473 1528 489 ·
1566 456 1594 508 ό
1623 455 1679 508 δέ
1719 455 1814 509 τοῦ

1948 457 2145 511 urbine
2184 472 2249 528 ac
2289 465 2618 526 tempestate
2649 456 2943 518 liberatus,
2993 453 3176 523 stabat
3205 454 3372 527 plane
3432 477 3521 512 re-

239 551 482 626 χαλεποῦ
509 549 780 614 κλύδωνος
806 551 1018 605 ἐκείνου
1041 553 1132 606 καὶ
1155 551 1255 619 τῆς
1285 549 1453 620 ζάλης
1471 548 1826 616 ἀπαλλαγεὶς,

243 641 606 713 καθεστηκὼς
661 644 908 714 εἱστήκει
961 646 1055 696 καὶ
1103 643 1292 711 νήφων
1321 683 1337 707 ,
1397 642 1681 707 ἀναλόγως
1731 640 1831 708 τῆς

243 736 381 809 πρὶν
411 733 803 805 ἀσχημοσύνης
842 734 950 788 καὶ
978 734 1246 802 ἀκοσμία-ς
1270 735 1336 802 τῇ
1370 732 1702 786 καταστάσει
1736 731 1829 784 καὶ

244 829 538 896 σεμνότητι
572 827 869 895 χρώμενος.
907 826 986 894 Τῇ
1024 827 1205 895 μέντοι
1238 824 1369 894 δνῳ,
1402 824 1519 877 ούδέ
1544 824 1676 895 γὰρ,
1711 822 1832 876 οὐδὲ

239 919 401 971 τοῦτο
425 919 756 988 παραλιπεῖν
771 917 948 982 ἄξιον,
974 918 1101 986 χοῦς
1134 919 1197 969 ἐκ
1238 916 1332 970 τοῦ
1364 917 1586 987 Συμεὼν
1631 916 1831 983 ὀλίγος,

244 1007 512 1078 θεραπεία
543 1007 643 1076 τῆς
672 1005 918 1078 γλώττης
949 1009 1150 1062 αὐτίκα
1177 1009 1409 1075 γίνεται.

317 1096 457 1167 ρξη’.
486 1096 642 1150 Μετὰ
673 1096 846 1149 ταῦτα
877 1096 1250 1166 προσάγονται
1279 1114 1423 1160 τινες
1460 1097 1652 1168 ἄνδρες
1681 1094 1834 1167 αὐτῷ

239 1189 357 1250 δύο,
393 1187 484 1240 τὸν
527 1187 715 1256 ἕτερον
756 1190 867 1241 τοῖν
895 1188 1074 1241 ποδοῖν
1105 1187 1366 1260 ἑκάτερος
1395 1190 1579 1243 ἀὐτῶν
1617 1189 1834 1262 ίαθῆναι

241 1280 496 1351 δεόμενος
519 1297 530 1310 ·
560 1275 632 1351 ἦν
674 1279 785 1351 γὰρ
818 1281 1005 1349 ἔτερος
1036 1282 1240 1351 ἀμφοῖν
1289 1281 1566 1352 σεσηπὼς,
1606 1285 1703 1335 καὶ
1745 1281 1837 1344 τέ-

241 1388 378 1440 χνης
417 1369 617 1441 ίατρῶν
644 1371 1012 1440 ξσχυρότερος,
1044 1373 1259 1441 θατέρῳ
1284 1372 1341 1426 δέ
1379 1376 1496 1427 τοῖν
1521 1374 1736 1443 ἀνδροῖν
1776 1371 1838 1424 τὸ

245 1459 421 1523 πάθος
450 1460 638 1528 σχεδὸν
685 1459 782 1512 καὶ
814 1459 1113 1530 σύντροφον
1141 1456 1229 1532 ἦν,
1259 1464 1697 1532 τεσσαρακοστὸν
1734 1464 1835 1516 αύ-

242 1553 338 1606 τὺν
379 1552 636 1616 ἐκπιεζον
684 1551 827 1614 ετος.
882 1551 1044 1605 Ἀλλά
1073 1551 1152 1622 τῷ
1188 1552 1288 1622 μέν
1320 1539 1452 1624 χοῦς
1482 1555 1582 1622 τῆς
1628 1555 1837 1607 ἐκείνου

243 1643 353 1714 γῆς
375 1645 597 1715 κραθεὶς
627 1643 801 1705 ὕδατι,
834 1643 911 1712 τῷ
935 1643 993 1696 δὲ
1023 1645 1137 1714 ἀφὴ
1173 1643 1481 1714 σύμμικτος
1511 1647 1641 1716 εύχῇ
1674 1646 1838 1717 θερα-

245 1735 380 1789 πεία
410 1736 647 1806 κατέστη
670 1743 681 1765 δ
713 1735 808 1787 καὶ
841 1735 933 1786 τὸν
969 1737 1168 1789 οἰκεῖον
1203 1738 1462 1808 ἑκάτερος
1485 1738 1622 1790 πόδα
1644 1737 1839 1808 νεαρὸν

1931 547 2161 603 stitutus
2186 548 2289 602 sibi
2320 549 2634 617 mentisque
2659 563 2909 618 compos,
2942 557 2998 602 et
3035 557 3191 605 tanto
3241 549 3526 606 ferebatur
3569 549 3574 555 ’

1931 648 2256 695 mansuetus
2297 637 2761 709 verecundusque
2791 681 2807 705 ,
2843 655 3010 710 quam
3069 648 3197 695 ante
3245 641 3523 698 violentus

1932 723 2605 802 atque’impudens.Quid
2659 741 2843 786 autem
2896 732 3096 786 asina?
3137 749 3316 803 neque
3366 735 3516 788 enim

1935 823 2051 893 ipsa
2076 825 2240 894 digna
2293 835 2380 878 est
2438 819 2738 894 prreteriri.
2802 824 3108 878 Pauxillum
3157 823 3436 894 pulveris;
3489 841 3517 879 a

1934 925 2128 969 sancto
2158 924 2470 984 acceptum,
2499 914 2794 970 sanitatem
2842 914 3044 986 lingua:
3067 916 3188 986 ejus
3223 917 3524 971 confestim

1933 1007 2137 1062 attulit.

2009 1099 2132 1154 168.
2156 1099 2287 1154 Post
2316 1099 2434 1155 haec
2472 1099 2787 1154 afferuntur
2825 1099 2929 1154 viri
2959 1100 3208 1170 quipiam
3241 1100 3531 1164 duo,uter-
3629 1147 3634 1152 .

1935 1206 2045 1262 que
2076 1191 2202 1261 pedi
2239 1207 2342 1246 suo
2365 1193 2542 1246 altero
2565 1191 2766 1246 affecto
2821 1192 3134 1247 remedium
3189 1202 3526 1262 poscentes:

1937 1284 2104 1339 unius
2132 1300 2368 1355 namque
2395 1286 2506 1355 jam
2548 1285 2914 1354 putrefactus,
2977 1295 3156 1339 artem
3226 1286 3530 1354 respuebat

1937 1377 2322 1442 medicorum;
2385 1379 2556 1432 alium
2607 1378 2845 1432 acerbus
2870 1377 3050 1442 dolor,
3113 1378 3231 1433 fere
3293 1379 3361 1433 ab
3413 1377 3533 1449 ipso

1938 1478 2063 1524 ortu
2135 1470 2514 1534 continuatus,
2583 1469 2948 1540 quadraginta
3013 1471 3123 1539 jam
3194 1487 3368 1525 annos
3430 1485 3531 1526 ex-

1939 1558 2248 1631 cruciabat.
2292 1558 2512 1612 lllorum
2539 1560 2700 1614 alteri
2738 1560 3104 1614 nihilominus
3130 1561 3317 1629 pulvis
3369 1571 3533 1618 terrae

1941 1649 2110 1714 illius,
2157 1664 2300 1718 aqua
2355 1650 2652 1714 subactus;
2687 1650 2845 1704 alteri
2915 1660 3229 1715 contactus,
3277 1652 3533 1708 oratione

1943 1739 2187 1803 adjutus,
2236 1740 2520 1792 salutifera
2564 1739 2840 1794 medicina
2899 1742 3149 1796 exstitit:
3207 1751 3264 1796 et
3307 1741 3532 1814 domum

243 1827 439 1896 ὥσπερ
471 1827 778 1893 ἀπολαϐὼν,
812 1829 910 1899 οὐχ
935 1829 1009 1894 ὡς
1039 1829 1228 1902 πρώην
1257 1829 1586 1899 οἰμώζοντες
1619 1830 1713 1882 καὶ
1739 1847 1834 1898 φε-

1947 1847 2090 1885 suam
2118 1839 2349 1900 uterque
2379 1832 2564 1895 rediit,
2583 1832 2692 1900 jam
2716 1847 2827 1885 non
2857 1833 3082 1901 portati,
3109 1845 3395 1904 gementes
3416 1835 3536 1902 plo-

244 1919 489 1989 ρόμενοι,
532 1917 665 1971 ἀλλά
708 1918 1040 1991 σκιρτῶντες
1090 1919 1182 1971 καὶ
1213 1919 1496 1990 χαίροντες
1540 1920 1834 1988 ἐπανῆκον.

247 2012 482 2063 Ἔπειτα
516 2009 702 2080 τυφλῷ
733 2027 838 2063 τινι
871 2010 1307 2081 προσενεχθέντι,
1352 2009 1578 2079 γλυκεῖά
1607 2027 1688 2072 τις
1715 2009 1839 2078 ὄψις

241 2105 272 2156 ὁ
291 2103 447 2170 ἅγιος
471 2103 700 2170 γίνεται.
720 2103 874 2155 Κατά
893 2105 1001 2173 γὰρ
1031 2103 1129 2174 τὴν
1155 2101 1378 2174 πρώτην
1404 2103 1593 2165 νύκτα,
1626 2101 1750 2155 καθ’
1771 2103 1839 2173 ἥν

243 2213 391 2267 προσ
407 2193 512 2269 [εν]
526 2197 740 2266 ήνεκτο,
763 2196 937 2249 ἐδόκει
964 2196 1181 2248 νεανίαν
1209 2198 1235 2248 ὁ
1258 2195 1456 2265 τυφλὸς
1480 2197 1632 2268 ὁρᾷ-ι,
1659 2195 1837 2266 τρίχι-

244 2303 341 2341 νον
396 2287 596 2356 ἔνδυμα
645 2285 1052 2356 περικείμενον,
1095 2287 1192 2356 τὴν
1238 2285 1359 2355 ὄψιν
1407 2286 1678 2356 λαμπρὸν,
1713 2288 1839 2347 τοὺς

244 2378 419 2442 πόδας
466 2380 693 2453 γυμνὸν,
739 2379 973 2449 φέροντα
1008 2378 1212 2448 ,ῥάϐδον
1248 2381 1312 2448 τῇ
1357 2377 1540 2448 δεξιᾷ,
1581 2378 1737 2447 βαῖνη
1781 2376 1839 2430 δὲ

243 2466 413 2538 αὕτη,
438 2467 531 2530 Δὸς
556 2468 733 2533 δόξαν,
762 2467 1015 2534 λέγοντα,
1036 2466 1112 2536 τῷ
1137 2466 1274 2534 Θεῷ.
1306 2467 1372 2520 Ἢ
1396 2467 1496 2537 μὲν
1519 2463 1611 2519 οὖν
1631 2483 1838 2533 φαντα-

245 2561 343 2612 σία
371 2558 514 2612 οὓτω
536 2561 631 2630 τὴν
659 2559 920 2629 ἀλήθειαν
948 2562 1220 2631 ἐμιμεῖτο,
1251 2560 1329 2624 ὡς
1357 2561 1450 2613 καὶ
1472 2559 1838 2613 διυπνισθέντι

245 2656 330 2724 τῷ
351 2655 537 2725 τυφλῷ
574 2657 749 2708 δοκεῖν
771 2654 994 2726 ἔχεσθαι
1015 2655 1114 2723 τῆς
1134 2656 1228 2706 τοῦ
1256 2653 1513 2722 φανέντος
1537 2650 1611 2726 ἔτι
1637 2647 1839 2720 χειρὸς,

247 2747 428 2810 φιλεῖν
462 2764 521 2800 τε
567 2749 734 2816 αὐτὴν
781 2746 1050 2818 ἐμφύντα,
1098 2746 1189 2800 καὶ
1241 2743 1378 2814 μηδέ
1419 2741 1839 2807 ἀποσπασθῆναι

246 2837 456 2908 ταύτης
498 2839 563 2892 τά
606 2839 761 2908 χείλη
812 2839 1127 2908 βούλεσθλι*
1167 2836 1465 2906 ὑπεδήλουν
1494 2835 1602 2903 γάρ
1647 2849 1700 2884 τι
1745 2831 1842 2885 καὶ

247 2928 492 2982 τοιοῦτον
531 2931 577 2981 oi
604 2927 784 2982 ὕπνοι.
822 2929 910 2992 Ὡς
938 2929 995 2981 δέ
1024 2927 1159 2997 πρὸς
1195 2927 1286 2980 τὸν
1343 2925 1499 2992 ἅγιον
1525 2924 1624 2991 τῆς
1653 2919 1838 2974 ἐπιού-

251 3035 355 3087 σης
385 3021 510 3087 περὶ
539 3019 762 3089 πρώτην
803 3019 879 3071 ἔω
904 3019 1156 3087 εἰσήχθη,
1185 3015 1589 3086 σφραγίσαντος
1630 3011 1839 3064 ἐκείνου

251 3113 380 3174 τοὺς
407 3110 718 3180 ὀφθαλμοὺς
761 3109 953 3176 αὑτοῦ,
987 3108 1185 3181 βλέψας
1225 3107 1342 3180 (τῆς
1386 3105 1700 3178 ἀπορρήτου
1742 3119 1840 3155 σου

251 3172 464 3275 Χριστέ.
495 3172 836 3272 καῖ’βασιλεὺ
870 3172 1241 3275 χρηστότητος
1261 3172 1312 3272 ιᾷ
1353 3172 1513 3263 etes;
1537 3172 1839 3264 eruple
1868 3172 1912 3235 C

251 3296 349 3348 τόν
377 3311 439 3348 τε
467 3294 611 3348 θεῖον
649 3296 770 3347 ἰδὼν
801 3295 1048 3365 Συμεὼν,
1079 3296 1172 3350 καὶ
1203 3294 1338 3365 πρὸς
1362 3295 1459 3364 τὴν
1488 3291 1698 3344 ἐκείνου
1726 3288 1848 3358 ὄψιν

252 3387 550 3449 ἐκκαυθεὶς
587 3389 700 3457 ,τὴν
737 3388 983 3457 καρδίαν,
1018 3387 1182 3441 αὑτὸν
1234 3386 1422 3453 ἔλεγεν
1461 3379 1602 3438 εῖναι
1649 3382 1740 3435 τὸν
1789 3382 1848 3434 ἐν

250 3480 453 3550 ὀνείρῳ
480 3480 739 3548 φανέντα,
775 3483 868 3534 καὶ
897 3481 997 3551 τῆς
1031 3478 1216 3552 χειρὸς
1245 3479 1429 3548 ἐζήτει
1459 3475 1745 3540 λαϐέσθαι,
1779 3469 1850 3545 ἦς

251 3569 410 3640 αὐτῷ
458 3571 649 3634 νυκτὸς
697 3569 818 3640 ὄψις
856 3569 1238 3641 ἐμφορηθῆναι
1270 3568 1516 3640 παρέσχε
1544 3583 1560 3598 ο
1611 3565 1708 3618 καὶ
1751 3564 1847 3618 τὸν

252 3661 469 3734 ὄνειρον
515 3662 710 3731 ἡδονῆς
756 3661 899 3724 ὅλοις
950 3660 1178 3732 χείλεσι,
1217 3661 1339 3724 ταῖς
1387 3657 1497 3713 τῶν
1555 3653 1845 3726 παρόντων

254 3755 453 3818 ἀκοαῖς
489 3753 730 3826 ἐπεξῄει.

1940 1929 2264 1992 rantesque,
2288 1931 2359 1976 -ut
2395 1923 2583 1990 prius;
2614 1923 2708 1976 sed
2747 1922 3056 1992 gaudentes
3088 1933 3144 1978 et
3166 1925 3532 1988 exsultantes,

1939 2023 2164 2082 recepto
2193 2027 2296 2066 usu
2333 2013 2492 2082 pedis
2523 2013 2742 2082 qualem
2771 2015 3011 2084 juvenes
3050 2015 3385 2070 habuerant.
3406 2017 3537 2071 Per-

1941 2105 2151 2158 sanatis
2181 2103 2272 2169 iis,
2322 2106 2563 2176 Symeon
2592 2105 2759 2161 allato
2789 2106 3010 2160 cuidam
3039 2122 3186 2162 (που
3213 2107 3526 2178 jucundum

1941 2211 2041 2266 per
2066 2211 2124 2250 se
2153 2197 2536 2265 spectaculum
2563 2197 2690 2250 fuit.
2727 2197 2944 2252 Etenim
2975 2199 3152 2268 prima
3173 2199 3245 2254 ab
3289 2199 3534 2254 adventu

1939 2298 2103 2342 nocte
2134 2289 2287 2343 visus
2318 2288 2420 2342 sibi
2455 2299 2540 2343 est
2560 2289 3050 2359 viderejuvenem,
3083 2290 3308 2344 cilicino
3330 2290 3534 2346 amictu

1940 2377 2367 2442 circumdatum,
2412 2379 2569 2433 vultu
2601 2379 2950 2448 splendidum
2975 2423 2988 2443 ,
3038 2380 3246 2435 nudum
3275 2382 3533 2451 pedibus,

1940 2469 2210 2525 ferentem
2285 2469 2512 2524 dextera
2577 2471 2787 2542 virgam
2837 2472 3129 2542 (palmeam
3182 2473 3333 2527 illam
3383 2477 3538 2544 puta)

1942 2563 2372 2635 dicentemque:
2411 2567 2488 2620 Da
2535 2565 2766 2637 gloriam
2816 2565 2953 2621 Deo.
3002 2567 3128 2622 Hmc
3174 2578 3510 2638 repraesenta

1944 2654 2022 2710 tio
2078 2664 2185 2709 tam
2236 2655 2481 2724 perfecte
2528 2657 2853 2711 imitabatur
2887 2657 3204 2724 veritatem,
3256 2667 3318 2712 ut
3364 2659 3540 2730 evigi-

1942 2746 2063 2802 lans
2086 2761 2264 2801 caecus
2289 2747 2676 2814 arbitranetur,
2699 2748 3005 2802 etiamnum
3036 2754 3104 2803 se
3119 2764 3342 2806 manum
3369 2749 3537 2815 illius,

1945 2837 2040 2906 qui
2092 2847 2446 2906 apparuerat,
2483 2847 2698 2894 tentare
2756 2839 3021 2904 osculari,
3065 2856 3168 2895 nec
3214 2838 3358 2896 labia
3413 2841 3543 2896 inde

1945 2929 2106 2983 avelli
2141 2931 2464 2998 permittere
2487 2947 2499 2983 :
2522 2931 2729 2999 aliquid
2756 2931 2906 2985 enim
2930 2931 3241 2986 istiusmodi
3269 2941 3544 2986 monstra--

1946 3029 2062 3074 tum
2106 3021 2291 3074 fuerat
2334 3022 2387 3074 in
2431 3010 2663 3075 somnis.
2701 3020 2839 3076 Cum
2876 3036 3009 3075 vero
3040 3029 3259 3091 postera
3291 3022 3380 3076 die
3434 3004 3554 3077 sub.

1945 3106 2251 3164 diluculum
2305 3109 2580 3164 adductus
2625 3115 2710 3164 est
2745 3109 2812 3164 ad
2855 3117 3131 3174 sanctum,
3171 3110 3440 3178 impresso
3473 3110 3543 3164 ab

1948 3201 2148 3258 eodem
2195 3200 2374 3255 oculis
2423 3201 2608 3256 crucis
2654 3200 2854 3272 signo,,
2882 3199 3024 3254 vidit
3055 3201 3320 3255 continuo
3363 3215 3545 3256 cacus

1948 3295 2004 3362 (ο
2065 3290 2402 3346 ineffabilem
2470 3290 2676 3346 Christi
2753 3291 3136 3358 bonitatem!)
3194 3292 3543 3360 intuitusque

1948 3394 2198 3438 sanctum
2233 3393 2398 3453 atque
2430 3382 2549 3452 ipso
2581 3383 2783 3437 intuitu
2815 3399 3120 3438 succensus
3154 3391 3210 3439 et
3239 3382 3545 3439 inflamma-

1950 3484 2082 3540 tus,
2132 3469 2286 3530 illum
2331 3475 2587 3531 eumdem
2639 3491 2762 3531 esse
2825 3476 3173 3534 exclamavit,
3225 3491 3388 3546 quem
3448 3492 3545 3544 per

1948 3568 2193 3640 quietem
2256 3576 2650 3637 conspexerat,
2688 3569 2846 3638 cujus
2892 3582 3116 3622 manum
3149 3567 3390 3622 retinere.
3419 3575 3540 3619 ten-

1952 3666 2186 3725 taverat,
2212 3667 2272 3712 et
2309 3657 2548 3712 osculari
2581 3667 2838 3727 potuerat
2878 3659 2943 3712 ad
2973 3660 3283 3712 satietatem
3321 3678 3333 3713 :
3363 3673 3544 3728 neque

1951 3750 2204 3805 cessabat
2236 3750 2514 3813 somnium
2547 3758 2653 3804 tam
2680 3749 2989 3821 jucundum
3019 3749 3199 3821 plenis
3246 3749 3438 3804 buccis
3483 3749 3540 3802 in

1950 3856 2116 3897 aures
2167 3841 2523 3912 praesentium
2564 3841 2889 3896 immittere.

1685 3971 1914 4030 CAPUT
1953 3971 2122 4028 XXII.

252 4099 517 4172 Injuriosi
561 4099 613 4152 in
653 4103 900 4152 sanctum
929 4095 1145 4166 ejusque
1181 4095 1468 4166 imaginem
1515 4091 1842 4240 Μὶν-ριξἔέζῶ

1947 4091 2384 4174 tdiciqpmdicto
2427 4093 2600 4162 puniti
2633 4110 2650 4146 :
2686 4093 3043 4166 indulgentia,
3080 4092 3407 4146 misericordi
3456 4092 3545 4146 reo

1947 4172 2192 4217 iraescua.

334 4307 466 4382 ρξθ’.
509 4307 597 4362 Ἑν
641 4305 818 4376 τούτῳ
861 4304 918 4358 δέ
969 4320 1113 4368 τινες
1160 4301 1353 4373 ἄνδρες
1399 4301 1498 4371 τῆς
1530 4298 1844 4369 (Αντιόχου,

2028 4297 2147 4352 169.
2175 4292 2391 4352 lnterca‘
2415 4297 2520 4351 viri
2550 4297 2775 4367 quidam
2797 4297 3130 4353 Antiocheui
3159 4313 3226 4352 eo
3245 4299 3544 4368 impietatis

255 4403 505 4474 χαλεπὴν
562 4398 846 4461 νοσοῦντες
901 4396 1180 4461 ἀσέϐειαν,
1221 4395 1296 4458 ὼς
1354 4395 1488 4465 μήτε
1539 4410 1593 4446 τι
1644 4391 1842 4459 σαρκὸς

1955 4388 2322 4454 devenerunt,
2357 4397 2416 4443 ut
2446 4397 2803 4458 peccatorum
2843 4389 3030 4443 carnis
3077 4391 3346 4445 rationem
3380 4391 3546 4463 inju-

254 4493 569 4562 ἁμάρτημα
624 4491 680 4541 ἐν
731 4487 964 4557 εὐθύνης
1015 4486 1262 4540 τίθεσθαι
1318 4485 1483 4555 λόγῳ,
1541 4485 1678 4554 μήτε
1733 4480 1846 4534 τῶν

255 4579 621 4653 ἀνθρωπίνων
655 4578 924 4647 σωμάτων
950 4577 1246 4630 ἀνάστασιν
1274 4576 1578 4646 προσδοκᾷν
1595 4575 1627 4640 ἢ
1655 4572 1846 4637 ἐξέτα-

256 4690 372 4737 σιν,
408 4672 501 4725 καὶ
528 4670 636 4723 τῶν
676 4669 803 4740 τῇδε
837 4668 1186 4738 βεϐιωμένων
1212 4667 1477 4721 ἀντίδοσιν
1501 4683 1514 4697 ·
1558 4665 1693 4720 ἀλλά
1717 4664 1847 4728 τοὺς

259 4770 368 4836 μὲν
393 4767 458 4834 τῇ
493 4763 604 4815 τῶν
641 4761 888 4830 ἀστέρων
923 4761 1066 4830 φορᾷ
1101 4759 1286 4828 νέμειν
1323 4759 1387 4811 τὸ
1429 4761 1570 4823 πᾶν,
1600 4759 1694 4812 καὶ
1731 4760 1846 4821 τοῖς

254 4856 489 4910 ἐκείνων
537 4854 781 4924 σχήμασι
824 4852 920 4906 καὶ
958 4852 1223 4922 κινήμασι
1260 4851 1400 4903 κατά
1442 4850 1543 4920 τῆς
1589 4849 1846 4918 προνοίας

255 4948 507 5017 ἀνοήτως
531 4945 905 5015 παραχωρεῖν,
941 4942 1066 5005 τοὺς
1093 4942 1150 4994 δέ
1175 4941 1346 5013 τύχην
1379 4940 1727 5011 δογματίζειν
1751 4941 1846 4992 καὶ

254 5039 320 5105 τὺ
401 5036 738 5106 αὐτόματον·
792 5035 921 5100 τοὺς
962 5035 1020 5088 δέ
1075 5031 1497 5103 μετεμψύχωσίν
1539 5047 1662 5084 τινα
1713 5047 1847 5097 πρεο

257 5129 481 5184 σϐεύειν
510 5129 606 5181 καὶ
633 5127 995 5199 εἱμαρμένην.
1028 5119 1186 5180 Οὗτοι
1221 5123 1353 5193 γοῦν
1393 5125 1544 5194 παρά
1577 5122 1670 5176 τὸν
1703 5123 1846 5176 θεῖον

256 5219 494 5289 Συμεὼν
527 5220 791 5286 ἀνιόντες,
823 5219 1057 5286 διαλέξει
1087 5218 1226 5285 πρὸς
1257 5216 1420 5271 αύτδν
1460 5214 1724 5286 ἐχρῶντο,
1751 5218 1848 5268 καὶ

257 5311 618 5388 ἀποδεικτικῇ
644 5313 826 5383 σοφίᾳ,
915 5312 1009 5364 καὶ
1036 5310 1238 5380 μᾶλλον
1266 5309 1546 5378 ἐφρόνουν,
1571 5306 1666 5360 καὶ
1689 5307 1848 5359 πιθα-

257 5405 384 5467 ναῖς
427 5403 782 5460 ἀντιθέοισιν.
821 5404 962 5458 Ἀλλ’
992 5399 1062 5476 ἦν
1105 5403 1314 5457 ἐκείνου
1357 5401 1458 5472 μέν
1491 5400 1586 5454 καὶ
1616 5398 1736 5453 θεία
1764 5415 1847 5463 τις

259 5493 640 5567 ἐπικαθημένη
672 5496 842 5551 πειθὼ
871 5499 984 5561 τοῖς
1009 5497 1266 5568 χείλεσιν,
1295 5487 1330 5570 ᾖ
1372 5492 1482 5547 τῶν
1514 5490 1848 5561 λογολεσχῶν

259 5587 489 5651 τούτων,
531 5587 624 5641 καὶ
657 5587 923 5659 περιττῶν
947 5588 1045 5660 τὴν
1091 5585 1290 5658 μανίαν
1330 5584 1532 5656 μᾶλλον
1557 5582 1591 5652 ἢ
1629 5581 1724 5652 τὴν
1760 5599 1847 5636 σο-

262 5677 420 5746 φίαν,
470 5676 643 5741 οὐδεὶς
689 5677 922 5746 ἠδύνατο
978 5676 1304 5746 ἀντιλέγειν.
1342 5676 1415 5728 Τὸ
1454 5675 1512 5728 δέ
1558 5673 1719 5727 πλέον
1751 5673 1851 5742 τῆς

261 5772 388 5830 κατ’
419 5770 596 5826 αὐτῶν
630 5772 829 5842 ἰσχύος,
869 5773 961 5827 καὶ
996 5774 1028 5842 ἡ
1063 5773 1171 5827 τῶν
1222 5770 1463 5843 σημείων
1509 5769 1780 5839 ἐνέργεια,
1813 5772 1840 5824 δ

1954 4481 2102 4536 dicio
2125 4496 2236 4536 non
2285 4481 2702 4551 reposcendam,
2727 4483 3098 4547 sustinerent;
3125 4497 3226 4537 nee
3247 4497 3540 4552 corporum

1954 4583 2271 4628 nostrorum
2319 4573 2806 4633 resurrectionem,
2839 4584 2933 4629 aut
2964 4583 3246 4643 gestorum
3286 4591 3540 4641 examen,

1953 4681 2257 4736 eorumque
2294 4665 2717 4720 retributionem
2742 4665 2905 4720 ullam
2934 4675 3354 4736 exspectarent;
3377 4669 3543 4721 dicti-

1955 4765 2138 4812 tantes
2167 4757 2265 4811 alii
2291 4757 2539 4827 quidem,
2575 4766 2850 4811 astrorum
2886 4773 3050 4812 cursu
3097 4757 3392 4828 gubernari
3421 4773 3544 4815 om-

1954 4851 2069 4915 nia,
2104 4865 2411 4920 eorumque
2466 4849 2656 4919 ﬁguris
2702 4865 2767 4904 ac
2821 4850 3063 4904 motibus
3115 4859 3306 4904 contra
3361 4853 3546 4918 provi-

1956 4942 2196 4998 dentiam
2234 4943 2430 4997 insano
2466 4942 2632 4997 modo
2675 4957 2900 5012 parere;
2953 4941 3043 4995 alii
3074 4956 3228 5006 vere,
3267 4941 3544 4996 fortunam

1954 5043 2120 5104 atque
2157 5048 2344 5088 casum
2374 5033 2717 5096 decernere;
2753 5031 2844 5085 alii
2895 5031 3157 5100 denique,
3191 5028 3549 5101 transmigra-

1956 5125 2164 5179 tionem
2217 5125 2528 5178 animarum
2562 5120 2849 5191 fatumque
2892 5122 3100 5192 primas
3145 5121 3420 5176 obtinere.
3453 5122 3544 5176 Isti

1957 5217 2286 5289 Symeonem
2313 5216 2555 5286 aggressi
2575 5215 2935 5285 disputando,
2958 5214 3410 5278 demonstrativa,
3439 5233 3547 5285 qua

1956 5309 2312 5379 praestabant.
2345 5315 2468 5362 arte
2505 5315 2562 5360 et
2598 5306 3065 5377 persuasibilibus
3091 5308 3551 5362 contentionibus

1956 5397 2280 5452 utebantur.
2318 5397 2520 5452 Verum
2572 5396 2848 5451 insidebat
2874 5397 3052 5451 sancti
3088 5395 3252 5451 labiis
3289 5397 3372 5450 vis
3401 5411 3524 5465 qtue

1957 5489 2082 5544 dam
2133 5489 2506 5559 persuadendi
2567 5487 2777 5553 divina,
2823 5490 2914 5543 cui
2965 5489 3280 5558 loquacium
3319 5490 3548 5544 istorum

1962 5589 2016 5636 et
2076 5579 2298 5635 infamia
2352 5583 2558 5650 potius.
2592 5595 2755 5650 quam
2813 5581 3089 5650 sapientia
3143 5581 3548 5638 abundantium

1958 5672 2146 5727 nullus
2192 5682 2406 5742 poterat
2440 5673 2846 5728 contradicere.
2886 5673 3103 5741 Quanto
3150 5686 3333 5730 autem
3379 5676 3554 5746 major

1959 5766 2220 5834 potentiae
2268 5781 2329 5820 ac
2397 5767 2678 5836 signorum
2754 5777 2945 5821 contra
2997 5767 3120 5822 illos
3170 5769 3348 5825 virtus
3397 5778 3550 5837 erat,
