4078 6332
211 384 354 452 3149

1201 344 1376 438 VI'i‘A
1414 375 1461 433 Α
1499 368 1934 434 NICEPHORO
1973 366 2462 438 coxscnmra.

3332 357 3469 421 31.30

212 498 542 571 μισθαρνίας
605 491 1030 550 ἒπικαταϐαλεῖν
1082 492 1192 546 καὶ
1253 491 1414 546 τοῦτο
1478 487 1781 561 βεϐαιωσά-

1894 486 1997 540 mni
2042 485 2360 556 dependens
2395 499 2618 548 aureos,
2667 492 2970 554 sancteque
3031 480 3310 552 spondens
3349 496 3466 550 per-

211 609 397 680 μενος.

285 768 414 840 ρος.
439 767 579 838 Πρῦς
593 763 786 830 ταῦτα,
810 763 1010 816 πλείων
1026 755 1206 824 οἶκτος
1230 759 1396 814 αὐτοῦ
1417 757 1684 828 λαμϐάνει
1699 755 1792 808 τὸν

209 859 458 931 Συμεὼν,
476 857 684 927 καὶτῆς
702 855 910 911 ἄνωθεν
928 855 1067 924 ὑπὲρ
1084 851 1251 906 αὑτοῦ
1273 851 1434 906 πάλιν
1453 852 1658 909 ἐκεῖνος
1675 847 1794 916 φιλ-

208 949 526 1020 ανθρωπίας
556 948 742 1001 ἐδεῖτο.
774 946 864 1016 Τῷ
902 945 999 1016 μὲν
1023 942 1116 997 οὖν
1147 943 1376 1012 δικαστῇ
1402 941 1619 994 δέδοκτο
1646 938 1746 1010 ἢδη
1772 978 1788 1004 ,

207 1042 302 1110 νηῒ
350 1042 442 1095 τὸν
484 1040 650 1111 ἄνδρα
697 1038 894 1109 φόρτον
949 1035 1231 1104 ἐμϐαλεῖν,
1269 1034 1364 1087 καὶ
1412 1032 1615 1103 ταύτην
1654 1031 1788 1084 ἀνά-

207 1137 390 1203 ψαντα
427 1133 570 1187 κατὰ
622 1132 890 1199 πελάγους
922 1130 1161 1198 ἀφεῖναι,
1219 1124 1360 1179 ὥστε
1414 1124 1508 1177 τὸν
1554 1122 1791 1176 δείλαιον

212 1228 446 1290 ἐκεῖνον,
480 1227 549 1279 τὰ
582 1223 676 1278 δύο
703 1223 901 1286 ταῦτα,
941 1219 1054 1292 πῦρ
1085 1220 1204 1291 ἅμα
1235 1220 1330 1272 καὶ
1375 1215 1520 1288 ὕδωρ
1558 1214 1788 1286 μερίσα-

213 1317 362 1371 σθαι.
399 1316 624 1369 Δέδοκτο
656 1313 848 1376 ταῦτα.
885 1313 980 1366 καί⁵
1012 1314 1047 1383 ἡ
1079 1310 1259 1382 ψῆφος
1283 1309 1529 1379 ἐκράτει,
1573 1305 1668 1359 καὶ
1698 1305 1789 1358 τὸν

213 1407 316 1477 μὲν
373 1406 656 1477 δεσμώτην
707 1406 968 1473 ἀνάλογον
1000 1406 1059 1458 ὲν
1097 1405 1164 1474 τῇ
1217 1401 1430 1471 φυλακῇ
1466 1398 1788 1469 τηλικούτου

109 1491 111 1493 ’
211 1499 540 1570 προσδοκίας
593 1496 766 1550 κακοῦ
821 1496 940 1557 δέος
973 1491 1086 1565 εἶχε
1115 1510 1132 1580 ς
1166 1495 1257 1546 τὸν
1290 1489 1515 1562 Συμεὼν
1560 1489 1617 1542 δὲ
1657 1506 1794 1580 χρηο

213 1591 440 1659 στύτερα
473 1588 598 1656 περὶ
619 1586 782 1640 αὑτοῦ
818 1586 1020 1656 μᾶλλον
1043 1589 1069 1640 δ
1101 1579 1230 1656 περὶ
1250 1584 1378 1646 τοὺς
1407 1583 1608 1644 ὲνδεεῐς
1641 1579 1789 1633 ὲκεί-

209 1696 304 1732 νου
355 1679 502 1741 ἔλεος
531 1678 772 1741 ἐλπίζειν
813 1675 1007 1740 ἐποίει,
1041 1675 1176 1744 πρὸς
1216 1673 1367 1728 ἔλεον
1390 1673 1551 1726 πάλιν
1579 1671 1790 1740 δρῶντα

212 1770 373 1834 Θεοῦ,
401 1770 494 1823 τοῦ
569 1770 662 1822 καὶ
722 1767 983 1837 ποτήριον
1047 1765 1245 1836 φυχροῦ
1307 1765 1638 1834 δεχομένου,
1697 1764 1791 1817 καὶ

1892 579 2202 632 soluturum
2251 577 2476 647 insuper
2502 574 2774 647 quidquid
2820 590 2924 645 pro
2951 571 3282 629 educatione
3315 573 3470 642 pueri

1890 667 2320 737 expenderetur.

1964 759 2087 813 177.
2129 758 2344 813 Auditis
2372 759 2543 820 hisce,
2570 757 2779 827 majore
2805 755 3044 825 Symeon
3077 754 3296 824 capitur
3320 768 3474 808 com-

1893 850 2248 904 miseratione
2279 848 2406 908 viri.
2454 835 2808 916 divinumque
2839 861 2938 916 pro
2980 861 3047 900 eo
3078 844 3474 914 benignitatem

1894 942 2125 1012 supplex
2148 941 2496 1010 deprecatur.
2522 939 2750 1008 Jamque
2773 937 2939 992 ﬁxum
2965 952 3030 991 ac
3061 945 3329 991 statutum
3357 946 3476 989 erat

1888 1034 2064 1106 judici
2115 1033 2402 1092 hominem
2436 1031 2561 1086 navi
2613 1030 2923 1100 imponere,
2970 1044 3205 1098 eamque
3258 1027 3475 1096 injectis

1892 1124 2127 1179 ﬂammis
2151 1135 2435 1178 accensam
2462 1121 2807 1176 committere
2838 1119 3064 1190 pelago;
3104 1125 3164 1172 ut
3211 1119 3474 1172 miserum

1893 1215 2006 1270 duo
2041 1215 2330 1280 elementa,
2363 1213 2504 1284 ignis
2531 1221 2587 1266 et
2614 1227 2775 1282 aqua,
2823 1211 3165 1282 partirentur
3206 1208 3476 1280 quodam-

1892 1306 2060 1361 modo
2089 1307 2237 1360 inter
2275 1322 2353 1360 se.
2384 1306 2481 1369 lta,
2517 1305 2765 1373 inquam,
2817 1303 2985 1356 ﬁxum
3026 1302 3199 1373 judici
3243 1311 3365 1356 erat
3412 1314 3476 1356 ac

1895 1396 2075 1452 stabat
2104 1397 2377 1451 sententia
2399 1415 2413 1460 ;
2437 1400 2794 1466 vinctumque
2829 1396 2883 1448 in
2914 1392 3165 1449 custodia
3198 1393 3318 1463 pari
3347 1407 3477 1464 pro-

1894 1487 2150 1558 portione
2211 1498 2391 1542 metus
2453 1489 2588 1542 tanti
2635 1489 2860 1559 jamjam
2919 1485 3177 1540 instantis
3226 1483 3353 1537 mali
3383 1498 3472 1537 oc-

1893 1587 2208 1650 cupaverat.
2243 1581 2448 1635 Verum
2486 1580 2703 1634 utiliora
2742 1581 2929 1634 omnia
2981 1579 3203 1648 sperare
3248 1577 3474 1648 Symeo-

1895 1684 2021 1724 nem
2062 1668 2291 1740 jubebat
2321 1669 2722 1734 misericordia,
2755 1684 2920 1738 quam
2963 1683 3090 1738 erga
3125 1667 3340 1737 indigus
3381 1667 3474 1721 ille

1896 1771 2244 1824 exercuerat.
2273 1763 2462 1818 oculos
2505 1763 2748 1818 vicissim
2781 1763 2838 1817 in
2876 1761 3316 1817 misericordiam
3376 1760 3471 1814 Dei

212 1857 483 1919 πλουσίως
550 1857 894 1926 ἀντιμετρεῖν
951 1854 1155 1918 εἰδότος
1224 1853 1458 1922 ἀγαθαῖς
1516 1853 1780 1924 προαιρέ-

1894 1861 2326 1918 convertentem,
2380 1852 2475 1923 qui
2531 1866 2688 1921 aqua:
2743 1853 2910 1908 etiam
2964 1850 3176 1920 frigidae
3240 1849 3470 1904 calicem

213 1962 312 2000 σεσ
318 1961 386 2002 ιν.

287 2122 421 2194 ροη’.
438 2124 691 2194 Γεωργοῦ
707 2125 762 2178 δέ
792 2141 935 2188 τινος
954 2126 1010 2178 ὲν
1032 2120 1206 2195 τούτῳ
1239 2124 1347 2178 τῶν
1369 2124 1580 2178 ἐκείνου
1606 2125 1794 2194 ἀγρῶν

214 2217 367 2285 παρὰ
399 2217 490 2268 τὸν
527 2217 715 2285 ’Ἃγιον
751 2214 1089 2282 ἀνελθόντος,
1114 2218 1368 2272 κάκείνου
1399 2218 1529 2288 περί⁸
1561 2217 1657 2270 τοῦ
1690 2218 1790 2271 άν-

210 2307 339 2377 δρδς
391 2308 674 2378 ἐρομένου,
711 2308 831 2378 ἣτις
868 2307 997 2361 ποτὲ
1031 2309 1064 2378 ὴ
1109 2309 1231 2362 κατ’
1256 2307 1421 2362 αὐτοῦ
1469 2308 1650 2379 ψῆφος
1682 2310 1792 2380 εῐη,

212 2397 291 2462 ὡς
322 2398 525 2461 ἐκεῖνος
554 2398 623 2450 τὰ
647 2403 777 2470 περὶ
807 2398 970 2452 αὐτοῦ
1019 2398 1318 2469 δεδογμένα
1347 2391 1544 2470 φράσοι
1589 2417 1601 2431 ·
1634 2402 1662 2453 ὁ
1691 2401 1794 2455 Συ-

217 2491 365 2562 μεὼν
399 2492 734 2554 πεποιθότως
764 2491 1070 2555 ὑπολαϐὼν,
1121 2492 1257 2545 Οὐδὲ
1300 2491 1422 2563 θρὶξ
1457 2493 1520 2546 ὲκ
1568 2493 1671 2563 τῆς
1701 2511 1794 2547 κε-

217 2583 391 2652 φαλῆς
416 2581 579 2636 αὐτοῦ
621 2584 889 2646 πεσεῖται,
922 2578 1097 2648 εἶπεν,
1125 2584 1233 2652 ούδ⁹
1267 2584 1315 2636 εί
1360 2584 1562 2647 πάντες
1600 2589 1650 2638 ot
1685 2587 1791 2656 γῆς

213 2676 472 2746 ἄρχοντες
497 2677 613 2729 κατ’
642 2675 807 2730 αὐτοῦ
837 2677 1194 2748 ἀθροισθεῖεν.
1214 2677 1288 2730 Οὐ
1316 2677 1424 2747 γὰρ
1444 2675 1479 2731 ἃ
1498 2676 1576 2747 τῷ
1605 2678 1796 2748 ἄρχον-

213 2783 267 2820 τι
301 2769 433 2837 περὶ
457 2766 573 2841 ιτοῦ
621 2767 833 2839 ἀνδρὸς,
865 2769 1000 2822 ἀλλὰ
1035 2773 1098 2840 τῇ
1137 2767 1346 2823 ἀνωθεν
1375 2769 1543 2839 ψήφῳ
1575 2776 1796 2841 κέκριτο

219 2857 422 2926 μᾶλλον
437 2857 628 2930 ἐκείνῳ
651 2861 777 2928 περὶ
799 2859 961 2912 αὐτοῦ
986 2850 1348 2932 προφητεύειν
1373 2861 1795 2933 ὲπῄει.”Επειτα

218 2950 403 3017 μέντοι
434 2952 524 3004 καὶ
553 2951 628 3014 ὼς
656 2953 690 3021 ἡ
722 2952 843 3022 χεὶρ
872 2951 984 3021 ἔχει
1005 2952 1272 3005 διακονεῖν
1309 2953 1405 3006 ἐπὶ
1427 2954 1525 3024 τῆς
1549 2953 1794 3024 φυλακῆς

215 3039 366 3111 αύτῷ
396 3043 626 3112 παρῄνει
656 3042 748 3096 τὸν
783 3042 1184 3112 γεωργόν·”1ν’
1214 3037 1275 3096 εὗ
1313 3060 1394 3096 σοι
1427 3044 1565 3113 μετὰ
1598 3043 1793 3106 ταῦτα,

207 3133 378 3202 φησι,
409 3131 633 3202 γένηται
656 3133 788 3201 παρ’
818 3132 1004 3188 αὐτοῦ.
1047 3132 1107 3185 '0
1134 3133 1191 3186 δὲ
1231 3133 1386 3203 παρὰ
1418 3134 1480 3187 τὸ
1507 3134 1796 3205 δεσμωτήο

1895 1955 2167 2016 acceptat,
2192 1946 2464 2016 bonisque
2506 1946 2810 2017 propositis
2849 1945 3055 2000 aﬂ‘atim
3107 1944 3248 1999 solet
3292 1959 3474 1998 remu-

1895 2039 2099 2093 nerari.

1984 2129 2105 2185 I78.
2132 2129 2343 2185 Interea
2363 2129 2585 2200 quidam
2616 2127 2855 2199 agricola
2897 2143 2960 2181 et
2994 2127 3143 2181 illius
3178 2128 3322 2199 agris
3381 2128 3472 2181 ad-

1895 2221 2127 2276 veniens
2167 2220 2235 2275 ad
2293 2227 2568 2281 sanctum,
2629 2219 2942 2274 sciscitatur
2999 2233 3188 2288 ecqua:
3251 2220 3472 2272 tandem

1897 2324 2087 2371 contra
2111 2317 2387 2387 captivum
2413 2295 3186 2384 sententia-pronuntiaretur,
3209 2320 3472 2382 rogatque

1898 2415 1959 2462 ut
1983 2407 2296 2477 eloquetur,
2335 2405 2469 2476 quid
2494 2405 2642 2460 circa
2694 2404 2873 2475 ipsum
2897 2403 3260 2457 constitutum
3294 2419 3359 2457 ac
3380 2404 3472 2457 de-

1897 2497 2110 2554 cretum
2143 2497 2549 2567 sit.Excipiens
2575 2504 2820 2556 sanctus,
2846 2493 3192 2550 confidenter
3217 2494 3433 2563 reponit
3459 2513 3471 2546 :

1896 2592 1976 2646 Ne
2010 2591 2241 2659 capillus
2290 2588 2516 2659 quidem
2543 2587 2614 2643 de
2666 2587 2844 2657 capite
2893 2587 3016 2656 ejus
3060 2585 3238 2650 cadet,
3287 2601 3395 2638 non
3425 2588 3470 2640 si

1897 2695 2090 2735 omnes
2117 2679 2287 2734 totius
2310 2689 2471 2737 terra:
2505 2676 2790 2747 principes
2849 2667 3116 2729 adversus
3154 2676 3335 2744 ipsum
3377 2690 3474 2729 co-

1897 2772 2004 2826 acti
2033 2769 2243 2824 fuerint
2269 2785 2282 2821 :
2317 2783 2426 2822 non
2451 2767 2600 2820 enim
2623 2781 2746 2834 quae
2769 2764 3041 2835 principis
3081 2765 3316 2829 calculo,
3379 2767 3474 2820 sed

1896 2861 2082 2931 potius
2112 2875 2238 2930 quae
2276 2858 2463 2913 div-inc
2501 2857 2746 2928 judicata
2781 2865 3007 2925 rataque
3049 2866 3230 2917 erant,
3282 2857 3477 2911 vatici-_

1896 2950 2154 3004 uabatur.
2198 2947 2407 3003 Deinde
2459 2947 2628 3000 etiam
2682 2946 3009 3000 hortabatur
3051 2946 3368 3015 agricolam,
3414 2960 3475 3001 ut

1898 3042 2000 3110 ipsi
2028 3052 2295 3108 quantum
2316 3047 2500 3106 posset
2530 3039 2587 3090 in
2613 3037 2863 3091 custodia
2913 3033 3306 3106 famu’laret'ur:
3334 3040 3474 3106 Quo.

1899 3130 2206 3199 inquiebat,
2233 3129 2468 3199 benigne
2501 3129 2602 3182 tibi
2637 3127 3007 3200 ﬁatdeinceps
3040 3130 3110 3184 ab
3132 3131 3270 3199 ipso.
3290 3131 3479 3186 Currit

214 3242 334 3293 ριον
362 3225 619 3296 δρομαῖος
651 3224 842 3289 ἐλθὼν,
874 3224 1092 3294 κομίζει
1123 3225 1202 3296 τῷ
1235 3226 1512 3298 καταδίκῳ
1553 3227 1654 3296 τῆς
1687 3245 1792 3281 σω-

1903 3223 1992 3277 ille
2023 3219 2303 3276 curriculo
2328 3219 2394 3274 ad
2416 3235 2720 3284 carcerem,
2759 3221 3166 3276 faustissimum
3217 3223 3477 3278 damnato

211 3315 407 3386 τηρίας
436 3316 502 3368 τά
554 3314 866 3382 εὐαγγέλια·
901 3315 1018 3388 ᾔδει
1057 3318 1190 3387 γὰρ,
1240 3317 1356 3391 ᾔδει
1387 3321 1534 3388 σαφῆ
1580 3335 1797 3390 προφη-

214 3407 370 3459 τείαν
423 3401 563 3461 εἶναι
619 3406 688 3460 τὰ
738 3407 845 3461 ὑπὸ
895 3407 988 3462 τοῦ
1045 3408 1223 3461 Ὀσίου
1259 3409 1549 3479 λεγόμενα,
1580 3411 1795 3474 πολλοῖς

214 3497 604 3568 προλαϐοῦσιν,
631 3497 767 3552 ἀλλὰ
829 3500 923 3553 καὶ
981 3499 1162 3569 πολλῷ
1221 3499 1485 3569 μείζοσιν,
1521 3500 1662 3571 ἔχων
1703 3503 1797 3556 καὶ⁵

214 3588 352 3660 περὶ
384 3589 490 3642 τῶν
527 3590 812 3660 παρόντων
857 3589 1103 3661 θαρρεῖν.
1158 3591 1269 3662 Τῆς
1305 3590 1350 3642 δ’
1407 3591 1667 3659 ἐπιούσης
1699 3594 1794 3645 ἐπὶ

212 3681 470 3750 βήματος
513 3677 668 3744 αὖθις
724 3679 817 3733 τοῦ
853 3681 1109 3752 ἄρχοντος
1172 3682 1638 3751 προκαθίσαντος,
1701 3683 1796 3736 καὶ

210 3770 326 3824 ἀπὸ
358 3771 457 3839 τῆς
485 3771 730 3839 φυλακῆς
776 3768 1286 3841 μεταστειλαμένου,
1314 3771 1363 3821 οἱ
1400 3771 1498 3840 μὲν
1530 3775 1797 3840 παρόντες

209 3860 516 3930 άνήρτηντο
543 3863 662 3923 ταῖς
691 3862 817 3929 περὶ
851 3860 1016 3914 αὑτοῦ
1044 3859 1261 3914 ἐλπίσιν
1294 3876 1308 3892 ο
1346 3860 1374 3912 ό
1415 3863 1472 3914 δὲ
1509 3861 1793 3930 συμπαθές

209 3970 267 4006 τι
301 3953 397 4006 καὶ
424 3953 634 4024 ⁴ἥμερον
668 3956 749 4016 εἰς
799 3953 960 4007 αὐτὸν
1012 3953 1154 4020 ἰδὼν,
1187 3953 1368 4024 ἀφῆκε
1415 3954 1595 4022 πάσης
1634 3954 1796 4008 αὐτὸν

211 4043 371 4114 παρὰ
426 4046 607 4097 πᾶσαν
671 4042 1000 4114 προσδοκίαν
1033 4042 1268 4113 εὐθύνης
1298 4058 1313 4073 '
1355 4045 1452 4096 καὶ
1506 4043 1659 4113 παρὰ
1700 4045 1792 4096 τὸν

212 4135 408 4202 ’Δγιον
433 4133 693 4196 ἀνελθὼν,
724 4135 792 4188 τά
822 4135 918 4203 τῆς
959 4136 1104 4207 ζωῆς
1137 4135 1286 4207 αὐτῷ
1319 4137 1656 4207 χαριστήρια
1687 4155 1789 4190 πε-

213 4226 459 4296 ριφανῶς
483 4227 773 4296 ὡμολόγει,
803 4223 891 4280 οἷα
915 4227 1167 4297 θανάτου,
1201 4226 1302 4298 φεῦ
1332 4229 1346 4282 ί
1383 4228 1665 4300 αἰσχίστου
1693 4230 1788 4282 καὶ

210 4311 560 4388 πικροτάτοιί
579 4320 765 4388 εὐχαῖς
788 4318 997 4372 ἐκείνου
1030 4320 1124 4373 καὶ
1161 4321 1482 4391 πρεσϐείαις
1511 4320 1794 4390 ἀπηλλαγ-

212 4410 402 4479 μένος.
439 4407 593 4461 Οὕτω
657 4410 758 4478 μὲν
813 4405 910 4462 οὖν
965 4410 1116 4464 οὐδὲν
1167 4411 1278 4465 τῶν
1331 4411 1436 4464 ὑπὸ
1485 4410 1577 4463 τοῦ
1613 4411 1794 4464 ὐσίου

210 4499 632 4568 προειρημένων
672 4499 1067 4568 διαπεπτὼκει,
1094 4501 1230 4555 ἀλλὰ
1283 4503 1574 4572 σύμφωνον
1625 4507 1791 4558 πᾶσιν

207 4591 397 4652 αὐτοῖς
438 4593 502 4642 ἐκ
556 4589 651 4643 τοῦ
697 4591 884 4652 τέλους
913 4592 1012 4646 καὶ
1058 4593 1120 4645 τὸ
1174 4593 1333 4663 Εργόν
1364 4595 1579 4663 ἀπήντα
1607 4611 1624 4626 ·
1661 4596 1793 4664 ἡμῖν

204 4681 267 4734 δὲ
303 4682 399 4734 καὶ
425 4681 496 4735 τὰ
522 4683 647 4754 ἑξῆς
667 4683 775 4738 τῶν
812 4683 977 4738 αὑτοῦ
1009 4684 1307 4754 θαυμάτων
1333 4685 1643 4750 ἀκολούθως
1671 4686 1790 4740 δια⁸

205 4772 464 4844 ληπτέον.

1899 3315 2092 3367 salutis
2127 3313 2382 3367 nuntium
2415 3320 2680 3382 portans:
2715 3323 2944 3368 noverat
2999 3315 3169 3380 enim,
3201 3326 3260 3368 et
3305 3314 3480 3385 probe

1869 3412 2128 3476 ,noverat‘
2183 3413 2389 3458 certam
2421 3420 2542 3459 esse
2578 3405 2957 3475 prophetiam;
2995 3422 3063 3460 ex
3124 3407 3312 3460 multis
3361 3409 3474 3479 jam

1897 3502 2023 3548 ante
2058 3494 2398 3556 memoratis,
2434 3496 2547 3549 imo
2565 3506 2620 3548 et
2653 3497 2814 3565 longe
2872 3496 3126 3564 pluribus
3179 3492 3477 3567 persuasus

1898 3586 1966 3641 de
2010 3586 2374 3656 prmsentibus
2425 3588 2566 3641 bene
2599 3602 2843 3656 sperare.
2884 3588 3126 3642 Postero
3163 3589 3251 3642 die
3285 3631 3297 3653 ,
3325 3590 3477 3659 prin—

1897 3678 2020 3748 cipe
2039 3692 2138 3747 pro
2165 3677 2425 3731 tribunali
2445 3678 2630 3731 denuo
2647 3679 2894 3738 sedente.
2929 3681 3288 3750 vinctumque
3314 3699 3345 3736 e
3377 3698 3478 3736 cu-

1895 3771 2072 3825 stodia
2128 3770 2336 3824 accersi
2390 3769 2641 3838 jubente,
2715 3771 3030 3839 pendebant
3074 3772 3295 3838 animis,
3323 3789 3476 3843 Spem

1896 3863 2043 3916 inter
2075 3870 2132 3915 et
2159 3871 2370 3914 metum
2396 3861 2570 3924 dubii,
2596 3873 2867 3931 quotquot
2895 3863 3126 3917 aderant
3149 3863 3348 3934 :judex
3385 3883 3478 3920 au-

1896 3962 2004 4008 tem
2065 3954 2302 4024 benigno
2352 3953 2680 4023 placidoque
2737 3956 2891 4008 vultu
2965 3957 3142 4023 ipsum
3221 3957 3473 4018 intuitus.

1895 4052 2097 4116 printer
2125 4046 2397 4099 omnium'
2426 4049 2892 4115 exspectationem
2925 4050 3075 4100 (mini
3124 4048 3359 4102 liberum
3381 4051 3473 4121 ja-

1895 4137 2041 4193 dicio
2066 4137 2311 4192 dimisit:
2346 4137 2441 4208 qui
2468 4137 2535 4191 ad
2585 4146 2836 4192 sanctum
2879 4154 3207 4208 prsperans,
3253 4155 3478 4196 conser-

1894 4242 2077 4286 vatam
2107 4230 2300 4296 vitam,
2335 4245 2536 4285 munus
2589 4229 2765 4298 ipsius
2814 4245 2937 4285 esse
2991 4232 3170 4298 palam
3218 4234 3478 4288 omnibus

1895 4319 2183 4374 confessus
2203 4330 2304 4383 est,
2331 4329 2486 4374 ratus
2520 4321 2854 4390 turpissimae
2881 4333 3046 4390 at-tue
3103 4323 3472 4380 acerbissimae

1895 4413 2058 4464 morti
2095 4412 2356 4481 precibus
2379 4412 2529 4468 illius
2557 4429 2621 4469 ac
2643 4415 3042 4468 intercessrme
3075 4431 3132 4470 se
3157 4427 3476 4485 exemptum

1898 4517 2040 4556 esse.
2067 4503 2160 4557 Sic
2189 4504 2357 4574 igitur
2382 4504 2520 4558 nihil
2551 4520 2765 4570 eorum,
2789 4523 2908 4576 QIKB
2943 4515 3172 4563 sanctus
3214 4511 3479 4578 praedice—

1901 4593 2016 4659 bat,
2053 4594 2208 4648 exitu
2237 4591 2630 4662 lrustrabatur,
2663 4597 2758 4652 sed
2794 4599 2946 4667 paria
2969 4601 3250 4656 vaticiniis
3290 4605 3472 4658 omni-

1844 4689 1849 4693 '
1898 4684 2001 4739 bus
2023 4683 2143 4754 ipso
2160 4693 2363 4740 eventu
2397 4688 2808 4757 respondebant
2831 4705 3012 4760 Opera.
3049 4692 3252 4748 Verum
3279 4705 3475 4751 caetera

1896 4777 2074 4848 ipsius
2105 4777 2377 4831 mirabilia
2408 4781 2723 4834 successive
2754 4784 3140 4852 prosequenda
3181 4795 3332 4840 sunt.

1627 4917 1852 4975 CAPUT
1893 4917 2084 4991 xxm.

777 5032 1030 5090 Tormina
1073 5045 1351 5101 curantur,
1385 5037 1684 5091 inobediens
1723 5037 1984 5107 punitur:
2015 5036 2252 5088 absentia
2305 5033 2550 5107 Symcom'
2592 5040 2946 5097 innotescunt.
2996 5059 3002 5064 ‘

286 5145 421 5217 ροθ¹,
447 5145 631 5217 Γέρων
652 5163 736 5209 τις
766 5147 1176 5218 ἀμπελουργὸς,
1201 5148 1308 5200 ἀπὸ
1331 5149 1530 5219 χωρίου
1570 5149 1789 5219 Σάμϐου

207 5237 549 5302 καλουμένου
585 5237 750 5301 τινος,
780 5241 899 5302 ταῖς
931 5239 1197 5308 ἀμπέλοις
1236 5239 1578 5308 ἐγκεκυφὼς,
1613 5241 1791 5307 ἔδοξεν

204 5327 283 5390 ὡς
319 5326 424 5398 ἄρα
458 5330 761 5396 φωνήσειεν
815 5330 1039 5399 αύτδνή
1089 5330 1246 5400 γυνὴ,
1287 5331 1380 5382 καὶ
1429 5330 1625 5399 ἀθρόον
1673 5334 1793 5382 ἐπι-

209 5416 477 5485 στραφεὶς
505 5416 722 5486 ἐκείνην
751 5418 849 5487 μὲν
883 5421 981 5487 οὑχ
1009 5420 1112 5489 ὁρᾷ
1141 5420 1359 5488 (φάσμα
1385 5421 1494 5490 γάρ
1515 5437 1568 5472 τι
1598 5420 1789 5490 δαιμό-

204 5524 324 5561 νιον
354 5503 424 5578 ἦν
455 5507 554 5577 τῆς
583 5509 840 5578 γυναικὸς
867 5511 1005 5562 οἴκοι
1041 5511 1364 5582 μενούσης),
1404 5513 1561 5574 αὐτὸς
1590 5513 1648 5565 δὲ
1689 5513 1792 5581 ὑπτ

208 5597 458 5674 εσπάσθη
496 5601 566 5651 τὰ
602 5599 748 5652 ἔνδον
770 5640 783 5662 ,
826 5604 917 5654 καὶ
960 5603 1155 5672 φόρτος
1189 5601 1340 5673 αὐτῷ
1369 5604 1585 5671 γεγόνει
1616 5602 1791 5657 ταῦτα

210 5687 462 5752 ἐλεεινὸς,
518 5690 675 5760 ἄχρις
717 5691 897 5744 αὐτῶν
941 5692 1269 5762 καθειμένος
1297 5695 1563 5762 γονάτων.
1598 5674 1658 5746 '0
1694 5695 1791 5763 μὲν

206 5779 273 5851 δὴ
315 5783 547 5854 καμάτῳ
594 5784 774 5856 πολλῷ
805 5787 899 5840 καὶ
949 5786 1130 5858 μόχθῳ
1183 5787 1448 5855 πρὸς-τὸν
1487 5788 1631 5842 θεῖον
1691 5791 1789 5843 ἁν-

1971 5147 2087 5201 l79.
2125 5148 2306 5202 Senex
2343 5150 2590 5218 quidam,
2640 5153 2820 5207 cultor
2867 5155 3063 5211 vineam
3123 5176 3190 5215 ex
3227 5161 3473 5233 locoqui

1895 5238 2129 5293 Sambus
2165 5236 2405 5305 dicitur,
2453 5243 2703 5297 colendis
2740 5245 2945 5301 vitibus
2991 5266 3201 5308 navans
3231 5267 3476 5323 Operam,

1895 5331 2127 5401 putabat
2176 5333 2244 5386 ab
2302 5349 2471 5389 uxore
2535 5352 2635 5391 sua
2671 5352 2728 5391 se
2780 5341 2991 5405 vocari,
3040 5358 3105 5397 ac
3138 5357 3365 5414 repente
3413 5366 3480 5401 en

1895 5439 2217 5487 conversus,
2245 5441 2469 5481 uxorem
2495 5429 2706 5484 nullam
2728 5431 2898 5497 videt,
2920 5429 3247 5502 phantaSma
3274 5441 3478 5510 quippu

1897 5514 2164 5571 daemonis
2185 5519 2459 5587 quoddam
2497 5531 2637 5586 erat,
2672 5525 2961 5580 mulierem
2993 5531 3142 5582 domi
3166 5539 3480 5586 manentem

1899 5607 2073 5678 probe
2102 5611 2443 5667 simulantis:
2466 5621 2520 5685 at
2542 5614 2660 5685 ipse
2679 5617 2988 5673 visceribus
3007 5622 3340 5693 distorqueri
3368 5641 3480 5681 cu:-

1899 5699 2002 5770 pit,
2032 5716 2155 5770 quae
2179 5701 2530 5773 importabile
2551 5707 2690 5762 adeo
2707 5724 2771 5763 ac
2792 5711 3111 5767 miserabile
3135 5729 3278 5768 onus
3335 5714 3480 5771 facta

1899 5801 2080 5863 erant,
2120 5806 2179 5851 ut
2204 5795 2321 5866 ipsa
2349 5813 2528 5868 genua
2559 5800 2934 5860 subsiderent.
2983 5805 3159 5876 igitur
3192 5801 3482 5867 laboribus
