4078 6332
619 376 752 441 filii
1820 376 1878 433 S.
1919 373 2226 433 SYMEON'

2332 372 2689 432 JUNIORIS
3742 367 3902 435 315!

617 505 778 560 atque
798 486 1058 542 aerumnis
1083 486 1279 556 impar,
1301 485 1369 539 ad
1392 493 1642 538 sanctum
1670 484 1994 555 Symconcm
2023 483 2188 536 a.lilu-
2221 534 2226 543 ,

2329 483 2534 549 ιιεχοεὶς
2566 480 2810 550 Συμεὼν,
2839 478 2944 550 πρὸ
2969 479 3066 547 τῆς
3100 478 3265 533 αὐτοῦ
3298 478 3548 540 στάσεως
3567 470 3903 533 Ϊέκυλινὸεἶο

617 595 756 642 ctus,
780 587 905 632 ante
940 580 1253 633 columnam
1287 577 1486 630 misere
1511 576 1863 630 volutabatur
1888 593 1901 629 :
1936 574 2085 645 quod
2113 574 2192 629 fa-

2333 590 2380 632 ο,
2414 572 2473 623 τὸ
2508 572 2729 638 γεγονὸς
2761 570 3124 638 ἀπαγγέλλων
3161 571 3221 623 οὐ
3250 570 3455 640 ῥήμασι
3490 570 3700 639 μᾶλλον
3806 570 3906 624 δά-

619 683 768 723 ι’ῑηηι
786 670 1097 735 fuerat,non
1111 669 1296 724 verbis
1313 670 1484 738 magis
1497 682 1659 736 quam
1676 668 1936 740 lacrymis
1953 668 2191 722 ubertim

2329 662 2570 736 ,ρυσιν,ἀ
2598 662 2662 731 δὴ
2695 662 2864 715 πολλὰ
2910 654 3172 732 κατέχεεν
3212 661 3307 713 τοῦ
3355 660 3610 727 ἐδάφους,
3646 663 3748 713 καὶ
3796 661 3905 730 τῆς

620 770 717 822 per
732 762 932 808 terram
946 753 1314 816 ﬂuitantibus,
1342 751 1661 814 enuntians,
1684 762 1849 821 atque
1866 751 2197 805 calamitatis

2329 754 2591 822 ὐμιρορᾶς
2623 752 3007 820 ἀπαλλαγῆναι
3045 752 3318 821 δεόμενος.
3362 752 3422 805 Ὀ
3450 752 3507 804 δέ
3555 751 3901 813 διαναστὰς,

621 860 732 897 sine
755 845 1084 899 levationem
1111 844 1463 913 precabatur.
1522 843 1625 899 Cui
1664 861 1901 914 surgens
1938 854 2194 898 sanctus:

625 935 791 997 Vade,
828 936 1029 1003 inquit,
1053 934 1230 988 donec
1245 946 1505 1003 superato
1528 936 1722 1000 fluvio,
1758 918 2048 989 adversum
2063 948 2198 987 con-

624 1026 910 1082 scenderis
937 1034 1218 1091 montem;
1245 1035 1301 1081 et
1331 1026 1399 1080 da
1442 1026 1671 1095 gloriam
1707 1026 1818 1081 Deo
1866 1042 1963 1094 per
2000 1040 2104 1079 me.
2150 1024 2200 1080 Is

624 1126 805 1171 autem
830 1116 997 1170 verba
1031 1116 1213 1169 hzecin
1250 1123 1394 1167 terra
1420 1115 1586 1178 bona,
1611 1114 1778 1169 veluti
1811 1130 1998 1169 semen
2022 1115 2200 1183 quod-

625 1208 970 1271 dam,cordis
997 1206 1121 1260 sinu
1158 1206 1457 1274 excipiens,
1487 1207 1742 1275 cumjam
1774 1206 1828 1259 in
1856 1214 2099 1272 montem
2128 1221 2195 1259 ex

624 1300 875 1371 opposito
897 1300 1063 1353 situm
1092 1298 1289 1352 enixus
1315 1306 1480 1356 esset.
1513 1297 1578 1350 ad
1616 1298 1718 1349 viri
1752 1297 1848 1352 Dei
1888 1288 2195 1350 columnam

625 1405 949 1454 conversus,
984 1389 1258 1450 manibus,
1287 1389 1452 1442 simul
1483 1404 1606 1441 cum
1634 1401 1729 1456 spe
1749 1396 1805 1441 et
1835 1387 2071 1443 cordein
2087 1402 2201 1441 cm-

2302 846 2563 915 Πορεύου,
2610 846 2712 915 ἐφη
2743 860 2755 871 '
2789 846 2874 896 ἐπ’
2913 846 2978 896 ἂν
3019 850 3198 912 μέντοι
3240 844 3331 896 τον
3360 844 3609 911 ποταμδν
3645 858 3909 913 περαιω-

2300 935 2411 997 θεὶς
2441 934 2535 987 τοῦ
2567 935 2862 1005 ἀντιπέρας
2899 934 3095 1003 ἐπιϐῇς
3118 933 3308 1003 ὄρους,
3332 934 3420 996 δὸς
3450 934 3615 999 δ’ἱξαν
3650 932 3719 984 δι’
3756 931 3906 1001 ἐμοῦ

2300 1027 2376 1097 τῷ
2405 1027 2544 1098 Θεῷ.
2585 1028 2642 1079 Ὀ
2675 1027 2729 1080 δέ
2754 1029 2843 1079 τὸν
2875 1026 3031 1094 λόγον
3052 1025 3194 1079 κατά
3227 1024 3327 1091 τὴν
3367 1025 3584 1094 ἀγαθὴν
3624 1026 3759 1093 γῆν,
3790 1025 3910 1075 οἱο-

2300 1120 2380 1171 νεί
2412 1136 2533 1172 τινα
2582 1120 2801 1187 σπόρον.
2832 1121 2888 1171 ἐν
2918 1121 3029 1181 τοῖς
3066 1119 3166 1188 τῆς
3193 1117 3420 1187 καρδίας
3466 1118 3695 1180 κόλποις
3726 1117 3907 1181 δεξὰ-

2306 1228 2486 1280 μενος,
2518 1211 2592 1273 ὼς
2631 1210 2730 1280 ήδη
2759 1209 2853 1261 τοῦ
2905 1208 3029 1263 κατ’
3064 1210 3294 1280 ἀντικρὺ
3325 1210 3486 1281 ὅρους
3513 1209 3717 1278 ἐπέϐη,
3754 1212 3909 1280 πρὶς

2300 1305 2391 1354 τὸν
2434 1302 2623 1355 στύλον
2664 1302 2758 1355 τοῦ
2804 1303 2995 1369 ἀνδρὸς
3038 1302 3398 1373 ἐπιστρέψας,
3434 1302 3531 1355 καὶ
3561 1301 3664 1365 τὰς
3692 1305 3909 1371 χεῖρας

2305 1393 2443 1461 μετά
2469 1392 2575 1445 τῶν
2604 1392 2835 1446 ἐλπίδων
2863 1392 2957 1445 καὶ
2985 1396 3086 1461 τῆς
3109 1393 3335 1463 καρδίας
3364 1394 3443 1456 είς
3465 1394 3737 1465 οὐρανοὺς
3766 1393 3913 1445 ἁνα-

625 1486 707 1538 las
724 1484 939 1549 levatis,
973 1483 1204 1553 genibus
1224 1497 1287 1535 ac
1298 1482 1453 1535 vultu
1475 1483 1528 1535 in
1549 1490 1747 1535 terram
1767 1480 2013 1551 dejectis,
2030 1481 2199 1534 Deum

628 1592 725 1645 per
768 1575 1128 1629 mediatorem
1160 1573 1489 1644 Symeonem
1512 1568 1620 1643 'pro
1651 1573 1979 1627 liberatione
2020 1572 2205 1641 depri-

629 1668 829 1723 mentis
857 1683 914 1721 se
946 1668 1074 1721 mali
1115 1665 1431 1731 invocabat,
1477 1676 1533 1719 et
1563 1666 1826 1718 continuo
1855 1664 2001 1733 (quis
2048 1661 2203 1717 audi-

2329 1686 2405 1739 ιης
2434 1669 2599 1722 αὑτὸν
2627 1668 2873 1736 ἀνάγκης
2906 1668 3244 1723 ἐπεκαλεῖτο.
3276 1669 3383 1722 Καὶ
3410 1668 3768 1740 παραχρῆμα
3794 1671 3909 1739 (τίς

633 1760 781 1814 tione
836 1758 968 1813 tanti
1015 1757 1263 1812 miraculi
1296 1773 1404 1811 non
1436 1756 1846 1827 obstupeseet?)
1896 1763 2079 1810 tumor
2112 1753 2202 1808 ille

2329 1760 2407 1811 it'nc
2438 1758 2504 1813 ἂν
2534 1760 2671 1829 ἀκοῇ
2697 1759 2757 1813 τὸ
2785 1759 2970 1829 θαῦμα
3012 1760 3418 1829 καταπλαγείη;
3443 1762 3461 1829 )
3508 1761 3537 1812 ὁ
3571 1760 3911 1831 τηλικοῦτος

631 1855 933 1906 immensus
963 1849 1209 1913 evanuit,
1256 1848 1514 1902 omnibus
1543 1848 1716 1917 ipsius
1767 1846 2031 1900 membris
2060 1854 2207 1899 recte

2329 1852 2585 1905 ἱιαλέλυτο
2608 1852 2790 1918 ὄγκος,
2815 1852 2986 1918 ὑγιῶς
3006 1852 3154 1920 αὐτῷ
3181 1852 3398 1905 πάντων
3427 1852 3522 1905 καὶ
3553 1853 3700 1906 κατά
3734 1852 3909 1921 φύσιν

629 1960 691 1997 ac
714 1952 1082 2014 congruenter
1110 1951 1319 1997 natura:
1351 1956 1409 1995 se
1439 1938 2084 2007 babentibus.Quotquot
2106 1937 2207 1991 ita-

2329 1944 2558 2012 ;χάντων.
2589 1941 2727 2005 Τοὺς
2762 1943 3050 2005 κοινωνοὺς
3092 1944 3268 1995 τοίνυν
3298 1942 3396 2013 τῆς
3428 1947 3739 2013 συμφορᾶς.
3788 1946 3908 1999 ὅσοι

631 2054 735 2104 que
762 2035 967 2090 conscii
1002 2032 1331 2089 calamitatis
1357 2032 1505 2086 illius
1528 2032 1773 2094 fuerunt,
1803 2030 1841 2083 ii
1867 2044 2065 2098 nempe
2088 2042 2208 2082 om-

2329 2032 2507 2102 ἱηλαδὴ
2546 2032 2640 2085 καὶ
2682 2032 3197 2103 συνεπιδοηθοὶντες
3244 2033 3391 2103 αὐτῷ
3440 2034 3909 2100 διαδαστάζοντες

632 2143 731 2182 nes
765 2128 859 2196 qui
909 2140 1133 2181 manum
1168 2123 1495 2193 adjutricem
1540 2122 1899 2176 admoventes
1923 2120 2101 2189 ipsum
2132 2118 2207 2171 .in

2329 2118 2447 2191 ᾖσαν
2476 2121 2615 2192 πρὸς
2641 2122 2739 2193 τὴν
2765 2123 3013 2193 πορείαν,
3039 2126 3329 2188 κοινωνοὺς
3362 2127 3457 2179 καὶ⁵
3483 2127 3581 2179 τοῦ
3610 2127 3907 2197 θαύματος

633 2227 875 2273 montem
937 2216 1369 2277 transtulerant,
1424 2213 1649 2267 eosdem
1703 2210 1936 2281 prodigii
1992 2223 2209 2279 quoque

2329 2216 2576 2267 mateiro'
2614 2215 2707 2268 καὶ
2744 2214 2893 2277 ὅπως
2938 2215 3033 2268 τοῦ
3081 2216 3285 2283 πάθους
3328 2218 3651 2288 ἀπήλλακτο
3694 2220 3901 2286 δείξας,

632 2310 885 2366 conscios
912 2308 1074 2374 fecit;
1104 2322 1340 2375 eumque
1367 2308 1729 2359 monstrasset
1751 2317 1860 2372 quo
1876 2309 2036 2371 pacto
2055 2300 2211 2354 malis

2329 2306 2463 2373 ιοινῇ
2491 2305 2625 2375 πρὸς
2653 2305 2744 2358 τὸν
2766 2306 2956 2372 ’Δγιον
3000 2308 3307 2379 ἐπανῄεσαν
3338 2307 3514 2377 αὖθις,
3532 2313 3689 2381 κοινῇ
3711 2313 3785 2366 τὰ
3804 2312 3904 2380 τῆς

633 2408 921 2469 exemptus
948 2405 1116 2461 esset,
1140 2396 1301 2450 simul
1323 2395 1387 2449 ad
1409 2403 1657 2449 sanctum
1697 2392 2002 2456 redierunt,
2046 2388 2210 2445 simul

2329 2396 2633 2468 εὐεργεσίας
2658 2398 3061 2469 ἀνωμολόγουν.

638 2489 965 2545 beneﬁcium
1016 2486 1253 2541 confessi
1290 2492 1654 2555 agnoverunt.

2302 1485 2502 1549 τείνας,
2540 1485 2744 1551 γόνατά
2785 1501 2845 1536 τε
2890 1484 2985 1537 καὶ
3012 1483 3165 1553 ὄψεις
3205 1487 3273 1553 τῇ
3298 1484 3566 1549 δεδωκὼς,
3608 1486 3707 1539 τὸν
3763 1484 3911 1538 Θεῦν

2303 1576 2407 1629 ὑπὸ
2439 1575 2630 1647 μεσίτῃ
2664 1575 2742 1646 τῷ
2770 1576 3000 1646 Συμεὼν
3028 1576 3108 1639 είς
3137 1575 3457 1647 ἀπαλλαγὴν
3486 1578 3589 1646 τῆς
3621 1578 3907 1647 κατεχοῦ·

709 2693 834 2749 180.
874 2690 1062 2761 Magna
1087 2688 1307 2759 quidem
1332 2696 1389 2741 et
1410 2686 1697 2749 mirabilis,
1722 2684 1862 2745 scio.
1890 2680 2091 2738 accidit
2108 2681 2215 2752 piis

2387 2691 2496 2758 ρκ’.
2529 2685 2689 2753 Μέγα
2743 2684 2840 2754 μὲν
2887 2679 2980 2737 οὗν
3012 2678 3129 2738 οῖδα
3174 2682 3440 2752 φιλοθέοις
3480 2684 3673 2747 ἀκοαῖς
3709 2682 3775 2736 sb
3822 2681 3905 2736 δι-

639 2784 867 2838 :inrihus
891 2783 1006 2836 haec
1033 2779 1299 2843 narratio,
1330 2779 1496 2838 habet
1524 2787 1705 2831 tamen
1730 2776 1897 2831 etiam
1922 2789 2214 2845 supparem

2329 2779 2529 2850 ᾗγημα,
2581 2778 2808 2847 ἀδελφὸν
2843 2776 2901 2830 δὲ
2944 2777 3094 2846 ὅμως
3139 2776 3236 2829 καὶ
3274 2776 3336 2829 τὸ
3381 2778 3726 2845 ἐπαγόμενον
3765 2776 3904 2847 ἔχει.

644 2878 812 2937 illam,
850 2888 971 2943 quae
1002 2872 1275 2941 sequitur.
1323 2870 1479 2924 Alius
1518 2869 1766 2939 quidam,
1792 2866 2036 2923 Caesarea
2078 2864 2217 2937 Cap—

2329 2872 2546 2943 Ἐτιρος
2576 2873 2685 2941 γάρ
2702 2889 2805 2935 τις,
2848 2871 2911 2924 ἐκ
2933 2869 3269 2939 Καισαρείας
3296 2869 3353 2921 δέ
3378 2868 3770 2923 Καππαδοκῶν
3796 2868 3908 2940 ὥρα

642 2968 886 3037 padoeiae
911 2963 1204 3027 oriundus,
1237 2978 1269 3017 a
1293 2977 1353 3017 re
1374 2961 1633 3016 familiari
1669 2960 1876 3016 affatim
1904 2975 2009 3015 nec
2036 2960 2220 3015 minus

2329 2961 2582 3031 μημένος,
2624 2958 2739 3028 βίου
2787 2957 2887 3028 μέν
2930 2956 3132 3019 ἱκανῶς
3167 2958 3274 3010 οὐκ
3316 2958 3548 3027 ἀσήμως
3589 2958 3648 3010 δὲ
3684 2958 3783 3013 καὶ
3817 2958 3909 3026 γέ-

641 3080 670 3113 a
699 3059 920 3131 generis
950 3057 1239 3112 nobilitate
1272 3056 1598 3117 instructus,
1620 3052 1813 3107 iisdem
1835 3051 2039 3115 quibus
2061 3066 2221 3121 supe-

2329 3069 2443 3113 νους
2471 3051 2629 3121 ἔχων,
2657 3050 2820 3103 πάθει
2845 3050 2939 3103 καὶ
2962 3049 3121 3120 βάρει
3144 3049 3219 3119 τῷ
3250 3049 3397 3119 αὑτῷ
3428 3050 3777 3120 πιεζόμενος,
3812 3054 3905 3106 καὶ

646 3152 760 3203 rior
815 3148 1148 3203 torminibus
1195 3146 1518 3217 ventrisque
1561 3153 1776 3199 tumore
1804 3142 2213 3207 afﬂictabatur;

2329 3144 2419 3212 τὴν
2451 3143 2550 3214 μὲν
2575 3143 2765 3195 οὐσίαν
2802 3142 3020 3211 τέχναις
3051 3140 3254 3212 ἰατρῶν
3297 3133 3715 3210 ἐκδαπανηθὼς,
3748 3141 3907 3197 οἰδέν

640 3246 860 3312 jamque
884 3238 1190 3294 substantia
1216 3237 1366 3292 omni
1390 3239 1446 3291 in
1470 3233 1809 3291 medicorum
1834 3243 2007 3289 artem
2025 3246 2222 3302 expen-

645 3350 725 3399 sa,
757 3332 905 3387 aliud
939 3331 1078 3385 nihil
1104 3328 1465 3384 emolumenti
1492 3335 1734 3397 ceperat,
1760 3342 1921 3395 quam
1951 3326 2097 3394 quod
2137 3323 2224 3378 di-

646 3425 844 3481 dicerit
893 3422 1231 3477 curationem
1266 3422 1562 3474 humanam
1593 3433 1712 3473 esse
1736 3430 2221 3487 supervacaneam,

649 3516 884 3585 ideoque
914 3513 981 3567 ad
1008 3512 1252 3567 divinam
1287 3510 1457 3564 divini
1496 3509 1725 3579 hujusce
1762 3508 1867 3561 viri
1899 3520 2058 3576 opem
2094 3520 2227 3559 con—

647 3607 869 3680 fugerit.
899 3606 979 3661 Eo
1010 3605 1195 3674 itaque
1218 3618 1343 3658 cum
1376 3600 1707 3663 advenisset,
1728 3612 1944 3670 preces,
1965 3597 2222 3673 gemitus,

649 3702 936 3769 lacrymas,
972 3706 1029 3750 et
1067 3697 1114 3750 si
1144 3693 1276 3763 quid
1313 3701 1573 3763 praeterea
1620 3700 1707 3745 est
1737 3689 1885 3759 quod
1934 3687 2227 3743 commise-

654 3779 922 3843 rationem
974 3786 1121 3840 ciere
1172 3784 1279 3853 piis
1324 3781 1611 3835 animabus
1654 3781 1846 3850 possit,
1881 3793 1983 3849 pro
2014 3776 2226 3831 incolu-

656 3882 842 3933 mitate
873 3888 928 3932 et
968 3876 1219 3930 dolorum
1258 3872 1583 3941 depulsione
1614 3871 1930 3926 exhibebat.
1958 3868 2055 3924 His
2096 3881 2228 3922 vero

655 3973 893 4043 Symeon
924 3968 991 4023 ad
1043 3965 1423 4022 miserandum
1476 3973 1689 4025 motus,
1717 3977 1910 4017 versus
1952 3961 2100 4015 illam
2130 3961 2231 4013 mi-

656 4058 1013 4115 sericordiam
1046 4056 1238 4110 oculos
1263 4055 1512 4115 sustulit.
1548 4066 1670 4122 quae
1696 4050 1961 4120 quidquid
1994 4050 2232 4120 petimus

657 4166 876 4220 semper
898 4148 1095 4204 tribuit
1126 4164 1141 4210 ;
1182 4147 1539 4214 sentiensque
1572 4144 1900 4197 diviniorem
1934 4140 2230 4210 quamdam

661 4245 713 4297 in
736 4258 794 4297 se
815 4240 1074 4313 gratiam:
1094 4238 1429 4301 Ascendens,
1450 4237 1651 4306 inquit,
1676 4233 2052 4304 appropinqua
2074 4232 2229 4286 mihi.

655 4333 763 4399 Qui
791 4346 917 4386 eum
938 4330 1087 4401 jussa
1112 4344 1237 4383 mox
1258 4342 1577 4397 capeseens,
1600 4326 1823 4395 jamque
1847 4322 2091 4392 proxime
2117 4337 2236 4376 san-

663 4435 810 4478 ctum
843 4422 1073 4476 veniens
1094 4420 1238 4491 (quis
1260 4418 1475 4473 Domini
1500 4415 1913 4471 misericordias
1934 4413 2231 4483 cantabit?)

2320 3237 2377 3290 δέ
2416 3236 2541 3291 ἄλλο
2577 3234 2781 3289 τούτων
2830 3230 3091 3304 ὀνάμενος
3131 3234 3214 3287 ὅτι
3255 3234 3332 3305 μὴ
3368 3232 3466 3305 τὴν
3506 3233 3568 3299 ἐξ
3596 3233 3905 3304 ἀνθρώπων

2322 3328 2419 3396 τῆς
2467 3326 2764 3396 θεραπείας
2799 3325 3133 3392 ἀπόγνωσιν.
3180 3325 3273 3378 καὶ
3316 3324 3403 3378 διά
3432 3321 3593 3377 τοῦτο
3637 3325 3777 3395 πρὸς
3814 3326 3903 3379 τὸν

2324 3416 2463 3472 θεῖον
2511 3417 2678 3486 ἄνδρα
2709 3415 2897 3469 τοῦτον
2961 3416 3058 3469 καὶ
3105 3416 3203 3485 τὴν
3252 3415 3311 3482 ἐξ
3358 3414 3522 3467 αὑτοῦ
3570 3414 3903 3483 καταφυγὼν

2324 3509 2474 3563 θείαν
2510 3507 2789 3579 ἐνέργειαν
2841 3521 2859 3538 ’
2894 3501 3049 3570 οὗτος
3085 3506 3237 3575 παρά
3273 3507 3364 3559 τὸν
3406 3505 3630 3575 Συμεὼν
3667 3507 3901 3561 ἀνελθὼν

2324 3602 2556 3671 διήσεις,
2587 3600 2852 3670 οἰμωγὰς,
2879 3598 3108 3667 δάκρυα,
3136 3600 3246 3651 πᾶν
3288 3597 3343 3650 εἴ
3366 3616 3420 3652 τι
3448 3599 3579 3652 ἄλλο
3605 3599 3902 3669 δυνάμενον

2326 3695 2405 3756 είς
2429 3687 2609 3747 οῐκτον
2642 3691 2869 3745 ἐλκῦσαι
2903 3690 3100 3761 ψυχὴν,
3136 3692 3271 3761 mp
3303 3692 3401 3758 τῆς
3437 3691 3531 3743 τοῦ
3560 3691 3766 3754 πάθους
3796 3694 3899 3745 ἀπ-

2326 3784 2568 3854 αλλαγῆς
2601 3783 2880 3835 ἐπεδείκνυ
2902 3796 2918 3813 ”
2951 3782 3087 3852 πρὸς
3116 3781 3260 3851 ἅπερ
3289 3784 3497 3845 ἐκεῖνος
3517 3782 3590 3835 τά
3622 3782 3901 3853 σπλάγχνα

2329 3874 2537 3936 παθὼν,
2593 3876 2672 3937 είς
2721 3874 3035 3944 οίκτιρμοὺς
3105 3871 3299 3941 ιϐλεψι
3348 3871 3532 3934 πάλιν,
3600 3875 3727 3937 τοὺς
3781 3874 3901 3927 ὅσον

2329 3965 2587 4034 αἰτοῦμεν
2613 3965 2699 4018 ἀεὶ
2726 3963 2992 4027 διδόντας,
3015 3962 3110 4016 καί
3138 3978 3281 4025 τινος
3303 3960 3627 4031 αἰσθόμενος
3651 3964 3709 4016 ἐν
3728 3963 3901 4031 ἐαυτῷ

2329 4060 2548 4127 χάριτος
2579 4054 2878 4125 Θειοτιρας,
2912 4052 3161 4117 ’Δναδάς,
3182 4054 3368 4123 φησὶν,
3402 4053 3622 4121 ἐγγισόν
3656 4072 3765 4121 μοι.
3798 4054 3901 4109 Τοῦ

2330 4148 2385 4200 δέ
2426 4147 2501 4209 ὡς
2536 4146 2856 4199 κεκέλευστο
2882 4139 3481 4216 δράσαντοςνέπείπερ
3531 4144 3755 4214 ἐγγιστα
3804 4147 3901 4219 ἥδη

2331 4238 2424 4293 τοῦ
2457 4238 2638 4307 Ἀγίου
2671 4237 2812 4291 ἔλθοι
2842 4237 2947 4305 (τίς
2979 4236 3190 4308 ᾅσεται,
3214 4237 3443 4308 Χριστέ,
3468 4238 3537 4289 τά
3575 4237 3702 4305 ἐλέη
3730 4254 3826 4291 σου
3850 4238 3906 4311 ;)

2332 4330 2425 4383 τοῦ
2450 4329 2656 4401 «eam;
2688 4328 2889 4391 εὐθέως
2915 4327 3369 4399 θεραπευθέντος,
3412 4330 3441 4381 δ
3491 4327 3715 4397 Συμεὼν
3748 4328 3907 4401 ἱλαρᾲ

2335 4422 2429 4476 καὶ⁸
2454 4422 2683 4492 “sunt
2707 4420 2943 4491 γλώττῃ,
2978 4420 3287 4490 1Ἄνθρωπε,
3316 4420 3485 4484 τασαι,
3514 4421 3641 4489 ἐφη.
3658 4422 3741 4481 Ὡς
3766 4420 3825 4474 δέ
3850 4420 3908 4475 τι

666 4518 812 4571 illico
839 4521 1134 4584 persanato
1164 4511 1355 4565 morbo
1394 4509 1686 4564 incolumis
1712 4515 1945 4571 astaret;
1974 4506 2226 4577 Symeon.

2336 4514 2530 4583 ἀθρόον
2567 4515 2743 4566 ἐκεῖνο
2775 4514 2871 4581 τῆς
2901 4512 3219 4580 θεραπείας,
3246 4510 3341 4563 καὶ
3370 4510 3542 4581 αὐτὴν
3591 4507 3788 4577 ἐσλαψι
3813 4512 3905 4581 τὴν

664 4606 1061 4662 animadversis
1096 4604 1208 4675 jam
1238 4612 1296 4657 et
1325 4602 1613 4671 repentina
1648 4599 1890 4653 hominis
1928 4597 2235 4660 sanatione,

664 4711 721 4755 et
747 4698 897 4771 gravi
925 4697 1081 4768 quasi
1108 4696 1291 4750 adhuc
1322 4694 1586 4765 patientis
1612 4707 1799 4753 sensu,
1830 4691 1907 4745 ait
1949 4690 2050 4750 illi,
2085 4689 2238 4743 vultu

666 4800 830 4860 atque
860 4804 955 4843 ore
995 4786 1271 4842 renidenti
1301 4804 1313 4839 :
1346 4785 1416 4839 Mi
1452 4784 1636 4847 homo,
1669 4790 1893 4838 sanatus
1913 4796 1991 4836 es.
2026 4780 2242 4847 Nequa-

665 4896 850 4950 quam,
880 4887 1068 4935 sancte
1092 4879 1209 4943 Dei,
1234 4880 1311 4932 ait
1335 4877 1475 4931 alter
1501 4875 1639 4929 flens
1667 4882 1830 4942 atque
1852 4871 2241 4943 ingemiscens.

665 4972 761 5027 sed
780 4980 1023 5027 extrema
1049 4968 1297 5039 quaedam
1323 4966 1625 5021 necessitas
1649 4978 1735 5017 me
1760 4961 1982 5031 premit,
2003 4960 2243 5030 facitque

670 5077 731 5121 ut
760 5080 909 5120 mors
941 5064 1076 5117 mihi
1110 5063 1279 5131 longe
1306 5058 1513 5131 gratior
1540 5056 1633 5110 tali
1668 5054 1779 5108 vita
1808 5057 1898 5109 sit.
1933 5054 2088 5109 Tunc
2115 5070 2243 5108 san-

653 5164 791 5213 'ctus
829 5156 993 5212 tacite
1025 5153 1364 5223 subjiciens:
1397 5148 1677 5208 Scrutare.
1716 5147 1915 5216 inquit,
1936 5146 2242 5218 temetipse,

666 5248 1118 5319 etcomperiesex
1134 5255 1247 5307 toto
1260 5242 1626 5299 convaluisse.
1646 5240 1782 5294 Cum
1815 5248 1997 5293 autem
2016 5240 2061 5293 is
2082 5255 2245 5293 manu

670 5342 975 5413 periculum
1009 5340 1129 5409 ejus
1160 5338 1240 5392 rei
1274 5337 1523 5399 fecisset,
1548 5349 1606 5388 se
1648 5332 1978 5387 incolumem
2018 5330 2243 5399 reperit.

670 5431 862 5486 tubere
877 5431 1028 5483 omni
1056 5427 1281 5482 omnino
1298 5425 1544 5481 emollito
1575 5433 1630 5478 et
1650 5422 1901 5492 depulso.
1930 5421 2064 5476 Cum
2085 5422 2250 5493 igitur

670 5524 803 5578 nihil
822 5522 1144 5593 quidquam,
1168 5520 1313 5588 quod
1332 5537 1363 5574 a
1389 5527 1584 5573 natura
1606 5516 1847 5570 alienum
1868 5525 2031 5577 esset,
2052 5515 2250 5584 deprc-

670 5614 958 5679 hendcret,
981 5620 1119 5667 atslu
1142 5610 1309 5664 animi
1330 5610 1572 5679 repletus
1590 5624 1655 5661 ac
1674 5605 1940 5676 vertigine
1956 5605 2121 5675 (quod
2140 5622 2250 5659 non

672 5710 837 5761 modo
854 5705 1128 5777 repentini
1151 5705 1356 5767 luctus,
1379 5717 1572 5756 verum
1598 5702 1762 5755 etiam
1788 5699 1972 5770 gaudii
1995 5715 2252 5754 excessus

674 5815 779 5855 non
810 5814 935 5855 raro
968 5796 1257 5853 consuevit
1286 5794 1524 5859 efficere,
1558 5809 1681 5849 eum
1713 5809 1771 5848 re
1800 5792 2055 5863 quapiam
2097 5792 2247 5848 inex-

2338 4603 2432 4656 τοῦ
2481 4603 2779 4671 πάσχοντος
2812 4600 3088 4671 αἴσθησιν,
3142 4598 3428 4669 Οὐδαμῶς,
3477 4599 3600 4667 ἀγιε
3636 4598 3727 4652 τοῦ
3751 4598 3903 4665 Θεοῦ,

2340 4694 2587 4765 δακρύων
2619 4693 2715 4746 καὶ
2748 4692 2950 4744 στένων
2976 4686 3149 4752 εἶπεν,
3180 4690 3316 4742 ἀλλά
3353 4688 3562 4759 χαλεπή
3588 4706 3673 4752 τις
3700 4690 3903 4759 ἀνάγκη

2344 4784 2519 4846 πιέζει
2567 4799 2657 4852 με,
2688 4782 2837 4853 ἥδιον
2867 4780 3049 4849 πολλῷ
3094 4778 3186 4832 τοῦ
3220 4779 3317 4850 ζῇν
3359 4776 3533 4840 οὕτως
3574 4778 3903 4849 ἐργαζομένη

2348 4892 2436 4943 μοι
2487 4875 2548 4927 τὸ
2580 4874 2780 4927 θανεῖν.
2824 4873 2883 4927 Ὀ
2920 4872 2977 4926 δέ
3029 4872 3211 4943 ἠρέμα
3262 4870 3542 4941 προσθεὶς.
3595 4869 3905 4940 Ἑρεύνησον

2346 4968 2558 5031 ἐαυτὸν,
2590 4966 2717 5036 ἔφη,
2739 4965 2843 5019 ’καὶ
2860 4966 2981 5036 εἴσῃ
3004 4963 3189 5031 σαφῶς
3218 4964 3300 5016 ὅτι
3330 4961 3423 5015 τοῦ
3448 4962 3652 5025 πάθους
3680 4963 3906 5027 ἀπήλλα-

2347 5059 2455 5124 ξαι.
2508 5058 2598 5120 Ὠς
2646 5057 2703 5110 δέ
2739 5060 2804 5128 τῇ
2843 5058 2987 5127 χειρὶ
3024 5056 3121 5125 τὴν
3167 5056 3390 5124 ἔρευναν
3424 5052 3742 5124 ἐπιτρὲψας,
3778 5053 3906 5121 ἔγνω

2350 5152 2541 5205 ἐαυτὸν
2589 5150 2799 5217 ἀπαθῆ,
2829 5148 2925 5202 τοῦ
2960 5149 3127 5216 δγκου
3170 5149 3518 5202 παντάπασιν
3566 5146 3906 5200 ὑπολεανθὲνι

2348 5261 2459 5306 τος,
2502 5242 2577 5305 ὡς
2621 5242 2785 5311 μηδὲν
2814 5259 2867 5294 τι
2904 5236 2997 5295 οὖν
3034 5238 3535 5308 ἐπισημαίνειν,τοῦ
3566 5238 3706 5290 κατὰ
3735 5239 3885 5307 φύσιν

2354 5334 2559 5401 ἰλίγγου
2588 5331 2888 5401 πληροῦται
2930 5331 3026 5383 καὶ
3050 5330 3198 5399 δίνης
3225 5344 3239 5357 ·
3270 5330 3408 5399 ὅπερ
3434 5329 3496 5381 οὺ
3531 5328 3706 5397 λύπης
3748 5330 3908 5397 αίφνι.

2360 5427 2461 5478 δίου
2502 5426 2683 5493 μόνον,
2718 5423 2853 5477 ἀλλὰ
2884 5424 2977 5475 καὶ
3009 5424 3184 5492 χαρᾶς
3214 5420 3489 5491 ὑπερϐολὴ
3533 5420 3789 5481 πολλάκις
3819 5423 3906 5475 πέ-

2353 5534 2489 5581 φυκε
2515 5517 2671 5586 δρᾷν,
2697 5515 2776 5585 τῷ
2801 5514 3049 5584 ἀδοκήτῳ
3082 5512 3176 5565 τοῦ
3214 5513 3540 5582 πράγματος
3570 5512 3630 5563 τὸ
3658 5511 3753 5580 τῆς
3783 5528 3909 5582 autp-

2356 5610 2467 5672 δίας
2524 5607 2725 5679 θερμὸν
2781 5606 3138 5668 συστείλασα,
3192 5604 3286 5657 καὶ
3345 5604 3544 5672 νεκρὰς
3597 5604 3781 5674 ῶσπερ
3826 5603 3906 5656 re?

2364 5700 2604 5769 σώματος
2649 5697 2749 5762 τάς
2788 5695 3067 5766 ἐνεργείας
3101 5692 3466 5747 ἀπολιποῦσα.
3510 5692 3569 5746 Ὀ
3598 5693 3694 5763 μὲν
3730 5686 3817 5745 οὖν
3842 5695 3908 5761 τᾷ

2360 5792 2451 5845 τοῦ
2502 5791 2827 5863 πράγματος
2859 5784 3150 5853 παραδόξῳ
3180 5785 3577 5854 καταπλαγεὶς,
3617 5786 3791 5852 ὀλίγον
3815 5786 3902 5841 ἔξει
