4078 6332
229 344 371 409 3le

1236 342 1413 401 VITA
1453 343 1499 398 Α
1533 338 1967 400 NICEPHORO
2005 336 2487 396 CONSCRlP’l‘A.

3343 322 3481 385 315$

224 452 416 521 ἐμελλε
464 452 839 523 περιτρέπειν,
882 451 929 504 εί
979 451 1053 521 μὴ
1090 452 1277 520 χεῖρας
1316 448 1464 513 αὑτῷ
1510 465 1653 510 τινες
1701 447 1833 507 τῶνη

1936 454 2151 515 pectata
2184 444 2333 498 calor
2354 440 2539 497 cordis
2561 438 2931 499 contrahitur,
2955 444 3009 490 et
3026 435 3275 504 corporis
3291 449 3456 503 opera
3471 462 3484 472 ο

225 541 513 612 παρόντων
545 544 801 611 ὑπέσχον.

1908 538 2087 592 tiones
2115 536 2269 588 velut
2296 542 2560 588 emortua:
2593 528 2903 593 desinunt),
2949 527 3213 605 repletus,
3239 525 3484 593 inquam.

224 647 453 706 stupore
478 639 549 691 ob
581 638 656 691 rei
688 652 797 690 non
827 637 1062 706 opinata:
1094 635 1598 697 admirabilitatem,
1668 647 1835 701 prope
1876 631 1976 685 fuit
2023 640 2081 684 ut
2112 637 2415 691 eorrueret,
2451 626 2557 680 nisi
2594 624 2820 695 quidam
2885 621 3238 692 praesentium
3276 618 3487 685 injectis

226 734 486 787 manibus
521 734 955 802 prohibuissent.

302 831 452 895 prta}.
475 825 1029 895 Καταπεπληγμένων
1049 825 1104 878 δέ
1124 823 1319 893 κομιδῇ
1344 822 1437 875 καὶ
1455 820 1672 875 πάντων
1693 820 1810 873 ὅσοι

219 914 318 968 τοῦ
348 913 564 969 τοσοῦδε
601 912 878 981 θαύματος
909 911 1203 979 ἐτύγχανον
1246 912 1455 976 θεαταὶ,
1482 912 1543 964 τὸ
1577 908 1802 964 παλαιὸν

222 1004 323 1060 τοῦ
354 1005 591 1073 πονηροῦ
620 1005 756 1073 πρὸς
788 1003 986 1056 κακίαν
1038 1004 1268 1071 ὄργανον
1295 1003 1323 1054 ὁ
1368 1002 1686 1070 ’Ᾱγγουλᾶς,
1738 1004 1805 1055 ἐκ

232 1098 401 1151 μέσου
424 1096 627 1150 τούτων
662 1094 969 1157 ὑπολαϐὼν,
1012 1095 1070 1149 '0
1101 1096 1196 1164 μὲν
1222 1092 1317 1149 οὖν
1350 1096 1534 1163 δγκος,
1564 1094 1639 1155 ὼς
1666 1092 1809 1162 ὁρῶ-

234 1205 361 1259 μεν,
389 1188 581 1260 ᾤχετο,
618 1188 723 1258 εφη
746 1203 762 1218 ⁸
790 1188 845 1241 τί
880 1187 937 1240 δέ
968 1188 1061 1241 καὶ
1084 1188 1113 1239 ὁ
1133 1186 1385 1249 τοσοῦτος
1424 1187 1516 1239 τοῦ
1546 1187 1812 1255 δέρματος

233 1277 457 1342 κόλπος,
482 1276 581 1330 εἴτ’
605 1276 697 1331 οὖν
722 1278 781 1331 τὸ
808 1278 1297 1347 ὑποπεπλησμένον
1326 1274 1419 1327 τοῦ
1446 1274 1611 1342 ὄγκου
1639 1272 1815 1340 δέρμα

234 1370 487 1437 γεγόνεις
547 1371 645 1439 ἐμὲ
699 1372 807 1440 γὰρ
862 1371 922 1423 οὐ
957 1370 1192 1440 μετρίως
1244 1365 1562 1421 τὰτοιαῦτα
1605 1364 1815 1430 πέφυκε

238 1462 635 1526 σκανδαλίζειν.
692 1462 860 1525 Εἰδὼς
922 1462 1099 1514 τοίνυν
1134 1463 1161 1514 ὁ
1214 1461 1402 1526 Μέγας
1444 1460 1638 1526 πεῖραν
1678 1449 1814 1505 εἶναι

236 1552 399 1607 τοῦτο
426 1554 519 1607 τοῦ
549 1555 817 1625 βασκάνου
845 1556 937 1607 καὶ
967 1555 1150 1613 πάλιν,
1172 1554 1346 1606 ὁπόσα
1374 1550 1468 1603 καὶ
1493 1547 1710 1618 γλώττῃ
1740 1542 1815 1613 τῷ

1982 813 2075 866 l8]
2092 854 2104 867 .
2148 814 2259 867 Nec
2277 812 2459 867 minor
2489 826 2704 873 omnes,
2726 808 2822 879 qui
2849 808 2985 862 tanti
3012 805 3251 875 prodigii
3277 814 3491 875 specta-

1912 914 2059 959 tores
2083 904 2357 969 astabant,
2388 912 2580 972 stupor
2618 900 2864 955 incessit.
2891 899 3047 955 Unus
3081 897 3344 967 Angulas,
3377 896 3488 965 jam

1912 997 2123 1067 pridem
2161 997 2428 1051 daemonis
2475 995 2556 1049 ad
2575 994 2731 1047 mala
2756 991 3122 1062 perpetranda
3146 989 3491 1045 instrumen-

1914 1097 2051 1153 tum,
2083 1105 2113 1143 e
2144 1087 2324 1142 media
2359 1087 2517 1140 turba
2558 1085 2906 1155 proclamans
2954 1100 2966 1135 :
3009 1082 3216 1135 Tumor
3247 1078 3493 1149 quidem,

1918 1180 2119 1250 inquit,
2154 1179 2316 1244 abiit,
2356 1186 2417 1233 ut
2459 1178 2715 1232 videmus
2744 1194 2759 1230 :
2787 1191 2979 1230 verum
3015 1174 3145 1243 quid
3182 1180 3366 1226 tantus
3394 1171 3496 1225 istc

1918 1270 2075 1338 pellis
2106 1268 2301 1323 sinus?
2332 1267 2467 1337 quid
2494 1267 2539 1321 si
2565 1274 2780 1320 tumore
2806 1265 2989 1319 denuo
3014 1261 3391 1332 compleatur?
3416 1260 3497 1314 Me

1918 1362 2201 1416 enimvero
2224 1377 2336 1415 non
2359 1359 2718 1414 mediocriter
2742 1357 2919 1411 solent
2948 1355 3076 1409 talia
3099 1354 3496 1409 scandalizare.

1914 1453 2020 1507 Pro
2049 1460 2335 1521 comperto
2357 1461 2539 1505 autem
2565 1449 2777 1503 habens
2816 1462 3046 1517 magnus
3074 1446 3314 1517 Symeon
3374 1452 3463 1497 ten

1922 1544 2187 1598 tationem
2220 1559 2341 1598 esse
2389 1543 2559 1597 invidi
2618 1541 2790 1596 hostis
2822 1539 3020 1604 nostri,
3066 1554 3165 1608 per
3203 1553 3267 1592 os
3309 1536 3499 1591 miseri

236 1643 413 1713 ἀθλίῳ
443 1619 613 1714 τούτῳ
644 1645 948 1716 χρωμένου,
981 1646 1303 1713 ἐμφυσήσας
1340 1642 1420 1712 τῷ
1451 1638 1811 1708 ἀναισχύντῳ,

1936 1636 2084 1689 ιειίυε
2117 1636 2417 1705 loquentis,
2456 1633 2756 1688 Insuﬂlavit
2794 1633 2848 1686 in
2889 1631 3287 1701 impudentem,
3334 1638 3502 1698 utque

239 1736 330 1787 ἵνα
356 1736 449 1787 καὶ
471 1734 568 1805 τὴν
596 1737 843 1789 ἐναντίαν
877 1729 1123 1805 ἀπελάσῃ
1149 1735 1397 1803 δύναμιν.
1434 1734 1492 1784 '0
1523 1731 1615 1783 τὸν
1637 1728 1824 1781 τοσοῦ-

240 1844 357 1891 τον,
381 1827 510 1896 ἔφη,
534 1826 726 1889 λεάνας
745 1829 907 1895 δγκον
933 1829 1027 1881 καὶ
1044 1827 1321 1889 διαλύσας,
1345 1826 1445 1877 οὐκ
1471 1824 1578 1893 ἄρα
1599 1820 1822 1884 δυνατὸς

237 1912 398 1979 οὗτος
428 1920 521 1971 καὶ
550 1920 610 1971 τὸ
642 1920 819 1989 δέρμα
855 1920 1079 1985 συνάξαι
1106 1916 1267 1971 πάλιν
1309 1917 1403 1971 καὶ
1431 1916 1818 1975 καταστεῖλαι;

255 2007 398 2060 Ἀλλ’
448 2012 477 2062 ὀ
528 2010 626 2079 μέν
678 2011 775 2080 τὴν
824 2010 918 2063 τοῦ
962 2009 1192 2064 παλαιοῦ
1220 2008 1479 2077 πολεμίου
1515 2006 1823 2078 προσϐολὴν

236 2098 419 2171 ταύτῃ
441 2100 531 2153 καὶ
558 2101 651 2154 νῦν
673 2101 1043 2173 διεκρούσατο.
1066 2104 1225 2165 ἡμεῖς
1249 2101 1306 2153 δέ
1330 2100 1463 2167 πρὸς
1489 2100 1556 2153 τὰ
1578 2098 1702 2169 ἐξῆς
1726 2096 1821 2150 τοῦ

240 2189 403 2257 λόγου
432 2190 761 2263 τρεψόμεθα.

320 2280 462 2350 ρπβ’.
503 2281 753 2351 Μοναχός
806 2299 889 2343 τις
942 2281 1084 2336 κατὰ
1125 2281 1444 2336 Λαοδίκειαν
1485 2280 1584 2348 τῆς
1621 2278 1824 2349 Συρίας

240 2372 722 2440 ἐγκεκλεισμένος,
761 2372 897 2442 πρός
926 2389 985 2424 τε
1017 2373 1115 2442 τὴν
1160 2372 1379 2443 χρονίαν
1422 2369 1700 2438 κάθειρξιν
1729 2371 1824 2423 καλ⁵

241 2462 347 2533 τὴν
409 2463 609 2533 συχνὴν
664 2464 900 2536 ἐρημίαν
954 2463 1277 2532 ἀκηδιάσας,
1318 2462 1574 2533 ἀφορμὴν
1634 2460 1823 2532 ὥσπερ

242 2556 349 2607 οὐκ
377 2555 582 2608 ἐλάττω
604 2558 703 2624 τῆς
720 2554 950 2624 ἡσυχίας
968 2556 1062 2626 τὴν
1085 2556 1165 2617 είς
1202 2556 1294 2607 τὸν
1315 2554 1456 2606 θεῖον
1481 2553 1705 2623 Συμεὼν
1727 2555 1822 2608 ἆν-

243 2648 367 2700 οδον
395 2646 639 2716 θέμενος,
674 2646 947 2715 ἐμήνυσεν
975 2645 1121 2715 αὐτῷ
1153 2646 1354 2715 θερμὸν
1383 2644 1564 2714 ἔρωτα
1596 2645 1695 2715 τῆς
1726 2646 1823 2699 αύο

244 2735 344 2789 τοῦ
369 2732 791 2806 προσκυνήσεως
827 2734 993 2805 ἔχειν,
1029 2738 1123 2788 καὶ
1155 2736 1253 2805 ἤδη
1283 2734 1566 2805 βούλεσθαι
1589 2735 1820 2788 ἀνιέναι.

253 2830 320 2881 Ὀ
351 2829 409 2881 δέ
444 2828 505 2881 τὸ
540 2827 892 2899 μικροψύχως
926 2829 1017 2881 ὑπ’
1042 2827 1209 2882 αὐιοῦ
1254 2828 1536 2897 γινόμενον
1567 2825 1669 2879 οὐκ
1718 2829 1822 2893 ἀγ-

1925 1728 2130 1782 inimici
2178 1735 2505 1797 potestatem
2537 1727 2605 1780 ab
2645 1742 2713 1781 eo
2760 1726 3093 1793 repelleret:
3129 1724 3256 1790 Qui,
3298 1723 3500 1792 inquit.

1928 1819 2251 1873 mollescere
2276 1828 2438 1887 atque
2457 1832 2787 1872 evanescere
2810 1817 2940 1870 fecit
2970 1824 3238 1869 tumorem
3268 1822 3505 1879 tantum,

1922 1925 2105 1965 nonne
2132 1911 2278 1964 idem
2312 1910 2489 1979 possit
2521 1924 2741 1979 quoque
2773 1909 2972 1977 pellem
3001 1907 3261 1977 colligere
3292 1921 3355 1960 ac
3374 1920 3504 1960 con-

1923 2000 2144 2054 trahere
2168 2000 2351 2054 denuo
2366 2000 2389 2052 ?
2405 1999 2583 2069 Atque
2609 1999 2701 2053 ille
2723 2000 2946 2069 quidem
2968 1998 3050 2053 sic
3074 1999 3337 2066 impetum
3364 1996 3507 2049 anti-

1922 2091 2018 2161 qui
2040 2090 2216 2145 hostis
2236 2092 2403 2145 etiam
2428 2100 2559 2144 tunc
2588 2091 2888 2160 repressit:
2918 2104 3019 2144 nos
3046 2104 3181 2144 vero
3201 2089 3268 2142 ad
3296 2086 3504 2156 reliqua

1923 2182 2259 2252 pertexenda
2290 2182 2688 2237 convertimur.

1997 2296 2117 2351 182.
2143 2296 2374 2363 Quidam
2406 2299 2709 2353 monachus
2735 2297 3019 2353 Laodiceae
3039 2298 3208 2368 Syria:
3239 2297 3506 2356 inclusus.

1925 2388 2289 2443 diuturnioris
2339 2389 2609 2444 clausura:
2643 2404 2707 2444 ac
2741 2387 3056 2443 solitudinis
3106 2396 3387 2458 perpetuae
3419 2397 3508 2441 ta:-

1925 2480 2039 2545 dio,
2091 2481 2460 2535 meditabatur
2510 2482 2722 2536 aditum
2767 2482 2836 2536 ad
2874 2491 3127 2537 sanctum
3160 2480 3508 2553 Symeonem,

1924 2572 2093 2627 veluti
2142 2573 2487 2628 occasionem
2527 2588 2637 2627 non
2673 2574 2858 2630 minus
2882 2573 3055 2643 quieti
3096 2581 3462 2642 Opportunam
3494 2589 3508 2625 :

1923 2663 2147 2733 jamque
2173 2662 2581 2731 significaverat
2610 2655 2775 2731 quam
2809 2660 3024 2716 ardenti
3056 2657 3333 2715 desiderio
3360 2666 3514 2713 tene-

1926 2753 2604 2823 retur,ipsum'adorandi,
2631 2753 2892 2823 quodque
2921 2753 2976 2807 in
3006 2751 3294 2822 procinctu
3323 2749 3391 2804 ad
3411 2749 3513 2803 iter

1927 2853 2115 2900 staret.
2150 2845 2254 2899 Sed
2280 2845 2370 2899 ille
2432 2845 2487 2899 in
2535 2843 3048 2913 pusillanimitatem
3096 2841 3359 2895 incidisse
3386 2854 3510 2893 eun:

248 2922 453 2990 νοήσας
475 2962 489 2985 ,
523 2923 633 2990 Οὐχ
681 2922 828 2974 ὅσιον
864 2922 988 2975 οὺδέ
1020 2923 1249 2993 πρέπον.
1293 2922 1419 2991 ἐφη,
1453 2919 1822 2972 καταλιπόντα

1936 2936 2251 3003 neutiquam
2289 2937 2566 3005 ignorans,
2599 2933 2926 3003 respondit:
2964 2931 3077 2986 Nec
3108 2932 3260 3001 pium
3300 2939 3386 2984 est
3416 2945 3511 2983 nec

250 3014 313 3065 τὸ
351 3016 676 3083 προσκυνεῖν
701 3014 821 3085 Θεῷ
861 3015 920 3067 ἐν
948 3014 1083 3085 αὐλῇ
1121 3014 1257 3083 ἁγίᾳ
1303 3012 1489 3077 αὐτοῦ,
1518 3011 1645 3081 ἥτις
1683 3012 1829 3062 ἐστὶν

1936 3026 2112 3089 decet,
2149 3027 2193 3079 si
2214 3026 2428 3080 desinat
2457 3027 2583 3093 quis
2616 3026 2788 3078 Deum
2807 3024 3041 3076 adorare
3080 3024 3135 3075 in
3179 3022 3302 3075 aula
3328 3031 3513 3074 saneta

249 3105 281 3155 ὸ
311 3105 406 3157 τοῦ
446 3105 680 3175 μοναχοῦ
712 3106 950 3167 οίκίσκος
980 3106 1203 3175 ἀρεταῖς
1256 3103 1494 3165 ἀπάσαις
1545 3099 1829 3171 καταλαμ-

255 3196 493 3264 πόμενος
523 3213 582 3248 τε
618 3198 711 3250 καὶ
748 3198 1173 3267 πλατυνόμενος,
1203 3198 1283 3258 είς
1331 3194 1621 3265 ἀνθρώπου
1664 3208 1837 3261 προσ-ι

255 3289 484 3355 κύνησιν
504 3288 679 3359 ἣκειν*
728 3290 1081 3359 ’Υπόμεινον
1110 3289 1240 3358 γὰρ,
1270 3289 1423 3357 φησι,
1452 3287 1561 3341 τὸν
1591 3287 1833 3353 Κύριον.

255 3387 287 3435 ὁ
321 3382 463 3444 θεῖος
515 3380 714 3445 Δαυὶδ,
768 3381 866 3433 καὶ
923 3381 1199 3450 φύλαξον
1257 3379 1371 3444 τὴν
1432 3377 1579 3431 ὁδὸν
1626 3376 1833 3430 αὐτοῦ.

257 3471 447 3525 Ταῦτα
470 3471 771 3541 τηνικαῦτα
804 3470 901 3537 μὲν
935 3471 1133 3539 ἐπέσχε
1175 3469 1265 3521 τὸν
1297 3470 1529 3537 μοναχόν
1557 3484 1571 3498 ·
1606 3465 1699 3520 τοῦ
1732 3468 1838 3519 πά-

259 3563 390 3626 θους
422 3563 478 3615 δὲ
510 3564 650 3633 μετά
679 3562 873 3633 μικρὸν
900 3561 1384 3625 δυναστεύσαντος,
1413 3561 1631 3625 ἔξεισιν,
1652 3561 1713 3611 οῦ
1737 3560 1839 3627 τὴν

257 3655 496 3726 ἡσυχίαν
536 3655 664 3721 παρ’
691 3654 844 3705 ούδέν
876 3652 1034 3722 μόνον
1063 3651 1183 3704 οὖδέ
1232 3650 1330 3721 τὴν
1365 3649 1642 3719 κάθειρξιν
1678 3648 1841 3717 θέμε-

262 3763 376 3809 νος,
418 3745 555 3799 ἀλλὰ
608 3745 702 3798 καὶ
750 3747 828 3808 είς
898 3749 1175 3812 πορνείαν,
1226 3744 1416 3813 οἴμοιι
1473 3742 1840 3810 κατενεχθεὶς,

264 3836 470 3906 πτῶμα
530 3836 691 3890 τίνων
756 3837 818 3888 ού
874 3836 1164 3907 δακρύων,
1212 3837 1383 3888 ποίων
1441 3836 1541 3888 οὐκ
1594 3834 1844 3904 ὀδυρμῶν

260 3931 416 3995 ἄξιον
437 3931 450 3983 l

340 4027 487 4090 ρπγ’.
524 4022 753 4074 Ἔπειτα
808 4022 991 4090 μέντοι
1051 4021 1327 4090 παρέϐαλε
1385 4021 1463 4091 τῷ
1528 4020 1717 4092 Ἀγίῳ,
1750 4022 1848 4089 τῆς

267 4110 372 4179 μὲν
402 4111 673 4181 ἁμαρτίας
711 4112 832 4165 ούδέ
898 4112 1057 4184 ψιλὴν
1099 4114 1235 4175 ὅλως
1282 4112 1602 4182 ποιούμενος
1631 4113 1850 4183 μνήμην

264 4198 381 4273 (οἷα
414 4203 482 4256 τὰ
528 4203 623 4256 τοῦ
674 4204 917 4275 πονηροῦ
969 4205 1342 4275 τεχνάσματα,
1390 4206 1535 4274 καὶὴ
1568 4204 1704 4272 πρὸς
1756 4202 1850 4270 τὴν

1938 3132 2055 3181 sua,
2109 3117 2288 3185 qualis
2339 3124 2423 3169 est
2470 3115 2605 3170 cella
2648 3112 2928 3175 monachi,
2969 3111 3237 3165 virtutum
3269 3111 3515 3164 emniun;

1938 3205 2228 3276 splendore
2255 3187 2537 3274 refulgens
2572 3217 2636 3257 ac
2658 3202 2882 3266 referta,
2915 3201 3219 3269 veniatque
3244 3199 3312 3254 ad
3338 3198 3485 3252 homi
3502 3227 3518 3237 -

1938 3310 2063 3349 nem
2086 3293 2448 3348 adorandum.
2474 3292 2741 3362 Exspecta
2764 3290 3072 3355 Dominum,
3097 3290 3321 3344 divinus
3342 3289 3519 3357 inquit

1937 3385 2129 3447 David,
2157 3393 2204 3437 et
2223 3385 2423 3439 custodi
2452 3386 2592 3438 viam
2616 3384 2731 3455 ejus
2754 3381 2821 3435 “.
2844 3379 2970 3435 Haec
2989 3390 3103 3434 tum
3126 3380 3350 3449 quidem
3380 3378 3524 3431 inhi,

1940 3476 2192 3531 buerunt
2219 3476 2591 3541 monachum;
2638 3490 2822 3529 rerum
2858 3473 3023 3543 paulo
3059 3482 3202 3541 post,
3225 3469 3519 3540 pradomi~

1942 3578 2106 3623 nantc
2134 3568 2328 3623 eadem
2346 3569 2515 3629 animi
2546 3564 3167 3638 perturbatione,exiit,
3206 3564 3526 3632 relinquens

1943 3676 2056 3714 non
2088 3660 2265 3713 solum
2299 3659 2542 3729 quietem
2566 3673 2722 3713 suam
2751 3668 2923 3728 atque
2958 3658 3289 3716 claustrum,
3338 3654 3433 3708 sed
3465 3654 3518 3706 in

1944 3750 2367 3809 fornicationem
2401 3763 2646 3818 quoque,
2712 3749 2821 3803 ben
2876 3750 2997 3803 mel
3064 3745 3339 3805 incidens.
3390 3761 3519 3799 casu

1946 3840 2152 3911 quibus
2177 3856 2287 3894 non
2322 3840 2604 3910 lacrymis,
2653 3839 2875 3910 quibus
2913 3854 3024 3901 non
3076 3838 3394 3908 planetibus
3442 3838 3529 3890 di-

1947 3947 2054 4002 gno
2079 3933 2091 3985 l

2023 4024 2144 4076 183.
2175 4022 2381 4077 Deinde
2419 4032 2598 4075 tamen
2641 4023 2814 4077 sancti
2846 4032 3133 4094 aspectum
3168 4023 3361 4087 subiit,
3394 4022 3522 4077 nul-

1951 4116 2058 4171 lam
2083 4114 2169 4168 vel
2214 4115 2597 4170 tenuissimam
2646 4113 2849 4183 (qualia
2880 4116 3102 4185 maligni
3130 4116 3362 4185 spiritus
3406 4115 3534 4168 arti-

1953 4206 2109 4261 ficia!
2142 4208 2321 4276 qualis
2351 4208 2686 4263 verecundia
2720 4207 2785 4261 ad
2843 4205 3220 4261 conﬁtendum
3262 4206 3529 4260 malitiam

265 4295 659 4367 ἐξομολόγησιν
692 4296 786 4350 τοῦ
817 4298 989 4351 κακοῦ
1026 4301 1145 4361 ταῖς
1175 4298 1284 4350 τῶν
1316 4295 1626 4371 ἀνθρώπων
1651 4296 1833 4365 ψυχαῖς

1956 4312 2135 4362 suam,
2182 4298 2441 4355 humanis
2483 4300 2763 4353 mentibus
2822 4298 3129 4368 ingenita!)
3182 4298 3395 4369 peccati
3448 4298 3532 4353 sui

264 4388 602 4458 ἐγγινομένη
651 4387 814 4452 αἰδώς
839 4390 906 4456 l),
936 4388 1031 4459 τὴν
1064 4388 1120 4441 δὲ
1148 4388 1248 4458 τῆς
1303 4386 1568 4457 συνήθους
1617 4387 1845 4458 ἡσυχίας

264 4481 547 4534 ἔκπτωσιν
625 4481 837 4548 πικρῶς
893 4481 1235 4551 ὀδυρόμενος.
1304 4480 1361 4533 ’0
1429 4480 1484 4533 δὲ
1549 4478 1848 4549 ὀφθαλμοῖς

265 4570 522 4632 ἀθεάτοις
584 4571 647 4621 τὰ
707 4573 1064 4640 κεκρυμμένα
1099 4572 1261 4643 ὁρῶν,
1314 4572 1407 4625 καὶ
1455 4570 1549 4623 τοῦ
1610 4570 1847 4641 χαλεποῦ

270 4657 478 4726 μύσους
514 4658 723 4709 ἐκείνου
771 4659 863 4710 τὸν
901 4660 1131 4730 μοναχὸν
1183 4661 1535 4728 ἀποκαθᾶραι
1588 4659 1848 4731 βουλόμεο

268 4760 383 4805 νος,
410 4744 483 4795 Οὐ
525 4746 851 4815 συναλγήεω
890 4764 991 4811 σοι,
1028 4748 1211 4816 φησὶν,
1242 4750 1324 4801 ὃτι
1365 4750 1455 4801 τὸν
1482 4748 1575 4802 τοῦ
1604 4751 1849 4804 οίκίσκου

271 4836 570 4906 διέρῤηξας
622 4843 821 4908 τοῖχον,
851 4840 969 4892 ἐπεί
1032 4858 1112 4893 σοι
1151 4841 1245 4892 καὶ
1278 4840 1539 4894 εἰσελθεῖν
1591 4841 1749 4905 αὖθις
1782 4842 1851 4897 δι’

274 4928 443 4982 αὐτοῦ
477 4933 628 5002 ῥᾷον,
661 4934 755 4984 καὶ
806 4934 936 4985 εῐσω
982 4933 1236 5001 γενέσθαι
1269 4934 1431 4988 πάλιν
1473 4934 1848 4990 ἐπανελθόντι·

271 5020 393 5077 ἀλλ’
420 5024 500 5077 ὅτι
527 5028 618 5078 τὸν
649 5027 750 5094 τῆς
790 5026 970 5096 ψυχῆς
995 5027 1320 5089 κατέσεισας
1364 5028 1592 5098 πύργον,
1628 5029 1725 5080 καὶ¹
1777 5030 1853 5101 τῷ

270 5116 478 5186 ἐχθρῷ,
534 5119 667 5186 φεῦῐ
697 5119 1042 5189 αἰχμάλωτος
1071 5120 1414 5191 ἀπηνέχθης,
1459 5124 1540 5185 εἰς
1594 5124 1853 5192 πορνείαν

272 5210 696 5280 κατολισθήσας.
727 5212 913 5265 Ταῦτα
976 5212 1066 5265 τὸν
1122 5214 1356 5283 μοναχὸν
1420 5213 1761 5283 καταπλῆξαί
1794 5232 1851 5267 τε

271 5303 393 5370 ἃμα
426 5302 520 5355 καὶ
549 5301 891 5369 καταιδέσαι,
920 5305 982 5357 τὸ
1020 5304 1119 5373 μέν
1164 5308 1230 5376 τῇ
1276 5306 1384 5357 τῶν
1417 5305 1653 5374 ἐλέγχων
1700 5306 1854 5358 ἐλευ-

274 5394 435 5465 θερίᾳ
468 5396 561 5449 ἐπὶ
594 5400 702 5459 τοῖς
735 5399 967 5467 ἀδήλως,
1001 5399 1076 5461 ὼς
1133 5398 1295 5461 αὐτὸς
1347 5395 1503 5467 ᾤετο,
1545 5398 1854 5469 διαπεπραο

270 5490 518 5560 γμένοις,
568 5490 630 5545 τὸ
681 5491 847 5562 δέτῷ
888 5488 1108 5562 μεγέθει
1157 5494 1276 5564 τῆς·
1305 5492 1536 5563 ὕϐρεως,
1585 5494 1652 5564 ῆν
1692 5493 1855 5558 αὐτὸς

270 5583 357 5647 εἰς
419 5581 613 5636 ἐαυτὸν
674 5581 874 5646 ἀθλίως
935 5584 1185 5655 ἐνύϐρισε
1216 5603 1228 5617 ·
1294 5585 1391 5640 καὶ
1430 5586 1612 5659 πρηνῆ
1660 5586 1853 5640 ἑαυτὸν

346 5764 393 5795 ⁵⁵
424 5761 571 5839 Ριθειί.⁹
612 5777 791 5829 xxxvi,
824 5762 910 5815 5i.

1951 4387 2158 4443 faciens
2212 4390 2586 4453 mentionem,
2653 4390 2750 4445 sed
2820 4389 3203 4444 indesinenter
3276 4390 3533 4459 plorans,

1950 4481 2097 4549 quod
2140 4482 2367 4550 pristina
2429 4483 2613 4552 quiete
2664 4482 2978 4537 excidisset.
3038 4482 3241 4538 Verum
3291 4495 3536 4545 sanctus,

1952 4573 2313 4629 interioribus
2333 4575 2510 4630 oculis
2540 4576 2868 4630 abscondita
2896 4574 3261 4645 perspiciens,
3286 4590 3350 4629 ac
3375 4574 3534 4628 tertia

1954 4665 2163 4734 peccati
2215 4667 2426 4720 macula
2482 4667 2816 4721 monachum
2870 4665 3213 4722 emundandi
3262 4664 3534 4734 cupidus;

1956 4755 2078 4810 Non
2105 4771 2210 4826 ego
2236 4756 2339 4810 tibi
2371 4757 2705 4826 compatior,
2749 4758 2950 4827 inquit,
2974 4756 3123 4826 quod
3170 4756 3397 4811 claustri
3457 4755 3537 4808 tui

1953 4862 2145 4901 muros
2188 4848 2502 4918 perfregisti
2566 4850 2853 4919 (quoniam
2907 4850 3069 4904 facile
3103 4849 3203 4907 tibi
3264 4856 3538 4917 estpost-

1956 4939 2169 4993 liminio
2241 4942 2467 5004 reverti,
2518 4958 2581 4996 ac
2649 4958 2877 4997 reverso
2940 4943 3197 5009 intrare),
3240 4940 3335 4996 sed
3390 4939 3535 5009 quod

1954 5031 2285 5087 animaetua:
2330 5034 2750 5103 prepugnaculo
2797 5034 3105 5098 destructo,
3164 5034 3416 5103 captivus
3461 5031 3532 5085 ab

1957 5122 2113 5178 hoste
2138 5124 2410 5180 abductus
2436 5125 2695 5197 (pudor!)
2722 5126 2777 5180 in
2794 5126 3216 5182 fornicationem
3251 5126 3535 5195 prolapsus

1958 5215 2053 5269 sis.
2085 5216 2451 5271 Perculerunt
2471 5217 2589 5272 haec
2617 5218 2952 5274 monachum
2983 5218 3192 5287 pariter
3240 5232 3304 5270 ac
3338 5215 3536 5269 confu-

1960 5307 2205 5373 derunt;
2259 5317 2375 5363 tum
2436 5320 2666 5379 propter
2713 5310 3031 5365 libertatem
3087 5308 3535 5379 reprehendendi

1960 5399 2049 5453 illa
2104 5415 2228 5469 quae
2281 5402 2395 5469 ipse
2424 5403 2654 5471 putabat
2710 5403 2851 5458 clam
2911 5403 3084 5467 facta;
3133 5413 3249 5456 tum
3316 5410 3542 5470 propter

1961 5500 2159 5545 tetram
2191 5493 2508 5563 ignominia:
2535 5500 2716 5550 notam
2738 5511 2905 5566 quam
2948 5494 3053 5549 sibi
3106 5492 3224 5563 ipse
3270 5493 3544 5547 inusserat

1960 5581 2181 5638 infelix:
2220 5585 2628 5659 prostravitque
2652 5604 2709 5643 se
2741 5602 2970 5657 pronus,
3010 5593 3281 5657 quantum
3338 5583 3545 5649 potuit.
