4078 6332
634 348 774 413 9155

1841 355 1902 414 s.
1945 352 2318 415 smmms
2356 342 2722 415 JUNIoms'

3742 355 3883 421 3156

641 479 705 519 ac
737 462 938 516 calenti
968 464 1257 519 oculorum
1282 464 1458 520 imbre
1490 474 1691 519 terram
1740 461 2025 532 irrigavit;
2061 467 2200 522 tem-

2311 464 2380 525 ὡς
2412 459 2521 533 εἷχε
2552 460 2894 529 καταϐαλὼν,
2930 465 3021 517 καὶ
3053 464 3229 534 θερμά
3260 462 3473 531 δάκρυα
3516 462 3613 516 τοῦ
3647 464 3886 535 ἐδάφους

646 568 745 621 pus
773 569 992 623 quoque
1023 569 1134 624 quo
1157 554 1342 624 lapsus
1365 553 1540 608 fuerat
1590 552 1861 614 indicans,
1887 550 2195 615 dictitabat,

640 645 889 713 quintam
915 644 1063 699 illam
1092 654 1217 715 post
1244 659 1427 699 casum
1454 643 1537 712 agi
1562 642 1739 705 diem;
1764 640 2201 708 obsecrabatquc

645 736 868 790 liberari
902 752 931 790 a
952 744 1164 801 sancto,
1195 738 1306 806 jam
1330 732 1510 804 praeda
1549 732 1693 786 hosti
1724 733 1923 786 factus.
1952 728 2055 795 Qui
2078 744 2201 782 ora-

644 828 789 883 ‘ione
812 835 869 883 et
898 829 1082 884 crucis
1107 830 1262 897 signo
1299 827 1479 897 ipsum
1536 824 1814 887 muniens,
1852 820 2199 889 insuperabi-

647 928 751 978 tem
778 922 1038 992 deinceps
1070 923 1223 977 hosti
1268 920 1445 992 fecit;
1476 919 1610 975 fecit
1660 917 1824 972 etiam
1862 916 2201 981 circumspe-

643 1013 846 1067 ctiores
873 1012 1172 1081 discipulos
1209 1024 1361 1078 suos,
1405 1012 1511 1067 hoc
1562 1008 1811 1077 exemplo
1862 1004 2197 1068 admonitos,

642 1104 803 1167 nihil.
829 1104 960 1159 licet
987 1106 1043 1159 in
1063 1106 1283 1160 occulto
1315 1104 1543 1167 factum,
1572 1118 1681 1156 non
1705 1099 2049 1169 exploratum
2074 1110 2193 1151 esse

639 1192 920 1264 Symeoni.
1254 1186 1259 1191 ⁷

709 1285 832 1339 18ι.
865 1284 934 1339 Et
962 1283 1070 1339 hoc
1110 1284 1333 1354 quidem
1384 1283 1744 1345 demonstrat,
1800 1279 1948 1349 quod
2011 1274 2199 1346 procul

640 1384 847 1430 remota
880 1376 1135 1445 Symeoni
1162 1375 1313 1428 velut
1340 1382 1467 1427 ante
1484 1372 1673 1427 oculos
1695 1381 1842 1441 gesta
1868 1380 2031 1438 atque
2062 1380 2198 1436 pne-

640 1467 817 1522 sentia
853 1466 1291 1528 exhiberentur;
1325 1464 1421 1519 sed
1462 1464 1639 1518 oratio
1689 1470 1878 1515 nostra
1929 1459 2047 1513 vult
2094 1456 2199 1510 alia

637 1574 877 1629 quoque,
909 1558 1154 1625 eiusdem
1194 1572 1319 1611 cum
1350 1558 1461 1627 jam
1493 1555 1641 1608 dicto
1673 1553 1893 1606 virtutis
1914 1559 1970 1603 et
2019 1548 2200 1607 emea-

638 1649 739 1703 ciaa
761 1648 1003 1718 adiungi.
1044 1646 1277 1711 Accidit,
1311 1656 1555 1714 tempore
1586 1661 1695 1713 quo
1747 1643 1929 1712 fruges
1977 1648 2202 1694 maturae

637 1750 787 1799 sunt,
812 1738 1104 1808 quemdam
1126 1738 1405 1791 hominem
1442 1754 1499 1791 se
1526 1736 1591 1790 ad
1624 1742 1864 1788 montem
1892 1731 2201 1786 mirabilem

2312 555 2732 624 καταχεόμενος,
2764 556 2843 608 έτι
2874 557 2966 609 καὶ
2989 555 3081 607 τδν
3110 555 3298 624 χρόνον
3327 553 3420 606 τοῦ
3462 554 3767 623 πτώματος
3800 554 3886 617 ἐξ-

2307 638 2639 706 ομολογεῖτο,
2667 642 2921 710 πέμπτην
2945 638 3094 708 αύτῷ
3122 642 3324 710 ταύτην
3354 636 3493 692 εἶναι
3526 641 3705 708 λέγων
3744 644 3885 712 μετά

2307 730 2369 781 τὸ
2410 730 2581 791 πάθος
2610 730 2844 799 ἡμέραν,
2873 732 2967 783 καὶ
2996 731 3260 800 ῥωσθῆναι
3292 731 3383 784 ὑπ’
3413 732 3579 784 αὐτοῦ
3606 734 3752 801 ᾔτει,
3790 734 3889 802 ἄρ’

2308 830 2502 883 παγμα
2556 814 2654 884 ἠδη
2708 816 2786 885 τῷ
2842 815 3109 888 ἀλλοτρίῳ
3158 820 3543 889 γεγενημένος.
3578 820 3748 873 una
3795 821 3890 874 τὸν

2310 907 2408 975 μὲν
2439 907 2571 976 εὐχῇ
2596 909 2690 959 καῖ¹
2725 910 2981 978 σφραγῖδι
3024 908 3274 973 ὁπλίσας,
3308 911 3763 979 ἁκαταγώνιστον
3790 912 3889 965 τού

2306 999 2496 1053 λοιποῦ
2537 998 2614 1069 τῷ
2646 999 2825 1070 ἐχθρῷ
2858 1001 3152 1069 πεποιήκει
3186 1016 3199 1031 ο
3227 1001 3673 1073 ἀσφαλεστέρους
3699 1002 3763 1055 εδ
3790 1002 3888 1055 καὶ

2305 1091 2432 1153 τοὺς
2462 1089 2732 1159 μαθητὰς,
2771 1090 2980 1153 εἰδότας
3010 1091 3156 1152 ὅπως
3200 1091 3353 1143 οὐδὲν
3390 1092 3556 1146 αὑτὸν
3606 1092 3734 1145 οὐδὲ
3776 1090 3888 1144 τῶν

2308 1181 2366 1233 ἐν
2401 1183 2585 1251 κρυφῇ
2617 1182 2919 1253 γινομένων
2946 1181 3306 1237 διαλανθάνει.

2380 1271 2523 1339 ρπδ’.
2555 1272 2664 1325 Καὶ
2716 1271 2874 1325 τοῦτο
2937 1272 3034 1341 μιν
3083 1271 3148 1339 δὴ
3196 1270 3427 1335 τοιοῦτο,
3460 1270 3558 1323 καὶ
3615 1271 3765 1323 οὕτω
3814 1270 3887 1322 τὰ

2312 1362 2528 1432 μακρὰν
2582 1362 2911 1433 καὶηπόρῤω
2942 1362 3020 1433 τῷ
3074 1361 3297 1432 Συμεὼν
3348 1363 3407 1414 ἐν
3454 1360 3885 1430 ὀφθαλμοῖς,ὡς

2308 1455 2553 1521 παρόντα
2597 1452 2842 1506 δεικνύον
2870 1469 2881 1481 ·
2917 1452 2945 1504 ὁ
2977 1454 3031 1505 δέ
3059 1452 3218 1521 λόγος
3263 1454 3357 1506 καὶ
3399 1453 3535 1507 ἀλλα
3565 1456 3669 1523 τῆς
3707 1453 3884 1520 αὐτῆς

2305 1543 2382 1613 τῷ
2410 1543 2686 1613 εἰρημένῳ
2702 1544 2983 1614 δυνάμεως
3007 1546 3325 1615 προσθεῖναί
3348 1544 3883 1614 βούλεται·’Δνθρώ-

2306 1652 2393 1704 πῳ
2451 1634 2649 1703 συνέϐη
2702 1635 2809 1687 τινὶ
2865 1635 2993 1705 περὶ
3044 1635 3188 1688 σίτου
3234 1636 3421 1704 ἀκμὴν
3458 1634 3518 1686 τὸ
3566 1634 3884 1705 θαυμαστὸν

2308 1726 2509 1780 ἀνιόντι
2539 1726 2665 1798 δρος
2725 1727 2819 1779 καὶ
2846 1726 2924 1796 τῷ
2970 1743 3029 1780 τε
3080 1727 3320 1781 καύσωνι
3371 1728 3468 1797 τῆς
3507 1728 3681 1800 ὥρας,
3707 1728 3792 1797 τῷ
3822 1744 3881 1779 τε

637 1830 914 1891 conferre,
948 1828 1398 1899 tempestatisque
1426 1827 1625 1882 ardore
1646 1835 1700 1880 et
1743 1824 2053 1878 acclivitate
2100 1820 2202 1874 viae

2311 1820 2400 1889 τῆς
2433 1819 2551 1872 ὁδοῦ
2586 1819 2819 1881 ἀνάντει,
2860 1820 2995 1889 πρὸς
3038 1819 3138 1889 τὴν
3183 1818 3277 1873 τοῦ
3332 1819 3518 1888 δίψους
3560 1820 3883 1889 ἀπαγορεύ-

635 1923 870 1975 excitata
901 1921 1023 1975 sitis
1044 1919 1393 1974 vehementia
1449 1918 1818 1979 deﬁcientem,
1871 1914 2026 1967 humi
2070 1926 2205 1967 con-

638 2014 823 2068 cidere
852 2024 909 2067 et
932 2020 1144 2068 tantum
1183 2027 1293 2065 non
1327 2011 1511 2065 animo
1558 2009 1755 2077 linqui.
1790 2008 2019 2077 Jamque
2066 2013 2203 2059 tem-

638 2120 740 2173 pus
763 2109 882 2158 erat
908 2118 1018 2173 quo
1079 2101 1409 2171 vespertina:
1458 2107 1733 2155 canuntur
1784 2112 2000 2167 prcccs,
2070 2109 2205 2173 qnas

638 2206 862 2250 sanctus
883 2210 983 2264 pro
1013 2208 1169 2247 more
1208 2208 1308 2247 suo
1344 2207 1468 2245 cum
1509 2190 1798 2259 discipulis
1858 2188 1969 2241 Deo
1995 2185 2205 2255 persol-

639 2287 833 2350 vebat;
881 2299 1008 2339 cum
1067 2284 1206 2337 duos
1252 2283 1470 2335 illorum
1512 2280 1579 2333 ad
1630 2295 1687 2333 se
1744 2286 1969 2332 vocatos
2024 2275 2201 2345 jubet,

638 2383 862 2445 accepto
887 2388 1027 2444 pane
1048 2381 1105 2426 et
1137 2386 1300 2440 aqua,
1323 2370 1410 2423 via
1443 2369 1647 2422 montis
1680 2374 1947 2421 consueta
1976 2364 2206 2418 descen-

640 2467 796 2529 dere,
832 2467 1158 2518 inventuros
1187 2459 1481 2531 quemdam
1526 2459 1579 2512 in
1602 2468 1805 2511 terram
1838 2462 2202 2524 prostratum,

638 2561 728 2613 vix
765 2558 1070 2627 spirantem
1100 2556 1285 2609 animo
1310 2553 1602 2607 deﬁciente
1629 2568 1642 2603 :
1673 2550 1824 2603 hisce
1843 2548 2045 2602 fractas
2099 2546 2202 2615 ipsi

640 2650 786 2703 vires
821 2646 1214 2703 restituendas.
1243 2645 1448 2700 Verum
1486 2642 1744 2696 festinato
1799 2654 1937 2709 opus
1968 2649 2072 2699 est,
2127 2636 2205 2689 in-

640 2740 778 2808 quit,
808 2753 881 2791 ne
901 2752 1053 2791 mors
1083 2744 1419 2806 praevertens
1447 2733 1660 2787 auferat
1704 2728 2025 2799 pauxillum,
2056 2726 2203 2795 quod

638 2836 910 2902 superest,
957 2826 1203 2896 spiritus.
1263 2823 1346 2877 llli
1398 2832 1582 2877 autem
1643 2827 1932 2875 currentes
1990 2824 2052 2870 ut
2099 2815 2203 2869 sibi

644 2919 957 2972 mandatum
984 2925 1125 2980 erat,
1183 2913 1470 2984 reperiunt
1513 2914 1781 2981 jacentem
1817 2910 1871 2963 in
1904 2909 1991 2962 via
2027 2906 2206 2961 homi-

643 3024 789 3071 nem,
815 3008 925 3077 jam
949 3015 1159 3060 tantum
1187 3020 1298 3058 non
1331 3012 1630 3057 mortuum.
1657 3001 1880 3055 Tollunt
1905 3015 2035 3069 ergo
2054 3013 2201 3063 eum,

644 3112 809 3168 atque
850 3098 906 3151 in
935 3103 1149 3166 partem
1175 3092 1497 3149 monasterii
1554 3090 1877 3145 inferiorem
1947 3095 2203 3157 portant:

646 3190 855 3245 nbivix
906 3186 1123 3242 tandem
1181 3185 1572 3240 abiturientem
1634 3183 1890 3258 spiritum
1944 3180 2205 3245 retinere,

646 3283 897 3351 viresque
929 3293 1189 3334 revocare
1214 3284 1539 3348 potuerunt.

720 3370 834 3426 185.
863 3368 1209 3426 Carbonibus
1230 3366 1526 3437 aliquando
1554 3365 1941 3421 deficientibus
1979 3366 2034 3419 in
2094 3378 2210 3419 mo-

652 3464 915 3528 nasterio,
946 3460 1303 3517 cdntulerunt
1327 3458 1546 3529 vesperi
1569 3456 1715 3512 inter
1735 3474 1792 3511 se
1818 3457 1994 3526 capita
2014 3466 2067 3509 et
2096 3471 2209 3509 ser-

652 3570 843 3608 mones
865 3552 1161 3608 admodum
1214 3550 1358 3604 anxii
1398 3548 1636 3603 fratres:
1683 3546 1885 3616 quibus
1932 3546 2205 3616 Symeon:

647 3647 847 3708 Nolite,
877 3644 1076 3713 inquit,
1119 3641 1339 3697 solliciti
1360 3655 1517 3704 esse;
1563 3638 1818 3693 adveniet
1847 3634 2052 3707 quippe
2088 3636 2210 3691 luce

647 3737 889 3792 crastina
919 3742 1105 3789 tantus
1133 3733 1431 3797 carbonum
1450 3745 1735 3790 numerus.
1759 3739 1997 3800 quantus
2020 3727 2210 3782 usibus

648 3823 970 3879 monasterii
1001 3820 1231 3876 sufﬁciat
1257 3838 1268 3873 :
1292 3835 1416 3873 nam
1450 3821 1628 3873 virum
1657 3818 1943 3888 quemdam
1989 3816 2207 3886 prospi-

647 3915 736 3968 cio
760 3915 1123 3975 rusticanum,
1151 3910 1288 3964 duos
1316 3909 1494 3962 mulos
1512 3909 1621 3961 huc
1644 3917 1911 3977 agentem,
1938 3905 2207 3975 ejusmodi

651 4019 790 4074 quos
833 4002 999 4055 vultis
1056 4001 1325 4054 carbones
1375 4001 1703 4069 baiulantes.
1762 3998 1911 4051 Talia
1963 3999 2051 4051 ille
2109 3998 2209 4051 sub

650 4093 833 4148 noctis
854 4090 1143 4146 exordium
1176 4089 1504 4157 discipulis:
1536 4096 1753 4157 postera
1803 4102 1933 4139 vero
1981 4087 2101 4140 luce
2128 4085 2211 4138 vir

649 4186 737 4240 ille
768 4182 985 4237 advexit
1006 4180 1464 4250 quasprredixerat
1485 4186 1726 4232 sanctus.
1754 4178 2092 4244 Praeceperat
2113 4176 2212 4229 aii-

650 4275 871 4347 quando
887 4275 1022 4335 suis,
1048 4288 1117 4327 ne
1135 4287 1297 4341 quem
1329 4270 1557 4324 omnino
1597 4270 1910 4324 saecularem
1937 4266 2210 4320 hominem

648 4368 1026 4426 convenirent,
1075 4377 1253 4431 neque
1302 4360 1573 4429 colloquia
1638 4359 1745 4412 ulla
1791 4366 1887 4411 aut
1934 4371 2214 4411 sermones

2312 1924 2465 1961 σαντι
2502 1907 2621 1977 βίαν
2646 1908 2740 1961 ἐπὶ
2775 1908 2876 1979 τὴν
2905 1908 3008 1977 γῆν
3050 1906 3447 1979 καταρῤεὗσαι,
3479 1908 3573 1981 καὶ
3612 1909 3734 1959 κατ’
3767 1906 3880 1958 ὀλί-

2303 2016 2398 2067 γον
2457 1998 2873 2068 ὑπολιμπάνειν.
2896 1994 3005 2051 Ἦν
3041 1999 3140 2069 μὲν
3172 1993 3265 2052 οὗν
3296 1998 3397 2069 ἠδη
3454 1998 3580 2068 περὶ
3612 1999 3712 2061 τάς
3756 1999 3879 2058 ἐπι-

2304 2090 2553 2159 λυχνίους
2605 2089 2769 2160 ᾠδὰς,
2796 2090 2893 2144 καὶ
2938 2088 3163 2155 ταύτας,
3190 2089 3266 2152 ὡς
3298 2088 3551 2159 σύνηθες,
3582 2090 3612 2141 ό
3651 2088 3877 2158 Συμεὼν

2304 2180 2421 2249 Θεῷ
2473 2182 2611 2250 μετά
2654 2181 2759 2233 τῶν
2793 2180 3048 2250 μαθητῶν
3072 2181 3325 2232 ἀπεδίδου
3354 2197 3368 2211 ο
3405 2182 3461 2234 ἐν
3494 2181 3749 2250 τούτῳᾶ
3786 2179 3879 2232 δύο

2304 2270 2455 2330 τινὰς
2512 2269 2744 2334 καλέσας
2796 2269 2975 2322 αὐτῶν
3012 2268 3359 2338 ἐπισκήπτει,
3402 2270 3666 2332 λαῦόντας
3704 2270 3871 2339 ἄρτου

2306 2359 2398 2411 καὶ
2429 2356 2641 2421 ὓδατος,
2676 2358 2776 2429 τήν
2806 2374 2866 2411 τε
2894 2356 2987 2411 τοῦ
3018 2358 3178 2428 ὅρους
3202 2358 3317 2412 ὁδὸν
3345 2361 3641 2431 παριόντας
3693 2361 3874 2430 εὑρεῖν

2303 2466 2422 2501 τινα
2451 2448 2593 2503 κατά
2621 2449 2723 2519 γῆς
2754 2449 3105 2522 ἐρριμμένον,
3145 2451 3381 2506 πνέοντα
3418 2452 3592 2520 μικρά
3647 2451 3741 2507 καὶ
3785 2453 3872 2503 tx-

2304 2540 2610 2606 λελοιπότα,
2650 2540 2861 2604 τούτοις
2906 2542 3058 2612 αὐτῷ
3089 2542 3185 2610 τὴν
3236 2542 3467 2606 δύναμιν
3507 2544 3873 2611 ἀπειρηκυῖαν

2306 2629 2623 2685 ἀναλαϐεῖν.
2667 2628 2827 2697 Ἀλλά
2875 2630 3075 2700 τάχους
3101 2629 3177 2700 τῷ
3228 2631 3513 2702 πράγματι
3559 2630 3720 2701 χρεία
3749 2673 3766 2696 ,
3803 2634 3873 2702 μὴ

2306 2720 2555 2785 θάνατος,
2583 2720 2739 2790 φησὶ,
2771 2720 3063 2791 προλαὸὼν
3115 2722 3207 2775 καὶ
3269 2721 3368 2792 τὴν
3415 2721 3602 2792 ὀλίγην
3659 2724 3873 2794 ἐκείνην

2307 2813 2477 2881 πνοὴν
2507 2812 2795 2881 ἀφέληται.
2828 2812 2893 2865 01
2918 2811 2976 2865 δὲ
3008 2813 3300 2883 δράσαντες
3333 2814 3475 2867 κατὰ
3527 2815 3595 2865 τὰ
3640 2830 3873 2883 προστε-

2304 2902 2571 2969 ταγμένα,
2604 2901 2919 2970 εὑρίσκουσι
2973 2903 3224 2973 κείμενον
3266 2904 3429 2957 αὑτὸν
3457 2904 3561 2957 ἀνά
3609 2904 3709 2975 τὴν
3735 2905 3872 2967 ὁδὸν,

2309 2991 2448 3062 πλὴν
2476 2990 2570 3044 τοῦ
2602 2994 2862 3045 ἀναπνεῖν
2884 2994 3076 3063 νεκρόν
3103 3010 3114 3023 ·
3147 2995 3459 3065 ἀνελόμενοι
3485 2995 3669 3047 τοίνυν
3692 2997 3873 3061 αὑτὸν,

2309 3084 2403 3137 καὶ
2462 3086 2542 3145 είς
2594 3083 2693 3151 τὴν
2742 3084 3037 3154 κατωτέρω
3088 3086 3255 3155 μονὴν
3304 3086 3623 3153 ἀγαγόντες,
3657 3087 3755 3155 ὀψέ
3783 3089 3874 3141 καὶ

2314 3174 2465 3245 μόλις
2509 3176 2874 3245 ἐπαναγαγεῖν
2922 3174 3078 3239 αὖθις
3118 3175 3265 3247 αύτῷ
3316 3177 3416 3249 τὴν
3462 3177 3694 3250 δύναμιν
3728 3180 3875 3251 ῖσχυ·

2312 3286 2430 3322 σαν.
2690 3307 2697 3313 ο

2384 3370 2522 3433 ρπε’.
2566 3360 2875 3431 ’Δνθράκων
2920 3360 3145 3433 ἀπύρων
3194 3362 3325 3415 ποτὶ
3363 3361 3461 3433 τὴν
3491 3368 3657 3433 μονὴν
3700 3364 3876 3417 ἐπιλε-

2310 3451 2741 3517 λοιπότωνητοῖς
2774 3450 2869 3522 μὲν
2896 3450 3142 3520 ἀδελφοῖς
3173 3452 3330 3520 λόγος
3357 3454 3593 3523 ἑσπέρας
3618 3454 3754 3524 πρὸς
3786 3456 3874 3527 ἁλέ

2311 3543 2501 3611 λήλους
2550 3544 2647 3595 οὐκ
2694 3544 2869 3610 ὀλίγος
2915 3538 3018 3614 ἦν*
3066 3546 3094 3597 ὁ
3130 3544 3205 3607 δὲ,
3240 3545 3330 3613 Μὴ
3363 3546 3706 3617 φροντίσητε,
3749 3548 3870 3615 ἔφη’

2311 3634 2560 3701 ἀφίξεται
2604 3634 2712 3704 γὰρ
2742 3633 2929 3704 αὒριον
2973 3635 3174 3703 πλῆθος
3220 3636 3421 3703 αὐτῶν,
3469 3638 3592 3691 ὅσον
3635 3642 3701 3707 τῇ
3744 3643 3871 3708 μονῇ

2318 3726 2448 3779 κατὰ
2468 3725 2675 3796 χρείαν·
2710 3724 2821 3795 ὁρῶ
2850 3726 2959 3796 γάρ
2983 3725 3149 3795 ἀνδρα
3174 3726 3293 3779 τινὰ
3320 3726 3425 3779 τῶν
3455 3728 3872 3798 ἀγροικοτέρων,

2310 3818 2461 3871 δυσὶν
2490 3817 2674 3887 ὥσπερ
2694 3817 2938 3887 ἡμιόνοις
2964 3817 3324 3888 προσάγοντα,
3350 3818 3578 3873 τοιοῦτοι
3605 3819 3663 3873 δὲ
3688 3821 3873 3889 ἄνθρα-

2312 3926 2405 3971 κες
2452 3910 2559 3978 ἄρα
2611 3908 2816 3961 τούτοιν
2862 3909 3141 3977 ἑκατέροιν
3179 3911 3206 3961 ὁ
3239 3910 3454 3976 φόρτος.
3489 3910 3673 3963 Ταῦτα
3717 3915 3743 3964 ό
3778 3914 3871 3981 μὲν

2311 4002 2421 4062 τοῖς
2454 3999 2719 4068 μαθηταῖς
2756 4000 2883 4067 περὶ
2926 3999 3116 4060 νυκτὸς
3142 4000 3316 4069 ἀρχὰς
3350 3997 3521 4063 εἶπεν,
3547 4001 3675 4070 ἥκει
3716 4003 3771 4054 δέ
3800 4005 3871 4063 εἰς

2312 4090 2407 4160 τὴν
2432 4090 2557 4159 ἑξῆς
2598 4092 2625 4142 ὁ
2653 4089 2911 4154 τοιοῦτος,
2940 4089 3179 4159 κομίζων
3211 4093 3277 4159 τῇ
3310 4094 3445 4161 μονῇ
3478 4093 3721 4155 τούτους,
3752 4092 3823 4153 ὡς
3848 4096 3874 4145 ὁ

2313 4181 2538 4251 Συμεὼν
2571 4183 2913 4251 προειρήκει.
2957 4182 3271 4235 Ἐντέταλτο
3297 4184 3430 4251 παρ’
3452 4182 3613 4235 αὐτοῦ
3640 4187 3749 4244 τοῖς
3778 4201 3872 4253 μα⁴

2314 4274 2501 4343 θηταῖς
2537 4274 2722 4344 μηδεν1⁸
2762 4272 3011 4341 μηδαμοῦ
3043 4273 3290 4343 κοσμικῷ
3319 4274 3633 4344 παρρησίαν
3662 4274 3869 4339 διδόναι,

2317 4366 2438 4436 μηδ’
2483 4366 2561 4427 είς
2591 4364 2804 4434 ὁμιλίαν
2837 4365 3031 4425 αὐτοῖς’
3063 4364 3129 4416 τά
3154 4364 3322 4417 πολλά
3351 4366 3445 4419 καὶ
3475 4366 3670 4434 λόγους
3702 4366 3869 4437 ἣκειν,

648 4475 773 4514 cum
811 4457 877 4511 iis
908 4456 1223 4519 miscerent,
1275 4453 1379 4506 nisi
1422 4452 1477 4506 in
1510 4450 1828 4520 gravissima
1853 4451 2207 4514 necessitate;

2319 4458 2365 4509 εί
2402 4458 2475 4526 μὴ
2517 4456 2657 4508 κατά
2687 4455 2821 4507 πολύ
2851 4472 2902 4507 τι
2937 4455 2997 4506 τὸ
3027 4456 3346 4523 ἀναγκαῖον·
3395 4456 3487 4508 καὶ
3532 4456 3693 4510 τοῦτο
3721 4458 3776 4510 δέ
3806 4458 3869 4526 μὴ

652 4559 783 4603 tunc
803 4562 932 4601 vero
956 4545 1123 4600 etiam
1155 4559 1262 4598 non
1291 4541 1692 4595 imnmrandmn
1717 4540 1833 4605 diu,
1864 4540 1959 4593 sed
1988 4539 2215 4609 praeciso

651 4653 905 4694 sermone
934 4634 1325 4699 discedendum
1358 4650 1517 4701 quam
1550 4647 1705 4694 mox;
1739 4640 1797 4685 ut
1835 4639 2024 4684 noctes
2057 4641 2219 4699 atque

651 4728 770 4783 dies
809 4725 1010 4780 divinis
1038 4722 1265 4793 psalmis
1304 4738 1365 4777 ac
1396 4723 1608 4791 legibus
1647 4722 1975 4775 meditandis
2017 4721 2218 4776 transi-

650 4830 862 4893 gentes,
892 4818 1069 4873 seduli
1095 4816 1534 4887 praescriptarnm
1569 4815 1873 4883 regularum
1898 4814 2217 4867 observato-

648 4929 739 4966 res
758 4911 961 4965 forent.
985 4907 1292 4978 Aliquando
1314 4908 1498 4977 igitur,
1519 4922 1642 4959 cum
1666 4914 1886 4959 sanctus
1906 4905 1971 4957 ad
1993 4904 2220 4959 inferius

653 5001 1047 5057 monasterium
1105 4982 1425 5053 accessisset
1482 4998 1725 5066 propius,
1781 4998 1927 5051 visus
1978 4998 2081 5051 sibi
2137 5007 2220 5053 est

651 5092 844 5147 audire
865 5092 1077 5161 aliquos
1103 5089 1228 5145 talia
1246 5104 1365 5141 eum
1503 5086 1744 5141 alaribus
1762 5086 2066 5155 loquentes.
2090 5103 2223 5156 qua-

654 5185 722 5238 lia
754 5200 866 5237 non
896 5182 1097 5236 licebat
1122 5196 1219 5250 per
1246 5180 1369 5232 data
1403 5188 1692 5247 praecepta.
1726 5178 2026 5231 Accersens
2053 5178 2221 5247 igitur

655 5274 794 5335 Eilos,
814 5272 1239 5339 examinansque
1271 5279 1323 5323 et
1354 5284 1466 5322 rem
1495 5276 1547 5320 et
1573 5277 1806 5335 tempus,
1842 5269 2043 5322 factum
2067 5285 2219 5324 ωηι-

656 5364 816 5431 perit,
850 5364 992 5416 sicut
1022 5361 1400 5429 Spiritualibus
1432 5360 1607 5413 oculis
1638 5375 1668 5413 a
1706 5374 1763 5411 se
1792 5360 1963 5412 visum
1998 5360 2216 5419 fuerat:

656 5453 706 5507 id
728 5454 873 5522 quod
898 5470 1005 5505 non
1036 5454 1207 5505 levem
1233 5453 1462 5506 incussit
1500 5451 1783 5520 discipulis
1810 5452 2078 5515 timorem,
2117 5449 2223 5509 fide

654 5546 878 5611 dignum
904 5546 1125 5613 majoris
1157 5546 1207 5597 in
1243 5544 1486 5598 futurum
1524 5545 1749 5597 cautela)
1782 5544 1992 5597 vadem.

732 5636 848 5689 lb‘G.
894 5636 1081 5689 Frater
1111 5636 1359 5705 quidam,
1399 5636 1656 5688 virtutem
1683 5634 1980 5703 professus,
2022 5635 2219 5689 missus

662 5734 794 5779 :‘ric
830 5730 892 5779 ad
925 5729 1329 5787 (Ιίνιπη-’ριιίίιηη
1359 5728 1548 5785 salem,
1587 5727 1795 5780 insidiis
1828 5727 2053 5788 diaboli,
2092 5726 2215 5779 talia

2320 4545 2749 4617 ἐνδιατρίϐοντας
2798 4549 2920 4607 ταῖς
2976 4544 3110 4616 πρὸς
3153 4548 3347 4609 αὐτοὺς
3392 4547 3713 4612 διαλέξεσιν,
3750 4548 3871 4601 ἀλλὰ

2317 4636 2452 4706 ταχὺ
2502 4635 3028 4704 ἀπαλλαττομένους,
3083 4637 3251 4689 νύκτα
3306 4636 3490 4706 μέντοι
3539 4639 3630 4690 καὶ
3673 4638 3871 4707 ἡμέραν

2317 4727 2428 4785 τοῖς
2467 4724 2629 4785 θείοις
2657 4723 2893 4792 ψαλμοῖς
2926 4724 3019 4777 καὶ
3046 4724 3229 4793 νόμοις
3272 4724 3579 4795 ἐμμελετᾷν
3618 4725 3713 4779 τοῦ
3744 4728 3871 4780 δεδο-

2321 4816 2481 4886 μένου
2504 4817 2725 4878 κανόνος
2754 4816 3027 4885 ἐπιμελῶς
3054 4817 3363 4885 ἐχομένους.
3395 4817 3533 4870 nm
3556 4816 3688 4885 γοῦν
3718 4820 3869 4871 ἐδόκει

2318 4909 2393 4979 τῷ
2423 4908 2662 4979 Συμεὼν,
2701 4906 2926 4977 πλησίον
2967 4906 3153 4977 ὥσπερ
3203 4907 3365 4960 αὐτὸν
3400 4908 3461 4961 ἐν
3501 4910 3569 4978 τῇ
3605 4911 3868 4980 κατωτὲρᾳ

2322 5002 2455 5071 μονῇ
2510 5001 2822 5067 γενόμενον,
2870 4999 3054 5053 ἐκεῖνα
3090 4999 3225 5068 πρός
3273 5016 3425 5063 τινας
3460 4999 3571 5053 τῶν
3612 5001 3873 5069 κωμικῶν

2317 5090 2536 5141 ἀκούειν
2570 5088 2894 5151 λαλούντων,
2927 5089 3070 5155 ειπερ
3100 5088 3247 5157 αύτῷ
3275 5092 3331 5142 αί
3356 5089 3569 5143 ἐντολαὶ
3595 5093 3694 5144 οὐκ
3736 5091 3869 5144 ἐδού-

2318 5180 2491 5234 λοντο.
2563 5180 2814 5241 Καλέσας
2867 5180 3046 5231 τοίνυν
3112 5181 3337 5245 αὐτοὺς,
3400 5181 3653 5249 ἐρεύναις
3716 5198 3769 5231 τε
3822 5184 3871 5231 τὸ

2318 5272 2550 5340 πρᾶγμα
2574 5270 2666 5321 καὶ
2692 5270 2781 5322 τὸν
2806 5270 2994 5337 καιρὸν
3016 5268 3278 5333 δεδωκὼς,
3312 5266 3470 5339 εὗρεν
3506 5270 3581 5333 ὡς
3614 5272 3759 5340 αὐτῷ
3778 5275 3869 5330 τοῖς

2317 5360 2409 5413 τοῦ
2443 5361 2757 5429 Πνεύματος
2780 5361 3075 5429 ὀφθαλμοῖς
3103 5360 3295 5431 ἐθεάθη
3318 5377 3329 5391 ’
3354 5361 3382 5412 ὁ
3410 5362 3501 5414 καὶ
3529 5362 3691 5430 φόϐον
3714 5364 3869 5422 αὐτοῖς

2320 5453 2417 5505 οὐκ
2472 5452 2649 5521 ὀλίγον
2703 5453 2885 5521 ἐνῆκε,
2928 5452 3228 5522 μελλούσης
3272 5452 3573 5523 ἀξιόχρεων
3619 5455 3865 5523 ἐγγυητὴν

2320 5544 2635 5611 ἀσφαλείας.

2396 5644 2546 5703 ρπςκ
2597 5636 2844 5702 ’Λδελφὸς
2903 5654 2986 5699 τις
3034 5636 3231 5707 ἀρετὴν
3296 5639 3759 5707 μαρτυρούμενος.
3802 5640 3868 5693 εἰς

2322 5727 2512 5789 amo,-
2546 5727 2799 5797 ἐπέμφθη
2824 5729 3117 5794 διακονίαν,
3142 5732 3255 5790 ταῖς
3284 5726 3338 5779 δὲ
3369 5728 3461 5780 τοῦ
3491 5730 3725 5798 πονηροῦ
3748 5729 3865 5780 κλτὰ
