4078 6332
224 406 357 472 3161

1272 400 1440 459 νιτΑ
1483 399 1527 456 Α
1568 392 2001 457 NICEPHORO
2038 393 2527 454 CONSCRIPTA.

3347 385 3405 452 3i
3418 388 3489 451 62

222 521 420 587 ἐαυτὸν
446 519 543 589 τὴν
573 516 823 589 βασιλίδα
858 516 1011 569 πόλιν
1050 513 1427 569 καταλαϐόντα
1477 514 1569 566 καὶ
1610 512 1800 576 ὥσπερ

1914 507 2019 577 ejus
2041 522 2180 562 uxor
2202 506 2406 577 Sophia
2422 506 2556 575 (£7),
2584 519 2696 559 non
2724 510 2830 557 tam
2858 502 2959 557 viri
2990 517 3179 557 amore
3198 517 3361 573 quam
3384 518 3493 573 ptio

220 614 282 666 ἐν
302 611 378 682 τῷ
400 610 646 679 παλατίῳ
680 607 965 677 γεγονότα,
994 604 1089 658 καὶ
1135 605 1204 657 τὰ
1234 606 1386 673 παρᾶ
1414 602 1509 655 τοῦ
1548 601 1801 655 Ἰουδαίου

220 704 569 775 γεγενημένα
614 701 912 769 θεώμενον,
968 697 1269 767 ἀχθόμενόν
1312 714 1373 749 τε
1426 697 1562 766 πρὸς
1604 694 1799 759 ταῦτα,

221 797 316 850 καὶ
342 791 454 849 οἷον
494 796 593 847 οὐκ
619 793 822 845 ἀνεκτὰ
860 790 1117 844 ποιοῦντα
1155 806 1169 819 '
1214 786 1250 843 ἃ
1276 788 1370 842 καὶ
1402 789 1535 858 δῆλα
1575 788 1654 857 τῷ
1693 804 1800 841 πα-

220 880 461 959 τριάρχῂ
512 886 768 955 καθίστη,
798 885 892 937 καὶ
930 883 1008 953 τῷ
1049 882 1279 953 βασιλεῖ,
1308 881 1384 944 ὡς
1420 885 1552 951 παρ’
1592 881 1803 935 ἐκείνου

218 976 739 1050 διαμαρτύρεσθαι,
792 975 889 1029 καὶ
943 974 1267 1045 παρεγγυᾷν
1304 972 1642 1045 ἀποσχέσθαι
1693 971 1805 1025 τῶν

221 1070 480 1122 τοιούτων
507 1066 684 1138 ἠξίου.

298 1332 441 1400 ριια’.
471 1327 582 1381 Καὶ
611 1327 639 1378 ὀ
682 1327 779 1394 μὲν
810 1325 1174 1395 ἀπήγγελλεν,
1196 1326 1259 1377 οὐ
1291 1324 1369 1395 τῷ
1400 1324 1613 1395 βασιλεῖ
1633 1323 1807 1379 ταῦτα

226 1421 409 1489 μόνον,
442 1418 577 1471 ἀλλὰ
615 1419 711 1471 καὶ
734 1420 800 1487 τῇ
835 1416 1075 1485 συζύγῳ,
1177 1419 1276 1470 καὶ
1308 1416 1510 1486 μᾶλλον
1543 1415 1810 1470 ἐσπουδά-

222 1511 351 1577 ζετο
368 1512 436 1564 τὰ
453 1509 678 1564 τοιαῦτα
698 1526 711 1539 ·
746 1509 796 1560 oi
820 1508 876 1560 δὲ
903 1507 1159 1561 τοσοῦτον
1184 1507 1413 1579 ἐδέησαν
1442 1507 1805 1577 ἀποσχέσθαι,

223 1607 337 1677 ὅσῳ
376 1606 467 1658 καὶ
511 1602 744 1672 γυναῖκά
776 1620 897 1655 τινα
934 1601 1043 1655 τῶν
1077 1601 1556 1672 ἐγγαστριμύθων,
1603 1600 1659 1654 αἳ
1701 1601 1809 1654 ἀπὺ

226 1696 436 1758 κοιλίας
502 1696 743 1765 φωνοῦσι
809 1693 1225 1761 κενολογοῦσαι,
1304 1694 1669 1762 ἐπεισήγαγον
1732 1692 1809 1763 τῷ

234 1788 496 1859 ⁹Εϐραίῳ,
527 1780 678 1855 ἐφἰἷ)
717 1786 1051 1856 σαφέστερον
1105 1786 1231 1855 παρ’
1270 1786 1483 1853 ἐκείνης
1528 1786 1697 1853 αὐτῆς
1743 1786 1808 1838 τὰ

222 1877 327 1947 τῆς
372 1878 528 1931 νόσου
569 1877 769 1946 δηλαδὴ
817 1875 1205 1947 γνωρισθῆναι.
1259 1864 1353 1938 Ai;
1384 1875 1574 1928 σκοτία
1611 1875 1809 1944 μᾶλλον

222 1969 293 2019 ἐκ
326 1967 583 2035 μαντείας
616 1965 789 2026 ἔσται,
822 1964 918 2017 καί
950 1964 1199 2017 deiectat
1223 1965 1257 2016 ό
1288 1962 1461 2029 ἥλιος
1488 1961 1806 2027 ἐπάὺτὰς,

224 2056 329 2111 καί
359 2057 735 2111 συσκοτάσει
758 2054 852 2106 ἐπ’
881 2052 1069 2119 αὑτὰς
1097 2053 1136 2121 ἢ
1164 2052 1354 2121 ἡμέρα
1409 2052 1647 2121 Μιχαίας
1682 2050 1811 2118 περ)⁵

223 2150 411 2202 αὐτῶν
457 2151 486 2201 ὁ
523 2147 665 2209 θεῖος
695 2145 875 2206 καλῶς
909 2146 1337 2216 προηγόρευσεν.
1393 2144 1464 2197 Εν
1491 2143 1728 2213 τοσούτῳ
1753 2142 1810 2195 δὲ

222 2242 353 2312 Mm;
395 2241 647 2310 φαίνεται
686 2239 861 2291 ’πάλιν
909 2238 1071 2307 ἐτέρα
1114 2236 1193 2306 τῷ
1228 2225 1482 2307 Συμεών·
1534 2237 1568 2305 ὴ
1616 2236 1673 2287 δὲ
1719 2232 1808 2305 ἦν’

221 2332 400 2395 Αὐτὸς
448 2331 547 2400 μὲν
586 2332 698 2392 τοῖς
741 2328 1033 2399 βασιλείοις
1071 2328 1230 2390 αὖθις
1258 2326 1566 2396 ἐπιδημῶν,
1599 2327 1694 2378 καὶ
1720 2325 1813 2381 τδν

225 2421 455 2491 βασιλέα
485 2422 649 2491 δρῶν,
682 2422 736 2473 ἐν
762 2413 915 2490 ᾧπερ
944 2418 1125 2471 εἰώθει
1152 2420 1305 2487 τόπῳ
1337 2420 1461 2481 τοὺς
1489 2418 1812 2488 προσιόντας

222 2513 539 2581 δεχόμενον.
592 2510 971 2578 Διανοιγέντας
1016 2509 1073 2561 δὲ
1120 2508 1316 2561 αὐτίκα
1364 2511 1489 2572 τοὺς
1527 2509 1811 2578 οὐρανοὺς.

224 2603 324 2656 καί
348 2620 473 2657 τινα
496 2602 647 2656 θείαν
677 2602 888 2654 ἐκεῖθεν
915 2600 1145 2669 δύναμιν
1168 2599 1556 2666 κατελθοῦσαν,
1592 2601 1815 2670 περιδύ-

223 2694 400 2748 σασάν
419 2711 475 2747 τε
508 2690 671 2747 αὑτὸν
711 2693 809 2761 τὴν
836 2691 1125 2763 βασιλικὴν
1154 2690 1379 2760 ἐσθῆτα,
1409 2692 1468 2744 τό
1491 2709 1549 2743 τε
1576 2690 1813 2761 διάδημα

218 2786 324 2855 τῆς
355 2784 599 2854 κεφαλῆς
623 2782 947 2851 ἀφελοῦσαν,
984 2781 1279 2851 Ἐσο,πρδς
1304 2782 1467 2836 αὑτὸν
1490 2783 1813 2851 φάναι,τὲως

220 2875 464 2929 ἐνταῦθα
497 2874 643 2943 πάσῃ
687 2873 905 2944 γλώσσῃ
942 2874 1210 2944 διήγημα,
1238 2873 1434 2942 ψεῦδος
1480 2873 1579 2944 τὴν
1623 2873 1814 2928 ἐλπίδα

220 2967 474 3036 θέμενος.
518 2967 611 3019 καὶ
666 2964 741 3035 μὴ
787 2964 908 3034 Θεῷ
954 2965 1024 3019 τὰ
1080 2964 1204 3017 καθ’
1252 2964 1443 3017 ἑαυτὸν
1492 2966 1811 3036 ἐπιτρέψας,

222 3057 368 3111 ἀλλὰ
388 3056 605 3127 δαίμοσι
634 3056 835 3124 μᾶλλον
876 3056 972 3109 καὶ
1001 3055 1271 3125 δαιμόνων
1307 3056 1610 3125 ἐνεργείαις
1643 3072 1814 3125 προσ-

1906 597 2304 661 sillanimitate,‘
2342 603 2531 664 utpote
2559 594 2614 649 in
2643 594 2784 654 hanc
2821 609 2889 649 ex
2920 592 3302 662 illa_deducta)
3352 607 3489 647 con-

1906 688 2072 758 spicit
2091 703 2151 741 se.
2172 687 2288 757 ipse
2318 687 2558 757 Symeon
2577 686 2771 741 media
2792 686 2881 740 die
2921 686 2977 739 in
3030 687 3245 755 regiam
3294 687 3493 740 urbem

1906 778 2176 840 delatum,
2214 777 2269 830 in
2329 778 2450 846 ipso
2493 776 2667 830 veluti
2718 775 2923 845 palatio
2974 786 3177 841 astare,
3214 784 3379 846 atque
3408 776 3493 829 in-

1908 871 2120 939 spicere
2154 885 2276 940 qua:
2325 885 2354 923 a
2403 868 2594 925 Judazo
2629 868 2871 934 ﬂebant;
2923 869 3175 924 indolere
3221 872 3386 924 etiam
3424 871 3493 924 ad

1907 962 2044 1025 visa,
2083 970 2139 1015 et
2199 976 2310 1015 non
2358 959 2584 1016 ferenda
2634 960 2887 1030 judicare
2935 978 2949 1014 :
3003 977 3125 1030 qua:
3167 960 3495 1031 patriarchas

1906 1054 2073 1108 etiam
2098 1051 2385 1107 manifesta
2409 1068 2531 1106 esse
2550 1050 2755 1113 voluit,
2778 1052 3097 1123 rogavitque
3118 1062 3179 1108 ut
3199 1053 3498 1122 imperato-

1909 1160 2025 1199 rem
2050 1160 2081 1198 a
2116 1159 2175 1198 se
2209 1143 2581 1197 obtestaretur
2612 1152 2777 1211 atque
2804 1142 3147 1205 hortaretur,
3185 1140 3495 1196 istiusmodi

1908 1233 2242 1304 impietatem
2267 1231 2487 1286 missam
2510 1232 2732 1285 faceret.

1979 1320 2103 1375 191.
2158 1319 2309 1373 Tulit
2386 1320 2701 1389 patriarcha
2766 1335 2875 1374 non
2938 1320 3114 1374 solum
3173 1318 3495 1388 imperatori

1906 1412 2179 1483 ejusmodi
2224 1412 2504 1475 nuntium,
2536 1426 2729 1465 verum
2754 1411 2919 1465 etiam
2968 1413 3188 1481 conjungi
3220 1412 3360 1480 ejus,
3398 1409 3500 1463 im-

1908 1502 2134 1573 pensius
2191 1500 2502 1556 istiusmodi
2556 1500 2718 1569 nugis
2772 1499 2993 1554 deditae.
3059 1500 3164 1554 Sed
3240 1500 3315 1553 illi
3378 1507 3499 1553 tan-

1910 1600 2023 1647 tum
2089 1594 2246 1648 abest
2305 1601 2364 1645 ut
2420 1591 2814 1652 abstinuerint,
2866 1600 2925 1644 ut
2985 1590 3496 1644 ctianrmulicrem

1909 1685 2204 1756 quamdam
2248 1699 2315 1738 ex
2363 1698 2553 1737 earum
2604 1698 2836 1736 numero
2884 1698 3007 1750 qua:
3037 1682 3105 1735 de
3135 1691 3328 1736 ventre
3376 1681 3494 1735 ina-

1913 1794 2037 1833 nem
2066 1792 2377 1833 sermonem
2407 1775 2645 1829 rcddunt
2674 1775 2813 1845 (48),
2857 1774 2923 1828 ad
2972 1774 3261 1829 Hebraeum
3292 1773 3495 1843 allegao

1916 1870 2046 1933 rint,
2078 1878 2137 1923 ut
2169 1885 2267 1938 per
2307 1884 2428 1922 eam
2480 1868 2721 1922 certiora
2768 1865 2836 1921 de
2881 1866 3073 1920 morbo
3102 1879 3501 1934 cognosceren-

1920 1969 2029 2014 tur.
2080 1960 2285 2013 Verum
2331 1956 2401 2011 de
2467 1955 2669 2009 talibus
2738 1963 2886 2008 recte
2927 1951 3180 2023 praedixit
3226 1950 3501 2007 Michaas.

1912 2049 2058 2120 quod
2122 2048 2365 2103 tenebrae
2417 2048 2500 2102 eis
2553 2061 2621 2101 ex
2671 2044 3010 2099 divinatione
3053 2051 3253 2104 erunt,
3313 2049 3364 2095 et
3416 2058 3503 2094 oc-

1872 2176 1875 2179 -
1912 2142 2115 2196 cumbet
2162 2140 2243 2196 sol
2296 2156 2457 2210 super
2486 2155 2597 2202 eas,
2649 2145 2701 2190 et
2756 2135 3169 2191 contenebrescet
3212 2150 3369 2203 super
3410 2148 3501 2185 ea:

1912 2236 2021 2290 dies
2042 2236 2109 2290 ⁸⁵.
2138 2235 2353 2290 Interea
2378 2231 2638 2304 Symeoni
2660 2230 2767 2285 alia
2798 2244 3023 2284 rursum
3045 2227 3188 2281 visio
3210 2226 3500 2297 objicitur,

1912 2337 2145 2397 eratque
2174 2327 2320 2381 talis.
2351 2325 2472 2395 Ipse
2504 2325 2707 2379 iterum
2739 2322 2807 2378 ad
2838 2321 3105 2393 palatium
3147 2318 3502 2389 imperatoris

1913 2420 2152 2482 delatus,
2179 2417 2441 2474 cernebat
2461 2416 2662 2485 ipsum,
2690 2430 2801 2485 quo
2821 2400 3186 2469 consueverat
3207 2411 3349 2471 loco,
3372 2410 3505 2464 al‘fa-

1915 2521 2030 2566 tum
2050 2517 2302 2580 petentes
2329 2522 2584 2578 exeipere
2611 2524 2623 2561 :
2659 2504 3117 2561 cernebat-etiam
3143 2518 3269 2556 mox
3299 2501 3504 2570 apertis

1914 2601 2072 2656 caelis
2115 2599 2395 2669 delapsam
2441 2598 2569 2651 inde
2614 2594 2907 2666 quamdam
2946 2595 3207 2647 virtutem
3236 2592 3502 2651 divinam,

1913 2706 2038 2760 quae
2076 2704 2286 2745 exuens
2324 2688 2715 2757 imperatorem
2757 2696 2912 2741 veste
2941 2685 3134 2756 regali.
3162 2693 3220 2738 et
3248 2683 3507 2738 aul‘erens

1915 2781 2113 2851 capitis
2143 2780 2418 2843 diadema,
2469 2778 2689 2833 dicebat
2732 2777 2856 2833 illi:
2905 2778 3038 2833 Esto
3090 2778 3274 2855 fabula
3319 2778 3373 2831 in
3408 2792 3506 2831 ore

1914 2873 2099 2928 omnis
2122 2872 2334 2943 populi,
2365 2872 2496 2942 quia
2521 2871 2753 2941 posuisti
2783 2871 3129 2926 mendacium
3156 2885 3308 2927 suem
3334 2877 3504 2935 tuam,

1914 2971 1970 3019 et
2002 2974 2063 3018 te
2084 2972 2288 3033 tuaque
2326 2980 2436 3017 non
2469 2963 2794 3017 commisisti
2829 2963 2964 3027 Deo,
3003 2962 3099 3016 sed
3138 2960 3374 3016 daemoni
3412 2976 3509 3030 po-

1921 3055 2035 3109 tius
2062 3056 2296 3124 ejusque
2338 3055 2552 3109 artibus
2577 3054 2861 3123 praebuisti
2902 3069 3083 3107 aures.
3118 3052 3253 3118 Qua:
3285 3062 3510 3108 sanctus

221 3147 474 3219 εσχηκώς
495 3165 510 3179 ·
539 3148 568 3201 δ
603 3147 740 3218 πρός
771 3165 831 3200 τε
866 3147 990 3209 τοὺς
1012 3147 1295 3215 παρόντας
1331 3146 1361 3198 6
1387 3146 1613 3212 Συμεὼν
1642 3148 1699 3199 ἐν
1721 3146 1806 3199 δά-

1917 3165 2040 3205 cum
2079 3146 2337 3219 lacrymis
2360 3155 2417 3201 et
2441 3146 2633 3200 dolore
2665 3161 2789 3200 cum
2816 3144 3183 3215 praesentibus
3202 3146 3511 3201 communi-

227 3256 425 3309 κρυσιν
452 3240 664 3312 εἰρήκει
695 3242 791 3293 καὶ
815 3240 1043 3310 καρδίας
1072 3238 1235 3311 ὀδύνῃ
1259 3253 1275 3269 ·
1313 3238 1392 3309 τῷ
1413 3255 1471 3291 τε
1503 3241 1815 3311 πατριάρχη

222 3332 321 3385 τὸν
352 3330 512 3385 αὑτὸν
541 3332 805 3401 ἐγνώρισε
827 3332 1051 3403 τρόπον,
1081 3334 1175 3385 καὶ
1205 3332 1301 3386 τοῦ
1332 3333 1529 3403 μηκέτι
1564 3332 1699 3402 πρὸς
1719 3333 1820 3385 αὖο

220 3424 321 3477 τὸν
360 3423 487 3494 περὶ
524 3422 619 3476 τοῦ
656 3422 919 3491 βασιλέως
955 3425 1292 3492 προσθεῖναι.
1337 3426 1413 3479 Οὐ
1467 3423 1604 3478 πολὺ
1660 3425 1720 3478 τὸ
1758 3426 1817 3479 ἐν

224 3513 405 3586 μέσῳ,
436 3515 529 3567 καὶ
567 3516 722 3585 φήμη
745 3514 895 3568 κατὰ
936 3516 1116 3585 πάσης
1151 3515 1379 3584 ἠπείρου
1414 3516 1509 3568 καὶ
1541 3516 1819 3586 θαλάσσης

219 3605 444 3676 ἐχώρει,
471 3607 796 3677 διεφθάρθαι
823 3606 915 3659 τὸν
948 3606 1175 3677 βασιλέα
1203 3608 1311 3672 τὰς
1335 3608 1559 3679 φρένας,
1588 3607 1818 3661 κατόπιν

222 3694 286 3749 δέ
312 3694 410 3748 καὶ
441 3696 671 3759 θάνατος
694 3695 900 3752 εἵπετο.
1508 3737 1511 3740 μ

302 3783 443 3854 ριιβν.
497 3783 802 3854 Εὑξώμεθα
849 3784 979 3855 περὶ
1028 3784 1129 3855 τῆς
1168 3784 1311 3839 κατὰ
1356 3785 1453 3855 τὴν
1488 3785 1819 3856 Ἀντιόχειαν

244 3876 597 3946 Ἐκκλησίας.
631 3876 870 3945 ἀδελφοὶ,
904 3876 1039 3947 φησί
1070 3894 1200 3930 ποτε
1234 3876 1373 3950 πρὸς
1410 3880 1536 3941 τοὺς
1568 3878 1820 3949 μαθητὰς

222 3970 259 4022 ὁ
304 3966 448 4038 ίερδς
486 3967 732 4037 Συμεών.
776 3968 1025 4021 Ἐδόκουν
1071 3967 1179 4039 γὰρ
1217 3968 1311 4021 τὸν
1343 3969 1622 4040 πρόεδρονῖ
1648 3970 1821 4041 αὐτῆς

226 4060 490 4128 Δομνῖνον
534 4060 666 4131 ὁρᾷν
717 4060 810 4112 ἐπὶ
856 4062 918 4112 τὸ
952 4058 1338 4132 θυσιαστήριον
1381 4061 1681 4128 ἀναϐάντα,
1723 4062 1819 4116 καὶ

227 4150 360 4222 τῇδε
406 4150 689 4204 τεθεικότα
744 4151 955 4216 ἐαυτὸν,
1004 4152 1098 4204 καὶ
1141 4154 1305 4205 οίονεὶ
1365 4152 1651 4223 ρέγχοντα,
1699 4150 1821 4207 εἶτα

230 4236 448 4295 ἐκεῖθεν
492 4242 931 4314 καταϐεϐηκότα,
968 4244 1065 4299 καὶ
1107 4243 1258 4314 δεξιᾷ
1298 4244 1392 4297 τοῦ
1430 4244 1820 4315 θυσιαστηρίου

230 4334 544 4403 ἱστάμενον.
568 4335 643 4387 Τὸ
671 4335 771 4405 μὲν
806 4329 900 4387 οὗν
932 4336 1154 4406 πλῆθος,
1183 4336 1279 4388 καὶ
1305 4338 1418 4390 ὅσοι
1450 4335 1543 4389 τοῦ
1581 4335 1822 4407 βήματος

222 4425 595 4495 ἀναμένοντες
629 4422 792 4496 ἦσαν,
826 4427 993 4497 εὐχὴν
1015 4428 1286 4481 ἐπιτελεῖν
1316 4428 1407 4482 τὸν
1436 4429 1606 4499 ἄνδρα
1631 4430 1820 4499 οἰόμε-

220 4533 337 4571 νοι.
376 4518 483 4569 Καὶ
511 4516 602 4569 τὸν
635 4518 756 4586 μὲν,
787 4520 852 4587 τῇ
882 4516 1060 4587 τοιᾷδε
1093 4519 1281 4572 στάσει
1320 4520 1482 4590 μέχρι
1521 4520 1666 4583 τινὸς
1700 4522 1824 4574 ἐπι-

227 4608 516 4679 μείναντα,
542 4610 878 4678 υἰχήσομαι,
905 4610 1097 4677 φάναι,
1133 4611 1270 4681 πρὸς
1311 4612 1404 4664 τὸν
1433 4610 1670 4681 ἐμαυτοῦ
1704 4629 1820 4666 κοι-

223 4698 498 4753 τωνίσκον
522 4715 537 4731 ·
567 4701 963 4764 Παλαιστινοῦς
992 4702 1048 4755 δέ
1083 4721 1237 4766 τινας
1258 4705 1524 4774 μοναχοῦς
1549 4707 1648 4773 τὴν
1670 4704 1820 4760 θείαν

223 4789 544 4844 ἐπιτελέσαι
569 4793 981 4861 μυσταγωγίαν.
1018 4793 1179 4864 Ἑξῆς
1205 4795 1262 4848 δὲ
1293 4797 1389 4848 καὶ
1419 4796 1515 4866 τὴν
1536 4796 1691 4850 λύσιν
1721 4799 1821 4850 ἐπ-

226 4883 388 4952 ῆγεν,
448 4881 524 4947 ώς
576 4883 687 4954 ἄρα
738 4885 1055 4957 τελευτήσει
1112 4887 1211 4957 μὲν
1259 4891 1514 4958 Δομνίνος
1556 4890 1646 4942 τὸν
1684 4890 1819 4960 βίον,

229 4975 467 5045 μοναχδς
514 4976 573 5029 δέ
623 4994 709 5039 τις
764 4977 828 5030 τὸ
878 4978 1033 5047 γένος
1093 4982 1157 5033 ἐκ
1208 4981 1571 5051 Παλαιστίνης
1623 4982 1819 5048 ἕλκων,

307 5158 353 5193 ³³
392 5159 556 5215 Μίοιι.
603 5175 684 5225 ιιι,
726 5160 781 5215 θ.

308 5318 420 5385 (Π)
479 5317 563 5371 Ea:
620 5318 824 5385 Sophia
858 5319 1080 5388 conjuge
1126 5318 1326 5373 Justini
1367 5318 1539 5388 ﬁliam
1598 5322 1812 5375 unicam

232 5388 494 5459 Arajniarn
536 5398 829 5459 agnoscunt
862 5389 1091 5441 Codinus
1126 5391 1345 5459 aliique,
1386 5391 1527 5459 apud
1551 5388 1815 5459 Cangium

231 5460 290 5531 i_n
321 5455 931 5531 Eamiliis'Byzantinis,
981 5455 1362 5531 conjectaatem
1404 5455 1538 5513 lianc
1566 5455 1817 5531 esse-qua:

233 5526 508 5599 Badnario
537 5526 731 5599 juncta
765 5537 1029 5582 eratcum
1073 5526 1146 5582 ad
1190 5532 1471 5599 imperium
1514 5526 1820 5584 pur/teretur

234 5596 511 5661 Iustinus;
539 5596 724 5664 'quare
770 5600 852 5652 hic
884 5599 1051 5670 illum
1079 5601 1177 5653 sibi
1222 5596 1345 5654 mox
1388 5602 1443 5654 in
1479 5599 1822 5670 Curopalata:

237 5670 413 5741 locum
444 5670 709 5741 substituit
735 5685 751 5721 :
786 5669 878 5741 sed
904 5672 997 5723 hoc
1033 5668 1143 5723 loco
1170 5671 1374 5724 videtur
1419 5672 1504 5741 agi
1548 5668 1824 5741 :{e‘pnella

237 5735 411 5790 adhuc
460 5738 710 5809 innupta,
748 5740 900 5808 cujus
950 5743 1201 5794 memoria
1254 5742 1309 5793 in
1350 5735 1463 5793 Imc'
1491 5735 1665 5793 solnm
1715 5741 1825 5794 Vita

239 5810 489 5875 supersit,
547 5826 732 5863 nonzcn
784 5820 956 5862 autem
997 5810 1181 5865 oblivio
1230 5812 1496 5876 sepelivit;
1546 5812 1646 5865 nisi
1674 5812 1827 5864 malis

1920 3239 2100 3306 cavit;
2131 3247 2188 3293 et
2212 3236 2579 3309 patriarcham
2603 3235 2675 3291 de
2703 3236 2871 3291 totius
2896 3237 2975 3291 rei
3005 3236 3203 3291 ordine
3228 3237 3508 3303 instruxit,

1922 3338 1981 3386 ut
2032 3345 2103 3384 ne
2147 3328 2281 3399 quid
2338 3327 2701 3397 imposterum
2761 3327 2818 3381 in
2873 3326 3119 3381 favorem
3159 3326 3514 3397 imperatoris

1919 3428 2255 3493 proponeret
2280 3420 2408 3475 sibi.
2444 3420 2720 3491 Exiguum
2764 3433 2932 3490 porro
2972 3420 3240 3489 temporis
3273 3419 3511 3489 spatium

1918 3514 2271 3585 intcrjectum
2302 3513 2428 3579 l'uit,
2476 3528 2602 3568 cum
2651 3512 2795 3567 fama
2826 3527 2924 3582 per
2956 3520 3127 3565 totam
3161 3512 3390 3582 Epirum
3455 3520 3513 3566 et

1920 3623 2072 3662 mare
2125 3606 2426 3670 emanavit,
2460 3606 2851 3675 imperatorem
2877 3613 3063 3659 mente
3093 3612 3317 3673 captum
3347 3619 3470 3659 esse
3495 3621 3510 3658 :

1919 3698 2066 3768 quod
2101 3697 2302 3752 deinde
2338 3704 2636 3751 consecuta
2684 3710 2837 3749 mors
2885 3703 2971 3749 est
3004 3694 3139 3763 (49).

1997 3788 2115 3843 192.
2155 3787 2388 3842 Oremus
2423 3801 2524 3856 pro
2576 3786 2830 3841 Ecclesia
2882 3785 3254 3849 Antiochena,
3303 3784 3516 3854 inquie-

1920 3879 2013 3933 bat
2047 3877 2343 3949 aliquando
2375 3876 2666 3946 discipulis
2696 3876 2813 3930 suis
2845 3884 3069 3930 sanctus
3096 3874 3332 3946 Symeon
3365 3892 3378 3928 :
3433 3874 3517 3929 vi-

1920 3970 2092 4025 debar
2118 3969 2266 4024 enim
2290 3967 2427 4022 mihi
2450 3968 2663 4025 videre.
2692 3968 2994 4023 antistitem
3014 3968 3163 4021 illius
3182 3966 3514 4021 Domninum

1921 4062 2095 4117 altare
2131 4060 2527 4123 conscendere,
2578 4060 2781 4114 ibidem
2834 4076 2892 4114 se
2930 4060 3227 4120 collocare.
3262 4067 3320 4113 et
3345 4059 3517 4114 veluti

1923 4154 2164 4209 ronchos
2205 4153 2452 4219 ducere;
2484 4161 2675 4222 postea
2723 4168 2856 4206 vero
2881 4150 3009 4205 inde
3058 4149 3421 4213 descendere,
3458 4160 3518 4204 et

1923 4244 2147 4300 dextera
2183 4244 2373 4300 altaris
2414 4253 2572 4314 parte
2599 4242 2929 4305 consistere,
2964 4240 3319 4296 existimante
3374 4240 3520 4297 inte-

1925 4337 2032 4391 rim
2065 4338 2364 4391 astantium
2400 4336 2560 4390 turba
2589 4336 2743 4389 illum
2775 4335 3027 4405 precari;
3072 4332 3269 4387 eodem
3305 4334 3358 4387 in
3396 4332 3521 4386 loco

1926 4444 2094 4500 porro
2149 4429 2326 4499 ipsum
2378 4428 2699 4498 aliquandiu
2755 4435 3225 4497 perseverantem,
3282 4425 3516 4479 dicere:

1859 4525 1900 4577 D
1926 4523 2243 4579 Concedam
2292 4523 2359 4579 ad
2411 4514 2675 4579 lectulum
2715 4539 2896 4577 meum
2946 4540 2958 4575 :
3002 4523 3306 4577 monachos
3337 4531 3520 4576 autem

1929 4612 2199 4684 quosdam
2246 4630 2313 4669 ex
2365 4614 2654 4668 Palmstina
2714 4620 3130 4667 sacrosanctum
3191 4612 3522 4666 sacrilicium

1929 4705 2281 4776 persolvisse.
2302 4705 2509 4760 Deinde
2527 4712 2582 4759 et
2603 4705 3027 4774 explicationem
3049 4704 3282 4758 visionis
3303 4704 3523 4773 adjecit,

1929 4798 2207 4869 quomodo
2228 4814 2428 4867 nempe
2457 4797 2719 4851 ﬁniturus
2745 4797 2914 4850 vitam
2964 4796 3292 4858 Domninus,
3321 4804 3378 4848 et
3413 4812 3527 4846 mo—

1931 4894 2142 4947 nachus
2172 4892 2422 4962 quidam,
2448 4908 2478 4946 e
2503 4891 2795 4945 Palaestina
2823 4904 2997 4961 genus
3029 4888 3269 4952 ducens,
3295 4889 3347 4940 in
3375 4888 3527 4940 thro-

1931 5000 2064 5039 num
2110 4983 2261 5039 illius
2310 4982 2658 5039 inducendus
2702 4993 2868 5037 esset.
2901 4980 3057 5047 Quod
3110 4994 3220 5034 non
3270 4980 3365 5033 diu
3408 4987 3530 5048 post

1921 5321 2182 5377 Baduarii
2220 5339 2441 5376 uxorem
2483 5338 2807 5391 anonymam
2868 5321 3187 5391 relinquere,
3222 5328 3270 5371 rt
3321 5319 3528 5373 Ambit:

1924 5394 2094 5446 adhuc
2118 5395 2353 5462 innuptae
2384 5401 2619 5447 statuam
2644 5393 2823 5461 fuisse,
2854 5407 2969 5460 qua:
2995 5394 3041 5444 ei
3068 5390 3527 5462 Constantinopoli

1928 5480 2034 5516 una
2076 5481 2195 5517 cum
2227 5460 2510 5532 parentum
2548 5460 2739 5516 statuis
2784 5464 2951 5531 posita
2992 5478 3106 5514 esse
3142 5460 3409 5514 scribitur.

1999 5533 2111 5600 (48)
2143 5530 2606 5604 Ἐγγᾲαστρίμυθοι
2650 5535 2706 5586 in
2751 5533 2971 5586 decretis
3018 5532 3271 5604 gratiani
3313 5530 3527 5583 ventri-

1933 5602 2107 5673 loqui.
2166 5605 2221 5657 in
2262 5602 2552 5673 Scriptaris
2591 5604 2870 5675 Pythones
2917 5620 2978 5657 ac
3018 5602 3377 5675 Pythonissaz,
3440 5616 3531 5669 per

1935 5691 2160 5743 quorum
2209 5683 2441 5728 ventrem
2477 5674 2683 5727 dmen
2733 5691 2982 5741 responsa
3014 5674 3141 5726 edit.

2009 5746 2117 5813 (.59)
2151 5744 2289 5801 Obiit
2328 5744 2574 5798 Justinus
2622 5762 2762 5799 anno
2798 5740 2923 5809 578,
2976 5758 3150 5796 mense
3194 5740 3426 5797 Gclobrt.
