4078 6332
220 392 361 461 3165

1217 398 1388 457 νιΤΑ
1429 399 1478 456 Α
1514 397 1954 479 NICEPHORO
1991 400 2480 463 CONSCRIPTA.

3332 404 3472 468 3166

214 506 385 560 ιδιῖτο
409 506 574 560 αὐτοῦ
602 505 910 578 θερμότατα
950 506 1085 576 πρὸς
1127 506 1225 575 τὴν
1276 505 1438 560 ῐασιν.
1472 505 1579 559 Τοῦ
1631 507 1689 561 δὲ
1717 507 1778 559 οίι

1901 512 2246 583 accessisset,
2281 510 2475 565 orabat
2508 524 2672 580 quam
2701 507 3112 565 ferventissime
3166 527 3265 581 pro
3314 528 3474 569 sana-

213 596 344 648 καδε
363 597 588 664 πορείαν
607 594 755 664 αύτῷ
774 593 1263 665 παραγγείλαντος.
1282 592 1430 647 Ἐκεῖ
1448 594 1579 664 γὰρ,
1599 597 1786 665 φησὶν,

213 688 364 757 ἡμᾶς
392 690 482 741 ἐπὶ
510 688 609 758 τῆς
662 686 856 740 ἑαυτοῦ
905 686 1094 756 κλίνης
1150 686 1607 755 ἀναπαυσάμενος
1641 686 1783 758 ὄψει,

210 777 364 830 οὐδὲν
397 777 559 830 πλέον
592 778 799 846 ἐκεῖνος
829 776 1088 847 προσθεὶς
1111 816 1127 842 ,
1181 776 1256 839 ὠς
1307 770 1453 847 εἶχεν
1495 777 1657 840 εὐθὺς
1700 781 1790 831 ἑπ-

209 866 383 937 ανῄει.
428 867 553 921 Ὅτε
584 866 763 919 τοίνυν
794 865 935 919 κατά
960 866 1048 918 τὸν
1072 866 1316 935 ποταμὸν
1347 867 1610 934 ἐγεγόνει,
1641 867 1788 920 ὑετοὶ

214 960 316 1030 μὲν
342 961 583 1031 ῥαγδαῖοι
606 960 1053 1032 καταρῥαγέντες
1086 959 1163 1031 τῷ
1189 961 1428 1014 Μέλαντι
1463 961 1643 1031 (τοῦτο
1675 962 1785 1034 γάρ

207 1052 238 1103 ὁ
256 1051 498 1120 ποταμὸς
522 1051 812 1119 ἐκαλεῖτο),
838 1052 899 1104 τὸ
920 1053 1132 1121 ῥεῖθρον
1153 1050 1420 1122 ηὔξησαν.
1440 1052 1499 1106 Ὀ
1519 1053 1784 1108 δὶτοσαῦ-

210 1160 282 1197 τα
319 1143 397 1213 τῷ
431 1145 638 1214 ῥήματι
680 1143 774 1197 τοῦ
827 1145 1050 1214 Συμεὼν
1090 1144 1314 1217 θαρῥεῖν
1363 1145 1522 1217 ἔχων,
1557 1147 1589 1217 ἢ
1642 1147 1784 1201 οὕτω

212 1234 413 1304 μᾶλλον
444 1234 575 1287 αὐτὸ
621 1234 865 1304 πληροῦν
911 1235 1285 1304 ἐπειγόμενος,
1317 1235 1378 1289 τὸ
1445 1237 1544 1305 μέν
1592 1256 1645 1291 τι
1695 1239 1782 1292 διὰ

207 1324 310 1392 τὴν
364 1322 583 1392 ἐντολὴν
640 1324 873 1390 ἐκείνου,
900 1324 961 1376 τὸ
1013 1324 1070 1377 δὲ
1115 1325 1369 1400 πλεῖστον
1391 1326 1783 1399 ἐπιθυμίακτῆς

210 1413 529 1483 θεραπείας,
564 1412 639 1477 ὡς
676 1414 812 1483 μηδὲ
846 1414 937 1467 τοῦ
970 1416 1219 1484 ποταμοῦ
1254 1417 1493 1485 μεγάλου
1520 1417 1739 1485 ῥυέντος
1765 1457 1780 1478 ,

212 1502 349 1574 μηδὲ
376 1505 486 1570 ὀξεῖ
511 1505 812 1575 φερομένου
856 1505 934 1577 τῷ
986 1505 1188 1578 ῥείθρῳ
1227 1506 1538 1575 φείσασθαι,
1571 1508 1784 1571 διαϐαίσ-

206 1613 323 1650 νειν
343 1596 503 1649 αὑτὸν
535 1598 811 1667 ἐπειρᾶτο.

282 1691 432 1757 ριιςν.
464 1686 574 1739 Καὶ
599 1687 627 1738 ὁ
656 1686 755 1754 μὲν
787 1686 890 1740 ὑπὸ
921 1685 1015 1739 τοῦ
1051 1686 1300 1754 ποταμοῦ
1328 1690 1689 1759 παρασυρεὶς,
1714 1691 1773 1743 ὲν

204 1778 421 1848 ἐσχάτῳ
477 1778 829 1846 καθειστήκει
894 1776 1170 1847 κινδύνῳσ
1229 1780 1289 1832 ἐν
1348 1779 1523 1848 τούτῳ
1575 1780 1632 1839 δὲ
1682 1784 1781 1847 τὴν

208 1869 351 1939 πρὸς
404 1870 531 1933 τοὺς
599 1868 848 1939 μαθητὰς
902 1868 1120 1938 ὁμιλίαν
1151 1873 1179 1922 ό
1228 1869 1456 1938 Συμεὼν
1511 1871 1781 1941 ὲπικόψας
1812 1850 1854 1905 Β

207 1960 500 2029 (ἐτύγχανε
523 1960 632 2031 γὰρ
661 1960 728 2013 τά
762 1960 901 2031 πρὸς
930 1960 1203 2032 σωτηρίαν
1246 1961 1431 2025 αὐτοῖς
1476 1960 1782 2030 τηνικαῦτα

200 2049 630 2119 διαλεγόμενος),
665 2049 829 2119 εὐχῆς
858 2049 1037 2120 εἴχετο
1058 2049 1279 2119 μᾶλλον,
1305 2046 1423 2104 εἶτα
1451 2052 1785 2126 φαιδροτέρᾳ

200 2139 344 2209 πρὸς
372 2140 567 2202 αὐτοὺς
594 2138 714 2208 ὕψει
736 2139 805 2193 τά
837 2139 965 2209 περὶ
996 2138 1090 2192 τοῦ
1125 2140 1318 2211 ἀνδρὸς
1364 2141 1603 2213 διεξῄει,
1636 2144 1783 2207 ὅπως

202 2246 266 2283 τε
321 2229 415 2289 τοῦ
463 2229 710 2300 ποταμοῦ
756 2229 954 2283 πολλοῦ
981 2230 1196 2299 ῥέοντος
1219 2230 1513 2301 τολμήσειε
1539 2234 1639 2301 τὴν
1671 2234 1784 2287 διά-

201 2321 386 2385 ϐασιν,
421 2322 515 2385 καὶ
571 2322 721 2384 ὅπως
766 2322 928 2393 ἔργον
968 2320 1067 2391 ήδη
1106 2320 1206 2390 τῆς
1237 2321 1453 2374 ἐκείνου·
1478 2308 1651 2393 φορᾶς
1700 2340 1783 2392 γι-

198 2412 465 2481 νόμενον,
504 2411 680 2477 ἔδοξεν
738 2411 899 2475 αὐτὸς
953 2410 1250 2481 λαϐόμενος
1302 2413 1404 2481 τῆς
1459 2414 1641 2483 χειρὸς
1697 2414 1784 2483 ἐξ·

199 2502 451 2558 ελκῦσαι.
492 2502 550 2555 Ὀ
606 2502 708 2572 μὲν
764 2501 857 2556 οὖν
889 2501 926 2556 ἃ
975 2504 1095 2556 κατ’
1144 2504 1321 2556 ἐκεῖνο
1377 2504 1479 2573 τῆς
1508 2503 1659 2574 ὥρας
1704 2502 1782 2575 τῷ

195 2595 356 2662 ἀνδρλ⁵
403 2594 644 2665 συμϐαίη
690 2598 802 2679 τοῖς
847 2594 1143 2666 μαθηταῖς,
1171 2597 1274 2648 ὃσα
1326 2596 1419 2648 καὶ
1459 2594 1652 2666 παρὼν
1686 2598 1805 2651 καὶ·

198 2687 392 2755 σαφῶς
454 2688 663 2742 ἕκαστα
690 2688 852 2757 ὁρῶν,
909 2687 1158 2757 ἐξηγεῖτο
1184 2702 1199 2718 ο
1232 2688 1261 2739 ό
1286 2686 1343 2739 δὲ
1392 2688 1522 2757 περὶ
1573 2688 1783 2757 λύχνων

196 2778 347 2845 ἀφάς
379 2778 677 2841 ἀνασωθεὶς
710 2781 790 2841 εἰς
821 2778 914 2831 τὸν
936 2773 1107 2843 οἷκον,
1133 2780 1198 2848 τῇ
1227 2777 1384 2851 κλίνῃ
1412 2795 1469 2830 τε
1499 2794 1781 2849 προσανα-

196 2868 432 2932 κλιθεὶς,
461 2870 565 2940 ὁρᾷ
615 2870 956 2939 παραχρῆμα
1004 2869 1097 2922 τὸν
1143 2867 1388 2939 Συμεὼν,
1416 2870 1643 2940 φοϐερὸν
1670 2865 1780 2925 οἷον

194 2959 277 3029 τῷ
307 2960 519 3029 δαίμονι
553 2959 869 3032 προσιόντα,
894 2960 986 3012 καὶ
1019 2960 1261 3027 χαλεπὰς
1290 2958 1441 3030 αύτῷ
1488 2959 1775 3028 βασάνους

198 3051 498 3119 ἐπάγοντα.
546 3051 611 3103 Ἦ
670 3052 768 3120 μὲν
817 3049 908 3103 οὖν
938 3049 1036 3114 νὺξ
1066 3050 1252 3118 ἐκείνη
1291 3051 1441 3103 πᾶσα
1496 3051 1699 3120 πικρόν
1725 3069 1780 3105 τι

200 3140 299 3194 καὶ
350 3141 540 3211 γοερὸν
590 3140 913 3205 όλολύζοντα
966 3139 1057 3192 τόν
1089 3140 1272 3193 ἄθλιον
1301 3136 1437 3209 εἶχε,
1467 3141 1598 3205 καὶ,
1638 3129 1777 3210 Ἤδη

198 3230 401 3300 ἔξειμι,
418 3230 662 3299 λέγοντα,
696 3232 772 3295 ὡς
788 3231 844 3284 δὲ
866 3232 961 3285 καὶ
977 3232 1159 3285 τέλεον
1171 3232 1498 3301 ἀπελήλατο,
1532 3232 1781 3291 ἐπάνεισι

197 3319 337 3389 πρὸς
389 3319 481 3373 τδν
506 3320 696 3387 Ἀγιον
722 3322 750 3373 ό
805 3321 965 3392 ἀνὴρ,
999 3322 1065 3376 τὰ
1092 3321 1218 3375 καθ’
1260 3322 1452 3379 ἑαυτὸν
1493 3322 1778 3391 ἀπαγγέλ-

197 3410 333 3475 λων,
356 3413 505 3476 ὅπως
528 3414 630 3469 οὐκ
663 3414 755 3466 ἐπὶ
785 3413 883 3483 τῆς
915 3413 1105 3483 κλίνης
1143 3415 1304 3484 μόνον
1339 3413 1489 3483 αὐτῷ
1531 3415 1776 3485 παράδο-

197 3502 289 3569 ξος
331 3504 546 3575 ὀφθείη,
602 3502 741 3558 ἀλλά
797 3506 898 3558 κάν
933 3506 1010 3575 τῷ
1052 3506 1280 3575 ποταμῷ
1324 3506 1626 3575 πρότερον·
1690 3509 1776 3559 ιν-

192 3592 373 3647 ταῦθα
433 3594 530 3665 μὲν
576 3595 816 3665 χαλεποῦ
872 3596 1124 3665 δαίμονος
1176 3596 1667 3663 ἀπαλλάξας,ὲκεί
1720 3598 1779 3651 δὲ

194 3685 581 3756 χαλεπωτέρου
609 3688 859 3742 κινδύνου
900 3689 1227 3759 ῥυσάμενος,
1256 3691 1350 3744 καὶ
1404 3690 1526 3753 δοὺς
1566 3689 1660 3743 τοῦ
1695 3691 1780 3744 αἱ·

193 3776 455 3845 τηθέντος
482 3777 636 3831 οὐδὲν
664 3773 850 3851 ἧττον,
887 3779 970 3833 ὅτι
993 3781 1067 3850 μὴ
1097 3780 1192 3833 καὶ
1230 3781 1433 3849 μᾶλλον
1475 3780 1537 3834 τὸ
1566 3781 1778 3850 ἀπροσυ

193 3866 445 3940 δόκητον.

1894 605 2068 660 tione.
2134 605 2403 675 Praecepit
2459 605 2511 661 ei
2563 612 2786 660 sanctus
2845 606 3083 662 reditum
3139 607 3195 662 in
3248 607 3471 663 domum

1890 710 2076 759 suam;
2110 694 2186 748 ibi
2211 695 2379 759 enim,
2413 694 2601 767 inquit
2642 694 2856 750 videbis
2890 712 3013 761 nos,
3048 696 3103 751 in
3149 704 3321 751 strato
3375 707 3471 761 tuo

1889 785 2200 856 quiescens.
2228 784 2342 839 Nec
2361 785 2532 839 verbo
2550 795 2751 853 praeter
2770 801 2834 839 ea
2856 785 3068 849 addito,
3102 787 3474 843 daemoniacus

1888 877 2060 949 gradu
2101 891 2266 946 quam
2321 885 2535 946 poterat
2582 876 2850 932 citissime
2911 878 3311 938 revertebatur.
3362 877 3469 933 Sed

1890 969 2111 1037 quando
2144 968 2209 1023 ad
2237 967 2463 1022 ﬂuvium
2498 977 2722 1022 ventum
2747 978 2885 1033 erat,
2921 966 3127 1026 imbres
3153 969 3379 1024 violenti
3414 970 3471 1023 in

1885 1058 2173 1115 Melantem
2232 1059 2412 1129 illapsi
2438 1059 2517 1130 (id
2577 1055 2725 1114 enim
2770 1059 2936 1114 ﬂuvio
2979 1062 3204 1129 nomen)
3254 1061 3469 1115 alveum

1884 1159 2149 1205 auxerant
2171 1150 2306 1220 (53).
2332 1148 2473 1215 Quid
2492 1149 2584 1203 hic
2608 1149 2733 1204 ille?
2766 1158 2970 1204 tantam
3001 1151 3055 1203 in
3082 1150 3267 1206 verbis
3294 1149 3470 1205 sancti

1886 1240 2083 1295 habuit
2118 1240 2399 1306 ﬁduciam,
2434 1248 2530 1293 aut
2564 1240 2750 1309 potius
2788 1247 3079 1309 tantOpere
3135 1239 3472 1295 acceleravit.

1884 1332 2109 1400 exsequi
2140 1331 2289 1385 illius
2330 1329 2608 1395 mandata,
2657 1340 2771 1385 tum
2800 1331 2929 1399 quia
2956 1330 3071 1399 ipse
3109 1338 3466 1399 praeceperat,

1887 1430 2001 1475 tum
2028 1420 2194 1475 etiam
2221 1420 2392 1491 magis
2412 1418 2567 1491 quod
2597 1421 2843 1490 impense
2879 1429 3109 1489 cuperet
3137 1420 3355 1484 sanari;
3386 1428 3470 1486 ut,

1884 1510 2034 1564 nulla
2061 1510 2274 1576 ﬂuenti,
2304 1511 2432 1583 licet
2483 1518 2616 1566 tunc
2670 1510 2851 1580 magni
2912 1509 3223 1580 rapidique,
3283 1501 3473 1563 habita

1886 1602 2099 1659 ratione
2123 1642 2139 1665 ,
2176 1602 2312 1656 illud
2335 1617 2597 1673 superare
2621 1602 2933 1657 tentaverit.

1956 1692 2083 1747 £96.
2118 1693 2187 1748 Et
2218 1693 2309 1747 ille
2352 1693 2579 1763 quidem
2622 1692 2864 1747 ﬂuminis
2895 1693 3104 1763 impetu
3136 1692 3377 1757 ablatus,
3409 1692 3466 1746 in

1886 1795 2198 1840 extremum
2229 1786 2357 1840 vitae
2387 1785 2688 1840 devenerat
2713 1786 3047 1853 periculum;
3072 1783 3308 1856 Symeon
3338 1800 3471 1840 vero

1884 1874 2079 1930 eodem
2116 1885 2364 1944 tempore
2396 1873 2593 1927 incidit
2623 1872 2863 1927 instituti
2900 1873 3046 1943 apud
3090 1873 3291 1931 fratres
3338 1886 3473 1928 scr-

1886 1967 2067 2022 monis
2094 1966 2245 2021 [ilum
2275 1965 2618 2033 (conferebat
2647 1964 2795 2019 enim
2830 1974 2963 2019 tunc
2985 1981 3111 2020 cum
3149 1966 3265 2028 suis
3305 1980 3475 2034 super

1886 2058 2089 2114 salutis
2138 2056 2393 2128 negotiis)
2437 2065 2494 2111 et
2546 2055 2781 2125 orationi
2808 2054 3093 2119 .sededit.
3143 2055 3275 2111 Post
3307 2070 3471 2124 quam

1884 2150 2044 2205 vultu
2069 2149 2267 2204 laetiori
2299 2148 2367 2203 ad
2391 2148 2515 2203 illos
2548 2161 2870 2210 conversus,
2894 2145 3029 2216 quid
3075 2145 3195 2221 viro
3241 2146 3337 2201 illo
3360 2145 3473 2201 dte-

1883 2241 2144 2296 moniaeo
2170 2238 2374 2297 factum
2405 2248 2574 2303 esset,
2610 2239 2668 2292 in
2698 2237 2943 2293 medium
2985 2237 3277 2307 produxit;
3322 2252 3472 2306 quo-

1884 2331 2050 2385 modo
2074 2330 2286 2385 scilicet
2308 2328 2461 2383 ﬂuvii
2482 2329 2695 2398 rapacis
2712 2327 3005 2384 transitum
3028 2336 3240 2381 tentare
3252 2341 3469 2391 ausum,

1878 2421 2102 2492 jamque
2130 2420 2391 2476 violentia
2419 2434 2687 2489 aquarum
2710 2418 3026 2487 abreptum,
3059 2419 3175 2486 ipse
3200 2417 3471 2487 prehensa

1884 2526 2048 2564 manu
2072 2518 2212 2579 pette
2232 2510 2510 2579 perditum
2530 2509 2819 2565 extrahere
2835 2507 2941 2564 sibi
2976 2508 3131 2563 visus
3161 2507 3377 2563 fuisset.
3402 2506 3471 2561 Et

1884 2599 1965 2653 sic
1988 2599 2079 2654 ille
2098 2598 2320 2669 quidem
2353 2598 2546 2653 eadem
2569 2599 2731 2663 hora,
2757 2612 2881 2668 qua:
2906 2595 3121 2653 homini
3150 2606 3449 2655 evenerant

1866 2688 2039 2760 quasi
2072 2704 2258 2743 coram
2279 2697 2336 2744 et
2357 2688 2649 2759 perspicue
2673 2687 2929 2753 vidisset,
2960 2686 3264 2743 enarrabat
3299 2685 3473 2741 disci-

1881 2779 2065 2850 pulis:
2114 2779 2280 2835 homo
2321 2793 2453 2834 vero
2486 2779 2603 2849 ipse
2647 2778 2753 2833 sub
2807 2784 3025 2848 tempus
3081 2792 3195 2848 quo
3242 2776 3471 2833 accendi

1883 2871 2127 2929 lucernae
2151 2871 2351 2934 solent,
2389 2870 2619 2926 domum
2648 2885 2806 2925 suam
2836 2869 3026 2947 salvus
3046 2878 3214 2940 atque
3258 2869 3474 2925 incolu-

1882 2962 1988 3023 mis
2010 2963 2299 3032 pertingit,
2346 2962 2759 3037 reclinatusque
2821 2961 2877 3015 in
2936 2961 3145 3017 lectum
3200 2961 3474 3030 conspicit

1884 3069 2008 3108 mox
2028 3062 2280 3108 sanctum
2301 3052 2653 3123 symeonem,
2672 3052 2904 3106 ἀτοπιοηί
2925 3052 3224 3106 admodum
3252 3052 3475 3106 terribi-

1883 3144 2014 3208 lem,
2046 3141 2309 3197 advenire
2332 3152 2389 3196 et
2409 3141 2797 3197 acerbissimos
2828 3141 2908 3196 illi
2934 3142 3470 3206 cruciatusinferre;

1888 3235 2075 3305 itaque
2116 3243 2287 3288 totam
2322 3232 2493 3297 illam,
2528 3240 2735 3302 quanta
2759 3240 2865 3297 est,
2904 3241 3127 3287 noctem
3156 3230 3362 3289 acerbo
3406 3248 3475 3289 ac

1885 3325 2054 3382 ﬂebili
2080 3340 2203 3379 cum
2239 3323 2445 3396 eiulatu
2473 3323 2787 3393 transigens
2816 3322 3027 3385 infelix,
3054 3321 3176 3387 Jam
3192 3324 3469 3394 egredior,

1885 3413 2183 3470 clamabat.
2236 3413 2495 3471 Damone
2547 3419 2734 3466 autem
2781 3410 3027 3481 perfecte
3086 3413 3265 3482 ejecto
3326 3412 3474 3468 redit

1886 3506 2052 3560 homo
2102 3505 2216 3575 jam
2246 3504 2487 3557 libenter
2527 3500 2597 3555 ad
2656 3509 2933 3563 sanctum,
2980 3502 3306 3556 renuntians
3350 3516 3473 3571 qua

1886 3598 1993 3654 sibi
2016 3596 2360 3662 acciderant;
2398 3595 2681 3665 quomodo
2706 3595 2922 3650 scilicet
2954 3594 3060 3650 sibi
3101 3607 3326 3649 sanctus
3370 3608 3473 3662 ap-

1884 3696 2163 3759 paruerat,
2228 3703 2339 3741 non
2370 3685 2537 3743 modo
2588 3684 2943 3743 decumbenti
2976 3683 3032 3738 iu
3081 3683 3249 3749 lecto,
3278 3696 3473 3737 verum

1891 3791 2042 3835 antea
2070 3780 2238 3835 etiam
2281 3778 2616 3848 periclitanti
2655 3778 2712 3831 in
2760 3775 2957 3843 ﬂuvio;
3004 3774 3284 3845 quomodo
3341 3773 3468 3829 istic

1884 3880 2115 3942 gravem
2172 3870 2569 3925 exterminarat
2642 3868 2991 3932 daemonem,
3057 3865 3149 3920 hic
3202 3862 3467 3935 _graviori

196 3958 365 4012 etiam
407 3958 763 4017 subduxisset
789 3960 1093 4017 discrimini
1125 3962 1558 4033 contulissetque
1593 3961 1924 4019 beneﬁcium
1958 3978 2069 4018 non
2111 3960 2385 4027 inferius;
2413 3975 2578 4030 quam
2630 3958 2774 4029 quod
2810 3958 3064 4029 petierat,
3106 3966 3470 4026 praeterquam

194 4051 340 4118 quod
380 4051 550 4120 magis
576 4060 725 4105 esset
762 4052 1218 4121 inexspectatum.

266 4141 407 4211 ριιζν.
446 4145 824 4215 Κοιμωμένων
878 4146 1122 4213 ἀδελφῶν
1176 4148 1236 4199 ὲν
1291 4145 1449 4216 ἀγρῷ
1504 4162 1635 4199 ποτε
1669 4147 1769 4217 τῆς

196 4234 501 4303 κατωτέρω
538 4236 727 4305 μονῆς,
759 4236 963 4306 ἑτέρων
989 4236 1043 4289 δὲ
1073 4239 1248 4305 μέσας
1278 4236 1484 4299 νύκτας
1507 4235 1766 4307 ἐξομολο-

192 4323 470 4393 γήσασθαι
522 4325 640 4395 Θεῷ
697 4327 825 4396 περὶ
878 4327 968 4380 τὸν
1036 4327 1261 4399 Συμεὼν
1318 4328 1766 4398 ἀθροισθέντων,

202 4417 390 4486 Ὀρᾷν,
423 4420 603 4486 φησὶν,
638 4417 878 4481 ἐδόκουν,
899 4416 1124 4480 ἐκεῖνος,
1151 4419 1510 4489 λεοπάρδαλιν
1533 4419 1770 4491 ἐξορμη-

191 4506 378 4559 θεῐσαν
405 4507 498 4559 τοῦ
534 4508 743 4575 φωλεοῦ
765 4549 779 4568 .
811 4512 906 4562 καὶ
951 4508 1086 4578 πρὸς
1134 4508 1378 4579 κεφαλῆς
1421 4511 1540 4573 ἑνὸς
1575 4511 1685 4562 τῶν
1712 4513 1769 4563 ἐν

188 4598 349 4669 ἀγρῷ
378 4597 621 4664 ἀδελφῶν
644 4599 982 4667 ἐφεστῶσαν,
1012 4599 1152 4653 ὥστε
1182 4601 1634 4671 διασπασαμένην
1670 4601 1769 4654 αύ-

188 4686 303 4750 τὸν,
329 4685 426 4738 τοῦ
455 4688 688 4757 αἵματος
735 4687 1114 4758 ἐμφορηθῆναι
1146 4690 1367 4744 καὶτῶν
1393 4691 1637 4760 σαρκῶν,
1678 4693 1772 4744 καὶ

186 4776 261 4839 ὡς
290 4776 402 4845 ἐγὼ
429 4779 501 4837 δι’
526 4778 696 4849 εὐχῆς
736 4782 878 4848 εἴην,
906 4781 1193 4833 ἀποσοϐῶν
1232 4781 1293 4834 τὸ
1345 4782 1553 4852 θηρίον.
1587 4782 1772 4836 Ταῦτα

186 4868 263 4939 τῷ
314 4871 414 4939 μὲν
460 4871 687 4940 Συμεὼν
738 4872 997 4942 διήγημα
1018 4874 1155 4943 πρὸς
1204 4874 1329 4935 τοὺς
1368 4874 1617 4944 μαθητὰς
1648 4869 1715 4945 ἦν
1753 4892 1767 4907 ο

186 4962 424 5014 ἐτελεῖτο
493 4962 551 5014 δὲ
597 4964 677 5025 εἰς
712 4964 870 5033 ἔργον
914 4963 993 5034 τῷ
1028 4964 1381 5035 κοιμωμένῳ,
1415 4966 1507 5018 καὶ
1562 4965 1771 5020 διυπνι-

188 5050 359 5115 σθεὶς,
386 5053 488 5123 sp;
512 5054 647 5121 πρὸς
676 5055 919 5125 κεφαλῆς
956 5057 1016 5108 τὸ
1045 5037 1253 5125 θηρίον.
1279 5057 1392 5109 Ούκ
1419 5055 1557 5126 ἔχων
1584 5056 1765 5110 τοίνυν

185 5138 210 5190 ὅ
246 5157 294 5195 τι
342 5143 433 5193 καί
464 5143 651 5213 δράσει
681 5145 757 5214 τῷ
788 5146 968 5215 ἀθρόῳ
999 5147 1091 5198 τοῦ
1128 5147 1379 5200 κινδύνου
1405 5150 1500 5202 καὶ
1529 5150 1660 5221 παρ’
1679 5150 1769 5202 ἐλ-

186 5231 335 5295 πίδα,
366 5233 465 5303 τὴν
513 5236 729 5305 ἕτοιμον
785 5239 985 5291 αὐτίκα
1029 5241 1120 5291 καὶ
1178 5239 1386 5309 ἄμαχον
1426 5240 1680 5310 δύναμιν,
1706 5243 1769 5296 τὸ

185 5319 274 5374 τοῦ
324 5320 470 5375 θείου
521 5325 747 5394 Συμεὼν
795 5328 985 5397 ὄνομα,
1021 5331 1115 5381 καὶ
1158 5328 1255 5397 τὴν
1283 5330 1493 5383 ἐκεῖθεν
1544 5348 1767 5400 συμμα-

186 5412 306 5480 χίαν
349 5417 667 5472 ἐπεκαλεῖτο
698 5436 710 5449 ·
748 5419 807 5483 ὃς
863 5421 1012 5489 αὐτῷ
1055 5424 1149 5474 καὶ
1181 5424 1522 5492 παραχρῆμα
1553 5425 1761 5491 ὀφθεὶς,

188 5506 481 5562 ἀπελαύνει
523 5511 612 5563 τὸν
664 5511 831 5583 θῆρα.
874 5512 931 5565 '0
966 5511 1181 5581 μὲνοῦν
1227 5514 1451 5583 ἀδελφὸς
1488 5516 1591 5584 ἤδη
1632 5519 1761 5585 περὶ

252 5638 363 5718 (55)
402 5638 875 5718 Nun‘videturislc
915 5645 1077 5699 Melas
1104 5647 1326 5707 intelligi
1365 5664 1512 5715 posse
1556 5649 1618 5699 de
1662 5666 1764 5718 quo

187 5710 253 5757 ad
287 5725 405 5776 cap.
442 5712 573 5773 9,1'n
609 5724 793 5766 (ιηηοι.
828 5725 1004 5785 utpote
1038 5719 1193 5769 nimis
1234 5710 1479 5772 remains.
1518 5710 1761 5776 Fuerim:

191 5793 249 5829 tu:
294 5793 632 5836 recensentur
667 5785 843 5853 plures
890 5787 1036 5841 istius
1084 5790 1306 5842 tte/minis
1352 5792 1532 5859 ﬂuvii;
1598 5801 1761 5859 potest

1952 4144 2077 4200 197.
2113 4142 2528 4198 Dormientibus
2567 4122 2865 4209 aliquando
2909 4138 3177 4195 fratribus
3237 4138 3473 4193 inferio-

1878 4237 1953 4290 ris
1983 4234 2300 4290 monasterii
2318 4236 2372 4289 in
2386 4248 2517 4303 agro
2529 4231 2560 4286 d
2571 4247 2658 4285 um
2680 4229 2865 4285 eazteri
2880 4230 2983 4284 sub
2997 4240 3214 4283 noctem
3232 4225 3469 4283 mediam

1877 4342 2003 4382 cum
2022 4334 2215 4381 sancto
2240 4326 2511 4396 Symeone
2544 4324 2612 4378 ad
2648 4321 3023 4377 conﬁtendum
3070 4320 3305 4375 Domino
3332 4337 3468 4375 con-

1877 4417 2185 4472 venissent:
2202 4416 2459 4482 Videbar,
2484 4413 2663 4483 inquit
2681 4425 2924 4478 sanctus,
2945 4412 3463 4480 videreleopardum

1878 4523 1907 4561 e
1943 4507 2143 4576 spelaea
2186 4520 2287 4559 suo
2317 4518 2697 4573 prorumpere,
2742 4513 2798 4555 et
2822 4501 2989 4570 capiti
3029 4500 3192 4554 unius
3221 4516 3251 4555 e
3278 4500 3465 4554 fratri-

1876 4598 1980 4651 bus
2021 4596 2076 4649 in
2104 4610 2235 4667 agro
2261 4594 2457 4649 infeste
2487 4594 2810 4659 imminere;
2849 4600 2963 4646 tum
3007 4592 3176 4646 veluti
3199 4590 3468 4646 dilaniare

1854 4705 1942 4743 Iac
1962 4689 2198 4743 saturari
2215 4687 2818 4758 sanguineetearnibus
2834 4686 2982 4739 illius
3002 4703 3017 4749 ;
3034 4685 3271 4753 denique
3296 4684 3467 4753 preci.

1868 4781 1972 4836 bus
1989 4779 2129 4834 meis
2145 4780 2319 4833 arceri
2350 4778 2610 4833 belluam.
2646 4776 2793 4831 Talis
2814 4784 2935 4830 erat
2960 4776 3204 4831 narratio
3238 4772 3467 4844 Syrtico-

1867 4873 1974 4937 nis,
2002 4871 2146 4941 apud
2175 4871 2479 4940 discipulos
2499 4858 2750 4924 instituta
2773 4886 2785 4921 :
2819 4884 2907 4923 res
2933 4869 3048 4937 ipsa
3076 4884 3207 4922 vero
3234 4868 3312 4921 sic
3331 4881 3461 4936 age-

1868 4965 2030 5019 batur
2058 4979 2181 5017 cum
2202 4963 2531 5026 dormiente,
2560 4962 2656 5031 qui
2685 4960 3125 5031 expergefactus,
3151 4960 3461 5029 deprehen-

1871 5058 1953 5113 dit
1980 5056 2047 5111 ad
2080 5066 2245 5126 caput
2262 5072 2422 5110 suum
2442 5055 2637 5110 feram.
2659 5056 2887 5125 lgnarns
2910 5064 3093 5108 autem
3124 5053 3257 5122 quid
3275 5068 3460 5105 rerum

1872 5150 2127 5221 ageretin
2147 5159 2257 5203 tam
2275 5150 2564 5219 repentino
2581 5148 2897 5218 desperata:
2926 5148 3125 5201 salutis
3164 5146 3456 5215 periculo;

1878 5242 2138 5313 inclamat
2172 5251 2416 5310 paratam
2449 5240 2600 5295 illico
2644 5249 2700 5293 et
2743 5239 3223 5309 inexpugnabilem
3268 5248 3455 5308 poten-

1877 5332 2005 5386 tiam
2029 5333 2200 5386 sancti
2226 5331 2515 5403 Symeonis
2539 5340 2831 5395 nomen,ct
2856 5330 2999 5399 quod
3044 5328 3306 5398 consequi
3330 5328 3458 5380 inde

1873 5426 2013 5480 solet
2058 5425 2399 5479 subsidium:
2420 5426 2513 5495 qui
2540 5424 2805 5478 continuo
2834 5423 3088 5495 apparuit
3110 5420 3453 5482 inclamanti,

1868 5527 1924 5571 et
1954 5518 2190 5571 belluant
2224 5518 2425 5588 abegit.
2450 5499 2639 5571 Frater
2663 5516 2826 5587 igitur
2852 5518 2953 5571 iste
2994 5513 3237 5568 diluculo
3263 5528 3457 5566 versus

1873 5653 2031 5792 nbilam
2064 5652 2340 5722 igtwbilier
2381 5654 2595 5721 quidam
2630 5669 2728 5704 non
2761 5650 2943 5723 prout!
2970 5671 2996 5695 η
3034 5658 3203 5703 mon!"
3228 5648 3457 5703 .llt'mbtli

1874 5741 1903 5774 (ι
1966 5740 2115 5775 ιιιδερ.

1874 5740 2115 5775 (ιοιιιιδείι.
