4078 6332
262 364 400 430 3163

1256 371 1431 432 VITA
1475 368 1518 428 Ᾱ
1556 368 1992 430 NICEPHORO
2033 370 2515 432 CONSCRIP’l‘A.

3380 369 3526 432 3170

261 488 350 531 λον
378 475 444 550 ἦν
471 480 787 549 (γειτόνημα
814 481 922 547 γὰρ
943 483 1008 550 τῇ
1040 480 1260 546 γυναικὶ
1303 479 1396 531 καὶ
1418 471 1570 540 οὗτος
1609 479 1668 528 οὐ
1701 493 1835 546 χρη-

1951 479 2106 535 vinus
2129 491 2248 536 erat
2275 481 2492 534 mulieri
2525 495 2633 535 non
2664 480 2861 542 bonus)
2892 479 2981 532 illa
3008 478 3292 548 promissis
3327 479 3525 541 sancti,

261 573 386 624 στὸν
414 572 706 639 ἐτύγχανεν
737 571 857 638 ὣν),
894 571 1071 640 ἐκείνη
1104 575 1220 632 ταῖς
1243 571 1335 622 τοῦ
1358 569 1581 636 Συμεὼν
1603 571 1836 633 ἐπαγγε-

257 663 404 725 λίαις
467 664 539 724 ὡς
584 663 681 732 ἤδη
731 664 1122 731 γεγενημέναις
1155 661 1544 732 ὲπιθαρροὖσα,
1591 657 1836 728 Εῦρηκα,

262 755 435 821 ἔλεγε,
471 755 563 806 καὶ
595 755 660 806 τὰ
693 756 819 821 ἐμὲ.
851 756 950 806 κάν
973 755 1050 822 τῷ
1077 753 1192 822 ἐμῷ
1224 755 1398 806 πάντα
1427 754 1518 803 νῦν
1545 753 1838 804 ἀπόκειται

258 847 514 914 ταμιείῳ.
555 845 613 896 Ὀ
658 847 838 913 μέντοι
881 845 947 898 τὰ
986 846 1277 915 κλέμματα
1308 846 1466 913 ἔχων.
1505 842 1634 912 παρ’
1665 839 1839 907 ἑαυτῷ

259 935 475 985 κεῖσθαι
528 935 701 986 ταῦτα
763 934 967 1003 μᾶλλον
1016 935 1201 997 εἰδὼς,
1259 935 1368 1002 ὅτῳ
1418 933 1839 1004 περιεργότερον

259 1027 609 1087 ἐπυνθάνετο,
641 1025 879 1096 τοσούτῳ
907 1027 1067 1079 πλέον
1087 1021 1154 1095 ἦν
1182 1023 1545 1093 διαχλευάζων
1569 1022 1689 1074 καθ’
1717 1022 1841 1072 ἑαυ-

259 1118 352 1168 τὸν
382 1119 440 1169 τὸ
471 1121 700 1186 πρᾶγμα
742 1120 834 1170 καὶ
865 1120 1236 1188 μυκτηρὶςων,
1271 1118 1362 1170 καὶ
1391 1117 1535 1186 σαφῆ
1562 1118 1842 1184 τιθέμενος

259 1209 475 1274 γέλωτα
494 1225 504 1235 ·
530 1209 642 1260 ἀλλ’
668 1211 747 1271 εἰς
774 1210 972 1277 μανίαν
1001 1210 1161 1270 εὐθὺς
1261 1209 1476 1278 μυκτὴρ
1513 1199 1838 1277 μετεὸἀλλε-

258 1319 340 1358 το,
372 1302 465 1352 καὶ
486 1301 757 1354 διαπετῶν
780 1298 845 1372 ἧν
874 1304 900 1354 ό
926 1301 1108 1363 ἄθλιος
1133 1303 1226 1363 τὰς
1253 1305 1461 1371 χεῖρας,
1496 1303 1587 1355 καὶ
1609 1303 1838 1367 δάκνων,

260 1394 352 1444 καὶ
393 1392 678 1456 όλολύζων,
715 1395 814 1463 τήν
844 1408 904 1444 τε
935 1393 1140 1459 κλοπὴν
1170 1393 1680 1462 ἐξομολογούμενος,
1707 1395 1841 1446 ὅπου

258 1501 315 1535 τε
345 1485 408 1534 τὰ
441 1483 618 1552 φώρια
663 1483 748 1552 είη
786 1483 1025 1553 μηνύων,
1057 1485 1150 1536 καὶ
1182 1485 1283 1536 ὅσα
1322 1485 1429 1536 τῶν
1463 1483 1844 1553 δαιμονῶντων

257 1577 468 1636 οὐδενὸς
509 1577 870 1645 ἀπεχόμενος.
914 1576 995 1628 Τὰ
1045 1576 1143 1645 μὲν
1184 1572 1277 1629 οὗν
1317 1576 1607 1644 κλέμματα
1641 1576 1842 1647 ἠνέχθη

258 1670 438 1722 πάντα
465 1672 528 1738 τῇ
563 1668 798 1735 γυναικὶ,
843 1668 940 1735 οὐχ
972 1667 1341 1736 ἀητηνικαῦτα
1379 1670 1558 1738 μόνον,
1595 1669 1711 1721 ἀλλ’
1743 1670 1844 1721 ὅσα

256 1763 351 1812 καὶ
376 1760 566 1830 πρώην
591 1757 943 1811 ἀπολωλέκει.
985 1760 1043 1810 Ὀ
1066 1759 1122 1812 δὲ
1143 1759 1316 1811 ταῦτα
1339 1759 1578 1828 συλήσας
1604 1759 1844 1826 ὑπέμενε

1945 585 2201 643 tanquam
2234 574 2490 627 eﬂ'ectum
2508 573 2617 642 jam
2641 572 3008 633 tum-sortitis,
3041 570 3245 625 conﬁsa
3269 588 3278 620 :
3299 567 3525 638 Reperi,

1944 667 2140 735 inquit,
2167 680 2307 725 mea,
2338 673 2393 716 et
2422 663 2473 715 in
2501 663 2738 735 armario
2758 663 2866 731 jam
2891 676 3038 714 nunc
3068 661 3302 727 reposita
3329 658 3525 711 habeo.

1942 758 2060 826 ipse
2077 771 2208 810 vero
2229 757 2320 822 qui
2346 755 2526 806 ablata
2551 753 2811 814 habebat,
2830 761 2885 804 et
2907 766 3075 819 penes
3091 765 3146 802 se
3171 751 3340 802 latere
3359 747 3529 815 probe

1943 847 2187 909 sciebat,
2231 855 2436 914 quanto
2473 844 2666 914 majori
2724 852 2835 895 tum
2883 841 3230 894 alfectatione
3281 837 3530 891 sciscita—

1945 940 2126 999 batur,
2174 946 2325 990 tanto
2351 937 2492 990 intra
2516 951 2574 990 se
2603 933 2944 1003 petulantius
2974 931 3294 984 luditicabat
3329 927 3527 980 mulie-

1945 1048 2058 1085 rem
2084 1047 2148 1085 ac
2176 1028 2462 1087 irridebat.
2488 1028 2598 1080 imo
2627 1027 2797 1079 risum
2826 1037 3047 1092 quoque
3073 1021 3248 1090 palam
3282 1016 3527 1073 tollebat.

1945 1125 2147 1177 Verum
2176 1123 2332 1176 ocius
2363 1122 2416 1173 in
2449 1119 2718 1173 insaniam
2751 1117 2947 1169 irrisor
2977 1130 3169 1168 versus
3199 1121 3311 1175 est;
3348 1120 3402 1164 et
3431 1127 3530 1164 ex-

1947 1215 2207 1269 tendebat
2236 1229 2429 1266 manus
2462 1211 2648 1264 infelix
2682 1209 3109 1275 arrodebatque.
3139 1214 3193 1259 et
3216 1203 3533 1259 clamitabat

1946 1307 2209 1361 miserum
2234 1305 2286 1358 in
2313 1303 2570 1367 modum;
2591 1303 2656 1355 ad
2683 1303 2797 1354 htec
2823 1299 3098 1353 fatebatur
3120 1296 3346 1357 furtum,
3368 1305 3424 1349 et
3448 1295 3532 1348 in-

1953 1398 2164 1453 licabat
2192 1397 2283 1451 ubi
2316 1396 2652 1457 abdidisset;
2687 1393 2926 1462 denique
2954 1390 3094 1443 nihil
3133 1404 3240 1442 non
3270 1387 3532 1443 actitabat

1964 1505 2136 1543 :orum
2195 1505 2318 1559 quae
2387 1485 2704 1541 daemoniaci
2772 1484 2971 1538 solent.
3039 1480 3303 1536 Universa
3363 1479 3532 1547 igitur

1949 1581 2168 1635 mulieri
2213 1581 2383 1633 relata
2417 1588 2566 1638 sunt,
2593 1587 2700 1630 tam
2729 1590 2868 1644 qua:
2901 1574 3111 1626 recenti
3153 1572 3302 1625 furto
3350 1571 3529 1625 ablata

1947 1683 2110 1736 quam
2127 1683 2247 1735 qua:
2263 1667 2396 1720 alias
2424 1664 2731 1718 desiderata
2759 1669 2937 1714 erant.
2958 1661 3159 1714 Verum
3189 1659 3282 1727 qui
3318 1656 3528 1711 furtum

1947 1758 2322 1818 commiserat,
2353 1755 2618 1825 pergebat
2647 1752 2880 1807 insideri
2918 1767 2947 1804 a
2973 1751 3245 1819 daemone,
3279 1750 3532 1803 meritam

256 1848 548 1916 δαιμονῶν,
592 1849 685 1899 καὶ
717 1848 870 1910 δίκας
903 1847 1092 1917 ὥσπερ
1123 1849 1391 1917 τοσαύτης
1430 1848 1646 1909 ἀδικίας
1693 1847 1839 1900 ἐκτί-

1951 1848 2230 1917 injustitize
2257 1862 2368 1901 suae
2390 1859 2606 1914 pinnam
2642 1841 2963 1912 persolvens
2991 1858 3006 1906 ;
3033 1840 3214 1894 donec
3237 1838 3532 1893 commise-

257 1957 397 1992 νων·
451 1939 554 2000 ἕως
605 1938 750 1990 ἔλεον
780 1937 942 1990 αὑτοῦ
987 1938 1263 2013 λαθόντες,
1297 1940 1394 2008 οὐχ
1437 1939 1548 1990 ὅσοι
1575 1938 1842 2008 παρόντες

257 2027 422 2100 ἦσαν,
454 2028 590 2082 ἀλλὰ
627 2029 721 2081 καὶ
747 2030 883 2098 αὐτὴ
916 2031 1012 2081 σῦν
1039 2027 1266 2092 ἐκείνοις
1296 2031 1329 2098 ἡ
1359 2030 1457 2097 τὴν
1481 2029 1688 2100 κλοπὴν
1715 2029 1845 2081 ὑπο-

265 2123 460 2180 στᾶσα,
487 2123 692 2182 κοιναῖς
720 2121 854 2188 πρὸς
885 2121 1016 2172 Θεὸν
1049 2119 1143 2172 καὶ⁵
1175 2120 1266 2171 τὸν
1295 2119 1515 2188 ἔλεγχον
1545 2119 1639 2172 τοῦ
1671 2117 1841 2172 κακοῦ

263 2214 492 2281 Συμεὼν
523 2213 760 2283 ἐχρῶντο
777 2213 968 2275 λιταῖς,
993 2212 1190 2274 κοινοῖς
1211 2210 1469 2280 δάκρυσιν
1493 2227 1506 2240 ·
1537 2205 1618 2273 οἷς
1647 2211 1844 2263 αὐτίκα

185 2327 192 2336 ι
231 2301 359 2392 ~{cui
385 2302 444 2353 τὸ
471 2301 691 2372 αίτηθὲν
716 2302 1018 2372 ἠκολούθει,
1051 2302 1148 2355 καὶ
1174 2302 1267 2354 τοῦ
1289 2303 1538 2371 δαίμονος
1565 2304 1592 2355 ὁ
1619 2301 1844 2369 πάσχων

256 2393 594 2471 ἀπήλλακτο,
633 2402 808 2454 κοινὸν
869 2403 1142 2470 παίδευμα
1192 2403 1326 2455 πᾶσι
1379 2402 1515 2473 πρὸς
1556 2398 1844 2469 ἀποφυγὴν

260 2494 463 2555 κακίας
495 2493 882 2562 γεγενημένος.

335 2582 400 2637 σ’.
447 2584 792 2654 Ἐλυμαίνετό
837 2601 920 2647 τις
967 2584 1062 2645 σῦς
1097 2586 1160 2637 ὲκ
1205 2583 1412 2655 δρυμοῦ
1448 2585 1575 2646 τοὺς
1615 2583 1826 2656 ἀγροὺς

258 2677 363 2745 τῆς
425 2677 576 2730 κάτω
616 2677 806 2745 μονῆς,
839 2676 930 2730 καὶ
977 2681 1055 2740 εἰς
1082 2677 1415 2747 ,ἀμηχανίαν
1462 2676 1660 2748 κομιδῇ
1707 2679 1838 2740 τοὺς

268 2769 534 2836 μοναχοῦς
576 2769 871 2839 περιίστη⁹
915 2767 1306 2838 προσελθόντες
1365 2768 1542 2827 τοίνυν
1582 2768 1660 2837 τῷ
1714 2767 1844 2837 ἱερῷ

261 2857 510 2927 Συμεὼν.
554 2859 762 2912 ἐδέοντο
811 2859 1001 2912 τοῦτον
1044 2862 1108 2912 ὲκ
1137 2859 1230 2911 τοῦ
1271 2860 1434 2930 μέσου
1467 2859 1745 2927 γενέσθαι.
1784 2859 1843 2912 ⁸0

261 2952 344 3012 δὲ.
375 2952 501 3014 Τοῖς
551 2951 610 3018 ἐξ
672 2951 796 3020 ὅλης
835 2950 1037 3021 ίσχύος,
1080 2950 1206 3020 ἔφη,
1237 2953 1328 3004 τὸν
1383 2951 1516 3004 Θεὸν
1556 2951 1844 3018 ἀγαπῶσιν

265 3039 638 3092 ὑποτέτακται
690 3039 886 3102 πάντα,
916 3039 988 3102 ὡς
1026 3039 1134 3091 καὶ-
1152 3042 1256 3109 πρὸ
1283 3043 1381 3109 τῆς
1424 3043 1713 3110 παρακοῆς
1745 3043 1842 3094 τοῦ

278 3132 472 3199 Ἀδάμ.
514 3131 700 3193 Οὕτως
745 3126 836 3184 οὖν
885 3131 1068 3201 έχουσι
1110 3131 1204 3184 καὶ
1244 3131 1372 3202 ὑμῖν
1428 3132 1714 3200 δοθήσεται
1763 3135 1843 3194 είς
1870 3159 1912 3217 G

267 3219 443 3289 θήραν
497 3220 677 3273 ὀδοῦσι
726 3221 892 3291 θηρὸς
933 3222 1124 3290 ἐτέρου
1185 3223 1345 3275 πάλιν
1387 3224 1414 3275 ό
1457 3223 1657 3294 κείρων
1715 3223 1843 3286 τοὺς

268 3311 568 3378 ὑμετέρους
594 3311 822 3380 ἀγροὺς,
852 3311 948 3364 καὶ
987 3311 1181 3364 θᾶττον
1209 3312 1306 3380 τῆς
1342 3311 1400 3376 ἐξ
1432 3311 1598 3365 αὑτοῦ
1639 3312 1845 3382 βλάϐης

265 3400 743 3467 ἀπαλλαγήσεσθε.
773 3401 960 3454 Ταῦτα
1000 3402 1098 3454 τοῦ
1136 3404 1362 3471 Συμεὼν
1406 3401 1712 3472 εἰρηκότος.
1745 3404 1848 3472 ὁρᾷ

265 3490 378 3542 τῶν
442 3490 687 3558 ἀδελφῶν
757 3508 841 3554 τις
889 3492 1108 3562 ἐκείνην
1171 3492 1269 3563 τὴν
1317 3493 1490 3546 νύκτα
1545 3493 1690 3546 κατὰ
1722 3495 1844 3556 τοὺς

264 3583 492 3644 ὕπνους,
518 3581 752 3650 ἀχθέντα
804 3585 926 3637 τινὰ
974 3584 1164 3637 λέοντα
1210 3587 1314 3638 ὑπὸ
1354 3585 1448 3638 τοῦ
1507 3585 1712 3654 Ἀγίου.
1752 3587 1848 3648 καὶ

265 3673 364 3725 τὸν
402 3672 577 3740 μέγαν
605 3673 811 3725 ἐκεῖνον
841 3673 940 3725 σῦν
971 3676 1049 3736 είς
1074 3676 1248 3744 θήραν
1278 3677 1426 3747 αὐτῷ
1463 3678 1568 3730 ὑπὸ
1597 3681 1709 3740 τοῖς
1738 3677 1846 3730 τῶν

267 3763 514 3832 ἀδελφῶν
547 3765 705 3816 ποσὶν
734 3764 1045 3821 ἐκδοθέντα.
1075 3767 1182 3818 Τοῦ
1216 3768 1386 3821 ὕπνου
1435 3769 1614 3821 τοίνυν
1665 3770 1847 3822 διανα-
1874 3776 1883 3785 ”

269 3857 424 3918 στὰς,
456 3855 616 3925 ἔργον
657 3855 756 3926 τὴν
800 3855 901 3924 τῆς
961 3859 1151 3919 νυκτὸς
1202 3858 1324 3926 ὖψιν
1373 3858 1638 3928 εὑρίσκει,
1694 3859 1787 3912 καὶ
1821 3861 1848 3913 ό

268 3946 409 3998 λέων
442 3946 535 3997 τὸν
572 3945 670 3997 σῦν
697 3947 1088 4028 κατεδηδοκὼς,
1121 3950 1376 4018 ἐχόμενος
1421 3954 1517 4020 τῆς
1548 3949 1670 4004 ὀδοῦ
1719 3952 1846 4003 ἁνα-

269 4034 574 4089 πεπτώκει.
605 4038 668 4089 Οί
703 4037 802 4104 μὲν
829 4033 922 4090 οὖν
949 4037 1117 4107 ὄχλοι,
1149 4040 1216 4093 τά
1247 4056 1304 4090 τε
1334 4039 1428 4092 τοῦ
1460 4040 1671 4103 λέοντος
1701 4040 1843 4109 ἴχνη,

263 4124 332 4180 τό
381 4142 441 4178 τε
485 4125 579 4178 τοῦ
609 4127 731 4189 συὸς
766 4126 870 4180 ἀνά
892 4128 989 4198 τὴν
1023 4130 1141 4182 ὁδὸν
1171 4125 1314 4199 αἷμα
1353 4131 1575 4194 ίδόντες,
1605 4133 1846 4201 προσέρ-

268 4232 456 4285 χονται
486 4217 788 4285 κατάφοεοι
809 4217 886 4288 τῷ
933 4219 1101 4288 Ἀγίῳ
1134 4221 1377 4290 δεόμενοι
1402 4221 1594 4274 τοῦτον
1635 4222 1846 4275 ἐκεῖθεν

266 4304 631 4373 ἀπελαθῆναι.
677 4306 735 4360 Ὀ
758 4308 814 4360 δὲ
843 4307 953 4360 τῶν
989 4309 1243 4380 μαθητῶν
1280 4311 1376 4363 ἕνα
1409 4311 1666 4378 καλέσας,
1701 4313 1843 4381 Πορ-

1949 1937 2160 1991 ratione
2198 1937 2329 1989 tacti
2387 1942 2658 2004 quotque.
2706 1931 2961 1991 aderant,
3000 1938 3165 1999 atque
3231 1929 3369 1996 adeo
3430 1928 3528 1982 illa

1947 2028 2063 2096 ipsa
2090 2025 2294 2078 mulier
2319 2039 2441 2093 quae
2489 2023 2697 2077 furtum
2754 2036 2912 2091 passa
2972 2019 3170 2084 fuerat,
3218 2017 3531 2074 communi-

1947 2121 2050 2175 bus
2078 2119 2224 2188 apud
2251 2119 2423 2172 Deum
2487 2125 2544 2172 et
2585 2116 2820 2188 maleﬁci
2864 2115 3250 2185 castigatorem
3305 2113 3533 2184 Symeo-

1945 2227 2070 2267 nem
2094 2213 2235 2266 votis
2255 2221 2311 2266 et
2335 2210 2613 2282 lacrymis,
2641 2210 3077 2265 intercesserunt
3101 2226 3112 2261 :
3141 2221 3280 2276 quas
3309 2221 3340 2260 e
3371 2204 3534 2260 vesti-

1944 2305 2034 2376 gio
2060 2305 2114 2360 id
2142 2305 2288 2375 quod
2323 2303 2612 2373 petebatur
2641 2310 3000 2380 consecutum
3029 2309 3150 2364 est;
3189 2312 3245 2354 et
3293 2315 3531 2368 cnergu-

1945 2411 2140 2450 menus
2169 2395 2407 2464 maligno
2433 2393 2628 2463 spiritu
2678 2394 2967 2452 liberatus,
3015 2391 3333 2445 universale
3358 2389 3530 2444 docuo
3613 2394 3617 2398 ”

1901 2551 1904 2554 _
1945 2499 2190 2543 mentum
2217 2487 2320 2541 fuit
2353 2486 2610 2541 onmibus
2631 2485 2696 2539 ad
2735 2485 2943 2538 scelera
2975 2483 3328 2538 declinanda.

2029 2576 2154 2632 τοι).
2188 2577 2446 2633 Vastabat
2475 2576 2698 2644 quidam
2731 2591 2862 2644 aper
2916 2573 3197 2630 inferioris
3248 2581 3530 2628 monaste-

1950 2669 2016 2724 rii
2050 2684 2230 2739 agros.
2271 2669 2544 2738 tantisque
2580 2668 2857 2738 afﬂigebat
2887 2666 3189 2720 monachos
3218 2666 3524 2720 incommo-

1945 2757 2052 2822 dis,
2083 2768 2146 2813 ut
2169 2758 2300 2828 quid
2327 2758 2542 2813 consilii
2573 2766 2854 2826 caperent,
2886 2755 3222 2824 ignorarent.
3251 2753 3533 2808 Adcuntes

1947 2852 2117 2922 igitur
2140 2849 2465 2921 Symeonem
2514 2859 2728 2919 rogant.
2785 2849 2900 2918 ipse
2947 2857 3008 2901 ut
3073 2845 3344 2902 facessere
3402 2844 3528 2900 inde

1947 2943 2117 2996 feram
2145 2942 2355 3011 jubeat.
2388 2941 2481 2995 Ille
2507 2955 2638 2994 vero
2690 2957 2703 2993 :
2741 2941 2817 2994 Ex
2877 2941 3029 3005 totis,
3083 2940 3284 3008 inquit,
3315 2937 3532 2992 viribus

1948 3034 2310 3105 diligentibus
2345 3033 2518 3086 Deum
2544 3032 2728 3085 omnia
2767 3033 3012 3100 subjecta
3064 3041 3215 3095 sunt,
3263 3030 3533 3100 quemad-

1949 3128 2172 3182 modum
2203 3133 2330 3180 ante
2354 3125 2572 3194 lapsum
2601 3124 2796 3179 Adami
2828 3124 3096 3179 fuerunt:
3151 3123 3298 3192 quod
3353 3122 3398 3177 si
3436 3137 3536 3178 vos

1947 3234 2167 3288 quoque
2196 3219 2274 3272 sic
2305 3216 2570 3287 diligatis,
2612 3215 2838 3270 dabitur
2861 3216 2950 3269 illa
2987 3216 3042 3268 in
3091 3215 3332 3284 praedam
3381 3214 3520 3268 den—

1950 3309 2101 3362 tibus
2154 3307 2382 3362 alterius
2427 3307 2558 3362 fera
2607 3322 2731 3377 quae
2785 3321 2952 3376 σει-ομ
3001 3315 3218 3360 vestros
3283 3303 3538 3358 innoxios

1950 3399 2268 3469 relinquet,
2324 3407 2381 3453 et
2439 3398 2552 3454 cito
2607 3397 2795 3452 damni
2846 3397 3121 3452 immunes
3203 3397 3384 3451 eritis.
3439 3396 3536 3452 Bis

1950 3492 2134 3556 dictis,
2157 3491 2309 3545 videt
2337 3491 2538 3560 aliquis
2595 3489 2828 3544 fratrum
2865 3497 3023 3543 nocte
3078 3503 3177 3557 per
3233 3487 3533 3550 somnium,

1949 3587 2034 3658 agi
2090 3603 2119 3640 a
2179 3586 2447 3657 Symeone
2479 3585 2694 3640 leonem
2743 3583 3060 3654 quemdam,
3109 3582 3198 3638 cui
3244 3598 3379 3652 aper
3444 3581 3536 3636 ille

1949 3677 2172 3749 grandis
2195 3677 2300 3731 sub
2327 3675 2559 3730 fratrum
2596 3674 2832 3744 pedibus
2881 3675 2937 3728 in
2982 3673 3223 3744 praedam
3272 3671 3526 3728 cedebat.

1948 3769 2318 3836 Experrectus
2380 3763 2603 3826 deinde,
2655 3761 2803 3832 quod
2846 3771 3015 3816 noctu
3047 3761 3284 3827 viderat,
3329 3760 3534 3816 factum

1948 3857 2259 3925 comperit:
2293 3855 2378 3909 leo
2405 3868 2643 3923 namque
2668 3844 2864 3907 rorata
2888 3867 3025 3922 apro
3057 3852 3112 3906 in
3146 3852 3264 3922 ipsa
3311 3851 3399 3906 via
3432 3849 3534 3906 de-

1949 3949 2237 4002 cubuerat.
2269 3946 2468 4001 Turbae
2494 3946 2678 4014 itaque
2702 3955 2758 3999 et
2780 3945 2959 3998 leonis
2985 3944 3241 4014 vestigia,
3293 3950 3352 3997 et
3402 3956 3535 3997 san-

1949 4040 2172 4111 guinem
2225 4038 2346 4109 apri
2399 4054 2497 4108 per
2549 4041 2692 4092 viam
2734 4034 3254 4106 deprehendentes,
3305 4033 3536 4089 veniunt

1950 4131 2156 4187 turbati
2214 4132 2282 4185 ad
2341 4139 2618 4195 sanctum,
2667 4138 2970 4200 rogantque
3031 4135 3094 4179 ut
3142 4124 3269 4179 inde
3318 4124 3534 4179 leonem

1949 4223 2150 4295 abigat.
2203 4221 2306 4288 Qui
2365 4222 2765 4292 discipulorum
2815 4217 3144 4289 quempiam
3210 4230 3530 4271 accersens:

1953 4316 2124 4378 Vade,
2147 4314 2352 4382 inquit,
2373 4313 2440 4367 ad
2465 4312 2683 4367 leonem
2705 4321 2759 4366 et
2781 4312 2871 4389 die
2893 4310 3029 4380 ipsi:
3062 4308 3188 4363 llaec
3220 4307 3531 4374 renuntiari

269 4395 448 4458 συθεὶς
483 4398 635 4466 παρά
683 4398 774 4452 τὸν
821 4400 1032 4462 λέοντα,
1067 4400 1171 4471 ἔφη
1198 4441 1213 4465 ,
1248 4404 1386 4457 Τάδε
1419 4403 1566 4472 λέγει
1598 4403 1843 4472 Συμεὼν,

1949 4407 2107 4477 jubet
2133 4405 2398 4477 Symeon:
2434 4404 2602 4460 Recte
2627 4403 2868 4459 cilicium
2922 4411 3076 4456 tuum
3130 4400 3346 4466 fecisti;
3383 4414 3534 4453 nunc

268 4487 394 4538 είπὲ
430 4488 563 4558 πρὸς
593 4491 776 4542 αὐτόν’
806 4491 1004 4552 Καλῶς
1031 4492 1514 4564 δωκονησάμενος,
1537 4495 1692 4548 ἄπιθι
1719 4496 1844 4564 τόγε

267 4579 369 4632 νῦν
418 4579 687 4650 ἔχθηὲως
735 4582 803 4635 ἀν
833 4583 989 4646 αὖθις
1035 4585 1196 4654 χρεία
1227 4604 1322 4639 σου
1368 4588 1616 4657 γένηται.
1645 4587 1753 4640 Τοῦ
1788 4581 1846 4641 δὲ

267 4671 350 4740 τῷ
406 4671 579 4724 λέοντι
629 4672 802 4726 ταῦτα
847 4671 1114 4738 εἰπόντος,
1157 4678 1394 4741 ἀναστὰς
1447 4681 1505 4731 ἐν
1550 4678 1848 4749 ὀφθαλμοῖς

271 4764 532 4818 ἁπάντων
570 4765 772 4830 εὐθέως
803 4769 1008 4831 ἐκεῖνος
1038 4769 1132 4822 ἐπὶ
1161 4769 1228 4822 τὰ
1257 4769 1355 4839 τῆς
1388 4771 1712 4835 Λαοδικείας
1736 4771 1836 4843 ὅρη

270 4853 470 4922 ἐχώρει
493 4870 507 4884 ⁸
535 4855 742 4908 ἐκεῖθεν
766 4857 876 4928 γὰρ
904 4857 1170 4928 ἐτύγχανε
1199 4860 1294 4912 καὶ
1324 4859 1566 4931 κληθεὶς,
1604 4863 1848 4932 παραδο-

183 4941 188 4944 ’
274 4941 502 5011 εοτέραν
558 4947 656 5015 τῆς
715 4947 963 5018 κλήσεως
1008 4951 1108 5020 τὴν
1150 4949 1499 5023 ἀναχώρησιν
1534 4952 1844 5028 “me”

273 5031 373 5084 καὶ
399 5031 464 5086 δι’
487 5034 691 5104 ἀμφοῖν
721 5035 945 5107 μᾶλλον.

1956 4499 2125 4570 igitur
2147 4499 2297 4552 abito
2315 4497 2466 4561 licet,
2491 4497 2669 4552 donec
2699 4497 2899 4551 iterum
2930 4510 3066 4550 usus
3090 4495 3168 4565 tui
3202 4494 3393 4548 fuerit.
3451 4493 3532 4548 Eo

1954 4591 2035 4646 sic
2061 4591 2277 4644 leonem
2307 4591 2570 4651 allocuta,
2597 4595 2915 4658 surgentem
2950 4587 3101 4640 illico
3114 4585 3301 4640 videre
3321 4585 3531 4647 cuncti,

1954 4688 2116 4750 atque
2140 4680 2434 4736 abeuntem
2461 4679 2516 4734 in
2545 4688 2763 4734 montes
2793 4677 3085 4737 Laodiceae
3115 4675 3266 4746 (inde
3295 4689 3532 4744 namque

1952 4779 2213 4826 evocatus
2241 4771 2439 4848 fuerat)
2499 4769 2742 4838 fecitque
2798 4783 3079 4824 recessum
3144 4766 3531 4822 admirabilio-

1954 4878 2093 4940 rem,
2153 4877 2316 4932 quam
2358 4861 2542 4916 fuerat
2592 4875 2874 4924 accessus,
2940 4873 3256 4930 quanquam
3299 4865 3535 4927 uterque

1956 4957 2318 5013 admirandus
2345 4970 2510 5025 quam
2543 4953 2798 5009 maxime.

1687 5161 1915 5219 CAPUT
1954 5163 2122 5218 XXV.

1048 5267 1317 5321 lncreduli
1347 5272 1647 5338 puniuntur
1675 5288 1693 5326 :
1724 5275 1960 5328 conuersi
1998 5285 2255 5328 curantur
2298 5292 2315 5329 :
2356 5276 2464 5329 alia
2492 5275 2765 5344 beneﬁcia.

351 5386 455 5435 aa'.
492 5379 781 5450 Θαύματος
826 5378 1066 5444 ἐξαισίου
1122 5383 1248 5446 τοὺς
1286 5384 1527 5454 ὁρῶντας
1565 5386 1854 5457 πληρῶσαι

276 5476 508 5546 πλησίον
563 5475 663 5544 τῆς
721 5476 1017 5545 Ἀντιόχου.
1078 5478 1137 5529 ὲν
1192 5481 1258 5548 τῇ
1301 5479 1569 5551 λεγομένη
1622 5481 1852 5554 Ἀπάτη,

296 5569 550 5639 Ἰσαύρων
583 5569 946 5636 ἐργαστήριον
980 5562 1069 5638 ἦν,
1101 5570 1586 5638 χειροτεχνούντων
1629 5573 1686 5625 ἰν
1734 5575 1857 5635 ταῖς

279 5660 610 5730 οἱκοδομίαις
653 5659 748 5712 καὶ
776 5659 1061 5728 λατομίαις
1095 5661 1201 5713 τῶν
1227 5664 1324 5733 τῆς
1367 5664 1576 5727 πόλεως
1610 5663 1852 5733 τειχέων.

289 5753 496 5809 ιοὶτων
538 5746 641 5817 εἷς,
681 5749 803 5819 ἄρτι
837 5752 936 5820 τὴν
973 5752 1187 5821 ἠλικίαν
1235 5730 1458 5822 ἀνθῶν,
1484 5754 1550 5808 τὰ
1587 5730 1856 5825 Ἑλλήνων

2028 5391 2154 5445 201.
2189 5392 2284 5445 Est
2313 5407 2421 5446 non
2455 5392 2647 5462 procul
2678 5391 2990 5453 Antiochia,
3018 5389 3073 5443 in
3105 5388 3226 5444 loco
3252 5389 3425 5460 Apate
3447 5390 3538 5446 di-

1959 5491 2070 5548 cto,
2133 5485 2445 5539 Isaurorum
2505 5482 2757 5544 officina,
2817 5481 3082 5536 mirabilis
3139 5482 3204 5534 ad
3257 5491 3537 5552 stuporem

1959 5576 2351 5643 spectantium,
2417 5590 2470 5628 In
2505 5589 2613 5642 qua
2678 5571 2954 5627 caedendis
3005 5570 3280 5640 lapidibus
3326 5571 3392 5626 ad
3433 5572 3535 5628 do-

1959 5682 2149 5720 muum
2182 5680 2579 5735 murorumque
2608 5663 2852 5718 civitatis
2870 5677 3026 5718 usum
3052 5663 3311 5717 insudant
3343 5678 3538 5732 Opera-

1961 5755 2051 5810 rii.
2083 5755 2289 5810 Horum
2323 5771 2488 5820 unus,
2524 5763 2683 5808 :etate
2717 5753 2940 5816 ﬂorens,
2975 5752 3193 5823 gentilis
3249 5755 3538 5826 religione,
