4078 6332
646 368 778 432 δῖίῖτ

1845 368 1902 426 S.
1943 363 2318 427 SYMEONIS
2354 363 2715 424 JUNIURIS

3764 355 3885 417 3353

644 476 953 532 columnam
1000 475 1269 540 ascendit,
1317 475 1679 529 admiratione
1734 475 1947 543 plenus,
1993 488 2222 525 narrans

2325 470 2518 539 ὄρθρον
2554 468 2721 536 ἀνέϐη
2778 466 2927 535 παρά
2969 464 3058 517 τὸν
3109 465 3320 526 στύλον,
3358 463 3637 534 θαύματος
3691 463 3884 531 γέμωνἶ

643 580 769 620 cum
804 575 1051 636 stupore,
1076 581 1199 634 qua:
1222 567 1486 621 vidisset:
1516 564 1613 619 sed
1648 565 1849 633 reperit
1869 565 2004 617 alios
2027 562 2215 630 majori

642 665 869 726 stupore
928 657 1257 726 completos,
1312 655 1457 725 quod
1506 655 1640 725 ipsi,
1690 668 1810 722 qua:
1869 652 2014 707 circa
2065 651 2218 704 illum

642 754 794 816 gista
826 744 1067 810 fuerant,
1088 747 1203 816 jam
1230 753 1546 799 narrassent
1581 744 1726 797 inter
1754 757 1833 805 se,
1865 741 2091 795 alterius
2124 740 2232 798 ad-_

643 848 870 891 ventum
898 845 1309 907 prmvertentes.
1348 835 1423 889 lta
1469 836 1690 888 divinus
1734 832 1989 903 Symcon,
2021 832 2221 887 crassi-

644 927 774 981 tiem
813 941 1030 980 omnem
1062 926 1520 993 aﬂ'ectionemque
1548 924 1880 977 materialem
1915 932 2219 992 transgres-

644 1033 758 1077 sus,
794 1016 1085 1085 beatisque
1111 1016 1219 1068 illis
1254 1016 1533 1092 mentibus
1564 1029 1621 1067 se
1653 1015 1879 1083 prepius
1917 1012 2219 1082 adiungens

641 1120 805 1180 atque
829 1118 991 1164 utens
1024 1109 1393 1173 familiariter,
1448 1110 1613 1161 multa
1654 1118 1767 1161 tum
1808 1107 1991 1160 futura
2024 1106 2219 1175 praavi-

642 1200 744 1262 dit,
775 1210 887 1252 tum
905 1201 1066 1268 longe
1090 1212 1120 1253 a
1142 1214 1198 1253 se
1228 1208 1433 1253 remota
1457 1199 1624 1252 veluti
1651 1197 1938 1265 praesentia
1960 1198 2216 1261 inspexit.

641 1290 747 1344 Sed
780 1300 997 1357 tempus
1033 1296 1117 1343 est
1149 1289 1217 1342 ad
1264 1290 1370 1343 alia
1415 1288 1752 1344 transeundi.

722 1379 837 1432 '98.
879 1379 975 1432 Vir
1007 1379 1229 1449 quidam
1258 1394 1289 1432 e
1312 1393 1544 1433 numero
1581 1378 1797 1431 illorum
1836 1377 1930 1447 qui
1962 1392 2063 1446 pro
2091 1376 2220 1432 3di-

643 1469 788 1521 iictis
832 1467 1074 1521 civitatis
1104 1466 1315 1535 lapides
1356 1467 1593 1529 cadunt,
1636 1466 1774 1519 mala
1810 1466 2074 1519 daemonis
2100 1478 2219 1519 arte

641 1558 928 1612 mutilatos
956 1557 1182 1612 sinistro
1212 1556 1394 1620 oculo,
1430 1556 1685 1611 mercede
1711 1570 1873 1624 quam
1907 1569 2009 1623 pro
2032 1553 2218 1607 labore

640 1664 901 1703 manuum
918 1650 1216 1716 accepisset
1245 1647 1562 1717 privabatur
1586 1664 1599 1699 :
1619 1657 1930 1701 eratantem
1953 1647 2215 1715 singulari

640 1741 696 1794 in
734 1750 982 1794 sanctum
1012 1740 1210 1794 fiducia
1236 1741 1645 1801 corroboratus,
1679 1749 1871 1793 cmtcra
1907 1740 2094 1810 pingui
2130 1740 2217 1793 in-

2322 561 2415 613 καὶ
2450 562 2546 613 σὺν
2590 558 2849 626 ἐκπλήξει
2888 556 3283 627 ἀφηγούμενος
3304 557 3446 626 ἅπερ
3481 556 3615 608 ἴδοιο
3649 553 3887 624 εὑρίσκει

2318 653 2373 705 δὲ
2396 653 2521 714 τοὺς
2550 649 2768 713 λοιποὺς
2800 650 3005 718 μείζονι
3036 647 3234 717 θάμϐει
3258 647 3763 716 κατειλημμένους,
3788 646 3887 714 ὅσῳ

2319 743 2386 795 τὰ
2419 744 2497 805 εἱς
2526 742 2685 795 αὑτὸν
2714 740 2975 808 γεγονότα
3011 739 3304 807 φθάνοντες
3352 738 3552 807 μᾶλλον
3617 738 3781 790 αὐτοὶ
3814 736 3886 788 δι-

2328 834 2578 904 εξῄεσαν.
2602 831 2788 894 Οὕτως
2808 835 2835 885 ὀ
2859 832 2999 895 θεῖος
3025 830 3250 900 Συμεὼν
3278 829 3566 898 παχύτητα
3596 831 3783 881 πᾶσαν
3808 828 3887 881 καὶ

2322 927 2505 993 σχέσιν
2567 923 2755 994 ὑλικὴν
2797 923 3169 993 ὑπεραναϐἀς,
3201 924 3267 991 τῇ
3317 938 3377 973 τε
3436 920 3694 990 μακαρίᾳ
3740 920 3886 989 φύσει

2321 1014 2514 1067 ἑαυτὸν
2552 1015 2629 1077 ὡς
2662 1014 2789 1081 ἐνῆν
2830 1013 3073 1080 συνάψας
3102 1013 3198 1065 καὶ
3238 1010 3562 1073 οἱκειώσας,
3600 1010 3775 1062 πολλά
3806 1011 3888 1061 καὶ

2321 1105 2426 1156 τῶν
2481 1104 2781 1173 μελλόντων
2835 1102 3187 1173 προϐλέπειν,
3214 1103 3325 1155 τῶν
3381 1120 3440 1154 τε
3481 1101 3590 1154 ἀπὸ
3624 1100 3885 1171 μακρόθεν

2318 1195 2502 1265 διορᾷν
2526 1194 2601 1256 ὡς
2628 1196 2870 1262 παρόντα
2902 1194 3119 1261 ἠξίωτο.
3151 1193 3289 1260 Ὥρα
3316 1193 3370 1245 δὲ
3401 1193 3500 1262 ήδη
3534 1193 3633 1245 καὶ
3668 1192 3804 1261 πρὸς
3825 1192 3887 1241 τὰ

2320 1285 2445 1353 ἑξῆς
2481 1283 2802 1352 μεταδιτιναι.

2393 1375 2535 1445 ριιη’.
2576 1374 2739 1444 ’Δνήρ
2787 1392 2871 1437 τις
2922 1374 3029 1425 τῶν
3063 1375 3119 1423 έν
3143 1375 3260 1434 ταῖς
3290 1372 3598 1440 οἰκοδομαῖς
3645 1374 3748 1441 τῆς
3794 1374 3885 1425 1:6-

2318 1468 2454 1528 λεως
2481 1463 2876 1533 λατομούντων.
2910 1465 3000 1516 τὸν
3032 1462 3307 1532 εὐώνυμον
3337 1463 3614 1533 ὀφθαλμὸν
3642 1463 3884 1533 δαίμονος

2319 1560 2554 1630 ἐπηρείᾳ
2585 1560 3008 1629 πεπηρωμένος,
3038 1559 3098 1611 τὸ
3123 1557 3391 1629 μίσθωμα
3437 1558 3528 1612 τοῦ
3556 1560 3669 1613 τῶν
3698 1560 3886 1629 χειρῶν

2320 1651 2479 1705 πόνου
2504 1650 2860 1722 διασεσύλητο
2882 1668 2896 1683 ο
2929 1652 2986 1714 ὃς
3014 1651 3082 1705 τὰ
3116 1651 3213 1721 μὲν
3236 1651 3372 1706 ἄλλα
3396 1655 3572 1723 παχὺς
3592 1649 3662 1720 ἦν
3690 1670 3772 1714 τις
3796 1654 3882 1705 καὶ

2319 1741 2625 1812 ἀγροικίας,
2651 1745 2749 1813 τὴν
2799 1744 2856 1795 δὲ
2891 1744 3026 1813 πρὸς
3061 1744 3150 1796 τὸν
3178 1745 3372 1811 Ἀγιον
3398 1746 3584 1797 πίστιν
3614 1746 3715 1797 καὶ
3754 1744 3883 1812 μάλα

640 1831 805 1901 genio
836 1840 891 1885 et
922 1831 1143 1885 rusticis
1165 1830 1433 1885 moribus.
1462 1832 1619 1885 Venit
1650 1831 1736 1883 ille
1767 1831 1833 1882 ad
1866 1830 2215 1898 Symeonem,

2324 1804 2551 1907 ἔρρωτο.
2586 1804 2755 1898 tib-ro;
2801 1836 2879 1903 τῷ
2937 1804 3164 1905 ἐνήμεὼν
3223 1804 3562 1908 προσελθὼν,
3618 1804 3785 1897 πολὺς
3821 1830 3880 1903 ἦν

639 1931 715 1994 et_
735 1930 882 1977 totus
906 1922 1060 1976 humi
1092 1924 1405 1992 procidens,
1437 1921 1985 1991 pecuniaﬁscturam
2015 1924 2220 1977 lamen-

642 2012 884 2066 tabatur.
914 2013 1151 2069 Sanctus
1175 2030 1308 2068 vero
1348 2015 1582 2085 Symeon
1609 2016 1698 2068 vix
1732 2017 1946 2069 tandem
1980 2016 2218 2069 levatum

641 2102 922 2157 hominem
968 2104 1410 2173 appropinquare
1459 2106 1652 2173 iussit,
1701 2121 1934 2173 cumque
1986 2106 2219 2174 inexpu-

639 2195 859 2265 gnabile
894 2196 1075 2249 crucis
1099 2195 1397 2249 Dominicaa
1427 2196 1645 2265 signum
1685 2197 1790 2264 ipsi
1822 2196 2217 2264 impressisset;

638 2284 845 2353 ejulare
889 2285 1156 2339 continuo
1186 2284 1459 2353 malignus
1502 2284 1752 2352 spiritus,
1798 2285 2073 2338 hominem
2104 2283 2220 2338 fere

638 2372 928 2435 dilaniare,
984 2388 1049 2427 ac
1091 2373 1373 2442 postulare
1418 2372 1758 2427 missionem.
1808 2373 2001 2427 Statim
2053 2373 2219 2441 igitur

637 2477 765 2517 cum
790 2463 1161 2532 increpatione
1186 2462 1504 2532 expellitur,
1528 2471 1585 2515 et
1616 2478 1760 2533 aegro
1792 2462 2033 2517 hominis
2061 2463 2220 2517 oculo

636 2551 1012 2621 perspicacius
1047 2568 1210 2621 quam
1242 2563 1560 2621 speraverat
1604 2554 1791 2607 lumen
1826 2550 2126 2620 redditur;
2159 2565 2220 2617 ut

639 2644 813 2695 multo
843 2643 1203 2697 excellentius
1238 2643 1445 2698 donum
1494 2652 1642 2699 esset
1669 2659 1831 2713 quam
1860 2645 2111 2714 petierat,
2152 2659 2219 2703 eo

639 2735 758 2787 fere
785 2749 894 2802 quo
918 2734 1067 2788 Sauli
1092 2734 1323 2805 contigit
1350 2735 1536 2800 modo,
1562 2735 1692 2789 licet
1724 2736 1815 2790 ille
1841 2734 2046 2807 [asinas
2071 2756 2221 2809 qua-.-

639 2821 789 2894 rens]
833 2838 1059 2893 regnum
1102 2823 1439 2889 obtinuerit;
1470 2825 1723 2893 quamvis
1750 2835 1806 2880 et
1835 2826 1983 2880 oculi
2033 2827 2218 2883 lumen

641 2917 762 2985 ipso
811 2930 980 2985 regno
1030 2916 1190 2985 longe
1244 2917 1601 2986 prmstantius
1637 2916 1728 2970 sit.
1772 2914 1888 2971 Hoc
1932 2918 2023 2972 ille
2059 2920 2220 2974 modo

639 3007 929 3061 sanitatem
953 3017 1309 3071 consecutus,
1334 3016 1483 3062 tanta
1503 3007 1868 3063 admiratione
1887 3018 2221 3080 stuporeque

640 3098 930 3166 perculsus
960 3099 1084 3161 fuit,
1112 3107 1173 3152 ut
1207 3099 1499 3154 deﬁciente
1525 3115 1659 3154 voce
1691 3100 2098 3156 obmutesceret
2123 3122 2134 3154 :
2167 3112 2222 3156 at

639 3191 875 3260 Symeon
900 3200 1115 3267 secreto
1148 3190 1223 3244 ita
1249 3190 1402 3245 illum
1432 3192 1704 3246 allocutus
1733 3201 1847 3246 est:
1878 3192 2103 3246 Multum
2135 3190 2221 3246 in-

642 3286 812 3332 terest
843 3276 1190 3333 discriminis
1211 3279 1399 3333 lumen
1431 3280 1577 3333 inter
1605 3289 1659 3333 et
1682 3281 1993 3349 pecuniam,
2022 3281 2223 3351 gratias

638 3385 738 3439 age
761 3370 893 3433 Deo,
918 3370 1013 3439 qui
1041 3368 1187 3450 quod
1213 3369 1410 3424 melius
1432 3371 1663 3440 largitus
1690 3370 1786 3424 tibi
1807 3378 1912 3432 est,
1934 3378 2223 3440 potestque

643 3462 809 3516 etiam
836 3462 983 3532 quod
1006 3462 1171 3517 vilius
1194 3462 1402 3517 donare
1426 3480 1439 3516 :
1469 3462 1605 3517 vade
1634 3462 1819 3532 igitur,
1847 3470 1902 3515 et
1933 3462 2221 3531 pristinam

648 3562 803 3608 recte
832 3554 1053 3608 vivendi
1094 3570 1344 3608 normam
1392 3562 1517 3623 tene
1555 3570 1568 3605 :
1607 3553 1687 3609 sic
1724 3564 2004 3621 nunquam
2035 3553 2223 3622 despi-

643 3646 755 3701 ciet
796 3653 849 3699 te
894 3645 1061 3708 Deus,
1103 3645 1200 3699 sed
1234 3644 1419 3699 subito
1456 3659 1650 3698 aurum
1700 3658 1920 3713 quoque
1951 3643 2219 3697 invenies.

642 3736 859 3803 Quibus
888 3736 1073 3796 dictis,
1096 3735 1322 3790 revertit
1348 3734 1439 3789 ille
1464 3734 1726 3803 gaudens.
1754 3748 1862 3787 non
1890 3733 2054 3787 modo
2076 3734 2222 3803 quod

644 3829 843 3882 melius
876 3843 934 3883 se
965 3828 1213 3890 haberet,
1242 3827 1418 3895 eiecto
1439 3825 1685 3879 daemone
1710 3834 1873 3895 atque
1902 3827 2062 3880 oculo
2087 3841 2225 3895 prae-

644 3929 730 3975 ter
762 3934 914 3989 spem
955 3918 1502 3979 illuminato,~verum
1544 3917 1707 3971 etiam
1748 3926 1970 3985 propter
2013 3916 2225 3985 pollici-

646 4011 907 4067 tationem
960 4008 1303 4064 inveniendat
1350 4008 1600 4077 pecunia:
1641 4024 1655 4059 :
1690 4022 1852 4077 quam
1892 4007 2084 4076 ipsam,
2128 4008 2221 4061 ubi

644 4101 873 4155 domum
906 4101 1186 4167 attigerat,
1224 4100 1280 4153 in
1326 4098 1468 4152 lecto
1515 4097 1745 4165 reperit,
1796 4098 1948 4151 velut
1991 4098 2220 4151 alterum

644 4190 931 4244 oculorum
976 4189 1160 4243 lumen
1220 4205 1236 4241 :
1292 4186 1741 4257 quandoquidem
1790 4186 1937 4240 illius
1978 4186 2225 4242 defectus

648 4292 874 4352 propter
917 4281 1177 4349 inopiam,
1217 4281 1394 4349 ipsum
1440 4296 1551 4334 non
1586 4278 1771 4333 minus
1815 4294 1976 4349 quam
2011 4280 2227 4334 caecitas

649 4374 871 4427 anxium
916 4371 1176 4425 habebat.

2327 1928 2535 1995 ῥίπτων
2595 1926 2739 1979 κατά
2785 1927 2889 1993 γῆς
2935 1927 3146 1989 ἑαυτὸν,
3178 1929 3273 1980 καὶ
3327 1927 3424 1995 τὴν
3466 1926 3562 1978 τοῦ
3610 1929 3881 1996 χρήματος

2323 2017 2596 2087 ἀπώλειαν
2632 2017 2976 2085 ὀδυρόμενος.
3014 2017 3071 2069 ὐ
3098 2017 3152 2069 δὲ
3187 2018 3339 2085 μόλις
3364 2018 3525 2069 αὑτὸν
3557 2018 3879 2084 ἀναστήσας,

2322 2108 2559 2175 έγγίζειν
2589 2108 2895 2163 ἐκέλευσενι
2935 2107 3007 2171 ὡς
3032 2108 3090 2161 δὲ
3120 2110 3215 2162 καὶ
3242 2109 3333 2160 τὸν
3374 2110 3588 2177 ἄμαχον
3619 2108 3768 2177 αὑτῷ
3800 2108 3882 2159 καὶ

2322 2198 2649 2252 Δεσποτικδν
2697 2197 2943 2251 ἐπιϐάλοι
3001 2198 3097 2251 τοῦ
3146 2198 3378 2263 σταυροῦ
3416 2199 3608 2260 τύπον,
3635 2196 3882 2264 ὠλόλυξεν

2320 2289 2515 2341 αὐτίκα
2543 2291 2603 2341 τὸ
2638 2289 2875 2357 πνεῦμα,
2898 2290 3103 2343 καὶτὸν
3127 2291 3412 2358 ἄνθρωπον
3445 2290 3645 2359 μικροῦ
3677 2291 3879 2361 διερρήέ

2320 2395 2442 2444 γνυ,
2470 2380 2561 2431 καὶ
2584 2380 2917 2449 ἀπολυθῆναι
2944 2382 3133 2434 τούτου
3168 2383 3356 2436 ἐδεῖτο.
3384 2368 3491 2436 καὶ
3517 2384 3578 2436 τδ
3612 2385 3715 2453 μὲν
3736 2384 3880 2445 εὐθὺς

2322 2470 2641 2540 ὲπιτιμηθὲν
2684 2472 3048 2525 ἀπελαύνεται
3074 2488 3089 2501 ’
3121 2472 3197 2541 τῷ
3232 2474 3288 2526 δὲ
3336 2475 3428 2527 τοῦ
3463 2475 3764 2544 πάσχοντος
3794 2476 3877 2540 ὀφ-

2320 2563 2509 2632 θαλμῷ
2525 2566 2770 2631 κρεῖττον
2785 2561 2863 2635 [ἢ]
2888 2565 3006 2616 κατ’
3035 2566 3225 2618 ἐλπίδα
3248 2568 3308 2619 τὸ
3330 2567 3447 2634 φῶς
3471 2569 3795 2629 ἀποδίδοται,
3814 2568 3876 2626 ὡς

2321 2648 2459 2704 ε’ναι
2485 2650 2580 2705 τοῦ
2608 2652 2921 2719 αἰτηθέντος
2951 2654 3134 2721 μεῖζον
3165 2656 3315 2724 παρά
3336 2657 3469 2709 πολὺ
3496 2659 3557 2711 τὸ
3584 2660 3755 2722 δοθὲν,
3774 2675 3879 2712 κατ’

2322 2741 2485 2794 αὑτὸν
2516 2741 2607 2793 τὸν
2639 2742 2834 2805 Σαοὺλ,
2871 2744 2919 2796 εί
2946 2745 3039 2797 καὶ
3067 2745 3365 2815 πάρεργον,
3400 2748 3678 2818 βασιλείαν
3700 2754 3878 2824 εὑρεῖν,

2322 2833 2437 2888 ἀλλ’
2470 2834 2570 2886 οὐκ
2598 2833 2878 2903 ὀφθαλμοῦ
2914 2834 3048 2901 φῶς,
3080 2836 3109 2889 ὅ
3147 2838 3242 2891 καὶ
3271 2838 3549 2906 βασιλείας
3813 2860 3879 2895 tta

2329 2925 2615 2998 μιώτερον.
2678 2928 2736 2980 '0
2779 2930 2877 2997 μὲν
2923 2925 3018 2983 οὖν
3058 2931 3355 2999 θεραπείας
3394 2933 3653 3002 τοιαύτης
3703 2933 3879 3002 τυχὼν,

2319 3013 2489 3076 οὕτως
2521 3015 2625 3067 ὑπὸ
2656 3016 2748 3066 τοῦ
2777 3014 3051 3081 θαύματος
3074 3016 3521 3083 καταπέπληκτο,
3551 3014 3629 3076 ὠς
3655 3014 3747 3066 καὶ
3775 3030 3872 3077 φω-

2326 3106 2421 3173 νὴν
2451 3104 2613 3157 αὑτὸν
2639 3104 3032 3158 ἐπιλελοιπέναι
3051 3122 3067 3137 ·
3096 3106 3277 3174 ἠρέμα
3292 3104 3353 3167 δὲ
3384 3104 3521 3174 πρὸς
3542 3104 3710 3157 αὑτὸν
3732 3106 3759 3156 ὀ
3787 3103 3872 3155 Συ-

2328 3195 2494 3264 μεὼν,
2524 3196 2597 3247 Τὸ
2633 3196 2769 3262 φῶς,
2796 3196 2918 3263 ἐφη,
2948 3194 3041 3249 τοῦ
3066 3196 3287 3265 χρυσίου
3323 3196 3457 3248 πολὺ
3487 3197 3735 3267 διαφέρει
3754 3212 3768 3225 ο
3800 3195 3872 3246 εὑ·

2325 3287 2570 3356 χαρίστει
2602 3287 2780 3339 τοίνυν
2811 3287 2929 3354 Θεῷ
2967 3287 3045 3356 τῷ
3090 3287 3157 3338 τά
3192 3287 3362 3351 μείζω
3396 3289 3767 3357 χαρισαμένῳ,
3795 3286 3873 3338 καὶ

2322 3377 2547 3438 δυνατὸς
2578 3376 2738 3438 αὐτὸς
2780 3376 3110 3444 παρέξεσθαι
3153 3378 3247 3429 καὶ
3292 3378 3353 3427 τδ
3383 3377 3625 3431 ἔλαττον.
3656 3375 3870 3444 Πορεύου

2322 3465 2609 3534 τοιγαροῦν
2631 3465 2884 3535 ἐχόμενος
2907 3463 3006 3531 τῆς
3034 3466 3224 3531 πρώην
3259 3464 3569 3532 εὐθύτητος,
3597 3466 3692 3517 καὶ
3714 3462 3872 3515 οὐκέτι

2324 3556 2625 3625 παρόψεται
2674 3572 2754 3618 σε,
2788 3554 2923 3607 ἀλλά
2959 3555 3095 3623 ταχὺ
3134 3556 3232 3607 καὶ
3272 3555 3332 3607 τὸ
3362 3555 3585 3624 χρυσίον
3624 3556 3870 3625 εὑρήσεις.

2272 3698 2275 3701 ,
2323 3648 2433 3700 Καὶ
2458 3649 2485 3699 ὀ
2512 3648 2609 3717 μὲν
2645 3648 2868 3717 ἐπανῄει
2894 3647 3121 3716 χαίρων,
3156 3646 3253 3714 οὑχ
3285 3639 3367 3707 οἷς
3390 3643 3451 3698 εὖ
3473 3646 3768 3713 τηνικαῦτα
3794 3658 3873 3694 πε·

2326 3730 2509 3789 πόνθοι
2572 3737 2751 3804 μόνον,
2783 3739 2849 3805 τῇ
2873 3752 2931 3787 τε
2960 3736 3052 3787 τοῦ
3088 3736 3338 3802 δαίμονος
3362 3734 3653 3806 ἀπαλλαγῇ
3676 3733 3872 3803 δηλαδὴ.

2322 3826 2418 3879 καὶ
2443 3828 2507 3895 τῇ
2531 3825 2624 3877 τοῦ
2648 3824 2927 3893 ὀφθαλμοῦ
2958 3828 3086 3895 παρ’
3110 3825 3299 3877 ἐλπίδα
3329 3824 3517 3895 ῥώσει,
3548 3825 3683 3878 ἀλλὰ
3706 3825 3789 3877 καί
3807 3815 3873 3880 οἷς

2323 3915 2653 3982 ἐπαγγελίας
2686 3915 2782 3982 τῆς
2815 3914 2907 3967 τοῦ
2945 3916 3227 3985 χρήματος
3267 3915 3538 3985 εὑρέσεως
3586 3915 3765 3984 τύχοι’
3796 3911 3872 3964 καὶ

2322 4008 2419 4074 τὴν
2451 4006 2624 4058 οἰκίαν
2650 4005 2989 4067 καταλαϐὼν,
3021 4006 3134 4073 φῶς
3157 4005 3344 4076 ὥσπερ
3370 4005 3535 4059 αὑτοῦ
3564 4010 3676 4068 τοῖς
3704 4004 3873 4074 ὀφθαλ-

2328 4102 2447 4168 μοῖς
2492 4097 2649 4150 τοῦτο
2696 4096 2968 4164 δεύτερον,
2998 4097 3089 4148 ἐπὶ
3120 4096 3221 4164 τῆς
3252 4098 3440 4165 κλίνης
3483 4098 3743 4168 εὑρίσκει,
3771 4093 3871 4146 ἐπεὶ

2325 4191 2420 4243 καὶ
2451 4189 2550 4258 τῆς
2575 4187 2897 4257 τυφλώσεως
2918 4188 3079 4240 αὑτὸν
3109 4189 3259 4242 οὐδὲν
3295 4185 3455 4260 ἦττον
3498 4191 3533 4259 ἡ
3562 4189 3659 4243 τοῦ
3678 4188 3869 4259 χρυσίου

2328 4264 2582 4351 στέρησις
2608 4280 2696 4334 διά
2719 4280 2911 4334 πενίαν
2937 4280 3145 4335 ἐλύπει.

721 4474 843 4529 199.
888 4474 1080 4528 Mulier
1102 4472 1348 4542 quaedam
1382 4473 1742 4538 Antiochena,
1771 4473 1951 4527 ablata
1977 4473 2123 4528 furto
2161 4490 2217 4528 re

2399 4457 2534 4527 ρψ.
2565 4459 2704 4527 Γυνή
2738 4476 2821 4522 τις
2869 4460 2933 4511 ὲκ
2958 4459 3061 4528 τῆς
3103 4460 3376 4531 Ἀντιόχου
3421 4463 3523 4533 τὴν
3551 4465 3737 4518 οὐσίαν
3758 4465 3869 4515 ἀπο-

649 4566 926 4631 familiari,
959 4565 1118 4621 ocius
1152 4564 1217 4618 ad
1254 4565 1563 4617 columnam
1607 4564 1919 4626 festinabat,
1959 4579 2219 4634 persuasa

650 4659 979 4714 calamitatis
1009 4674 1121 4711 sua:
1143 4674 1201 4712 se
1230 4656 1353 4710 istic
1375 4657 1675 4711 remedium
1703 4657 1783 4710 im
1797 4666 2071 4718 entnram,
2090 4672 2224 4725 quo-

651 4752 798 4807 niam
827 4751 1083 4821 prmclara
1106 4750 1158 4803 in
1180 4758 1427 4803 sanctum
1450 4749 1646 4802 liducia
1671 4748 1977 4812 ferebatur;
1997 4759 2052 4803 ct
2077 4749 2221 4819 quod

651 4843 854 4899 factum
882 4852 1000 4897 erat
1020 4858 1142 4895 cum
1165 4842 1375 4909 ploratur
1396 4841 1724 4909 explicabat.
1747 4840 1845 4893 Cui
1868 4841 1949 4893 vir
1970 4850 2221 4895 sanctus:

652 4935 948 4997 blalelicus,
987 4933 1186 5002 inquit,
1222 4933 1311 4986 illa
1344 4933 1559 4986 furatus
1593 4943 1677 4986 cst
1708 4949 1720 4983 :
1750 4932 1844 4986 sed
1890 4931 2048 4994 vade,
2090 4933 2226 4987 nihil

655 5028 896 5082 animum
927 5027 1299 5095 despondens,
1330 5026 1439 5080 imo
1464 5016 1629 5078 etiam
1663 5024 1833 5093 magis
1864 5024 2087 5084 conlisa,
2109 5023 2227 5077 vel-

658 5121 733 5174 uti
778 5120 820 5173 si
850 5120 916 5173 de
941 5119 1357 5187 rccupcrationc
1387 5127 1536 5171 certa
1561 5116 1724 5171 fores.
1756 5116 1951 5169 Audita
1978 5117 2076 5169 hac
2103 5132 2232 5185 pro-

658 5209 865 5278 pltctia,
886 5209 980 5262 illo
1002 5224 1096 5262 ore
1122 5210 1353 5276 prolata,
1373 5208 1514 5275 quod
1540 5207 1710 5275 gratia
1734 5216 1885 5260 certo
1902 5206 2227 5276 pnedicendi

658 5303 843 5354 futura
887 5300 1149 5353 donatum
1184 5310 1322 5360 erat,
1369 5316 1466 5369 pro
1500 5300 1784 5367 explorato
1826 5298 1935 5366 jam
1999 5298 2230 5351 habebat

660 5410 748 5448 res
772 5408 898 5446 suas
944 5394 1259 5460 dt‘pcrditas
1320 5394 1597 5446 restitutas
1630 5407 1785 5455 esse;
1833 5400 1994 5459 atque
2039 5390 2111 5444 ila
2149 5408 2234 5444 rc-

666 5483 866 5536 meavit
888 5483 1150 5552 gaudens,
1184 5482 1480 5549 animoque
1515 5496 1544 5534 a
1576 5481 1723 5534 curis
1768 5479 1965 5533 libero.
1994 5478 2236 5531 Interio-

665 5573 922 5641 nantibus
942 5583 1307 5627 revertentem
1334 5572 1550 5635 vicinis,
1567 5571 1697 5640 quid
1722 5570 1939 5625 tandem
1960 5569 2239 5623 enuntias-

669 5677 752 5717 sm.
778 5673 999 5717 sanctus
1024 5664 1090 5717 de
1123 5663 1287 5719 rebus
1315 5663 1531 5725 ablatis,
1563 5678 1623 5715 ac
1652 5663 1924 5732 prmcipue
1955 5661 2071 5730 ipso
2107 5659 2237 5713 furti

668 5763 913 5819 auctore,
944 5755 1027 5807 cui
1061 5755 1109 5807 id
1150 5754 1417 5824 imprimis
1444 5770 1587 5807 curae
1614 5761 1729 5806 erat
1762 5752 1903 5822 (nam
1930 5762 1979 5806 et
2011 5753 2123 5820 ipse
2156 5751 2237 5804 vi-

2330 4548 2623 4622 σεσύλητο·
2653 4551 2792 4621 αὕτη
2831 4550 3066 4621 δρομαία
3114 4554 3264 4621 παρά
3305 4554 3397 4607 τὸν
3429 4559 3621 4612 στύλον
3651 4558 3866 4617 ἐλθοῦσα,

2328 4652 2461 4703 ὅπου
2506 4656 2599 4703 καὶ
2640 4653 2739 4721 τῆς
2780 4655 3065 4721 συμφορᾶς
3108 4653 3285 4722 εὑρεῖν
3314 4652 3533 4721 ἐνόμιζε
3575 4652 3741 4715 λύσιν,
3772 4646 3869 4700 ἐπεὶ

2336 4743 2429 4795 καὶ
2450 4744 2681 4806 πίστεως
2710 4743 2789 4806 είς
2811 4743 2903 4795 τὸν
2929 4744 3119 4811 Ἀγιον
3136 4739 3245 4813 εἶχε
3264 4744 3647 4813 διαφερόντως,
3674 4741 3729 4794 τὸ
3748 4754 3867 4807 γεγο-

2333 4837 2420 4895 νδς
2471 4833 2813 4887 ἀπεκλαίετο.
2848 4835 2986 4902 Πρὸς
3020 4836 3086 4904 ἣν
3130 4838 3157 4887 ὁ
3199 4835 3340 4897 θεῖος
3373 4837 3544 4903 ἀνὴρ,
3584 4832 3867 4900 Κακοῦργος

2338 4927 2432 4995 μὲν
2464 4926 2710 4994 ὑφείλετο
2738 4925 2928 4990 ταῦτα,
2965 4927 3089 4993 ἔφη,
3133 4927 3270 4979 ἀλλὰ
3300 4928 3533 4995 πορεύου
3573 4927 3730 4995 μηδὲν
3762 4921 3864 4973 ἀθυ-

2339 5017 2537 5087 μοῦσα,
2564 5016 2868 5069 τούναντίον
2896 5016 2992 5085 μὲν
3022 5012 3113 5068 οὖν
3142 5016 3235 5068 καὶ
3260 5016 3551 5068 πεποιθυῖα
3584 5014 3787 5085 μᾶλλον,
3809 5008 3865 5066 ὡς

2336 5112 2395 5163 οη)
2419 5111 2516 5173 τῆς
2540 5110 2806 5180 εὑρέσεως
2831 5110 3006 5162 αὐτῶν
3036 5110 3377 5179 ἀοτοχήσεις.
3414 5110 3477 5161 'll
3504 5108 3560 5161 δὲ
3583 5108 3660 5177 τῷ
3684 5102 3866 5159 τοιαῦτα

2337 5204 2434 5271 τῆς
2465 5202 2803 5271 προφητικῆς
2829 5202 3039 5273 ἐκείνης
3068 5202 3296 5254 ἀκοῦσαι
3320 5201 3587 5269 γλώττης,
3610 5200 3701 5252 καὶ
3724 5198 3865 5260 λέγειν

2341 5291 2595 5359 ἀσφαλῶς
2646 5290 2708 5342 τὸ
2762 5289 2949 5358 μέλλον
2986 5289 3291 5358 ἡξιωμένης
3313 5330 3326 5349 ,
3360 5289 3654 5359 εὑρηκέναι
3697 5286 3780 5355 ἤδη
3816 5279 3867 5330 τὲ

2341 5384 2673 5444 ἀπολωλότα,
2708 5384 2801 5434 καὶ
2840 5383 2967 5453 παρ’
3007 5384 3170 5450 ἑαυτῇ
3224 5370 3495 5449 νομίσασα
3536 5382 3696 5450 ἔχειν,
3731 5376 3864 5428 οὓτως

2344 5474 2567 5545 ἐπανῄει
2598 5473 2880 5544 χαίρουσα,
2919 5476 3013 5525 καὶ
3048 5472 3315 5541 μερίμνης
3348 5472 3434 5522 ἐπ’
3465 5471 3650 5531 αὑτοῖς
3674 5468 3760 5534 τὴν

2342 5569 2443 5637 χὴν
2475 5565 2754 5636 ἐλευθέρα.
2785 5564 2905 5615 Τῶν
2943 5558 3035 5616 οὖν
3063 5564 3337 5631 γειτόνων,
3362 5564 3388 5613 ὅ
3413 5561 3462 5613 τί
3487 5578 3615 5614 ποτε
3648 5561 3743 5630 ἄρα
3768 5550 3865 5617 περὶ

2347 5659 2523 5712 αὐτῶν
2544 5661 2570 5709 ὁ
2600 5658 2788 5723 ’Ἄγιος
2819 5656 3049 5725 εἰρήκει,
3086 5652 3523 5721 πυνθανομένων,
3554 5653 3647 5704 καὶ
3679 5647 3863 5725 μάλιστα

2348 5749 2437 5801 τοῦ
2476 5749 2572 5817 τῆς
2602 5747 2804 5817 κλοπῆς
2842 5745 3161 5814 αὐτουργοῦ,
3198 5737 3239 5811 ᾧ
3272 5744 3358 5795 καὶ
3382 5742 3580 5810 μᾶλλον
3610 5738 3769 5795 αὐτῶν
3798 5723 3865 5789 ξλέ“
