4078 6332
276 385 416 451 31m
1271 392 1447 456 VITA
1489 389 1535 450 Α
1572 390 2009 453 NICEPHORO
2048 392 2532 455 CONSCRIP'I‘A.

3396 393 3542 457 3170

275 508 366 553 λον
393 494 460 571 ἦν
486 500 803 571 (γειτόνημα
829 501 939 568 γὰρ
959 504 1025 571 τῇ
1055 501 1275 567 γυναικὶ
1318 500 1411 553 καὶ
1433 493 1586 562 οὗτος
1624 501 1685 550 οὐ
1716 515 1851 568 χρη-

1966 501 2122 559 vinus
2144 513 2264 559 erat
2290 504 2508 558 mulieri
2541 519 2650 559 non
2679 504 2877 566 bonus)
2907 503 2997 557 illa
3024 502 3308 573 promissis
3344 504 3541 567 sancti,

275 592 402 644 στὸν
429 592 722 661 ἐτύγχανεν
753 591 873 659 ῶν),
908 593 1087 662 ἐκείνη
1119 596 1235 654 ταῖς
1258 592 1351 643 τοῦ
1372 591 1597 658 Συμεὼν
1618 592 1851 656 ἐπαγγε-

271 683 419 747 λίαις
482 684 555 745 ὡς
599 684 697 753 ήδη
745 684 1138 753 γεγενημέναις
1170 682 1559 754 ὲπιθαῤῥοῦσα,
1606 679 1851 750 Εῦρηκα,

275 774 451 841 ἔλεγε,
485 776 579 827 καὶ
610 775 677 826 τὰ
708 776 835 842 ἐμὲ.
866 777 967 827 κάν
988 775 1065 844 τῷ
1091 773 1208 843 ὲμῷ
1239 776 1414 828 πάντα
1442 775 1533 826 νῦν
1560 774 1853 826 ἀπόκειται

271 867 529 935 ταμιείῳ.
569 865 628 917 Ὀ
672 866 853 934 μέντοι
894 866 963 919 τὰ
1001 867 1293 936 κλέμματα
1322 867 1482 935 ἔχων.
1520 863 1649 934 παρ’
1678 861 1855 930 ἑαυτῷ

273 955 491 1006 κεῖσθαι
542 955 717 1007 ταῦτα
777 954 982 1024 μᾶλλον
1031 955 1215 1019 εἰδὼς,
1274 956 1383 1024 ὅσῳ
1432 954 1854 1026 περιεργότερον

272 1047 624 1108 ἐπυνθάνετο,
656 1045 895 1117 τοσούτῳ
921 1047 1082 1100 πλέον
1102 1042 1169 1117 ἦν
1196 1044 1560 1115 διαχλευάζων
1584 1044 1704 1097 καθ’
1731 1043 1857 1094 ἑαυ-

272 1137 367 1189 τὸν
397 1138 455 1189 τὸ
484 1142 716 1207 πρᾶγμα
756 1140 849 1191 καὶ
880 1140 1251 1216 μυκτηρίςων,
1284 1139 1377 1192 καὶ
1404 1138 1550 1209 σαφῆ
1576 1140 1857 1207 τιθέμενος

272 1228 519 1295 γέλωτα⁶
543 1229 657 1280 ἀλλ’
683 1231 762 1292 εἰς
788 1231 987 1298 μανίαν
1015 1230 1176 1292 εὐθὺς
1204 1233 1232 1281 ὁ
1275 1231 1491 1301 μυκτὴρ
1526 1221 1853 1300 μετεϐάλλε-

272 1338 355 1379 το.
386 1321 479 1373 καὶ
500 1321 771 1374 διαπετῶν
794 1318 860 1393 ἧν
888 1325 915 1375 ό
940 1322 1123 1384 ἄθλιος
1146 1324 1241 1385 τὰς
1266 1326 1476 1393 χεῖρας,
1510 1325 1601 1377 καὶ
1623 1325 1853 1390 δάκνων,

274 1414 366 1465 καὶ
407 1411 692 1477 δλολύζων,
729 1415 829 1484 τήν
858 1428 919 1466 τε
949 1414 1154 1481 κλοπὴν
1184 1415 1694 1484 ἐξομολογούμενος,
1720 1416 1856 1469 ὅπου

272 1520 330 1555 τε
360 1504 423 1554 τὰ
454 1503 633 1573 φώρια
677 1504 762 1573 εῐη
799 1503 1039 1574 μηνύων,
1071 1506 1165 1558 καὶ
1197 1506 1297 1559 ὅσα
1336 1506 1443 1559 τῶν
1476 1505 1858 1575 δαιμονῶντων

271 1596 482 1658 οὐδενὸς
522 1597 885 1666 ἀπεχόμενος.
928 1596 1009 1649 Τὰ
1059 1596 1157 1667 μὲν
1198 1593 1292 1651 οὖν
1330 1597 1621 1667 κλέμματα
1654 1598 1857 1669 ἠνέχθη

273 1690 453 1741 πάντα
478 1692 542 1760 τῇ
577 1688 813 1756 γυναικὶ,
857 1688 954 1757 οὐχ
986 1687 1355 1758 ἀτηνικαῦτα
1392 1692 1572 1760 μόνον,
1609 1691 1725 1743 ἀλλ’
1756 1692 1858 1744 ὅσα

270 1782 366 1833 καὶ
390 1780 581 1850 πρώην
604 1777 957 1832 ἀπολωλέκει.
999 1780 1057 1831 Ὀ
1079 1779 1136 1833 δὲ
1156 1780 1330 1833 ταῦτα
1352 1780 1592 1850 συλήσας
1616 1780 1857 1848 ὑπέμενε

1959 607 2217 665 tanquam
2249 596 2507 650 effectum
2524 596 2633 665 jam
2655 595 3024 658 tum-sortitis,
3056 594 3261 649 conlisa
3284 580 3542 663 :Reperi,

1958 689 2156 757 inquit,
2182 702 2323 749 mea,
2353 695 2409 739 et
2437 686 2489 739 in
2516 686 2754 759 armario
2774 687 2882 755 jam
2906 700 3054 738 nunc
3083 686 3318 752 reposita
3344 682 3541 736 habeo.

1957 780 2075 849 lpse
2092 794 2223 833 vero
2244 779 2336 846 qui
2362 777 2543 830 ablata
2565 760 2827 839 habebat,
2845 784 2901 829 et
2922 790 3090 843 penes
3106 789 3163 827 se
3186 774 3356 827 latere
3374 772 3545 840 probe

1957 869 2203 931 sciebat,
2246 878 2452 937 quanto
2488 867 2682 937 majori
2738 874 2851 919 tum
2898 865 3245 918 affectatione
3296 861 3546 917 sciscita-

1960 962 2142 1023 batur,
2188 968 2341 1013 tanto
2365 960 2507 1013 intra
2531 974 2589 1013 se
2617 957 2959 1027 petulantius
2989 954 3310 1009 Iudiﬁcabat
3344 952 3542 1005 mulie-

1959 1070 2074 1108 rem
2098 1069 2163 1108 ac
2191 1050 2477 1111 irridebat.
2503 1052 2613 1105 imo
2641 1050 2812 1103 risum
2841 1061 3063 1116 quoque
3088 1045 3263 1115 palam
3296 1041 3543 1098 tollebat.

1959 1147 2163 1200 Verum
2190 1145 2346 1200 ocius
2378 1144 2431 1197 in
2464 1142 2733 1197 insaniam
2766 1140 2962 1194 irrisor
2992 1154 3185 1193 versus
3214 1146 3327 1199 est;
3363 1144 3418 1189 et
3446 1151 3546 1189 ex-

1962 1237 2222 1292 tendebat
2250 1252 2445 1290 manus
2476 1234 2663 1288 infelix
2696 1232 3124 1300 arrodebatque.
3154 1238 3209 1283 et
3230 1228 3548 1284 clamitabat

1960 1330 2225 1384 miserum
2248 1329 2301 1381 in
2328 1327 2584 1391 modum;
2605 1326 2671 1379 ad
2697 1326 2812 1379 htec
2837 1323 3114 1378 fatebatur
3134 1320 3361 1382 furtum,
3382 1330 3440 1374 et
3462 1320 3547 1373 in-

1967 1421 2179 1476 iicabat
2206 1420 2298 1474 ubi
2330 1419 2667 1481 abdidisset;
2700 1416 2941 1486 denique
2969 1415 3109 1468 nihil
3148 1428 3255 1467 non
3284 1412 3547 1468 actitabat

1978 1528 2151 1567 eorum
2209 1527 2332 1583 quae
2401 1508 2719 1564 daemoniaci
2786 1508 2986 1563 solent.
3053 1504 3319 1561 Universa
3377 1504 3547 1573 igitur

1962 1603 2183 1658 mulieri
2226 1604 2397 1657 relata
2430 1610 2580 1663 sunt,
2607 1610 2715 1654 tam
2742 1614 2882 1668 qua
2916 1598 3125 1652 recenti
3167 1596 3316 1650 furto
3364 1595 3544 1650 ablata

1914 1752 1917 1755 _
1960 1706 2124 1759 quam
2140 1705 2261 1758 qua:
2277 1690 2411 1743 alias
2437 1687 2746 1742 desiderata
2772 1693 2951 1739 erant.
2972 1685 3173 1763 Verum
3203 1683 3297 1753 qui
3331 1681 3543 1737 furtum

1960 1781 2336 1841 commiserat,
2366 1778 2632 1849 pergebat
2660 1776 2895 1831 insideri
2932 1790 2961 1829 a
2986 1775 3259 1843 damone,
3292 1774 3547 1828 meritam

270 1868 562 1937 δαιμονῶν,
606 1870 699 1920 καὶ
730 1868 885 1933 δίκας
917 1867 1107 1938 ὥσπερ
1136 1869 1405 1939 τοσαύτης
1444 1870 1659 1932 ἀδικίας
1706 1868 1853 1922 ἐκτίο

1963 1870 2245 1940 iniustitiae
2270 1884 2383 1924 sua:
2402 1882 2620 1938 poenam
2655 1865 2977 1936 persolvens
3005 1882 3020 1931 ;
3047 1864 3228 1919 donec
3250 1862 3548 1919 commise-

271 1977 411 2013 νων·
465 1959 569 2021 ἕως
618 1958 764 2010 ἔλεον
794 1957 957 2011 αὑτοῦ
1000 1958 1277 2034 λαϐόντες,
1310 1961 1408 2030 οὐχ
1450 1960 1562 2012 ὅσοι
1588 1960 1856 2030 παρόντες

272 2046 437 2121 ἦσαν.
467 2048 604 2103 ἀλλά
640 2049 735 2102 καὶ⁸
759 2051 897 2119 αὑτὴ
929 2052 1025 2103 σὺν
1052 2048 1281 2113 ἐκείνοις
1309 2051 1343 2120 ὴ
1372 2052 1471 2120 τὴν
1494 2050 1702 2122 κλοπὴν
1728 2051 1859 2103 ὑπο-

280 2143 474 2201 στᾶσα,
500 2142 706 2203 κοιναῖς
732 2142 868 2209 πρὸς
898 2142 1030 2193 Θεὸν
1062 2140 1156 2193 καὶ
1188 2141 1279 2193 τὸν
1308 2140 1528 2211 ἔλεγχον
1557 2140 1652 2194 τοῦ
1683 2139 1855 2194 κακοῦ

274 2233 505 2302 Συμεὼν
535 2234 773 2304 ἐχρῶντο
790 2233 981 2297 λιταῖς,
1006 2233 1203 2296 κοινοῖς
1223 2231 1483 2301 δάκρυσιν
1506 2249 1519 2262 ”
1549 2226 1631 2296 οἷς
1660 2233 1857 2285 αὐτίκα

198 2346 223 2357 ον
242 2321 372 2393 κκαὶ
398 2322 457 2373 τὸ
483 2322 704 2393 αἰτηθὲν
728 2323 1031 2393 ¹ὴκολούθει,
1064 2323 1161 2376 καὶ
1186 2323 1281 2376 τοῦ
1301 2324 1551 2393 δαίμονος
1577 2326 1606 2377 ό
1632 2322 1856 2393 πάσχων

270 2384 608 2492 ἴττήλλακτο,
644 2384 821 2475 κοινὸν
880 2384 1155 2505 παίδευμα
1204 2424 1340 2477 πᾶσι
1392 2384 1545 2495 πρὸς-
1568 2384 1857 2491 ἀποφυγὴν

274 2513 476 2575 κακίας
506 2513 895 2583 γεγενημένος.

347 2602 413 2657 σ’.
458 2604 805 2674 Ἑλυμαίνετό
849 2621 933 2668 τις
980 2605 1076 2667 σῦς
1109 2607 1173 2659 ὲκ
1217 2604 1425 2677 δρυμοῦ
1460 2607 1587 2668 τοὺς
1627 2605 1838 2678 ἀγροὺς

271 2697 375 2765 τῆς
436 2696 588 2749 κάτω
628 2696 818 2765 μονῆς,
850 2696 1068 2761 καὶείς
1094 2698 1427 2769 ,ἀμηχανίαν
1474 2698 1672 2769 κομιδῇ
1718 2700 1851 2763 τοὺς

279 2789 546 2856 μοναχοὺς
587 2788 845 2860 περιίστη
870 2804 883 2819 ·
926 2787 1319 2859 προσελθόντες
1377 2789 1554 2850 τοίνυν
1594 2790 1673 2859 τῷ
1726 2788 1857 2861 ίερῷ

273 2876 523 2946 Συμεὼν,
565 2879 774 2932 ἐδέοντο
824 2879 1014 2933 τοῦτον
1056 2882 1121 2933 εκ
1149 2880 1243 2933 τοῦ
1282 2880 1447 2951 μέσου
1479 2882 1758 2949 γενέσθαι.
1796 2882 1856 2935 '0

273 2971 355 3031 δι,
386 2971 513 3034 Τοῖς
562 2971 623 3039 ἐξ
682 2971 809 3041 ὅλης
847 2971 1050 3042 ἰσχύος,
1091 2971 1219 3041 ἔφη,
1249 2974 1340 3026 τὸν
1395 2973 1527 3026 Θεὸν
1567 2973 1856 3040 ἀγαπῶσιν

277 3058 650 3112 ὑποτέτακται
701 3059 899 3123 πάντα,
928 3060 1001 3123 ὼς
1037 3060 1147 3113 καὶ·
1164 3063 1268 3131 πρὸ
1295 3064 1393 3131 τῆς
1436 3064 1725 3133 παρακοῆς
1757 3064 1854 3117 τοῦ

290 3151 484 3240 fassa.
525 3151 713 3214 Οὕτως
756 3146 850 3205 οὖν
896 3151 1081 3222 ἔχουσι
1121 3152 1216 3205 καὶ
1255 3152 1384 3223 ὑμῖν
1439 3153 1725 3222 δοθήσεται
1774 3156 1854 3217 είς
1881 3181 1923 3240 C

278 3238 454 3309 θήραν
507 3240 689 3293 ὀδοῦσι
738 3241 905 3312 θηρὸς
944 3243 1136 3312 ἑτέρου
1196 3245 1357 3297 πάλιν
1398 3246 1426 3297 ὀ
1469 3244 1668 3316 κείρων
1726 3245 1854 3309 τοὺς

280 3330 579 3398 ὑμετέρους
605 3330 835 3400 ἀγροὺς,
864 3331 960 3385 καὶ
998 3332 1193 3386 θᾶττον
1220 3333 1318 3403 τῆς
1353 3332 1412 3398 ἐξ
1443 3333 1610 3387 αὐτοῦ
1649 3334 1857 3405 βλάϐης

276 3420 756 3488 ἀπαλλαγήσεσθε.
784 3421 973 3475 Ταῦτα
1011 3423 1110 3477 τοῦ
1146 3425 1373 3493 Συμεὼν
1416 3424 1724 3495 είρηκότος.
1755 3426 1859 3495 ὁρᾷ

277 3510 389 3564 τῶν
452 3510 699 3579 ἀδελφῶν
768 3528 853 3576 τις
900 3512 1119 3584 εκείνην
1182 3513 1281 3585 τὴν
1328 3514 1501 3575 νύκτα
1556 3514 1701 3569 κατά
1733 3516 1855 3579 τοὺς

277 3602 503 3665 ὕπνους,
529 3602 764 3671 ἀχθέντα
815 3606 938 3658 τινά
985 3604 1175 3658 λέοντα
1220 3608 1326 3660 ὑπὸ
1364 3606 1460 3660 τοῦ
1517 3607 1733 3679 Ἁγίου,
1762 3608 1859 3671 καὶ

278 3692 374 3746 τὸν
412 3692 588 3761 μέγαν
615 3693 823 3746 έκεῖνον
852 3693 952 3746 σῦν
982 3696 1061 3757 είς
1085 3696 1259 3765 θήραν
1288 3697 1437 3769 αὐτῷ
1473 3699 1579 3752 ὑπὸ
1608 3702 1721 3762 τοῖς
1749 3699 1857 3752 τῶν

279 3783 525 3853 ἀδελφῶν
556 3786 716 3837 ποσὶν
744 3784 1057 3842 ἐκδοθέντα.
1086 3788 1193 3840 Τοῦ
1226 3789 1397 3843 ῦπνου
1445 3790 1626 3843 τοίνυν
1675 3792 1858 3845 διανα-
1885 3798 1895 3808 '

280 3876 435 3939 οτάς,
466 3875 627 3946 ἔργον
667 3875 767 3947 τὴν
810 3875 912 3945 τῆς
972 3879 1162 3941 νυκτὸς
1212 3879 1335 3948 δψιν
1383 3879 1649 3950 εὑρίσκει,
1704 3882 1798 3934 καὶ
1830 3884 1859 3935 ό

280 3966 419 4018 λέων
452 3966 546 4019 τὸν
582 3965 681 4018 σῦν
707 3968 1100 4049 κατεδηδοκὼς,
1132 3971 1387 4040 ἐχόμενος
1430 3975 1527 4042 τῆς
1558 3971 1680 4027 ὀδοῦ
1729 3974 1857 4026 ἀναο

280 4054 585 4110 πεπτώκει.
614 4058 679 4110 Ol.
713 4058 813 4126 μὲν
839 4053 933 4111 οὖν
959 4058 1127 4128 δχλοι,
1159 4062 1227 4115 τά
1257 4078 1315 4113 τε
1343 4061 1439 4114 τοῦ
1469 4061 1681 4126 λέοντος
1711 4062 1854 4133 ἴχνη,

274 4144 343 4200 τό
390 4162 451 4199 τε
494 4145 589 4199 τοῦ
618 4147 741 4210 συὸς
776 4147 881 4201 ἀνά
902 4148 999 4219 τὴν
1033 4150 1151 4203 ὁδὸν
1181 4146 1327 4221 αἷμα.
1363 4153 1586 4217 ίδόντες,
1615 4155 1857 4224 προσέρ-

279 4252 467 4306 χονται
495 4236 798 4306 κατάφοδοι
819 4238 897 4309 τῷ
943 4239 1111 4309 ’Λγίῳ
1144 4243 1387 4311 δεόμενοι
1412 4242 1604 4297 τοῦτον
1644 4245 1857 4297 ἐκεῖθεν

278 4324 641 4394 ἀπελαθῆναι.
686 4326 745 4381 '0
767 4328 825 4381 δὶ
852 4327 963 4381 τῶν
998 4330 1254 4402 μαθητῶν
1290 4332 1386 4385 ἕνα
1418 4333 1675 4400 καλέσας,
1711 4334 1853 4404 Πορ-

1962 1960 2173 2014 ratione
2211 1959 2343 2013 tacti
2400 1965 2673 2028 quotque.
2720 1955 2975 2016 aderant,
3013 1962 3179 2023 atque
3243 1953 3383 2021 adeo
3443 1953 3543 2007 illa

1960 2050 2077 2119 ipsa
2104 2048 2307 2102 mulier
2332 2062 2454 2117 quae
2502 2046 2710 2101 furtum
2767 2059 2927 2115 passa
2985 2043 3185 2108 fuerat,
3231 2042 3545 2099 communi-

1959 2143 2063 2197 bus
2090 2141 2237 2212 apud
2263 2142 2437 2196 Deum
2500 2148 2558 2196 et
2598 2140 2834 2212 maleﬁci
2877 2139 3263 2209 castigatorem
3318 2137 3547 2209 Symeo-

1958 2250 2083 2290 nem
2107 2236 2248 2289 votis
2267 2244 2324 2289 et
2347 2233 2627 2305 lacrymis,
2653 2233 3127 2289 intercesserunt:
3154 2246 3293 2301 quas
3322 2246 3354 2286 e
3384 2229 3548 2286 vesti-

1957 2327 2047 2398 gio
2073 2328 2127 2383 id
2155 2328 2300 2398 quod
2336 2326 2626 2397 petebatur
2653 2333 3013 2403 consecutum
3042 2332 3163 2390 est;
3202 2336 3259 2379 et
3305 2339 3545 2393 energu-

1957 2433 2153 2473 menus
2182 2418 2421 2488 maligno
2445 2416 2641 2487 spiritu
2691 2417 2981 2478 liberatus,
3028 2414 3347 2470 universale
3371 2413 3543 2470 docu-
3626 2419 3631 2425 '

1911 2571 1918 2577 ,
1958 2522 2203 2566 mentum
2229 2510 2333 2565 fuit
2365 2509 2624 2564 omnibus
2644 2508 2710 2563 ad
2747 2509 2956 2563 scelera
2987 2507 3341 2564 declinanda.

2040 2598 2166 2655 τοο.
2200 2600 2459 2656 Vastabat
2488 2600 2711 2668 quidam
2744 2614 2875 2668 aper
2928 2598 3210 2655 inferioris
3260 2605 3543 2653 monaste-

1961 2692 2028 2747 rii
2062 2706 2243 2763 agros,
2283 2692 2557 2761 tantisque
2593 2691 2870 2762 afﬂigebat
2898 2690 3201 2745 monachos
3230 2690 3538 2745 incommo-

1957 2779 2064 2845 dis,
2096 2781 2313 2852 utquid
2339 2781 2555 2836 consilii
2586 2790 2867 2850 caperent,
2898 2779 3235 2849 ignorarent.
3262 2777 3546 2833 Adeuntes

1958 2874 2129 2947 igitur
2152 2872 2478 2944 Symeonem
2526 2882 2741 2943 rogant,
2797 2872 2913 2943 ipse
2958 2881 3021 2926 ut
3084 2870 3357 2926 facessere
3413 2868 3542 2924 inde

1958 2964 2130 3020 feram
2156 2964 2368 3035 jubeat.
2400 2964 2494 3019 Ille
2519 2978 2651 3019 vero
2702 2980 2716 3016 :
2752 2964 2831 3018 Ex
2889 2964 3041 3030 totis,
3096 2964 3296 3033 inquit,
3326 2961 3544 3017 viribus

1959 3056 2323 3127 diligentibus
2356 3056 2529 3109 Deum
2555 3055 2741 3109 omnia
2778 3057 3025 3124 subjecta
3076 3066 3227 3120 sunt,
3274 3054 3545 3125 quemad-

1960 3150 2185 3205 modum
2214 3156 2343 3203 ante
2366 3147 2583 3218 lapsum
2613 3147 2808 3203 Adami
2839 3147 3108 3203 fuerunt:
3162 3147 3311 3217 quod
3363 3146 3409 3202 sl
3446 3161 3547 3203 vos

1958 3256 2179 3311 quoque
2207 3241 2286 3295 sic
2316 3239 2582 3311 diligatis.
2624 3239 2850 3294 dabitur
2873 3240 2962 3293 illa
2999 3239 3053 3293 in
3102 3238 3344 3309 praedam
3392 3238 3532 3294 den-

1961 3331 2113 3386 tibus
2165 3329 2394 3386 alterius
2438 3330 2569 3386 fera
2618 3345 2743 3401 quae
2797 3345 2963 3400 εει-ομ
3012 3339 3230 3385 vestros
3293 3328 3549 3383 innoxios

1961 3422 2281 3492 relinquet,
2335 3430 2393 3477 et
2451 3421 2564 3478 cito
2618 3421 2807 3476 damni
2858 3420 3133 3476 immunes
3210 3421 3396 3483 eritis.
3450 3420 3548 3477 His

1960 3514 2145 3580 dictis,
2168 3514 2321 3569 videt
2348 3514 2549 3584 aliquis
2606 3512 2840 3567 fratrum
2876 3521 3034 3567 nocte
3088 3527 3189 3582 per
3243 3511 3544 3575 somnium,

1960 3611 2044 3681 agi
2100 3625 2130 3665 a
2190 3609 2458 3681 Symeone
2489 3609 2705 3664 leonem
2753 3607 3071 3678 quemdam,
3119 3606 3209 3663 cui
3254 3622 3390 3677 aper
3454 3605 3547 3662 ille

1960 3700 2183 3772 grandis
2205 3700 2311 3755 sub
2338 3698 2570 3754 fratrum
2607 3697 2843 3768 pedibus
2891 3699 2948 3753 in
2992 3696 3234 3769 praedam
3282 3696 3537 3753 cedebat.

1960 3791 2329 3860 Experrectus
2390 3786 2614 3850 deinde,
2665 3784 2814 3856 quod
2856 3794 3026 3841 noctu
3057 3785 3294 3852 viderat,
3338 3784 3546 3841 factum

1959 3880 2231 3949 comperit
2256 3896 2269 3932 :
2302 3878 2389 3933 leo
2415 3891 2654 3947 namque
2678 3868 2875 3932 vorato
2899 3891 3036 3947 apro
3066 3876 3123 3931 in
3156 3876 3275 3948 ipsa
3321 3875 3410 3931 via
3442 3874 3546 3931 de-

1959 3971 2247 4026 cubuerat.
2278 3969 2479 4025 Turba:
2504 3970 2689 4039 itaque
2712 3977 2769 4024 et
2790 3969 2970 4023 leonis
2996 3967 3251 4039 vestigia,
3302 3975 3362 4022 et
3412 3982 3546 4023 san-

1960 4063 2182 4134 guinem
2234 4061 2375 4133 apri.
2408 4077 2508 4132 per
2559 4065 2703 4116 viam
2744 4058 3265 4130 deprehendentes,
3314 4058 3547 4115 veniunt

1960 4154 2167 4210 turbati
2224 4155 2291 4219 ad
2350 4162 2629 4219 sanctum,
2676 4162 2981 4224 rogantque
3042 4158 3104 4204 ut
3152 4148 3279 4205 inde
3327 4149 3544 4204 leonem

1959 4246 2161 4318 abigat.
2212 4244 2317 4312 Qui
2374 4245 2775 4316 discipulorum
2824 4241 3155 4314 .quempiam
3219 4254 3540 4296 accersens:

1963 4338 2135 4402 Vade,
2157 4336 2361 4407 inquit,
2382 4336 2450 4391 ad
2474 4336 2693 4392 leonem
2714 4344 2769 4390 et
2790 4335 2881 4413 dic
2902 4334 3039 4405 ipsi:
3070 4332 3199 4388 Haec
3228 4331 3541 4400 renuntiari

280 4414 458 4479 συθεὶς
491 4418 645 4488 sapa
692 4418 783 4473 τὸν
830 4420 1041 4483 λέοντα,
1077 4420 1181 4492 ἔφη
1208 4461 1223 4487 ,
1258 4424 1396 4478 Τάδε
1429 4425 1576 4494 λέγει
1608 4425 1853 4495 Συμεὼν,

1960 4430 2117 4500 jubet
2142 4428 2408 4501 Symeon:
2442 4428 2612 4484 Recte
2636 4426 2878 4483 olﬁcium
2931 4434 3086 4480 tuum
3140 4423 3356 4491 fecisti;
3392 4438 3544 4478 nunc

280 4506 403 4559 είπὶ
438 4508 572 4578 πρὸς
602 4511 785 4564 αὐτόν·
815 4511 1013 4573 Καλῶς
1040 4512 1523 4585 δωκονησάμενος,
1546 4516 1703 4570 ἄπιθι
1729 4518 1854 4587 τόγε

278 4599 377 4653 νῦν
427 4599 569 4670 ῑχον,
592 4602 696 4667 ἕως
744 4602 813 4655 ἀν
843 4603 999 4668 αὖθις
1044 4605 1205 4676 χρεία
1236 4624 1332 4661 σου
1377 4609 1626 4679 γένηται.
1655 4609 1763 4663 Τοῦ
1798 4602 1857 4664 δὲ

279 4691 359 4761 τῷ
414 4691 589 4745 λέοντι
638 4692 811 4747 ταῦτα
856 4690 1124 4760 εἰπόντος,
1165 4698 1405 4763 ἀναστάς
1456 4702 1515 4753 έν
1560 4700 1858 4772 ὀφθαλμοῖς

282 4784 541 4839 ἁπάντων
578 4785 781 4851 εὐθέως
811 4790 1017 4852 ἐκεῖνος
1046 4790 1141 4844 επὶ
1169 4790 1238 4844 τά
1265 4791 1365 4861 τῆς
1397 4794 1723 4858 Λαοδικείας
1745 4794 1846 4866 δρη

206 4955 211 4961 ⁸
281 4872 479 4943 ἐχώρει
501 4890 516 4905 ο
543 4875 751 4930 ἐκεῖθεν
774 4877 885 4949 γάρ
913 4878 1179 4950 ιτύγχανε
1208 4882 1304 4935 καὶ
1333 4882 1576 4953 κληθεὶς,
1614 4886 1857 4955 παραδο-

284 4962 510 5032 ξοτέραν
566 4968 665 5037 τῆς
723 4967 972 5039 κλήσεως
1016 4972 1117 5041 τὴν
1158 4970 1509 5045 ἀναχώρησιν
1544 4973 1853 5050 θέμενος,ῆ

284 5052 381 5105 καὶ
406 5051 473 5106 δι’
494 5055 700 5125 ἀμφοῖν
729 5056 954 5128 μᾶλλον.

1966 4522 2136 4594 igitur
2156 4522 2307 4576 abito
2324 4520 2475 4586 licet,
2500 4521 2679 4576 donec
2708 4521 2909 4575 iterum
2940 4534 3075 4574 usus
3099 4518 3178 4590 tui
3211 4517 3403 4573 fuerit.
3460 4518 3542 4573 Eo

1964 4615 2045 4670 sic
2071 4614 2287 4668 leonem
2316 4614 2579 4675 allocuto,
2606 4619 2925 4681 surgentem
2958 4610 3110 4665 illico
3122 4609 3311 4664 videre
3330 4609 3541 4673 cuncti,

1962 4712 2127 4774 atque
2149 4704 2443 4759 abeuntem
2470 4702 2525 4757 in
2554 4711 2772 4757 montes
2801 4698 3094 4762 Laodicea
3122 4700 3275 4771 (inde
3303 4713 3541 4769 namque

1962 4798 2222 4861 evocatus
2249 4794 2448 4872 fuerat)
2506 4792 2751 4862 fecitque
2806 4786 3088 4848 recessum
3152 4790 3540 4846 admirabilio-

1962 4901 2127 4963 rem,
2162 4900 2325 4956 quam
2366 4884 2551 4940 fuerat
2600 4898 2882 4949 accessus,
2948 4897 3265 4954 quanquam
3308 4889 3543 4952 uterque

1964 4979 2327 5037 admirandus
2352 4994 2519 5049 quam
2550 4976 2806 5033 maxime.

1696 5183 1924 5241 CAPUT
1962 5185 2129 5241 XXV.

1056 5288 1326 5344 Increduli
1356 5294 1657 5360 puniuntur
1683 5309 1702 5348 :
1732 5296 1969 5351 conuersi
2006 5307 2263 5352 curantur
2306 5314 2323 5353 :
2363 5299 2473 5354 alia
2499 5298 2772 5369 beneﬁcia.

358 5406 464 5456 aa'.
499 5400 790 5471 Θαύματος
834 5398 1074 5466 ἐξαισίου
1129 5405 1256 5468 τοὺς
1294 5405 1536 5476 ὁρῶντας
1574 5407 1862 5479 πληρῶσαι

286 5496 515 5566 πλησίον
570 5495 671 5565 τῆς
728 5496 1025 5566 Ἀντιόχου.
1085 5499 1145 5551 ὲν
1199 5503 1266 5570 τῇ
1308 5500 1578 5573 λεγομένῃ
1629 5502 1861 5577 Ἀπάτῃ.

304 5588 559 5659 ἰσαύρων
590 5589 955 5658 ἐργαστήριον
988 5583 1077 5660 ἦν.
1109 5591 1595 5661 χειροτεχνούντων
1636 5594 1695 5647 έν
1742 5597 1866 5657 ταῖς

288 5679 618 5751 οἰκοδομίαις
660 5679 756 5733 καὶ
784 5679 1069 5749 λατομίαις
1102 5682 1209 5735 τῶν
1234 5686 1333 5757 τῆς
1375 5684 1584 5749 πόλεως
1618 5685 1860 5757 τειχέων.

297 5771 505 5828 ιὀὗτων
546 5766 649 5838 εἷς,
689 5769 811 5840 ἄρτι
845 5772 945 5841 τὴν
981 5772 1196 5843 ἠλικίαν
1242 5752 1466 5845 alvom,
1490 5776 1558 5831 τὰ
1595 5752 1893 5849 Ἐλληνων-

2036 5413 2162 5469 201.
2196 5414 2292 5469 Est
2320 5430 2429 5470 non
2462 5415 2654 5486 procul
2684 5413 2998 5478 Antiochia,
3025 5412 3081 5467 in
3113 5412 3234 5469 loco
3260 5413 3433 5485 Apate
3454 5415 3546 5471 dl-

1967 5514 2078 5571 cto,
2141 5507 2453 5562 Isaurorum
2512 5505 2763 5569 ofﬁcina,
2822 5503 3091 5560 mirabilis
3146 5505 3212 5559 ad
3264 5514 3545 5576 stuporem

1968 5598 2359 5666 spectantium,
2423 5613 2480 5652 tn
2512 5612 2621 5666 qua
2684 5594 2960 5652 caedendis
3011 5594 3288 5665 lapidibus
3333 5596 3399 5651 ad
3439 5596 3542 5653 do-

1967 5704 2157 5743 muum
2190 5703 2587 5759 murorumque
2614 5687 2858 5743 civitatis
2875 5702 3033 5742 usum
3059 5687 3319 5742 insudant
3350 5702 3545 5757 opera-

1968 5778 2059 5833 rii.
2090 5777 2297 5833 Horum
2330 5794 2496 5843 unus,
2531 5786 2691 5832 :etate
2722 5777 2946 5840 ﬂorens,
2981 5775 3200 5848 gentilis
3256 5778 3546 5851 religione,
