4078 6332
596 363 729 428 3171

1797 366 1856 425 S.
1898 364 2276 425 SYMEONIS
2312 364 2343 424 Ι
2354 362 2667 423 UNIORIS

3715 360 3858 425 3172

595 483 649 535 in
683 481 901 545 silvam,
924 496 1045 550 qua:
1062 490 1118 537 et
1137 480 1252 551 ipsa
1283 478 1493 535 domini
1516 478 1735 549 gentilis
1750 487 1887 541 erat,
1912 477 2174 547 lignatum

2282 474 2619 545 θρησκεύων,
2643 474 2795 545 παρά
2817 490 2870 526 τι
2895 473 3075 539 ἀλσος,
3100 473 3361 540 Ἕλληνος
3396 473 3488 531 καί
3516 473 3654 527 αὐτὸ
3688 474 3882 528 δεσπο-

593 568 824 633 abierat,
872 568 1245 639 impositaque
1276 582 1444 622 onere
1477 583 1644 636 supra
1697 568 1840 620 vires
1876 567 2050 635 gravi,
2099 566 2174 619 ita

593 657 778 710 subito
805 667 981 711 tactus
1009 658 1248 728 paralysi
1272 666 1377 720 est,
1406 656 1637 719 utnullo
1659 654 1905 723 corporis
1929 653 2175 707 membro

593 747 673 798 uti
698 757 903 815 posset.
930 748 1162 802 Tollitur
1183 762 1213 801 a
1238 746 1542 809 sodalibus,
1581 738 2037 812 adsanctumque
2057 759 2183 812 por-

596 845 762 897 tatus,
805 838 1108 891 collocatur
1148 845 1274 891 ante
1326 837 1515 891 oculos
1564 837 1736 905 ipsius
1771 834 2039 904 benignos
2073 834 2179 895 ille,

600 933 657 978 ut
688 941 814 995 vere
846 925 1045 987 dicam,
1082 925 1430 979 miserabilis.
1469 925 1670 995 Tetigit
1716 926 2000 979 hominem
2031 940 2183 978 more

597 1029 697 1067 suo
723 992 948 1069 sanctus
973 1023 1029 1068 et
1062 1015 1297 1085 signavit
1325 1033 1338 1067 :
1366 1013 1458 1067 sed
1491 992 1616 1068 cum
1638 1015 1971 1085 paralyticos
1998 1029 2184 1068 mane-

599 1114 703 1166 ret,
754 1105 893 1157 nihil
925 1106 1046 1172 opis
1100 1104 1365 1168 sentiens,
1408 1106 1665 1173 cognovit
1705 1104 1891 1158 statim
1938 1120 2180 1169 causam,

596 1195 841 1263 dixitque
873 1213 885 1247 :
919 1194 1063 1259 Quid
1103 1205 1186 1247 est
1221 1195 1366 1263 quod
1396 1198 1582 1265 gratim
1609 1198 1806 1251 divinae
1840 1196 2096 1271 eﬂ‘ectum
2127 1198 2181 1251 in

597 1293 649 1338 te
682 1285 1008 1353 impediens,
1036 1286 1378 1338 sanationem
1400 1285 1626 1361 dilfert?
1654 1285 1912 1356 Nunquid
1944 1287 1996 1340 in
2021 1286 2183 1341 idolis

594 1390 746 1444 spem
771 1378 951 1445 ponis,
980 1390 1085 1429 non
1113 1375 1168 1429 in
1192 1377 1531 1446 Deo‘lNegat
1554 1378 1645 1430 ille
1670 1392 1729 1431 sc
1752 1377 2032 1431 conscium
2058 1378 2183 1431 talis

594 1468 674 1521 rei
695 1468 816 1522 :sed
845 1484 971 1521 eum
1004 1469 1294 1521 mentitum
1317 1476 1372 1522 et
1396 1469 1450 1521 in
1474 1470 1730 1538 praesenti
1765 1469 1906 1521 malo
1935 1470 2180 1538 pertina-

591 1557 732 1612 citer
750 1558 985 1612 animam
1009 1556 1333 1613 obﬁrmasse
1358 1560 1542 1613 sciens
1569 1559 1760 1613 :Nunc
1779 1559 1937 1623 vade,
1966 1561 2177 1629 inquit;

592 1648 796 1703 inviset
829 1658 882 1704 te
911 1649 1059 1713 domi
1096 1659 1204 1703 tum
1234 1648 1460 1702 humani
1512 1648 1730 1718 generis
1764 1658 1979 1702 amator
2014 1648 2177 1704 Chri~

591 1747 731 1803 stus,
766 1754 907 1795 cum.
927 1740 996 1794 ad
1028 1740 1199 1809 ipsius
1229 1740 1439 1793 cultum
1464 1747 1518 1792 te
1542 1739 1911 1793 transtuleris.

2281 567 2451 629 τείας,
2486 565 2625 618 κατὰ
2654 566 2715 635 δή
2742 582 2862 618 τινα
2890 564 3105 631 ξυλείαν
3138 564 3331 630 ἐλθὼν,
3358 563 3533 616 πλείω
3564 582 3622 615 τε
3649 565 3745 617 τοῦ
3779 585 3881 633 με-

2283 657 2434 721 τρίου
2475 655 2857 723 διαναθέμενος
2906 657 3124 724 φόρτον,
3159 652 3331 715 οὕτως
3372 651 3573 721 ἀθρόον
3609 652 3874 722 παρεθη,

2284 745 2357 806 ὡς
2408 744 2529 813 μηδ’
2565 745 2671 814 ὅτῳ
2703 740 2795 797 οὖν
2826 744 2931 796 τῶν
2965 746 3058 796 τοῦ
3095 744 3343 813 σώματος
3388 743 3570 813 μελῶν
3602 740 3878 796 δύνασθαι

2286 835 2543 905 χρῆσθαι.
2590 836 2925 905 Ἀνελόμενοι
2952 836 3130 887 τοίνυν
3194 835 3357 887 αὑτὸν
3408 836 3457 887 οί
3495 836 3730 903 ἑταῖροι,
3777 835 3877 889 καὶ

2286 930 2418 997 πρὸς
2470 930 2561 979 τὸν
2609 930 2795 996 Ἀγιον
2842 928 3227 993 ἀναγαγόντες,
3280 927 3490 979 τιθέασι
3529 927 3635 998 πρὸ
3672 926 3871 988 αὐτοῦ,

2286 1018 2685 1087 φιλανθρώποις
2735 1018 3034 1085 ὀφθαλμοῖς
3079 1017 3399 1084 αὐτόχρημα
3428 1012 3628 1069 οἶκτον.
3659 1016 3768 1068 Τοῦ
3817 1016 3874 1067 δὲ

2284 1106 2424 1157 κατά
2460 1106 2519 1157 τὺ
2547 1106 2775 1174 σύνηθες
2803 1106 3083 1175 ἁψαμένου
3114 1122 3171 1157 τε
3206 1108 3299 1157 καὶ
3330 1107 3760 1175 σφραγίσαντος,
3788 1104 3867 1167 ὡς

2282 1190 2349 1265 ἦν
2390 1193 2470 1246 ἔτι
2518 1186 2897 1263 παρειμένως’
2923 1200 3126 1258 ἐκεῖνος
3166 1195 3337 1264 έχων,
3386 1197 3649 1263 οὐδεμιᾶς
3684 1195 3871 1249 αἰσθέ-

2286 1304 2442 1355 μενος
2466 1286 2783 1356 θεραπείας,
2824 1287 3004 1349 συνεὶς
3028 1287 3223 1339 αὐτίκα
3246 1287 3345 1356 τὴν
3370 1286 3547 1339 αἰτίαν
3566 1290 3594 1338 ό
3616 1288 3866 1355 Συμεών·

2284 1376 2346 1428 Τί
2405 1379 2486 1429 ὃτι
2537 1377 2613 1430 τά-
2695 1380 2791 1445 τῆς
2849 1378 2999 1440 θείας
3050 1378 3141 1429 ἐπὶ
3174 1376 3257 1430 σοὶ
3289 1377 3435 1444 παρά
3462 1377 3597 1428 Θεοῦ
3639 1377 3870 1446 χάριτες

2280 1468 2485 1521 ἀνωθεν
2516 1473 2612 1535 τὴν
2636 1470 2777 1522 ἴασιν
2804 1469 3099 1521 ἀνεϐάλετο
3125 1486 3139 1532 ς
3187 1464 3351 1539 ἦπου.
3391 1472 3579 1537 φησιν,
3606 1462 3651 1520 ὧ
3684 1460 3865 1533 οὗτοι,

2282 1558 2517 1621 εἰδώλοις
2542 1556 2593 1611 εἶ
2614 1559 2881 1613 πιστεύων
2902 1562 2995 1611 καὶ
3026 1560 3084 1612 ού
3116 1558 3260 1627 Θεῷς
3296 1559 3398 1613 Τοῦ
3418 1559 3473 1611 δὲ
3500 1558 3714 1611 τοιοῦτο
3738 1576 3865 1611 συν-

2282 1650 2477 1704 ειδέναι
2501 1651 2666 1720 μηδὲν
2683 1651 3108 1721 διατεινομένου,
3132 1650 3425 1719 ψεύδεσθαι
3447 1644 3634 1703 τοῦτον
3654 1652 3887 1710 ἐκεῖνος,

2281 1742 2414 1805 ἀλλά
2435 1744 2530 1795 καὶ
2555 1742 2906 1810 ἀμεταθέτως
2927 1742 2989 1793 τό
3009 1744 3059 1808 γ’
3080 1740 3171 1794 οὖν
3193 1740 3367 1811 παρὸν
3384 1740 3529 1809 ἔχειν
3551 1741 3731 1805 εἰδὼς,
3748 1739 3865 1792 Νῦν

592 1831 695 1902 μιν
723 1832 977 1902 πορεύου,
1022 1833 1149 1902 ἔφη,
1186 1832 1542 1901 ἐπισκέψεται
1568 1832 1627 1885 δέ
1661 1849 1719 1885 σε
1740 1833 1831 1885 Ital.
1860 1833 1997 1886 οῐκοι
2021 1834 2253 1905 Χριστὸς
2283 1836 2664 1907 φιλάνθρωπος
2692 1835 2788 1898 ὢν,
2820 1836 2881 1887 τὸ
2917 1834 3080 1896 σέϐας
3112 1837 3191 1896 εἰς
3231 1832 3393 1885 αὑτὸν
3432 1832 3825 1901 μεταθέμενον.

662 1947 789 2003 εοε.
826 1937 1339 2015 διιωιιῑιιιιίίιααιιο
1383 1946 1522 2002 socii
1556 1947 1869 2001 retulerunt
1918 1948 2174 2011 domum1

2358 1951 2458 2021 οβ’.
2503 1950 2792 2017 Ἀράμενοι
2825 1946 3115 2017 τοιγαροῦν
3144 1941 3302 2009 αὖθις
3348 1946 3510 1998 αὐτὸν
3541 1948 3591 1998 οί
3631 1946 3863 2012 ἑταῖροι,

593 2040 690 2095 ubi
721 2030 1010 2095 sanitatem
1078 2038 1381 2108 desperans
1430 2039 1683 2109 iacebat,
1738 2054 1948 2105 sorore,
2006 2056 2173 2110 quam

593 2131 830 2186 habebat
843 2131 1270 2195 mendicantem,
1287 2131 1411 2184 vita:
1425 2130 1735 2185 necessaria
1753 2130 2177 2184 subministran-

594 2230 667 2277 te.
690 2223 881 2276 Annus
898 2223 1010 2291 jam
1034 2222 1230 2275 tertius
1252 2222 1492 2275 instabat
1512 2221 1883 2282 decumbenti,
1909 2207 2036 2275 cum
2058 2222 2174 2291 ipse

590 2322 811 2378 quoque
856 2307 1137 2360 diutinum
1193 2307 1447 2359 morbum
1496 2324 1718 2371 exosus,
1765 2323 2173 2379 agnoscensque

592 2398 732 2454 nihil
765 2398 819 2451 in
853 2398 1204 2452 idololatrico
1231 2412 1419 2452 errore
1447 2398 1571 2467 opis
1599 2412 1742 2470 esse,
1773 2398 2042 2452 intellexit
2065 2400 2174 2455 alio

591 2489 801 2544 cultum
841 2488 1172 2542 vertendum
1215 2506 1228 2541 :
1267 2490 1341 2543 ita
1382 2488 1710 2558 disponente
1752 2490 2028 2559 sapienter
2062 2491 2172 2545 Deo

592 2581 798 2650 (qualia
835 2581 981 2634 illius
1031 2580 1296 2651 judicia!)
1332 2590 1390 2634 ut
1444 2581 1808 2636 diuturnitate
1864 2581 2172 2637 allectionis

594 2674 773 2743 ipsum
804 2673 1049 2726 traheret
1077 2672 1144 2725 ad
1185 2688 1263 2726 se.
1297 2672 1447 2725 Totis
1473 2672 1637 2741 igitur
1665 2672 1875 2726 viribus
1910 2674 1963 2725 in
2000 2673 2170 2727 Deum

592 2763 846 2827 credens,
880 2763 1169 2817 nocturnis
1190 2763 1515 2831 diurnisque
1535 2764 1792 2841 precibus
1815 2764 2034 2829 institit,
2060 2781 2173 2819 mc-

593 2852 805 2909 diatore
842 2866 970 2906 usus
998 2852 1291 2925 Symeone.
1324 2861 1382 2906 ut
1417 2854 1639 2907 tandem
1674 2840 1918 2925 paralysi
1966 2856 2170 2909 libera-

596 2953 766 2998 retur.
797 2931 1038 3013 Contigit
1067 2945 1277 2998 interea
1296 2945 1589 3013 quemdam
1620 2945 1767 2999 illius
1790 2946 2026 3015 regionis
2066 2962 2170 3001 car-

596 3048 718 3089 cum
744 3033 921 3109 adire
954 3043 1226 3097 sanctum,
1258 3043 1517 3102 tactuque
1554 3037 1675 3103 ejus
1704 3042 1758 3088 et
1794 3037 1947 3103 signo
1990 3036 2171 3090 erucis

593 3127 847 3182 obtinere
891 3127 1072 3179 visum
1113 3145 1125 3179 :
1158 3127 1253 3195 qui
1291 3126 1360 3179 de
1396 3126 1695 3195 gratiarum
1736 3126 1899 3196 digna
1930 3126 2169 3180 retribu-

588 3220 743 3273 tione
780 3218 1069 3287 ambiguus
1106 3216 1255 3286 (quid
1312 3217 1459 3270 enim
1510 3216 1684 3270 oculis
1741 3216 2169 3286 aequiparetur?)

2286 2041 2597 2111 κομίζουσιν
2646 2040 2828 2093 οἴκαδε
2857 2057 2869 2068 ·
2897 2041 2923 2091 ὁ
2952 2040 3009 2092 δὲ
3042 2039 3222 2110 πάσης
3247 2039 3515 2103 ἀπογνοῦς
3542 2037 3865 2107 θεραπείας,

2283 2129 2482 2190 ἔκειτο,
2523 2129 2920 2199 προσαιτοῦσαν
2949 2129 3088 2197 έχων
3125 2129 3224 2196 τὴν
3267 2126 3522 2197 ἀδελφὴν,
3565 2126 3864 2178 κάντεῦθεν

2282 2217 2429 2287 αὐτῷ
2457 2218 2525 2271 τά
2550 2219 2685 2287 πρὸς
2713 2219 2772 2271 τὸ
2802 2221 2899 2289 ζῇν
2926 2218 3292 2289 ὲπαρκοῦσαν.
3323 2221 3482 2282 Ἐτος
3512 2219 3610 2285 μὲν
3639 2218 3732 2270 οῦν
3761 2219 3862 2287 ἤδη

2281 2308 2464 2377 τρίτον
2506 2309 2693 2377 ἀνέστη
2743 2310 3014 2379 κειμένῳο
3058 2310 3443 2376 ἀπαγορεύσας
3488 2309 3542 2361 δὲ
3585 2310 3686 2379 ἥδη
3724 2309 3864 2380 πρὸς

2280 2400 2381 2468 τὴν
2414 2399 2632 2469 χρονίαν
2660 2398 2802 2452 οὕτω
2834 2402 3065 2469 πάρεσιν
3103 2401 3197 2451 καὶ
3226 2391 3410 2464 αύτδς,
3449 2402 3541 2453 καὶ
3573 2402 3735 2466 γνοὺς
3761 2400 3864 2468 τῆς

2282 2490 2374 2541 ἐπὶ
2411 2490 2481 2541 τὰ
2526 2488 2718 2542 εἴδωλα
2752 2490 2959 2558 πλάνης
3009 2490 3175 2559 μηδὲν
3208 2490 3542 2560 ὠφελῆσθαι,
3577 2494 3689 2545 δεῖν
3720 2495 3862 2559 έγνω

2280 2581 2341 2634 τὸ
2386 2580 2548 2645 σέϐας
2600 2583 2943 2650 μεταϐαλεῖν,
2999 2586 3315 2653 κινήσαντος
3373 2566 3499 2647 ἴσως
3559 2586 3721 2637 αὐτὸν
3767 2587 3860 2637 καὶ

2278 2671 2413 2724 Θεοῦ
2443 2668 2552 2742 (οἷα
2582 2675 2649 2725 τά
2678 2674 2886 2726 ἐκείνου
2923 2673 3256 2743 κρίματαί),
3293 2674 3379 2727 ἵνα
3417 2676 3494 2743 τῷ
3535 2677 3736 2746 χρονίῳ
3759 2676 3859 2743 τῆς

2284 2765 2547 2833 μάστιγος
2589 2764 2792 2835 ἐλκύσῃ
2827 2764 2965 2833 πρὸς
2998 2766 3209 2817 ἑαυτόν.
3244 2765 3406 2827 Ὄλος
3450 2766 3741 2835 τοιγαροῦν
3762 2767 3858 2833 ὅλῃ

2280 2854 2505 2923 δυνάμει
2552 2855 2847 2914 πιστεύσας
2899 2855 3039 2924 Θεῷ,
3098 2857 3263 2908 ὲδείτο
3321 2856 3535 2926 νύκτωρ
3591 2856 3687 2907 καὶ
3739 2854 3860 2925 μευ

2279 2946 2493 3015 ἡμέραν
2541 2944 2727 3004 αὑτοῦ,
2768 2963 2963 3015 μετιτῃ
3013 2944 3089 3012 τῷ
3142 2944 3368 3013 Συμεὼν
3417 2944 3717 3015 χρώμενος,
3760 2946 3858 3012 τῆς

2279 3039 2565 3104 παρέσεως
2611 3038 2888 3106 ἀνεθῆναι.
2940 3036 3140 3106 Συνέϐη
3184 3037 3228 3087 δ’
3263 3041 3319 3089 ὲν
3357 3037 3549 3106 τούτῳ,
3595 3038 3716 3090 τινὰ
3746 3038 3854 3089 τῶν

2280 3128 2381 3181 ἀνά
2404 3127 2501 3196 τὴν
2523 3127 2702 3197 χώραν
2724 3126 2937 3195 ἐκείνην
2964 3126 3180 3194 τυφλῶν
3194 3127 3559 3194 προσελθόντα
3587 3126 3667 3196 τῷ
3690 3129 3851 3197 Ἀγίῳ

2280 3222 2509 3285 πιστῶς,
2563 3222 2669 3289 ἀφῇ
2722 3219 2913 3272 τούτου
2976 3219 3067 3270 καὶ
3120 3219 3374 3287 σφραγῖδι
3434 3218 3643 3288 βλέψαι.
3684 3215 3849 3281 Οὖτις

596 3310 739 3363 lianc
770 3308 873 3362 sibi
903 3309 1079 3377 legem
1113 3307 1327 3365 statuit.
1373 3315 1433 3359 ut
1473 3307 1568 3358 illo
1594 3306 1682 3359 die
1714 3307 2029 3375 quotannis,
2067 3323 2174 3377 quo

2279 3312 2437 3375 ἀξίας
2500 3287 2731 3380 ἀμοιϐῆς
2791 3309 3012 3380 ἀπορῶν
3090 3309 3163 3379 (τί
3236 3310 3344 3379 γάρ
3393 3287 3686 3378 ὀφθαλμῶν
3740 3312 3849 3361 loco

596 3411 707 3454 tam
734 3398 966 3453 mirandi
1002 3396 1250 3451 beneﬁcii
1277 3412 1503 3465 compos
1534 3396 1713 3449 {actus
1736 3406 1873 3457 erat,
1904 3398 2172 3467 quidquid

596 3492 841 3545 lucratus
864 3488 1059 3543 luisset
1091 3503 1258 3558 opera
1289 3502 1551 3541 manuum
1592 3502 1836 3550 suarum,
1872 3488 2174 3543 distribue-

596 3593 683 3637 ret
720 3583 775 3636 in
816 3596 1041 3651 egenos.

660 3782 791 3840 203.
829 3783 965 3839 Cum
998 3781 1166 3853 igitur
1192 3789 1380 3834 votum
1424 3780 1773 3850 impleturus,
1814 3799 2002 3851 panes,
2030 3800 2170 3853 quo-

597 3890 721 3929 rum
747 3883 874 3927 tunc
900 3873 1112 3941 copiam
1136 3869 1241 3925 sibi
1268 3881 1705 3939 comparaverat,
1736 3884 2003 3943 erogaret,
2036 3875 2172 3944 iam-

596 3980 704 4035 que
748 3972 1107 4033 porreeturns
1154 3961 1453 4031 paralytico
1500 3975 1717 4030 quoque
1756 3972 1938 4025 esset;
1982 3972 2174 4018 exten-

596 4056 759 4112 dente
776 4055 841 4108 ad
866 4051 1248 4123 accipiendum
1268 4066 1492 4105 manum
1514 4068 1668 4105 suam
1694 4068 1907 4118 sorore,
1930 4055 2173 4111 inhibuit

597 4164 677 4207 se.
712 4146 979 4200 mandans
1006 4152 1065 4197 ut
1094 4157 1239 4214 aeger
1279 4142 1395 4211 ipse
1429 4142 1886 4211 apprehenderet.
1924 4143 2173 4198 Claman-

599 4238 745 4292 tibns
776 4246 956 4291 autem
994 4235 1086 4304 qui
1136 4233 1363 4287 aderant
1403 4249 1415 4285 :
1452 4233 1853 4296 Nonne-vides,
1893 4235 2175 4289 dissolutis

598 4334 774 4402 jacere
814 4328 1019 4391 nervis,
1052 4327 1406 4395 impotentem
1444 4324 1537 4393 qui
1575 4325 1657 4378 vel
1693 4326 2000 4379 membrum
2047 4341 2171 4379 cor-

600 4420 752 4491 poris
790 4419 960 4472 ullum
998 4417 1080 4469 vel
1111 4417 1436 4485 particulam
1466 4416 1719 4468 moveat?
1748 4416 2028 4469 conﬁdens
2058 4417 2173 4485 ipse

599 4514 804 4567 virtute
852 4510 1089 4579 Spiritus
1165 4509 1336 4562 sancti
1402 4508 1727 4578 Symeonem
1784 4507 2173 4571 inliabitantis,

600 4611 712 4665 aut,
754 4600 899 4671 quod
943 4599 1267 4653 credibilius
1306 4607 1409 4658 est.
1446 4590 1619 4666 ipsius
1656 4598 1885 4667 spiritus
1912 4598 2171 4666 impulsu,

596 4709 761 4765 quam
800 4692 977 4763 potuit
1016 4690 1318 4746 clarissima
1362 4705 1497 4743 voce
1534 4707 1546 4741 :
1586 4690 1641 4742 In
1683 4690 1924 4750 nomine,
1972 4690 2169 4757 inquit,

599 4784 744 4839 servi
772 4784 866 4837 Dei
892 4782 1198 4852 Symeonis,
1224 4781 1317 4848 qui
1345 4782 1397 4832 in
1426 4780 1664 4832 mirabili
1691 4787 1934 4832 moratur
1954 4789 2169 4843 monte;

596 4884 653 4929 et
688 4875 781 4943 qui
810 4889 895 4927 me
920 4888 1123 4928 caecum
1154 4871 1342 4925 videre
1374 4871 1523 4931 fecit,
1557 4869 1789 4930 extende
1821 4886 2014 4923 manus
2052 4878 2173 4923 tuas

598 4974 655 5021 et
703 4966 889 5034 accipe
944 4962 1409 5017 benedictionem.
1457 4961 1593 5015 Cum
1654 4960 1801 5015 illico
1852 4961 2170 5030 (quomodo,

599 5056 923 5114 immortalis
965 5055 1227 5117 Domine,
1262 5052 1493 5105 cantabo
1518 5051 1946 5104 misericordiam
1964 5062 2109 5103 tuam
2131 5051 2169 5118 ι)

600 5165 709 5205 non
766 5159 979 5203 tantum
1026 5144 1395 5213 corroborataa
1429 5158 1624 5197 manus
1674 5151 1972 5211 potuerunt
2006 5156 2174 5210 panes

599 5238 1037 5310 apprehendere,
1071 5251 1262 5291 verum
1292 5235 1659 5303 quodcunque
1685 5243 1848 5285 etiam
1872 5234 2019 5286 aliud
2046 5249 2173 5288 cor-

599 5331 750 5401 poris
782 5328 1088 5381 membrum
1125 5326 1334 5396 integre
1361 5336 1610 5379 sanatum
1643 5339 1742 5393 pro
1774 5325 2046 5395 exigentia
2080 5339 2176 5377 na-

602 5435 734 5477 tnrze
766 5420 1113 5474 movebatur.
1140 5418 1422 5487 Quotquot
1455 5418 1621 5487 igitur
1650 5428 1949 5486 praesentes
1994 5426 2173 5480 erant,

598 5516 1004 5583 obstupuerunt
1024 5511 1238 5565 insolita
1262 5510 1493 5582 prodigii
1518 5509 1892 5580 magnitudine
1917 5528 1928 5562 :
1951 5510 2023 5563 illi
2046 5526 2175 5562 vero

596 5603 689 5673 qui
720 5612 942 5656 sanatus
974 5599 1150 5653 fuerat
1178 5600 1437 5654 invisibili
1467 5600 1701 5669 quodam
1728 5600 1887 5653 modo
1918 5599 2171 5669 apparuit

598 5704 836 5755 sanctus,
881 5692 1108 5745 hortans
1151 5706 1275 5745 eum
1326 5699 1386 5745 ut
1438 5693 1662 5745 domum
1714 5690 2060 5755 concederet,
2115 5700 2170 5745 et

612 5798 715 5849 tua:
751 5782 824 5855 ibi
858 5780 1095 5835 habebat
1122 5781 1267 5834 idola
1291 5780 1709 5836 comminueret.
1746 5781 1841 5834 llic
1874 5796 2024 5847 vero,
2060 5796 2166 5834 non

2276 3404 2523 3466 στάσιονς
2546 3404 2585 3469 ),
2609 3400 2847 3453 τοιοῦτον
2878 3400 3051 3469 ἑαυτῷ
3090 3401 3271 3469 τίθησι
3301 3402 3489 3468 νόμον,
3512 3400 3609 3468 τὴν
3639 3400 3849 3469 ἡμέραν

2276 3494 2425 3554 ἔτους
2458 3494 2709 3551 ἑκάστου,
2738 3492 2857 3543 καθ’
2893 3494 2959 3561 ἢν
2999 3492 3097 3557 τῆς
3127 3490 3431 3558 παραδόξου
3464 3491 3665 3559 ταύτης
3695 3490 3849 3559 θερα-

2283 3584 2432 3644 πείας
2470 3583 2644 3651 τύχοι,
2682 3583 2825 3653 ἆπερ
2877 3600 2943 3635 υιν
2984 3584 3016 3650 ή
3062 3584 3183 3651 χεὶρ
3215 3582 3416 3650 ἔχουσα
3453 3581 3537 3648 είη
3572 3580 3847 3647 διανέμειν

2272 3677 2386 3737 τοῖς
2419 3675 2643 3726 ὲνδεέσι.

2346 3766 2448 3833 σγ’.
2482 3767 2617 3819 Ποτὲ
2636 3764 2763 3833 γοῦν
2781 3767 2807 3818 ὀ
2826 3765 2924 3833 μὲν
2951 3765 3042 3816 τὸν
3057 3766 3295 3817 τοιοῦτον
3314 3762 3626 3834 ὲπεπλήρου
3654 3766 3835 3832 νόμον,

2274 3860 2361 3909 καί
2400 3857 2597 3927 ἄρτους
2634 3857 2804 3910 ἐδίδου
2833 3850 2906 3909 ὧν
2935 3854 3241 3927 τηνικαῦτα
3265 3856 3520 3925 ηὐπόρει,
3548 3856 3760 3927 όρέγειν
3787 3855 3845 3909 δὲ

2273 3949 2373 4020 ἠδη
2414 3950 2509 4001 καὶ
2549 3948 2625 4019 τῷ
2657 3948 2953 4019 παραλύτῳ
3003 3948 3230 4017 μέλλων,
3278 3948 3375 4017 τὴν
3411 3950 3567 4017 χεῖρα
3606 3949 3743 4017 πρὸς
3788 3952 3846 4000 τὸ

2272 4042 2457 4094 λαϐεῖν
2483 4042 2582 4110 τῆς
2606 4042 2838 4111 ἀδελφῆς
2861 4040 3199 4111 ὲκτεινάσης,
3227 4038 3488 4109 ἐπισχὼν,
3518 4040 3679 4092 αὑτὸν
3712 4040 3843 4111 tite?-

2273 4151 2361 4186 νον
2393 4135 2608 4187 ἐκέλευε
2642 4134 2889 4203 δέχεσθαι
2930 4136 3119 4204 χεῖρας
3144 4133 3453 4201 ὑποσχόντα
3474 4132 3565 4184 τὸν
3587 4134 3845 4202 παρειμέο

2272 4242 2377 4277 νον.
2413 4224 2533 4277 Τῶν
2565 4223 2621 4275 δὲ
2665 4224 2969 4295 παρόντων,
3026 4224 3137 4291 Οὐχ
3191 4222 3323 4291 ὁρᾷς
3372 4223 3518 4283 ὅπως
3568 4223 3845 4290 παρέσεως

2274 4317 2407 4385 ἔχει,
2436 4315 2721 4383 λεγόντων,
2750 4314 2824 4376 ὡς
2856 4314 2991 4382 μηδὲ
3022 4314 3171 4381 μέλει
3201 4312 3296 4365 τοῦ
3322 4312 3572 4379 σώματός
3604 4328 3709 4362 τινι
3748 4328 3846 4380 μη-

2276 4408 2331 4459 δὲ
2375 4408 2530 4479 μέρει
2574 4405 2809 4476 χρῆσθαι
2842 4405 3064 4467 δυνατὸς
3100 4399 3275 4468 εἷναι;
3323 4403 3603 4472 θαρρήσας
3648 4402 3846 4462 ὲκείνις

2273 4501 2339 4568 τῇ
2376 4497 2659 4569 ὲνοικούσῃ
2691 4498 2784 4549 τοῦ
2817 4498 3129 4566 Πνεύματος
3160 4495 3384 4562 δυνάμει
3436 4493 3512 4562 τῷ
3542 4491 3780 4558 Συμεὼν,
3812 4496 3842 4561 ἦ

2277 4589 2371 4641 καὶ
2406 4588 2645 4658 κινηθεὶς
2680 4589 2771 4639 ὑπ’
2805 4589 2996 4657 αὐτῆς,
3024 4586 3051 4639 ὃ
3099 4588 3190 4651 καὶ
3243 4587 3466 4655 μᾶλλον,
3505 4587 3729 4654 λαμπρᾷ
3772 4586 3841 4645 ὡς

2270 4660 2419 4748 ἐἶχεν
2453 4679 2735 4732 ὑπολαϐὼν
2759 4682 2825 4749 τῇ
2858 4683 3030 4749 φωνῇ,
3067 4678 3404 4745 Ἐνόνόματι
3431 4676 3525 4729 τοῦ
3546 4677 3730 4729 δούλου
3755 4676 3841 4727 τοῦ

2277 4768 2409 4821 Θεοῦ
2438 4768 2661 4837 Συμεὼν
2692 4768 2785 4822 τοῦ
2810 4768 2951 4821 κατά
2980 4768 3040 4821 τὸ
3074 4767 3385 4835 θαυμαστὸν
3415 4766 3559 4841 ὅρος,
3596 4766 3720 4833 ἔφη,
3750 4765 3841 4816 τοῦ

2278 4860 2419 4926 κάμὲ
2447 4860 2642 4927 τυφλὸν
2668 4859 2795 4912 ὄντα
2826 4860 3147 4929 ποιήσαντος
3171 4857 3495 4925 ἀναϐλέψαι,
3525 4858 3623 4918 τὰς
3654 4854 3840 4907 ἑαυτοῦ

2278 4952 2463 5019 χεῖρας
2521 4949 2786 5011 ἐκτείνας,
2825 4949 2974 5009 δέξαι
3040 4946 3139 5015 τὴν
3196 4946 3486 5013 εὐλογίαν⁸
3540 4946 3633 4997 καὶ
3665 4960 3842 5011 παρα-

2279 5046 2469 5116 χρῆμα
2498 5043 2563 5101 (ὦ
2601 5042 2736 5103 πῶς,
2760 5040 2996 5093 ἁθάνατε
3035 5038 3234 5107 Χριστὲ
3270 5037 3513 5105 βασιλεῦ,
3537 5036 3737 5107 ᾄσομαι
3782 5035 3842 5086 τὰ

2270 5136 2392 5205 ὲλέη
2432 5134 2594 5201 soul)
2630 5132 2690 5183 ού
2727 5133 2906 5199 χεῖρες
2940 5128 3178 5198 ἔρρωντο
3211 5126 3370 5195 μόνον
3399 5126 3526 5186 τοὺς
3551 5125 3745 5193 ἄρτους
3766 5122 3839 5173 δερ

2272 5230 2517 5300 χόμεναι,
2565 5224 2698 5277 ἀλλὰ
2751 5222 2845 5273 καὶ
2892 5220 2942 5271 εί
2996 5237 3046 5270 τι
3085 5217 3212 5270 ἄλλο
3244 5215 3335 5267 τοῦ
3376 5213 3627 5279 σώματος
3662 5214 3835 5280 μέλος,

2275 5320 2439 5387 ὑγιῶς
2470 5317 2699 5369 ἐκινεῖτο
2734 5314 2827 5365 καὶ
2858 5312 2996 5362 κατὰ
3035 5308 3215 5377 φύσιν.
3244 5307 3306 5357 Ol
3338 5306 3439 5374 μὲν
3464 5302 3559 5357 οὖν
3588 5305 3843 5373 παρόντες

2274 5411 2349 5479 τῷ
2386 5409 2478 5461 τοῦ
2514 5406 2784 5475 θαύματος
2840 5401 3056 5472 μεγέθει
3108 5397 3629 5466 καταπεπληγεσαν,
3672 5394 3749 5462 τῷ
3790 5394 3843 5445 δὲ

2273 5502 2487 5569 τυχόντι
2526 5497 2623 5565 τῆς
2667 5488 2963 5565 θεραπείας
2994 5492 3020 5541 ό
3052 5491 3240 5555 "Arte;
3271 5488 3517 5548 ἀθεάτως
3542 5482 3841 5553 ἐπιφανεὶς,

2274 5594 2451 5647 οἴκαδε
2486 5590 2728 5652 ἀπιέναι,
2769 5588 2837 5638 τά
2880 5602 2937 5637 τε
2986 5582 3115 5650 παρ’
3147 5580 3295 5648 αύτῷ
3325 5578 3519 5630 εἴδωλα
3544 5573 3843 5644 συντρίϐει)

2278 5686 2479 5755 σπουδῇ
2506 5679 2820 5753 παρηγγύα.
2857 5676 2916 5729 ’0
2947 5676 3003 5729 δὲ
3033 5676 3092 5726 ού
3120 5675 3217 5742 τὴν
3242 5670 3461 5740 ἐντολὴν
3499 5669 3659 5738 μόνον
3688 5666 3845 5730 tam;

2277 5779 2535 5846 ἐπλήρου,
2560 5772 2693 5827 ἀλλά
2720 5789 2769 5822 τι
2796 5770 2888 5823 καὶ
2906 5766 3035 5838 παρ’
3065 5762 3255 5820 ἑαυτοῦ
3284 5760 3595 5829 προσετίθει
3634 5757 3847 5829 πῦραῦ-
