  <div class='ocr_page' id='page_1' title='image "/cluster/home/n/w/nwhite01/storage/ocr_20150623/86 pars.2/pst.000005712885/768.png"; bbox 0 0 4078 6332; ppageno 0'>
   <div class='ocr_carea' id='block_1_1' title="bbox 264 384 402 450">
    <p class='ocr_par' dir='ltr' id='par_1_1' title="bbox 264 384 402 450">
     <span class='ocr_line' id='line_1_1' title="bbox 264 384 402 450; baseline 0 -1"><span class='ocrx_word' id='word_1_1' title='bbox 264 384 402 450; x_wconf 78' lang='lat' dir='ltr'><strong>3i&#39;13</strong></span> 
     </span>
    </p>
   </div>
   <div class='ocr_carea' id='block_1_2' title="bbox 1278 386 2538 455">
    <p class='ocr_par' dir='ltr' id='par_1_2' title="bbox 1278 386 2538 455">
     <span class='ocr_line' id='line_1_2' title="bbox 1278 386 2538 455; baseline 0.003 -5"><span class='ocrx_word' id='word_1_2' title='bbox 1278 391 1457 451; x_wconf 76' lang='lat' dir='ltr'><strong>VITA</strong></span> <span class='ocrx_word' id='word_1_3' title='bbox 1492 392 1540 448; x_wconf 77' lang='grc' dir='ltr'><strong>Α</strong></span> <span class='ocrx_word' id='word_1_4' title='bbox 1573 386 2011 449; x_wconf 83' lang='lat' dir='ltr'><strong>NICEPIIORO</strong></span> <span class='ocrx_word' id='word_1_5' title='bbox 2049 391 2538 455; x_wconf 78' lang='lat' dir='ltr'><strong>CONSCBIPTA.</strong></span> 
     </span>
    </p>
   </div>
   <div class='ocr_carea' id='block_1_3' title="bbox 3399 396 3542 463">
    <p class='ocr_par' dir='ltr' id='par_1_3' title="bbox 3399 396 3542 463">
     <span class='ocr_line' id='line_1_3' title="bbox 3399 396 3542 463; baseline 0.007 -1"><span class='ocrx_word' id='word_1_6' title='bbox 3399 396 3542 463; x_wconf 64' lang='lat' dir='ltr'><strong>317i</strong></span> 
     </span>
    </p>
   </div>
   <div class='ocr_carea' id='block_1_4' title="bbox 268 507 1852 596">
    <p class='ocr_par' dir='ltr' id='par_1_4' title="bbox 268 521 1852 596">
     <span class='ocr_line' id='line_1_4' title="bbox 268 521 1852 596; baseline 0.001 -21"><span class='ocrx_word' id='word_1_7' title='bbox 268 528 382 586; x_wconf 81' lang='grc' dir='ltr'>τοῖς</span> <span class='ocrx_word' id='word_1_8' title='bbox 413 524 551 593; x_wconf 80' lang='grc' dir='ltr'>μετὰ</span> <span class='ocrx_word' id='word_1_9' title='bbox 579 527 677 595; x_wconf 81' lang='grc' dir='ltr'><strong>τῆς</strong></span> <span class='ocrx_word' id='word_1_10' title='bbox 705 523 995 595; x_wconf 66' lang='grc' dir='ltr'>ωντριὸἦς</span> <span class='ocrx_word' id='word_1_11' title='bbox 1034 521 1307 591; x_wconf 79' lang='grc' dir='ltr'>ἐμϐαλὼν,</span> <span class='ocrx_word' id='word_1_12' title='bbox 1331 526 1427 579; x_wconf 76' lang='grc' dir='ltr'><strong>καὶ</strong></span> <span class='ocrx_word' id='word_1_13' title='bbox 1455 524 1554 596; x_wconf 76' lang='grc' dir='ltr'>τὴν</span> <span class='ocrx_word' id='word_1_14' title='bbox 1583 525 1852 595; x_wconf 84' lang='grc' dir='ltr'>προτέραν</span> 
     </span>
    </p>
   </div>
   <div class='ocr_carea' id='block_1_5' title="bbox 1955 507 3539 596">
    <p class='ocr_par' dir='ltr' id='par_1_5' title="bbox 1960 508 3539 593">
     <span class='ocr_line' id='line_1_5' title="bbox 1960 508 3539 593; baseline 0.011 -34"><span class='ocrx_word' id='word_1_15' title='bbox 1960 508 2124 593; x_wconf 82' lang='lat' dir='ltr'><strong>modo</strong></span> <span class='ocrx_word' id='word_1_16' title='bbox 2174 508 2549 583; x_wconf 80' lang='lat' dir='ltr'><strong>quodjussus</strong></span> <span class='ocrx_word' id='word_1_17' title='bbox 2587 512 3060 583; x_wconf 61' lang='lat' dir='ltr'><strong>eratadimplevit</strong></span> <span class='ocrx_word' id='word_1_18' title='bbox 3108 528 3404 585; x_wconf 81' lang='lat' dir='ltr'><strong>accurate;</strong></span> <span class='ocrx_word' id='word_1_19' title='bbox 3443 522 3539 577; x_wconf 81' lang='lat' dir='ltr'><strong>sed</strong></span> 
     </span>
    </p>
   </div>
   <div class='ocr_carea' id='block_1_6' title="bbox 266 615 1850 688">
    <p class='ocr_par' dir='ltr' id='par_1_6' title="bbox 266 615 1850 688">
     <span class='ocr_line' id='line_1_6' title="bbox 266 615 1850 688; baseline 0.003 -21"><span class='ocrx_word' id='word_1_20' title='bbox 266 617 488 686; x_wconf 79' lang='grc' dir='ltr'><strong>ἀπάτην</strong></span> <span class='ocrx_word' id='word_1_21' title='bbox 552 615 938 686; x_wconf 80' lang='grc' dir='ltr'>δημοσιεύσας,</span> <span class='ocrx_word' id='word_1_22' title='bbox 984 616 1234 687; x_wconf 82' lang='grc' dir='ltr'>καθάπερ</span> <span class='ocrx_word' id='word_1_23' title='bbox 1296 616 1443 688; x_wconf 73' lang='grc' dir='ltr'>αὐτῷ</span> <span class='ocrx_word' id='word_1_24' title='bbox 1496 618 1701 685; x_wconf 81' lang='grc' dir='ltr'><strong>ταύτης</strong></span> <span class='ocrx_word' id='word_1_25' title='bbox 1748 616 1850 671; x_wconf 72' lang='grc' dir='ltr'>οὐκ</span> 
     </span>
    </p>
   </div>
   <div class='ocr_carea' id='block_1_7' title="bbox 268 706 877 777">
    <p class='ocr_par' dir='ltr' id='par_1_7' title="bbox 268 706 877 777">
     <span class='ocr_line' id='line_1_7' title="bbox 268 706 877 777; baseline 0.005 -21"><span class='ocrx_word' id='word_1_26' title='bbox 268 706 428 775; x_wconf 82' lang='grc' dir='ltr'>ὀλίγα</span> <span class='ocrx_word' id='word_1_27' title='bbox 459 724 595 777; x_wconf 81' lang='grc' dir='ltr'>μετα</span> <span class='ocrx_word' id='word_1_28' title='bbox 603 706 877 776; x_wconf 47' lang='grc' dir='ltr'>μελῆσαν,</span> 
     </span>
    </p>
   </div>
   <div class='ocr_carea' id='block_1_8' title="bbox 346 876 1848 952">
    <p class='ocr_par' dir='ltr' id='par_1_8' title="bbox 346 876 1848 952">
     <span class='ocr_line' id='line_1_8' title="bbox 346 876 1848 952; baseline -0.003 -16"><span class='ocrx_word' id='word_1_29' title='bbox 346 883 439 936; x_wconf 70' lang='lat'><strong>36&#39;.</strong></span> <span class='ocrx_word' id='word_1_30' title='bbox 469 876 635 944; x_wconf 79' lang='grc' dir='ltr'>υῦτος</span> <span class='ocrx_word' id='word_1_31' title='bbox 674 882 731 934; x_wconf 79' lang='grc' dir='ltr'><strong>ἐν</strong></span> <span class='ocrx_word' id='word_1_32' title='bbox 781 881 933 952; x_wconf 79' lang='grc' dir='ltr'>ἀκμῇ</span> <span class='ocrx_word' id='word_1_33' title='bbox 973 880 1072 950; x_wconf 80' lang='grc' dir='ltr'><strong>τῆς</strong></span> <span class='ocrx_word' id='word_1_34' title='bbox 1115 880 1447 951; x_wconf 56' lang='grc' dir='ltr'>ἡλικίαςμῦς</span> <span class='ocrx_word' id='word_1_35' title='bbox 1489 881 1719 952; x_wconf 78' lang='grc' dir='ltr'><strong>ἔφημεν,</strong></span> <span class='ocrx_word' id='word_1_36' title='bbox 1752 881 1848 946; x_wconf 79' lang='grc' dir='ltr'>ὢν,</span> 
     </span>
    </p>
   </div>
   <div class='ocr_carea' id='block_1_9' title="bbox 274 968 1851 1043">
    <p class='ocr_par' dir='ltr' id='par_1_9' title="bbox 274 968 1851 1043">
     <span class='ocr_line' id='line_1_9' title="bbox 274 968 1851 1043; baseline -0.003 -17"><span class='ocrx_word' id='word_1_37' title='bbox 274 971 642 1043; x_wconf 83' lang='grc' dir='ltr'>μνηστεύεταί</span> <span class='ocrx_word' id='word_1_38' title='bbox 673 987 816 1033; x_wconf 86' lang='grc' dir='ltr'>τινος</span> <span class='ocrx_word' id='word_1_39' title='bbox 846 970 1107 1039; x_wconf 81' lang='grc' dir='ltr'><strong>Ἕλληνος</strong></span> <span class='ocrx_word' id='word_1_40' title='bbox 1149 968 1444 1039; x_wconf 78' lang='grc' dir='ltr'>θυγατέρα,</span> <span class='ocrx_word' id='word_1_41' title='bbox 1483 969 1737 1041; x_wconf 77' lang='grc' dir='ltr'>τοιαύτας</span> <span class='ocrx_word' id='word_1_42' title='bbox 1766 968 1851 1022; x_wconf 67' lang='grc' dir='ltr'><strong>θέο</strong></span> 
     </span>
    </p>
   </div>
   <div class='ocr_carea' id='block_1_10' title="bbox 273 1058 1847 1132">
    <p class='ocr_par' dir='ltr' id='par_1_10' title="bbox 273 1058 1847 1132">
     <span class='ocr_line' id='line_1_10' title="bbox 273 1058 1847 1132; baseline -0.001 -18"><span class='ocrx_word' id='word_1_43' title='bbox 273 1080 435 1132; x_wconf 78' lang='grc' dir='ltr'>μενος</span> <span class='ocrx_word' id='word_1_44' title='bbox 463 1061 676 1132; x_wconf 85' lang='grc' dir='ltr'>πρῶτον</span> <span class='ocrx_word' id='word_1_45' title='bbox 706 1060 825 1130; x_wconf 83' lang='grc' dir='ltr'><strong>Θεῷ</strong></span> <span class='ocrx_word' id='word_1_46' title='bbox 861 1061 952 1113; x_wconf 78' lang='grc' dir='ltr'>καὶ</span> <span class='ocrx_word' id='word_1_47' title='bbox 981 1058 1057 1130; x_wconf 83' lang='grc' dir='ltr'>τῷ</span> <span class='ocrx_word' id='word_1_48' title='bbox 1090 1058 1315 1129; x_wconf 78' lang='grc' dir='ltr'>Συμεὼν</span> <span class='ocrx_word' id='word_1_49' title='bbox 1339 1060 1683 1130; x_wconf 79' lang='grc' dir='ltr'>ὑποσχέσεις,</span> <span class='ocrx_word' id='word_1_50' title='bbox 1707 1059 1847 1112; x_wconf 80' lang='grc' dir='ltr'>ὥστε</span> 
     </span>
    </p>
   </div>
   <div class='ocr_carea' id='block_1_11' title="bbox 272 1153 1852 1231">
    <p class='ocr_par' dir='ltr' id='par_1_11' title="bbox 272 1153 1852 1231">
     <span class='ocr_line' id='line_1_11' title="bbox 272 1153 1852 1231; baseline -0.004 -19"><span class='ocrx_word' id='word_1_51' title='bbox 272 1159 352 1227; x_wconf 79' lang='grc' dir='ltr'><strong>μὴ</strong></span> <span class='ocrx_word' id='word_1_52' title='bbox 413 1161 677 1226; x_wconf 84' lang='grc' dir='ltr'>πρότερον</span> <span class='ocrx_word' id='word_1_53' title='bbox 743 1155 1007 1231; x_wconf 81' lang='grc' dir='ltr'>ὁμιλῆσαι</span> <span class='ocrx_word' id='word_1_54' title='bbox 1058 1155 1256 1224; x_wconf 81' lang='grc' dir='ltr'><strong>γάμοις</strong></span> <span class='ocrx_word' id='word_1_55' title='bbox 1312 1154 1445 1224; x_wconf 73' lang='grc' dir='ltr'>πρὶν</span> <span class='ocrx_word' id='word_1_56' title='bbox 1485 1154 1549 1207; x_wconf 78' lang='grc' dir='ltr'>ἂν</span> <span class='ocrx_word' id='word_1_57' title='bbox 1580 1153 1735 1222; x_wconf 68' lang='grc' dir='ltr'>παρᾶ</span> <span class='ocrx_word' id='word_1_58' title='bbox 1763 1154 1852 1207; x_wconf 73' lang='grc' dir='ltr'>τὸν</span> 
     </span>
    </p>
   </div>
   <div class='ocr_carea' id='block_1_12' title="bbox 270 1246 1853 1319">
    <p class='ocr_par' dir='ltr' id='par_1_12' title="bbox 270 1246 1853 1319">
     <span class='ocr_line' id='line_1_12' title="bbox 270 1246 1853 1319; baseline -0.001 -18"><span class='ocrx_word' id='word_1_59' title='bbox 270 1249 463 1301; x_wconf 82' lang='grc' dir='ltr'>στύλον</span> <span class='ocrx_word' id='word_1_60' title='bbox 493 1250 806 1317; x_wconf 81' lang='grc' dir='ltr'>γενόμενος,</span> <span class='ocrx_word' id='word_1_61' title='bbox 841 1246 1033 1319; x_wconf 73' lang='grc' dir='ltr'>ὑψώσῃ</span> <span class='ocrx_word' id='word_1_62' title='bbox 1074 1263 1130 1298; x_wconf 89' lang='grc' dir='ltr'><strong>σε</strong></span> <span class='ocrx_word' id='word_1_63' title='bbox 1161 1248 1189 1298; x_wconf 85' lang='grc' dir='ltr'>ὁ</span> <span class='ocrx_word' id='word_1_64' title='bbox 1231 1246 1363 1309; x_wconf 85' lang='grc' dir='ltr'><strong>Θεός</strong></span> <span class='ocrx_word' id='word_1_65' title='bbox 1400 1263 1500 1317; x_wconf 92' lang='grc' dir='ltr'>μου</span> <span class='ocrx_word' id='word_1_66' title='bbox 1528 1248 1555 1299; x_wconf 85' lang='grc' dir='ltr'>ὁ</span> <span class='ocrx_word' id='word_1_67' title='bbox 1592 1246 1853 1309; x_wconf 68' lang='grc' dir='ltr'>Βασιλεύς</span> 
     </span>
    </p>
   </div>
   <div class='ocr_carea' id='block_1_13' title="bbox 270 1338 1852 1408">
    <p class='ocr_par' dir='ltr' id='par_1_13' title="bbox 270 1338 1852 1408">
     <span class='ocr_line' id='line_1_13' title="bbox 270 1338 1852 1408; baseline 0.001 -18"><span class='ocrx_word' id='word_1_68' title='bbox 270 1356 398 1408; x_wconf 84' lang='grc' dir='ltr'>μου,</span> <span class='ocrx_word' id='word_1_69' title='bbox 436 1339 633 1407; x_wconf 80' lang='grc' dir='ltr'>καὶτῷ</span> <span class='ocrx_word' id='word_1_70' title='bbox 682 1338 757 1407; x_wconf 82' lang='grc' dir='ltr'>σῷ</span> <span class='ocrx_word' id='word_1_71' title='bbox 789 1339 1079 1408; x_wconf 78' lang='grc' dir='ltr'>θεράποντι</span> <span class='ocrx_word' id='word_1_72' title='bbox 1110 1339 1340 1408; x_wconf 76' lang='grc' dir='ltr'>Συμεὼν</span> <span class='ocrx_word' id='word_1_73' title='bbox 1390 1339 1573 1408; x_wconf 83' lang='grc' dir='ltr'>ἀποδῷ</span> <span class='ocrx_word' id='word_1_74' title='bbox 1624 1338 1722 1401; x_wconf 84' lang='grc' dir='ltr'><strong>τὰς</strong></span> <span class='ocrx_word' id='word_1_75' title='bbox 1760 1340 1852 1392; x_wconf 87' lang='grc' dir='ltr'>εύ-</span> 
     </span>
    </p>
   </div>
   <div class='ocr_carea' id='block_1_14' title="bbox 270 1429 1848 1501">
    <p class='ocr_par' dir='ltr' id='par_1_14' title="bbox 270 1429 1848 1501">
     <span class='ocr_line' id='line_1_14' title="bbox 270 1429 1848 1501; baseline 0.001 -20"><span class='ocrx_word' id='word_1_76' title='bbox 270 1430 581 1500; x_wconf 71' lang='grc' dir='ltr'>χαριστίας.</span> <span class='ocrx_word' id='word_1_77' title='bbox 618 1430 725 1482; x_wconf 82' lang='grc' dir='ltr'><strong>Τοῦ</strong></span> <span class='ocrx_word' id='word_1_78' title='bbox 759 1430 816 1482; x_wconf 87' lang='grc' dir='ltr'><strong>δέ</strong></span> <span class='ocrx_word' id='word_1_79' title='bbox 846 1430 946 1499; x_wconf 80' lang='grc' dir='ltr'><strong>τῆς</strong></span> <span class='ocrx_word' id='word_1_80' title='bbox 978 1432 1143 1501; x_wconf 83' lang='grc' dir='ltr'>κόρης</span> <span class='ocrx_word' id='word_1_81' title='bbox 1178 1429 1406 1500; x_wconf 76' lang='grc' dir='ltr'>πατρὸς,</span> <span class='ocrx_word' id='word_1_82' title='bbox 1442 1433 1493 1483; x_wconf 89' lang='grc' dir='ltr'><strong>εί</strong></span> <span class='ocrx_word' id='word_1_83' title='bbox 1531 1430 1604 1501; x_wconf 82' lang='grc' dir='ltr'><strong>μὴ</strong></span> <span class='ocrx_word' id='word_1_84' title='bbox 1651 1430 1746 1482; x_wconf 87' lang='grc' dir='ltr'><strong>νῦν</strong></span> <span class='ocrx_word' id='word_1_85' title='bbox 1799 1431 1848 1483; x_wconf 76' lang='lat' dir='ltr'><strong>oi</strong></span> 
     </span>
    </p>
   </div>
   <div class='ocr_carea' id='block_1_15' title="bbox 268 1520 1854 1590">
    <p class='ocr_par' dir='ltr' id='par_1_15' title="bbox 268 1520 1854 1590">
     <span class='ocr_line' id='line_1_15' title="bbox 268 1520 1854 1590; baseline 0.002 -17"><span class='ocrx_word' id='word_1_86' title='bbox 268 1522 442 1590; x_wconf 81' lang='grc' dir='ltr'>γάμοι</span> <span class='ocrx_word' id='word_1_87' title='bbox 475 1520 897 1585; x_wconf 80' lang='grc' dir='ltr'>συντελεσθεϊεν,</span> <span class='ocrx_word' id='word_1_88' title='bbox 941 1522 1043 1573; x_wconf 85' lang='grc' dir='ltr'>οὐκ</span> <span class='ocrx_word' id='word_1_89' title='bbox 1073 1522 1273 1574; x_wconf 75' lang='grc' dir='ltr'>ἀνεκτά</span> <span class='ocrx_word' id='word_1_90' title='bbox 1302 1521 1647 1589; x_wconf 81' lang='grc' dir='ltr'><strong>ποιουμένου,</strong></span> <span class='ocrx_word' id='word_1_91' title='bbox 1682 1521 1854 1576; x_wconf 83' lang='grc' dir='ltr'>ἐκδῶ-</span> 
     </span>
    </p>
   </div>
   <div class='ocr_carea' id='block_1_16' title="bbox 275 1612 1855 1683">
    <p class='ocr_par' dir='ltr' id='par_1_16' title="bbox 275 1612 1855 1683">
     <span class='ocr_line' id='line_1_16' title="bbox 275 1612 1855 1683; baseline -0.001 -18"><span class='ocrx_word' id='word_1_92' title='bbox 275 1612 464 1665; x_wconf 78' lang='grc' dir='ltr'>σεσθαι</span> <span class='ocrx_word' id='word_1_93' title='bbox 514 1612 569 1665; x_wconf 82' lang='grc' dir='ltr'><strong>δέ</strong></span> <span class='ocrx_word' id='word_1_94' title='bbox 597 1612 690 1664; x_wconf 69' lang='grc' dir='ltr'>καὶ</span> <span class='ocrx_word' id='word_1_95' title='bbox 721 1612 882 1664; x_wconf 80' lang='grc' dir='ltr'>αὐτὸν</span> <span class='ocrx_word' id='word_1_96' title='bbox 905 1613 1076 1682; x_wconf 77' lang='grc' dir='ltr'>ἑτέρῳ</span> <span class='ocrx_word' id='word_1_97' title='bbox 1118 1613 1322 1680; x_wconf 80' lang='grc' dir='ltr'>μᾶλλον</span> <span class='ocrx_word' id='word_1_98' title='bbox 1352 1614 1507 1683; x_wconf 74' lang='grc' dir='ltr'>ἀνδρὶ</span> <span class='ocrx_word' id='word_1_99' title='bbox 1566 1612 1855 1666; x_wconf 75' lang='grc' dir='ltr'>ἀπειλοῦν-</span> 
     </span>
    </p>
   </div>
   <div class='ocr_carea' id='block_1_17' title="bbox 269 1704 1854 1775">
    <p class='ocr_par' dir='ltr' id='par_1_17' title="bbox 269 1704 1854 1775">
     <span class='ocr_line' id='line_1_17' title="bbox 269 1704 1854 1775; baseline 0.002 -20"><span class='ocrx_word' id='word_1_100' title='bbox 269 1721 390 1768; x_wconf 88' lang='grc' dir='ltr'>τος,</span> <span class='ocrx_word' id='word_1_101' title='bbox 442 1704 698 1775; x_wconf 76' lang='grc' dir='ltr'><strong>δευτέρας</strong></span> <span class='ocrx_word' id='word_1_102' title='bbox 740 1707 945 1766; x_wconf 82' lang='grc' dir='ltr'>ἐκεῖνος</span> <span class='ocrx_word' id='word_1_103' title='bbox 975 1705 1083 1756; x_wconf 90' lang='grc' dir='ltr'><strong>τῶν</strong></span> <span class='ocrx_word' id='word_1_104' title='bbox 1114 1706 1176 1757; x_wconf 90' lang='grc' dir='ltr'><strong>ἐκ</strong></span> <span class='ocrx_word' id='word_1_105' title='bbox 1209 1705 1302 1759; x_wconf 89' lang='grc' dir='ltr'><strong>τοῦ</strong></span> <span class='ocrx_word' id='word_1_106' title='bbox 1334 1705 1597 1774; x_wconf 77' lang='grc' dir='ltr'><strong>πενθεροῦ</strong></span> <span class='ocrx_word' id='word_1_107' title='bbox 1629 1706 1854 1775; x_wconf 83' lang='grc' dir='ltr'>θέμενος</span> 
     </span>
    </p>
   </div>
   <div class='ocr_carea' id='block_1_18' title="bbox 275 1780 1854 1865">
    <p class='ocr_par' dir='ltr' id='par_1_18' title="bbox 275 1780 1854 1865">
     <span class='ocr_line' id='line_1_18' title="bbox 275 1780 1854 1865; baseline 0.001 -17"><span class='ocrx_word' id='word_1_108' title='bbox 275 1795 536 1863; x_wconf 59' lang='grc' dir='ltr'>ἀναγκῶν</span> <span class='ocrx_word' id='word_1_109' title='bbox 567 1796 665 1857; x_wconf 77' lang='grc' dir='ltr'><strong>τὰς</strong></span> <span class='ocrx_word' id='word_1_110' title='bbox 717 1795 855 1865; x_wconf 83' lang='grc' dir='ltr'>πρὸς</span> <span class='ocrx_word' id='word_1_111' title='bbox 904 1795 993 1848; x_wconf 82' lang='grc' dir='ltr'><strong>τὸν</strong></span> <span class='ocrx_word' id='word_1_112' title='bbox 1030 1780 1220 1863; x_wconf 52' lang='grc' dir='ltr'>θᾹγιον</span> <span class='ocrx_word' id='word_1_113' title='bbox 1269 1794 1583 1865; x_wconf 77' lang='grc' dir='ltr'>συνθήκας,</span> <span class='ocrx_word' id='word_1_114' title='bbox 1616 1796 1854 1849; x_wconf 77' lang='grc' dir='ltr'>ἐπινεύει</span> 
     </span>
    </p>
   </div>
   <div class='ocr_carea' id='block_1_19' title="bbox 274 1885 1854 1957">
    <p class='ocr_par' dir='ltr' id='par_1_19' title="bbox 274 1885 1854 1957">
     <span class='ocr_line' id='line_1_19' title="bbox 274 1885 1854 1957; baseline 0.001 -20"><span class='ocrx_word' id='word_1_115' title='bbox 274 1885 375 1937; x_wconf 71' lang='grc' dir='ltr'>καὶ</span> <span class='ocrx_word' id='word_1_116' title='bbox 400 1886 571 1949; x_wconf 81' lang='grc' dir='ltr'>άκων,</span> <span class='ocrx_word' id='word_1_117' title='bbox 606 1885 701 1938; x_wconf 76' lang='grc' dir='ltr'>καὶ</span> <span class='ocrx_word' id='word_1_118' title='bbox 725 1886 871 1955; x_wconf 66' lang='grc' dir='ltr'>δῆτα</span> <span class='ocrx_word' id='word_1_119' title='bbox 895 1886 1119 1939; x_wconf 86' lang='grc' dir='ltr'>πάντων</span> <span class='ocrx_word' id='word_1_120' title='bbox 1148 1886 1256 1939; x_wconf 88' lang='grc' dir='ltr'><strong>τῶν</strong></span> <span class='ocrx_word' id='word_1_121' title='bbox 1297 1887 1361 1939; x_wconf 82' lang='grc' dir='ltr'><strong>ἐκ</strong></span> <span class='ocrx_word' id='word_1_122' title='bbox 1383 1887 1484 1955; x_wconf 85' lang='grc' dir='ltr'>τῆς</span> <span class='ocrx_word' id='word_1_123' title='bbox 1542 1886 1854 1957; x_wconf 79' lang='grc' dir='ltr'>περιχώρου</span> 
     </span>
    </p>
   </div>
   <div class='ocr_carea' id='block_1_20' title="bbox 275 1971 1863 2048">
    <p class='ocr_par' dir='ltr' id='par_1_20' title="bbox 275 1971 1863 2048">
     <span class='ocr_line' id='line_1_20' title="bbox 275 1971 1863 2048; baseline -0.001 -18"><span class='ocrx_word' id='word_1_124' title='bbox 275 1976 466 2047; x_wconf 76' lang='grc' dir='ltr'>σχεδὸν</span> <span class='ocrx_word' id='word_1_125' title='bbox 480 1976 1163 2048; x_wconf 80' lang='grc' dir='ltr'>άθροισθέντων,”Ελληνες</span> <span class='ocrx_word' id='word_1_126' title='bbox 1175 1976 1231 2028; x_wconf 80' lang='grc' dir='ltr'><strong>δέ</strong></span> <span class='ocrx_word' id='word_1_127' title='bbox 1246 1971 1384 2047; x_wconf 79' lang='grc' dir='ltr'>ἦσαν</span> <span class='ocrx_word' id='word_1_128' title='bbox 1401 1975 1507 2047; x_wconf 75' lang='grc' dir='ltr'>ἄρα</span> <span class='ocrx_word' id='word_1_129' title='bbox 1521 1976 1617 2029; x_wconf 76' lang='grc' dir='ltr'>καὶ</span> <span class='ocrx_word' id='word_1_130' title='bbox 1636 1979 1732 2048; x_wconf 75' lang='grc' dir='ltr'>τῆς</span> <span class='ocrx_word' id='word_1_131' title='bbox 1748 1974 1863 2029; x_wconf 77' lang='grc' dir='ltr'><strong>Ἐλ-</strong></span> 
     </span>
    </p>
   </div>
   <div class='ocr_carea' id='block_1_21' title="bbox 265 2053 1845 2125">
    <p class='ocr_par' dir='ltr' id='par_1_21' title="bbox 265 2053 1845 2125">
     <span class='ocr_line' id='line_1_21' title="bbox 265 2053 1845 2125; baseline 0.003 -18"><span class='ocrx_word' id='word_1_132' title='bbox 265 2055 447 2122; x_wconf 81' lang='grc' dir='ltr'>λήνων</span> <span class='ocrx_word' id='word_1_133' title='bbox 477 2053 795 2125; x_wconf 78' lang='grc' dir='ltr'><strong>θρησκείας,</strong></span> <span class='ocrx_word' id='word_1_134' title='bbox 827 2053 902 2115; x_wconf 85' lang='grc' dir='ltr'>ὠς</span> <span class='ocrx_word' id='word_1_135' title='bbox 933 2055 1032 2125; x_wconf 70' lang='grc' dir='ltr'><strong>ἥδη</strong></span> <span class='ocrx_word' id='word_1_136' title='bbox 1064 2054 1159 2108; x_wconf 75' lang='grc' dir='ltr'>καὶ</span> <span class='ocrx_word' id='word_1_137' title='bbox 1181 2056 1230 2108; x_wconf 86' lang='grc' dir='ltr'><strong>οί</strong></span> <span class='ocrx_word' id='word_1_138' title='bbox 1254 2057 1423 2125; x_wconf 80' lang='grc' dir='ltr'>γάμοι</span> <span class='ocrx_word' id='word_1_139' title='bbox 1448 2057 1845 2124; x_wconf 72' lang='grc' dir='ltr'>συνετελοῦντο,</span> 
     </span>
    </p>
   </div>
   <div class='ocr_carea' id='block_1_22' title="bbox 261 2141 1848 2220">
    <p class='ocr_par' dir='ltr' id='par_1_22' title="bbox 261 2141 1848 2220">
     <span class='ocr_line' id='line_1_22' title="bbox 261 2141 1848 2220; baseline 0.003 -20"><span class='ocrx_word' id='word_1_140' title='bbox 261 2144 368 2200; x_wconf 69' lang='grc' dir='ltr'>καὶ</span> <span class='ocrx_word' id='word_1_141' title='bbox 396 2143 465 2197; x_wconf 78' lang='grc' dir='ltr'>τὰ</span> <span class='ocrx_word' id='word_1_142' title='bbox 491 2144 739 2215; x_wconf 80' lang='grc' dir='ltr'>γαμήλια</span> <span class='ocrx_word' id='word_1_143' title='bbox 770 2146 1067 2210; x_wconf 77' lang='grc' dir='ltr'>εἱστιῶντο,</span> <span class='ocrx_word' id='word_1_144' title='bbox 1122 2146 1377 2215; x_wconf 83' lang='grc' dir='ltr'>δαίμονες</span> <span class='ocrx_word' id='word_1_145' title='bbox 1422 2149 1604 2213; x_wconf 80' lang='grc' dir='ltr'>αὐτοῖς</span> <span class='ocrx_word' id='word_1_146' title='bbox 1652 2141 1848 2220; x_wconf 78' lang='grc' dir='ltr'>ἀθρόον</span> 
     </span>
    </p>
   </div>
   <div class='ocr_carea' id='block_1_23' title="bbox 271 2238 1855 2316">
    <p class='ocr_par' dir='ltr' id='par_1_23' title="bbox 271 2238 1855 2316">
     <span class='ocr_line' id='line_1_23' title="bbox 271 2238 1855 2316; baseline 0.007 -27"><span class='ocrx_word' id='word_1_147' title='bbox 271 2238 631 2309; x_wconf 72' lang='grc' dir='ltr'>ἐπιπηδῶσιν,</span> <span class='ocrx_word' id='word_1_148' title='bbox 661 2240 722 2293; x_wconf 77' lang='grc' dir='ltr'>οὐ</span> <span class='ocrx_word' id='word_1_149' title='bbox 774 2241 849 2309; x_wconf 86' lang='grc' dir='ltr'>τῷ</span> <span class='ocrx_word' id='word_1_150' title='bbox 891 2241 1127 2310; x_wconf 79' lang='grc' dir='ltr'>γαμδρῷ</span> <span class='ocrx_word' id='word_1_151' title='bbox 1151 2243 1247 2297; x_wconf 71' lang='grc' dir='ltr'><strong>καὶ</strong></span> <span class='ocrx_word' id='word_1_152' title='bbox 1279 2243 1355 2313; x_wconf 81' lang='grc' dir='ltr'>τῷ</span> <span class='ocrx_word' id='word_1_153' title='bbox 1385 2244 1633 2316; x_wconf 79' lang='grc' dir='ltr'>πενθερῷ</span> <span class='ocrx_word' id='word_1_154' title='bbox 1666 2246 1855 2315; x_wconf 81' lang='grc' dir='ltr'>μόνον,</span> 
     </span>
    </p>
   </div>
   <div class='ocr_carea' id='block_1_24' title="bbox 274 2329 1849 2406">
    <p class='ocr_par' dir='ltr' id='par_1_24' title="bbox 274 2329 1849 2406">
     <span class='ocr_line' id='line_1_24' title="bbox 274 2329 1849 2406; baseline 0.006 -25"><span class='ocrx_word' id='word_1_155' title='bbox 274 2329 408 2382; x_wconf 72' lang='grc' dir='ltr'>ὶλλὰ</span> <span class='ocrx_word' id='word_1_156' title='bbox 428 2330 522 2382; x_wconf 80' lang='grc' dir='ltr'><strong>καὶ</strong></span> <span class='ocrx_word' id='word_1_157' title='bbox 550 2332 615 2400; x_wconf 79' lang='grc' dir='ltr'><strong>’τῇ</strong></span> <span class='ocrx_word' id='word_1_158' title='bbox 648 2330 832 2402; x_wconf 77' lang='grc' dir='ltr'>νύμφῃ</span> <span class='ocrx_word' id='word_1_159' title='bbox 866 2330 1086 2402; x_wconf 77' lang='grc' dir='ltr'>δηλαδὴ,</span> <span class='ocrx_word' id='word_1_160' title='bbox 1119 2334 1211 2386; x_wconf 73' lang='grc' dir='ltr'><strong>καὶ</strong></span> <span class='ocrx_word' id='word_1_161' title='bbox 1237 2336 1305 2403; x_wconf 82' lang='grc' dir='ltr'>τῇ</span> <span class='ocrx_word' id='word_1_162' title='bbox 1360 2336 1549 2406; x_wconf 74' lang='grc' dir='ltr'>μητρὶ,</span> <span class='ocrx_word' id='word_1_163' title='bbox 1593 2336 1689 2389; x_wconf 70' lang='grc' dir='ltr'><strong>καὶ</strong></span> <span class='ocrx_word' id='word_1_164' title='bbox 1737 2339 1849 2401; x_wconf 75' lang='grc' dir='ltr'>τοῖς</span> 
     </span>
    </p>
   </div>
   <div class='ocr_carea' id='block_1_25' title="bbox 273 2421 1850 2497">
    <p class='ocr_par' dir='ltr' id='par_1_25' title="bbox 273 2421 1850 2497">
     <span class='ocr_line' id='line_1_25' title="bbox 273 2421 1850 2497; baseline 0.006 -24"><span class='ocrx_word' id='word_1_165' title='bbox 273 2421 542 2491; x_wconf 63' lang='grc' dir='ltr'>ἆδελφοῖς.</span> <span class='ocrx_word' id='word_1_166' title='bbox 572 2424 668 2475; x_wconf 73' lang='grc' dir='ltr'><strong>καὶ</strong></span> <span class='ocrx_word' id='word_1_167' title='bbox 700 2424 815 2475; x_wconf 79' lang='grc' dir='ltr'>ὅσοι</span> <span class='ocrx_word' id='word_1_168' title='bbox 846 2424 995 2477; x_wconf 77' lang='grc' dir='ltr'>ἄλλοι</span> <span class='ocrx_word' id='word_1_169' title='bbox 1036 2425 1147 2477; x_wconf 90' lang='grc' dir='ltr'><strong>τῶν</strong></span> <span class='ocrx_word' id='word_1_170' title='bbox 1176 2427 1372 2493; x_wconf 84' lang='grc' dir='ltr'>γάμων</span> <span class='ocrx_word' id='word_1_171' title='bbox 1404 2421 1543 2496; x_wconf 75' lang='grc' dir='ltr'>ἦσαν</span> <span class='ocrx_word' id='word_1_172' title='bbox 1579 2427 1850 2497; x_wconf 80' lang='grc' dir='ltr'><strong>ὑπηρέται</strong></span> 
     </span>
    </p>
   </div>
   <div class='ocr_carea' id='block_1_26' title="bbox 274 2514 1852 2593">
    <p class='ocr_par' dir='ltr' id='par_1_26' title="bbox 274 2514 1852 2593">
     <span class='ocr_line' id='line_1_26' title="bbox 274 2514 1852 2593; baseline 0.004 -27"><span class='ocrx_word' id='word_1_173' title='bbox 274 2515 370 2567; x_wconf 78' lang='grc' dir='ltr'>καὶ</span> <span class='ocrx_word' id='word_1_174' title='bbox 401 2514 730 2567; x_wconf 80' lang='grc' dir='ltr'>σπουδασταί</span> <span class='ocrx_word' id='word_1_175' title='bbox 753 2529 766 2543; x_wconf 89' lang='grc'><strong>·</strong></span> <span class='ocrx_word' id='word_1_176' title='bbox 798 2515 896 2585; x_wconf 70' lang='grc' dir='ltr'>οὐχ</span> <span class='ocrx_word' id='word_1_177' title='bbox 924 2515 1065 2569; x_wconf 77' lang='grc' dir='ltr'>οὕτω</span> <span class='ocrx_word' id='word_1_178' title='bbox 1086 2516 1186 2587; x_wconf 81' lang='grc' dir='ltr'><strong>τὴν</strong></span> <span class='ocrx_word' id='word_1_179' title='bbox 1205 2516 1314 2569; x_wconf 88' lang='grc' dir='ltr'><strong>τῶν</strong></span> <span class='ocrx_word' id='word_1_180' title='bbox 1346 2516 1630 2588; x_wconf 79' lang='grc' dir='ltr'>συνθηκῶν</span> <span class='ocrx_word' id='word_1_181' title='bbox 1658 2519 1852 2593; x_wconf 76' lang='grc' dir='ltr'>ἀθέτη-</span> 
     </span>
    </p>
   </div>
   <div class='ocr_carea' id='block_1_27' title="bbox 275 2599 1850 2679">
    <p class='ocr_par' dir='ltr' id='par_1_27' title="bbox 275 2599 1850 2679">
     <span class='ocr_line' id='line_1_27' title="bbox 275 2599 1850 2679; baseline 0.004 -23"><span class='ocrx_word' id='word_1_182' title='bbox 275 2621 383 2667; x_wconf 86' lang='grc' dir='ltr'>σιν,</span> <span class='ocrx_word' id='word_1_183' title='bbox 408 2599 583 2675; x_wconf 79' lang='grc' dir='ltr'>οἷμαι,</span> <span class='ocrx_word' id='word_1_184' title='bbox 605 2605 707 2675; x_wconf 85' lang='grc' dir='ltr'>τῆς</span> <span class='ocrx_word' id='word_1_185' title='bbox 739 2605 887 2669; x_wconf 86' lang='grc' dir='ltr'>θείας</span> <span class='ocrx_word' id='word_1_186' title='bbox 914 2606 1071 2678; x_wconf 84' lang='grc' dir='ltr'>δίκης</span> <span class='ocrx_word' id='word_1_187' title='bbox 1098 2606 1578 2679; x_wconf 75' lang='grc' dir='ltr'>δυσχεραινούσης,</span> <span class='ocrx_word' id='word_1_188' title='bbox 1597 2610 1719 2663; x_wconf 80' lang='grc' dir='ltr'>ὅσον</span> <span class='ocrx_word' id='word_1_189' title='bbox 1742 2611 1850 2664; x_wconf 81' lang='grc' dir='ltr'><strong>άπὸ</strong></span> 
     </span>
    </p>
   </div>
   <div class='ocr_carea' id='block_1_28' title="bbox 273 2694 1851 2769">
    <p class='ocr_par' dir='ltr' id='par_1_28' title="bbox 273 2694 1851 2769">
     <span class='ocr_line' id='line_1_28' title="bbox 273 2694 1851 2769; baseline 0.004 -22"><span class='ocrx_word' id='word_1_190' title='bbox 273 2694 375 2765; x_wconf 78' lang='grc' dir='ltr'>τῆς</span> <span class='ocrx_word' id='word_1_191' title='bbox 410 2696 499 2748; x_wconf 80' lang='grc' dir='ltr'><strong>ἐπὶ</strong></span> <span class='ocrx_word' id='word_1_192' title='bbox 518 2696 585 2748; x_wconf 78' lang='grc' dir='ltr'><strong>τά</strong></span> <span class='ocrx_word' id='word_1_193' title='bbox 609 2696 803 2749; x_wconf 79' lang='grc' dir='ltr'>εἴδωλα</span> <span class='ocrx_word' id='word_1_194' title='bbox 835 2695 1041 2766; x_wconf 82' lang='grc' dir='ltr'>πλάνης</span> <span class='ocrx_word' id='word_1_195' title='bbox 1070 2698 1395 2769; x_wconf 69' lang='grc' dir='ltr'>ἐπιστρέψαι</span> <span class='ocrx_word' id='word_1_196' title='bbox 1425 2700 1600 2769; x_wconf 75' lang='grc' dir='ltr'>ψυχάς</span> <span class='ocrx_word' id='word_1_197' title='bbox 1618 2703 1696 2764; x_wconf 86' lang='grc' dir='ltr'><strong>είς</strong></span> <span class='ocrx_word' id='word_1_198' title='bbox 1729 2700 1851 2754; x_wconf 81' lang='grc' dir='ltr'>ἐπί-</span> 
     </span>
    </p>
   </div>
   <div class='ocr_carea' id='block_1_29' title="bbox 278 2786 1853 2859">
    <p class='ocr_par' dir='ltr' id='par_1_29' title="bbox 278 2786 1853 2859">
     <span class='ocr_line' id='line_1_29' title="bbox 278 2786 1853 2859; baseline 0.006 -22"><span class='ocrx_word' id='word_1_199' title='bbox 278 2803 480 2852; x_wconf 87' lang='grc' dir='ltr'>γνωσιν</span> <span class='ocrx_word' id='word_1_200' title='bbox 536 2786 671 2845; x_wconf 82' lang='grc' dir='ltr'>Θεοῦ</span> <span class='ocrx_word' id='word_1_201' title='bbox 718 2786 1070 2857; x_wconf 76' lang='grc' dir='ltr'>βουλομένης.</span> <span class='ocrx_word' id='word_1_202' title='bbox 1132 2789 1198 2841; x_wconf 78' lang='grc' dir='ltr'>Ὀ</span> <span class='ocrx_word' id='word_1_203' title='bbox 1243 2788 1306 2859; x_wconf 79' lang='grc' dir='ltr'><strong>δὴ</strong></span> <span class='ocrx_word' id='word_1_204' title='bbox 1355 2791 1446 2842; x_wconf 77' lang='grc' dir='ltr'><strong>καὶ</strong></span> <span class='ocrx_word' id='word_1_205' title='bbox 1496 2786 1636 2844; x_wconf 71' lang='grc' dir='ltr'>κατὰ</span> <span class='ocrx_word' id='word_1_206' title='bbox 1684 2790 1853 2855; x_wconf 83' lang='grc' dir='ltr'>πόδας</span> 
     </span>
    </p>
   </div>
   <div class='ocr_carea' id='block_1_30' title="bbox 242 2875 1853 2952">
    <p class='ocr_par' dir='ltr' id='par_1_30' title="bbox 242 2875 1853 2952">
     <span class='ocr_line' id='line_1_30' title="bbox 242 2875 1853 2952; baseline 0.004 -23"><span class='ocrx_word' id='word_1_207' title='bbox 242 2936 245 2937; x_wconf 21' lang='grc' dir='ltr'><strong>ν</strong></span> <span class='ocrx_word' id='word_1_208' title='bbox 272 2878 512 2947; x_wconf 83' lang='grc' dir='ltr'>άπηντα.</span> <span class='ocrx_word' id='word_1_209' title='bbox 547 2875 703 2946; x_wconf 74' lang='grc' dir='ltr'>Ῥίψα</span> <span class='ocrx_word' id='word_1_210' title='bbox 715 2895 831 2940; x_wconf 79' lang='grc' dir='ltr'>ντες</span> <span class='ocrx_word' id='word_1_211' title='bbox 848 2879 957 2947; x_wconf 76' lang='grc' dir='ltr'><strong>γάρ</strong></span> <span class='ocrx_word' id='word_1_212' title='bbox 980 2878 1048 2931; x_wconf 83' lang='grc' dir='ltr'><strong>τά</strong></span> <span class='ocrx_word' id='word_1_213' title='bbox 1078 2881 1134 2931; x_wconf 82' lang='grc' dir='ltr'><strong>ἐν</strong></span> <span class='ocrx_word' id='word_1_214' title='bbox 1161 2882 1315 2948; x_wconf 69' lang='grc' dir='ltr'>χερσὶ</span> <span class='ocrx_word' id='word_1_215' title='bbox 1342 2880 1561 2943; x_wconf 84' lang='grc' dir='ltr'>πάντες,</span> <span class='ocrx_word' id='word_1_216' title='bbox 1579 2881 1853 2952; x_wconf 82' lang='grc' dir='ltr'>δρομαίως</span> 
     </span>
    </p>
   </div>
   <div class='ocr_carea' id='block_1_31' title="bbox 274 2967 1853 3042">
    <p class='ocr_par' dir='ltr' id='par_1_31' title="bbox 274 2967 1853 3042">
     <span class='ocr_line' id='line_1_31' title="bbox 274 2967 1853 3042; baseline 0.006 -24"><span class='ocrx_word' id='word_1_217' title='bbox 274 2967 431 3037; x_wconf 74' lang='grc' dir='ltr'>παρὰ</span> <span class='ocrx_word' id='word_1_218' title='bbox 473 2968 564 3020; x_wconf 85' lang='grc' dir='ltr'><strong>τὸν</strong></span> <span class='ocrx_word' id='word_1_219' title='bbox 605 2968 795 3036; x_wconf 77' lang='grc' dir='ltr'>Ἀγιον</span> <span class='ocrx_word' id='word_1_220' title='bbox 833 2969 1207 3038; x_wconf 78' lang='grc' dir='ltr'>ἀφικνοῦνται,</span> <span class='ocrx_word' id='word_1_221' title='bbox 1257 2974 1317 3024; x_wconf 71' lang='grc' dir='ltr'>οὐ</span> <span class='ocrx_word' id='word_1_222' title='bbox 1363 2971 1654 3042; x_wconf 83' lang='grc' dir='ltr'>θεραπείας</span> <span class='ocrx_word' id='word_1_223' title='bbox 1690 2974 1853 3042; x_wconf 82' lang='grc' dir='ltr'>μόνον</span> 
     </span>
    </p>
   </div>
   <div class='ocr_carea' id='block_1_32' title="bbox 273 3056 1851 3133">
    <p class='ocr_par' dir='ltr' id='par_1_32' title="bbox 273 3056 1851 3133">
     <span class='ocr_line' id='line_1_32' title="bbox 273 3056 1851 3133; baseline 0.007 -25"><span class='ocrx_word' id='word_1_224' title='bbox 273 3059 463 3127; x_wconf 82' lang='grc' dir='ltr'>τυχεῖν</span> <span class='ocrx_word' id='word_1_225' title='bbox 482 3056 776 3123; x_wconf 77' lang='grc' dir='ltr'>ἀξιοῦντες,</span> <span class='ocrx_word' id='word_1_226' title='bbox 808 3059 945 3113; x_wconf 78' lang='grc' dir='ltr'>ἀλλὰ</span> <span class='ocrx_word' id='word_1_227' title='bbox 974 3060 1070 3114; x_wconf 74' lang='grc' dir='ltr'>καὶ</span> <span class='ocrx_word' id='word_1_228' title='bbox 1096 3061 1196 3130; x_wconf 84' lang='grc' dir='ltr'>τὴν</span> <span class='ocrx_word' id='word_1_229' title='bbox 1222 3064 1348 3133; x_wconf 78' lang='grc' dir='ltr'>περὶ</span> <span class='ocrx_word' id='word_1_230' title='bbox 1379 3063 1445 3115; x_wconf 80' lang='grc' dir='ltr'>τὰ</span> <span class='ocrx_word' id='word_1_231' title='bbox 1474 3062 1668 3116; x_wconf 78' lang='grc' dir='ltr'>εἴδωλα</span> <span class='ocrx_word' id='word_1_232' title='bbox 1700 3063 1851 3130; x_wconf 76' lang='grc' dir='ltr'>σφῶν</span> 
     </span>
    </p>
   </div>
   <div class='ocr_carea' id='block_1_33' title="bbox 1954 588 3537 681">
    <p class='ocr_par' dir='ltr' id='par_1_33' title="bbox 1954 588 3537 681">
     <span class='ocr_line' id='line_1_33' title="bbox 1954 588 3537 681; baseline 0.011 -30"><span class='ocrx_word' id='word_1_233' title='bbox 1954 588 2161 669; x_wconf 85' lang='lat' dir='ltr'><strong>aliquid</strong></span> <span class='ocrx_word' id='word_1_234' title='bbox 2200 602 2366 656; x_wconf 85' lang='lat' dir='ltr'><strong>etiam</strong></span> <span class='ocrx_word' id='word_1_235' title='bbox 2418 604 2817 673; x_wconf 81' lang='lat' dir='ltr'><strong>superaddcns,</strong></span> <span class='ocrx_word' id='word_1_236' title='bbox 2850 608 2962 677; x_wconf 86' lang='lat' dir='ltr'><strong>jam</strong></span> <span class='ocrx_word' id='word_1_237' title='bbox 2996 611 3235 664; x_wconf 85' lang='lat' dir='ltr'><strong>contrita</strong></span> <span class='ocrx_word' id='word_1_238' title='bbox 3266 611 3453 681; x_wconf 81' lang='lat' dir='ltr'><strong>injecit</strong></span> <span class='ocrx_word' id='word_1_239' title='bbox 3482 614 3537 669; x_wconf 86' lang='lat' dir='ltr'><strong>in</strong></span> 
     </span>
    </p>
   </div>
   <div class='ocr_carea' id='block_1_34' title="bbox 1955 688 3538 771">
    <p class='ocr_par' dir='ltr' id='par_1_34' title="bbox 1955 688 3538 771">
     <span class='ocr_line' id='line_1_34' title="bbox 1955 688 3538 771; baseline 0.012 -30"><span class='ocrx_word' id='word_1_240' title='bbox 1955 688 2165 759; x_wconf 85' lang='lat' dir='ltr'><strong>lgncm;</strong></span> <span class='ocrx_word' id='word_1_241' title='bbox 2231 708 2294 746; x_wconf 92' lang='lat' dir='ltr'><strong>ac</strong></span> <span class='ocrx_word' id='word_1_242' title='bbox 2340 694 2639 763; x_wconf 85' lang='lat' dir='ltr'><strong>pristinum</strong></span> <span class='ocrx_word' id='word_1_243' title='bbox 2698 703 2946 752; x_wconf 85' lang='lat' dir='ltr'><strong>errorei&#39;n</strong></span> <span class='ocrx_word' id='word_1_244' title='bbox 3007 714 3167 754; x_wconf 83' lang='lat' dir='ltr'><strong>suum</strong></span> <span class='ocrx_word' id='word_1_245' title='bbox 3233 688 3538 771; x_wconf 71' lang='lat' dir='ltr'><strong>publicatis.</strong></span> 
     </span>
    </p>
   </div>
   <div class='ocr_carea' id='block_1_35' title="bbox 1954 782 3331 856">
    <p class='ocr_par' dir='ltr' id='par_1_35' title="bbox 1954 782 3331 856">
     <span class='ocr_line' id='line_1_35' title="bbox 1954 782 3331 856; baseline 0.009 -23"><span class='ocrx_word' id='word_1_246' title='bbox 1954 782 2197 836; x_wconf 74' lang='lat' dir='ltr'><strong>ostendit</strong></span> <span class='ocrx_word' id='word_1_247' title='bbox 2236 798 2294 838; x_wconf 86' lang='lat' dir='ltr'><strong>se</strong></span> <span class='ocrx_word' id='word_1_248' title='bbox 2326 801 2439 839; x_wconf 78' lang='lat' dir='ltr'><strong>non</strong></span> <span class='ocrx_word' id='word_1_249' title='bbox 2490 803 2629 841; x_wconf 82' lang='lat' dir='ltr'><strong>vana</strong></span> <span class='ocrx_word' id='word_1_250' title='bbox 2667 788 2996 856; x_wconf 66' lang='lat' dir='ltr'><strong>paenitentia</strong></span> <span class='ocrx_word' id='word_1_251' title='bbox 3036 791 3185 845; x_wconf 89' lang='lat' dir='ltr'><strong>duci.</strong></span> <span class='ocrx_word' id='word_1_252' title='bbox 3328 789 3331 793; x_wconf 43' lang='grc'><em>⁴</em></span> 
     </span>
    </p>
   </div>
   <div class='ocr_carea' id='block_1_36' title="bbox 2023 870 3541 943">
    <p class='ocr_par' dir='ltr' id='par_1_36' title="bbox 2023 870 3541 943">
     <span class='ocr_line' id='line_1_36' title="bbox 2023 870 3541 943; baseline 0.011 -17"><span class='ocrx_word' id='word_1_253' title='bbox 2023 871 2148 927; x_wconf 67' lang='grc'><strong>204.</strong></span> <span class='ocrx_word' id='word_1_254' title='bbox 2179 872 2511 931; x_wconf 85' lang='lat' dir='ltr'><strong>Versabatur</strong></span> <span class='ocrx_word' id='word_1_255' title='bbox 2535 878 2645 943; x_wconf 84' lang='lat' dir='ltr'><strong>ille,</strong></span> <span class='ocrx_word' id='word_1_256' title='bbox 2682 889 2740 933; x_wconf 91' lang='lat' dir='ltr'><strong>ut</strong></span> <span class='ocrx_word' id='word_1_257' title='bbox 2762 880 2970 939; x_wconf 80' lang='lat' dir='ltr'><strong>dietum</strong></span> <span class='ocrx_word' id='word_1_258' title='bbox 2998 890 3103 939; x_wconf 82' lang='lat' dir='ltr'><strong>est.</strong></span> <span class='ocrx_word' id='word_1_259' title='bbox 3135 870 3193 937; x_wconf 79' lang='lat' dir='ltr'><strong>in</strong></span> <span class='ocrx_word' id='word_1_260' title='bbox 3225 870 3361 939; x_wconf 71' lang='lat' dir='ltr'><strong>[iure</strong></span> <span class='ocrx_word' id='word_1_261' title='bbox 3406 893 3541 942; x_wconf 56' lang='lat' dir='ltr'><strong>ana-</strong></span> 
     </span>
    </p>
   </div>
   <div class='ocr_carea' id='block_1_37' title="bbox 1954 963 3538 1046">
    <p class='ocr_par' dir='ltr' id='par_1_37' title="bbox 1954 963 3538 1046">
     <span class='ocr_line' id='line_1_37' title="bbox 1954 963 3538 1046; baseline 0.008 -29"><span class='ocrx_word' id='word_1_262' title='bbox 1954 963 2042 1046; x_wconf 82' lang='lat' dir='ltr'><strong>tis,</strong></span> <span class='ocrx_word' id='word_1_263' title='bbox 2108 967 2480 1037; x_wconf 83' lang='lat' dir='ltr'><strong>poscebatque</strong></span> <span class='ocrx_word' id='word_1_264' title='bbox 2530 985 2759 1026; x_wconf 81' lang='lat' dir='ltr'><strong>uxorem</strong></span> <span class='ocrx_word' id='word_1_265' title='bbox 2802 972 2907 1027; x_wconf 87' lang='lat' dir='ltr'><strong>sibi</strong></span> <span class='ocrx_word' id='word_1_266' title='bbox 2966 974 3194 1043; x_wconf 87' lang='lat' dir='ltr'><strong>gentilis</strong></span> <span class='ocrx_word' id='word_1_267' title='bbox 3248 977 3538 1046; x_wconf 77' lang='lat' dir='ltr'><strong>cujusdam</strong></span> 
     </span>
    </p>
   </div>
   <div class='ocr_carea' id='block_1_38' title="bbox 1955 1044 3543 1137">
    <p class='ocr_par' dir='ltr' id='par_1_38' title="bbox 1955 1044 3543 1137">
     <span class='ocr_line' id='line_1_38' title="bbox 1955 1044 3543 1137; baseline 0.009 -29"><span class='ocrx_word' id='word_1_268' title='bbox 1955 1044 2145 1137; x_wconf 71' lang='lat' dir='ltr'><strong>tiliam,</strong></span> <span class='ocrx_word' id='word_1_269' title='bbox 2204 1055 2307 1111; x_wconf 80' lang='lat' dir='ltr'><strong>hac</strong></span> <span class='ocrx_word' id='word_1_270' title='bbox 2337 1058 2493 1126; x_wconf 88' lang='lat' dir='ltr'><strong>prius</strong></span> <span class='ocrx_word' id='word_1_271' title='bbox 2542 1060 2942 1128; x_wconf 70' lang='lat' dir='ltr'><strong>pollicitatione</strong></span> <span class='ocrx_word' id='word_1_272' title='bbox 2989 1064 3103 1117; x_wconf 88' lang='lat' dir='ltr'><strong>Deo</strong></span> <span class='ocrx_word' id='word_1_273' title='bbox 3162 1079 3227 1119; x_wconf 87' lang='lat' dir='ltr'><strong>ac</strong></span> <span class='ocrx_word' id='word_1_274' title='bbox 3282 1044 3543 1137; x_wconf 44' lang='grc' dir='ltr'>δάπτεοηί</span> 
     </span>
    </p>
   </div>
   <div class='ocr_carea' id='block_1_39' title="bbox 1956 1133 3541 1229">
    <p class='ocr_par' dir='ltr' id='par_1_39' title="bbox 1956 1133 3541 1229">
     <span class='ocr_line' id='line_1_39' title="bbox 1956 1133 3541 1229; baseline 0.008 -29"><span class='ocrx_word' id='word_1_275' title='bbox 1956 1133 2117 1211; x_wconf 72' lang='lat' dir='ltr'><strong>facta,</strong></span> <span class='ocrx_word' id='word_1_276' title='bbox 2148 1162 2257 1201; x_wconf 91' lang='lat' dir='ltr'><strong>non</strong></span> <span class='ocrx_word' id='word_1_277' title='bbox 2287 1148 2543 1203; x_wconf 86' lang='lat' dir='ltr'><strong>daturum</strong></span> <span class='ocrx_word' id='word_1_278' title='bbox 2574 1166 2633 1205; x_wconf 76' lang='lat' dir='ltr'><strong>se</strong></span> <span class='ocrx_word' id='word_1_279' title='bbox 2653 1153 2810 1221; x_wconf 90' lang='lat' dir='ltr'><strong>prius</strong></span> <span class='ocrx_word' id='word_1_280' title='bbox 2833 1168 3061 1223; x_wconf 81' lang='lat' dir='ltr'><strong>operam</strong></span> <span class='ocrx_word' id='word_1_281' title='bbox 3082 1133 3541 1229; x_wconf 81' lang='lat' dir='ltr'><strong>conjugio,quam</strong></span> 
     </span>
    </p>
   </div>
   <div class='ocr_carea' id='block_1_40' title="bbox 1955 1235 3541 1316">
    <p class='ocr_par' dir='ltr' id='par_1_40' title="bbox 1955 1235 3541 1316">
     <span class='ocr_line' id='line_1_40' title="bbox 1955 1235 3541 1316; baseline 0.009 -27"><span class='ocrx_word' id='word_1_282' title='bbox 1955 1235 2222 1291; x_wconf 77' lang='lat' dir='ltr'><strong>accedens</strong></span> <span class='ocrx_word' id='word_1_283' title='bbox 2246 1238 2313 1291; x_wconf 85' lang='lat' dir='ltr'><strong>ad</strong></span> <span class='ocrx_word' id='word_1_284' title='bbox 2349 1239 2684 1305; x_wconf 82' lang='lat' dir='ltr'><strong>columnam,</strong></span> <span class='ocrx_word' id='word_1_285' title='bbox 2709 1251 2761 1295; x_wconf 90' lang='lat' dir='ltr'><strong>te</strong></span> <span class='ocrx_word' id='word_1_286' title='bbox 2780 1242 2951 1297; x_wconf 87' lang='lat' dir='ltr'><strong>Deum</strong></span> <span class='ocrx_word' id='word_1_287' title='bbox 2981 1260 3047 1301; x_wconf 81' lang='lat' dir='ltr'><strong>ac</strong></span> <span class='ocrx_word' id='word_1_288' title='bbox 3078 1259 3263 1316; x_wconf 88' lang='lat' dir='ltr'><strong>regem</strong></span> <span class='ocrx_word' id='word_1_289' title='bbox 3290 1254 3541 1304; x_wconf 89' lang='lat' dir='ltr'><strong>nostrum</strong></span> 
     </span>
    </p>
   </div>
   <div class='ocr_carea' id='block_1_41' title="bbox 1956 1327 3542 1408">
    <p class='ocr_par' dir='ltr' id='par_1_41' title="bbox 1956 1327 3542 1408">
     <span class='ocr_line' id='line_1_41' title="bbox 1956 1327 3542 1408; baseline 0.009 -28"><span class='ocrx_word' id='word_1_290' title='bbox 1956 1327 2246 1383; x_wconf 82' lang='lat' dir='ltr'><strong>extulisset</strong></span> <span class='ocrx_word' id='word_1_291' title='bbox 2305 1330 2520 1385; x_wconf 81' lang='lat' dir='ltr'><strong>meritis</strong></span> <span class='ocrx_word' id='word_1_292' title='bbox 2576 1331 2855 1399; x_wconf 90' lang='lat' dir='ltr'><strong>laudibus,</strong></span> <span class='ocrx_word' id='word_1_293' title='bbox 2916 1352 3131 1407; x_wconf 84' lang='lat' dir='ltr'><strong>suoque</strong></span> <span class='ocrx_word' id='word_1_294' title='bbox 3178 1340 3394 1395; x_wconf 88' lang='lat' dir='ltr'><strong>medico</strong></span> <span class='ocrx_word' id='word_1_295' title='bbox 3438 1339 3542 1408; x_wconf 78' lang='lat' dir='ltr'><strong>Sy-</strong></span> 
     </span>
    </p>
   </div>
   <div class='ocr_carea' id='block_1_42' title="bbox 1956 1418 3539 1496">
    <p class='ocr_par' dir='ltr' id='par_1_42' title="bbox 1956 1418 3539 1496">
     <span class='ocr_line' id='line_1_42' title="bbox 1956 1418 3539 1496; baseline 0.007 -25"><span class='ocrx_word' id='word_1_296' title='bbox 1956 1418 2137 1473; x_wconf 86' lang='lat' dir='ltr'><strong>mconi</strong></span> <span class='ocrx_word' id='word_1_297' title='bbox 2160 1420 2366 1489; x_wconf 89' lang='lat' dir='ltr'><strong>gratias</strong></span> <span class='ocrx_word' id='word_1_298' title='bbox 2387 1422 2768 1489; x_wconf 80' lang='lat' dir='ltr'><strong>persolvisset.</strong></span> <span class='ocrx_word' id='word_1_299' title='bbox 2804 1422 2910 1478; x_wconf 81' lang='lat' dir='ltr'><strong>Sed</strong></span> <span class='ocrx_word' id='word_1_300' title='bbox 2952 1440 3077 1479; x_wconf 81' lang='lat' dir='ltr'><strong>cum</strong></span> <span class='ocrx_word' id='word_1_301' title='bbox 3127 1427 3326 1496; x_wconf 70' lang='lat' dir='ltr'><strong>puellae</strong></span> <span class='ocrx_word' id='word_1_302' title='bbox 3360 1436 3539 1496; x_wconf 83' lang='lat' dir='ltr'><strong>pater,</strong></span> 
     </span>
    </p>
   </div>
   <div class='ocr_carea' id='block_1_43' title="bbox 1957 1509 3540 1586">
    <p class='ocr_par' dir='ltr' id='par_1_43' title="bbox 1957 1509 3540 1586">
     <span class='ocr_line' id='line_1_43' title="bbox 1957 1509 3540 1586; baseline 0.008 -23"><span class='ocrx_word' id='word_1_303' title='bbox 1957 1509 2063 1564; x_wconf 89' lang='lat' dir='ltr'><strong>nisi</strong></span> <span class='ocrx_word' id='word_1_304' title='bbox 2088 1510 2275 1565; x_wconf 79' lang='lat' dir='ltr'><strong>statim</strong></span> <span class='ocrx_word' id='word_1_305' title='bbox 2330 1511 2525 1565; x_wconf 80' lang='lat' dir='ltr'><strong>flerent</strong></span> <span class='ocrx_word' id='word_1_306' title='bbox 2578 1513 2807 1582; x_wconf 70' lang='lat' dir='ltr'><strong>nuptiae,</strong></span> <span class='ocrx_word' id='word_1_307' title='bbox 2862 1532 2970 1569; x_wconf 90' lang='lat' dir='ltr'><strong>non</strong></span> <span class='ocrx_word' id='word_1_308' title='bbox 3026 1518 3428 1586; x_wconf 85' lang='lat' dir='ltr'><strong>permissurum</strong></span> <span class='ocrx_word' id='word_1_309' title='bbox 3480 1536 3540 1576; x_wconf 89' lang='lat' dir='ltr'><strong>se</strong></span> 
     </span>
    </p>
   </div>
   <div class='ocr_carea' id='block_1_44' title="bbox 1956 1598 3539 1663">
    <p class='ocr_par' dir='ltr' id='par_1_44' title="bbox 1956 1598 3539 1663">
     <span class='ocr_line' id='line_1_44' title="bbox 1956 1598 3539 1663; baseline 0.007 -11"><span class='ocrx_word' id='word_1_310' title='bbox 1956 1598 2177 1663; x_wconf 89' lang='lat' dir='ltr'><strong>deinde,</strong></span> <span class='ocrx_word' id='word_1_311' title='bbox 2203 1599 2315 1653; x_wconf 92' lang='lat' dir='ltr'><strong>imo</strong></span> <span class='ocrx_word' id='word_1_312' title='bbox 2338 1599 2496 1655; x_wconf 89' lang='lat' dir='ltr'><strong>alteri</strong></span> <span class='ocrx_word' id='word_1_313' title='bbox 2550 1604 2670 1655; x_wconf 83' lang='lat' dir='ltr'><strong>viro</strong></span> <span class='ocrx_word' id='word_1_314' title='bbox 2710 1603 3108 1660; x_wconf 78' lang='lat' dir='ltr'><strong>collocaturum</strong></span> <span class='ocrx_word' id='word_1_315' title='bbox 3169 1603 3334 1662; x_wconf 80' lang='lat' dir='ltr'><strong>tiliam</strong></span> <span class='ocrx_word' id='word_1_316' title='bbox 3383 1622 3539 1663; x_wconf 85' lang='lat' dir='ltr'><strong>suam</strong></span> 
     </span>
    </p>
   </div>
   <div class='ocr_carea' id='block_1_45' title="bbox 1957 1689 3536 1767">
    <p class='ocr_par' dir='ltr' id='par_1_45' title="bbox 1957 1689 3536 1767">
     <span class='ocr_line' id='line_1_45' title="bbox 1957 1689 3536 1767; baseline 0.006 -24"><span class='ocrx_word' id='word_1_317' title='bbox 1957 1689 2333 1759; x_wconf 84' lang='lat' dir='ltr'><strong>minitaretur;</strong></span> <span class='ocrx_word' id='word_1_318' title='bbox 2352 1699 2510 1760; x_wconf 86' lang='lat' dir='ltr'><strong>pacta</strong></span> <span class='ocrx_word' id='word_1_319' title='bbox 2528 1692 2617 1746; x_wconf 91' lang='lat' dir='ltr'><strong>ille</strong></span> <span class='ocrx_word' id='word_1_320' title='bbox 2641 1707 2767 1747; x_wconf 85' lang='lat' dir='ltr'><strong>cum</strong></span> <span class='ocrx_word' id='word_1_321' title='bbox 2790 1706 2986 1749; x_wconf 88' lang='lat' dir='ltr'><strong>saneto</strong></span> <span class='ocrx_word' id='word_1_322' title='bbox 3009 1696 3143 1750; x_wconf 87' lang='lat' dir='ltr'><strong>inita</strong></span> <span class='ocrx_word' id='word_1_323' title='bbox 3170 1705 3536 1767; x_wconf 80' lang='lat' dir='ltr'><strong>postponens,</strong></span> 
     </span>
    </p>
   </div>
   <div class='ocr_carea' id='block_1_46' title="bbox 1957 1776 3537 1854">
    <p class='ocr_par' dir='ltr' id='par_1_46' title="bbox 1957 1776 3537 1854">
     <span class='ocr_line' id='line_1_46' title="bbox 1957 1776 3537 1854; baseline 0.005 -20"><span class='ocrx_word' id='word_1_324' title='bbox 1957 1780 2272 1843; x_wconf 77' lang='lat' dir='ltr'><strong>necessitati</strong></span> <span class='ocrx_word' id='word_1_325' title='bbox 2297 1790 2326 1835; x_wconf 76' lang='grc' dir='ltr'><strong>ο</strong></span> <span class='ocrx_word' id='word_1_326' title='bbox 2357 1794 2553 1835; x_wconf 80' lang='lat' dir='ltr'><strong>socero</strong></span> <span class='ocrx_word' id='word_1_327' title='bbox 2583 1781 2688 1836; x_wconf 84' lang='lat' dir='ltr'><strong>sibi</strong></span> <span class='ocrx_word' id='word_1_328' title='bbox 2736 1776 2893 1839; x_wconf 61' lang='lat' dir='ltr'><strong>factae</strong></span> <span class='ocrx_word' id='word_1_329' title='bbox 2922 1785 3118 1839; x_wconf 84' lang='lat' dir='ltr'><strong>annuit</strong></span> <span class='ocrx_word' id='word_1_330' title='bbox 3148 1785 3279 1841; x_wconf 84' lang='lat' dir='ltr'><strong>licet</strong></span> <span class='ocrx_word' id='word_1_331' title='bbox 3309 1788 3537 1854; x_wconf 83' lang='lat' dir='ltr'><strong>invitus;</strong></span> 
     </span>
    </p>
   </div>
   <div class='ocr_carea' id='block_1_47' title="bbox 1958 1871 3543 1947">
    <p class='ocr_par' dir='ltr' id='par_1_47' title="bbox 1958 1871 3543 1947">
     <span class='ocr_line' id='line_1_47' title="bbox 1958 1871 3543 1947; baseline 0.004 -21"><span class='ocrx_word' id='word_1_332' title='bbox 1958 1871 2125 1942; x_wconf 85' lang='lat' dir='ltr'><strong>idque</strong></span> <span class='ocrx_word' id='word_1_333' title='bbox 2150 1875 2493 1944; x_wconf 83' lang='lat' dir='ltr'><strong>congregatis</strong></span> <span class='ocrx_word' id='word_1_334' title='bbox 2515 1873 2631 1928; x_wconf 82' lang='lat' dir='ltr'><strong>fere</strong></span> <span class='ocrx_word' id='word_1_335' title='bbox 2658 1874 2855 1929; x_wconf 76' lang='lat' dir='ltr'><strong>vicinis</strong></span> <span class='ocrx_word' id='word_1_336' title='bbox 2882 1876 3169 1940; x_wconf 80' lang='lat' dir='ltr'><strong>omnibus,</strong></span> <span class='ocrx_word' id='word_1_337' title='bbox 3187 1877 3284 1946; x_wconf 87' lang='lat' dir='ltr'><strong>qui</strong></span> <span class='ocrx_word' id='word_1_338' title='bbox 3306 1878 3543 1947; x_wconf 77' lang='lat' dir='ltr'><strong>gentiles</strong></span> 
     </span>
    </p>
   </div>
   <div class='ocr_carea' id='block_1_48' title="bbox 1958 1955 3543 2034">
    <p class='ocr_par' dir='ltr' id='par_1_48' title="bbox 1958 1955 3543 2034">
     <span class='ocr_line' id='line_1_48' title="bbox 1958 1955 3543 2034; baseline 0.004 -17"><span class='ocrx_word' id='word_1_339' title='bbox 1958 1972 2115 2017; x_wconf 88' lang='lat' dir='ltr'><strong>erant</strong></span> <span class='ocrx_word' id='word_1_340' title='bbox 2147 1973 2203 2017; x_wconf 91' lang='lat' dir='ltr'><strong>et</strong></span> <span class='ocrx_word' id='word_1_341' title='bbox 2229 1955 2518 2034; x_wconf 80' lang='lat' dir='ltr'><strong>gentilitii&#39;s</strong></span> <span class='ocrx_word' id='word_1_342' title='bbox 2571 1964 3066 2034; x_wconf 74' lang='lat' dir='ltr'><strong>superstitionibus</strong></span> <span class='ocrx_word' id='word_1_343' title='bbox 3123 1966 3320 2023; x_wconf 78' lang='lat' dir='ltr'><strong>&quot;dediti.</strong></span> <span class='ocrx_word' id='word_1_344' title='bbox 3368 1964 3543 2024; x_wconf 78' lang='lat' dir='ltr'><strong>Porro</strong></span> 
     </span>
    </p>
   </div>
   <div class='ocr_carea' id='block_1_49' title="bbox 1958 2053 3538 2126">
    <p class='ocr_par' dir='ltr' id='par_1_49' title="bbox 1958 2053 3538 2126">
     <span class='ocr_line' id='line_1_49' title="bbox 1958 2053 3538 2126; baseline 0.005 -18"><span class='ocrx_word' id='word_1_345' title='bbox 1958 2054 2255 2109; x_wconf 82' lang='lat' dir='ltr'><strong>celebratis</strong></span> <span class='ocrx_word' id='word_1_346' title='bbox 2304 2056 2415 2125; x_wconf 84' lang='lat' dir='ltr'><strong>jam</strong></span> <span class='ocrx_word' id='word_1_347' title='bbox 2464 2056 2676 2125; x_wconf 82' lang='lat' dir='ltr'><strong>nuptiis</strong></span> <span class='ocrx_word' id='word_1_348' title='bbox 2735 2053 3032 2126; x_wconf 81' lang='lat' dir='ltr'><strong>soluto&#39;qtre</strong></span> <span class='ocrx_word' id='word_1_349' title='bbox 3064 2061 3339 2123; x_wconf 82' lang='lat' dir='ltr'><strong>convivio,</strong></span> <span class='ocrx_word' id='word_1_350' title='bbox 3399 2062 3538 2116; x_wconf 83' lang='lat' dir='ltr'><strong>insi-</strong></span> 
     </span>
    </p>
   </div>
   <div class='ocr_carea' id='block_1_50' title="bbox 1958 2141 3535 2223">
    <p class='ocr_par' dir='ltr' id='par_1_50' title="bbox 1958 2141 3535 2223">
     <span class='ocr_line' id='line_1_50' title="bbox 1958 2141 3535 2223; baseline 0.006 -25"><span class='ocrx_word' id='word_1_351' title='bbox 1958 2145 2097 2198; x_wconf 91' lang='lat' dir='ltr'><strong>liunt</strong></span> <span class='ocrx_word' id='word_1_352' title='bbox 2152 2150 2377 2215; x_wconf 86' lang='lat' dir='ltr'><strong>repente</strong></span> <span class='ocrx_word' id='word_1_353' title='bbox 2425 2145 2727 2213; x_wconf 64' lang='lat' dir='ltr'><strong>daemones,</strong></span> <span class='ocrx_word' id='word_1_354' title='bbox 2791 2163 2903 2203; x_wconf 90' lang='lat' dir='ltr'><strong>non</strong></span> <span class='ocrx_word' id='word_1_355' title='bbox 2952 2149 3130 2204; x_wconf 87' lang='lat' dir='ltr'><strong>solum</strong></span> <span class='ocrx_word' id='word_1_356' title='bbox 3174 2141 3233 2205; x_wconf 83' lang='lat' dir='ltr'><strong>in</strong></span> <span class='ocrx_word' id='word_1_357' title='bbox 3271 2165 3535 2223; x_wconf 84' lang='lat' dir='ltr'><strong>generum</strong></span> 
     </span>
    </p>
   </div>
   <div class='ocr_carea' id='block_1_51' title="bbox 1958 2236 3535 2307">
    <p class='ocr_par' dir='ltr' id='par_1_51' title="bbox 1958 2236 3535 2307">
     <span class='ocr_line' id='line_1_51' title="bbox 1958 2236 3535 2307; baseline 0.005 -19"><span class='ocrx_word' id='word_1_358' title='bbox 1958 2243 2121 2304; x_wconf 82' lang='lat' dir='ltr'><strong>atque</strong></span> <span class='ocrx_word' id='word_1_359' title='bbox 2154 2250 2429 2300; x_wconf 88' lang='lat' dir='ltr'><strong>socerum,</strong></span> <span class='ocrx_word' id='word_1_360' title='bbox 2456 2237 2553 2291; x_wconf 84' lang='lat' dir='ltr'><strong>sed</strong></span> <span class='ocrx_word' id='word_1_361' title='bbox 2580 2246 2637 2291; x_wconf 88' lang='lat' dir='ltr'><strong>et</strong></span> <span class='ocrx_word' id='word_1_362' title='bbox 2666 2236 2722 2291; x_wconf 92' lang='lat' dir='ltr'><strong>in</strong></span> <span class='ocrx_word' id='word_1_363' title='bbox 2752 2250 3037 2307; x_wconf 74' lang='lat' dir='ltr'><strong>sponsam,</strong></span> <span class='ocrx_word' id='word_1_364' title='bbox 3085 2239 3140 2294; x_wconf 90' lang='lat' dir='ltr'><strong>in</strong></span> <span class='ocrx_word' id='word_1_365' title='bbox 3193 2249 3445 2306; x_wconf 80' lang='lat' dir='ltr'><strong>matrem,</strong></span> <span class='ocrx_word' id='word_1_366' title='bbox 3478 2242 3535 2296; x_wconf 89' lang='lat' dir='ltr'><strong>in</strong></span> 
     </span>
    </p>
   </div>
   <div class='ocr_carea' id='block_1_52' title="bbox 1958 2325 3537 2404">
    <p class='ocr_par' dir='ltr' id='par_1_52' title="bbox 1958 2325 3537 2404">
     <span class='ocr_line' id='line_1_52' title="bbox 1958 2325 3537 2404; baseline 0.006 -25"><span class='ocrx_word' id='word_1_367' title='bbox 1958 2325 2175 2387; x_wconf 81' lang='lat' dir='ltr'><strong>fratres,</strong></span> <span class='ocrx_word' id='word_1_368' title='bbox 2208 2336 2265 2382; x_wconf 90' lang='lat' dir='ltr'><strong>et</strong></span> <span class='ocrx_word' id='word_1_369' title='bbox 2297 2337 2568 2398; x_wconf 84' lang='lat' dir='ltr'><strong>quotquot</strong></span> <span class='ocrx_word' id='word_1_370' title='bbox 2589 2329 2828 2384; x_wconf 89' lang='lat' dir='ltr'><strong>ministri</strong></span> <span class='ocrx_word' id='word_1_371' title='bbox 2868 2330 3182 2387; x_wconf 79' lang='lat' dir='ltr'><strong>fautoresve</strong></span> <span class='ocrx_word' id='word_1_372' title='bbox 3222 2335 3537 2404; x_wconf 78' lang='lat' dir='ltr'><strong>nuptiarum</strong></span> 
     </span>
    </p>
   </div>
   <div class='ocr_carea' id='block_1_53' title="bbox 1959 2414 3542 2496">
    <p class='ocr_par' dir='ltr' id='par_1_53' title="bbox 1959 2414 3542 2496">
     <span class='ocr_line' id='line_1_53' title="bbox 1959 2414 3542 2496; baseline 0.008 -27"><span class='ocrx_word' id='word_1_373' title='bbox 1959 2414 2218 2483; x_wconf 78' lang='lat' dir='ltr'><strong>fuerant;</strong></span> <span class='ocrx_word' id='word_1_374' title='bbox 2249 2414 2436 2474; x_wconf 88' lang='lat' dir='ltr'><strong>divina</strong></span> <span class='ocrx_word' id='word_1_375' title='bbox 2472 2420 2689 2490; x_wconf 85' lang='lat' dir='ltr'><strong>justitia</strong></span> <span class='ocrx_word' id='word_1_376' title='bbox 2732 2438 2843 2476; x_wconf 88' lang='lat' dir='ltr'><strong>non</strong></span> <span class='ocrx_word' id='word_1_377' title='bbox 2878 2428 2989 2477; x_wconf 79' lang='lat' dir='ltr'><strong>tam</strong></span> <span class='ocrx_word' id='word_1_378' title='bbox 3037 2432 3205 2494; x_wconf 64' lang='lat' dir='ltr'><strong>aegre.</strong></span> <span class='ocrx_word' id='word_1_379' title='bbox 3268 2432 3331 2480; x_wconf 86' lang='lat' dir='ltr'><strong>ut</strong></span> <span class='ocrx_word' id='word_1_380' title='bbox 3382 2433 3542 2496; x_wconf 90' lang='lat' dir='ltr'><strong>puto,</strong></span> 
     </span>
    </p>
   </div>
   <div class='ocr_carea' id='block_1_54' title="bbox 1956 2503 3540 2583">
    <p class='ocr_par' dir='ltr' id='par_1_54' title="bbox 1956 2503 3540 2583">
     <span class='ocr_line' id='line_1_54' title="bbox 1956 2503 3540 2583; baseline 0.006 -23"><span class='ocrx_word' id='word_1_381' title='bbox 1956 2503 2168 2560; x_wconf 83' lang='lat' dir='ltr'><strong>ferente</strong></span> <span class='ocrx_word' id='word_1_382' title='bbox 2224 2508 2535 2577; x_wconf 88' lang='lat' dir='ltr'><strong>neglectum</strong></span> <span class='ocrx_word' id='word_1_383' title='bbox 2596 2519 2905 2578; x_wconf 79' lang='lat' dir='ltr'><strong>pactorum,</strong></span> <span class='ocrx_word' id='word_1_384' title='bbox 2956 2522 3123 2583; x_wconf 84' lang='lat' dir='ltr'><strong>quam</strong></span> <span class='ocrx_word' id='word_1_385' title='bbox 3183 2507 3405 2569; x_wconf 80' lang='lat' dir='ltr'><strong>volente</strong></span> <span class='ocrx_word' id='word_1_386' title='bbox 3469 2516 3540 2570; x_wconf 86' lang='lat' dir='ltr'><strong>ab</strong></span> 
     </span>
    </p>
   </div>
   <div class='ocr_carea' id='block_1_55' title="bbox 1956 2596 3541 2681">
    <p class='ocr_par' dir='ltr' id='par_1_55' title="bbox 1956 2596 3541 2681">
     <span class='ocr_line' id='line_1_55' title="bbox 1956 2596 3541 2681; baseline 0.006 -31"><span class='ocrx_word' id='word_1_387' title='bbox 1956 2596 2229 2651; x_wconf 88' lang='lat' dir='ltr'><strong>idolorum</strong></span> <span class='ocrx_word' id='word_1_388' title='bbox 2263 2614 2455 2654; x_wconf 88' lang='lat' dir='ltr'><strong>errore</strong></span> <span class='ocrx_word' id='word_1_389' title='bbox 2490 2600 2758 2656; x_wconf 88' lang='lat' dir='ltr'><strong>abductas</strong></span> <span class='ocrx_word' id='word_1_390' title='bbox 2785 2603 3008 2681; x_wconf 4' lang='lat' dir='ltr'><strong>animas,</strong></span> <span class='ocrx_word' id='word_1_391' title='bbox 3048 2604 3115 2659; x_wconf 84' lang='lat' dir='ltr'><strong>ad</strong></span> <span class='ocrx_word' id='word_1_392' title='bbox 3160 2606 3282 2661; x_wconf 85' lang='lat' dir='ltr'><strong>veri</strong></span> <span class='ocrx_word' id='word_1_393' title='bbox 3313 2608 3407 2662; x_wconf 86' lang='lat' dir='ltr'><strong>Dei</strong></span> <span class='ocrx_word' id='word_1_394' title='bbox 3442 2622 3541 2663; x_wconf 87' lang='lat' dir='ltr'><strong>co-</strong></span> 
     </span>
    </p>
   </div>
   <div class='ocr_carea' id='block_1_56' title="bbox 1956 2688 3540 2762">
    <p class='ocr_par' dir='ltr' id='par_1_56' title="bbox 1956 2688 3540 2762">
     <span class='ocr_line' id='line_1_56' title="bbox 1956 2688 3540 2762; baseline 0.008 -21"><span class='ocrx_word' id='word_1_395' title='bbox 1956 2688 2257 2759; x_wconf 89' lang='lat' dir='ltr'><strong>gnitionem</strong></span> <span class='ocrx_word' id='word_1_396' title='bbox 2289 2693 2539 2747; x_wconf 80' lang='lat' dir='ltr'><strong>converti</strong></span> <span class='ocrx_word' id='word_1_397' title='bbox 2569 2708 2583 2745; x_wconf 83' lang='lat'><strong>:</strong></span> <span class='ocrx_word' id='word_1_398' title='bbox 2623 2694 2770 2762; x_wconf 83' lang='lat' dir='ltr'><strong>quod</strong></span> <span class='ocrx_word' id='word_1_399' title='bbox 2803 2696 2972 2750; x_wconf 84' lang='lat' dir='ltr'><strong>etiam</strong></span> <span class='ocrx_word' id='word_1_400' title='bbox 3019 2698 3288 2753; x_wconf 87' lang='lat' dir='ltr'><strong>continuo</strong></span> <span class='ocrx_word' id='word_1_401' title='bbox 3332 2698 3540 2754; x_wconf 76' lang='lat' dir='ltr'><strong>factum</strong></span> 
     </span>
    </p>
   </div>
   <div class='ocr_carea' id='block_1_57' title="bbox 1956 2774 3539 2857">
    <p class='ocr_par' dir='ltr' id='par_1_57' title="bbox 1956 2774 3539 2857">
     <span class='ocr_line' id='line_1_57' title="bbox 1956 2774 3539 2857; baseline 0.009 -26"><span class='ocrx_word' id='word_1_402' title='bbox 1956 2785 2062 2832; x_wconf 88' lang='lat' dir='ltr'><strong>est.</strong></span> <span class='ocrx_word' id='word_1_403' title='bbox 2093 2777 2338 2849; x_wconf 79' lang='lat' dir='ltr'><strong>Abjectis</strong></span> <span class='ocrx_word' id='word_1_404' title='bbox 2358 2780 2504 2835; x_wconf 83' lang='lat' dir='ltr'><strong>enim</strong></span> <span class='ocrx_word' id='word_1_405' title='bbox 2530 2781 2597 2837; x_wconf 88' lang='lat' dir='ltr'><strong>iis</strong></span> <span class='ocrx_word' id='word_1_406' title='bbox 2641 2796 2762 2852; x_wconf 73' lang='lat' dir='ltr'><strong>qua:</strong></span> <span class='ocrx_word' id='word_1_407' title='bbox 2786 2798 2900 2854; x_wconf 72' lang='lat' dir='ltr'><strong>prae</strong></span> <span class='ocrx_word' id='word_1_408' title='bbox 2950 2774 3209 2842; x_wconf 80' lang='lat' dir='ltr'><strong>manibus</strong></span> <span class='ocrx_word' id='word_1_409' title='bbox 3236 2798 3415 2857; x_wconf 87' lang='lat' dir='ltr'><strong>erant,</strong></span> <span class='ocrx_word' id='word_1_410' title='bbox 3445 2804 3539 2845; x_wconf 86' lang='lat' dir='ltr'><strong>ce-</strong></span> 
     </span>
    </p>
   </div>
   <div class='ocr_carea' id='block_1_58' title="bbox 1956 2870 3541 2944">
    <p class='ocr_par' dir='ltr' id='par_1_58' title="bbox 1956 2870 3541 2944">
     <span class='ocr_line' id='line_1_58' title="bbox 1956 2870 3541 2944; baseline 0.006 -18"><span class='ocrx_word' id='word_1_411' title='bbox 1956 2870 2060 2926; x_wconf 89' lang='lat' dir='ltr'><strong>leri</strong></span> <span class='ocrx_word' id='word_1_412' title='bbox 2092 2886 2259 2926; x_wconf 90' lang='lat' dir='ltr'><strong>cursu</strong></span> <span class='ocrx_word' id='word_1_413' title='bbox 2286 2871 2354 2927; x_wconf 91' lang='lat' dir='ltr'><strong>ad</strong></span> <span class='ocrx_word' id='word_1_414' title='bbox 2382 2883 2636 2928; x_wconf 85' lang='lat' dir='ltr'><strong>sanctum</strong></span> <span class='ocrx_word' id='word_1_415' title='bbox 2667 2876 2980 2944; x_wconf 83' lang='lat' dir='ltr'><strong>pervadunt</strong></span> <span class='ocrx_word' id='word_1_416' title='bbox 3023 2892 3237 2943; x_wconf 87' lang='lat' dir='ltr'><strong>omnes,</strong></span> <span class='ocrx_word' id='word_1_417' title='bbox 3277 2895 3387 2934; x_wconf 89' lang='lat' dir='ltr'><strong>non</strong></span> <span class='ocrx_word' id='word_1_418' title='bbox 3414 2889 3541 2936; x_wconf 85' lang='lat' dir='ltr'><strong>tan-</strong></span> 
     </span>
    </p>
   </div>
   <div class='ocr_carea' id='block_1_59' title="bbox 1958 2964 3537 3044">
    <p class='ocr_par' dir='ltr' id='par_1_59' title="bbox 1958 2964 3537 3044">
     <span class='ocr_line' id='line_1_59' title="bbox 1958 2964 3537 3044; baseline 0.008 -30"><span class='ocrx_word' id='word_1_419' title='bbox 1958 2970 2070 3015; x_wconf 92' lang='lat' dir='ltr'><strong>tum</strong></span> <span class='ocrx_word' id='word_1_420' title='bbox 2099 2972 2358 3032; x_wconf 79' lang='lat' dir='ltr'><strong>rogantes</strong></span> <span class='ocrx_word' id='word_1_421' title='bbox 2388 2964 2682 3029; x_wconf 86' lang='lat' dir='ltr'><strong>medelam,</strong></span> <span class='ocrx_word' id='word_1_422' title='bbox 2717 2965 2813 3020; x_wconf 85' lang='lat' dir='ltr'><strong>sed</strong></span> <span class='ocrx_word' id='word_1_423' title='bbox 2838 2976 2896 3021; x_wconf 90' lang='lat' dir='ltr'><strong>et</strong></span> <span class='ocrx_word' id='word_1_424' title='bbox 2926 2967 3148 3044; x_wconf 81' lang='lat' dir='ltr'><strong>publice</strong></span> <span class='ocrx_word' id='word_1_425' title='bbox 3189 2970 3537 3038; x_wconf 76' lang='lat' dir='ltr'><strong>proclaman-</strong></span> 
     </span>
    </p>
   </div>
   <div class='ocr_carea' id='block_1_60' title="bbox 1956 3053 3541 3125">
    <p class='ocr_par' dir='ltr' id='par_1_60' title="bbox 1956 3053 3541 3125">
     <span class='ocr_line' id='line_1_60' title="bbox 1956 3053 3541 3125; baseline 0.008 -21"><span class='ocrx_word' id='word_1_426' title='bbox 1956 3061 2041 3106; x_wconf 90' lang='lat' dir='ltr'><strong>tes</strong></span> <span class='ocrx_word' id='word_1_427' title='bbox 2074 3053 2282 3106; x_wconf 91' lang='lat' dir='ltr'><strong>cultum</strong></span> <span class='ocrx_word' id='word_1_428' title='bbox 2312 3053 2587 3108; x_wconf 90' lang='lat' dir='ltr'><strong>idolorum</strong></span> <span class='ocrx_word' id='word_1_429' title='bbox 2650 3070 2878 3111; x_wconf 89' lang='lat' dir='ltr'><strong>suorum</strong></span> <span class='ocrx_word' id='word_1_430' title='bbox 2939 3073 3062 3112; x_wconf 91' lang='lat' dir='ltr'><strong>esse</strong></span> <span class='ocrx_word' id='word_1_431' title='bbox 3107 3071 3427 3125; x_wconf 87' lang='lat' dir='ltr'><strong>erroneum,</strong></span> <span class='ocrx_word' id='word_1_432' title='bbox 3482 3072 3541 3117; x_wconf 91' lang='lat' dir='ltr'><strong>et</strong></span> 
     </span>
    </p>
   </div>
   <div class='ocr_carea' id='block_1_61' title="bbox 274 3142 1852 3231">
    <p class='ocr_par' dir='ltr' id='par_1_61' title="bbox 274 3149 1852 3228">
     <span class='ocr_line' id='line_1_61' title="bbox 274 3149 1852 3228; baseline 0.006 -27"><span class='ocrx_word' id='word_1_433' title='bbox 274 3149 497 3219; x_wconf 79' lang='grc' dir='ltr'>ἀπάτην</span> <span class='ocrx_word' id='word_1_434' title='bbox 517 3151 953 3220; x_wconf 84' lang='grc' dir='ltr'>δημοσιεύοντες,</span> <span class='ocrx_word' id='word_1_435' title='bbox 1003 3153 1097 3207; x_wconf 72' lang='grc' dir='ltr'>καὶ</span> <span class='ocrx_word' id='word_1_436' title='bbox 1149 3154 1340 3224; x_wconf 80' lang='grc' dir='ltr'>μισθὸν</span> <span class='ocrx_word' id='word_1_437' title='bbox 1366 3154 1553 3225; x_wconf 82' lang='grc' dir='ltr'>ὥσπερ</span> <span class='ocrx_word' id='word_1_438' title='bbox 1580 3152 1646 3228; x_wconf 82' lang='grc' dir='ltr'>ἦς</span> <span class='ocrx_word' id='word_1_439' title='bbox 1689 3156 1852 3228; x_wconf 71' lang='grc' dir='ltr'>ᾔτουν</span> 
     </span>
    </p>
   </div>
   <div class='ocr_carea' id='block_1_62' title="bbox 1955 3142 3537 3231">
    <p class='ocr_par' dir='ltr' id='par_1_62' title="bbox 1958 3142 3537 3214">
     <span class='ocr_line' id='line_1_62' title="bbox 1958 3142 3537 3214; baseline 0.007 -20"><span class='ocrx_word' id='word_1_440' title='bbox 1958 3142 2113 3211; x_wconf 87' lang='lat' dir='ltr'><strong>quasi</strong></span> <span class='ocrx_word' id='word_1_441' title='bbox 2147 3142 2459 3197; x_wconf 90' lang='lat' dir='ltr'><strong>mercedem</strong></span> <span class='ocrx_word' id='word_1_442' title='bbox 2505 3146 2768 3214; x_wconf 86' lang='lat' dir='ltr'><strong>postulati</strong></span> <span class='ocrx_word' id='word_1_443' title='bbox 2813 3146 3068 3201; x_wconf 77' lang='lat' dir='ltr'><strong>beneﬁcii</strong></span> <span class='ocrx_word' id='word_1_444' title='bbox 3116 3150 3537 3205; x_wconf 83' lang='lat' dir='ltr'><strong>conversionem</strong></span> 
     </span>
    </p>
   </div>
   <div class='ocr_carea' id='block_1_63' title="bbox 276 3241 1853 3321">
    <p class='ocr_par' dir='ltr' id='par_1_63' title="bbox 276 3241 1853 3321">
     <span class='ocr_line' id='line_1_63' title="bbox 276 3241 1853 3321; baseline 0.008 -30"><span class='ocrx_word' id='word_1_445' title='bbox 276 3241 619 3310; x_wconf 75' lang='grc' dir='ltr'>εὐεργεσίας,</span> <span class='ocrx_word' id='word_1_446' title='bbox 651 3242 747 3314; x_wconf 78' lang='grc' dir='ltr'>τὴν</span> <span class='ocrx_word' id='word_1_447' title='bbox 777 3244 857 3307; x_wconf 86' lang='grc' dir='ltr'>εἰς</span> <span class='ocrx_word' id='word_1_448' title='bbox 883 3243 1016 3298; x_wconf 77' lang='grc' dir='ltr'>Θεὸν</span> <span class='ocrx_word' id='word_1_449' title='bbox 1037 3245 1373 3318; x_wconf 80' lang='grc' dir='ltr'>ἐπιστροφὴν</span> <span class='ocrx_word' id='word_1_450' title='bbox 1404 3247 1853 3321; x_wconf 78' lang='grc' dir='ltr'>καταϐάλλοντες.</span> 
     </span>
    </p>
   </div>
   <div class='ocr_carea' id='block_1_64' title="bbox 279 3323 1859 3408">
    <p class='ocr_par' dir='ltr' id='par_1_64' title="bbox 279 3323 1859 3408">
     <span class='ocr_line' id='line_1_64' title="bbox 279 3323 1859 3408; baseline 0.001 -29"><span class='ocrx_word' id='word_1_451' title='bbox 279 3326 389 3388; x_wconf 80' lang='grc' dir='ltr'>Οὓς</span> <span class='ocrx_word' id='word_1_452' title='bbox 423 3327 453 3379; x_wconf 82' lang='grc' dir='ltr'><strong>ό</strong></span> <span class='ocrx_word' id='word_1_453' title='bbox 496 3330 664 3398; x_wconf 76' lang='grc' dir='ltr'>ταχὺς</span> <span class='ocrx_word' id='word_1_454' title='bbox 696 3330 774 3390; x_wconf 88' lang='grc' dir='ltr'><strong>είς</strong></span> <span class='ocrx_word' id='word_1_455' title='bbox 800 3323 984 3408; x_wconf 78' lang='grc' dir='ltr'>οῐκτον</span> <span class='ocrx_word' id='word_1_456' title='bbox 1013 3328 1197 3393; x_wconf 74' lang='grc' dir='ltr'>εὐθὺς,</span> <span class='ocrx_word' id='word_1_457' title='bbox 1224 3331 1322 3399; x_wconf 82' lang='grc' dir='ltr'>τῆς</span> <span class='ocrx_word' id='word_1_458' title='bbox 1358 3331 1422 3383; x_wconf 87' lang='grc' dir='ltr'><strong>ἐκ</strong></span> <span class='ocrx_word' id='word_1_459' title='bbox 1460 3330 1555 3383; x_wconf 90' lang='grc' dir='ltr'><strong>τοῦ</strong></span> <span class='ocrx_word' id='word_1_460' title='bbox 1605 3330 1859 3399; x_wconf 83' lang='grc' dir='ltr'>δαίμονος</span> 
     </span>
    </p>
   </div>
   <div class='ocr_carea' id='block_1_65' title="bbox 278 3416 1857 3491">
    <p class='ocr_par' dir='ltr' id='par_1_65' title="bbox 278 3416 1857 3491">
     <span class='ocr_line' id='line_1_65' title="bbox 278 3416 1857 3491; baseline 0.004 -24"><span class='ocrx_word' id='word_1_461' title='bbox 278 3416 545 3488; x_wconf 83' lang='grc' dir='ltr'>ἐπηρείας</span> <span class='ocrx_word' id='word_1_462' title='bbox 576 3417 977 3487; x_wconf 78' lang='grc' dir='ltr'>ἐλευθερώσας,</span> <span class='ocrx_word' id='word_1_463' title='bbox 1010 3420 1105 3472; x_wconf 75' lang='grc' dir='ltr'>καὶ</span> <span class='ocrx_word' id='word_1_464' title='bbox 1145 3420 1246 3473; x_wconf 84' lang='grc' dir='ltr'>ὅσα</span> <span class='ocrx_word' id='word_1_465' title='bbox 1272 3421 1409 3491; x_wconf 85' lang='grc' dir='ltr'>πρὸς</span> <span class='ocrx_word' id='word_1_466' title='bbox 1448 3422 1724 3491; x_wconf 84' lang='grc' dir='ltr'>σωτηρίαν</span> <span class='ocrx_word' id='word_1_467' title='bbox 1777 3420 1857 3473; x_wconf 85' lang='grc' dir='ltr'><strong>δι-</strong></span> 
     </span>
    </p>
   </div>
   <div class='ocr_carea' id='block_1_66' title="bbox 277 3507 1860 3583">
    <p class='ocr_par' dir='ltr' id='par_1_66' title="bbox 277 3507 1860 3583">
     <span class='ocr_line' id='line_1_66' title="bbox 277 3507 1860 3583; baseline 0.004 -24"><span class='ocrx_word' id='word_1_468' title='bbox 277 3507 448 3572; x_wconf 79' lang='grc' dir='ltr'>δάξας</span> <span class='ocrx_word' id='word_1_469' title='bbox 479 3510 576 3561; x_wconf 73' lang='grc' dir='ltr'><strong>καὶ</strong></span> <span class='ocrx_word' id='word_1_470' title='bbox 610 3510 972 3578; x_wconf 82' lang='grc' dir='ltr'>παραινέσας,</span> <span class='ocrx_word' id='word_1_471' title='bbox 1003 3512 1177 3577; x_wconf 79' lang='grc' dir='ltr'>ὑγιεῖς</span> <span class='ocrx_word' id='word_1_472' title='bbox 1207 3512 1389 3566; x_wconf 73' lang='grc' dir='ltr'>οἶκαδε</span> <span class='ocrx_word' id='word_1_473' title='bbox 1438 3511 1688 3571; x_wconf 81' lang='grc' dir='ltr'>ἀπολύει,</span> <span class='ocrx_word' id='word_1_474' title='bbox 1721 3512 1860 3583; x_wconf 86' lang='grc' dir='ltr'>λαμ-</span> 
     </span>
    </p>
   </div>
   <div class='ocr_carea' id='block_1_67' title="bbox 280 3598 1857 3673">
    <p class='ocr_par' dir='ltr' id='par_1_67' title="bbox 280 3598 1857 3673">
     <span class='ocr_line' id='line_1_67' title="bbox 280 3598 1857 3673; baseline 0.005 -25"><span class='ocrx_word' id='word_1_475' title='bbox 280 3598 556 3667; x_wconf 78' lang='grc' dir='ltr'>προτέραν</span> <span class='ocrx_word' id='word_1_476' title='bbox 588 3599 697 3651; x_wconf 88' lang='grc' dir='ltr'><strong>τῶν</strong></span> <span class='ocrx_word' id='word_1_477' title='bbox 728 3600 932 3670; x_wconf 85' lang='grc' dir='ltr'>γάμων</span> <span class='ocrx_word' id='word_1_478' title='bbox 972 3601 1147 3671; x_wconf 80' lang='grc' dir='ltr'>πολλῷ</span> <span class='ocrx_word' id='word_1_479' title='bbox 1186 3604 1285 3672; x_wconf 81' lang='grc' dir='ltr'>τὴν</span> <span class='ocrx_word' id='word_1_480' title='bbox 1324 3602 1534 3656; x_wconf 76' lang='grc' dir='ltr'>ἑαυτῶν</span> <span class='ocrx_word' id='word_1_481' title='bbox 1581 3604 1857 3673; x_wconf 82' lang='grc' dir='ltr'>σωτηρίαν</span> 
     </span>
    </p>
   </div>
   <div class='ocr_carea' id='block_1_68' title="bbox 278 3690 771 3758">
    <p class='ocr_par' dir='ltr' id='par_1_68' title="bbox 278 3690 771 3758">
     <span class='ocr_line' id='line_1_68' title="bbox 278 3690 771 3758; baseline 0.01 -19"><span class='ocrx_word' id='word_1_482' title='bbox 278 3690 771 3758; x_wconf 71' lang='grc' dir='ltr'>πανηγυρίζοντας,</span> 
     </span>
    </p>
   </div>
   <div class='ocr_carea' id='block_1_69' title="bbox 352 3781 1844 3853">
    <p class='ocr_par' dir='ltr' id='par_1_69' title="bbox 352 3781 1844 3853">
     <span class='ocr_line' id='line_1_69' title="bbox 352 3781 1844 3853; baseline 0.004 -22"><span class='ocrx_word' id='word_1_483' title='bbox 352 3785 450 3834; x_wconf 89' lang='grc' dir='ltr'>σε’.</span> <span class='ocrx_word' id='word_1_484' title='bbox 484 3781 800 3851; x_wconf 79' lang='grc' dir='ltr'>Παρέὁαλόν</span> <span class='ocrx_word' id='word_1_485' title='bbox 853 3799 999 3847; x_wconf 87' lang='grc' dir='ltr'>τινες</span> <span class='ocrx_word' id='word_1_486' title='bbox 1056 3783 1207 3853; x_wconf 79' lang='grc' dir='ltr'>αὐτῷ</span> <span class='ocrx_word' id='word_1_487' title='bbox 1248 3784 1348 3853; x_wconf 79' lang='grc' dir='ltr'>τῆς</span> <span class='ocrx_word' id='word_1_488' title='bbox 1415 3784 1844 3850; x_wconf 74' lang='grc' dir='ltr'>Καππαδοκῶν,</span> 
     </span>
    </p>
   </div>
   <div class='ocr_carea' id='block_1_70' title="bbox 279 3856 1851 3945">
    <p class='ocr_par' dir='ltr' id='par_1_70' title="bbox 279 3856 1851 3945">
     <span class='ocr_line' id='line_1_70' title="bbox 279 3856 1851 3945; baseline 0.006 -24"><span class='ocrx_word' id='word_1_489' title='bbox 279 3870 547 3933; x_wconf 79' lang='grc' dir='ltr'>ποικίλοις</span> <span class='ocrx_word' id='word_1_490' title='bbox 572 3862 767 3925; x_wconf 73' lang='grc' dir='ltr'>πάθεσι</span> <span class='ocrx_word' id='word_1_491' title='bbox 794 3856 1104 3944; x_wconf 82' lang='grc' dir='ltr'>πιεζόμενοι</span> <span class='ocrx_word' id='word_1_492' title='bbox 1131 3890 1145 3904; x_wconf 73' lang='grc'><strong><em>⁸</em></strong></span> <span class='ocrx_word' id='word_1_493' title='bbox 1187 3874 1392 3927; x_wconf 88' lang='grc' dir='ltr'>τούτων</span> <span class='ocrx_word' id='word_1_494' title='bbox 1432 3870 1511 3938; x_wconf 75' lang='grc' dir='ltr'>εἷς</span> <span class='ocrx_word' id='word_1_495' title='bbox 1542 3874 1735 3939; x_wconf 81' lang='grc' dir='ltr'>ἄλαλος</span> <span class='ocrx_word' id='word_1_496' title='bbox 1760 3873 1851 3945; x_wconf 84' lang='grc' dir='ltr'><strong>ἦν.</strong></span> 
     </span>
    </p>
   </div>
   <div class='ocr_carea' id='block_1_71' title="bbox 276 3961 1855 4043">
    <p class='ocr_par' dir='ltr' id='par_1_71' title="bbox 276 3961 1855 4043">
     <span class='ocr_line' id='line_1_71' title="bbox 276 3961 1855 4043; baseline 0.004 -29"><span class='ocrx_word' id='word_1_497' title='bbox 276 3961 402 4015; x_wconf 89' lang='grc' dir='ltr'><strong>Τῶν</strong></span> <span class='ocrx_word' id='word_1_498' title='bbox 433 3962 561 4029; x_wconf 83' lang='grc' dir='ltr'>γοῦν</span> <span class='ocrx_word' id='word_1_499' title='bbox 607 3963 781 4016; x_wconf 77' lang='grc' dir='ltr'>ἄλλων</span> <span class='ocrx_word' id='word_1_500' title='bbox 810 3965 1107 4043; x_wconf 76' lang='grc' dir='ltr'>θεραπείας</span> <span class='ocrx_word' id='word_1_501' title='bbox 1149 3965 1253 4018; x_wconf 79' lang='grc' dir='ltr'>ὑπὸ</span> <span class='ocrx_word' id='word_1_502' title='bbox 1285 3964 1381 4018; x_wconf 88' lang='grc' dir='ltr'><strong>τοῦ</strong></span> <span class='ocrx_word' id='word_1_503' title='bbox 1426 3966 1609 4034; x_wconf 77' lang='grc' dir='ltr'>’Δγίου</span> <span class='ocrx_word' id='word_1_504' title='bbox 1660 3969 1855 4037; x_wconf 83' lang='grc' dir='ltr'>τυχόν-</span> 
     </span>
    </p>
   </div>
   <div class='ocr_carea' id='block_1_72' title="bbox 273 4058 1853 4133">
    <p class='ocr_par' dir='ltr' id='par_1_72' title="bbox 273 4058 1853 4133">
     <span class='ocr_line' id='line_1_72' title="bbox 273 4058 1853 4133; baseline 0.004 -24"><span class='ocrx_word' id='word_1_505' title='bbox 273 4073 406 4121; x_wconf 86' lang='grc' dir='ltr'>των,</span> <span class='ocrx_word' id='word_1_506' title='bbox 441 4058 598 4125; x_wconf 84' lang='grc' dir='ltr'>μόνος</span> <span class='ocrx_word' id='word_1_507' title='bbox 626 4060 786 4129; x_wconf 74' lang='grc' dir='ltr'>ἔμενε</span> <span class='ocrx_word' id='word_1_508' title='bbox 818 4060 1082 4129; x_wconf 84' lang='grc' dir='ltr'>κωφεύων</span> <span class='ocrx_word' id='word_1_509' title='bbox 1113 4062 1340 4124; x_wconf 82' lang='grc' dir='ltr'>ἐκεῖνος,</span> <span class='ocrx_word' id='word_1_510' title='bbox 1378 4061 1502 4131; x_wconf 84' lang='grc' dir='ltr'>μηδ’</span> <span class='ocrx_word' id='word_1_511' title='bbox 1530 4062 1709 4117; x_wconf 78' lang='grc' dir='ltr'>ὁτιοῦν</span> <span class='ocrx_word' id='word_1_512' title='bbox 1754 4064 1853 4133; x_wconf 83' lang='grc' dir='ltr'>τῆς</span> 
     </span>
    </p>
   </div>
   <div class='ocr_carea' id='block_1_73' title="bbox 271 4149 1861 4222">
    <p class='ocr_par' dir='ltr' id='par_1_73' title="bbox 271 4149 1861 4222">
     <span class='ocr_line' id='line_1_73' title="bbox 271 4149 1861 4222; baseline 0.004 -23"><span class='ocrx_word' id='word_1_513' title='bbox 271 4149 356 4210; x_wconf 82' lang='grc' dir='ltr'><strong>είς</strong></span> <span class='ocrx_word' id='word_1_514' title='bbox 383 4149 546 4200; x_wconf 73' lang='grc' dir='ltr'>αὑτὸν</span> <span class='ocrx_word' id='word_1_515' title='bbox 578 4152 803 4221; x_wconf 77' lang='grc' dir='ltr'>πορείας</span> <span class='ocrx_word' id='word_1_516' title='bbox 843 4151 1126 4220; x_wconf 82' lang='grc' dir='ltr'>ὀνάμενος.</span> <span class='ocrx_word' id='word_1_517' title='bbox 1159 4152 1363 4221; x_wconf 84' lang='grc' dir='ltr'>Τρίτην</span> <span class='ocrx_word' id='word_1_518' title='bbox 1405 4152 1696 4222; x_wconf 80' lang='grc' dir='ltr'>τοιγαροῦν</span> <span class='ocrx_word' id='word_1_519' title='bbox 1732 4170 1861 4206; x_wconf 59' lang='grc' dir='ltr'>πα-η</span> 
     </span>
    </p>
   </div>
   <div class='ocr_carea' id='block_1_74' title="bbox 276 4230 1854 4314">
    <p class='ocr_par' dir='ltr' id='par_1_74' title="bbox 276 4230 1854 4314">
     <span class='ocr_line' id='line_1_74' title="bbox 276 4230 1854 4314; baseline 0.006 -25"><span class='ocrx_word' id='word_1_520' title='bbox 276 4240 647 4308; x_wconf 82' lang='grc' dir='ltr'>ραμείναντες</span> <span class='ocrx_word' id='word_1_521' title='bbox 684 4241 891 4311; x_wconf 69' lang='grc' dir='ltr'>ἡμέραν</span> <span class='ocrx_word' id='word_1_522' title='bbox 925 4230 1059 4307; x_wconf 73' lang='grc' dir='ltr'>ἐκεῖ,</span> <span class='ocrx_word' id='word_1_523' title='bbox 1089 4242 1165 4305; x_wconf 79' lang='grc' dir='ltr'><strong>ὡς</strong></span> <span class='ocrx_word' id='word_1_524' title='bbox 1208 4243 1306 4313; x_wconf 70' lang='grc' dir='ltr'><strong>ἤδη</strong></span> <span class='ocrx_word' id='word_1_525' title='bbox 1350 4243 1446 4313; x_wconf 84' lang='grc' dir='ltr'><strong>τὴν</strong></span> <span class='ocrx_word' id='word_1_526' title='bbox 1478 4245 1604 4313; x_wconf 76' lang='grc' dir='ltr'>ἑξῆς</span> <span class='ocrx_word' id='word_1_527' title='bbox 1630 4244 1854 4314; x_wconf 77' lang='grc' dir='ltr'>ἔμελλον</span> 
     </span>
    </p>
   </div>
   <div class='ocr_carea' id='block_1_75' title="bbox 272 4330 1853 4407">
    <p class='ocr_par' dir='ltr' id='par_1_75' title="bbox 272 4330 1853 4407">
     <span class='ocr_line' id='line_1_75' title="bbox 272 4330 1853 4407; baseline 0.005 -24"><span class='ocrx_word' id='word_1_528' title='bbox 272 4330 521 4395; x_wconf 79' lang='grc' dir='ltr'>ἀπιέναι,</span> <span class='ocrx_word' id='word_1_529' title='bbox 554 4332 933 4401; x_wconf 81' lang='grc' dir='ltr'>διαναθέμενοι</span> <span class='ocrx_word' id='word_1_530' title='bbox 981 4333 1049 4387; x_wconf 82' lang='grc' dir='ltr'>τὰ</span> <span class='ocrx_word' id='word_1_531' title='bbox 1079 4336 1294 4404; x_wconf 81' lang='grc' dir='ltr'>φορτία,</span> <span class='ocrx_word' id='word_1_532' title='bbox 1331 4335 1530 4388; x_wconf 76' lang='grc' dir='ltr'>εἰσίασι</span> <span class='ocrx_word' id='word_1_533' title='bbox 1573 4336 1709 4407; x_wconf 76' lang='grc' dir='ltr'>πρὸς</span> <span class='ocrx_word' id='word_1_534' title='bbox 1751 4337 1853 4391; x_wconf 86' lang='grc' dir='ltr'>αύ-</span> 
     </span>
    </p>
   </div>
   <div class='ocr_carea' id='block_1_76' title="bbox 271 4420 1850 4498">
    <p class='ocr_par' dir='ltr' id='par_1_76' title="bbox 271 4420 1850 4498">
     <span class='ocr_line' id='line_1_76' title="bbox 271 4420 1850 4498; baseline 0.007 -28"><span class='ocrx_word' id='word_1_535' title='bbox 271 4420 388 4482; x_wconf 78' lang='grc' dir='ltr'>τὸν,</span> <span class='ocrx_word' id='word_1_536' title='bbox 418 4420 511 4473; x_wconf 85' lang='grc' dir='ltr'><strong>τοῦ</strong></span> <span class='ocrx_word' id='word_1_537' title='bbox 552 4422 648 4484; x_wconf 81' lang='grc' dir='ltr'>τὰς</span> <span class='ocrx_word' id='word_1_538' title='bbox 702 4422 869 4476; x_wconf 83' lang='grc' dir='ltr'>αὐτοῦ</span> <span class='ocrx_word' id='word_1_539' title='bbox 900 4424 1067 4495; x_wconf 77' lang='grc' dir='ltr'>εὐχὰς</span> <span class='ocrx_word' id='word_1_540' title='bbox 1112 4425 1520 4494; x_wconf 78' lang='grc' dir='ltr'>ἐφοδιασθῆναι.</span> <span class='ocrx_word' id='word_1_541' title='bbox 1572 4427 1630 4481; x_wconf 85' lang='grc' dir='ltr'><em>Ὃ</em></span> <span class='ocrx_word' id='word_1_542' title='bbox 1664 4428 1850 4498; x_wconf 80' lang='grc' dir='ltr'>μέντοι</span> 
     </span>
    </p>
   </div>
   <div class='ocr_carea' id='block_1_77' title="bbox 1957 3232 3538 3310">
    <p class='ocr_par' dir='ltr' id='par_1_77' title="bbox 1957 3232 3538 3310">
     <span class='ocr_line' id='line_1_77' title="bbox 1957 3232 3538 3310; baseline 0.008 -23"><span class='ocrx_word' id='word_1_543' title='bbox 1957 3232 2025 3287; x_wconf 89' lang='lat' dir='ltr'><strong>ad</strong></span> <span class='ocrx_word' id='word_1_544' title='bbox 2049 3234 2219 3288; x_wconf 90' lang='lat' dir='ltr'><strong>Deum</strong></span> <span class='ocrx_word' id='word_1_545' title='bbox 2247 3235 2633 3305; x_wconf 84' lang='lat' dir='ltr'><strong>rependentes.</strong></span> <span class='ocrx_word' id='word_1_546' title='bbox 2657 3237 2767 3293; x_wconf 81' lang='lat' dir='ltr'><strong>Eos</strong></span> <span class='ocrx_word' id='word_1_547' title='bbox 2786 3254 2919 3310; x_wconf 90' lang='lat' dir='ltr'><strong>ergo</strong></span> <span class='ocrx_word' id='word_1_548' title='bbox 2957 3239 3107 3295; x_wconf 74' lang='lat' dir='ltr'><strong>celer</strong></span> <span class='ocrx_word' id='word_1_549' title='bbox 3155 3240 3225 3295; x_wconf 85' lang='lat' dir='ltr'><strong>ad</strong></span> <span class='ocrx_word' id='word_1_550' title='bbox 3266 3243 3538 3298; x_wconf 88' lang='lat' dir='ltr'><strong>miseran-</strong></span> 
     </span>
    </p>
   </div>
   <div class='ocr_carea' id='block_1_78' title="bbox 1958 3320 3539 3398">
    <p class='ocr_par' dir='ltr' id='par_1_78' title="bbox 1958 3320 3539 3398">
     <span class='ocr_line' id='line_1_78' title="bbox 1958 3320 3539 3398; baseline 0.009 -22"><span class='ocrx_word' id='word_1_551' title='bbox 1958 3320 2090 3379; x_wconf 88' lang='lat' dir='ltr'><strong>dum</strong></span> <span class='ocrx_word' id='word_1_552' title='bbox 2148 3323 2405 3395; x_wconf 85' lang='lat' dir='ltr'><strong>Symcon,</strong></span> <span class='ocrx_word' id='word_1_553' title='bbox 2444 3334 2501 3381; x_wconf 90' lang='lat' dir='ltr'><strong>et</strong></span> <span class='ocrx_word' id='word_1_554' title='bbox 2532 3327 2800 3384; x_wconf 73' lang='lat' dir='ltr'><strong>daemonis</strong></span> <span class='ocrx_word' id='word_1_555' title='bbox 2860 3331 3152 3386; x_wconf 78' lang='lat' dir='ltr'><strong>vexatione</strong></span> <span class='ocrx_word' id='word_1_556' title='bbox 3211 3332 3438 3398; x_wconf 87' lang='lat' dir='ltr'><strong>liberos,</strong></span> <span class='ocrx_word' id='word_1_557' title='bbox 3482 3345 3539 3390; x_wconf 89' lang='lat' dir='ltr'><strong>et</strong></span> 
     </span>
    </p>
   </div>
   <div class='ocr_carea' id='block_1_79' title="bbox 1957 3417 3537 3493">
    <p class='ocr_par' dir='ltr' id='par_1_79' title="bbox 1957 3417 3537 3493">
     <span class='ocr_line' id='line_1_79' title="bbox 1957 3417 3537 3493; baseline 0.008 -25"><span class='ocrx_word' id='word_1_558' title='bbox 1957 3417 2267 3471; x_wconf 79' lang='lat' dir='ltr'><strong>necessaria</strong></span> <span class='ocrx_word' id='word_1_559' title='bbox 2301 3417 2368 3470; x_wconf 88' lang='lat' dir='ltr'><strong>ad</strong></span> <span class='ocrx_word' id='word_1_560' title='bbox 2396 3418 2631 3473; x_wconf 88' lang='lat' dir='ltr'><strong>salutem</strong></span> <span class='ocrx_word' id='word_1_561' title='bbox 2657 3419 2906 3485; x_wconf 88' lang='lat' dir='ltr'><strong>edoctos,</strong></span> <span class='ocrx_word' id='word_1_562' title='bbox 2948 3424 3284 3493; x_wconf 81' lang='lat' dir='ltr'><strong>monitisque</strong></span> <span class='ocrx_word' id='word_1_563' title='bbox 3315 3424 3537 3480; x_wconf 85' lang='lat' dir='ltr'><strong>institu-</strong></span> 
     </span>
    </p>
   </div>
   <div class='ocr_carea' id='block_1_80' title="bbox 1959 3511 3523 3580">
    <p class='ocr_par' dir='ltr' id='par_1_80' title="bbox 1959 3511 3523 3580">
     <span class='ocr_line' id='line_1_80' title="bbox 1959 3511 3523 3580; baseline 0.006 -21"><span class='ocrx_word' id='word_1_564' title='bbox 1959 3515 2065 3570; x_wconf 90' lang='lat' dir='ltr'><strong>tos,</strong></span> <span class='ocrx_word' id='word_1_565' title='bbox 2106 3522 2267 3562; x_wconf 87' lang='lat' dir='ltr'><strong>sanos</strong></span> <span class='ocrx_word' id='word_1_566' title='bbox 2308 3516 2467 3578; x_wconf 78' lang='lat' dir='ltr'><strong>atque</strong></span> <span class='ocrx_word' id='word_1_567' title='bbox 2525 3511 2833 3565; x_wconf 84' lang='lat' dir='ltr'><strong>incolumes</strong></span> <span class='ocrx_word' id='word_1_568' title='bbox 2883 3511 3077 3566; x_wconf 88' lang='lat' dir='ltr'><strong>domos</strong></span> <span class='ocrx_word' id='word_1_569' title='bbox 3132 3528 3260 3569; x_wconf 81' lang='lat' dir='ltr'><strong>suas</strong></span> <span class='ocrx_word' id='word_1_570' title='bbox 3294 3515 3523 3580; x_wconf 88' lang='lat' dir='ltr'><strong>remisit,</strong></span> 
     </span>
    </p>
   </div>
   <div class='ocr_carea' id='block_1_81' title="bbox 1957 3591 3532 3670">
    <p class='ocr_par' dir='ltr' id='par_1_81' title="bbox 1957 3591 3532 3670">
     <span class='ocr_line' id='line_1_81' title="bbox 1957 3591 3532 3670; baseline 0.006 -22"><span class='ocrx_word' id='word_1_571' title='bbox 1957 3595 2304 3664; x_wconf 84' lang='lat' dir='ltr'><strong>splendidius</strong></span> <span class='ocrx_word' id='word_1_572' title='bbox 2326 3600 2707 3653; x_wconf 86' lang='lat' dir='ltr'><strong>conversionis</strong></span> <span class='ocrx_word' id='word_1_573' title='bbox 2726 3616 2837 3654; x_wconf 65' lang='lat' dir='ltr'><strong>suae</strong></span> <span class='ocrx_word' id='word_1_574' title='bbox 2862 3591 3023 3670; x_wconf 83' lang='lat' dir='ltr'><strong>quam</strong></span> <span class='ocrx_word' id='word_1_575' title='bbox 3047 3603 3363 3670; x_wconf 84' lang='lat' dir='ltr'><strong>nuptiarum</strong></span> <span class='ocrx_word' id='word_1_576' title='bbox 3387 3603 3532 3659; x_wconf 84' lang='lat' dir='ltr'><strong>diem</strong></span> 
     </span>
    </p>
   </div>
   <div class='ocr_carea' id='block_1_82' title="bbox 1957 3685 2355 3741">
    <p class='ocr_par' dir='ltr' id='par_1_82' title="bbox 1957 3685 2355 3741">
     <span class='ocr_line' id='line_1_82' title="bbox 1957 3685 2355 3741; baseline 0.008 -2"><span class='ocrx_word' id='word_1_577' title='bbox 1957 3685 2355 3741; x_wconf 77' lang='lat' dir='ltr'><strong>celebraturos.</strong></span> 
     </span>
    </p>
   </div>
   <div class='ocr_carea' id='block_1_83' title="bbox 2026 3776 3539 3858">
    <p class='ocr_par' dir='ltr' id='par_1_83' title="bbox 2026 3776 3539 3858">
     <span class='ocr_line' id='line_1_83' title="bbox 2026 3776 3539 3858; baseline 0.007 -29"><span class='ocrx_word' id='word_1_578' title='bbox 2026 3776 2149 3829; x_wconf 71' lang='lat'><strong>205.</strong></span> <span class='ocrx_word' id='word_1_579' title='bbox 2187 3777 2557 3831; x_wconf 74' lang='lat' dir='ltr'><strong>Perveneram</strong></span> <span class='ocrx_word' id='word_1_580' title='bbox 2591 3778 2815 3847; x_wconf 81' lang='lat' dir='ltr'><strong>quidam</strong></span> <span class='ocrx_word' id='word_1_581' title='bbox 2873 3778 3229 3849; x_wconf 83' lang='lat' dir='ltr'><strong>Cappadoces</strong></span> <span class='ocrx_word' id='word_1_582' title='bbox 3286 3782 3355 3837; x_wconf 87' lang='lat' dir='ltr'><strong>ad</strong></span> <span class='ocrx_word' id='word_1_583' title='bbox 3411 3798 3539 3858; x_wconf 83' lang='lat' dir='ltr'><strong>san-</strong></span> 
     </span>
    </p>
   </div>
   <div class='ocr_carea' id='block_1_84' title="bbox 1957 3866 3535 3945">
    <p class='ocr_par' dir='ltr' id='par_1_84' title="bbox 1957 3866 3535 3945">
     <span class='ocr_line' id='line_1_84' title="bbox 1957 3866 3535 3945; baseline 0.006 -28"><span class='ocrx_word' id='word_1_584' title='bbox 1957 3866 2321 3927; x_wconf 82' lang='lat' dir='ltr'><strong>ctum,variis</strong></span> <span class='ocrx_word' id='word_1_585' title='bbox 2372 3866 2792 3945; x_wconf 75' lang='lat' dir='ltr'><strong>inﬁrmitatibus</strong></span> <span class='ocrx_word' id='word_1_586' title='bbox 2829 3869 3036 3935; x_wconf 77' lang='lat' dir='ltr'><strong>aﬁ‘ecti,</strong></span> <span class='ocrx_word' id='word_1_587' title='bbox 3101 3880 3339 3941; x_wconf 74' lang='lat' dir='ltr'><strong>queram</strong></span> <span class='ocrx_word' id='word_1_588' title='bbox 3389 3881 3535 3929; x_wconf 75' lang='lat' dir='ltr'><strong>unus</strong></span> 
     </span>
    </p>
   </div>
   <div class='ocr_carea' id='block_1_85' title="bbox 1954 3958 3535 4021">
    <p class='ocr_par' dir='ltr' id='par_1_85' title="bbox 1954 3958 3535 4021">
     <span class='ocr_line' id='line_1_85' title="bbox 1954 3958 3535 4021; baseline 0.006 -11"><span class='ocrx_word' id='word_1_589' title='bbox 1954 3967 2074 4011; x_wconf 80' lang='lat' dir='ltr'><strong>erat</strong></span> <span class='ocrx_word' id='word_1_590' title='bbox 2098 3965 2305 4013; x_wconf 81' lang='lat' dir='ltr'><strong>mutus.</strong></span> <span class='ocrx_word' id='word_1_591' title='bbox 2348 3958 2484 4012; x_wconf 87' lang='lat' dir='ltr'><strong>Cum</strong></span> <span class='ocrx_word' id='word_1_592' title='bbox 2542 3969 2726 4015; x_wconf 88' lang='lat' dir='ltr'><strong>autem</strong></span> <span class='ocrx_word' id='word_1_593' title='bbox 2758 3970 2827 4014; x_wconf 81' lang='lat' dir='ltr'><strong>ex</strong></span> <span class='ocrx_word' id='word_1_594' title='bbox 2875 3960 2964 4015; x_wconf 87' lang='lat' dir='ltr'><strong>his</strong></span> <span class='ocrx_word' id='word_1_595' title='bbox 3005 3962 3096 4016; x_wconf 87' lang='lat' dir='ltr'><strong>alii</strong></span> <span class='ocrx_word' id='word_1_596' title='bbox 3155 3963 3535 4021; x_wconf 81' lang='lat' dir='ltr'><strong>incolumitate</strong></span> 
     </span>
    </p>
   </div>
   <div class='ocr_carea' id='block_1_86' title="bbox 1956 4046 3534 4120">
    <p class='ocr_par' dir='ltr' id='par_1_86' title="bbox 1956 4046 3534 4120">
     <span class='ocr_line' id='line_1_86' title="bbox 1956 4046 3534 4120; baseline 0.006 -21"><span class='ocrx_word' id='word_1_597' title='bbox 1956 4046 2316 4111; x_wconf 87' lang='lat' dir='ltr'><strong>donarentur,</strong></span> <span class='ocrx_word' id='word_1_598' title='bbox 2353 4048 2504 4102; x_wconf 88' lang='lat' dir='ltr'><strong>solus</strong></span> <span class='ocrx_word' id='word_1_599' title='bbox 2532 4048 2625 4103; x_wconf 87' lang='lat' dir='ltr'><strong>hic</strong></span> <span class='ocrx_word' id='word_1_600' title='bbox 2683 4048 2924 4120; x_wconf 74' lang='lat' dir='ltr'><strong>elinguis</strong></span> <span class='ocrx_word' id='word_1_601' title='bbox 2956 4055 3277 4119; x_wconf 72' lang='lat' dir='ltr'><strong>permansit,</strong></span> <span class='ocrx_word' id='word_1_602' title='bbox 3322 4054 3534 4109; x_wconf 85' lang='lat' dir='ltr'><strong>nullum</strong></span> 
     </span>
    </p>
   </div>
   <div class='ocr_carea' id='block_1_87' title="bbox 1954 4137 3534 4200">
    <p class='ocr_par' dir='ltr' id='par_1_87' title="bbox 1954 4137 3534 4200">
     <span class='ocr_line' id='line_1_87' title="bbox 1954 4137 3534 4200; baseline 0.006 -9"><span class='ocrx_word' id='word_1_603' title='bbox 1954 4137 2023 4191; x_wconf 85' lang='lat' dir='ltr'><strong>ab</strong></span> <span class='ocrx_word' id='word_1_604' title='bbox 2051 4153 2117 4191; x_wconf 91' lang='lat' dir='ltr'><strong>eo</strong></span> <span class='ocrx_word' id='word_1_605' title='bbox 2177 4138 2373 4192; x_wconf 90' lang='lat' dir='ltr'><strong>itinere</strong></span> <span class='ocrx_word' id='word_1_606' title='bbox 2429 4139 2681 4193; x_wconf 79' lang='lat' dir='ltr'><strong>levamen</strong></span> <span class='ocrx_word' id='word_1_607' title='bbox 2738 4149 2956 4195; x_wconf 87' lang='lat' dir='ltr'><strong>nactus.</strong></span> <span class='ocrx_word' id='word_1_608' title='bbox 3005 4141 3273 4198; x_wconf 86' lang='lat' dir='ltr'><strong>Triduum</strong></span> <span class='ocrx_word' id='word_1_609' title='bbox 3331 4144 3534 4200; x_wconf 89' lang='lat' dir='ltr'><strong>ibidem</strong></span> 
     </span>
    </p>
   </div>
   <div class='ocr_carea' id='block_1_88' title="bbox 1954 4220 3536 4305">
    <p class='ocr_par' dir='ltr' id='par_1_88' title="bbox 1954 4220 3536 4305">
     <span class='ocr_line' id='line_1_88' title="bbox 1954 4220 3536 4305; baseline 0.006 -25"><span class='ocrx_word' id='word_1_610' title='bbox 1954 4220 2309 4297; x_wconf 76' lang='lat' dir='ltr'><strong>perstiterant</strong></span> <span class='ocrx_word' id='word_1_611' title='bbox 2338 4237 2395 4284; x_wconf 89' lang='lat' dir='ltr'><strong>et</strong></span> <span class='ocrx_word' id='word_1_612' title='bbox 2426 4239 2644 4298; x_wconf 85' lang='lat' dir='ltr'><strong>postera</strong></span> <span class='ocrx_word' id='word_1_613' title='bbox 2676 4232 2804 4287; x_wconf 87' lang='lat' dir='ltr'><strong>luce</strong></span> <span class='ocrx_word' id='word_1_614' title='bbox 2847 4232 3054 4287; x_wconf 88' lang='lat' dir='ltr'><strong>abituri</strong></span> <span class='ocrx_word' id='word_1_615' title='bbox 3100 4242 3279 4297; x_wconf 89' lang='lat' dir='ltr'><strong>erant,</strong></span> <span class='ocrx_word' id='word_1_616' title='bbox 3310 4236 3536 4305; x_wconf 81' lang='lat' dir='ltr'><strong>quando</strong></span> 
     </span>
    </p>
   </div>
   <div class='ocr_carea' id='block_1_89' title="bbox 1953 4318 3537 4389">
    <p class='ocr_par' dir='ltr' id='par_1_89' title="bbox 1953 4318 3537 4389">
     <span class='ocr_line' id='line_1_89' title="bbox 1953 4318 3537 4389; baseline 0.006 -16"><span class='ocrx_word' id='word_1_617' title='bbox 1953 4318 2201 4373; x_wconf 79' lang='lat' dir='ltr'><strong>collectis</strong></span> <span class='ocrx_word' id='word_1_618' title='bbox 2230 4319 2464 4374; x_wconf 87' lang='lat' dir='ltr'><strong>sarcinis</strong></span> <span class='ocrx_word' id='word_1_619' title='bbox 2508 4321 2577 4375; x_wconf 89' lang='lat' dir='ltr'><strong>ad</strong></span> <span class='ocrx_word' id='word_1_620' title='bbox 2627 4332 2879 4377; x_wconf 87' lang='lat' dir='ltr'><strong>sanctum</strong></span> <span class='ocrx_word' id='word_1_621' title='bbox 2933 4324 3212 4389; x_wconf 87' lang='lat' dir='ltr'><strong>adierunt,</strong></span> <span class='ocrx_word' id='word_1_622' title='bbox 3266 4326 3537 4383; x_wconf 80' lang='lat' dir='ltr'><strong>interces-</strong></span> 
     </span>
    </p>
   </div>
   <div class='ocr_carea' id='block_1_90' title="bbox 1956 4411 3536 4486">
    <p class='ocr_par' dir='ltr' id='par_1_90' title="bbox 1956 4411 3536 4486">
     <span class='ocr_line' id='line_1_90' title="bbox 1956 4411 3536 4486; baseline 0.006 -22"><span class='ocrx_word' id='word_1_623' title='bbox 1956 4411 2162 4465; x_wconf 76' lang='lat' dir='ltr'><strong>sio‘nem</strong></span> <span class='ocrx_word' id='word_1_624' title='bbox 2188 4426 2254 4465; x_wconf 89' lang='lat' dir='ltr'><strong>ac</strong></span> <span class='ocrx_word' id='word_1_625' title='bbox 2277 4424 2470 4481; x_wconf 88' lang='lat' dir='ltr'><strong>preces</strong></span> <span class='ocrx_word' id='word_1_626' title='bbox 2498 4413 2672 4482; x_wconf 89' lang='lat' dir='ltr'><strong>ipsius</strong></span> <span class='ocrx_word' id='word_1_627' title='bbox 2699 4426 2802 4484; x_wconf 90' lang='lat' dir='ltr'><strong>pro</strong></span> <span class='ocrx_word' id='word_1_628' title='bbox 2834 4415 3041 4470; x_wconf 82' lang='lat' dir='ltr'><strong>viatico</strong></span> <span class='ocrx_word' id='word_1_629' title='bbox 3060 4419 3363 4486; x_wconf 84' lang='lat' dir='ltr'><strong>accepturi.</strong></span> <span class='ocrx_word' id='word_1_630' title='bbox 3388 4419 3536 4473; x_wconf 82' lang='lat' dir='ltr'><strong>inter</strong></span> 
     </span>
    </p>
   </div>
   <div class='ocr_carea' id='block_1_91' title="bbox 272 4502 1852 4592">
    <p class='ocr_par' dir='ltr' id='par_1_91' title="bbox 272 4510 1850 4592">
     <span class='ocr_line' id='line_1_91' title="bbox 272 4510 1850 4592; baseline 0.008 -29"><span class='ocrx_word' id='word_1_631' title='bbox 272 4510 480 4578; x_wconf 80' lang='grc' dir='ltr'>κωφὸς,</span> <span class='ocrx_word' id='word_1_632' title='bbox 509 4515 774 4568; x_wconf 80' lang='grc' dir='ltr'>οἴκτιστόν</span> <span class='ocrx_word' id='word_1_633' title='bbox 798 4518 1019 4586; x_wconf 77' lang='grc' dir='ltr'>τι.πρδς</span> <span class='ocrx_word' id='word_1_634' title='bbox 1047 4518 1209 4571; x_wconf 75' lang='grc' dir='ltr'>αὑτὸν</span> <span class='ocrx_word' id='word_1_635' title='bbox 1248 4518 1467 4587; x_wconf 75' lang='grc' dir='ltr'>βλέψας,</span> <span class='ocrx_word' id='word_1_636' title='bbox 1495 4520 1754 4574; x_wconf 79' lang='grc' dir='ltr'>διανεύων</span> <span class='ocrx_word' id='word_1_637' title='bbox 1781 4516 1850 4592; x_wconf 81' lang='grc' dir='ltr'>ἦν</span> 
     </span>
    </p>
   </div>
   <div class='ocr_carea' id='block_1_92' title="bbox 1955 4502 3537 4592">
    <p class='ocr_par' dir='ltr' id='par_1_92' title="bbox 1955 4502 3537 4579">
     <span class='ocr_line' id='line_1_92' title="bbox 1955 4502 3537 4579; baseline 0.006 -24"><span class='ocrx_word' id='word_1_638' title='bbox 1955 4502 2092 4556; x_wconf 87' lang='lat' dir='ltr'><strong>alios</strong></span> <span class='ocrx_word' id='word_1_639' title='bbox 2145 4507 2332 4557; x_wconf 84' lang='lat' dir='ltr'><strong>mutus</strong></span> <span class='ocrx_word' id='word_1_640' title='bbox 2381 4503 2470 4558; x_wconf 88' lang='lat' dir='ltr'><strong>hic</strong></span> <span class='ocrx_word' id='word_1_641' title='bbox 2513 4515 2771 4559; x_wconf 87' lang='lat' dir='ltr'><strong>sanctum</strong></span> <span class='ocrx_word' id='word_1_642' title='bbox 2821 4505 3066 4570; x_wconf 81' lang='lat' dir='ltr'><strong>intuens,</strong></span> <span class='ocrx_word' id='word_1_643' title='bbox 3115 4508 3273 4563; x_wconf 78' lang='lat' dir='ltr'><strong>triste</strong></span> <span class='ocrx_word' id='word_1_644' title='bbox 3308 4509 3441 4579; x_wconf 87' lang='lat' dir='ltr'><strong>quid</strong></span> <span class='ocrx_word' id='word_1_645' title='bbox 3474 4525 3537 4564; x_wconf 87' lang='lat' dir='ltr'><strong>ac</strong></span> 
     </span>
    </p>
   </div>
   <div class='ocr_carea' id='block_1_93' title="bbox 269 4601 1854 4681">
    <p class='ocr_par' dir='ltr' id='par_1_93' title="bbox 269 4601 1854 4681">
     <span class='ocr_line' id='line_1_93' title="bbox 269 4601 1854 4681; baseline 0.007 -28"><span class='ocrx_word' id='word_1_646' title='bbox 269 4601 412 4667; x_wconf 82' lang='grc' dir='ltr'>ἄγαν</span> <span class='ocrx_word' id='word_1_647' title='bbox 440 4602 703 4666; x_wconf 87' lang='grc' dir='ltr'>ἐλεεινῶς.</span> <span class='ocrx_word' id='word_1_648' title='bbox 751 4605 808 4657; x_wconf 81' lang='grc' dir='ltr'>Ὀ</span> <span class='ocrx_word' id='word_1_649' title='bbox 840 4605 895 4658; x_wconf 79' lang='grc' dir='ltr'><strong>δὲ</strong></span> <span class='ocrx_word' id='word_1_650' title='bbox 927 4607 1117 4659; x_wconf 83' lang='grc' dir='ltr'>παθὼν</span> <span class='ocrx_word' id='word_1_651' title='bbox 1139 4607 1226 4661; x_wconf 82' lang='grc' dir='ltr'>ἐπ’</span> <span class='ocrx_word' id='word_1_652' title='bbox 1254 4609 1402 4679; x_wconf 84' lang='grc' dir='ltr'>αὐτῷ</span> <span class='ocrx_word' id='word_1_653' title='bbox 1425 4610 1522 4680; x_wconf 80' lang='grc' dir='ltr'>τὴν</span> <span class='ocrx_word' id='word_1_654' title='bbox 1550 4610 1746 4681; x_wconf 71' lang='grc' dir='ltr'>ψυχὴν,</span> <span class='ocrx_word' id='word_1_655' title='bbox 1771 4613 1854 4676; x_wconf 84' lang='grc' dir='ltr'><strong>είς</strong></span> 
     </span>
    </p>
   </div>
   <div class='ocr_carea' id='block_1_94' title="bbox 271 4694 1853 4771">
    <p class='ocr_par' dir='ltr' id='par_1_94' title="bbox 271 4694 1853 4771">
     <span class='ocr_line' id='line_1_94' title="bbox 271 4694 1853 4771; baseline 0.009 -28"><span class='ocrx_word' id='word_1_656' title='bbox 271 4694 593 4762; x_wconf 71' lang='grc' dir='ltr'>οἱκτιρμοὺς</span> <span class='ocrx_word' id='word_1_657' title='bbox 643 4694 835 4764; x_wconf 76' lang='grc' dir='ltr'>ἔϐλεψε</span> <span class='ocrx_word' id='word_1_658' title='bbox 895 4696 1059 4751; x_wconf 85' lang='grc' dir='ltr'>πάλιν</span> <span class='ocrx_word' id='word_1_659' title='bbox 1137 4699 1265 4761; x_wconf 78' lang='grc' dir='ltr'>τοὺς</span> <span class='ocrx_word' id='word_1_660' title='bbox 1326 4701 1705 4771; x_wconf 87' lang='grc' dir='ltr'>άδαπανήτους</span> <span class='ocrx_word' id='word_1_661' title='bbox 1756 4704 1853 4757; x_wconf 84' lang='grc' dir='ltr'>καὶ</span> 
     </span>
    </p>
   </div>
   <div class='ocr_carea' id='block_1_95' title="bbox 1956 4594 3538 4661">
    <p class='ocr_par' dir='ltr' id='par_1_95' title="bbox 1956 4594 3538 4661">
     <span class='ocr_line' id='line_1_95' title="bbox 1956 4594 3538 4661; baseline 0.006 -15"><span class='ocrx_word' id='word_1_662' title='bbox 1956 4594 2271 4648; x_wconf 83' lang='lat' dir='ltr'><strong>miserabile</strong></span> <span class='ocrx_word' id='word_1_663' title='bbox 2332 4595 2632 4661; x_wconf 85' lang='lat' dir='ltr'><strong>innuebat;</strong></span> <span class='ocrx_word' id='word_1_664' title='bbox 2692 4596 2833 4651; x_wconf 89' lang='lat' dir='ltr'><strong>adeo</strong></span> <span class='ocrx_word' id='word_1_665' title='bbox 2886 4606 2948 4651; x_wconf 90' lang='lat' dir='ltr'><strong>ut</strong></span> <span class='ocrx_word' id='word_1_666' title='bbox 3012 4597 3125 4659; x_wconf 84' lang='lat' dir='ltr'><strong>ille,</strong></span> <span class='ocrx_word' id='word_1_667' title='bbox 3179 4600 3538 4656; x_wconf 77' lang='lat' dir='ltr'><strong>miseratione</strong></span> 
     </span>
    </p>
   </div>
   <div class='ocr_carea' id='block_1_96' title="bbox 1956 4684 3537 4759">
    <p class='ocr_par' dir='ltr' id='par_1_96' title="bbox 1956 4684 3537 4759">
     <span class='ocr_line' id='line_1_96' title="bbox 1956 4684 3537 4759; baseline 0.003 -20"><span class='ocrx_word' id='word_1_668' title='bbox 1956 4691 2153 4747; x_wconf 86' lang='lat' dir='ltr'><strong>tactus,</strong></span> <span class='ocrx_word' id='word_1_669' title='bbox 2181 4684 2373 4739; x_wconf 90' lang='lat' dir='ltr'><strong>oculos</strong></span> <span class='ocrx_word' id='word_1_670' title='bbox 2422 4684 2621 4739; x_wconf 89' lang='lat' dir='ltr'><strong>levarit</strong></span> <span class='ocrx_word' id='word_1_671' title='bbox 2665 4685 2734 4739; x_wconf 90' lang='lat' dir='ltr'><strong>ad</strong></span> <span class='ocrx_word' id='word_1_672' title='bbox 2791 4686 3253 4759; x_wconf 80' lang='lat' dir='ltr'><strong>inexhauribilem</strong></span> <span class='ocrx_word' id='word_1_673' title='bbox 3314 4688 3537 4754; x_wconf 79' lang='lat' dir='ltr'><strong>miseri-</strong></span> 
     </span>
    </p>
   </div>
   <div class='ocr_carea' id='block_1_97' title="bbox 266 4776 1852 4881">
    <p class='ocr_par' dir='ltr' id='par_1_97' title="bbox 266 4783 1849 4861">
     <span class='ocr_line' id='line_1_97' title="bbox 266 4783 1849 4861; baseline 0.009 -27"><span class='ocrx_word' id='word_1_674' title='bbox 266 4783 578 4848; x_wconf 82' lang='grc' dir='ltr'>ἀκενώτους</span> <span class='ocrx_word' id='word_1_675' title='bbox 600 4827 614 4847; x_wconf 89' lang='grc'><strong>,</strong></span> <span class='ocrx_word' id='word_1_676' title='bbox 647 4787 742 4839; x_wconf 71' lang='grc' dir='ltr'><strong>καὶ</strong></span> <span class='ocrx_word' id='word_1_677' title='bbox 774 4788 834 4840; x_wconf 82' lang='grc' dir='ltr'>τὸ</span> <span class='ocrx_word' id='word_1_678' title='bbox 867 4789 1161 4859; x_wconf 82' lang='grc' dir='ltr'>πρόσωπον</span> <span class='ocrx_word' id='word_1_679' title='bbox 1214 4792 1585 4861; x_wconf 70' lang='grc' dir='ltr'>ἀποστρέψας.</span> <span class='ocrx_word' id='word_1_680' title='bbox 1614 4796 1705 4847; x_wconf 67' lang='grc' dir='ltr'><strong>καὶ</strong></span> <span class='ocrx_word' id='word_1_681' title='bbox 1758 4795 1849 4849; x_wconf 79' lang='grc' dir='ltr'>τὸν</span> 
     </span>
    </p>
   </div>
   <div class='ocr_carea' id='block_1_98' title="bbox 1955 4776 3533 4881">
    <p class='ocr_par' dir='ltr' id='par_1_98' title="bbox 1955 4776 3533 4881">
     <span class='ocr_line' id='line_1_98' title="bbox 1955 4776 3533 4881; baseline 0.001 -48"><span class='ocrx_word' id='word_1_682' title='bbox 1955 4776 2213 4838; x_wconf 81' lang='lat' dir='ltr'><strong>cordiam,</strong></span> <span class='ocrx_word' id='word_1_683' title='bbox 2236 4787 2540 4846; x_wconf 83' lang='lat' dir='ltr'><strong>aversoque</strong></span> <span class='ocrx_word' id='word_1_684' title='bbox 2573 4778 2751 4841; x_wconf 85' lang='lat' dir='ltr'><strong>vultu,</strong></span> <span class='ocrx_word' id='word_1_685' title='bbox 2785 4778 3022 4881; x_wconf 67' lang='lat' dir='ltr'><strong>digitum</strong></span> <span class='ocrx_word' id='word_1_686' title='bbox 3061 4777 3145 4833; x_wconf 92' lang='lat' dir='ltr'><strong>ori</strong></span> <span class='ocrx_word' id='word_1_687' title='bbox 3178 4778 3533 4848; x_wconf 83' lang='lat' dir='ltr'><strong>imposuerit,</strong></span> 
     </span>
    </p>
   </div>
   <div class='ocr_carea' id='block_1_99' title="bbox 266 4872 1846 4956">
    <p class='ocr_par' dir='ltr' id='par_1_99' title="bbox 266 4872 1846 4956">
     <span class='ocr_line' id='line_1_99' title="bbox 266 4872 1846 4956; baseline 0.01 -32"><span class='ocrx_word' id='word_1_688' title='bbox 266 4872 530 4927; x_wconf 70' lang='grc' dir='ltr'>δάκτυλον</span> <span class='ocrx_word' id='word_1_689' title='bbox 563 4876 639 4946; x_wconf 78' lang='grc' dir='ltr'>τῷ</span> <span class='ocrx_word' id='word_1_690' title='bbox 674 4878 903 4945; x_wconf 72' lang='grc' dir='ltr'>στόματι</span> <span class='ocrx_word' id='word_1_691' title='bbox 928 4878 1199 4947; x_wconf 80' lang='grc' dir='ltr'>ἐμόαλὼν,</span> <span class='ocrx_word' id='word_1_692' title='bbox 1240 4881 1337 4935; x_wconf 77' lang='grc' dir='ltr'>καῖ</span> <span class='ocrx_word' id='word_1_693' title='bbox 1362 4883 1540 4952; x_wconf 80' lang='grc' dir='ltr'>ἡσυχῆ</span> <span class='ocrx_word' id='word_1_694' title='bbox 1586 4888 1697 4947; x_wconf 77' lang='grc' dir='ltr'>τοῖς</span> <span class='ocrx_word' id='word_1_695' title='bbox 1730 4887 1846 4956; x_wconf 82' lang='grc' dir='ltr'>χεί-</span> 
     </span>
    </p>
   </div>
   <div class='ocr_carea' id='block_1_100' title="bbox 1946 4868 3535 4948">
    <p class='ocr_par' dir='ltr' id='par_1_100' title="bbox 1946 4868 3535 4948">
     <span class='ocr_line' id='line_1_100' title="bbox 1946 4868 3535 4948; baseline 0.001 -26"><span class='ocrx_word' id='word_1_696' title='bbox 1946 4868 2105 4923; x_wconf 85' lang='lat' dir='ltr'><strong>labiis</strong></span> <span class='ocrx_word' id='word_1_697' title='bbox 2134 4868 2333 4923; x_wconf 89' lang='lat' dir='ltr'><strong>leniter</strong></span> <span class='ocrx_word' id='word_1_698' title='bbox 2360 4868 2586 4948; x_wconf 75' lang='lat' dir='ltr'><strong>pressis,</strong></span> <span class='ocrx_word' id='word_1_699' title='bbox 2622 4877 2738 4922; x_wconf 89' lang='lat' dir='ltr'><strong>tum</strong></span> <span class='ocrx_word' id='word_1_700' title='bbox 2768 4868 2971 4925; x_wconf 89' lang='lat' dir='ltr'><strong>deinde</strong></span> <span class='ocrx_word' id='word_1_701' title='bbox 3015 4869 3073 4925; x_wconf 91' lang='lat' dir='ltr'><strong>in</strong></span> <span class='ocrx_word' id='word_1_702' title='bbox 3098 4885 3161 4925; x_wconf 86' lang='lat' dir='ltr'><strong>os</strong></span> <span class='ocrx_word' id='word_1_703' title='bbox 3200 4869 3306 4925; x_wconf 80' lang='lat' dir='ltr'><strong>viri</strong></span> <span class='ocrx_word' id='word_1_704' title='bbox 3354 4871 3535 4924; x_wconf 87' lang='lat' dir='ltr'><strong>immi-</strong></span> 
     </span>
    </p>
   </div>
   <div class='ocr_carea' id='block_1_101' title="bbox 262 4960 1852 5046">
    <p class='ocr_par' dir='ltr' id='par_1_101' title="bbox 262 4968 1842 5046">
     <span class='ocr_line' id='line_1_101' title="bbox 262 4968 1842 5046; baseline 0.009 -29"><span class='ocrx_word' id='word_1_705' title='bbox 262 4969 417 5017; x_wconf 80' lang='grc' dir='ltr'>λεσιν</span> <span class='ocrx_word' id='word_1_706' title='bbox 469 4968 748 5031; x_wconf 72' lang='grc' dir='ltr'>ἐκπιέσας,</span> <span class='ocrx_word' id='word_1_707' title='bbox 788 4971 948 5040; x_wconf 83' lang='grc' dir='ltr'>ἐνῆκε</span> <span class='ocrx_word' id='word_1_708' title='bbox 979 4971 1056 5042; x_wconf 85' lang='grc' dir='ltr'>τῷ</span> <span class='ocrx_word' id='word_1_709' title='bbox 1092 4973 1320 5041; x_wconf 84' lang='grc' dir='ltr'>στόματι</span> <span class='ocrx_word' id='word_1_710' title='bbox 1365 4973 1456 5027; x_wconf 87' lang='grc' dir='ltr'><strong>τοῦ</strong></span> <span class='ocrx_word' id='word_1_711' title='bbox 1487 4975 1700 5046; x_wconf 78' lang='grc' dir='ltr'>ἀνδρὸς,</span> <span class='ocrx_word' id='word_1_712' title='bbox 1729 4978 1756 5029; x_wconf 83' lang='grc' dir='ltr'>ό</span> <span class='ocrx_word' id='word_1_713' title='bbox 1785 4976 1842 5031; x_wconf 83' lang='grc' dir='ltr'><strong>δὲ</strong></span> 
     </span>
    </p>
   </div>
   <div class='ocr_carea' id='block_1_102' title="bbox 1955 4960 3530 5046">
    <p class='ocr_par' dir='ltr' id='par_1_102' title="bbox 1955 4960 3530 5033">
     <span class='ocr_line' id='line_1_102' title="bbox 1955 4960 3530 5033; baseline 0.001 -18"><span class='ocrx_word' id='word_1_714' title='bbox 1955 4960 2117 5015; x_wconf 84' lang='lat' dir='ltr'><strong>serit:</strong></span> <span class='ocrx_word' id='word_1_715' title='bbox 2150 4961 2244 5030; x_wconf 85' lang='lat' dir='ltr'><strong>qui</strong></span> <span class='ocrx_word' id='word_1_716' title='bbox 2270 4960 2442 5015; x_wconf 87' lang='lat' dir='ltr'><strong>veluti</strong></span> <span class='ocrx_word' id='word_1_717' title='bbox 2472 4961 2611 5015; x_wconf 88' lang='lat' dir='ltr'><strong>uber</strong></span> <span class='ocrx_word' id='word_1_718' title='bbox 2638 4977 2860 5033; x_wconf 90' lang='lat' dir='ltr'><strong>sugens,</strong></span> <span class='ocrx_word' id='word_1_719' title='bbox 2892 4962 3042 5017; x_wconf 87' lang='lat' dir='ltr'><strong>illico</strong></span> <span class='ocrx_word' id='word_1_720' title='bbox 3083 4962 3239 5018; x_wconf 82' lang='lat' dir='ltr'><strong>visus</strong></span> <span class='ocrx_word' id='word_1_721' title='bbox 3273 4972 3358 5019; x_wconf 85' lang='lat' dir='ltr'><strong>est</strong></span> <span class='ocrx_word' id='word_1_722' title='bbox 3394 4963 3530 5018; x_wconf 54' lang='lat' dir='ltr'><strong>arti:</strong></span> 
     </span>
    </p>
   </div>
   <div class='ocr_carea' id='block_1_103' title="bbox 261 5052 1852 5140">
    <p class='ocr_par' dir='ltr' id='par_1_103' title="bbox 261 5057 1839 5140">
     <span class='ocr_line' id='line_1_103' title="bbox 261 5057 1839 5140; baseline 0.01 -34"><span class='ocrx_word' id='word_1_723' title='bbox 261 5057 368 5107; x_wconf 83' lang='grc' dir='ltr'><strong>ὅσα</strong></span> <span class='ocrx_word' id='word_1_724' title='bbox 402 5058 497 5111; x_wconf 73' lang='grc' dir='ltr'>καὶ</span> <span class='ocrx_word' id='word_1_725' title='bbox 556 5060 725 5131; x_wconf 76' lang='grc' dir='ltr'>θηλὴν</span> <span class='ocrx_word' id='word_1_726' title='bbox 774 5062 1111 5132; x_wconf 79' lang='grc' dir='ltr'>ἐκμυζήσας,</span> <span class='ocrx_word' id='word_1_727' title='bbox 1168 5064 1381 5133; x_wconf 81' lang='grc' dir='ltr'>τρανῶς</span> <span class='ocrx_word' id='word_1_728' title='bbox 1434 5067 1633 5120; x_wconf 75' lang='grc' dir='ltr'>αὐτίκα</span> <span class='ocrx_word' id='word_1_729' title='bbox 1685 5066 1839 5140; x_wconf 68' lang='grc' dir='ltr'>ῶιρθη</span> 
     </span>
    </p>
   </div>
   <div class='ocr_carea' id='block_1_104' title="bbox 1955 5052 3102 5140">
    <p class='ocr_par' dir='ltr' id='par_1_104' title="bbox 1955 5052 3102 5123">
     <span class='ocr_line' id='line_1_104' title="bbox 1955 5052 3102 5123; baseline -0.001 -16"><span class='ocrx_word' id='word_1_730' title='bbox 1955 5054 2127 5107; x_wconf 86' lang='lat' dir='ltr'><strong>culatc</strong></span> <span class='ocrx_word' id='word_1_731' title='bbox 2152 5053 2301 5123; x_wconf 86' lang='lat' dir='ltr'><strong>loqui</strong></span> <span class='ocrx_word' id='word_1_732' title='bbox 2330 5060 2384 5107; x_wconf 90' lang='lat' dir='ltr'><strong>et</strong></span> <span class='ocrx_word' id='word_1_733' title='bbox 2414 5052 2743 5119; x_wconf 81' lang='lat' dir='ltr'><strong>naturaliter</strong></span> <span class='ocrx_word' id='word_1_734' title='bbox 2772 5052 2959 5123; x_wconf 80' lang='lat' dir='ltr'><strong>lingua</strong></span> <span class='ocrx_word' id='word_1_735' title='bbox 3001 5054 3102 5107; x_wconf 92' lang='lat' dir='ltr'><strong>uti.</strong></span> 
     </span>
    </p>
   </div>
   <div class='ocr_carea' id='block_1_105' title="bbox 263 5145 1625 5227">
    <p class='ocr_par' dir='ltr' id='par_1_105' title="bbox 263 5145 1625 5227">
     <span class='ocr_line' id='line_1_105' title="bbox 263 5145 1625 5227; baseline 0.01 -30"><span class='ocrx_word' id='word_1_736' title='bbox 263 5145 463 5212; x_wconf 85' lang='grc' dir='ltr'>λαλῶν,</span> <span class='ocrx_word' id='word_1_737' title='bbox 502 5148 597 5201; x_wconf 76' lang='grc' dir='ltr'>καὶ</span> <span class='ocrx_word' id='word_1_738' title='bbox 634 5150 773 5202; x_wconf 79' lang='grc' dir='ltr'>κατὰ</span> <span class='ocrx_word' id='word_1_739' title='bbox 806 5152 968 5219; x_wconf 82' lang='grc' dir='ltr'>φύσιν</span> <span class='ocrx_word' id='word_1_740' title='bbox 999 5153 1296 5226; x_wconf 79' lang='grc' dir='ltr'>τῇγλὼττῃ</span> <span class='ocrx_word' id='word_1_741' title='bbox 1324 5155 1625 5227; x_wconf 78' lang='grc' dir='ltr'>χρώμενος.</span> 
     </span>
    </p>
   </div>
   <div class='ocr_carea' id='block_1_106' title="bbox 340 5240 1838 5322">
    <p class='ocr_par' dir='ltr' id='par_1_106' title="bbox 340 5240 1838 5322">
     <span class='ocr_line' id='line_1_106' title="bbox 340 5240 1838 5322; baseline 0.008 -29"><span class='ocrx_word' id='word_1_742' title='bbox 340 5246 451 5305; x_wconf 67' lang='grc' dir='ltr'>σεῖ’.</span> <span class='ocrx_word' id='word_1_743' title='bbox 489 5240 704 5310; x_wconf 81' lang='grc' dir='ltr'>Ἕτεροι</span> <span class='ocrx_word' id='word_1_744' title='bbox 733 5241 898 5296; x_wconf 88' lang='grc' dir='ltr'>πάλιν</span> <span class='ocrx_word' id='word_1_745' title='bbox 926 5244 1032 5296; x_wconf 84' lang='grc' dir='ltr'>ἀπὸ</span> <span class='ocrx_word' id='word_1_746' title='bbox 1066 5245 1389 5322; x_wconf 62' lang='grc' dir='ltr'>Σελευκείας</span> <span class='ocrx_word' id='word_1_747' title='bbox 1421 5250 1519 5319; x_wconf 83' lang='grc' dir='ltr'>τῆς</span> <span class='ocrx_word' id='word_1_748' title='bbox 1552 5251 1609 5302; x_wconf 81' lang='grc' dir='ltr'><strong>ἐν</strong></span> <span class='ocrx_word' id='word_1_749' title='bbox 1628 5251 1838 5305; x_wconf 82' lang='grc' dir='ltr'>Καισα-</span> 
     </span>
    </p>
   </div>
   <div class='ocr_carea' id='block_1_107' title="bbox 266 5330 1841 5407">
    <p class='ocr_par' dir='ltr' id='par_1_107' title="bbox 266 5330 1841 5407">
     <span class='ocr_line' id='line_1_107' title="bbox 266 5330 1841 5407; baseline -0.01 -19"><span class='ocrx_word' id='word_1_750' title='bbox 266 5334 395 5407; x_wconf 66' lang='grc' dir='ltr'>ρείᾳ</span> <span class='ocrx_word' id='word_1_751' title='bbox 453 5330 761 5401; x_wconf 79' lang='grc' dir='ltr'>προσῆλθον</span> <span class='ocrx_word' id='word_1_752' title='bbox 812 5330 890 5402; x_wconf 83' lang='grc' dir='ltr'>τῷ</span> <span class='ocrx_word' id='word_1_753' title='bbox 948 5332 1173 5403; x_wconf 82' lang='grc' dir='ltr'>Συμεὼν</span> <span class='ocrx_word' id='word_1_754' title='bbox 1223 5334 1421 5391; x_wconf 83' lang='grc' dir='ltr'>πάθεσι</span> <span class='ocrx_word' id='word_1_755' title='bbox 1480 5340 1841 5405; x_wconf 64' lang='grc' dir='ltr'>παντοδαποῖς</span> 
     </span>
    </p>
   </div>
   <div class='ocr_carea' id='block_1_108' title="bbox 261 5423 1842 5503">
    <p class='ocr_par' dir='ltr' id='par_1_108' title="bbox 261 5423 1842 5503">
     <span class='ocr_line' id='line_1_108' title="bbox 261 5423 1842 5503; baseline 0.003 -22"><span class='ocrx_word' id='word_1_756' title='bbox 261 5426 597 5495; x_wconf 76' lang='grc' dir='ltr'>ἐνεχρμενοι.</span> <span class='ocrx_word' id='word_1_757' title='bbox 627 5423 855 5489; x_wconf 79' lang='grc' dir='ltr'>Πάντων</span> <span class='ocrx_word' id='word_1_758' title='bbox 877 5425 1055 5478; x_wconf 91' lang='grc' dir='ltr'>τοίνυν</span> <span class='ocrx_word' id='word_1_759' title='bbox 1083 5427 1310 5482; x_wconf 77' lang='grc' dir='ltr'>ἐκείνων</span> <span class='ocrx_word' id='word_1_760' title='bbox 1340 5429 1440 5500; x_wconf 80' lang='grc' dir='ltr'><strong>τὴν</strong></span> <span class='ocrx_word' id='word_1_761' title='bbox 1460 5432 1517 5497; x_wconf 77' lang='grc' dir='ltr'>ἐξ</span> <span class='ocrx_word' id='word_1_762' title='bbox 1547 5432 1711 5484; x_wconf 80' lang='grc' dir='ltr'>αὑτοῦ</span> <span class='ocrx_word' id='word_1_763' title='bbox 1741 5434 1842 5503; x_wconf 89' lang='grc' dir='ltr'><strong>χά-</strong></span> 
     </span>
    </p>
   </div>
   <div class='ocr_carea' id='block_1_109' title="bbox 2017 5241 3533 5313">
    <p class='ocr_par' dir='ltr' id='par_1_109' title="bbox 2017 5241 3533 5313">
     <span class='ocr_line' id='line_1_109' title="bbox 2017 5241 3533 5313; baseline 0.001 -15"><span class='ocrx_word' id='word_1_764' title='bbox 2017 5245 2141 5299; x_wconf 70' lang='lat'><strong>206.</strong></span> <span class='ocrx_word' id='word_1_765' title='bbox 2170 5244 2411 5298; x_wconf 80' lang='lat' dir='ltr'><strong>Rursum</strong></span> <span class='ocrx_word' id='word_1_766' title='bbox 2439 5243 2554 5307; x_wconf 87' lang='lat' dir='ltr'><strong>alii,</strong></span> <span class='ocrx_word' id='word_1_767' title='bbox 2576 5242 2830 5299; x_wconf 86' lang='lat' dir='ltr'><strong>Seleucia</strong></span> <span class='ocrx_word' id='word_1_768' title='bbox 2887 5242 3251 5313; x_wconf 62' lang='lat' dir='ltr'><strong>Cappadociae</strong></span> <span class='ocrx_word' id='word_1_769' title='bbox 3295 5241 3533 5300; x_wconf 56' lang='lat' dir='ltr'><strong>advene-</strong></span> 
     </span>
    </p>
   </div>
   <div class='ocr_carea' id='block_1_110' title="bbox 1950 5332 3529 5408">
    <p class='ocr_par' dir='ltr' id='par_1_110' title="bbox 1950 5332 3529 5408">
     <span class='ocr_line' id='line_1_110' title="bbox 1950 5332 3529 5408; baseline 0.001 -18"><span class='ocrx_word' id='word_1_770' title='bbox 1950 5346 2079 5391; x_wconf 87' lang='lat' dir='ltr'><strong>runt</strong></span> <span class='ocrx_word' id='word_1_771' title='bbox 2110 5338 2225 5408; x_wconf 77' lang='grc'><strong>(54)</strong></span> <span class='ocrx_word' id='word_1_772' title='bbox 2266 5335 2609 5391; x_wconf 88' lang='lat' dir='ltr'><strong>multimodis</strong></span> <span class='ocrx_word' id='word_1_773' title='bbox 2664 5332 2910 5406; x_wconf 76' lang='lat' dir='ltr'><strong>correpti</strong></span> <span class='ocrx_word' id='word_1_774' title='bbox 2957 5335 3199 5391; x_wconf 83' lang='lat' dir='ltr'><strong>morbis:</strong></span> <span class='ocrx_word' id='word_1_775' title='bbox 3252 5335 3348 5405; x_wconf 91' lang='lat' dir='ltr'><strong>qui</strong></span> <span class='ocrx_word' id='word_1_776' title='bbox 3400 5351 3529 5391; x_wconf 87' lang='lat' dir='ltr'><strong>cum</strong></span> 
     </span>
    </p>
   </div>
   <div class='ocr_carea' id='block_1_111' title="bbox 1946 5426 3528 5499">
    <p class='ocr_par' dir='ltr' id='par_1_111' title="bbox 1946 5426 3528 5499">
     <span class='ocr_line' id='line_1_111' title="bbox 1946 5426 3528 5499; baseline 0 -17"><span class='ocrx_word' id='word_1_777' title='bbox 1946 5444 2138 5483; x_wconf 89' lang='lat' dir='ltr'><strong>omnes</strong></span> <span class='ocrx_word' id='word_1_778' title='bbox 2164 5428 2391 5499; x_wconf 78' lang='lat' dir='ltr'><strong>gratiam</strong></span> <span class='ocrx_word' id='word_1_779' title='bbox 2418 5427 2701 5482; x_wconf 87' lang='lat' dir='ltr'><strong>consecuti</strong></span> <span class='ocrx_word' id='word_1_780' title='bbox 2727 5437 2915 5482; x_wconf 88' lang='lat' dir='ltr'><strong>essent</strong></span> <span class='ocrx_word' id='word_1_781' title='bbox 2948 5441 2978 5482; x_wconf 87' lang='lat' dir='ltr'><strong>a</strong></span> <span class='ocrx_word' id='word_1_782' title='bbox 3008 5426 3303 5499; x_wconf 81' lang='lat' dir='ltr'><strong>Symeone,</strong></span> <span class='ocrx_word' id='word_1_783' title='bbox 3330 5442 3528 5499; x_wconf 76' lang='lat' dir='ltr'><strong>qucrn-</strong></span> 
     </span>
    </p>
   </div>
   <div class='ocr_carea' id='block_1_112' title="bbox 266 5515 1852 5593">
    <p class='ocr_par' dir='ltr' id='par_1_112' title="bbox 266 5515 1842 5593">
     <span class='ocr_line' id='line_1_112' title="bbox 266 5515 1842 5593; baseline 0.004 -23"><span class='ocrx_word' id='word_1_784' title='bbox 266 5534 356 5591; x_wconf 85' lang='grc' dir='ltr'><strong>ριν</strong></span> <span class='ocrx_word' id='word_1_785' title='bbox 379 5515 783 5587; x_wconf 82' lang='grc' dir='ltr'>κομισαμένων,</span> <span class='ocrx_word' id='word_1_786' title='bbox 812 5517 1040 5571; x_wconf 72' lang='grc' dir='ltr'>ἑκάστου</span> <span class='ocrx_word' id='word_1_787' title='bbox 1070 5535 1128 5571; x_wconf 86' lang='grc' dir='ltr'><strong>τε</strong></span> <span class='ocrx_word' id='word_1_788' title='bbox 1155 5519 1213 5571; x_wconf 79' lang='grc' dir='ltr'><strong>τὸ</strong></span> <span class='ocrx_word' id='word_1_789' title='bbox 1247 5518 1435 5583; x_wconf 76' lang='grc' dir='ltr'>πάθος,</span> <span class='ocrx_word' id='word_1_790' title='bbox 1461 5524 1563 5592; x_wconf 82' lang='grc' dir='ltr'><strong>ὅτῳ</strong></span> <span class='ocrx_word' id='word_1_791' title='bbox 1590 5523 1652 5593; x_wconf 80' lang='grc' dir='ltr'><strong>δή</strong></span> <span class='ocrx_word' id='word_1_792' title='bbox 1712 5541 1842 5577; x_wconf 85' lang='grc' dir='ltr'>ποτε</span> 
     </span>
    </p>
   </div>
   <div class='ocr_carea' id='block_1_113' title="bbox 1955 5515 3527 5593">
    <p class='ocr_par' dir='ltr' id='par_1_113' title="bbox 1955 5519 3527 5591">
     <span class='ocr_line' id='line_1_113' title="bbox 1955 5519 3527 5591; baseline 0 -16"><span class='ocrx_word' id='word_1_793' title='bbox 1955 5520 2082 5575; x_wconf 90' lang='lat' dir='ltr'><strong>libet</strong></span> <span class='ocrx_word' id='word_1_794' title='bbox 2109 5522 2253 5575; x_wconf 89' lang='lat' dir='ltr'><strong>malo</strong></span> <span class='ocrx_word' id='word_1_795' title='bbox 2282 5537 2382 5575; x_wconf 92' lang='lat' dir='ltr'><strong>suo</strong></span> <span class='ocrx_word' id='word_1_796' title='bbox 2429 5537 2539 5591; x_wconf 93' lang='lat' dir='ltr'><strong>quo</strong></span> <span class='ocrx_word' id='word_1_797' title='bbox 2589 5521 2929 5575; x_wconf 88' lang='lat' dir='ltr'><strong>tenebantur</strong></span> <span class='ocrx_word' id='word_1_798' title='bbox 2980 5519 3281 5585; x_wconf 84' lang='lat' dir='ltr'><strong>eximente,</strong></span> <span class='ocrx_word' id='word_1_799' title='bbox 3325 5530 3382 5575; x_wconf 92' lang='lat' dir='ltr'><strong>et</strong></span> <span class='ocrx_word' id='word_1_800' title='bbox 3411 5535 3527 5575; x_wconf 62' lang='lat' dir='ltr'><strong>mav</strong></span> 
     </span>
    </p>
   </div>
   <div class='ocr_carea' id='block_1_114' title="bbox 265 5605 1852 5684">
    <p class='ocr_par' dir='ltr' id='par_1_114' title="bbox 265 5605 1842 5684">
     <span class='ocr_line' id='line_1_114' title="bbox 265 5605 1842 5684; baseline 0.005 -27"><span class='ocrx_word' id='word_1_801' title='bbox 265 5606 579 5676; x_wconf 71' lang='grc' dir='ltr'>κατείχετο,</span> <span class='ocrx_word' id='word_1_802' title='bbox 615 5606 820 5671; x_wconf 80' lang='grc' dir='ltr'>εὐθέως</span> <span class='ocrx_word' id='word_1_803' title='bbox 866 5608 1203 5679; x_wconf 76' lang='grc' dir='ltr'>ἀποθεμένου</span> <span class='ocrx_word' id='word_1_804' title='bbox 1264 5611 1357 5663; x_wconf 77' lang='grc' dir='ltr'><strong>καί</strong></span> <span class='ocrx_word' id='word_1_805' title='bbox 1414 5605 1564 5674; x_wconf 63' lang='grc' dir='ltr'>τινας</span> <span class='ocrx_word' id='word_1_806' title='bbox 1626 5613 1842 5684; x_wconf 74' lang='grc' dir='ltr'>ἡμέρας</span> 
     </span>
    </p>
   </div>
   <div class='ocr_carea' id='block_1_115' title="bbox 1955 5605 3526 5684">
    <p class='ocr_par' dir='ltr' id='par_1_115' title="bbox 1955 5612 3526 5684">
     <span class='ocr_line' id='line_1_115' title="bbox 1955 5612 3526 5684; baseline 0.001 -17"><span class='ocrx_word' id='word_1_807' title='bbox 1955 5630 2116 5668; x_wconf 88' lang='lat' dir='ltr'><strong>nuum</strong></span> <span class='ocrx_word' id='word_1_808' title='bbox 2151 5628 2373 5668; x_wconf 90' lang='lat' dir='ltr'><strong>suarum</strong></span> <span class='ocrx_word' id='word_1_809' title='bbox 2406 5629 2630 5684; x_wconf 85' lang='lat' dir='ltr'><strong>operam</strong></span> <span class='ocrx_word' id='word_1_810' title='bbox 2683 5612 3005 5668; x_wconf 86' lang='lat' dir='ltr'><strong>monasterii</strong></span> <span class='ocrx_word' id='word_1_811' title='bbox 3051 5613 3246 5669; x_wconf 90' lang='lat' dir='ltr'><strong>usibus</strong></span> <span class='ocrx_word' id='word_1_812' title='bbox 3278 5612 3526 5680; x_wconf 85' lang='lat' dir='ltr'><strong>aliquan-</strong></span> 
     </span>
    </p>
   </div>
   <div class='ocr_carea' id='block_1_116' title="bbox 337 5781 2953 5859">
    <p class='ocr_par' dir='ltr' id='par_1_116' title="bbox 337 5781 2953 5859">
     <span class='ocr_line' id='line_1_116' title="bbox 337 5781 2953 5859; baseline 0.003 -19"><span class='ocrx_word' id='word_1_813' title='bbox 337 5784 452 5855; x_wconf 65' lang='grc'><strong>(54)</strong></span> <span class='ocrx_word' id='word_1_814' title='bbox 494 5781 629 5847; x_wconf 66' lang='lat' dir='ltr'><strong>Quia</strong></span> <span class='ocrx_word' id='word_1_815' title='bbox 685 5783 930 5839; x_wconf 64' lang='lat' dir='ltr'><strong>Cresarea</strong></span> <span class='ocrx_word' id='word_1_816' title='bbox 974 5786 1278 5857; x_wconf 74' lang='lat' dir='ltr'><strong>metmpolis</strong></span> <span class='ocrx_word' id='word_1_817' title='bbox 1338 5786 1689 5859; x_wconf 75' lang='lat' dir='ltr'><strong>Cappadocia:</strong></span> <span class='ocrx_word' id='word_1_818' title='bbox 1736 5799 1835 5857; x_wconf 80' lang='lat' dir='ltr'><strong>est,</strong></span> <span class='ocrx_word' id='word_1_819' title='bbox 1878 5790 2124 5847; x_wconf 81' lang='lat' dir='ltr'><strong>Seleucia</strong></span> <span class='ocrx_word' id='word_1_820' title='bbox 2150 5791 2489 5848; x_wconf 66' lang='lat' dir='ltr'><strong>Czcsaremin</strong></span> <span class='ocrx_word' id='word_1_821' title='bbox 2523 5793 2702 5849; x_wconf 56' lang='lat' dir='ltr'><strong>Crono</strong></span> <span class='ocrx_word' id='word_1_822' title='bbox 2742 5793 2953 5847; x_wconf 80' lang='lat' dir='ltr'><strong>dicitur.</strong></span> 
     </span>
    </p>
   </div>
  </div>
