4078 6332
198 428 337 491 3Γῑ7

1230 433 1396 495 VITA
1437 432 1481 489 Α
1524 429 1962 492 NICEPHORO
2000 428 2492 491 CONSCRIPTA.

3327 432 3467 497 3178

192 548 296 619 τὴν
328 550 575 615 γλῶτταν
614 547 814 610 εὐθέως
854 548 891 617 ,ἠ
925 549 1073 612 παῖς,
1107 544 1365 614 ἐλευθέρα⁵
1407 544 1464 597 δὲ
1505 545 1598 597 καὶ
1640 544 1777 614 ἀκοῇ

1886 553 1937 598 ta
1967 544 2153 598 subito
2184 554 2269 598 est
2295 543 2480 613 lingua
2507 542 2724 613 puellae,
2754 552 2808 598 et
2838 544 3098 599 audiendi
3123 546 3469 616 appellandi-

192 640 293 693 καὶ
310 642 459 709 φωνῇ
482 640 619 710 πρὸς
636 640 763 702 τοὺς
785 638 1041 701 τεκόντας
1064 639 1280 709 ἐχρῆτο·
1305 636 1382 706 τῷ
1400 637 1581 706 μέντοι
1605 636 1775 704 πατρὶ

198 728 336 796 πρὸς
364 728 645 801 τδῖἀθρόον
674 731 847 783 ἐκεῖνο
894 730 989 783 τοῦ
1017 730 1295 799 θαύματος
1329 730 1648 800 τηλικοῦτον
1688 730 1775 781 ἐν-

196 818 405 887 έσκηψε
437 819 573 883 δέος,
620 817 709 872 οἷα
742 821 930 891 πόρῤω
966 821 1099 874 πολὺ
1130 822 1227 889 τῆς
1277 820 1408 891 περὶ
1450 821 1518 873 τὰ
1549 820 1776 873 τοιαῦτα

197 911 434 976 πίστεως
479 912 626 977 ὄντι,
677 912 709 983 ἢ
756 914 850 965 καὶ
885 913 984 979 τῆς
1021 914 1148 981 περὶ
1190 912 1283 964 τὸν
1326 911 1481 979 ἆγιον
1515 910 1774 973 ἀπιστίας

194 1002 462 1056 ὲκτίνοντι
490 1003 664 1067 δίκας,
702 1004 842 1057 ὥστε
882 1004 1023 1073 ῥίγει
1054 1005 1147 1057 καὶ
1184 996 1405 1073 πυρετῷ
1444 1001 1780 1071 συγχεθέντα

196 1095 385 1164 μέλεσι
432 1097 566 1149 πᾶσι
615 1096 937 1149 κλονεῖσθαι.
978 1094 1034 1148 '0
1059 1095 1114 1147 δὲ
1153 1095 1473 1150 διδάσκαλον
1506 1095 1645 1164 ἔχων
1677 1094 1777 1164 τὴν

192 1188 393 1255 πεῖραν
432 1182 781 1248 (πεπαίδευτο
822 1189 930 1258 γὰρ
969 1186 1167 1250 ἱκανῶς
1213 1183 1295 1249 οἷς
1344 1184 1633 1251 πέπονθεν)
1678 1186 1779 1237 οὐκ

192 1276 397 1346 ὀψίζων
445 1272 514 1346 ἦν
555 1276 630 1339 ὠς
664 1275 856 1347 πρώην
904 1278 997 1330 καὶ
1044 1275 1346 1345 διαμέλλων
1370 1292 1385 1306 ⁸
1421 1274 1535 1328 ἀλλ’
1559 1274 1634 1337 ὡς
1664 1270 1777 1352 εἶχε

194 1368 355 1437 παρὰ.
388 1366 479 1420 τὸν
516 1369 674 1436 ἆγιον
713 1369 872 1432 εὐθὺς
906 1368 1097 1434 ἐλθὼν,
1149 1366 1385 1438 τοσαύτῃ
1428 1366 1567 1435 πρὸς
1616 1366 1779 1418 αὐτὸν

190 1457 375 1529 δεήσει
420 1462 513 1511 καὶ
556 1458 882 1511 ταπεινώσει
916 1459 1146 1531 καρδίας
1193 1458 1414 1529 ἐχρῆτο,
1450 1458 1560 1527 ὅσῳ
1589 1455 1779 1529 πρώην

190 1549 345 1618 ὄγκῳ
376 1566 436 1602 τε
479 1550 573 1603 καὶ
602 1552 932 1620 φρονήματι,
963 1552 1060 1620 οὐχ
1088 1548 1231 1602 οὕτω
1272 1551 1337 1619 τῇ
1388 1548 1529 1617 νόσῳ
1570 1548 1638 1601 τὰ
1684 1548 1776 1601 τοῦ

193 1639 445 1709 σώματος
480 1640 615 1709 μέλη
645 1641 942 1710 σειόμενος,
967 1642 1041 1705 ὼς
1071 1642 1169 1709 τὴν
1190 1640 1367 1711 ψυχὴν
1390 1639 1467 1707 τῷ
1494 1639 1780 1709 παραδόξῳ

191 1732 287 1785 τοῦ
321 1732 598 1803 θαύματος
620 1750 634 1763 ·
670 1734 763 1787 καὶ
795 1734 856 1786 τὸ
891 1736 989 1802 μὲν
1011 1734 1131 1787 οὐδὲ
1153 1734 1383 1804 χάριτας
1408 1728 1517 1795 οἷός
1546 1749 1602 1785 τε
1640 1728 1778 1785 εἶναι

191 1822 367 1890 λέγων
399 1825 493 1876 ἐπὶ
513 1827 580 1895 τῇ
610 1824 838 1896 θυγατρί¹
860 1825 1012 1891 ἀξίας
1036 1825 1338 1895 ὁμολογεῖν,
1364 1825 1423 1877 τὸ
1445 1823 1502 1875 δὲ
1534 1824 1663 1893 περὶ
1686 1824 1779 1877 τοῦ

1882 650 1989 704 que
2020 645 2276 705 parentes
2318 634 2578 689 facultate
2622 637 2874 704 expedite
2900 652 2995 691 usa
3025 646 3128 691 est.
3162 638 3233 691 At
3256 647 3469 707 patrem

1882 724 1949 779 ad
1983 724 2259 795 repentini
2291 725 2542 779 miraculi
2568 728 2943 795 spectaculum
2978 736 3163 782 tantus
3190 728 3354 783 timor
3387 729 3471 785 in—

1886 818 2071 881 cessit,
2108 827 2166 872 ut
2186 817 2387 887 frigore
2422 817 2648 871 horrido
2677 828 2843 886 atque
2867 818 3006 874 febri
3029 828 3320 889 correptus
3342 823 3472 876 totis

1881 907 2112 961 artubus
2153 908 2639 973 contremisceret;
2705 909 2909 979 quippe
2952 910 3048 980 qui
3085 911 3154 965 ab
3200 914 3472 982 ejusmodi
3563 971 3565 974 ς

1883 998 2054 1053 rebus
2103 997 2397 1053 credendis
2425 998 2743 1069 longissime
2773 999 2985 1064 aberat,
3013 1009 3109 1056 aut
3146 1018 3339 1071 poenas
3364 1005 3475 1060 sol—

1881 1089 2048 1143 vebat
2072 1104 2185 1143 suae
2210 1088 2612 1144 incredulitatis
2643 1105 2774 1159 erga
2816 1102 3089 1147 sanctum.
3126 1092 3335 1150 Doctus
3364 1095 3471 1149 ita—

1883 1193 1992 1246 que
2028 1177 2368 1246 experientia
2396 1178 2609 1247 (utpote
2636 1194 2735 1247 per
2760 1196 2824 1234 ea
2850 1196 2971 1249 qua:
3011 1181 3325 1250 patiebatur
3353 1185 3471 1241 suf-

1884 1266 2136 1321 ﬁcienter
2167 1267 2489 1335 castigatus)
2537 1284 2648 1323 non
2691 1269 3201 1342 dill‘erebat,neque
3247 1290 3474 1343 procra-

1884 1357 2144 1421 stinabat,
2172 1358 2250 1412 uti
2276 1359 2461 1426 prius;
2495 1358 2591 1414 sed
2624 1369 2827 1429 quanta
2848 1367 3066 1430 poterat
3096 1363 3378 1420 celeritate
3405 1367 3475 1422 ad

1884 1458 2136 1504 sanctum
2168 1450 2452 1516 advolans,
2488 1459 2598 1505 tam
2630 1453 2867 1522 supplici
2902 1468 3027 1508 eum
3054 1456 3370 1525 precatione
3395 1469 3478 1513 at-

1884 1556 1991 1610 que
2008 1543 2341 1598 demissione
2376 1544 2546 1598 animi
2581 1544 2724 1614 apud
2751 1544 2928 1614 ipsum
2946 1548 3079 1618 egit,
3103 1563 3267 1618 quam
3296 1566 3477 1621 nuper

1887 1635 2102 1690 tumido
2122 1651 2247 1690 cum
2273 1635 2414 1691 fastu
2445 1646 2611 1707 atque
2641 1639 2901 1707 superbia
2932 1656 2944 1692 :
2978 1656 3159 1710 neque
3180 1643 3479 1700 vehemen-

1890 1724 1999 1780 tius
2054 1727 2477 1783 concutiebatur
2528 1728 2724 1783 morbo
2774 1739 2926 1785 artus
2988 1734 3256 1801 corporis,
3312 1751 3476 1805 quam

1888 1818 2137 1872 miraculi
2166 1820 2433 1889 stupenda
2466 1820 2707 1877 novitate
2744 1822 2861 1891 ipsa
2897 1824 3099 1878 anima.
3134 1825 3339 1880 Partim
3372 1828 3476 1882 ita-

194 1916 561 1985 κατασχόντος
597 1917 760 1969 αὐτὸν
791 1916 980 1969 κλόνου
1012 1916 1288 1985 δεόμενος.
1330 1915 1390 1967 '0
1413 1915 1469 1967 δὲ
1504 1917 1644 1983 μετὰ
1681 1915 1779 1984 τῆς

1889 1924 1995 1978 que
2014 1908 2293 1964 fatebatur
2338 1909 2458 1966 fieri
2486 1927 2594 1966 non
2620 1928 2781 1981 posse
2814 1920 2875 1967 ut
2898 1914 3102 1983 gratias
3126 1916 3352 1971 meritas
3375 1933 3477 1988 pro

193 2006 457 2077 συνήθους
507 2006 870 2075 συμπαθείας,
919 2008 1007 2060 Ἐν
1034 2008 1259 2077 ὀνόματι
1301 2004 1395 2059 τοῦ
1436 2005 1642 2076 Κυρίου
1677 2005 1778 2076 ’1η-

194 2096 316 2162 σοῦ,
376 2098 537 2165 γενοῦ
578 2099 672 2152 καὶ
724 2100 787 2153 σὺ
842 2099 1021 2169 ὑγιὴςς
1068 2099 1210 2170 εφη.
1262 2098 1358 2152 καὶ
1409 2096 1489 2167 τῷ
1538 2097 1777 2167 θαύματι

192 2186 380 2259 θαῦμα
432 2189 703 2260 συνήφθη,
762 2187 841 2258 τῷ
887 2189 1014 2258 περὶ
1056 2189 1154 2258 τὴν
1186 2187 1353 2241 παῖδά
1400 2203 1543 2256 φημι
1578 2186 1639 2239 τὸ
1683 2185 1777 2238 τοῦ

192 2278 437 2347 πατρός·
506 2279 600 2331 καὶ
661 2278 831 2348 ὑγιῶς
887 2278 1087 2331 αὐτίκα
1137 2278 1277 2348 ἔχων
1329 2278 1595 2347 εἱστήκει,
1658 2276 1779 2340 ὅλος

190 2368 448 2433 ἔκστασις
500 2370 599 2437 ῶν,
654 2372 773 2434 ὅλος
832 2371 1061 2441 θάμϐος,
1122 2366 1661 2434 ὅλος·κατάπληξις,
1716 2368 1777 2419 οὐ

191 2460 461 2532 χείλεσιν,
504 2463 629 2516 οὐδὲ
677 2464 957 2533 ῥήμασιν,
1016 2461 1137 2515 οὐδὲ
1200 2462 1431 2530 μακροῖς
1500 2460 1780 2529 διηγήμα-

191 2568 300 2618 σιν,
333 2554 468 2608 ἁλλὰ
506 2558 687 2626 σιωπῇ
722 2554 924 2631 μᾶλλον
952 2554 1047 2607 καὶ
1080 2552 1320 2623 σχήματι
1360 2551 1452 2604 καὶ
1485 2548 1777 2620 προσώπου

193 2645 474 2712 συστάσει,
503 2647 565 2700 τὸ
592 2645 701 2700 τῶν
740 2646 1036 2717 θαυμάτων
1070 2644 1299 2715 μέγεθος
1328 2643 1440 2705 τοῖς
1475 2641 1642 2712 ὁρῶσι
1678 2658 1781 2711 κη-

192 2750 422 2803 ρυττων.

1889 1998 2000 2053 ﬁlia
2036 2000 2413 2069 persolveret;
2445 2002 2645 2072 partim
2679 2002 3105 2072 deprecabatur,
3142 2014 3201 2059 ut
3238 2018 3479 2063 cessaret

1888 2098 2098 2143 tremor
2155 2106 2265 2159 quo
2314 2091 2760 2147 concutiebatur.
2806 2092 2888 2148 Ad
2940 2094 3058 2148 hrec
3101 2093 3336 2166 Symeon
3377 2112 3479 2167 pro

1883 2190 2146 2235 consueta
2165 2196 2264 2236 sua
2295 2182 2711 2239 misericordia:
2744 2184 2803 2239 ln
2828 2184 3057 2240 nomine
3078 2186 3296 2241 Domini
3321 2188 3475 2253 Jesu,

1880 2268 2081 2339 inquit,
2111 2279 2168 2325 tu
2195 2288 2416 2344 quoque
2438 2285 2561 2329 esto
2585 2290 2771 2330 sanus.
2801 2275 3001 2347 Sicque
3026 2277 3177 2332 aliud
3198 2279 3291 2333 alii
3314 2279 3477 2337 mira-

1881 2362 2069 2416 culum
2112 2379 2424 2420 eonnexum
2469 2376 2587 2434 est;
2622 2368 2721 2431 illi,
2758 2367 3005 2440 inquam,
3039 2369 3187 2439 quod
3233 2371 3287 2425 in
3344 2371 3476 2439 lilia,

1883 2453 2030 2510 istud
2062 2456 2210 2527 quod
2245 2458 2297 2512 in
2334 2470 2487 2528 patre
2520 2468 2794 2529 patratum
2820 2461 2926 2516 fuit
2955 2477 2968 2513 :
2995 2470 3053 2516 et
3076 2461 3259 2517 statim
3291 2462 3473 2519 bellis-

1882 2547 2021 2603 sime
2045 2549 2258 2605 habens
2283 2551 2457 2617 stetit,
2500 2562 2649 2607 totus
2684 2554 2981 2618 extaticus,
3027 2561 3177 2609 totus
3228 2565 3479 2625 stupens,

1883 2644 2033 2694 totus
2075 2641 2397 2709 perculsus;
2453 2641 2627 2695 nullis
2674 2641 2857 2707 labiis,
2899 2642 3072 2709 nullis
3114 2643 3322 2711 verbis,
3376 2660 3479 2702 nec

1882 2728 2064 2801 longis
2110 2731 2558 2797 narrationibus;
2585 2731 2679 2786 sed
2713 2732 2823 2788 alto
2850 2733 3096 2798 silentio,
3130 2733 3322 2789 habitu
3351 2750 3477 2791 cor-

1884 2822 2056 2890 poris,
2088 2830 2142 2876 et
2181 2822 2578 2878 constitutione
2617 2824 2806 2880 vultus
2835 2824 3273 2896 magnitudinem
3306 2828 3475 2882 mira-

1885 2913 1994 2968 culi
2027 2915 2338 2985 praadicans
2378 2914 2745 2971 intuentibus.

1614 3052 1841 3113 CAPUT
1881 3054 2072 3111 XXVI.

724 3166 827 3222 Alii
868 3166 1145 3221 insolentis
1184 3167 1240 3219 in
1274 3174 1518 3221 sanctum
1560 3166 1757 3236 lingua:
1792 3170 2128 3240 castigantur
2164 3185 2227 3222 ac
2274 3169 2581 3238 pmnilcules
2626 3168 2941 3224 liberantur.

268 3282 371 3339 σθ’.
405 3282 563 3338 Μετὰ
590 3281 649 3337 δὲ
675 3283 868 3354 χρόνον
899 3284 1114 3354 συχνὸν,
1149 3285 1346 3357 συνέϐη
1378 3286 1625 3342 διάκονόν
1659 3305 1776 3341 τινα

1950 3288 2076 3344 209.
2109 3288 2279 3343 Multo
2310 3299 2435 3358 post
2463 3298 2712 3359 tempore
2743 3288 2946 3344 accidit
2994 3288 3314 3356 diaconum,
3370 3309 3476 3350 no-

192 3377 301 3444 τῆς
335 3374 530 3445 κώμης
562 3374 825 3428 Εὑθαλίου
859 3375 1180 3447 λεγομένης,
1213 3377 1531 3445 Ἐπιφάνιον
1586 3378 1782 3450 ὄνομα,

191 3464 290 3519 τοῦ
322 3464 468 3518 θείου
506 3463 731 3535 Συμεὼν
764 3466 820 3518 ὲν
863 3465 1055 3536 ἀγνοίᾳ
1098 3466 1444 3534 καταλαλεῖν,
1476 3468 1783 3539 ἐνυϐρίζειν

195 3571 259 3610 τε
313 3555 408 3607 καὶ
467 3557 746 3627 παροινεῖν
775 3558 856 3619 εἰς
913 3556 1097 3621 αὑτὸν,
1131 3556 1225 3609 καὶ¹
1279 3555 1427 3624 σαφῆ
1474 3557 1584 3610 τῶν
1632 3558 1783 3629 αὐτῷ

196 3648 534 3717 προσιόντων
554 3645 772 3716 ἀπάτην
804 3646 1257 3715 καταγινώσκειν.
1297 3647 1434 3700 Ποτὲ
1477 3646 1610 3715 γοῦν
1645 3648 1786 3701 θειο-

189 3742 359 3805 τέρας
386 3740 414 3791 ό
448 3739 765 3806 Ἐπιφάνιος
794 3739 1000 3794 ἄνωθεν
1024 3739 1338 3809 ἐπισκοπῆς
1365 3739 1619 3806 ἀξιωθεὶς
1644 3740 1784 3793 κατά

192 3830 432 3894 Παῦλον,
461 3831 657 3884 ἔπεσεν
688 3829 822 3883 ὡσεὶ
851 3830 1042 3902 νεκρὸς
1071 3831 1213 3884 κατὰ
1243 3834 1367 3902 γῆς,
1400 3832 1496 3885 καὶ
1528 3833 1596 3885 τὰ
1632 3834 1784 3897 ἐντὸς

193 3922 547 3993 συνεστράφη
586 3937 600 3953 ·
630 3923 1006 3994 προστέτακτο
1032 3921 1089 3975 δὲ
1120 3922 1212 3975 διὰ
1258 3924 1580 3995 νυκτερινῆς
1608 3923 1784 3993 ὅψεως

193 4014 296 4067 καὶ
333 4006 510 4077 οὗτος,
538 4013 637 4066 οὐκ
668 4015 747 4075 είς
777 4015 1069 4083 Δαμασκὸν
1104 4014 1179 4077 ὡς
1209 4015 1432 4079 ἐκεῖνος,
1466 4016 1600 4070 ἀλλὰ
1631 4018 1783 4085 παρὰ

191 4105 288 4157 τὸν
334 4102 426 4156 τοῦ
477 4103 613 4156 Θεοῦ
655 4104 966 4175 θεράποντα
1015 4104 1242 4173 Συμεὼν
1286 4105 1550 4174 ἀνελθεῖν,
1584 4108 1657 4172 ὡς
1686 4109 1783 4163 καὶ

194 4194 329 4264 παρ’
368 4194 535 4247 αὐτοῦ
577 4194 781 4266 δηλαδὴ
810 4194 1113 4264 θεραπείαν
1142 4198 1204 4250 οὐ
1250 4196 1504 4267 σώματος
1556 4201 1783 4270 κομιού-

194 4303 361 4357 μενος
427 4286 608 4355 μόνον,
642 4286 778 4340 ἀλλὰ
840 4287 935 4340 καὶ
973 4287 1174 4357 ψυχῆς.
1233 4288 1342 4341 Καὶ
1394 4289 1527 4358 δῆτα
1585 4294 1781 4363 φόρτος

191 4376 349 4429 οὐδὲν
375 4376 600 4446 ἀψύχων
654 4376 930 4440 ἀπεοικὼς
971 4377 1253 4448 ὑποζυγίῳ
1301 4379 1596 4444 ἐπιτεθεὶς,
1624 4382 1782 4434 ἀθλία

190 4483 252 4522 τε
287 4468 393 4538 πρὸ
424 4467 517 4521 τοῦ
559 4467 756 4521 στόλου
786 4468 963 4531 τεθεὶς
985 4468 1126 4538 ὄψις,
1153 4471 1336 4539 φωνῆς
1365 4470 1572 4525 ἄνωθεν
1593 4472 1781 4526 ἀκούει

192 4557 349 4629 παρὰ
383 4558 477 4610 τοῦ
531 4557 691 4625 ἁγίου
735 4557 1023 4627 λεγούσης,
1064 4559 1194 4613 Ἰδοὺ
1247 4560 1449 4633 ἀφείθη
1490 4579 1573 4615 σοι
1633 4563 1785 4634 παρὰ

1884 3381 2036 3436 mine
2070 3380 2468 3452 Epiphanium,
2492 3397 2558 3437 ex
2590 3395 2730 3452 pago
2758 3381 2999 3451 quodam
3030 3382 3124 3453 qui
3180 3399 3472 3455 nuncupa-

1885 3483 1976 3528 tur
2002 3472 2360 3538 Euthalii,dc
2384 3472 2869 3549 ganetiSymeonis
2892 3473 3035 3527 fama
3076 3488 3178 3543 per
3220 3474 3477 3545 ignoran-

1886 3566 2016 3620 tiam
2039 3566 2357 3632 detrahere,
2374 3567 2681 3636 ineumque
2702 3565 3101 3621 contumeliose
3120 3564 3476 3633 debacchari,

1882 3666 1939 3712 et
1961 3673 2212 3713 errorem
2248 3659 2426 3728 ipsum
2458 3657 2785 3713 adeuntium
2822 3659 3001 3729 palam
3037 3658 3480 3729 reprehendere.

1884 3754 2197 3824 Aliquando
2232 3754 2400 3824 igitur
2442 3753 2631 3808 divina
2674 3752 2896 3809 cmlitus
2942 3752 3157 3808 visione
3216 3754 3475 3826 dignatus

1882 3844 2231 3914 Epiphanius
2267 3845 2380 3908 ille,
2417 3844 2560 3899 sicut
2602 3843 2882 3914 quondam
2940 3843 3163 3909 Paulus,
3228 3844 3475 3900 cencidit

1883 3938 2039 4007 quasi
2091 3947 2344 3993 mortuus
2391 3937 2447 3991 in
2496 3946 2724 4002 terram,
2772 3945 2829 3991 et
2882 3936 3203 4009 visceribus
3260 3936 3475 3992 intimis

1883 4040 2199 4086 commotus
2217 4030 2552 4101 cstzjussus
2579 4044 2800 4099 quoque
2833 4038 2918 4084 est
2962 4044 3074 4084 non
3105 4038 3165 4084 ut
3215 4028 3319 4085 iste
3365 4028 3473 4085 Da-

1882 4134 2130 4174 mascum
2151 4120 2478 4185 concedere,
2497 4118 2593 4173 sed
2612 4114 2677 4167 ad
2709 4116 2970 4172 famulum
3001 4120 3094 4174 Dei
3117 4118 3468 4191 Symconem.

1883 4221 1944 4267 ut
1974 4227 2071 4282 per
2098 4212 2250 4266 illum
2284 4211 2579 4266 sanitatem
2619 4225 2729 4263 non
2754 4211 2931 4265 solum
2960 4213 3234 4281 corporis,
3265 4212 3361 4267 sed
3416 4222 3475 4268 et

1883 4304 2081 4358 anima:
2108 4303 2275 4358 etiam
2301 4309 2635 4373 reportaret.
2668 4300 2814 4373 Ergo
2833 4318 2942 4357 non
2976 4304 3211 4358 multum
3255 4303 3323 4358 ab
3357 4304 3501 4359 ina-‘

1883 4395 2020 4450 nimi
2052 4396 2398 4466 discrepans,
2431 4396 2683 4466 iumento
2712 4395 3008 4465 impositus
3036 4404 3121 4451 est
3177 4411 3319 4452 onus
3364 4397 3471 4451 mi-

1884 4488 2159 4546 serabile:
2193 4486 2593 4558 depositusque
2624 4496 2751 4541 ante
2778 4487 3093 4543 columnam
3152 4488 3472 4545 luctuosum

1883 4580 2280 4649 spectaculum,
2330 4594 2526 4634 vocem
2599 4579 2819 4634 cmlitus
2865 4595 2894 4634 a
2933 4588 3126 4635 sancto
3196 4580 3469 4653 Symeone

194 4647 403 4717 Κυρίου
437 4648 504 4701 τὰ
531 4649 591 4700 ὲν
624 4648 821 4718 ἀγνοίᾳ
846 4665 859 4678 δ
894 4649 1108 4720 ἐγειραι
1166 4651 1457 4721 τοιγαροῦν
1491 4653 1776 4707 ἁναλαδὼν

1883 4643 2178 4726 demissam
2213 4670 2409 4737 sensit,
2462 4686 2587 4739 quae
2625 4670 2879 4725 diccbat:
2935 4672 3079 4726 Ecce
3112 4643 3474 4729 dimittuntur

190 4739 411 4803 ἑαυτὸν,
452 4743 650 4811 μηκέτι
701 4743 922 4795 διώκειν
981 4742 1147 4796 αὐτὸν
1206 4744 1532 4814 ἀνεχόμενος
1595 4750 1653 4800 ἐν
1700 4751 1778 4820 τῷ

190 4832 401 4887 τιθέναι
430 4832 491 4886 τὸ
514 4834 688 4906 στόμα
713 4851 806 4888 σου
832 4837 910 4898 είς
933 4836 1100 4905 ἡμᾶς,
1135 4835 1231 4888 καὶ
1253 4834 1433 4890 λαλεῖν
1466 4838 1588 4891 καθ’
1620 4842 1779 4911 ἡμῶν

200 4928 439 4983 ἀδικίαν.
462 4925 684 4991 Τούτοις
718 4932 830 4992 τοῖς
864 4933 1102 5001 ῥήμασιν
1149 4931 1275 5007 [είς]
1326 4935 1516 4989 ἑαυτὸν
1545 4938 1782 5009 παραδό-

199 5019 308 5085 ξως
339 5018 682 5084 ἐπανελθὼν,
712 5022 974 5076 τάναντία
1000 5024 1201 5095 διεξῄει
1233 5025 1339 5079 τῶν
1374 5027 1777 5098 προλαϐόντων,

198 5112 297 5166 καὶ
321 5110 609 5181 κηρύττων
652 5106 720 5181 ἧν
760 5113 866 5179 ἆλῳ
897 5114 1136 5185 στόματι⁸
1164 5117 1367 5186 μᾶλλον
1392 5119 1490 5182 τὰς
1519 5119 1614 5173 τοῦ
1644 5121 1777 5175 Θεοῦ

197 5203 289 5256 διὰ
314 5201 408 5254 τοῦ
443 5201 773 5268 θεράποντος
800 5205 965 5258 αὐτοῦ
990 5206 1331 5272 δυναστείας.
1710 5190 1713 5191 ν

268 5383 355 5431 σι’.
381 5374 514 5433 Εἶτα
546 5382 641 5434 καὶ
668 5381 794 5445 τοὺς
814 5382 964 5446 υἱοὺς
991 5385 1364 5455 προσαγαγὼν
1385 5387 1778 5462 δαιμονῶντας,

191 5468 367 5537 ὑγιεῖς
395 5470 690 5542 ἑκατέρους
712 5474 1113 5544 ἀπολαμϐάνει.
1148 5470 1320 5542 Οὗτος
1355 5482 1495 5551 μετὰ
1549 5482 1779 5558 θατέρου

190 5558 305 5610 τῶν
358 5560 562 5615 παίδων
626 5561 853 5635 ὕστερον
902 5564 979 5635 τῷ
1036 5565 1180 5636 ἁγίῳ
1228 5571 1564 5639 παραϐαλὼν
1620 5578 1780 5646 (ἐπεὶ

191 5649 289 5701 καὶ
324 5649 563 5720 συνεχῶς
592 5651 743 5722 αὐτῷ
784 5654 927 5724 μετὰ
961 5658 1158 5728 πεῖραν
1197 5663 1411 5727 ἐφοίτα,
1444 5665 1541 5718 καὶ
1585 5668 1777 5723 τοσοῦ-

1883 4763 2054 4818 tibia
2119 4763 2355 4817 Domino
2434 4779 2557 4834 quae
2611 4779 2679 4818 ex
2741 4762 3052 4834 ignorantia
3104 4766 3471 4834 commisisti;

1880 4856 2001 4910 leva
2053 4865 2104 4910 te
2152 4855 2322 4928 igitur
2378 4865 2434 4910 et
2495 4852 2607 4912 noli
2650 4857 2906 4926 persequi
2947 4856 3127 4926 ipsum
3183 4857 3470 4929 deinceps.

1880 4944 2182 5019 aperiendo
2209 4960 2273 5001 os
2301 4954 2456 5000 tuum
2480 4955 2536 5002 et
2567 4946 2848 5016 loquendo
2879 4948 3229 5018 iniquitatem
3270 4959 3471 5007 contra

1881 5034 2233 5092 nos-Horum
2255 5041 2554 5093 verborum
2588 5038 2796 5093 virtute
2832 5038 3165 5095 mirabiliter
3206 5039 3313 5094 sibi
3339 5040 3471 5095 red-

1882 5126 2051 5189 ditus,
2085 5126 2367 5184 contraria
2409 5128 2660 5191 omnino,
2709 5144 2873 5199 quam
2918 5139 3046 5186 ante
3089 5140 3212 5185 erat
3249 5131 3469 5197 solitus,

1881 5217 2232 5288 loquebatur,
2256 5219 2533 5291 plenoque
2583 5236 2681 5275 ore
2741 5220 3080 5291 praedicabat
3128 5222 3224 5279 Dei
3271 5233 3470 5296 poten-

1883 5309 2013 5365 tiam
2038 5326 2138 5381 per
2159 5310 2426 5367 famulum
2464 5327 2651 5367 suum.

1970 5403 2095 5458 2l0.
2134 5401 2652 5462 Adducensdeinde
2708 5403 2851 5460 filios
2883 5404 3025 5461 duos
3076 5405 3471 5474 daamoniaeos,

1881 5494 2191 5552 incolumes
2215 5497 2411 5553 ambus
2441 5499 2690 5568 recepit:
2727 5513 2965 5569 quorum
3009 5514 3122 5554 uno
3165 5500 3470 5557 comitante

1880 5595 2071 5657 postea
2096 5587 2399 5659 aliquando
2448 5588 2516 5644 ad
2558 5597 2813 5644 sanctum
2871 5604 2929 5644 se
2982 5588 3278 5644 conferens
3315 5589 3471 5660 (quia

1874 5674 1988 5743 jam
2020 5684 2285 5745 expertus
2315 5677 2601 5743 virtutem,
2636 5676 2840 5743 creber
2868 5691 2937 5733 eo
2969 5678 3165 5742 itabat,
3207 5687 3473 5750 tantoque

188 5756 286 5797 τον
311 5740 423 5840 δσιρ
468 5745 597 5840 τοὺς
652 5745 828 5819 ταύτῃ
878 5747 1121 5819 δρῶντας
1176 5752 1368 5824 πρώην
1401 5758 1699 5834 ἐμέμφετο)
1718 5762 1775 5816 ἔν

1882 5740 2226 5837 frequentius
2269 5780 2527 5840 ,quanto
2587 5740 2788 5840 smpius
2845 5780 2972 5825 ante
3035 5770 3087 5826 id
3152 5740 3473 5832 iactitantes

190 5846 303 5887 τινι
332 5832 440 5889 τῶν
475 5833 766 5903 ἀνωγαίων
796 5837 895 5908 τῆς
919 5838 1088 5908 μονῆς
1123 5837 1400 5899 καταλύει.
1436 5848 1539 5904 Τὸν
1565 5853 1663 5920 μὲν
1682 5832 1773 5906 οὖν

554 5937 825 6001 Ρλτιιοι.
872 5942 988 6009 Gn,
1037 5939 1370 6003 LXXXVI.

1879 5858 2338 5936 reprehenderat)
2392 5855 2797 5918 in'cmnaculo
2868 5862 3111 5933 quedam
3176 5862 3467 5935 superiore

2994 5961 3108 6023 100
