4078 6332
674 406 818 472 3179

1870 401 1929 461 S.
1970 400 2347 460 SYMEONIS
2385 398 2744 461 JUNIORIS

3776 400 3933 461 3180

679 511 993 571 monasterii
1028 510 1336 565 diversatus
1358 510 1479 563 fuit.
1515 508 1727 563 Accidit
1754 516 1935 563 autem
1981 523 2236 577 puerum,

2352 510 2505 559 παῖδα
2540 506 2735 577 συνέϐη
2760 506 2975 570 νυκτὸς,
3014 506 3156 563 κατά
3190 507 3257 577 δή
3291 524 3417 562 τινα
3443 508 3705 577 σώματος
3736 506 3932 579 χρείαν

676 611 959 673 premente
995 599 1232 668 quadam
1266 598 1510 667 corporis
1537 598 1887 659 necessitate,
1926 605 2091 649 noctu
2144 610 2241 666 ex-

678 700 991 762 perrectum
1020 703 1287 759 surgere;
1317 683 1550 756 cumq‘ue
1601 687 1688 740 illa
1743 690 1883 740 l'orte
1937 694 2107 740 staret
2142 684 2243 739 do-

674 798 799 837 mus
822 790 1000 851 parte,
1026 781 1123 835 ubi
1161 780 1299 839 sacri
1328 780 1535 847 aliquot
1562 777 1850 847 Symeonis
1880 777 2063 845 capilli
2095 777 2245 845 jace-

676 876 840 939 bant;
910 875 1025 929 sive
1089 874 1315 942 spiritus
1384 880 1582 924 natura
1644 870 1811 925 invidi
1885 869 2245 923 fascinatione

676 966 944 1033 malisque
973 963 1203 1026 artibus,
1247 962 1359 1015 sive
1394 961 1564 1029 gratia
1614 961 1723 1015 illis
1789 958 1964 1013 indita
2028 958 2082 1011 id
2134 973 2245 1012 non

677 1057 979 1117 tolerante;
1036 1052 1293 1119 delapsus
1354 1050 1482 1105 inde
1534 1066 1671 1119 puer
1712 1060 1876 1119 caput
1922 1050 1975 1103 in
2034 1059 2244 1118 petram

679 1144 927 1214 impegit,
952 1142 1387 1211 vulneratusque
1418 1143 1660 1211 graviter
1685 1141 1779 1195 illo
1810 1156 1949 1210 pene
2006 1140 2245 1194 contrito

676 1253 705 1291 e
730 1236 871 1289 vivis
889 1233 1141 1288 excessit.
1170 1231 1359 1285 Oritur
1388 1232 1582 1302 ingens
1627 1232 1853 1295 clamor,
1906 1238 2246 1285 concurrunt

675 1336 944 1397 quotquot
992 1326 1049 1378 in
1087 1324 1251 1378 domo
1295 1324 1544 1386 aderant,
1596 1324 1903 1377 inveniunt‘
1940 1330 2242 1375 mortuum.

675 1416 837 1471 Pater
878 1428 1010 1468 vero
1065 1414 1289 1467 minime
1362 1414 1607 1466 omnium
1680 1414 1931 1467 turbatus
1995 1413 2245 1479 (noverat

675 1506 877 1575 quippe
913 1504 981 1558 ad
1026 1520 1249 1558 manum
1280 1519 1399 1558 esse
1455 1504 1754 1569 medicum)
1820 1505 2017 1557 tollens
2060 1504 2245 1557 sedate

676 1607 979 1661 mortuum,
1019 1593 1085 1648 ad
1108 1604 1356 1649 sanctum
1382 1594 1655 1662 deportat.
1693 1593 1898 1664 Tetigit
1957 1596 2050 1647 ille
2108 1607 2242 1661 pue-

678 1702 799 1740 rum
825 1686 1047 1740 dextera
1080 1700 1199 1749 sua,
1228 1684 1613 1753 invocavitque
1643 1698 1809 1753 super
1844 1684 1995 1737 illum
2058 1682 2247 1750 unige-

676 1778 853 1831 nitum
876 1776 965 1830 Dei
992 1777 1208 1840 Filium,
1228 1776 1323 1845 qui
1344 1776 1494 1830 solus
1519 1785 1699 1844 potest
1725 1784 1969 1829 mortuos
1992 1774 2057 1827 ad
2081 1774 2244 1825 vitam

678 1868 967 1923 suscitare.
995 1866 1149 1935 (Quis
1169 1843 1521 1919 conﬁtebitur
1552 1865 1957 1921 misericordias
1978 1876 2095 1917 tuas
2123 1863 2243 1927 tibi,
2279 1843 2319 1895 Β

678 1957 909 2013 D'omine
933 1956 975 2026 ?)
1008 1956 1171 2009 Redit
1194 1956 1376 2008 anima
1406 1971 1606 2025 puero:
1636 1965 1692 2010 et
1720 1955 1811 2025 qui
1836 1964 2085 2008 mortuus
2127 1948 2247 2007 fuel-

680 2056 786 2111 rat,
808 2048 991 2100 vivere
1022 2055 1078 2099 et
1102 2046 1314 2113 spirare
1364 2046 1728 2113 conspicitur.
1775 2044 2007 2098 Sanctus
2062 2051 2247 2096 autem

681 2139 891 2193 indicto
935 2137 1075 2206 patri
1128 2136 1523 2205 comitatuique
1579 2136 1728 2189 illius
1791 2134 2029 2199 silentio,
2089 2134 2250 2203 jubet

680 2229 885 2283 auferri
912 2242 1169 2297 puerum,
1200 2234 1259 2279 ut
1303 2226 1574 2295 tantisper
1601 2226 1840 2294 quietem
1870 2224 2069 2292 capiat.
2090 2220 2248 2287 Quod

678 2322 1033 2375 cumfactnm
1069 2328 1213 2372 esset
1268 2326 1326 2369 ut
1356 2319 1673 2370 mandatum
1723 2326 1861 2378 erat,
1919 2330 2093 2383 puero
2138 2315 2248 2382 jam

681 2408 894 2478 placide
926 2406 1257 2468 dormiente,
1289 2420 1387 2474 per
1418 2421 1578 2458 aures
1613 2404 1761 2457 illius
1785 2412 2007 2472 repente
2027 2402 2250 2471 sanguis

677 2498 893 2553 eﬂusus
927 2506 1030 2561 est,
1055 2496 1327 2567 Symeone
1344 2494 1749 2563 quodammodo
1798 2494 2115 2562 chirurgum
2152 2508 2250 2561 per

678 2598 858 2643 artem
913 2585 1206 2655 quemdam
1257 2584 1590 2637 invisibilem
1638 2590 1853 2652 agente.
1919 2582 2063 2636 Puer
2119 2595 2251 2635 vero

683 2681 842 2733 ﬁnito
872 2694 1066 2734 somno
1089 2678 1304 2747 integre
1335 2685 1581 2736 sanatus.
1615 2675 1801 2729 cibum
1826 2689 2045 2744 quoque
2091 2672 2251 2726 avide

677 2770 925 2835 admisit,
973 2768 1258 2836 factusque
1307 2777 1389 2821 est
1442 2767 1769 2821 miraculum
1823 2764 2102 2827 omnibus,
2156 2762 2251 2816 ubi

678 2855 1144 2924 conspiciebatur,
1180 2853 1492 2907 videntibus
1516 2870 1531 2919 ;
1558 2851 1909 2908 audientibus
1941 2851 2034 2905 ubi
2059 2864 2250 2903 narra-

680 2945 865 2999 batur.

753 3050 877 3103 2H.
909 3050 1069 3103 Pater
1110 3065 1253 3121 ergo
1302 3049 1529 3119 hujusce
1592 3049 1771 3118 pueri,
1817 3048 2112 3117 praeclarus
2141 3048 2251 3118 jam

684 3138 863 3207 magni
902 3138 1189 3206 Symeonis
1214 3151 1398 3205 praeco
1430 3137 1627 3199 factus,
1664 3147 1771 3190 tam
1798 3137 2048 3190 addictus
2094 3137 2251 3189 famae

681 3229 831 3283 illius
855 3226 1236 3296 propaganda,
1262 3241 1425 3294 quam
1446 3237 1605 3279 antea
1622 3227 1952 3281 noscebatur
1978 3228 2044 3280 ad
2065 3228 2253 3281 convi-

675 3318 931 3375 tiandum
964 3316 1255 3385 proclivis;
1288 3317 1546 3369 convenit
1579 3317 1757 3369 virum
1779 3318 2093 3386 quemdam,
2157 3319 2251 3388 qui

682 3406 982 3464 vocabatur
1010 3407 1262 3477 Babylas.
1300 3406 1515 3459 Annum
1554 3406 1644 3460 hic
1694 3408 1917 3461 circiter
1973 3410 2249 3477 quinqua-

682 3500 950 3571 gesimum
984 3498 1259 3566 attigerat,
1292 3497 1512 3565 jamque
1539 3505 1686 3550 totus
1723 3496 1908 3567 glaber
1935 3513 1997 3551 ac
2025 3497 2241 3565 depilis,

682 3604 792 3644 non
821 3590 999 3658 capite
1050 3588 1215 3641 modo
1268 3598 1432 3655 atque
1496 3588 1828 3655 superciliis,
1882 3588 1977 3641 sed
2057 3598 2241 3641 mento

681 3681 848 3735 etiam
878 3689 1102 3747 totoque
1134 3692 1363 3746 corpore
1411 3686 1551 3741 erat,
1580 3677 1717 3731 adeo
1768 3686 1828 3731 ut
1861 3677 2073 3732 cunctis
2116 3678 2252 3732 risui
2304 3750 2305 3753 η

681 3788 748 3827 ac
775 3771 1018 3827 ludibrio
1056 3781 1224 3824 esset.
1257 3769 1494 3824 Noverat
1532 3785 1659 3823 eum
1691 3768 1965 3823 infidelem
2020 3786 2162 3833 esse,
2197 3778 2253 3825 et

682 3864 821 3918 nihil
848 3862 1082 3916 sanioris
1107 3860 1321 3914 consilii
1354 3861 1407 3913 in
1431 3874 1595 3914 aures
1626 3860 1912 3917 demittere
1938 3878 1950 3913 :
1977 3862 2253 3929 persuasit

681 3964 865 4008 tamen
882 3970 990 4006 non
1018 3954 1136 4005 sine
1170 3950 1381 4013 labore,
1416 3966 1577 4019 posse
1606 3950 1869 4016 divinam,
1904 3967 2024 4019 quae
2064 3953 2252 4005 sancto

682 4042 939 4114 Symeoni
1004 4042 1217 4104 aderat,
1278 4042 1508 4109 gratiam
1569 4040 1770 4102 facere,
1820 4048 1878 4093 ut
1925 4050 2252 4094 enascantur

679 4143 891 4188 natura:
922 4132 1114 4187 ordine
1138 4130 1319 4200 capilli
1343 4131 1463 4196 ejus
1491 4147 1502 4182 :
1537 4130 1723 4197 sicque
1748 4145 2066 4197 persuasum
2098 4130 2253 4184 duxit

679 4224 748 4277 ad
773 4225 1104 4285 columnam,
1132 4236 1242 4273 non
1266 4218 1520 4273 ﬁduciam
1552 4218 1715 4271 modo
1739 4218 2037 4283 incensam,
2062 4235 2250 4272 verum

679 4311 1084 4381 paenitudinem
1130 4322 1349 4378 quoque
1398 4308 1809 4377 praeteritorum
1855 4308 2247 4364 conferentem.

680 4402 821 4457 Dicit
846 4400 897 4455 ei
924 4400 1159 4471 Symeon
1190 4417 1201 4453 ε
1228 4398 1308 4451 Tu
1340 4414 1370 4452 a
1404 4409 1454 4453 te
1490 4398 1606 4469 ipse
1642 4399 1697 4452 in
1724 4398 1871 4454 hunc
1906 4414 2075 4468 usque
2106 4400 2250 4454 diem

2344 597 2711 669 διεργεθέντα,
2748 600 2869 652 κατ’
2898 599 3073 652 έκεῖνο
3104 600 3291 668 στῆναι
3312 600 3415 669 τῆς
3437 599 3613 662 οἰκίας
3639 599 3707 651 τὸ
3739 599 3931 668 μέρος,

2344 688 2478 740 ὅπου
2524 690 2675 751 τινας
2703 690 2809 743 τῶν
2853 690 3013 760 ίερῶν
3041 690 3135 743 τοῦ
3163 690 3384 761 Συμεὼν
3417 690 3626 760 τριχῶν
3658 690 3933 759 ἐτύγχανε

2347 782 2587 834 κεῖσθαι·
2616 781 2725 833 εἴτε
2761 782 2823 851 δὴ
2870 783 3136 852 βασκανία
3166 783 3266 853 τῆς
3288 784 3557 853 φθονερᾶς
3607 782 3707 835 τοῦ
3752 784 3934 852 [Isin-,-

2349 870 2443 941 ροῦ
2477 875 2688 938 φύσεως
2716 874 2810 926 καὶ
2842 876 2961 937 ταῖς
2998 871 3057 935 ὲξ
3088 873 3256 943 αὐτῆς
3292 874 3618 941 ἐνεργείαις,
3645 872 3763 925 είτε
3817 873 3925 940 τῆς

2349 965 2569 1035 χάριτος
2632 966 2731 1017 οὐκ
2787 966 3185 1035 ἀνασχομένης,
3219 966 3459 1035 ἐνεχθεὶς
3516 965 3735 1019 ἐκεῖθεν
3779 968 3935 1017 κατᾶ

2350 1057 2588 1127 κεφαλῆς
2616 1057 2707 1109 ἐπὶ
2734 1060 2956 1126 πέτραν,
2986 1056 3081 1109 καὶ
3108 1056 3310 1125 ταύτην
3339 1056 3565 1127 πληγείς
3585 1072 3643 1107 τε
3684 1058 3806 1125 ἅμα
3840 1057 3937 1108 καὶ

2351 1149 2675 1218 συντριόεὶς,
2712 1149 2960 1218 θνήσκει.
3025 1149 3288 1217 Κραυγῆς
3337 1147 3395 1200 δὲ
3441 1148 3781 1218 γενομένης,
3841 1146 3937 1198 καὶ

2356 1240 2574 1293 πάντων
2620 1239 2733 1292 ὅσοι
2799 1240 3065 1309 παρόντες
3115 1234 3255 1308 ἦσαν
3321 1240 3440 1291 ἐκεῖ
3487 1239 3934 1307 συνδραμόντων,

2349 1330 2658 1399 εὑρίσκεται
2691 1329 2983 1400 τεθνηκώς.
3018 1331 3076 1383 'U
3121 1330 3303 1401 πατὴρ
3330 1329 3509 1384 τοίνυν
3542 1330 3706 1382 οὐδὲν
3736 1330 3937 1382 διαταο

2351 1420 2871 1491 ραχθεὶς(ᾔδειγὰρ
2928 1422 3114 1488 σαφῶς
3163 1423 3329 1489 ἐγγὺς
3381 1422 3520 1491 ἔχων
3569 1422 3662 1474 τὸν
3721 1420 3937 1491 ἰατρὸν)

2348 1511 2667 1578 ἀνελόμενος
2715 1512 2890 1581 ἡσυχῆ
2952 1513 3181 1565 θανόντα
3215 1514 3303 1565 τὸν
3334 1513 3525 1573 παῖδα,
3554 1511 3783 1581 κομίζει
3828 1511 3942 1579 πρὸ

2348 1601 2440 1653 τοῦ
2495 1601 2647 1667 ἁγίου
2672 1619 2684 1631 ·
2724 1604 2753 1654 ό
2794 1601 2849 1653 δὲ
2891 1602 2963 1664 ὡς
2997 1601 3175 1670 ἥψατο
3201 1601 3389 1654 τούτου
3419 1604 3482 1671 τῇ
3512 1600 3688 1670 δεξιᾷ,
3714 1600 3809 1653 καὶ
3846 1598 3939 1651 τοῦ

2353 1691 2671 1763 μονογενοῦς
2700 1692 2828 1744 Υίοῦ
2864 1691 2956 1744 τοῦ
2990 1690 3147 1756 Θεοῦ,
3182 1692 3275 1745 τοῦ
3320 1694 3414 1745 καὶ
3448 1692 3610 1761 μόνου
3643 1694 3942 1754 ζωοποιεῖν

2350 1786 2546 1847 εἰδότος
2566 1788 2811 1851 νεκροὺς,
2836 1785 2976 1853 ὑπὲρ
3009 1784 3171 1836 αὑτοῦ
3208 1785 3401 1853 ἐδεήθη
3452 1784 3570 1852 (Τίς
3594 1782 3942 1853 ἐξομολογή-

2352 1875 2500 1927 σεταί
2525 1893 2630 1936 σοι,
2650 1876 2869 1943 Χριστὲ,
2899 1876 2965 1927 τά
2985 1876 3107 1945 ὲλέη
3138 1892 3230 1927 σου
3253 1876 3316 1943 l),
3341 1876 3588 1927 ἐπάνεισι
3608 1873 3708 1942 μὲν
3733 1875 3767 1941 ἡ
3786 1874 3939 1943 ψυχὴ

2352 1966 2445 2018 τοῦ
2483 1966 2690 2029 παιδὸς,
2720 1967 2814 2019 καὶ
2854 1967 2961 2029 ζῶν
2988 1970 3015 2019 ὁ
3055 1966 3244 2035 νεκρὸς
3282 1964 3378 2017 καὶ
3407 1965 3582 2017 πνέων
3620 1963 3831 2031 (opim.
3878 1966 3935 2017 '0

2350 2058 2575 2128 Συμεὼν
2590 2058 2645 2111 δὲ
2676 2060 2833 2126 σιγὴν
2851 2059 2926 2127 τῷ
2952 2060 3120 2127 πατρὶ
3150 2058 3243 2110 καί⁵
3280 2059 3391 2119 τοῖς
3424 2057 3549 2124 περ)⁵
3580 2056 3751 2109 αὑτὸν
3786 2072 3936 2123 παρ-

2350 2150 2625 2216 αγγέλλει,
2665 2150 2962 2218 ἀραμένοις
3014 2148 3121 2218 ἰδία
3166 2148 3255 2199 τὸν
3282 2148 3467 2209 παῖδα,
3506 2147 3596 2199 ἴνα
3650 2146 3834 2217 βραχύ
3888 2162 3936 2197 τι

2352 2238 2447 2291 καὶ
2482 2238 2791 2309 καθευδήσει
2814 2256 2827 2265 ·
2860 2238 3002 2307 ὅπερ
3033 2238 3108 2301 ὡς
3136 2236 3436 2306 προσέταξε
3462 2234 3709 2303 γεγονὸς,
3747 2234 3937 2287 ὑπνώ-

2354 2350 2542 2395 σαντος
2578 2333 2645 2385 τὰ
2681 2333 2876 2402 μέτρια
2908 2332 3002 2383 τοῦ
3052 2332 3263 2395 παιδὸς,
3297 2324 3438 2400 αἷμα
3467 2329 3566 2396 ,διὰ
3605 2328 3720 2380 τῶν
3763 2327 3928 2379 abso]

2351 2420 2501 2473 ὤτων
2532 2423 2725 2491 ἀθρόον
2757 2422 2938 2492 ὲχέθη,
2970 2422 3225 2492 καθάπερ
3251 2422 3465 2492 ἀθεάτῳ
3487 2408 3593 2474 τινὶ
3609 2419 3933 2490 χειρουργία

2351 2508 2445 2562 τοῦ
2492 2508 2716 2576 Συμεὼν
2762 2508 2847 2561 ἐπ’
2886 2510 3048 2563 αὑτὸν
3087 2512 3436 2581 χρησαμένου
3465 2526 3479 2540 ’
3508 2512 3603 2563 καὶ
3635 2510 3782 2580 μετά
3836 2510 3930 2559 τὸν

2354 2598 2517 2651 ὕπνον
2549 2599 2708 2667 ὑγιὴς
2737 2599 2858 2662 ὅλος
2886 2594 2975 2669 ἦν,
2998 2601 3169 2670 ἡδέως
3192 2603 3553 2671 προσιέμενος
3578 2599 3676 2653 καὶ
3703 2599 3928 2669 τροφὴν,

2356 2689 2537 2759 θαῦμα
2571 2691 2705 2744 πᾶσι
2750 2692 2844 2745 καὶ
2872 2690 3083 2761 ὄμμασι
3118 2694 3213 2747 καὶ
3232 2693 3387 2762 ὠσὶν,
3419 2691 3704 2764 ὁρώμενός
3744 2709 3801 2745 τε
3842 2692 3928 2743 καὶ

2355 2782 2704 2851 ἀκουόμενος.

2429 3051 2554 3099 σια’.
2610 3045 2667 3098 '0
2717 3045 2845 3113 γοῦν
2880 3045 3064 3114 πατὴρ
3088 3086 3101 3108 ,
3134 3044 3384 3117 λαμπρὸς
3428 3044 3537 3097 τῶν
3563 3043 3659 3097 τοῦ
3695 3044 3925 3114 μεγάλου

2358 3138 2582 3207 Συμεὼν
2612 3138 2789 3208 κήρυξ
2818 3137 2919 3199 ὢν,
2943 3142 3040 3189 καὶ
3079 3136 3333 3198 τοσοῦτος
3368 3136 3447 3197 είς
3480 3136 3764 3205 εὐφημίαν
3805 3136 3928 3195 ὅσος

2356 3231 2433 3290 είς
2460 3228 2722 3297 λοιδορίαν
2750 3229 2809 3279 τὸ
2843 3228 2973 3297 πρὶν
3010 3226 3357 3296 ὲγνωρίζετο,
3395 3226 3564 3293 ἄνδρα
3596 3225 3721 3277 τινὰ
3747 3223 3925 3275 8:66-

2355 3320 2453 3372 λαν
2482 3318 2835 3388 καλούμενον,
2868 3318 2987 3379 ἔτος
3016 3334 3118 3369 που
3145 3317 3509 3384 πεντηκοστὸν
3537 3316 3667 3367 ὄντα
3688 3358 3702 3377 ,
3729 3315 3929 3382 γυμνὸν

2356 3412 2475 3464 ὅλον
2528 3412 2621 3463 καὶ
2656 3408 2799 3461 λεῖον
2845 3409 2940 3460 καὶ
2972 3407 3193 3477 ἄτριχα,
3226 3409 3285 3459 οὑ
3316 3406 3558 3476 κεφαλὴν
3591 3407 3755 3476 μόνον
3780 3407 3840 3457 ού
3872 3405 3923 3457 δὲ

2356 3502 2582 3573 ὀφρύας,
2670 3499 2808 3553 ἀλλά
2847 3500 2937 3553 καὶ
2983 3498 3219 3567 πώγωνα
3265 3498 3359 3551 καὶ
3399 3497 3559 3567 σῶμα
3606 3497 3668 3548 τὸ
3702 3498 3829 3557 πᾶν,
3858 3496 3928 3555 ὡς

2354 3592 2449 3642 καὶ
2489 3591 2652 3642 πᾶσιν
2685 3590 2744 3641 ὲν
2782 3589 2980 3657 γέλωτι
3009 3588 3103 3640 καὶ
3146 3588 3337 3659 παιδιᾷ
3370 3585 3538 3648 εἶναι,
3570 3586 3763 3638 τοῦτον
3787 3588 3925 3637 ἀπα-

2356 3680 2631 3753 ραδέκτως
2686 3679 2877 3746 ἔχοντα
2932 3677 3028 3730 καὶ
3081 3678 3325 3740 ἀπίστως
3368 3676 3547 3738 είδὼς,
3581 3676 3719 3744 ὡςή
3786 3677 3925 3742 παρᾶ

2353 3772 2430 3841 τῷ
2454 3771 2583 3840 θείῳ
2633 3768 2855 3838 Συμεὼν
2908 3768 3032 3823 Θεία
3077 3769 3237 3838 χάρις
3280 3768 3480 3837 δυνατὴ
3536 3766 3733 3837 τρίχας
3778 3765 3923 3833 αὐτῷ

2354 3862 2496 3916 κατὰ
2536 3861 2695 3928 φύσιν
2730 3861 2983 3927 ὲκφῦσαι,
3020 3859 3195 3911 πείθει
3227 3860 3323 3911 σὺν
3367 3858 3548 3927 πόνῳ·
3599 3858 3693 3907 καὶ
3745 3858 3925 3917 πείσας

2354 3955 2476 4021 ἄγει
2514 3952 2663 4022 παρὰ
2700 3951 2790 4003 τὸν
2816 3952 3030 4011 στύλον,
3057 3950 3117 4003 ού
3152 3950 3289 4017 μετά
3315 3950 3524 4019 θερμῆς
3560 3950 3800 4020 πίστειρς
3829 3948 3918 4015 μό-

2353 4061 2463 4107 νον,
2514 4041 2649 4095 ἀλλὰ
2698 4041 2792 4093 καὶ
2832 4040 2933 4109 τῆς
2996 4042 3136 4111 ὑπὲρ
3192 4038 3287 4091 τοῦ
3342 4037 3705 4109 παρελθόντος
3766 4052 3920 4106 μετα-

2356 4132 2598 4203 μελείας.
2616 4132 2673 4183 ’0
2703 4131 2783 4196 δὲ,
2809 4133 2881 4183 Σὺ
2913 4130 3158 4201 κωλυτὴς
3190 4132 3377 4199 ἐγένου
3404 4130 3583 4201 σαυτῷ
3610 4132 3710 4198 τῆς
3732 4128 3926 4181 ἄνωθεν

2352 4225 2560 4300 δωρεᾶς
2608 4223 2687 4285 είς
2732 4222 2910 4294 δεῦρο,
2954 4222 3079 4293 ἔφη,
3113 4224 3207 4276 καὶ
3237 4223 3509 4276 πιστεύων
3528 4225 3610 4275 ὅτι
3648 4222 3869 4274 δυνατὸν
3899 4221 3925 4274 δ

2351 4314 2541 4376 αῑτείς,
2575 4310 2795 4363 ἔσεσθαί
2824 4328 2907 4364 σοι
2939 4312 3091 4381 παρά
3125 4312 3283 4367 Θεοῦ.
3324 4312 3438 4366 Νῦν
3484 4309 3577 4366 οὖν
3616 4313 3797 4364 οἴκαδε
3836 4328 3920 4363 πο-

2356 4404 2511 4474 ρεύου
2561 4403 2763 4472 χαίρων
2790 4419 2804 4431 ·
2857 4403 3175 4458 ἀνατελοῦσι
3218 4405 3328 4474 γάρ
3372 4422 3454 4459 σοι
3498 4404 3640 4458 κατὰ
3674 4403 3834 4471 φύσιν
3872 4405 3921 4457 αἱ

679 4491 903 4546 caeleste
949 4490 1153 4543 donum
1182 4488 1443 4553 arcuisti;
1478 4489 1624 4561 quod
1650 4489 1695 4543 si
1726 4489 2051 4554 credideris,
2090 4505 2248 4558 posse

2352 4494 2555 4565 τρίχες.
2595 4493 2809 4556 Ταύτας
2863 4496 2892 4547 ὁ
2935 4494 3037 4562 μὲν
3071 4494 3223 4566 παρά
3252 4494 3347 4548 τοῦ
3391 4494 3535 4563 ίεροῦ
3580 4492 3803 4563 Συμεὼν
3832 4495 3921 4553 τὰς

678 4581 794 4636 ﬁeri
824 4581 877 4632 id
908 4578 1053 4649 quod
1082 4578 1243 4647 petis,
1268 4578 1483 4631 eveniet
1506 4578 1604 4631 tibi
1634 4593 1664 4631 a
1696 4578 1947 4634 Domino.
1970 4578 2128 4632 Nunc
2148 4578 2250 4649 igi-

674 4682 771 4745 tur
791 4670 939 4724 abito
981 4670 1207 4724 domum
1238 4669 1438 4722 laetus:
1488 4677 1848 4723 renascentur
1884 4685 2120 4738 namque
2153 4670 2253 4724 tibi

673 4762 827 4832 juxta
849 4767 1060 4811 natura:
1085 4757 1415 4835 exigentiam
1440 4756 1559 4825 pili.
1584 4757 1751 4811 Ratas
1773 4756 1862 4811 ille
1889 4766 2253 4828 acccptasque

676 4852 851 4908 sancti
873 4850 1159 4921 Symeonis
1179 4849 1373 4903 habuit
1394 4849 1803 4918 promissiones,
1833 4866 1897 4905 ac
1919 4850 2141 4904 domum
2167 4840 2255 4906 rei

678 4943 899 4997 meavit.
934 4940 1070 4996 Cum
1106 4955 1233 4995 ecce
1287 4940 1367 4994 eis
1394 4939 1643 4995 triduum
1666 4939 2017 4995 reﬂorescere
2072 4957 2249 5007 coma,

677 5034 951 5104 protrusis
978 5048 1011 5086 e
1034 5031 1225 5085 radice
1271 5030 1540 5097 crinibus,
1575 5030 1727 5085 velut
1767 5044 1961 5086 recens
1995 5032 2128 5086 editi
2168 5033 2253 5086 in-

675 5123 843 5180 fantis
861 5124 1009 5192 pilos
1034 5122 1405 5189 imitantibus;
1442 5131 1499 5177 et
1527 5136 1797 5179 exornare
1827 5121 1983 5177 brevi
2013 5132 2257 5193 tempore

677 5232 789 5270 non
828 5224 994 5285 caput
1031 5215 1214 5279 modo,
1260 5214 1356 5269 sed
1392 5220 1639 5268 mentum
1684 5212 1885 5279 etiam;
1922 5229 2048 5268 mox
2069 5218 2257 5281 etiam,

2353 4586 2679 4653 ἐπαγγελίας
2708 4585 2906 4648 λαϐὼν,
2936 4588 3227 4657 ἐπανῆκεν.
3262 4586 3409 4641 Erato
3432 4587 3489 4640 δὲ
3515 4586 3681 4656 τριῶν
3711 4586 3919 4654 ἡμερῶν

2353 4676 2659 4745 ὲπήνθησεν
2704 4674 2850 4744 αὐτῷ
2897 4675 3017 4745 θρὶξ
3066 4678 3132 4728 ὲκ
3176 4676 3341 4746 ῥιζῶν
3392 4674 3640 4737 ἀνιοῦσα,
3682 4673 3916 4741 καθάπερ

2353 4765 2639 4836 ἁρτιτόκου
2677 4766 2887 4819 παιδίου
2924 4767 3023 4837 τὴν
3068 4768 3132 4819 ἐκ
3157 4768 3426 4835 γενέσεως
3456 4768 3656 4833 ἑαυτῆς
3697 4764 3915 4833 ὑποφαί-

2354 4873 2516 4911 νουσα
2541 4856 2797 4927 βλάστην,
2820 4858 3095 4928 ὲκόσμησέ
3119 4874 3180 4911 τε
3210 4858 3349 4912 κατὰ
3377 4859 3573 4929 μικρὸν
3600 4859 3660 4909 ού
3697 4856 3916 4925 κεφαλὴν

2360 4948 2539 5018 μόνον,
2569 4948 2704 5001 ἀλλά
2752 4950 2852 5016 ,καὶ
2903 4950 3162 5019 πώγωνα,
3202 4950 3421 5015 πολιαῖς
3473 4950 3615 5003 κατά
3644 4948 3800 5017 φύσιν
3829 4950 3913 5014 τῆς

2353 5041 2557 5103 οἰκείας
2582 5041 2797 5111 ἡλικίας
2822 5044 3251 5113 κατηρτυμένοις,
3289 5044 3363 5107 ὡς
3398 5047 3457 5097 ἐν
3491 5043 3767 5112 θαύματος
3795 5034 3914 5093 εἶναι

2358 5131 2505 5202 λόγῳ
2529 5134 2622 5186 καὶ
2654 5136 2765 5197 τοῖς
2791 5136 2982 5206 πρώην
3007 5136 3064 5186 ὲν
3087 5135 3284 5203 γέλωτι
3312 5136 3381 5189 τὰ
3413 5137 3532 5189 κατ’
3565 5134 3729 5201 αὐτὸν
3746 5149 3912 5185 ποιου-

2367 5223 2568 5293 μένοις.

680 5302 845 5377 prout
887 5322 986 5361 sua
1038 5307 1355 5376 requirebat
1396 5314 1551 5371 aetas,
1583 5305 1736 5359 canis
1764 5306 1993 5376 pulchre
2026 5311 2258 5366 vestitus
2294 5317 2574 5385 apparuit,
2611 5317 2687 5372 ita
2741 5326 2804 5372 ut
2853 5316 3210 5374 admirationi
3242 5326 3389 5375 esset
3418 5318 3529 5374 illis
3549 5317 3752 5390 quibus
3776 5328 3911 5372 antea

664 5401 921 5456 -ludibrio
955 5398 1153 5454 fuerat.

750 5492 875 5547 9l2.
915 5491 1111 5545 Mulier
1140 5489 1385 5559 quaedam
1429 5491 1604 5545 oculis
1639 5490 1909 5545 ambobus
1933 5501 2111 5562 capta,
2161 5508 2257 5547 ve-

680 5582 867 5637 niebat
887 5580 953 5634 ad
984 5589 1235 5633 sanctum
1261 5578 1583 5648 Symeonem
1614 5596 1775 5634 manu
1798 5580 1959 5634 ducta
1993 5599 2006 5634 :
2037 5582 2257 5658 jamque

681 5672 929 5728 subitura
966 5671 1385 5733 monasterium,
1410 5671 1664 5725 clamavit
1686 5688 1848 5741 quam
1879 5673 2057 5742 potuit
2086 5675 2257 5728 maxi-

681 5778 771 5821 me
794 5778 1016 5831 sonore,
1063 5780 1174 5821 non
1200 5764 1373 5835 magis
1402 5763 1587 5836 lingua
1612 5774 1669 5823 et
1698 5780 1831 5823 voce
1863 5780 2028 5837 quam
2068 5765 2173 5822 ﬁde
2199 5774 2255 5822 et

2422 5491 2546 5564 σιβ’.
2584 5491 2727 5562 Γυνή
2757 5508 2843 5555 τις
2868 5490 3213 5563 ἀμφοτέρους
3236 5490 3365 5554 τοὺς
3384 5491 3701 5561 ὀφθαλμοὺς
3722 5490 3905 5561 τυφλω-

2349 5582 2504 5635 θεῖσα
2533 5582 2759 5651 προσῄει
2790 5582 3275 5653 χειραγωγουμένη
3296 5584 3372 5654 τῷ
3400 5585 3531 5653 ίερῷ
3553 5586 3623 5638 Συ
3633 5584 3804 5655 μεών·
3825 5603 3903 5637 και

2349 5672 2657 5729 ταλαϐοῦσα
2679 5674 2733 5725 δὲ
2756 5675 2855 5744 ήδη
2875 5674 2971 5735 τὰς
2997 5677 3094 5745 τῆς
3123 5675 3363 5747 μάνδρας
3384 5677 3806 5743 είσόδους,”Δγιε
3825 5677 3903 5729 Συο

2352 5766 2519 5840 μεὼν,
2553 5765 2764 5838 μεγάλῃ
2791 5766 2865 5832 ὡς
2889 5761 3033 5838 εἶχεν
3066 5766 3293 5838 ἐϐόησεν
3330 5767 3391 5821 ού
3419 5767 3637 5841 γλώττῃ
3661 5770 3751 5823 καὶ
3774 5772 3900 5840 φωνῇ
