4078 6332
278 389 415 458 3181

1278 390 1450 449 VITA
1487 389 1533 446 A
1572 382 2011 447 NICEPHORO
2050 380 2535 443 CONSCRIPTA.

3415 381 3553 441 3182

273 506 473 577 μᾶλλον
502 503 536 574 ἢ
572 501 751 556 πίστει
777 500 868 555 καὶ
896 498 1044 563 ζέσει
1075 498 1323 569 καρδίας,
1348 497 1555 568 τυφλήν
1595 513 1661 567 με
1700 498 1852 566 δεχόμ-

1959 495 2175 549 fervore
2222 492 2406 547 cordis
2442 510 2455 544 :
2484 489 2682 545 Sancte
2719 487 2976 560 Symeon,
3027 503 3059 543 o
3090 488 3186 560 qui
3221 503 3307 542 me
3336 487 3547 558 excipis

273 612 453 667 μενος,
485 593 754 649 ἀπόλυσον
784 592 1103 663 βλέπουσαν.
1134 589 1242 642 Τοῦ
1273 588 1328 642 δὲ
1358 588 1851 659 σπλαγχνισθέντος

268 688 357 740 ἐπ’
390 686 550 757 αὐτῇ,
582 685 772 756 χεῖράς
808 700 868 735 τε
894 684 1004 747 τοῖς
1039 680 1339 752 ὀφθαλμοῖς
1365 679 1665 743 ἐπιθέντος,
1695 680 1851 733 ἔϐλε-

271 777 367 845 ψεν
392 776 553 842 εὐθὺς
575 775 763 842 ὑγιῶς.
792 770 923 828 Εἶτα
952 774 1219 845 προσάγει
1244 772 1345 843 τὴν
1374 772 1651 843 θυγατέρα
1684 773 1855 835 πάθος

269 868 497 940 ἔχουσαν
527 869 654 939 mp‘t
683 867 781 938 τὴν
807 868 977 937 γυνήν
1004 882 1015 894 ·
1041 864 1246 929 ἐπιθεὶς
1274 865 1456 917 τοίνυν
1481 865 1574 920 καὶ
1599 868 1664 935 τῇ
1700 867 1851 919 παιδὶ

266 962 369 1031 τὴν
393 965 568 1033 χεῖρα,
594 960 709 1015 Νῦν
739 960 839 1031 μὲν
870 961 1110 1029 ἐπάνηκε
1135 959 1231 1013 σὺν
1266 960 1425 1029 αὐτῇ,
1448 958 1584 1028 πρὸς
1616 959 1714 1028 τὴν
1749 975 1852 1028 μη-

264 1052 403 1122 τέρα
460 1050 585 1118 ἔφη,
640 1050 762 1120 ὄψει
815 1049 873 1104 δὲ
928 1050 1065 1104 οἴκοι
1097 1049 1194 1120 τὴν
1233 1049 1388 1114 δόξαν
1428 1049 1521 1102 τοῦ
1560 1049 1715 1103 Θεοῦ.
1763 1048 1853 1111 Ὧς

264 1142 398 1212 γοῦν
432 1141 732 1211 ἐπανῆλθον
769 1142 1051 1214 ἑκάτεραι,
1086 1144 1182 1195 καὶ
1207 1142 1455 1195 ὕπνωσεν
1486 1137 1575 1195 οἷα
1608 1141 1752 1210 φιλεῖ
1775 1140 1851 1210 τῷ

262 1234 498 1305 καμάτῳ
546 1236 647 1305 τῆς
700 1234 1084 1305 ὁδοιπορίαςή
1136 1235 1342 1305 μήτηρ,
1402 1235 1504 1305 ὁρᾷ
1558 1233 1650 1286 τὸν
1694 1233 1850 1301 ἅγιον

262 1327 324 1379 ὲν
377 1325 541 1395 ἑτέρα
582 1329 788 1396 μορφῇ,
842 1325 938 1378 καὶ
975 1325 1035 1378 οὑ
1066 1327 1128 1395 τῇ
1168 1324 1388 1394 συνήθει
1439 1323 1847 1394 παραϐαλόντα,

259 1417 361 1487 τήν
419 1434 478 1470 τε
531 1419 714 1470 νεᾶνιν
768 1418 1016 1485 ἀγαγεῖν,
1054 1418 1148 1468 καὶ
1196 1416 1256 1469 τὸ
1300 1414 1469 1477 πάθος
1500 1414 1848 1484 άνακαλύψαι

260 1506 634 1560 κελεύσαντα·
690 1500 752 1560 οὗ
794 1507 928 1576 παρ’
973 1505 1147 1574 αὐτῆς
1204 1504 1408 1568 εὐθέως
1454 1505 1845 1575 γεγενημένου,

259 1595 608 1664 ἀνατεμόντα
651 1593 831 1660 τοῦτο,
881 1598 976 1648 καὶ
1034 1594 1094 1646 τὸ
1139 1586 1345 1647 λυποῦν
1396 1592 1608 1646 ἐκεῖθεν
1636 1593 1849 1662 ἐξενεγ-

258 1685 446 1751 κόντα,
478 1686 571 1739 καὶ
606 1685 769 1739 πάλιν
800 1685 897 1748 τὰς
930 1684 1145 1753 πληγάς
1178 1683 1592 1738 συνουλώσαντα
1614 1702 1629 1715 ’
1658 1684 1849 1737 ἔπειτα

260 1774 450 1845 μέντοι
478 1776 578 1845 τῆς
615 1775 792 1838 οἰκίας
831 1773 1063 1840 ἐξιόντα,
1093 1774 1185 1827 καὶ
1225 1772 1427 1843 ἑαυτὴν
1460 1773 1558 1843 μὲν
1597 1774 1847 1844 ὁρκίζου-

1956 585 2132 640 oculis
2153 591 2456 647 carentem,
2481 582 2549 636 iis
2580 580 2858 636 videntem
2890 579 3131 634 dimitte.
3163 577 3412 647 Cumque
3443 576 3547 632 mi-

1957 685 2172 732 seratus
2202 675 2313 740 ille,
2368 688 2561 727 manus
2602 672 2779 728 oculis
2810 671 3186 741 imposuisset,
3220 670 3359 743 vidit
3396 671 3545 727 illico

1956 776 2130 821 recte.
2174 765 2381 821 Deinde
2431 763 2596 816 ﬁliam
2624 776 2845 832 quoque
2880 760 3034 815 ducit
3062 759 3260 814 morbo
3284 758 3543 813 laboran—

1957 870 2065 913 tem
2099 859 2235 927 (56),
2278 857 2373 927 qui
2398 857 2687 926 imponens
2716 854 2970 909 similiter
3007 853 3084 907 illi
3116 867 3332 917 manus,
3369 850 3547 922 inquit

1953 951 2119 1005 matri
2160 968 2173 1003 :
2210 950 2505 1005 Revertere
2538 962 2687 1001 nunc
2713 962 2840 1001 cum
2880 945 2985 999 ﬁlia
3018 945 3265 1008 domum,
3308 943 3435 999 istic
3460 942 3545 998 vi-

1955 1042 2107 1097 debit
2142 1041 2372 1112 gloriam
2428 1041 2545 1096 Dei.
2582 1039 2721 1095 Cum
2759 1039 2925 1109 igitur
2954 1037 3314 1093 revertissent
3346 1034 3543 1100 ambae,

1954 1133 2114 1186 matri
2140 1142 2201 1185 ut
2222 1132 2441 1195 assolet,
2464 1130 2854 1201 defatigatione
2876 1128 3093 1183 itineris
3110 1143 3337 1182 somnus
3355 1127 3549 1197 obrep—

1952 1222 2045 1286 sit,
2075 1219 2403 1290 oblatusque
2437 1219 2491 1274 in
2544 1220 2639 1273 illo
2682 1226 2765 1274 est
2817 1228 3060 1281 sanctus,
3108 1217 3271 1271 aliam
3321 1216 3549 1271 indutus

1952 1313 2187 1381 formam
2211 1329 2239 1367 a
2269 1320 2567 1375 consueta;
2594 1310 2894 1365 accedebat
2917 1318 3124 1372 autem,
3154 1307 3363 1362 ducens
3383 1322 3546 1361 manu

1952 1406 2214 1474 puellam.
2239 1404 2329 1459 cui
2362 1402 2689 1472 imperabat,
2723 1401 2931 1455 doloris
2957 1400 3041 1455 sui
3079 1400 3262 1454 locum
3294 1408 3354 1453 ut
3388 1415 3547 1453 reve-

1952 1496 2112 1551 laret.
2154 1497 2360 1567 lllaque
2404 1512 2527 1549 mox
2564 1496 2716 1564 jussa
2751 1502 3094 1563 capessentc,
3141 1492 3380 1547 dissecto
3425 1492 3548 1545 loco

1951 1588 2224 1643 educebat
2257 1587 2383 1642 inde
2414 1587 2561 1656 quod
2593 1586 2778 1640 fuerat
2804 1586 3013 1639 doloris
3037 1599 3226 1651 causa,
3266 1591 3323 1637 et
3346 1583 3548 1637 vulnus

1952 1677 2209 1731 cicatrice
2232 1676 2545 1731 obducebat
2577 1693 2589 1729 :
2628 1684 2819 1745 postea
2857 1675 3232 1745 egredientem
3267 1674 3432 1728 domo
3460 1672 3543 1727 vi-

1952 1767 2188 1822 debatur
2236 1766 2342 1822 sibi
2394 1767 2594 1821 mulier
2640 1765 2986 1836 obstringere
3031 1766 3431 1837 jurejurando,
3487 1775 3546 1819 ut

259 1839 366 1919 σαν
408 1839 573 1920 αὐτόν
624 1866 774 1929 ὅστις
828 1865 915 1934 εἴη
962 1864 1207 1933 φράσαι·
1245 1864 1336 1917 τὸν
1375 1839 1431 1916 δὲ
1461 1839 1714 1931 καθάπερ
1746 1862 1844 1933 βα-

1958 1858 2163 1923 ederet,
2196 1858 2321 1929 quis
2349 1867 2496 1913 esset
2532 1876 2542 1911 :
2586 1857 2742 1911 illum
2788 1864 2995 1921 autem,
3042 1857 3215 1911 veluti
3260 1857 3547 1911 molestius

261 1959 403 2028 ρέως
465 1956 698 2027 φέροντα
752 1959 847 2009 καὶ
896 1955 1217 2026 ἀχθόμενον,
1246 1949 1318 2007 Ὦ
1373 1954 1559 2023 γύναι,
1590 1956 1643 2009 τί
1690 1956 1850 2010 τοῦτο

258 2050 541 2121 ἐπιζητεῖς
573 2048 1011 2120 ἀποκρίνασθαι;
1061 2048 1405 2100 Διαναστᾶσα
1445 2049 1651 2114 τοίνυν,
1687 2047 1733 2101 ὣ
1756 2049 1849 2103 τοῦ

260 2140 574 2211 θαύματοςι
609 2139 854 2211 εὑρίσκει
894 2139 993 2209 τὴν
1026 2138 1195 2192 παῖδα
1233 2139 1329 2192 τοῦ
1372 2138 1576 2203 πάθους
1604 2141 1851 2194 ἀπαλλα-

258 2238 473 2304 γεῖσαν,
516 2235 609 2288 καὶ
651 2233 898 2305 βραχέως
938 2233 1109 2286 ὕπνου
1143 2232 1314 2304 δῶρον
1353 2234 1489 2306 αὐτῇ
1534 2234 1852 2305 παραδόξως

259 2344 460 2398 γεγενη
470 2328 639 2399 μένην
648 2368 662 2381 .

336 2426 463 2489 σιγ’.
516 2420 679 2491 ’Δνὴρ
707 2418 765 2472 δέ
796 2437 877 2481 τις
908 2419 972 2471 ὲκ
1008 2417 1264 2488 γειτόνων
1301 2419 1368 2488 τῇ
1401 2418 1624 2483 γυναικὶ
1656 2417 1850 2489 ταύτῃ,

260 2511 479 2583 γλώττῃ
509 2510 651 2564 κατά
682 2509 775 2564 τοῦ
808 2510 964 2578 ἁγίου
1002 2508 1223 2581 λοιδόρῳ
1253 2508 1345 2562 καὶ
1377 2508 1607 2577 διαϐόλῳ
1633 2507 1851 2579 χρώμε-

262 2620 378 2666 νος,
416 2603 475 2665 ὃς
519 2604 633 2665 τοῖς
658 2601 822 2655 αὐτοῦ
864 2601 1191 2671 θαυμασίοις
1226 2600 1327 2653 οὐκ
1350 2598 1668 2653 ἀπιστοῦντι
1697 2600 1855 2669 μόνον

265 2693 452 2765 ἐῴκει,
485 2681 620 2748 ἀλλά
649 2694 744 2748 καὶ
777 2692 1199 2765 παρασκώπτων
1240 2695 1321 2755 είς
1348 2691 1510 2745 αὑτὸν
1547 2688 1636 2763 ἦν,
1666 2692 1761 2744 καὶ
1788 2692 1858 2745 τά

266 2786 476 2838 ἐκείνου
508 2785 783 2855 διασύρων
805 2784 1026 2855 ἀναίδην
1059 2784 1153 2837 καὶ
1182 2783 1554 2847 καταπαίζων.
1587 2776 1756 2845 Οὗτος
1778 2782 1857 2835 δί-

265 2893 374 2946 κην
405 2876 579 2947 εὑρὼν
627 2876 930 2938 ἀκολάστου
977 2875 1250 2946 γλώσσης,
1299 2874 1530 2945 δαίμονα
1584 2876 1854 2941 σύνοικον,

264 2968 602 3038 προσάγεται
633 2968 711 3038 τῷ
746 2969 908 3038 άγίῳ,
936 2969 1029 3022 καὶ
1058 2966 1355 3037 θεραπείας
1401 2966 1533 3036 παρ’
1560 2966 1724 3019 αὐτοῦ
1763 2984 1856 3019 τυ-

265 3057 403 3130 χὼν,
436 3059 557 3113 οὐδὲ
588 3058 758 3131 ταύτῃ
808 3061 906 3129 τῆς
959 3062 1038 3123 είς
1065 3059 1226 3112 αὐτὸν
1265 3059 1536 3127 ἀπέσχετο
1564 3059 1852 3127 φλυαρίας.

1952 1946 2223 2002 ferentem
2274 1947 2764 2016 indolentemque,
2816 1947 3153 2016 respondere
3192 1964 3206 2000 :
3240 1945 3285 2001 Ο
3322 1947 3543 2010 mulier,

1953 2055 2053 2095 cur
2096 2038 2232 2093 illud
2284 2038 2703 2110 percunctaris?
2750 2037 2846 2093 His
2878 2037 3033 2100 visis,
3067 2038 3307 2092 excitata
3347 2036 3547 2091 mulier

1956 2130 2011 2199 (0
2045 2129 2369 2185 miraculum
2394 2115 2431 2198 l)
2457 2128 2921 2199 reperitpuellam
2952 2128 3145 2182 dolore
3170 2128 3423 2193 liberam,
3449 2143 3546 2198 per

1956 2220 2142 2275 brevis
2186 2220 2364 2275 somni
2399 2236 2598 2275 munus
2637 2220 2985 2275 admirabile.

2026 2411 2151 2465 21⁸5.
2196 2411 2274 2466 Ex
2295 2411 2497 2466 vicinia
2521 2412 2755 2481 hujusce
2786 2412 3036 2467 mulieris
3060 2414 3146 2467 vir
3166 2412 3391 2483 quidam
3416 2429 3549 2469 con-

1957 2502 2251 2558 tumeliosa
2308 2512 2472 2574 atque
2525 2504 2798 2558 diabolica
2828 2505 3015 2573 lingua
3068 2506 3251 2559 virum
3296 2514 3547 2560 sanctum

1958 2590 2299 2657 incessebat;
2352 2601 2407 2645 ct
2456 2577 2749 2646 videbatur
2803 2608 2914 2646 non
2965 2593 3129 2648 modo
3180 2608 3291 2649 non
3319 2594 3549 2649 credere

1958 2682 2225 2737 miracula
2254 2683 2393 2753 ejus,
2419 2682 2516 2738 sed
2544 2691 2601 2737 et
2639 2682 2908 2748 cavillari,
2934 2692 3099 2754 atque
3125 2685 3420 2741 detrahere
3452 2700 3552 2757 per

1959 2792 2233 2832 summam
2283 2777 2683 2847 impudentiam
2719 2777 2887 2833 rebus
2930 2779 2998 2833 ab
3040 2779 3135 2833 illo
3176 2781 3344 2851 gestis
3373 2780 3551 2851 iisque

1960 2871 2214 2925 illudere.
2248 2869 2353 2939 Sed
2380 2870 2589 2941 reperit
2616 2869 3269 2944 intemperantislinguze
3298 2874 3553 2929 meritam

1960 2961 2250 3025 ultionem,
2315 2960 2563 3016 daemone
2614 2962 2796 3031 ipsum
2855 2964 3172 3019 invadente.
3223 2964 3556 3020 Producitur

1958 3067 2089 3121 ergo
2120 3052 2189 3105 ad
2224 3061 2507 3118 sanctum;
2540 3052 2637 3107 sed
2671 3053 2741 3107 ab
2769 3068 2836 3107 eo
2864 3054 3252 3110 liberationem
3282 3073 3554 3132 consecu-

280 3149 349 3203 Ἦ
387 3148 510 3219 δίκη
543 3150 599 3202 δὲ
633 3149 795 3203 πάλιν
826 3148 933 3201 τῶν
974 3149 1173 3216 ἑαυτῆς
1202 3148 1302 3200 οὐκ
1329 3147 1521 3217 ἡμέλει
1544 3163 1558 3178 ο
1601 3147 1738 3199 ἀλλά
1772 3164 1855 3199 νο-

1962 3150 2071 3207 tus,
2104 3142 2278 3198 nihilo
2312 3144 2485 3214 magis
2518 3159 2683 3214 quam
2714 3146 2870 3215 prius
2902 3147 3190 3204 desinebat
3217 3149 3271 3204 in
3302 3159 3556 3205 sanctum

270 3242 438 3311 μίσας
475 3243 503 3293 ό
537 3241 760 3310 μάταιος
796 3240 1003 3302 ἐκεῖνος
1049 3240 1176 3291 ἰδεῖν
1208 3238 1297 3291 τὸν
1334 3236 1482 3305 ἅγιον
1525 3240 1581 3290 ἐν
1616 3239 1859 3309 ὁράματι

269 3328 463 3389 νυκτὸς
504 3326 651 3396 αὐτῷ
699 3328 1019 3386 ἐπιστάντα,
1060 3327 1153 3379 καὶ
1186 3327 1285 3397 τὴν
1315 3324 1475 3379 αὑτοῦ
1514 3327 1693 3391 δεξιάν
1724 3329 1860 3398 πρὸς

268 3413 442 3485 ὀργὴν
471 3414 807 3484 ἀφελόμενον
904 3415 1258 3479 διυπνισθεὶς,
1313 3416 1561 3484 ἀψευδεῖς
1615 3418 1860 3471 ἐπὶτῶν

270 3503 451 3575 ἔργων
497 3505 739 3576 εὑρίσκει
785 3506 883 3570 τάς
919 3508 1015 3577 τῆς
1045 3508 1346 3574 φαντασίας
1384 3508 1619 3571 εἰκόνας.
1654 3511 1717 3565 Εἰ
1750 3511 1859 3581 γάρ

271 3598 371 3647 καὶ
397 3596 470 3665 μὴ
502 3596 674 3667 πάντη
707 3598 807 3668 τὴν
826 3596 1004 3661 δεξιάν
1032 3598 1301 3669 ἀφῄρητο,
1330 3600 1466 3654 ἀλλὰ
1492 3602 1663 3673 ξηράν
1690 3603 1861 3674 αὐτὴν

271 3681 409 3756 εἶχε,
434 3688 528 3741 καὶ
557 3688 707 3741 οὐδὲν
736 3689 956 3760 ἀψύχων
982 3690 1303 3743 ἀπεοικυῖαν
1324 3709 1337 3723 ·
1368 3692 1559 3748 ἔπειτα
1586 3696 1768 3765 μέντοι
1802 3697 1858 3748 αἱ

274 3776 479 3845 σάρκες
526 3777 884 3849 διαρῤυεῖσαι,
926 3787 1108 3853 γυμνά
1157 3786 1319 3856 μέχρι
1354 3786 1568 3856 καρποῦ
1610 3786 1678 3839 τὰ
1726 3788 1861 3840 ἐστᾶ

273 3868 369 3920 καὶ
403 3868 570 3939 νεῦρα
610 3873 709 3939 τῆς
749 3874 931 3943 χειρὸς
980 3877 1196 3949 ἐκείνης
1235 3878 1697 3931 ἀπολελοίπεσανυ
1734 3878 1861 3948 ἑξῆς

269 3960 330 4014 δὲ
372 3961 466 4013 καὶ
500 3960 737 4031 σκώληξι
770 3963 995 4029 ζέσασα,
1026 3966 1145 4019 οὐδὲ
1178 3967 1421 4039 φορητὴν
1454 3969 1530 4039 τῷ
1564 3967 1729 4038 ἀθλίῳ
1766 3970 1861 4039 τὴν

271 4052 373 4119 τῆς
403 4052 591 4123 ὀδύνης
618 4053 739 4121 βίαν
768 4058 1017 4125 παρεῖχε.

1962 3236 2274 3304 petulanter
2301 3251 2480 3306 agere.
2504 3235 2612 3292 Sed
2644 3245 2701 3292 et
2726 3239 2969 3294 vindicta
2995 3254 3215 3296 rursum
3241 3243 3418 3298 nihilo
3447 3254 3559 3299 tar-

1964 3327 2089 3382 dius
2120 3328 2477 3398 subsequitur
2503 3349 2514 3383 :
2541 3330 2845 3385 arbitratus
2873 3347 3111 3401 namque
3144 3342 3227 3388 est
3258 3350 3432 3390 vanus
3462 3334 3556 3392 ille

1964 3416 2150 3483 homo,
2182 3429 2349 3472 noctu
2382 3434 2439 3473 se
2470 3418 2524 3473 in
2546 3418 2760 3475 visione
2787 3421 3110 3490 conspicere
3138 3424 3557 3488 sanctum,sibi-

1966 3525 2072 3579 que
2098 3510 2154 3563 in
2192 3510 2493 3565 vindictam
2524 3511 2732 3565 auferri
2764 3512 2835 3566 ab
2870 3512 3011 3567 irato
3040 3512 3322 3568 dexteram
3355 3530 3509 3570 suam
3538 3534 3556 3568 τ

1967 3610 2325 3670 experrectus
2350 3612 2534 3656 autem
2586 3602 2862 3672 comperit
2894 3603 3122 3659 minime
3165 3620 3335 3660 vanas
3384 3606 3555 3662 fuisse

1968 3693 2199 3748 visionis
2257 3694 2557 3766 imagines,
2612 3693 2708 3747 sed
2774 3709 2889 3748 rem
2943 3694 3119 3765 ipsam
3186 3695 3359 3752 fuisse
3396 3717 3407 3751 :
3449 3700 3553 3754 etsi

1958 3786 2105 3839 cnim
2186 3786 2411 3840 dextera
2472 3787 2591 3855 ejus
2664 3787 2892 3841 omnino
2971 3787 3151 3844 ablata
3213 3805 3324 3843 non
3381 3802 3551 3853 esset.

1962 3886 2183 3930 aruerat
2217 3884 2351 3941 tota,
2385 3877 2523 3931 nihil
2551 3877 2817 3933 differens
2865 3878 2936 3933 ab
2967 3879 3232 3937 inanima.
3259 3882 3371 3937 Nec
3406 3884 3558 3937 stetit

1962 3971 2053 4024 bic
2104 3971 2307 4023 malum
2344 3987 2357 4022 ε
2394 3980 2719 4040 consumpta
2756 3986 2909 4035 caro,
2961 3973 3108 4027 nuda
3156 3974 3310 4029 illius
3362 3984 3556 4031 manus

1964 4062 2107 4130 polla
2147 4076 2459 4130 nervosque
2498 4061 2775 4126 destituit,
2809 4078 3101 4133 usquequo
3154 4080 3218 4119 ea
3251 4066 3555 4121 committi-

271 4154 369 4200 tur
395 4143 622 4200 brachio
660 4161 674 4200 :
718 4145 787 4202 ad
812 4147 927 4205 haec
954 4157 1009 4205 et
1038 4149 1318 4205 vermibus
1342 4151 1488 4223 quod
1520 4153 1757 4207 restabat
1794 4153 2180 4221 exedentibus,
2228 4152 2593 4207 intolerabilis
2624 4152 2965 4209 inferebatur
3032 4156 3238 4211 misero
3289 4158 3550 4213 violentia

271 4236 549 4292 dolorum.

346 4330 463 4383 atB'.
491 4330 679 4394 Συνεὶς
712 4332 1002 4404 τοιγαροῦν
1034 4336 1168 4404 μετά
1200 4335 1299 4405 τὴν
1334 4336 1571 4407 πληγὴν,
1602 4338 1857 4409 πρόσεισι

274 4422 356 4493 τῷ
399 4426 541 4495 ἁγίῳ
577 4424 909 4495 πικροτέραν
960 4426 1052 4480 τοῦ
1089 4428 1295 4493 πάθους
1327 4432 1425 4500 τὴν
1456 4432 1551 4484 ἐπὶ
1579 4435 1695 4494 τοῖς
1724 4451 1859 4503 προ-

271 4513 496 4567 λαϐοῦσι
551 4515 917 4585 μεταμέλειαν
957 4517 1117 4587 ἔχων.
1160 4520 1220 4571 '0
1246 4520 1301 4572 δὲ
1356 4521 1450 4573 τοῦ
1499 4522 1690 4590 ἀνδρὸς
1725 4523 1859 4591 ἀψά-

273 4624 459 4679 μενος,
488 4607 698 4661 κελεύει
765 4609 867 4678 τῆς
923 4611 1088 4664 αὑτοῦ
1142 4613 1346 4677 κόνεως
1386 4614 1618 4668 λαϐόντα
1671 4615 1856 4673 οἶκαδε

269 4698 516 4759 ἀπιέναι,
540 4697 668 4751 ἄλλο
698 4701 761 4769 τῇ
791 4700 938 4770 χειρὶ
970 4701 1136 4770 μηδὲν
1186 4703 1267 4755 ὅτι
1309 4705 1383 4774 μὴ
1430 4705 1635 4775 ταύτης
1677 4708 1857 4759 ἐπιτι-

271 4787 457 4841 θέντα.
485 4790 595 4842 Καὶ
617 4790 645 4841 ὀ
681 4790 777 4859 μὲν
811 4791 984 4843 ταῦτα
1016 4792 1145 4863 ἕδρα
1187 4810 1199 4823 ·
1240 4796 1367 4865 περὶ
1397 4796 1454 4849 δὲ
1507 4798 1724 4867 πρῶτον
1768 4817 1859 4851 νυ-

270 4878 403 4941 κτὸς
434 4878 603 4932 ὕπνον
626 4880 801 4947 ἔδοξεν
829 4881 977 4951 αὐτῷ
992 4883 1085 4935 τὸν
1102 4882 1326 4953 Συμεὼν
1349 4887 1667 4951 ἐπιστάντα,
1688 4891 1855 4941 πτύε-

271 4968 365 5021 λόν
393 4985 454 5021 τε
487 4970 581 5024 τοῦ
621 4971 826 5024 οἰκείου
861 4972 1151 5042 στόματος,
1177 4975 1272 5027 τοῦ
1333 4974 1481 5028 θείου
1510 4977 1586 5040 ὡς
1633 4978 1853 5049 ἀληθῶς

178 5098 185 5111 .
272 5062 484 5117 ἐκείνου
518 5063 613 5116 καὶ
642 5063 762 5133 Θεῷ
784 5063 872 5116 διά
901 5064 1100 5128 παντὸς
1131 5066 1585 5135 προσλαλοῦντος,
1613 5072 1679 5140 τῇ
1704 5069 1857 5140 δεξιᾷ

271 5151 641 5224 λαμϐάνοντα,
664 5155 765 5225 τὴν
810 5153 1021 5207 ἐκείνου
1072 5155 1252 5221 δεξιάν
1285 5158 1575 5229 ὲπιχρίειν,
1616 5160 1753 5230 ὁμοῦ
1804 5162 1860 5214 δὲ

273 5245 355 5316 τῷ
384 5247 647 5316 χρίσματι
692 5248 788 5299 καὶ
820 5248 1032 5316 σάρκας
1080 5247 1402 5316 ἀνάγεσθαι,
1432 5252 1525 5303 καί⁵
1561 5250 1738 5322 δέρμα
1772 5254 1859 5306 ἐπ’

275 5339 450 5409 αὐτὴν
482 5339 844 5404 ἐκτείνεσθαι,
888 5339 993 5401 ἕως
1030 5332 1124 5391 ἐπὶ
1153 5337 1244 5392 τὸν
1275 5341 1577 5411 πριέχοντα
1606 5343 1860 5399 κόνδυλον

275 5431 375 5487 τοῦ
420 5432 590 5503 μέσου
624 5430 914 5484 δακτύλου.
938 5431 1139 5484 Τοῦτον
1170 5431 1228 5485 δὲ
1254 5433 1402 5501 αὐτῷ
1440 5432 1537 5487 σὺν
1587 5436 1737 5506 ὄνυχι
1761 5454 1860 5490 πε-

362 5586 491 5665 (56).
532 5587 710 5665 (ἓνιεςε
765 5593 896 5663 ’περὶ
930 5595 1028 5665 τὴν
1077 5595 1290 5665 γυνήνς
1348 5600 1394 5665 et
1439 5593 1649 5661 quidem
1680 5594 1855 5665 γυνὴ,

275 5658 557 5727 γυναικὸς,
582 5661 782 5724 quinta:
828 5658 1215 5719 declinationis
1260 5658 1521 5716 feminam
1568 5658 1857 5731 significat,

272 5732 433 5799 γυνὴ,
460 5731 650 5801 γυνῆς,
682 5733 926 5787 secundae
972 5733 1345 5788 declinationis
1370 5748 1631 5801 nusquam
1661 5735 1863 5788 inveni-

276 5798 558 5868 tur,’quod
590 5801 776 5856 sciam.
820 5803 960 5868 Quid
983 5807 1027 5858 si
1062 5808 1139 5858 ita
1184 5803 1453 5857 declinata
1483 5798 1600 5857 ἰ’οτ
1620 5816 1864 5858 sumatur

2034 4340 2161 4392 2M.
2187 4338 2541 4408 Resipiscens
2572 4338 2743 4410 igitur
2766 4347 2889 4409 post
2904 4340 3079 4428 \talem
3109 4344 3550 4414 castigationem,

1968 4430 2309 4503 proceditad
2339 4440 2616 4496 sanctum,
2646 4432 2994 4487 acerbiorem
3044 4435 3385 4503 paenitentia:
3427 4454 3555 4508 pro-

1893 4533 2089 4614 Dpter
2136 4523 2399 4586 admissa,
2457 4538 2622 4592 quam
2689 4523 2898 4578 doloris
2958 4539 3025 4579 ex
3079 4540 3302 4581 corrosa
3360 4545 3549 4596 manu,

1964 4630 2187 4669 sensum
2239 4613 2498 4668 aii‘erens.
2545 4614 2720 4669 Tactu
2773 4631 2875 4671 suo
2929 4616 3216 4688 dignatum
3260 4622 3420 4691 jubet
3464 4625 3553 4679 ille

1965 4704 2218 4767 pulveris
2244 4704 2528 4773 quidpiam
2557 4719 2745 4760 secum
2773 4714 3058 4775 asportare
3104 4724 3169 4763 ac
3221 4711 3406 4767 redire
3452 4714 3554 4769 do-

1957 4808 2143 4846 mum:
2171 4808 2273 4847 nec
2298 4793 2625 4863 quidquam,
2648 4805 2880 4865 excepto
2907 4797 3033 4863 isto,
3062 4800 3249 4853 manu‘i
3274 4801 3557 4872 imponen-

1958 4885 2111 4938 dum.
2144 4882 2303 4949 Quod
2330 4892 2387 4937 et
2412 4884 2605 4937 sedulo
2627 4884 2776 4941 fecit.
2804 4885 2919 4941 Sub
2949 4889 3187 4957 primam
3219 4907 3352 4947 vero
3378 4899 3560 4953 noctis

1968 4977 2211 5047 quietem
2234 4976 2385 5030 visus
2414 4975 2465 5028 ei
2506 4985 2589 5029 est
2640 4983 2822 5033 astare
2852 4978 3110 5050 Symeon,
3174 4986 3271 5055 qui
3328 4987 3556 5043 salivam

1970 5070 2084 5124 oris
2116 5068 2227 5130 sui,
2258 5068 2372 5122 oris
2400 5084 2565 5137 quam
2604 5070 2892 5127 verissime
2923 5073 3098 5131 divini
3122 5088 3180 5133 et
3203 5079 3315 5135 Deo
3338 5096 3557 5153 semper

1969 5162 2358 5230 colloquentis,
2390 5160 2617 5215 dextera
2656 5177 2754 5217 sua
2794 5176 3107 5236 exceptam,
3138 5169 3288 5225 illius
3313 5172 3558 5230 dexterae

1970 5253 2273 5307 allinebat:
2309 5267 2421 5321 quo
2464 5252 2629 5319 facto,
2678 5256 2841 5309 simul
2896 5271 3063 5313 carne
3114 5262 3344 5328 obduci,
3392 5266 3555 5319 simul

1968 5344 2115 5415 pelle
2146 5344 2336 5400 vestiri
2365 5344 2433 5398 ad
2466 5361 2745 5400 summum
2775 5363 2948 5417 usque
3010 5352 3178 5405 medii
3220 5354 3376 5425 digiti
3429 5373 3559 5411 con~

1968 5438 2155 5509 dylum
2186 5439 2391 5507 erepit:
2428 5438 2582 5494 visus
2613 5448 2798 5494 autem
2822 5451 2907 5495 est
2938 5444 3206 5517 condylus
3270 5449 3373 5503 iste
3429 5464 3557 5503 cum

1959 5616 2053 5675 pro
2112 5607 2267 5669 parte
2326 5598 2595 5675 muliebri,
2643 5621 2805 5673 quam
2859 5607 2983 5675 quia
3016 5606 3225 5674 tangia
3267 5618 3557 5675 monacho,

1960 5672 2120 5723 etiam
2175 5687 2265 5750 per
2306 5674 2571 5726 somnium
2626 5672 2673 5727 et
2713 5672 2984 5750 visionem,
3047 5672 3289 5735 indecens
3344 5672 3559 5750 luisset,

1962 5743 2272 5821 ᾳρρςιηλεζὶι
2304 5750 2541 5821 sanctus,
2593 5762 2699 5799 non
2748 5743 2802 5800 in
2855 5751 3073 5819 propria
3131 5743 3466 5821 specie,'sed
3502 5743 3559 5811 τά

1962 5813 2141 5866 habitu
2179 5811 2458 5880 chirurgi?
