4078 6332
630 403 768 465 3183

1832 401 1889 461 S.
1934 396 2301 459 SUIEONIS
2339 393 2696 455 JUNIORIS

3739 388 3772 449 3
3780 386 3861 449 iiii

626 530 809 586 ungue
866 510 1083 576 cadere,
1153 520 1212 565 ut
1270 523 1468 580 nempe
1519 507 1790 563 secuturis
1850 507 2186 577 temporibus

2294 507 2439 570 σεῖν,
2510 504 2583 565 ὡς
2633 497 2772 555 εἶναι
2823 501 2921 554 καλ⁵
2978 501 3113 571 πρὸς
3164 502 3226 555 τὸ
3288 500 3485 572 μέλλον
3559 501 3860 571 ὑπόμνησιν

630 621 836 660 memor
864 603 1005 658 foret
1036 602 1469 671 intemperantiae
1525 616 1636 655 sua:
1688 599 1742 653 in
1784 599 2058 667 loquendo
2108 599 2189 652 ni-

2290 596 2482 665 ἐκείνῳ
2513 595 2613 663 τῆς
2644 594 2844 664 πολλῆς
2875 595 3004 665 περὶ
3034 594 3280 661 γλῶτταν
3329 595 3659 658 ἀκολασίας,
3705 594 3859 661 ὄνυχα

626 695 784 759 tnize;
811 701 864 746 et
891 691 1169 746 succrevit
1210 690 1406 760 unguis
1440 689 1585 742 alius
1618 688 1669 741 in
1706 694 1951 741 extremo
2038 686 2186 757 digiti

2287 687 2342 740 δὲ
2388 688 2650 755 ἀναϐῆναι
2689 688 2845 741 ἄλλον
2891 688 2982 739 ἐπὶ
3030 688 3408 758 τὸιὲχόμενον
3458 687 3557 739 τοῦ
3614 686 3860 739 κονδύλου

627 786 704 840 sic
743 784 978 838 mutilati
1005 782 1258 838 articulo.
1292 779 1415 833 Haec
1449 779 1611 841 visio,
1643 793 1767 832 cum
1794 778 2189 847 expergiscitur

623 876 813 939 homo,
842 891 930 929 res
964 875 1088 937 fuit,
1122 889 1284 927 manu
1337 871 1485 925 omni
1526 886 1593 925 ex
1625 878 1778 939 parte
1839 870 2070 939 integra,
2107 868 2187 922 uti

626 964 889 1025 diximus,
912 963 1228 1016 exsistente.
1261 960 1329 1015 Ut
1361 968 1545 1012 autem
1579 959 1843 1012 miraculo
1870 958 2189 1025 adjiciamus

628 1055 973 1115 miraculum,
999 1052 1188 1105 eadem
1222 1060 1405 1114 nocte,
1436 1066 1543 1119 qua
1578 1050 1692 1103 haec
1731 1049 1808 1103 illi
1859 1049 2189 1103 videbantur

625 1144 838 1198 actitari
869 1158 896 1196 a
933 1142 1222 1213 Sytneone,
1266 1142 1382 1209 ipse
1443 1155 1663 1209 quoque
1708 1138 1945 1209 Symeon
1999 1146 2188 1207 raptus

627 1236 678 1287 in
714 1234 930 1303 spiritu,
962 1248 1019 1287 se
1058 1233 1232 1301 ipsum
1253 1230 1442 1284 eadem
1484 1229 1824 1284 factitantem
1878 1226 2185 1296 conspicari

623 1323 773 1377 visus
794 1330 905 1385 est;
935 1318 1395 1390 quemadmodum
1427 1320 1565 1388 ipse,
1622 1318 1715 1387 qui
1749 1318 1801 1370 in
1816 1316 2008 1371 ecstasi
2059 1327 2188 1370 tunc

621 1416 922 1478 exstiterat,
954 1413 1237 1483 discipulis
1265 1412 1495 1465 multum
1528 1410 1847 1479 rogantibus
1866 1409 2183 1473 declaravit;

620 1515 675 1560 et
722 1507 825 1561 iste
862 1518 1125 1575 quoque,
1197 1504 1290 1573 qui
1346 1502 1722 1558 incolumitate
1776 1502 2013 1556 donatus
2069 1510 2182 1554 erat

619 1598 918 1651 enarravit.

688 1691 812 1745 215.
856 1690 1054 1744 Verum
1090 1687 1221 1757 quid
1254 1687 1309 1741 in
1341 1702 1539 1742 vanum
1572 1687 1907 1749 laboramus,
1933 1682 2183 1741 conando

618 1782 801 1836 omnia
835 1781 956 1850 ejus
986 1788 1136 1849 gesta
1170 1778 1443 1847 explicare
1467 1778 1690 1832 verbis?
1735 1779 1865 1832 Erat
1895 1778 2048 1832 Surte
2073 1778 2181 1848 (57)

623 1868 788 1937 (quod
828 1877 914 1921 est
957 1867 1217 1936 oppidum
1269 1882 1336 1920 ex
1368 1868 1434 1920 iis
1485 1882 1651 1919 unum
1689 1883 1811 1935 qua:
1847 1875 1979 1921 sunt
2021 1882 2185 1936 supra

619 1960 976 2029 Euphratem)
1004 1959 1160 2012 miles
1188 1958 1432 2027 quidam,
1473 1958 1609 2011 bene
1640 1958 1815 2010 valida
1848 1968 1902 2012 et
1954 1957 2185 2027 juvenili

618 2059 776 2104 :etate
806 2050 1029 2113 ﬂorens,
1061 2064 1162 2103 nec
1192 2064 1302 2102 non
1335 2049 1530 2102 bellica
1555 2049 1759 2102 virtute
1806 2064 1868 2102 ac
1927 2049 2094 2103 rebus
2130 2048 2185 2101 in

606 2138 861 2190 omnibus
896 2137 1217 2191 dexteritate
1249 2136 1504 2190 eximius.
1538 2134 1842 2203 Aliquando
1870 2146 2049 2188 autem
2090 2148 2185 2188 ac-

606 2230 737 2282 cidit
772 2229 847 2281 illi
882 2229 1118 2280 lavatum
1151 2228 1324 2290 eunti,
1348 2229 1560 2282 obviam
1593 2227 1704 2279 fieri
1742 2226 1961 2279 militem
1996 2226 2181 2290 alium,

605 2321 695 2386 qui
748 2320 937 2372 morbo
990 2320 1247 2372 comitiali
1300 2318 1619 2381 laborabat,
1652 2334 1681 2372 e
1722 2318 1926 2371 balucis
1973 2332 2183 2372 exeun-

624 2420 752 2463 tem.
791 2408 1149 2462 Abominatus
1182 2406 1273 2461 ille
1301 2406 1581 2461 hominem
1611 2406 1950 2476 gravissime,
2012 2408 2187 2462 inter-

621 2501 771 2558 dicit.
800 2516 869 2555 ne
898 2501 1091 2555 eodem
1124 2498 1383 2566 deinceps
1413 2514 1598 2552 secum
1626 2497 1819 2552 balneo
1859 2509 2064 2562 utatur,
2095 2507 2188 2553 aut

622 2593 846 2646 omnino
876 2607 1062 2646 secum
1108 2592 1495 2660 congrediatur
1532 2591 1765 2660 uspiam.
1813 2590 2082 2660 ingemuit
2119 2590 2185 2643 ad

618 2683 738 2736 haec
762 2683 927 2736 miser
960 2682 1015 2735 in
1039 2681 1406 2735 amaritudine
1445 2682 1627 2735 cordis
1652 2682 1735 2736 sui
1763 2700 1775 2733 :
1810 2682 2039 2735 morbus
2056 2696 2186 2735 vero

620 2776 738 2844 ejus
776 2774 960 2841 (quam
982 2772 1567 2840 incomprehensibilia
1592 2773 1875 2839 sapientia:
1903 2782 2009 2825 tua:
2040 2772 2187 2841 judi-

618 2865 724 2926 cia,
757 2864 1040 2931 Domine!)
1083 2864 1233 2917 dicto
1264 2862 1426 2916 citius
1457 2863 1512 2915 in
1558 2863 1788 2916 alterum
1820 2865 2059 2917 transiit.
2096 2864 2186 2918 ln-

624 2965 934 3010 tumcscunt
965 2956 1131 3024 igitur
1155 2956 1297 3007 intra
1328 2954 1571 3007 triduum
1603 2955 1679 3009 illi
1718 2970 1912 3009 carnes
1966 2962 2022 3009 et
2079 2954 2187 3007 dif-

621 3045 818 3103 ﬂuunt.
847 3045 1164 3097 immutatur
1192 3043 1384 3101 forma.
1418 3054 1658 3098 arctatur
1692 3046 1950 3113 spiritus;
2015 3043 2186 3113 ﬂlque

2288 778 2506 848 ἄρθρον.
2554 779 2663 847 Τὴν
2707 779 2804 847 μὲν
2848 775 2939 833 οὖν
2983 779 3104 847 ὄψιν
3149 779 3521 832 διυπνισθέντι
3570 778 3655 847 τῷ
3716 776 3861 846 ἀνδρὶ

2289 866 2447 936 ἔργον
2474 865 2633 931 εἶναι,
2670 866 2762 919 καὶ
2804 867 2903 936 τὴν
2954 869 3106 936 χεῖρα
3140 866 3307 934 ὑγιῶς
3338 866 3412 929 ὡς
3445 866 3668 934 ἔφημεν
3704 866 3864 935 ἔχειν-

2291 959 2374 1010 ἵνα
2452 956 2510 1009 δὲ
2586 956 2665 1026 τῷ
2728 956 2969 1026 θαύματι
3029 957 3214 1027 θαῦμα
3262 957 3620 1026 προσθῶμεν,
3692 956 3861 1031 ταῦτὰ

2287 1050 2496 1122 δρῶντα
2532 1050 2621 1101 τὸν
2652 1047 2900 1119 Συμεὼν,
2936 1044 3005 1119 ἦν
3025 1049 3124 1117 τῆς
3148 1050 3336 1110 νυκτὸς
3363 1050 3578 1118 ἐκείνης
3621 1051 3762 1118 ὀρᾷν
3790 1047 3864 1117 τῷ

2289 1142 2554 1211 πνεύματι
2576 1140 2788 1202 ἑαυτὸν,
2814 1136 2902 1193 οἷα
2935 1141 3170 1211 κάκείνῳ
3200 1141 3520 1194 συνεϐαινεν
3544 1158 3563 1174 ο
3587 1141 3670 1203 ὡς
3701 1142 3864 1202 αὐτὸς

2287 1251 2346 1287 τε
2388 1236 2499 1296 τοῖς
2538 1232 2809 1302 μαθηταῖς
2836 1234 3020 1300 ὀφθεὶς
3052 1234 3109 1284 ὲν
3154 1235 3407 1287 ἐκστάσει
3458 1234 3581 1286 τότε
3633 1247 3869 1300 γεγενη-

2292 1324 2471 1395 μένος,
2499 1324 2667 1376 πολλὰ
2699 1324 2969 1393 δεηθεῖσιν
3018 1325 3340 1395 ἀπήγγειλε,
3378 1325 3472 1379 καὶ
3496 1326 3525 1378 ὁ
3550 1324 3655 1394 τῆς
3697 1323 3862 1394 θερα-

2289 1418 2447 1481 πείας
2472 1412 2649 1485 τυχὼν
2675 1416 3000 1487 ἐξηγήσατο.

2359 1691 2473 1737 σιε’.
2505 1683 2663 1738 Ἀλλὰ
2690 1683 3004 1754 μέχριτίνος
3018 1682 3318 1754 ἀμηχάνοις
3338 1682 3752 1753 ἐπιχειροῦμεν,
3784 1681 3876 1737 λό-

2285 1792 2366 1844 γῳ
2405 1775 2472 1829 τὰ
2509 1776 2715 1828 ἐκείνου
2737 1776 3008 1829 διαλαϐεῖν
3034 1775 3267 1844 καθεξῆς
3289 1777 3465 1828 πάντα
3486 1774 3832 1845 πειρώμενοι
3854 1793 3870 1839 ;

2214 1844 2259 1902 B
2288 1861 2395 1919 Ἦν
2412 1883 2495 1928 τις
2524 1868 2579 1917 ἐν
2611 1866 2829 1937 Σουροῖς
2855 1868 3191 1936 στρατιώτης
3217 1866 3512 1933 (πολίχνιον
3534 1844 3593 1918 δέ
3611 1884 3667 1919 τι
3709 1866 3875 1919 τοῦτο

2284 1954 2393 2007 τῶν
2443 1953 2929 2024 Ἐπευφρατιδίων)
2958 1949 3016 2006 εὖ
3060 1954 3157 2021 μὲν
3197 1953 3450 2021 νεότητός
3500 1971 3560 2006 τε
3605 1956 3701 2006 καὶ
3745 1954 3870 2023 ἡλι-

2287 2044 2429 2105 κίας,
2462 2041 2521 2095 εὖ
2556 2044 2609 2095 δὲ
2644 2044 2742 2112 τῆς
2770 2045 2907 2096 κατὰ
2936 2044 3168 2111 πόλεμον
3196 2044 3418 2112 ἀρετῆς,
3449 2045 3545 2097 καὶ
3573 2045 3705 2113 περὶ
3730 2045 3875 2097 πάν-

2285 2149 2350 2184 τα
2366 2132 2669 2203 δεξιότητος
2695 2133 2850 2202 ἔχων.
2882 2133 3017 2185 Ποτὲ
3041 2133 3171 2200 γοῦν
3204 2133 3368 2186 αὑτοῦ
3394 2134 3531 2203 πρός
3556 2152 3608 2186 τι
3628 2134 3864 2203 λουτρὸν

2286 2223 2561 2285 ἀπιόντος,
2601 2223 2796 2293 συνέϐη
2825 2222 2934 2275 τῶν
2968 2224 3312 2294 στρατιωτῶν
3342 2240 3482 2283 τινα,
3519 2226 3619 2286 τὰς
3651 2226 3868 2293 σάρκας

2287 2315 2392 2368 ὑπὸ
2437 2318 2533 2385 τῆς
2576 2318 2727 2385 ἱερᾶς
2756 2317 2913 2368 νόσου
2948 2316 3346 2385 λελωϐημένον,
3380 2317 3594 2369 ἐκεῖθεν
3620 2318 3866 2380 ἐξιόντα,

2286 2406 2365 2467 είς
2424 2407 2749 2475 συνάντησιν
2808 2406 2956 2475 αὐτῷ
3006 2406 3362 2475 καταστῆναι.
3424 2408 3531 2460 Τοῦ
3574 2408 3631 2460 δὲ
3673 2409 3869 2472 δεινῶς

2291 2496 2675 2568 μυσαχθέντοξ,
2704 2496 2797 2549 καὶ
2830 2498 2967 2564 μήτε
3018 2498 3313 2563 βαλανείων
3337 2499 3487 2567 αὐτῷ
3516 2499 3609 2551 τοῦ
3652 2500 3867 2561 λοιποῦ,

2290 2583 2427 2651 μήτε
2456 2576 2747 2650 διατριϐῶν
2781 2586 3056 2637 κοινωνεῖν
3089 2586 3579 2654 παραγγείλαντος,
3611 2589 3866 2652 στξνέζξι

2291 2672 2387 2741 μὲν
2417 2675 2474 2725 ἐν
2505 2674 2697 2744 πικρίᾳ
2716 2674 2893 2743 ψυχῆς
2926 2678 3152 2738 ἐκεῖνος,
3186 2677 3243 2728 τὸ
3270 2677 3325 2728 δὲ
3363 2677 3532 2739 πάθος
3556 2677 3621 2746 (ῶ
3638 2680 3745 2730 τῶν
3776 2683 3871 2731 ἀν-

2287 2762 2519 2830 εφίκτων
2546 2781 2662 2827 σου,
2688 2766 2949 2825 Δέσποτα,
2981 2766 3077 2832 τῆς
3096 2767 3284 2833 σοφίας
3308 2770 3643 2836 χριμάτωνί)
3664 2770 3871 2832 εὐθέως

2287 2854 2375 2906 ἐπ’
2402 2854 2563 2906 αὐτὸν
2610 2855 2973 2922 μεταπίπτειθ
3016 2858 3109 2910 καὶ
3131 2857 3386 2909 διοιδοῦσι
3420 2858 3519 2926 μὲν
3546 2859 3656 2910 ἔσω
3698 2859 3868 2929 τριῶν

2287 2944 2512 3016 ἡμερῶν
2545 2946 2601 2997 αἱ
2629 2947 2827 3014 σάρκες
2866 2945 2941 3015 τῷ
2974 2948 3279 3018 στρατιώτῃ
3322 2950 3415 3001 καὶ
3442 2951 3866 3020 καταρρέουσαν,

2290 3035 2600 3087 ἀλλοιοῦται
2629 3035 2685 3087 δὲ
2716 3038 2749 3106 ἡ
2784 3036 2941 3103 πνσὴ.
2970 3039 3063 3089 καὶ
3088 3040 3167 3100 είς
3195 3038 3293 3108 τὴν
3322 3040 3573 3091 ἐναντίαν
3598 3040 3660 3092 τὸ
3704 3042 3868 3109 σῶμα

622 3136 886 3190 habitudo
936 3138 1206 3191 contraria
1273 3138 1441 3191 totius
1479 3137 1747 3205 corporis,
1809 3138 2006 3208 exiguo
2048 3146 2186 3190 tem-

2296 3125 2617 3194 μεταϐάλλει
2647 3127 2778 3191 ἕξιν,
2816 3128 3025 3193 σαπρία
3052 3129 3113 3180 τὸ
3139 3130 3247 3181 πᾶν
3282 3132 3339 3182 ὲν
3368 3131 3534 3201 ὀλίγῳ
3565 3132 3869 3203 γεγενημέ·

621 3245 755 3299 pore
791 3229 945 3298 quasi
980 3230 1032 3282 in
1064 3228 1407 3297 putredinem
1445 3229 1612 3283 versi.
1640 3227 1972 3283 Medicorum
1998 3244 2193 3283 manus

615 3331 677 3376 et
699 3312 846 3375 artes
877 3325 987 3390 jam
1015 3320 1311 3389 stupebant
1354 3320 1616 3377 defessae:
1679 3336 1804 3375 cum
1867 3320 2077 3374 homini
2112 3321 2191 3375 sic

616 3412 885 3467 destituto
939 3410 1250 3480 desperatio
1294 3411 1406 3479 ipsa
1449 3412 1701 3465 sanitatis
1757 3411 1825 3465 ab
1870 3411 2191 3465 hominibus

617 3502 1039 3573 consequendze.
1074 3502 1400 3556 mirabiliter
1438 3501 1545 3555 dus
1581 3502 1635 3555 lit
1668 3502 1734 3556 ad
1790 3502 2055 3557 salutem:
2095 3517 2190 3557 co—

620 3610 888 3664 gnoscens
915 3594 1066 3648 enim
1092 3593 1345 3664 castigari
1380 3607 1439 3648 se
1470 3608 1500 3646 a
1553 3594 1664 3647 Deo
1696 3605 1923 3663 propter
1986 3595 2189 3650 illatam

623 3686 868 3755 proximo
894 3701 993 3739 suo
1022 3686 1412 3739 contumeliam
1436 3727 1447 3748 ,
1477 3685 1543 3737 ad
1572 3685 1726 3737 illum
1748 3684 2040 3756 confugere
2091 3687 2185 3741 dc-

626 3776 823 3839 cernit,
850 3791 878 3828 a
913 3791 1022 3845 quo
1049 3775 1384 3845 vapulabat:
1435 3775 1719 3844 soliusque
1741 3790 1860 3830 esse
1894 3777 2012 3842 Dei,
2042 3776 2187 3845 quod

624 3868 926 3921 immiserat
950 3865 1243 3937 ﬂagellum,
1272 3880 1577 3920 removere.
1609 3865 1699 3920 Sic
1730 3868 1970 3921 animato
2013 3868 2187 3921 astitit

622 3960 839 4028 aliquis,
882 3957 1068 4011 divina
1098 3956 1252 4025 quasi
1294 3955 1568 4025 legatione
1602 3957 1820 4020 missus,
1855 3956 1948 4025 qui
1980 3956 2188 4011 :Tran-

622 4051 689 4113 si,
729 4049 926 4117 inquit,
960 4050 1015 4102 in
1040 4056 1277 4101 montem
1308 4045 1611 4101 Mirabilem
1669 4048 1736 4100 ad
1780 4046 2043 4101 famulum
2092 4048 2185 4102 Dei

622 4143 944 4212 Symeonem
973 4157 986 4193 :
1018 4140 1107 4193 ille
1136 4139 1423 4193 doloribus
1456 4141 1563 4193 tuis
1592 4138 1925 4193 medebitur.
1964 4140 2188 4196 Talibus

624 4237 715 4289 ille
742 4234 901 4290 dictis
950 4232 1315 4289 inﬂammatus
1372 4235 1562 4297 corde,
1630 4234 2007 4303 promissaque
2067 4247 2184 4287 rata

2296 3220 2477 3285 μένον.
2520 3217 2746 3287 ’Ῑατροϊς
2777 3217 2875 3285 μὲν
2908 3214 3000 3272 οῦν
3050 3219 3149 3290 ἤδη
3181 3221 3274 3273 καὶ
3311 3224 3492 3291 χεῖρες
3533 3226 3627 3274 καὶ
3676 3225 3867 3291 τέχναι

2295 3305 2480 3373 σαφῶς
2525 3307 2899 3375 ἀπειρήκεσαν
2924 3323 2939 3338 °
2975 3307 3050 3377 τῷ
3090 3308 3164 3373 δὲ,
3195 3313 3227 3379 ἡ
3261 3311 3317 3375 ἐξ
3364 3309 3673 3380 ἀνθρώπων
3700 3313 3870 3382 Θερα-

2295 3398 2454 3459 πείας
2512 3399 2840 3464 ἀπόγνωσις,
2871 3399 3059 3468 ὀδηγὸς
3105 3402 3426 3471 παραδόξως
3456 3404 3540 3464 είς
3589 3404 3871 3474 σωτηρίαν

2290 3488 2496 3555 γίνεται
2532 3491 2623 3541 καὶ
2652 3490 2919 3544 παιδείαν.
2952 3487 3105 3544 Εἶναι
3137 3492 3271 3544 Θεοῦ
3303 3493 3363 3545 τὸ
3397 3496 3626 3561 πρᾶγμα
3660 3497 3868 3560 συνεὶς,

2290 3569 2379 3629 δὶὰ
2421 3577 2513 3630 τὸν
2564 3579 2644 3641 είς
2686 3578 2778 3631 τὸν
2830 3580 3059 3650 πλησίον
3109 3581 3431 3649 ὀνειδισμὸν,
3464 3583 3601 3652 πρὸς
3658 3586 3869 3638 ἐκεῖνον

2290 3660 2431 3732 ἔγνω
2476 3668 2833 3734 καταφυγεῖν,
2860 3667 2989 3737 παρ’
3027 3661 3088 3721 οὗ
3154 3667 3247 3720 καὶ
3292 3672 3324 3740 ή
3382 3672 3601 3726 παιδεία
3630 3690 3645 3704 ·
3703 3677 3868 3741 μόνου

2289 3759 2398 3828 γὰρ
2431 3754 2694 3829 εἶναιτὴν
2726 3759 2932 3828 ταύτης
2966 3758 3117 3812 λύσιν
3152 3759 3310 3823 Θεοῦ,
3334 3760 3428 3814 τοῦ
3471 3765 3567 3815 καὶ
3606 3764 3707 3836 τὴν
3736 3783 3866 3820 παι·

2292 3850 2443 3903 δείαν
2486 3850 2878 3918 ἐπαγαγόντος.
2909 3850 3096 3912 υῦτως
3161 3852 3339 3921 ἔχοντι
3394 3856 3734 3922 παρίσταταί
3782 3875 3866 3922 τις

2290 3940 2459 4011 αὐτῷ,
2488 3940 2736 4010 καθάπερ
2797 3940 2862 3993 ἐκ
2902 3958 3045 4004 τινος
3093 3941 3240 4004 οείας
3288 3943 3619 4013 ἀποστολῆς,
3648 3946 3728 4011 ὃς,
3761 3947 3869 4000 Πο-

2293 4034 2449 4101 ρεύου
2491 4033 2645 4101 παρὰ
2695 4032 2752 4085 τὸ
2798 4031 3113 4101 θαυμαστὸν
3139 4032 3265 4102 ὅρος
3290 4035 3385 4087 ἐπὶ
3415 4035 3506 4088 τὸν
3537 4035 3722 4089 δοῦλον
3768 4038 3865 4092 τοῦ

2287 4123 2421 4176 Θεοῦ
2453 4123 2696 4193 Συμεὼν,
2732 4124 2857 4193 ἔφη,
2889 4127 3093 4187 ἐκεῖνος
3119 4123 3261 4188 ίασις
3282 4125 3382 4193 τῆς
3414 4128 3679 4195 μάστιγος
3714 4131 3865 4184 ἔσται

2290 4232 2393 4269 σοι.
2431 4215 2489 4268 Ὀ
2513 4216 2569 4268 δὲ
2603 4216 2735 4285 πρὸς
2778 4215 2839 4267 τὸ
2881 4216 3030 4286 ῥῆμα
3074 4217 3175 4285 τὴν
3232 4218 3459 4286 καρδίαν
3515 4220 3863 4290 ἀναφλεγεὶς,

625 4327 900 4391 babens,a
934 4325 1254 4380 domesticis
1285 4326 1351 4380 ad
1381 4333 1632 4379 sanctum
1683 4334 1965 4394 portatur:
2002 4334 2056 4378 et
2091 4326 2185 4394 qui

2287 4313 2467 4362 πίστει
2500 4325 2556 4362 τε
2592 4309 2803 4379 μεγάλῃ
2869 4308 3027 4360 τοῦτο
3077 4307 3406 4377 δεξάμενος.
3454 4311 3863 4380 ἀνακομίζεται

621 4433 798 4487 nuper
824 4428 931 4471 tam
955 4432 1254 4487 generosus
1281 4424 1400 4471 erat
1425 4431 1487 4469 ac
1517 4415 1781 4478 fervidus,
1821 4416 2187 4485 prosternitur

2292 4400 2429 4471 πρὸς
2475 4401 2635 4453 αὑτὸν
2687 4400 2788 4452 ὑπὸ
2837 4400 2945 4451 τῶν
2984 4400 3236 4451 οἰκείων·
3274 4400 3367 4452 καὶ
3401 4402 3429 4453 ὁ
3470 4403 3665 4472 πρώην
3699 4405 3862 4470 καλὸς

620 4509 687 4563 ad
719 4508 889 4577 pedes
923 4509 1088 4573 illius,
1118 4506 1336 4561 nemine
1377 4522 1487 4559 non
1539 4506 1967 4559 miserior.Tum
1992 4521 2184 4576 magna

2290 4490 2495 4552 ἐκεῖνος
2535 4490 2627 4541 καὶ
2668 4487 2906 4558 ζηλωτὸς
2939 4487 3191 4557 ῥίπτεται
3231 4488 3338 4556 «pb
3371 4487 3558 4553 αὑτοῦ,
3594 4490 3737 4553 τινος
3764 4493 3864 4545 οὐκ

619 4605 918 4668 derepente
954 4599 1007 4649 vi
1037 4597 1341 4665 sanguinis,
1373 4596 1525 4649 velut
1552 4610 1752 4649 arcana
1797 4595 2030 4664 quadam
2062 4596 2183 4649 chi-

620 4689 801 4757 rurgia
826 4703 890 4741 ex
912 4686 1170 4742 omnibus
1197 4700 1335 4754 pene
1363 4686 1625 4738 membris
1648 4684 2003 4748 scaturieute,
2033 4685 2182 4737 laxa—

621 4788 707 4829 tus
742 4774 818 4827 illi
854 4775 1051 4827 iterum
1105 4774 1353 4843 spiritus,
1414 4782 1673 4826 renovata
1732 4788 1881 4835 caro,
1932 4774 2183 4827 restituta

617 4870 824 4930 turma,
872 4876 1129 4934 totusque
1181 4863 1358 4917 tribus
1414 4864 1639 4915 omnino
1708 4861 1906 4917 diebus
1951 4862 2185 4930 pristino

618 4959 781 5013 statui
818 4956 1129 5011 vindicatus
1151 4965 1254 5010 est.
1289 4954 1541 5024 Denique
1566 4955 1807 5023 acceptis
1860 4952 2132 5006 mandatis
2156 4966 2187 5005 a

615 5061 827 5116 sancto,
848 5065 917 5103 ne
948 5049 1134 5103 divina
1166 5048 1431 5116 deinceps
1456 5054 1848 5115 aspernaretur
1890 5051 2187 5114 praecepta,

615 5142 1043 5215 autproximum
1076 5139 1347 5194 conviciis
1372 5146 1657 5200 oneraret,
1702 5136 1912 5206 integre
1964 5143 2189 5189 sanatus

615 5234 838 5288 domum
872 5233 1109 5301 repetiit.

2289 4582 2668 4649 ἀθλιώτερος;
2725 4578 2963 4647 Αἵματος
3016 4579 3196 4631 τοίνυν
3259 4581 3318 4646 ἐξ
3386 4580 3553 4633 αὐτοῦ
3612 4583 3863 4652 καθάπερ

2291 4673 2505 4741 ἀθεάτῳ
2551 4672 2656 4722 τινὶ
2708 4670 3027 4740 χειρουργίᾳ
3063 4709 3078 4730 ,
3114 4669 3203 4722 διὰ
3238 4672 3457 4723 πάντων
3507 4672 3703 4741 μικροῦ
3755 4674 3863 4726 τῶν

2300 4765 2474 4835 μελῶν
2529 4764 2724 4833 ἀθρόον
2774 4762 3190 4826 ἐκκενωθέντος,
3224 4764 3322 4833 τήν
3350 4780 3409 4815 τε
3449 4763 3617 4833 πνοὴν
3661 4766 3859 4823 ἀνεῖτο.

2292 4860 2385 4911 καὶ
2417 4857 2511 4928 τὴν
2560 4857 2735 4924 σάρκα
2783 4854 3092 4907 κεκαίνιστο
3120 4856 3252 4907 ’καὶ
3300 4855 3332 4923 ἡ
3382 4855 3565 4923 μορφὴ
3618 4856 3675 4906 ὲν
3718 4858 3861 4922 τρισὶ

2292 4954 2409 5012 ταῖς
2436 4952 2636 5011 πάσαις
2686 4946 2922 5017 ἡμέραις
2965 4948 3043 5007 είς
3093 4946 3192 5014 τὴν
3234 4946 3506 5015 προτέραν
3561 4946 3856 4998 ἁποκαθει-

2292 5036 2474 5105 στήκει
2516 5034 2656 5103 ὄψιν.
2709 5034 2769 5085 ὐ
2797 5032 2893 5102 μὲν
2921 5027 3015 5085 οὖν
3038 5033 3258 5095 ἐντολὰς
3295 5035 3446 5101 παρὰ
3496 5032 3589 5085 τοῦ
3636 5033 3859 5103 Συμεὼν

2287 5123 2485 5189 λαϐὼν,
2512 5123 2735 5175 ἐντολῶν
2771 5124 2968 5193 μηκέτι
2996 5120 3155 5174 θείων
3187 5122 3472 5192 ὀλιγωρεῖν
3509 5162 3524 5185 ,
3558 5123 3692 5192 μηδὲ
3719 5126 3857 5176 ὀνει-

2286 5213 2475 5282 δισμὸν
2533 5212 2829 5280 λαμϐάνειν
2888 5213 2979 5262 ἐπὶ
3019 5213 3130 5274 τοῖς
3192 5210 3431 5280 ἔγγιστα
3478 5211 3670 5279 αὐτοῦ,
3703 5214 3857 5285 ὑγιὴς

2284 5302 2427 5361 τέλος
2450 5305 2628 5358 οἴκαδε
2664 5304 2908 5374 ἐπανῄει.

2026 5427 2247 5483 CAPUT
2286 5424 2501 5480 XXVII.

1284 5527 1495 5581 Occulta
1545 5533 1757 5597 peccata
1809 5525 2035 5593 cognita.
2083 5522 2323 5576 Aliorum
2367 5518 2860 5572 contumeliosarum
2903 5518 3201 5587 castigatio.

684 5640 807 5692 Siti.
852 5636 1175 5690 Theodorus
1201 5634 1421 5701 quidam
1458 5633 1800 5695 scriniarius,
1831 5631 2052 5685 natione
2079 5631 2189 5683 An-

2366 5634 2497 5692 σις’.
2521 5627 2789 5695 Θεόδωρος
2815 5626 2871 5678 δέ
2901 5643 2983 5687 τις
3008 5626 3359 5695 σκρινιάριος,
3382 5626 3441 5677 τὸ
3467 5625 3626 5693 γένος
3665 5626 3859 5679 gyno.

690 5775 798 5845 (57‘;
829 5774 985 5839 Sura,
1012 5769 1180 5842 Βυταίαν
1201 5770 1576 5841 .Euphratesiar
1620 5772 1803 5825 civitas
1839 5768 2165 5841 episcopalis,

2290 5767 2565 5822 Antiochia
2599 5772 2800 5819 remota
2824 5762 2926 5819 250
2955 5779 3007 5833 p.
3044 5779 3117 5818 ω.
3158 5771 3249 5819 aut
3276 5763 3531 5836 amplius.
