4078 6332
207 369 356 442 3185

1207 378 1378 440 VITA
1418 378 1462 436 A
1502 376 1936 439 NICEPHORO
1973 378 2448 439 CONSCRIPTA.

3328 369 3466 430 31-96

211 478 343 551 χιῦς
372 478 546 550 λέπρᾳ
579 477 638 531 τὸ
677 477 783 531 πᾶν
809 477 1097 547 ὶξηνθήκει
1144 480 1324 551 σῶμα.
1362 471 1531 543 Οὗτος
1574 480 1792 548 ἁπάσης

1899 478 2185 535 tlocbenus
2225 478 2360 547 (58),
2396 480 2543 547 lepra
2578 476 2825 531 scatebat
2854 482 2981 530 toto
3005 487 3234 544 corpore
3265 492 3277 526 :
3312 489 3468 528 cum-

212 571 485 639 άπογνους
528 569 844 640 θεραπείας,
875 565 963 622 οἷα
998 568 1093 622 καὶ
1128 571 1309 638 πάσης
1355 570 1524 638 αὐτῆς
1561 571 1696 638 πρὸς
1729 569 1789 622 τὸ

212 663 386 726 πάθος
416 660 807 730 ἀπειρηκυίας,
838 660 932 713 καὶ
975 658 1218 730 μείζονος
1253 659 1452 728 ίατρῶν
1481 660 1575 712 καὶ
1607 659 1789 731 χειρὸς

211 752 308 807 καὶ
333 753 527 822 τέχνης
552 751 742 805 τούτου
777 751 1165 819 γεγενημένου,
1198 751 1348 821 παρὰ
1375 750 1466 804 τὸν
1506 750 1650 803 θεῖον
1690 750 1790 801 Συο

214 843 363 915 μυὼν
415 842 770 912 καταφεύγει.
814 841 901 905 Ὡς
949 843 1014 895 ἂν
1057 843 1115 894 δὲ
1165 843 1299 913 πρὸς
1341 842 1559 894 πλείονα
1604 841 1790 895 τοῦτον

210 932 558 1001 ἐπαγάγηται
609 925 809 994 οἶκτον,
855 931 996 998 ἔγνω
1029 929 1267 983 τοιοῦτον
1313 929 1521 999 ινδυμα
1569 929 1789 998 περιθέ-

211 1025 364 1088 σθαι,
393 1023 468 1085 ὡς
504 1022 742 1093 εὐχερῶς
787 1021 932 1090 ἔχειν
972 1020 1246 1085 ὑποδεῖξαι
1286 1021 1645 1090 γυμνώσαντα
1691 1018 1790 1088 τὴν

211 1114 426 1186 λέπραν
447 1114 660 1182 ἐκείνῳ.
695 1099 1091 1183 Αἰσχυνόμενος
1116 1113 1296 1165 τοίνυν
1329 1113 1420 1166 ἐπὶ
1453 1111 1562 1164 τῶν
1590 1111 1792 1183 παρόν·-

207 1222 320 1258 των
360 1203 665 1271 ἐκκαλύψαι
725 1204 824 1272 τὴν
872 1204 1070 1274 σάρκα,
1105 1202 1297 1273 καιρὸν
1334 1198 1401 1273 ἦν
1430 1203 1629 1255 οἰκεῖον
1669 1206 1791 1254 ἐπι-

211 1297 516 1369 φυλάττων.
555 1298 733 1366 Ὅπερ
762 1295 918 1366 δῆλον
948 1299 1060 1360 τοῖς
1098 1297 1193 1350 τοῦ
1237 1297 1545 1367 πνεύματος
1585 1297 1788 1366 ὀφθαλ-

213 1393 336 1460 μοῖς
385 1390 463 1460 τῷ
514 1389 739 1459 Συμεὼν
792 1389 1013 1456 γεγονός
1040 1406 1052 1418 ·
1109 1390 1267 1454 Εἰπὲ,
1307 1390 1517 1455 τέκνον,
1562 1391 1791 1444 ἐπὶτῶν

209 1483 516 1553 παρόντων,
553 1483 687 1553 φησὶ
715 1483 850 1552 πρὸς
876 1483 1058 1548 αὑτὸν,
1087 1483 1210 1536 ὅτου
1233 1483 1392 1553 χάριν
1419 1483 1682 1554 ἐλήλυθας
1713 1487 1794 1548 είς

209 1575 381 1646 ἡμᾶς.
414 1573 474 1626 '0
519 1573 576 1626 δὲ
622 1572 995 1641 καταπλαγεὶς
1039 1573 1117 1644 τῷ
1163 1574 1451 1645 παραδόξῳ
1479 1575 1580 1644 τῆς
1607 1575 1791 1638 διορά-

211 1681 353 1726 σεως
373 1679 388 1696 ’
421 1665 567 1726 ὅπως
600 1663 628 1714 6
669 1663 930 1732 κρύπτων
956 1659 1023 1734 ἦν
1051 1666 1132 1728 είς
1157 1665 1386 1735 καρδίαν
1429 1660 1600 1728 οὗτος,
1637 1665 1792 1718 τοῦτο

210 1754 345 1823 παρ’
391 1754 554 1806 αὐτοῦ
597 1754 846 1821 ἀκηκόει,
878 1755 1058 1808 πᾶσαν
1099 1755 1261 1819 εὐθὺς
1291 1755 1424 1810 αἱδὼ
1459 1758 1787 1828 ἀπορρίψας,

210 1822 506 1916 γυμνώσας
541 1846 731 1898 ἑαυτὸν
756 1847 1043 1901 ύπεδείκνυ
1070 1864 1082 1877 °
1112 1848 1207 1900 καὶ
1246 1849 1304 1910 ὃς
1343 1849 1442 1919 τὴν
1473 1822 1792 1920 βαῖνην-ρά-
1827 1822 1866 1880 Β

211 1933 335 1988 ὁδον
361 1933 563 2000 λαὸὼν,
599 1935 693 1987 καὶ
731 1934 903 2006 ταύτῃ
930 1935 1020 1988 τὸν
1059 1936 1229 2007 ἄνδρα
1254 1937 1790 2007 σφραγίσας,Ἀπε).ο

212 2025 322 2078 θὼν
355 2026 503 2095 παρὰ
530 2026 589 2078 τὸ
614 2025 893 2095 Τιϐερίνου
926 2026 1224 2095 βαλανεῖον,
1263 2025 1475 2094 λοῦσαι,
1508 2029 1633 2096 ἔφη,
1671 2045 1795 2081 συν-

215 2114 510 2169 απολούσει
545 2115 655 2185 γὰρ
685 2117 802 2168 ἐκεῖ
833 2115 928 2169 καὶ
958 2117 1056 2184 τὴν
1085 2116 1312 2186 λέπραν.
1350 2111 1536 2188 Οὖπερ
1565 2118 1639 2182 ὡς
1671 2120 1796 2173 ὲκέ-

218 2205 380 2259 λευσε
409 2207 712 2276 γεγονότος,
742 2205 900 2277 ὑγιὴς
921 2207 1150 2271 ἐκεῖθεν,
1181 2205 1226 2260 ὣ
1255 2207 1561 2277 παραδόξου
1586 2207 1788 2279 θαύμα-

212 2301 337 2364 τοςι
367 2301 394 2352 6
422 2299 620 2369 λεπρὸς
648 2300 940 2371 ἐπανήκει.

288 2389 409 2454 σις’.
434 2391 660 2461 Ἐτερός
684 2407 767 2453 τις
798 2391 857 2454 ἐξ
897 2392 1226 2461 ’Λντιοχείας
1261 2393 1354 2447 καὶ
1381 2392 1485 2445 τῶν
1515 2394 1795 2462 ἐπιφανῶν

216 2480 554 2552 παραϐάλλει
585 2479 662 2550 τῷ
697 2482 894 2551 στύλῳ,
939 2482 1064 2559 άρτι
1126 2483 1235 2538 τῶν
1289 2485 1646 2554 μνημοσύνων
1697 2487 1796 2556 τῆς

215 2576 366 2645 ἱερᾶς
393 2573 486 2626 τοῦ
534 2573 678 2627 ὁσίου
723 2574 928 2644 μητρὸς
965 2575 1123 2644 ἱερῶς
1145 2576 1447 2646 ἀγομένων.
1490 2578 1546 2631 Ὀ
1579 2578 1677 2648 μὲν
1703 2574 1797 2633 οὖν

210 2668 404 2737 καιρὸς
430 2667 463 2736 ὴ
495 2667 616 2719 θεία
655 2667 1012 2733 μυσταγωγία
1039 2663 1126 2737 ἦν,
1155 2662 1224 2738 ἦς
1264 2670 1563 2740 αὐτουργὸς
1591 2672 1796 2734 ἐκεῖνος

214 2751 512 2822 ἐτύγχανεν
544 2752 638 2806 ὢν.
688 2752 746 2806 Ὀ
784 2753 840 2805 δὲ
875 2754 1121 2809 σπεύδων
1169 2757 1380 2810 ἐκεῖθεν
1415 2758 1792 2828 ἀναχωρῆσαι,

211 2841 356 2907 άξιοί
382 2842 489 2894 τῶν
526 2842 785 2912 μαθητῶν
815 2842 931 2908 ἕνα,
963 2837 1072 2912 ᾧγε
1101 2845 1331 2915 σύνηθες
1355 2849 1690 2917 εἰσκομίζειν
1721 2849 1797 2920 τῷ

210 2933 356 3002 ἁγίῳ
383 2935 482 2996 τὰς
518 2933 797 3001 ἀγγελίας,
827 2937 1054 3005 ταχινὴν
1083 2936 1233 3004 αὑτῷ
1269 2938 1520 3004 γενέσθαι
1552 2939 1649 3009 τὴν
1686 2939 1795 2994 τῶν

215 3022 534 3094 μυστηρίων
589 3024 917 3095 μετάληψιν·
979 3025 1037 3089 ὃς
1075 3027 1241 3079 αὑτοῦ
1295 3029 1391 3091 τὰς
1436 3031 1689 3096 ἀξιώσεις
1734 3032 1793 3085 ού

205 3114 480 3183 παριδὼν,
513 3115 702 3184 ἀνάγει
751 3118 888 3185 μετὰ
933 3116 1033 3187 τὴν
1071 3119 1355 3172 κοινωνίαν
1393 3120 1501 3173 τῶν
1541 3120 1796 3191 μαθητῶν

215 3206 323 3275 πρὸ
348 3203 442 3258 τοῦ
475 3203 632 3276 ὄχλου
662 3207 851 3260 τοῦτον
891 3210 984 3261 ἐπὶ
1009 3210 1098 3262 τὸν
1128 3211 1338 3265 στύλον.
1376 3212 1561 3279 Ἀφεὶς
1586 3213 1642 3266 δὲ
1676 3214 1798 3267 τοῦο

213 3308 309 3347 τον
341 3295 368 3346 6
402 3294 542 3363 ἱερὸς
573 3294 820 3364 Συμεὼν,
855 3297 1128 3366 μετεδίδου
1164 3299 1364 3368 μᾶλλον
1398 3303 1513 3364 τοῖς
1545 3301 1666 3370 μετ’
1697 3303 1796 3356 αύ-

211 3386 308 3440 τὸν
345 3388 577 3444 ἀνιοῦσι.
615 3390 724 3442 Καὶ
753 3391 781 3442 6
828 3393 949 3458 μὲν,
986 3392 1149 3447 αὑτὸν
1178 3394 1269 3446 καὶ
1306 3393 1461 3457 αὖθις
1497 3397 1796 3467 προσῆγεν,

212 3480 245 3532 6
277 3479 332 3532 δὲ
371 3479 440 3532 τά
472 3481 828 3550 παραπλήσια
859 3481 989 3550 ἔδρα
1009 3500 1024 3514 ο
1058 3484 1134 3547 ὡς
1159 3485 1214 3537 δὲ
1241 3485 1376 3538 πολὺ
1408 3485 1569 3540 τοῦτο
1605 3484 1673 3559 ἦν
1707 3490 1800 3542 καὶ

217 3569 381 3638 μέχρι
431 3568 647 3644 πολλοῦ,
705 3569 1024 3640 Ἦσύχασον,
1081 3571 1299 3642 άδελφὲ,
1363 3576 1530 3643 φησὶν
1576 3579 1604 3629 6
1657 3576 1799 3644 θεῖος

213 3663 379 3728 ἀνήρ’
425 3658 533 3728 ἔχω
561 3639 683 3732 ξ’ὰρ
719 3639 872 3732 αὐτῷί
896 3681 948 3715 τι
981 3639 1347 3735 διαλεχθῆναι.
1375 3639 1534 3722 Μετὰ
1566 3667 1698 3736 γοῦν
1740 3639 1800 3724 τδ

213 3750 314 3821 τὴν
346 3751 496 3804 θείαν
529 3749 872 3823 λειτουργίαν
899 3753 1338 3825 συντελεσθῆναι,
1370 3760 1800 3829 παραστησάμε-

214 3858 306 3905 νος
345 3844 434 3893 τὸν
459 3842 627 3909 ἄνδρα
675 3845 704 3896 6
746 3844 970 3912 Συμεών
994 3863 1008 3878 ο
1045 3847 1370 3918 Ύποκριτά,
1410 3848 1536 3920 ἔφη,
1570 3851 1661 3902 καὶ
1701 3852 1800 3922 τῆς

214 3932 312 3986 τοῦ
357 3932 493 3986 Θεοῦ
528 3935 742 4004 μερίδος
777 3937 1224 4008 μεμακρυσμένε,
1258 3938 1375 4003 πῶς
1406 3939 1640 3996 ἐνταῦθα
1676 3943 1801 4014 ἐλη-

214 4024 400 4088 λύθεις
421 4026 604 4094 λήσειν
634 4026 878 4096 οἰόμενος
907 4028 996 4081 τὸν
1023 4029 1305 4083 πλάσαντα
1335 4033 1476 4085 κατὰ
1510 4033 1678 4102 μόνας
1703 4035 1802 4098 τὰς

215 4118 446 4188 καρδίας
467 4118 645 4188 ἡμῶν,
674 4119 764 4171 τὸν
794 4119 1040 4172 συνιέντα
1067 4123 1147 4183 είς
1175 4122 1352 4175 πάντα
1372 4123 1440 4175 τά
1459 4123 1594 4195 ἔργα
1622 4124 1800 4194 ἡμῶν,

215 4210 312 4264 τὸν
343 4212 616 4278 στήσαντα
643 4210 708 4262 τὰ
736 4210 836 4280 ὅρη
874 4211 1122 4282 σταθμῷ,
1156 4213 1252 4264 καὶ
1285 4213 1383 4275 τάς
1408 4215 1585 4278 νάπας
1616 4212 1800 4285 ζυγῷς

215 4301 365 4363 τίνος
410 4300 467 4353 δὲ
521 4301 617 4354 καὶ
660 4301 986 4370 κοινωνῆσαι
1034 4302 1141 4354 τῶν
1169 4304 1454 4372 ἀχράντων
1486 4307 1803 4376 μυστηρίων

217 4392 455 4464 ἑπείγῃς
495 4392 595 4445 οὐκ
640 4393 850 4445 ἐκείνου
900 4395 1138 4457 πάντως,
1167 4389 1228 4448 οὗ
1273 4396 1461 4467 πόρρω
1493 4414 1573 4450 σοι
1607 4398 1802 4470 ἀπέχει

1891 587 1997 640 que
2019 572 2336 640 desperaret
2365 568 2706 623 curationem
2739 581 2981 632 omnem,
3012 563 3170 634 quasi
3199 563 3472 619 defessam

1889 663 2225 731 fractumque
2262 659 2562 731 pertinacia
2587 659 2739 721 mali,
2767 657 3106 712 medicorum
3144 653 3472 711 industriam

1889 762 1946 807 et
1989 767 2247 806 manuum
2299 751 2708 805 auxiliatricum
2756 750 3000 818 artisque
3047 747 3304 818 peritiam
3349 746 3475 802 illu-

1889 843 2091 908 dentis,
2125 843 2191 897 ad
2246 852 2495 897 sanctum
2527 842 2856 913 Symeonem
2903 857 2961 896 se
2994 838 3194 909 recipit
3230 857 3243 893 :
3276 837 3364 893 cui
3415 844 3475 891 ut

1891 936 2153 1004 majorem
2190 935 2730 990 commiserationem
2754 942 3020 996 moveret,
3058 930 3348 985 constituit
3381 930 3472 983 tali

1890 1025 2218 1079 vestimento
2243 1040 2300 1079 se
2330 1024 2572 1092 operire,
2603 1023 2751 1093 quod
2776 1022 2935 1077 facile
2975 1021 3216 1076 solutum
3245 1061 3259 1084 ,
3285 1031 3476 1074 sancto

1891 1115 2099 1184 lepram
2151 1114 2596 1183 conspiciendam
2638 1113 2814 1168 daret.
2859 1113 3063 1166 Verum
3117 1109 3478 1180 pudibundus

1892 1222 2075 1262 coram
2095 1205 2217 1259 aliis
2240 1206 2522 1259 denudare
2545 1220 2790 1267 carnem,
2819 1212 3035 1272 tempus
3055 1201 3475 1271 praestolabatur

1893 1297 2066 1366 magis
2113 1305 2508 1365 Opportunum.
2563 1295 2679 1349 Hoc
2724 1293 2819 1348 ubi
2874 1294 3256 1363 spiritualibus
3302 1293 3476 1346 oculis

1892 1387 2182 1456 perspicue
2215 1386 2524 1456 penetravit
2554 1384 2815 1456 Symeon,
2844 1386 2922 1438 ait
2952 1385 3027 1439 illi
3065 1404 3078 1439 :
3111 1385 3230 1448 Dic,
3266 1383 3338 1438 fili
3379 1388 3473 1447 mi,

1893 1493 2077 1532 coram
2123 1477 2273 1532 hisce
2303 1477 2688 1547 praesentibus,
2727 1476 3084 1546 quamobrem
3122 1477 3230 1531 huc
3255 1478 3476 1531 veneris

1893 1570 1960 1626 ad
1987 1586 2106 1625 nos.
2146 1570 2440 1626 Perculsus
2474 1570 2566 1624 ille
2617 1578 2726 1624 tam
2775 1569 2995 1624 insolita
3026 1572 3471 1640 perspicacitato,

1894 1659 2171 1730 quomodo
2214 1659 2362 1728 quod
2413 1660 2530 1728 ipse
2562 1658 2933 1713 absconderat
2985 1659 3039 1713 in
3097 1660 3286 1724 corde,
3341 1661 3474 1715 illud

1897 1749 2076 1819 ipsum
2092 1765 2156 1802 ex
2181 1763 2274 1803 ore
2300 1747 2586 1820 Symeonis
2609 1749 2828 1802 audiret
2851 1766 2866 1815 ;
2893 1750 3041 1803 omni
3061 1749 3245 1803 statim
3268 1749 3478 1820 abjecta

1896 1834 2249 1898 verecnndia,
2295 1833 2629 1890 denudatam
2672 1837 2897 1892 exhibet
2950 1838 3158 1907 lepram
3197 1856 3208 1890 :
3253 1847 3309 1892 et
3350 1854 3480 1892 san-

1898 1934 2018 1980 ctus
2044 1925 2254 1993 palmea
2281 1941 2377 1979 sua
2406 1926 2578 1996 virga,
2613 1927 2888 1996 signatura
2937 1928 3219 1982 hominem
3264 1930 3328 1982 ad
3363 1929 3480 1983 bal-

1895 2031 2061 2070 neum
2096 2015 2338 2071 Tiberini
2371 2018 2612 2073 lavatum
2635 2020 2850 2090 ablegat
2883 2037 2896 2073 :
2931 2019 3160 2084 Lavare,
3199 2021 3478 2091 inquiens.

1897 2110 2060 2166 simul
2087 2121 2143 2166 et
2172 2112 2426 2166 abluetur
2464 2113 2636 2182 lepra.
2681 2114 2750 2168 Et
2783 2126 3076 2170 exsecutus
3103 2114 3354 2170 mandata
3398 2118 3480 2171 le-

1896 2217 2113 2273 prosus,
2153 2212 2478 2272 persanatus
2526 2203 2652 2260 inde
2699 2205 2884 2271 rediit,
2927 2221 2958 2260 ο
2995 2205 3305 2276 prodigium
3355 2207 3480 2262 inu-

1897 2292 2120 2346 sitatum
2145 2293 2157 2346 ι

1965 2383 2090 2437 217.
2132 2383 2285 2438 Alius
2319 2385 2540 2454 quidam
2592 2386 2973 2442 Antiocliwus
3023 2389 3190 2441 etiam
3238 2403 3303 2442 ex
3355 2389 3481 2440 illu-

1897 2475 2192 2529 strioribus
2220 2475 2453 2530 tetendit
2473 2475 2541 2530 ad
2565 2476 2902 2541 columnam,
2927 2477 3057 2532 dum
3094 2477 3275 2531 adhuc
3293 2493 3482 2547 agere-

1899 2575 1987 2620 tur
2008 2582 2162 2620 sacra
2194 2567 2457 2622 memoria
2478 2577 2682 2622 sancta}
2714 2570 2887 2638 ipsius
2920 2569 3094 2624 sancti
3127 2570 3316 2623 matris
3341 2569 3474 2637 (59).

1897 2656 2028 2710 Erat
2061 2657 2226 2727 igitur
2251 2666 2466 2726 tempus
2497 2673 2666 2712 sacrae
2693 2659 2950 2730 liturgite,
2981 2659 3070 2713 cui
3104 2660 3220 2728 ipse
3246 2659 3480 2730 Symenn

1897 2746 2248 2817 operabatur.
2291 2747 2428 2802 Cum
2462 2757 2648 2803 autem
2681 2750 2846 2804 homo
2881 2750 2970 2805 ille
3019 2749 3307 2804 festinaret
3357 2750 3483 2804 inde

1897 2839 2113 2910 regredi
2141 2839 2208 2892 ad
2254 2855 2332 2905 se,
2372 2851 2526 2911 rogat
2554 2843 2870 2911 quempiam
2903 2841 3326 2912 discipulorum.
3363 2857 3484 2911 quae

1896 2929 2271 2983 allerebantur
2291 2938 2482 2984 sancto
2511 2932 2829 2985 renuntiare
2855 2932 3099 2996 solitum,
3125 2939 3187 2984 ut
3208 2933 3355 2985 celer
3377 2931 3482 2983 sibi

1896 3018 1965 3072 ad
1995 3031 2148 3071 sacra
2178 3019 2434 3086 mysteria
2468 3019 2651 3072 aditus
2687 3019 2797 3074 llat.
2837 3019 2941 3087 Qui
2969 3021 3159 3074 babita
3202 3019 3487 3092 dignitatis

1825 3150 1872 3214 ϐ
1899 3109 2018 3179 ejus
2048 3109 2322 3178 praecipue
2351 3110 2586 3174 ratione,
2608 3109 2833 3166 adducit
2858 3111 3162 3176 hominem,
3196 3121 3483 3182 postquam

1904 3199 2376 3255 communicarant
2409 3200 2684 3271 discipuli,
2715 3211 2839 3257 ante
2868 3203 3135 3272 reliquam
3168 3203 3384 3257 turbam
3419 3206 3484 3256 ad

1905 3292 2263 3346 columnam:
2323 3294 2420 3347 sed
2462 3295 2712 3363 rejicitur
2764 3310 2794 3349 a
2849 3303 3061 3359 sancto,
3121 3294 3485 3348 distribuento

1906 3381 2028 3436 aliis
2054 3390 2176 3452 post
2209 3384 2357 3439 hunc
2383 3385 2755 3440 venientibus.
2784 3386 3098 3456 Discipulus
3122 3402 3254 3441 vero
3286 3388 3485 3440 iterum

1905 3473 2161 3540 adducit;
2200 3475 2293 3529 sed
2333 3477 2524 3547 rejecit
2550 3493 2698 3541 eum,
2730 3485 2790 3531 ut
2826 3494 3013 3547 supra,
3050 3488 3292 3532 sanctus.
3318 3477 3486 3533 Cum-

1907 3581 2013 3636 que
2042 3566 2096 3620 id
2127 3567 2357 3621 multum
2407 3579 2463 3622 et
2507 3569 2602 3623 diu
2643 3570 2721 3624 ita
2759 3569 2934 3634 ﬁeret,
2983 3571 3202 3625 tandem
3227 3572 3311 3624 vir
3345 3570 3440 3624 Dei
3474 3590 3483 3622 :

1907 3658 2232 3728 Acquiesce,
2268 3659 2342 3712 mi
2386 3658 2578 3724 frater,
2627 3661 2842 3729 inquit;
2887 3671 2970 3716 est
3020 3662 3168 3716 enim
3218 3661 3363 3732 quod
3413 3660 3486 3714 illi

1907 3750 2092 3805 velim.
2148 3751 2374 3805 Peracta
2421 3751 2662 3822 denique
2707 3767 2863 3807 sacra
2909 3753 3151 3824 liturgia,
3198 3769 3489 3808 accerscns

1909 3845 2108 3909 virum,
2149 3846 2226 3899 ait
2251 3845 2328 3899 illi
2359 3855 2582 3901 sanctus
2619 3865 2630 3900 :
2660 3845 2979 3917 Hypocrita.
3016 3847 3252 3901 alienate
3283 3862 3313 3900 a
3355 3847 3486 3900 Deo.

1909 3935 2186 4005 quomodo
2223 3935 2331 3990 huc
2373 3937 2597 4001 venisti,
2644 3939 2969 3993 existimans
3006 3938 3178 3992 latere
3230 3947 3281 3992 te
3330 3951 3490 4006 posse

1910 4027 2086 4091 illum,
2117 4027 2212 4097 qui
2244 4027 2453 4082 elllnxit
2491 4028 2660 4084 corda
2700 4039 2910 4093 nostra,
2943 4030 3035 4100 qui
3063 4031 3344 4101 cognoscit
3375 4045 3490 4083 om-

1909 4117 2000 4172 nia
2035 4133 2203 4189 opera
2236 4129 2444 4184 nostra,
2475 4119 2569 4190 qui
2606 4122 2800 4176 statuit
2833 4133 3050 4176 montes
3076 4123 3130 4176 in
3163 4121 3405 4193 pondere
3437 4132 3492 4174 et

1911 4229 2080 4283 rupes
2110 4215 2163 4267 in
2208 4216 2444 4269 statera?
2477 4215 2650 4286 Cujus
2673 4225 2858 4270 autem
2895 4217 3266 4272 inmmeulatis
3288 4227 3492 4289 myste-

1913 4308 2011 4362 riis
2032 4308 2543 4363 communicaturus
2567 4309 2676 4363 huc
2700 4315 2998 4378 properas”
3022 4325 3130 4362 non
3153 4309 3303 4363 illius
3322 4319 3490 4367 certe.

1911 4415 1942 4454 a
1975 4414 2086 4468 quo
2123 4400 2313 4467 procul
2357 4400 2512 4455 abest
2559 4415 2656 4454 cor
2697 4410 2872 4462 tuum,
2907 4401 3122 4454 tametsi
3165 4416 3261 4455 ore
3291 4417 3494 4470 appro-

217 4484 316 4537 άπ⁹
356 4485 518 4538 αὑτοῦ
553 4487 590 4559 ἡ¹
621 4487 836 4555 καρδία,
864 4489 909 4539 εί
939 4487 1033 4538 καὶ
1062 4487 1140 4554 τῷ
1169 4489 1395 4556 στόματί
1434 4507 1526 4543 σου
1565 4491 1797 4559 ὲγγίζεις

1912 4491 2166 4560 pinques,
2227 4499 2283 4544 et
2339 4490 2500 4544 labiis
2545 4490 2787 4545 honores
2841 4492 3042 4560 ipsum.
3089 4492 3291 4546 Verum
3343 4493 3386 4546 si
3437 4508 3495 4547 re

217 4575 391 4645 αὐτῷ,
424 4577 518 4629 καὶ
555 4579 611 4629 ὲν
641 4580 750 4639 τοῖς
784 4576 986 4646 χείλεσι
1019 4593 1112 4630 σου
1142 4579 1310 4649 τιμᾷς
1338 4578 1522 4634 αὐτόν.
1560 4581 1700 4633 Ἀλλ’
1724 4581 1798 4634 sl-

219 4682 329 4736 περ
393 4667 539 4738 ἔργῳ
588 4668 686 4738 τὴν
746 4668 910 4721 αὑτοῦ
969 4669 1289 4723 δυναστείαν
1357 4670 1524 4743 βούλῃ
1587 4671 1799 4742 μαθεῖν,

221 4757 336 4811 Bob
373 4775 454 4822 σε,
490 4759 708 4813 πάντων
757 4757 1028 4828 ὁρώντων,
1085 4759 1295 4830 δαίμων
1338 4761 1575 4831 χαλεπὸς
1619 4780 1801 4834 παρα-

219 4848 472 4918 λήψεται,
524 4852 626 4902 κάν
689 4849 767 4919 τῷ
825 4849 948 4920 ἀέρι
1020 4851 1172 4922 μέσῳ
1239 4853 1506 4922 κρεμάσει
1570 4869 1652 4918 σε,
1697 4853 1804 4918 ἕως

218 4941 318 5004 τὰς
366 4941 610 5012 πονηράς
655 4957 748 4994 σου
783 4942 878 4994 καὶ
920 4941 1126 5013 μιαρὰς
1157 4940 1386 5014 πράξεις
1419 4942 1801 5014 ἐξαγορεύσεις

221 5032 315 5086 καὶ
340 5031 508 5087 ἄκων.

294 5209 406 5279 (58)
439 5210 798 5284 Scriniarius,
826 5214 1024 5284 scrinii
1059 5231 1149 5266 seu
1193 5214 1450 5268 tabularii
1490 5214 1681 5284 publici
1707 5232 1800 5268 cur

219 5291 328 5335 stos
358 5282 536 5334 eodem
570 5283 679 5350 fere
712 5283 865 5336 modo
895 5284 1167 5336 dicebatur
1211 5286 1339 5338 olim
1396 5282 1622 5348 Latinis,
1664 5285 1806 5338 unde

220 5360 534 5420 acceperunt
559 5351 748 5416 Graeci,
769 5369 872 5422 quo
903 5370 1037 5406 nunc
1068 5354 1412 5423 appellantur
1453 5353 1800 5419 Cancellarii,

219 5423 389 5499 διφυί
429 5423 668 5476 omnibus
693 5433 921 5492 praeerat
963 5423 1459 5479 Protoscriniarius
1493 5441 1556 5478 ac
1597 5425 1801 5478 Primi-

217 5506 478 5545 SCTlnIUS.

293 5561 404 5636 (ὅθ)
437 5560 648 5614 Videtur
703 5562 997 5636 signiﬁcari
1057 5573 1260 5636 tempus
1325 5564 1480 5628 illud,
1535 5573 1798 5636 quoipost

217 5629 551 5705 sepulturam
602 5629 1216 5705 curabanlurjuurbria
1269 5636 1457 5704 oﬂ‘icia,
1501 5629 1569 5688 ad
1615 5629 1796 5705 plures

222 5701 352 5753 dies.
401 5699 651 5762 Quamvis
681 5706 820 5756 enim
846 5703 905 5757 Β.
945 5699 1150 5758 Martha
1176 5699 1358 5758 obierit
1405 5723 1548 5759 αηηο
1571 5699 1696 5765 552.
1721 5707 1798 5758 uti

221 5769 368 5834 infra
431 5772 500 5824 ad
549 5774 660 5842 ejus
707 5775 869 5827 vitam
934 5775 1125 5827 dicitur
1184 5785 1229 5828 et
1274 5777 1324 5827 in
1380 5777 1793 5845 prmtrdcutibus

1909 4585 2026 4655 ipsa
2076 4585 2377 4654 potentiam
2426 4585 2575 4639 illius
2627 4587 2710 4639 vis
2732 4585 3049 4652 addiscere;
3096 4602 3228 4642 ecce
3283 4588 3497 4642 cunctis

1909 4677 2306 4746 spectantibus,
2366 4677 2640 4747 malignus
2694 4677 2922 4746 spiritus
2980 4686 3032 4731 te
3092 4679 3490 4748 apprehendet,

1909 4775 1964 4821 et
2026 4767 2206 4821 medio
2253 4767 2308 4822 in
2359 4783 2486 4822 acre
2545 4769 2878 4838 suspendet,
2937 4785 3112 4839 usque
3189 4770 3319 4825 dum
3365 4787 3495 4841 per-

1911 4872 2067 4911 versa
2128 4858 2471 4928 scelestaque
2519 4872 2685 4927 opera
2742 4866 2835 4913 tua
2894 4858 3213 4915 conﬁtearis
3265 4861 3352 4916 vel
3410 4861 3494 4914 in-

1910 4950 2076 5004 vitus.

1911 5213 2175 5284 plerisque
2219 5213 2467 5282 capitulis
2528 5215 2769 5268 ordinem
2827 5216 2936 5284 fere
2964 5218 3215 5283 temporis
3257 5225 3492 5284 secutum

1910 5281 2181 5362 auctorem
2219 5281 2745 5362 appareatktumque
2793 5281 2938 5362 ultra
2981 5281 3187 5362 anuuin
3225 5281 3491 5362 jam

1906 5355 2190 5407 viderimus
2227 5354 2559 5422 progressu‘m
2595 5355 2648 5406 iu
2681 5354 2830 5408 Notis
2855 5355 2923 5408 ad
2945 5372 3062 5423 cap.
3097 5357 3186 5415 “ll,
3224 5356 3489 5408 nihilomi-

1908 5440 2006 5476 nus
2030 5425 2086 5477 in
2116 5424 2192 5475 his
2217 5424 2589 5494 posterioribus
2611 5426 2817 5477 videtur
2847 5427 3016 5494 potius
3038 5427 3352 5493 spectavisse
3401 5444 3493 5478 ar-

1908 5493 2578 5563 gumentisimilitudiuem
2609 5511 2625 5546 :
2652 5504 2698 5546 et
2740 5498 2786 5549 si
2841 5493 3018 5548 tamen
3087 5495 3247 5548 aliter
3278 5496 3493 5562 apiuari

1909 5562 2026 5633 quis
2059 5562 2235 5626 malit,
2299 5566 2490 5633 poterit
2553 5566 2648 5616 hoc
2688 5565 2798 5618 loco
2836 5565 3135 5634 intelligere
3181 5567 3490 5618 memoriam

1907 5635 2354 5710 anniversariam,
2383 5634 2560 5710 festive
2612 5651 2704 5710 per
2752 5637 2860 5688 dies
2920 5635 3145 5710 forsitan
3203 5635 3502 5710 plures-aui

1905 5703 2140 5770 solitam,
2183 5704 2244 5757 de
2274 5720 2376 5774 qua
2409 5707 2461 5757 in
2495 5705 2607 5768 eius
2641 5704 2777 5771 Vita,
2804 5703 2950 5760 nuru.
2991 5706 3082 5760 7l.
