4078 6332
628 398 765 461 3187

1829 403 1890 461 S.
1934 389 2312 481 SYMEONIS
2350 400 2708 461 JUNIORIS
2790 464 2793 468 Α

3750 396 3893 462 3188

695 508 818 561 iis.
861 507 957 562 llis
992 489 1218 569 auditis.
1274 509 1471 563 timore
1515 510 1696 564 cordis
1734 525 2053 574 concussus,
2103 510 2193 564 ille

2368 518 2510 581 σιη’.
2552 504 2694 582 Πρὸς
2724 512 2896 567 ταῦτα
2935 513 3047 568 δέει
3088 512 3187 585 τὴν
3226 513 3456 584 καρδίαν
3478 513 3887 586 κατασειαθεὶς,

625 587 689 650 et
709 596 963 650 manibus
991 590 1255 652 ambabus
1287 597 1493 653 ferrum
1528 615 1637 668 quo
1675 599 1926 652 columna
1955 597 2195 650 ambitur

626 686 901 757 stringens
933 689 1165 753 :Parce,
1213 690 1410 745 clamat
1469 698 1748 745 stentorea
1801 703 1957 753 voce,
2012 702 2196 757 parce,

627 776 827 832 famule
859 778 955 832 Dei
983 779 1232 834 altissimi
1261 799 1273 810 -
1292 790 1345 834 et
1374 789 1572 835 cuncta
1604 795 1724 849 qua:
1747 778 1850 833 feci
1878 778 2200 841 enuntiabo,

629 867 767 921 nihil
824 868 1086 924 omittens
1114 871 1197 923 vel
1250 870 1554 924 occultans.
1623 868 1929 938 Statimque
1972 883 2203 923 exorsus

628 966 904 1027 gestorum
939 976 1162 1013 suorum
1192 961 1387 1014 seriem
1414 960 1768 1015 audientibus
1800 961 2017 1014 cunctis
2047 975 2205 1013 enar—

632 1064 776 1112 rare,
815 1050 986 1103 multa
1016 1051 1314 1120 graviaque
1345 1052 1552 1105 scelera
1585 1051 1639 1104 in
1674 1050 1917 1105 medium
1955 1050 2193 1120 protulit.

631 1153 699 1193 co
728 1140 892 1194 etiam
932 1141 1230 1210 impietatis
1259 1140 1553 1207 adductus,
1594 1150 1654 1196 ut
1677 1142 1961 1196 daemoniis
1984 1139 2199 1195 sacrifi-

2301 604 2392 654 καὶ
2418 603 2755 674 ἀμφοτέραις
2779 604 2873 658 τοῦ
2896 606 3113 675 σιδήρου
3143 605 3271 676 περὶ
3289 604 3387 675 τὴν
3411 604 3605 658 στάσιν
3626 604 3890 675 φραγμοῦ

2301 694 2617 764 λαϐόμενος,
2644 695 2827 749 Φεῖσαί
2874 714 2994 767 μου,
3027 694 3179 749 δοῦλε
3208 693 3304 748 τοῦ
3341 693 3477 747 Θεοῦ
3508 693 3604 747 τοῦ
3636 696 3888 764 Mrta-1:00,

2303 788 2508 853 φεῖσαι,
2544 788 2685 856 μέγα
2724 786 2873 849 ἐϐόα,
2914 787 3007 841 καὶ
3043 787 3112 839 τὰ
3154 786 3272 840 κατ’
3302 785 3542 856 ἐμαυτὸν
3580 786 3893 854 ἀπαραλεί-

2306 892 2454 940 πτως
2477 894 2558 931 σοι
2584 880 2759 931 πάντα
2780 879 2874 931 καὶ
2902 876 3197 946 ἀκρύπτως
3219 860 3471 945 διέξειμι.
3498 875 3610 928 Καὶ
3642 874 3893 944 ἀρξάμε-

2307 985 2393 1031 νος
2416 968 2577 1031 εὐθὺς
2603 970 2670 1021 τὰ
2704 968 2825 1022 καθ’
2854 969 3044 1022 ἑαυτὸν
3071 968 3176 1019 ὑπὸ
3203 969 3323 1030 ταῖς
3341 968 3559 1020 πάντων
3588 967 3792 1027 ἀκοαῖς
3812 965 3892 1017 δι-

2308 1058 2475 1131 εξῂει,
2499 1059 2667 1112 πολ·λά
2694 1061 2788 1114 καὶ
2818 1060 2966 1113 διινά
2986 1059 3137 1123 ὄντα,
3162 1062 3253 1115 καὶ
3274 1061 3353 1121 είς
3378 1058 3636 1112 τοσοῦτον
3659 1056 3897 1117 ἀτοπίας

2308 1152 2532 1221 ἥκοντα,
2584 1151 2660 1213 ὼς
2713 1150 2844 1220 μηδὲ
2895 1151 2997 1219 τῆς
3038 1150 3147 1205 τῶν
3202 1149 3470 1218 δαιμόνων
3521 1149 3691 1201 αὐτὸν
3754 1148 3896 1202 ἀπθ-

572 1241 582 1250 ‘
631 1245 761 1285 care
809 1247 917 1285 non
966 1231 1271 1285 erubuerit.
1310 1234 1671 1303 Posteaquam
1704 1249 1835 1289 vero
1860 1241 2057 1289 cuncta
2084 1249 2203 1287 cum

2311 1244 2533 1313 σχέσθαι
2562 1242 2769 1306 θυσίας.
2808 1244 2895 1305 Ὠς
2925 1243 2981 1295 δὲ
3010 1243 3183 1297 πάντα
3208 1241 3353 1305 {tam
3380 1241 3477 1295 καὶ
3502 1241 3688 1313 θέρμῃ
3712 1238 3897 1309 ψυχῆς

633 1319 852 1374 fervore
885 1331 1047 1389 atque
1073 1330 1210 1377 aestu
1243 1322 1411 1377 animi
1467 1324 1752 1379 confessus
1807 1332 1974 1387 esset,
2032 1325 2203 1395 lacry-

2311 1331 2781 1401 ὲξωμολογήσατο,
2804 1330 3065 1401 δάκρυσιν
3088 1330 3149 1381 ὲκ
3185 1330 3355 1399 μέσης
3380 1329 3632 1399 προῑοῦσι
3663 1327 3897 1397 καρδίας

631 1410 737 1463 mis
769 1424 838 1464 ex
862 1410 973 1464 imo
1002 1411 1169 1466 corde
1230 1414 1750 1483 prorumpentibus,
1817 1415 1976 1485 petiit
2030 1416 2203 1483 poeni-

2314 1422 2501 1485 ὲδεῖτο,
2534 1420 2789 1491 δεχθῆναί
2818 1437 2876 1473 τε
2911 1420 3295 1490 μετανοοῦντα,
3328 1421 3422 1473 καὶ
3452 1423 3640 1488 τυχεῖν
3674 1435 3895 1486 συγχω-

636 1508 849 1555 tentem
875 1517 934 1556 se
969 1502 1143 1571 recipi
1175 1510 1231 1557 et
1256 1504 1606 1560 absolutione
1637 1505 1855 1569 donari,
1881 1522 1991 1575 quo
2048 1521 2203 1561 secu-

2318 1515 2546 1583 ρήσεως,
2573 1511 2658 1565 ἐπ’
2690 1509 2960 1581 ἀσφαλείᾳ
2987 1512 3051 1579 τῇ
3081 1510 3215 1581 πρὸς
3243 1508 3303 1561 τὸ
3332 1507 3525 1578 μέλλον
3544 1520 3557 1535 ·
3578 1509 3644 1578 ἦν
3670 1512 3700 1561 ὁ
3730 1506 3895 1573 σοφὸς

634 1590 749 1644 rior
775 1592 1136 1662 imposterum
1172 1592 1424 1649 viveret:
1460 1611 1569 1664 qua
1612 1597 1789 1666 ipsum
1840 1596 2093 1666 prudens
2118 1597 2203 1652 ille

2314 1603 2421 1656 τῶν
2454 1601 2640 1672 ψυχῶν
2687 1601 2869 1671 ίατρὸς
2908 1602 3113 1663 ἐκεῖνος
3146 1598 3307 1662 εὐθὺς
3344 1598 3437 1651 ἐπὶ
3467 1596 3777 1665 τηλικαύτῃ
3812 1595 3893 1647 δί-

631 1683 936 1738 animarum
964 1684 1216 1739 medicus
1239 1685 1526 1752 continuo,
1573 1687 1689 1743 visa
1717 1688 1809 1741 tali
1843 1688 2203 1758 paenitudine,

2313 1694 2443 1747 δωσι
2477 1692 2754 1765 μετανοίᾳ,
2790 1693 2883 1746 καὶ
2912 1691 3129 1757 διδάξας
3154 1690 3351 1743 αὐτίκα
3390 1687 3481 1741 καὶ
3520 1688 3769 1751 ὑποθεὶς,
3803 1688 3894 1739 καὶ

633 1774 946 1843 impertitus
971 1784 1075 1830 est.
1120 1777 1256 1831 Tum
1286 1777 1486 1832 docere
1527 1788 1689 1848 atque
1742 1779 2031 1834 instituere
2070 1780 2203 1833 mul<

2320 1784 2743 1853 συμϐουλεύσας,
2788 1785 2883 1836 καὶ
2922 1780 3275 1852 παραινέσας,
3314 1778 3409 1832 καί
3457 1794 3612 1838 τινας
3674 1776 3893 1839 ἐντολὰς

632 1868 723 1931 tis,
761 1866 991 1922 suadere
1042 1867 1268 1923 meliora
1326 1868 1667 1938 hortarique,
1722 1868 1975 1938 quaedam
2042 1871 2203 1925 etiam

2313 1874 2540 1937 ἐπιθεὶς,
2565 1874 2830 1927 ἀπέλυσεν
2863 1875 2919 1926 tv
2944 1872 3157 1944 εἰρήνῃ.
3192 1872 3253 1922 οὐ
3281 1868 3533 1939 χαλεπῶν
3566 1867 3760 1921 παθῶν
3794 1867 3892 1936 μό-

632 1957 891 2013 mandata
919 1958 1181 2029 adjicere,
1207 1954 1445 2029 denique
1474 1960 1754 2015 dimittere
1806 1962 1860 2015 in
1926 1976 2057 2030 pace
2105 1962 2203 2016 ho-

2313 1981 2420 2029 vov,
2456 1964 2588 2017 ἀλλά
2614 1963 2794 2033 πολλῷ
2820 1962 2914 2016 καὶ
2941 1958 3328 2031 χαλεπωτέρας
3354 1957 3611 2019 ἀσεϐείας
3639 1956 3890 2027 ἀπηλλα-

631 2049 861 2115 minem,
904 2061 1012 2103 non
1064 2050 1216 2119 gravi
1273 2059 1489 2105 tantum
1542 2051 1754 2117 dolore,
1816 2051 1918 2108 sed
1970 2053 2206 2122 graviori

629 2140 794 2195 etiam
826 2141 1110 2207 impietate
1157 2142 1473 2197 liberatum.

696 2231 818 2286 219.
847 2230 1001 2286 Alius
1024 2233 1279 2289 similiter
1311 2250 1342 2290 e
1382 2236 1737 2305 primoribus,
1760 2238 2064 2307 Epiphania
2096 2238 2205 2307 (60)

629 2322 798 2394 Syriae
849 2322 918 2377 ad
970 2332 1217 2379 sanctum
1246 2328 1418 2391 venit,
1476 2328 1886 2397 collocutusque
1934 2345 2057 2383 cum
2112 2332 2207 2385 illo

628 2429 760 2487 qua:
784 2415 969 2479 vellet,
1023 2416 1259 2487 porrigit
1312 2418 1519 2487 lignum
1562 2416 1808 2471 indicum
1856 2419 2042 2473 multae
2093 2418 2203 2474 fra-

626 2508 869 2579 grantia,
897 2524 1096 2580 rogans
1124 2520 1185 2565 ut
1208 2511 1478 2577 admittat,
1502 2519 1559 2565 et
1589 2525 1657 2565 ex
1682 2524 1749 2565 eo
1766 2511 2048 2566 incensum
2068 2511 2205 2566 olfe-

626 2608 713 2655 rat
754 2602 882 2656 Deo.
914 2602 1251 2673 Deprecatur
1286 2604 1338 2658 id
1395 2612 1618 2658 sanctus
1679 2618 1743 2658 ac
1780 2604 1982 2669 renuit,
2015 2604 2203 2658 horta-

629 2699 832 2760 turque
866 2701 926 2745 ut
958 2691 1075 2761 ipse
1104 2692 1251 2747 domi
1281 2709 1394 2749 suae
1446 2694 1633 2764 potius
1682 2694 1737 2749 id
1790 2694 1900 2748 Deo
1952 2694 2201 2749 adoleat:

625 2782 720 2835 sed
775 2782 1011 2837 instante
1053 2783 1147 2837 illo
1213 2785 1490 2854 pluribus,
1533 2786 1691 2855 jubet
1740 2785 1959 2840 tandem
2012 2784 2197 2840 aﬂ‘erri

628 2872 973 2926 tituribulum
998 2892 1009 2925 :
1034 2874 1104 2929 Ut
1129 2875 1373 2945 potentia
1407 2875 1525 2941 Dei,
1559 2875 1835 2945 inquiens,
1871 2876 2190 2931 manifeste—

627 2974 739 3020 tur.
771 2963 1145 3034 impositoque
1172 2967 1364 3036 prunis
1399 2966 1567 3036 ligno,
1600 2975 1749 3021 tanta
1788 2966 1973 3021 subito
1996 2965 2205 3036 disper-

627 3070 686 3110 sa
714 3064 800 3109 est
833 3056 1226 3124 graveolentia,
1254 3067 1474 3128 tamque
1536 3057 1897 3114 intolerabilis
1951 3058 2203 3123 naribus,

627 3160 737 3200 non
768 3144 935 3199 modo
970 3145 1116 3201 intra
1142 3149 1461 3203 monasterii
1501 3156 1678 3218 septa.
1732 3148 1828 3202 sed
1883 3148 1990 3203 late
2038 3148 2201 3202 etiam

626 3254 727 3308 per
759 3248 1002 3294 montem
1026 3237 1247 3304 dillusa,
1297 3247 1359 3294 ut
1410 3254 1639 3310 peregre
1693 3239 2057 3294 adventantes
2104 3254 2203 3308 per

628 3344 987 3399 quascunque
1009 3328 1078 3384 ad
1101 3331 1498 3385 monasterium
1532 3330 1651 3386 vias
1681 3331 1911 3387 fetorem
1944 3331 2091 3388 ferre
2144 3345 2203 3387 se

630 3426 873 3495 potuisse
898 3434 1186 3495 negarent,
1222 3424 1386 3481 etiam
1410 3425 1631 3480 eminus
1677 3432 2081 3480 occurrentem.
2107 3424 2204 3479 Vi-

630 3513 767 3569 dens
800 3515 984 3583 itaque
1026 3514 1262 3585 Symeon
1293 3531 1391 3585 per
1417 3515 1649 3570 fetorem
1697 3514 1871 3578 illum,
1929 3514 2065 3585 ligni
2104 3529 2202 3569 na-

631 3613 770 3660 tura:
834 3605 1197 3670 contrarium,
1232 3622 1291 3660 re
1351 3605 1465 3676 ipsa
1522 3604 1879 3661 condemnari
1932 3603 2201 3660 nefariam

630 3696 869 3750 hominis
898 3694 1420 3760 vitam:Conﬁtere,
1472 3696 1668 3766 inquit,
1725 3696 1838 3750 Deo
1865 3711 2030 3765 opera
2089 3706 2201 3761 tua,

629 3795 687 3840 et
714 3786 1098 3856 paenitentiam
1132 3802 1231 3857 age
1264 3802 1363 3856 pro
1409 3789 1652 3857 peccatis
1707 3787 1854 3853 tuis;
1895 3802 1965 3843 ne
2001 3803 2031 3842 a
2095 3786 2205 3843 ὼε-
2235 3806 2241 3811 '

631 3876 835 3932 moniis
856 3877 1142 3947 abreptus,
1206 3878 1517 3933 miseranda
1576 3878 1675 3934 fias
1719 3880 1965 3934 omnium
1998 3879 2053 3933 in
2110 3894 2204 3934 ore

633 3967 1158 4038 fabula.Correptus
1196 3969 1380 4038 itaque
1408 3970 1603 4024 timore
1638 3970 1974 4033 vehementi,
2007 3978 2205 4023 cuneta

631 4058 816 4113 statim
849 4057 1049 4113 delicta
1076 4074 1175 4114 sua
1206 4058 1538 4123 enuntiavit,
1569 4059 1728 4127 longe
1756 4057 2205 4129 graveolentiora

632 4150 860 4205 incenso
881 4164 1046 4218 supra
1070 4148 1257 4203 dicto:
1290 4147 1492 4204 deinde
1514 4165 1617 4218 pro
1649 4148 1860 4203 meritis
1878 4148 2204 4218 castigatus,

631 4242 910 4312 variisque
962 4240 1475 4297 monitionibus‘et
1536 4240 1826 4313 praeceptis
1878 4240 2200 4304 instructus,

635 4332 919 4389 remeavit.

2231 3200 2274 3259 C

2312 2058 2531 2128 γμὲνον.

2386 2238 2509 2294 σιθ’.
2565 2239 2792 2310 Ἔτερός
2820 2256 2926 2303 τις,
2954 2238 3015 2303 ἐξ
3053 2236 3405 2307 Ἐπιφανείας
3452 2234 3553 2305 τῆς
3594 2234 3654 2287 tv
3699 2231 3886 2303 Συρίᾳ,

2313 2332 2420 2385 τῶν
2488 2333 2782 2402 ἐπισήμων
2838 2332 2934 2385 καὶ
2968 2324 3143 2393 οὗτος,
3212 2326 3364 2398 παρὰ
3430 2325 3524 2381 τὸν
3587 2327 3745 2393 ἅγιον
3797 2324 3887 2375 ἀν-

2312 2422 2499 2487 ελθὼν,
2534 2425 2628 2477 καὶ
2672 2422 3012 2492 συλλαλήσας
3040 2422 3184 2492 άπερ
3213 2419 3485 2486 ἐϐούλετο,
3507 2417 3693 2489 ὀρέγει
3734 2416 3885 2482 ξύλον

2324 2513 2540 2567 Ἰνδικὸν
2565 2513 2763 2576 εὐῶδες
2809 2512 2981 2580 αὐτῷ,
3030 2512 3196 2577 ἀξιῶν
3243 2510 3499 2581 δεχθῆναί
3539 2524 3595 2561 τε
3649 2508 3748 2561 καὶ
3795 2507 3883 2560 θυι

2314 2606 2496 2676 μίαμα
2528 2604 2657 2675 παρ’
2682 2604 2847 2657 αὐτοῦ
2872 2604 2991 2673 Θεῷ
3018 2602 3416 2673 προσαχθῆναι.
3449 2598 3557 2652 Τοῦ
3591 2599 3653 2652 δὲ
3684 2616 3881 2667 παραι-

2309 2696 2568 2766 τουμένου
2612 2696 2707 2749 καὶ⁵
2740 2695 3114 2759 ἀνανεύοντος,
3146 2694 3284 2748 οἴκοι
3327 2710 3386 2746 τε
3434 2692 3641 2762 θυμιᾷν
3727 2690 3884 2743 τοῦτο

2314 2786 2513 2857 μᾶλλον
2547 2786 2709 2840 αὐτὸν
2758 2767 3169 2858 ἐπιτρέποντος,
3196 2784 3273 2849 ὡς
3314 2783 3481 2846 πολὺς
3508 2778 3578 2853 ἦν
3610 2780 3889 2851 ἐπιμένειν

2311 2881 2517 2940 ἐκεῖνος
2562 2878 2847 2948 ἐνεχθῆναι
2877 2876 3090 2930 κελεύει
3135 2877 3514 2947 θυμιατήριον,
3548 2874 3671 2927 ἰνα
3720 2872 3819 2926 καὶ
3853 2870 3889 2943 ἡ

2308 2969 2403 3024 τοῦ
2440 2969 2598 3034 Θεοῦ,
2650 2971 2803 3038 φησὶ,
2863 2969 3099 3041 διαφανῇ
3152 2967 3477 3022 δυναστεία·
3509 2968 3605 3020 καὶ
3655 2967 3769 3028 τοῖς
3806 2966 3891 3019 ἀνι

2311 3058 2503 3129 θραξιν
2529 3058 2871 3123 ἐπιτεθέντος
2901 3058 2995 3114 τοῦ
3027 3059 3208 3126 ξύλου,
3235 3058 3473 3127 τοσαύτη
3510 3074 3597 3120 τις
3650 3057 3890 3112 δυσωδία

2311 3150 2547 3217 γεγόνει,
2576 3150 2668 3204 καὶ
2698 3151 2964 3220 ὀσφρήσει
2991 3149 3166 3213 οὕτως
3234 3148 3354 3221 οὐδὲ
3391 3150 3493 3219 μιᾷ
3522 3147 3761 3217 (pop-11th,
3789 3148 3890 3200 οὐκ

2309 3241 2413 3295 ἀνά
2450 3242 2548 3313 τὴν
2580 3240 2746 3313 μονὴν
2776 3242 2954 3311 μόνον,
2988 3237 3125 3296 ἀλλὰ
3153 3241 3248 3295 καὶ
3275 3240 3367 3295 τοῦ
3406 3241 3570 3311 ὅρους
3604 3240 3703 3292 ἐπὶ
3752 3239 3889 3291 πολὺ

2309 3332 2597 3403 διήκουσα,
2616 3332 2691 3397 ὡς
2707 3333 2800 3386 καὶ
2831 3334 2939 3395 τοῖς
2956 3330 3156 3397 ἔξωθεν
3178 3331 3266 3385 διά
3282 3331 3464 3400 πάσης
3477 3331 3577 3382 ἐπὶ
3598 3329 3699 3401 τὴν
3724 3328 3890 3399 μονὴν

2308 3420 2429 3475 όδοῦ
2470 3422 2761 3490 προσιοῦσι
2815 3416 3072 3491 τοιαύτην
3116 3424 3239 3477 οταν
3306 3419 3443 3491 μηδὲ
3474 3419 3766 3488 ἀνέχεσθαι
3794 3417 3887 3471 δύ-

2310 3511 2524 3577 νασθαι,
2553 3513 2757 3582 ταύτην
2806 3511 2915 3565 ἀπὸ
2978 3512 3251 3582 μακρόθεν
3299 3509 3685 3582 προσϐάλλειν.
3744 3508 3891 3562 Ἰδὼν

2308 3599 2485 3653 τοίνυν
2514 3600 2543 3652 6
2566 3598 2813 3668 Συμεὼν,
2843 3598 2992 3668 ἔργῳ
3029 3596 3177 3665 αὐτῷ
3205 3596 3302 3649 καὶ
3330 3594 3446 3664 βίου
3478 3594 3796 3664 φαυλότητα
3829 3592 3890 3644 τδ

2311 3690 2462 3761 παρά
2480 3689 2542 3744 τὸ
2571 3689 2719 3752 είκδς
2746 3688 2847 3757 τῆς
2870 3686 2967 3740 τοῦ
3001 3685 3159 3753 ξύλου
3196 3684 3412 3756 φύσεως
3424 3685 3886 3752 ἐκείνουκατηγοο

2312 3782 2445 3851 ρεῐν,
2470 3778 2919 3850 Ἐξομολόγησαι,
2951 3778 3104 3847 φησι.
3132 3775 3209 3845 τῷ
3240 3773 3361 3845 Θεῷ
3387 3773 3485 3837 τὰς
3513 3772 3749 3843 πράξεις
3772 3788 3888 3837 σου,

2310 3870 2587 3941 μετανοῶν
2615 3869 2677 3923 τὸ
2710 3869 2899 3922 λοιπὸν
2927 3868 3037 3922 ἀπὸ
3054 3868 3157 3938 τῆς
3184 3869 3379 3929 κακίας
3403 3881 3521 3928 σου,
3538 3865 3689 3929 ὅπως
3714 3881 3773 3918 σε
3809 3866 3883 3935 μὴ

2307 3962 2558 4033 δαίμονες
2581 3961 2779 4016 αὐτίκα
2803 3960 3234 4032 παραλαϐόντες,
3261 3959 3495 4012 ἐλεεινὸν
3528 3959 3682 4031 πάσῃ
3709 3958 3886 4025 γλῶσ-

2312 4071 2377 4126 σῃ
2412 4054 2614 4108 θῶνται
2636 4053 2903 4125 διήγημα.
2946 4054 3035 4106 Ἐν
3056 4051 3206 4122 φόϐῳ
3233 4049 3528 4121 τοιγαροῦν
3556 4050 3741 4120 πολλῷ
3794 4066 3891 4117 γε·

2310 4146 2503 4214 γονὼς,
2540 4147 2720 4210 πάσας
2748 4145 2909 4207 εὐθὺς
2943 4144 3117 4205 αύτάς
3170 4141 3440 4212 διεξῆλθε,
3468 4141 3876 4211 summm

2311 4237 2493 4307 πολλῷ
2520 4235 2614 4289 τοῦ
2639 4235 2984 4305 θυμιάματος
3019 4230 3185 4295 οὔσας
3215 4248 3230 4261 ·
3250 4227 3387 4285 εἶτα
3439 4230 3794 4301 ἐπιτιμηθεὶς
3822 4229 3889 4283 τά

2311 4329 2517 4392 εἰκότα,
2548 4329 2643 4383 καὶ
2692 4326 3073 4399 παραινέσεως
3113 4324 3208 4379 καὶ
3257 4320 3611 4386 διδασκαλίας
3672 4322 3884 4391 τυχὼν,

2314 4421 2611 4477 ἐπάνεισιν.

638 4578 641 4580 -
704 4542 833 4598 220.
867 4541 1305 4597 Consentaneum
1322 4544 1430 4611 jam
1461 4541 1610 4595 dicto
1636 4552 1722 4595 est
1783 4539 1931 4611 quod
1979 4539 2203 4621 subjici-

2386 4532 2488 4589 σκ’.
2529 4530 2842 4586 ’Δκόλουθον
2866 4529 2950 4601 τῷ
2978 4529 3253 4601 εἰρημένῳ
3278 4527 3340 4580 τὺ
3363 4527 3707 4597 ἐπαγόμενον
3734 4565 3748 4587 ,
3778 4528 3887 4596 ὅσῳ

634 4645 726 4690 tur
751 4652 765 4699 ;
799 4644 1072 4704 quatenus
1098 4648 1219 4703 qum
1247 4633 1510 4687 miracula
1544 4634 1599 4687 in
1622 4642 1858 4702 utroque
1876 4639 2201 4697 occurrunt,

633 4724 779 4779 inter
796 4738 854 4777 se
886 4722 1068 4776 aliinia
1085 4737 1234 4777 sunt.
1260 4721 1526 4777 Sacerdos
1550 4721 1770 4791 quidam
1794 4720 2015 4776 nomine
2036 4720 2203 4781 Joan-

637 4829 760 4878 nes,
790 4813 883 4882 qui
905 4827 1002 4882 per
1023 4812 1167 4867 illud
1196 4821 1411 4881 tempus
1432 4809 1769 4880 Apamiensis
1801 4812 1911 4881 (σι)
1949 4810 2204 4867 Ecclesiae

598 4938 611 4943 π
634 4917 956 4959 mconomus
987 4902 1125 4971 (6‘2),
1152 4903 1384 4958 accessit
1428 4918 1552 4956 cum
1583 4917 1752 4956 uxore
1784 4911 1842 4957 et
1874 4902 2205 4973 propinquis

635 4993 897 5047 omnibus
928 4991 996 5048 ad
1037 4992 1394 5064 Symeonem:
1426 5008 1589 5061 quem
1630 4992 1956 5062 discipulus,
1994 4994 2205 5049 nuntiis

643 5086 794 5139 ultro
852 5085 1101 5153 citroque
1121 5083 1436 5139 deferendis
1463 5084 1642 5137 eidem
1712 5083 2057 5150 ministrans,
2106 5100 2203 5141 seu

634 5174 878 5230 amicitia
908 5174 1169 5245 quadam,
1194 5189 1291 5229 seu
1321 5173 1727 5236 benevolentia,
1746 5188 1841 5229 seu
1870 5175 2010 5230 forte
2040 5176 2206 5232 etiam

640 5262 951 5334 ignorantia
981 5264 1360 5333 rertnn‘illius,
1385 5261 1583 5318 sedulo
1608 5264 1835 5318 curabat
1866 5275 2207 5335 praesentare

715 5447 827 5519 (60)
860 5448 1341 5519 Ερὶριιεηὴςπὶηιπ
1368 5446 1697 5503 Antiochiam
1715 5458 1764 5502 et
1793 5448 2208 5519 Damascum‘od

638 5517 1178 5590 Qrontem,utrinque
1221 5536 1275 5589 p.
1309 5534 1385 5573 m.
1442 5520 1510 5574 80
1560 5520 1811 5590 distans:
1869 5528 1915 5570 et
1968 5529 2042 5571 est
2097 5518 2208 5573 alia

638 5588 955 5658 Epiphania
986 5587 1523 5655 Cilicum—Antiochia,
1546 5589 1615 5643 ad
1639 5588 1867 5647 Boream
1919 5589 2093 5658 pas-ita
2125 5590 2209 5641 in-

642 5656 869 5712 ternallo
898 5674 1002 5712 non
1028 5658 1251 5712 multum
1278 5658 1491 5726 majori.

716 5726 828 5797 (6i)
860 5727 1099 5797 Apamea
1132 5730 1240 5783 Itazc
1267 5728 1408 5797 (sunt
1438 5730 1578 5782 cniin
1601 5730 1763 5781 etiam
1804 5728 1916 5796 ejus
1977 5728 2205 5781 nominis

646 5793 845 5868 plutei)
880 5793 949 5853 αδ
978 5796 1226 5867 alterum,
1256 5793 1309 5852 id
1345 5805 1418 5851 est
1443 5798 1715 5852 dexteram
1745 5793 1952 5853 Orontis
2012 5800 2202 5866 ripam,

2310 4626 2402 4680 καὶ
2422 4623 2750 4695 ἀμφοτέροις
2777 4621 3018 4691 συγγενῆ
3035 4620 3106 4674 τά
3138 4618 3233 4672 τοῦ
3252 4619 3553 4688 θαύματος·
3570 4617 3765 4686 Ἱερεύς
3782 4633 3883 4679 τις,

2309 4720 2396 4774 δνο
2404 4736 2477 4789 μα
2494 4717 2764 4786 Ἰωάννης,
2777 4714 2876 4786 τὴν
2888 4717 2946 4768 ὲν
2960 4710 3236 4782 Ἀπαμείᾳ
3250 4706 3549 4779 τηνικαῦτα
3564 4706 3884 4775 Ἐκκλησίαν

2310 4809 2627 4879 οἰκονομῶν,
2667 4805 2940 4877 προσῆλθε
3006 4805 3105 4857 σὺν
3147 4800 3367 4869 συζύγῳ
3416 4798 3513 4851 καὶ
3552 4797 3881 4866 προσήκουσι

2311 4903 2446 4955 πᾶσι
2478 4898 2555 4970 τῷ
2592 4897 2835 4969 Συμεών.
2873 4896 2934 4949 '0
2986 4892 3118 4963 γοῦν
3176 4892 3276 4954 τὰς
3317 4889 3579 4957 ἀγγελίας
3621 4888 3880 4954 είσφέρων

2317 4992 2584 5064 μαθητὴς,
2611 4990 2643 5061 ἢ
2676 4989 2828 5061 φιλίᾳ.
2846 4989 2912 5059 τῇ
2937 4987 3072 5056 πρὸς
3091 4985 3253 5039 αύτὺν
3271 4984 3305 5053 ἢ
3326 4982 3421 5035 καὶ
3439 4980 3642 5051 χάριτι,
3668 4978 3809 5046 τάχα
3827 4977 3878 5030 δὲ

2320 5084 2414 5139 καὶ
2464 5083 2654 5152 ἀγνοίᾳ
2702 5079 2810 5132 τῶν
2871 5079 2993 5131 κατ’
3041 5076 3227 5139 αὐτὸν,
3262 5071 3741 5134 ὲσπύδαζενιὸσα
3792 5068 3877 5120 καὶ

2313 5175 2551 5245 χρηστὸν
2605 5172 2771 5243 ἄνδρα
2839 5166 3160 5237 τοῦτοντῷ
3228 5163 3455 5234 Συμεὼν
3519 5160 3873 5231 παραθέσθαι.

2315 5264 2531 5322 Πολλῶν
2578 5260 2864 5335 τοιγαροῦν
2920 5258 3050 5329 περὶ
3096 5256 3261 5311 αὑτοῦ
3309 5253 3463 5326 παρὰ
3494 5252 3589 5307 τοῦ
3642 5249 3875 5323 μαθητοῦ

2317 5448 2629 5518 Epiphania.-
2687 5463 2849 5518 quam
2919 5443 3208 5503 Antiochiae
3266 5437 3429 5510 duplo
3495 5437 3714 5505 propior
3788 5431 3876 5489 ad-

2305 5519 2469 5587 jacet.

2388 5569 2499 5654 (82)
2538 5586 2888 5642 (Economus
2915 5585 3131 5645 dicitur,
3164 5581 3255 5654 qui
3293 5579 3405 5633 vice
3457 5574 3683 5654 episcopi:
3708 5569 3871 5654 faciti:

2314 5642 2446 5713 tates
2477 5642 2725 5711 Ecclesia!
2759 5642 3236 5727 gdministrat'it'te
3273 5664 3497 5727 quorum
3540 5642 3716 5712 ofﬁcio
3756 5642 3868 5693 vi“

2312 5728 2721 5783 eruditissimum
2744 5723 3004 5797 Cangium
3027 5724 3082 5777 in
3118 5720 3405 5777 Glossario.
