4078 6332
630 307 764 376 3191

1838 323 1896 382 S.
1940 319 2317 382 SYMEONIS
2352 321 2712 384 JUNIOBIS

3754 315 3816 380 3i
3833 321 3894 381 ’Β

630 437 846 491 pinnam
895 424 1014 494 ejus
1065 433 1382 494 reputantes
1415 442 1590 490 suam,
1644 436 1698 483 et
1729 430 1983 484 acerbius
2033 433 2193 484 etiam

2306 432 2549 501 ήκοντες,
2597 433 2794 485 οἰκεῖον
2836 431 2894 482 τὸ
2929 430 3137 484 ἐκείνου
3183 429 3356 492 πάθος
3410 429 3751 498 ποιούμενοι,
3801 437 3889 485 καὶ

627 523 791 574 quam
843 511 958 580 ipse
1005 516 1260 578 cruciati,
1317 517 1617 572 ascendunt
1662 535 1784 573 cum
1835 521 1926 574 illo
1976 520 2044 573 ad
2093 520 2193 590 Sy-

631 614 904 660 tneonem,
958 604 1298 674 plangentes,
1342 607 1711 675 procidentes,
1764 618 2075 678 precantes.
2137 618 2196 664 ut

625 689 917 746 miseratus
981 695 1345 750 calamitatem
1401 713 1591 760 suam,
1655 699 1928 754 infelicem
1983 701 2116 754 velit
2163 717 2194 754 a

625 780 912 836 vexatione
961 783 1224 839 daemonis
1271 785 1524 842 liberare.
1562 787 1757 842 Verum
1785 791 1874 844 ille
1915 799 2199 845 mansueta

626 884 758 924 voce
807 872 874 925 ad
928 872 1221 928 diaconum
1273 891 1467 932 versus
1508 895 1519 930 :
1554 878 1805 948 Expedit,
1867 881 1960 944 ait,
2003 882 2200 935 animae

625 968 734 1014 tua
771 971 822 1016 te
866 979 975 1017 non
1014 964 1237 1019 liberari
1275 985 1302 1038 :_
1332 984 1508 1038 neque
1557 971 1703 1024 enim
1743 971 1915 1024 dolori
1959 987 2057 1024 suo
2097 972 2197 1026 ob-

625 1053 960 1120 sequebatur
1020 1057 1104 1108 vir
1161 1059 1414 1112 omnibus
1469 1063 1828 1129 compatiens,
1880 1075 2003 1114 cum
2056 1073 2200 1117 esset

625 1143 781 1208 quasi
834 1142 1188 1211 impassibilis
1237 1147 1379 1201 :sed
1435 1149 1704 1218 potiorem
1765 1150 1959 1204 animae
2008 1165 2199 1206 curam

624 1229 870 1298 gerebat,
924 1241 1114 1302 utpote
1166 1235 1346 1290 sciens
1394 1237 1805 1293 inﬁrmitatibus
1868 1241 2199 1308 animarum,

623 1319 876 1385 quamvis
912 1329 967 1374 et
1021 1322 1142 1376 aliis
1176 1324 1365 1384 etiam,
1408 1342 1572 1395 quam
1603 1326 1932 1382 dexterrime
1966 1330 2198 1384 mederi.

626 1404 697 1461 Ut
728 1409 890 1473 scias,
946 1411 1147 1480 inquit,
1204 1416 1462 1482 potentiae
1505 1415 1705 1470 divinae
1736 1417 1790 1470 id
1841 1433 1982 1481 esse,
2034 1435 2199 1488 quam
2233 1403 2246 1413 ’

623 1507 683 1552 tu
745 1499 1014 1557 hactenus
1073 1504 1358 1560 offendens
1408 1507 1720 1576 ignorabas,
1775 1508 1842 1562 ad
1894 1509 2200 1564 curandum

623 1591 963 1658 pertinacem
1003 1595 1380 1651 inﬁdelitatem
1415 1607 1601 1664 tuam;
1644 1599 1863 1663 mando,
1900 1601 1952 1654 in
1976 1603 2198 1656 nomine

627 1679 775 1734 illius
827 1682 1157 1739 inhabitanti
1205 1685 1264 1738 in
1315 1696 1366 1739 te
1405 1686 1662 1751 daemoni,
1692 1689 2051 1758 quadraginta
2081 1691 2198 1745 dies

2306 522 2504 591 μᾶλλον
2539 522 2688 574 αὐτοὶ
2717 521 3016 589 πάσχοντες
3048 520 3144 582 τὰς
3171 518 3366 588 ψυχὰς,
3396 518 3582 571 ἀνίασι
3615 521 3719 571 σὺν
3742 520 3890 585 αὐτῷ

2301 615 2436 684 πρὸς
2464 613 2554 665 τὸν
2587 611 2827 680 Συμεὼν,
2847 612 3110 680 δεόμενοι,
3135 608 3480 680 θρηνοῦντες,
3507 612 3890 678 προσπίπτον-

2301 720 2412 765 τες,
2458 702 2804 770 οἰκτείραντα
2851 703 2948 770 τῆς
2992 705 3275 768 συμφορᾶς
3301 701 3522 763 ,αὐτοὺς
3561 704 3665 766 τῆς
3705 703 3770 753 ἐκ
3797 701 3889 752 τοῦ

2299 791 2553 860 δαίμονος
2583 792 2788 844 ἐκεῖνον
2814 789 3075 859 ἐπηρείας
3099 791 3321 843 ἀνεῖναι.
3359 791 3419 841 '0
3443 789 3519 851 δὲ,
3565 790 3732 841 Ἀλλὰ
3761 803 3889 856 συμ-

2303 881 2456 949 φέρει
2495 883 2556 949 τῇ
2591 880 2733 950 ψυχῇ
2769 897 2861 932 σου
2894 881 2969 949 μὴ
3005 881 3260 948 ἀνεθῆναι
3298 898 3381 944 σε,
3413 881 3603 948 πράως
3640 881 3780 950 πρὸς
3802 881 3891 931 τὸν

2302 967 2545 1020 διάκονον
2603 969 2706 1039 εφη
2733 985 2745 997 °
2802 969 2919 1022 οὐδὲ
2964 969 3072 1038 γὰρ
3114 970 3314 1022 οἰκεῖον
3364 971 3604 1039 ἐπλήρου
3646 969 3826 1031 πάθος
3863 972 3891 1021 δ

2304 1058 2616 1128 συμπαθὴς,
2653 1060 2685 1128 ἦ
2730 1060 2824 1112 καὶ
2869 1058 3088 1129 ἀπαθὴς
3135 1059 3552 1129 τὰληθέστερον,
3601 1060 3743 1112 ἀλλά
3790 1061 3891 1127 τῆς

2303 1150 2513 1202 ἐκείνου
2574 1150 2753 1218 ψυχῆς
2795 1150 3017 1219 ἐκήδετο
3073 1149 3292 1218 μᾶλλον,
3338 1151 3367 1202 ό
3415 1150 3560 1220 πάθη
3610 1150 3810 1219 ψυχῶν
3843 1151 3890 1203 εἰ

2302 1240 2396 1294 καί
2421 1258 2474 1292 τι
2499 1240 2646 1304 ἄλλο,
2673 1241 2870 1309 ἄριστα
2899 1238 3222 1308 θεραπεύειν
3268 1240 3472 1301 ἐκεῖνος
3496 1240 3678 1304 εἰδὼς,
3711 1241 3788 1302 ὡς
3825 1240 3890 1292 ἂν

2303 1330 2466 1400 εἰδῇς,
2503 1332 2685 1399 φησὶν,
2721 1332 2802 1384 ὅτι
2834 1331 3060 1399 δύναμις
3086 1329 3222 1382 Θεοῦ
3248 1333 3415 1392 ἐστιν,
3508 1330 3570 1383 ab
3600 1331 3770 1400 μέχρι
3798 1330 3890 1382 νῦν

2304 1422 2665 1490 προσκύπτων
2698 1419 2933 1490 ἠγνόεις,
2969 1420 3053 1472 ἴνα
3083 1418 3177 1472 καὶ
3213 1417 3272 1470 τὸ
3311 1418 3446 1470 πολὺ
3486 1419 3589 1488 τῆς
3623 1420 3890 1482 ἀπιστίας

2305 1511 2465 1566 αὑτοῦ
2494 1512 2672 1576 ποσῶς
2703 1502 3037 1584 θεραπεύσῃ,
3075 1509 3442 1580 παραγγέλλω
3466 1511 3524 1562 ἐν
3553 1511 3632 1579 τῷ
3662 1509 3891 1578 ὀνόματι

2303 1605 2466 1657 αὑτοῦ
2497 1604 2572 1674 τῷ
2603 1603 2898 1658 ἐνοικοῦντί
2932 1620 3013 1656 σοι
3040 1602 3276 1672 δαίμονι,
3305 1601 3716 1670 τεσσαράκοντα
3747 1603 3892 1672 ἠμέ-

2308 1711 2408 1764 ρας
2442 1695 2536 1746 καὶ
2564 1693 2765 1756 νύκτας
2799 1693 2920 1756 ῐσας
2941 1691 3233 1760 ἀφέξεσθαι
3267 1709 3383 1744 σου.
3421 1691 3598 1760 Ὅπερ
3619 1686 3717 1743 οὖν
3745 1691 3890 1742 κατά

627 1772 964 1842 totidemque
1014 1784 1206 1829 noctes
1252 1775 1481 1831 missum
1534 1787 1588 1832 te
1637 1777 1821 1833 faciat.
1867 1781 2022 1845 Quod
2072 1797 2193 1836 cum

2303 1760 2363 1836 τὸ
2403 1783 2564 1836 αὑτοῦ
2602 1784 2880 1852 ἐπίταγμα
2927 1782 3170 1850 γεγονὸς.
3223 1781 3361 1850 μετά
3404 1781 3500 1851 τὴν
3548 1781 3748 1850 ἐνάτην
3794 1781 3889 1833 ἐπὶ

620 1864 774 1932 juxta
808 1864 1127 1919 mandatum
1173 1866 1291 1937 ejus
1340 1869 1652 1934 accidisset,
1696 1871 1882 1941 elapso
1920 1874 2199 1942 trigesimo

624 1969 774 2010 nono
823 1955 913 2013 die
969 1958 1204 2013 redeunt
1258 1960 1418 2014 simul
1486 1961 1633 2030 ipse,
1685 1964 1910 2032 conjux,
1973 1967 2195 2035 ιιι-ορξη-

623 2045 741 2114 qui,
796 2047 1170 2103 omnimodam
1231 2048 1618 2104 liberationem
1667 2061 1938 2120 petentes.
1988 2054 2056 2107 At
2102 2055 2198 2110 ille

621 2138 716 2207 qui
773 2139 1079 2193 animarum
1124 2142 1287 2195 saluti
1337 2158 1555 2212 semper
1591 2143 1848 2198 studebat
1900 2147 2194 2215 praecipue,

621 2229 791 2299 probe
824 2245 1164 2301 cognoscens
1206 2233 1401 2288 animae
1430 2235 1548 2303 ejus
1571 2233 1823 2300 expedire
1873 2235 2015 2290 hanc
2036 2239 2200 2294 casti-

619 2319 916 2388 gationem,
969 2337 1079 2376 non
1114 2337 1370 2378 assensus
1422 2333 1509 2379 est
1542 2325 1794 2393 petitioni
1828 2326 2070 2384 illorum.
2100 2328 2196 2383 sed

621 2420 682 2466 ut
737 2413 1076 2469 moderatior
1129 2415 1490 2485 imposterum
1546 2418 1688 2472 foret
1757 2419 2020 2474 daemonis
2083 2421 2196 2474 vio-

621 2499 792 2554 lentia
847 2501 1144 2557 concessit.
1198 2502 1396 2572 Sicque
1447 2519 1876 2575 energumenus,
1930 2507 2192 2576 perfecta,

619 2599 682 2644 ut
733 2592 977 2662 optabat,
1012 2595 1296 2650 sanatione
1345 2611 1453 2652 non
1485 2595 1792 2667 impetrata,
1841 2607 2068 2657 moestus
2109 2617 2190 2655 re-

618 2683 806 2739 cessit.

687 2795 812 2850 εει.
855 2797 1178 2854 Anastasius
1218 2800 1441 2869 quidam
1477 2802 1860 2870 scholasticus,
1906 2807 2194 2862 Antiochia

618 2886 874 2942 similiter
905 2890 1194 2954 oriundus,
1231 2892 1316 2944 vir
1359 2892 1555 2962 lingua:
1588 2910 1819 2964 nequam
1849 2913 1911 2951 ac
1942 2899 2194 2966 petulano

617 2978 710 3042 tis,
758 2993 827 3033 eo
858 2990 1110 3035 evaserat
1142 2992 1333 3036 contra
1378 2993 1630 3038 sanctum
1687 2986 1960 3050 amentiae,
2007 2997 2102 3042 aut
2145 2990 2189 3044 si

2302 1875 2592 1945 τριάκοντα
2609 1870 2745 1945 ⁴Ῐικεν
2777 1874 2912 1942 ὁμοῦ
2940 1873 3161 1940 γυναικὶ
3185 1874 3276 1925 καὶ
3302 1875 3672 1940 προσήκουσιν
3703 1865 3884 1938 αὖθις,

2301 1965 2618 2035 ἀπαλλαγὴν
2656 1965 2869 2018 τελείαν
2901 1964 3197 2027 αἰτοῦντες.
3248 1963 3304 2015 ’0
3342 1963 3398 2018 δὲ
3447 1963 3751 2016 λυσιτελεῖν
3785 1966 3884 2017 αὐ-

2299 2054 2394 2107 τοῦ
2438 2058 2504 2123 τῇ
2539 2056 2682 2124 ψυχῇ
2731 2055 2829 2125 τὴν
2879 2055 3132 2109 παιδείαν
3175 2055 3349 2120 εἰδὼς,
3380 2049 3425 2122 ᾧ
3459 2057 3553 2108 καὶ
3581 2057 3774 2125 ψυχῶν
3818 2053 3886 2128 ἦν

2301 2146 2388 2198 ἀεὶ
2433 2147 2675 2216 σωτηρία
2723 2147 2784 2198 τὸ
2818 2147 3270 2217 σπουδαζόμενον,
3304 2147 3463 2200 τοῦτο
3499 2148 3597 2217 μέν
3627 2149 3731 2201 οὐκ
3772 2149 3884 2202 ἀπο

2302 2238 2537 2302 ένευσεν,
2563 2239 2678 2292 ἀλλ’
2710 2241 2848 2292 ὥστε
2890 2242 3265 2311 μετριωτέραν
3307 2241 3456 2310 αὑτῷ
3486 2245 3620 2311 πρδς
3664 2244 3726 2294 τὸ
3755 2243 3884 2309 ἑξῆς

2300 2327 2519 2381 ἔσεσθαι
2555 2331 2756 2398 μᾶλλον
2783 2331 2875 2384 τοῦ
2904 2332 3153 2401 δαίμονος
3175 2333 3274 2401 τὴν
3302 2334 3568 2403 ἐπήρειαν
3591 2330 3764 2384 ’Καίδ
3784 2333 3883 2401 μὲν

2297 2423 2357 2475 οὐ
2386 2423 2618 2488 τελείας,
2654 2423 2728 2488 ὡς
2758 2422 3009 2477 ἐδούλετο
3037 2423 3136 2493 τῆς
3165 2424 3431 2494 αἰτήσεως
3466 2421 3672 2492 τυχὼν,
3714 2424 3882 2492 ἀπῄει

2300 2514 2542 2582 στυγνός.

2367 2789 2498 2842 σκδ¹.
2550 2789 2901 2853 ’Δναστάσιος
2947 2789 3004 2843 δέ
3051 2807 3134 2853 τις
3183 2787 3571 2860 Σχολαστικδς,
3606 2787 3669 2840 τὺ
3727 2787 3879 2854 γένος

2311 2879 2635 2951 Ἀντιοχεὺς.
2664 2882 2839 2951 φαύλη
2879 2881 3102 2950 γλῶσσα
3142 2882 3235 2934 καὶ
3272 2880 3527 2947 ἀσελγὴς,
3561 2881 3641 2940 εἰς
3685 2881 3872 2931 τοσοῦο

2295 2991 2387 3026 τον
2418 2973 2586 3042 ἤλασε
2620 2973 2759 3026 κατά
2805 2971 2898 3025 τοῦ
2949 2972 3104 3039 ἁγίου
3153 2971 3434 3033 ἀπονοίας,
3484 2973 3533 3022 εἰ
3567 2971 3624 3022 δέ
3671 2971 3873 3040 βούλει,

618 3070 850 3124 mavelis
895 3070 1123 3136 furoris,
1175 3088 1296 3141 qua:
1341 3089 1442 3127 vox
1496 3075 1663 3130 etiam
1719 3079 2034 3154 expressius
2072 3095 2186 3134 rem

2301 3064 2493 3132 μανίας
2529 3064 2577 3135 (δ
2608 3065 2703 3117 καὶ
2762 3064 3185 3133 συγγενέστερον
3221 3064 3419 3132 μᾶλλον
3453 3063 3530 3132 τῷ
3591 3063 3876 3134 πράγματι

617 3160 888 3230 designat,
942 3169 1002 3216 ut
1034 3162 1367 3218 mirabilium
1411 3180 1442 3218 a
1473 3174 1664 3220 sancto
1696 3176 2036 3235 patratorum
2067 3185 2196 3240 ope-

618 3267 744 3306 rum
776 3262 1059 3309 auctorem
1107 3271 1214 3309 non
1267 3256 1460 3323 Deum,
1505 3258 1601 3312 sed
1652 3259 1914 3328 pessimas
1934 3261 2194 3328 quasdam

617 3355 764 3398 artes
813 3346 1135 3400 eorumdem
1176 3347 1483 3404 effectrices
1513 3364 1633 3404 esse
1669 3349 1859 3404 inscite
1914 3352 2193 3421 stulteque

619 3435 936 3492 blateraret.
988 3438 1144 3503 Quod
1193 3439 1286 3492 ubi
1341 3440 1409 3494 ad
1462 3456 1625 3494 aures
1655 3441 1827 3494 sancti
1870 3441 2009 3494 fama
2065 3458 2194 3511 per-

617 3525 790 3580 latum
810 3534 915 3589 est,
946 3528 1425 3582 commiseratione
1458 3528 1604 3582 illius
1635 3539 1828 3595 tactus,
1879 3531 2195 3585 conversio-

619 3632 745 3672 nem
785 3619 1226 3688 prazstolabatur,
1278 3619 1357 3672 uti
1405 3621 1491 3674 lex
1521 3621 1617 3674 Dei
1669 3621 1919 3676 homines
1962 3625 2204 3679 amantis

615 3709 792 3781 jubet.
847 3710 1048 3765 Verum
1089 3712 1237 3765 enim
1280 3727 1409 3765 vero
1453 3722 1804 3780 posteaquam
1854 3716 2196 3790 pertinacem

618 3801 796 3864 illum,
829 3797 1068 3854 divinam
1101 3814 1233 3854 vero
1277 3799 1743 3869 longanimitatem
1781 3803 2044 3872 longioris
2076 3820 2193 3859 mo-

619 3908 693 3948 ra
715 3892 1112 3961 impatientem,
1143 3892 1504 3960 strictumque
1532 3893 1642 3961 jam
1677 3895 1901 3949 rutilare
1930 3895 2191 3964 gladium,

614 3992 670 4039 et
697 3999 883 4038 arcum
915 3993 1104 4038 contra
1134 3983 1412 4038 hominem
1473 3994 1710 4049 tensum,
1748 3995 2043 4054 parataque
2073 4003 2194 4042 esse

614 4087 742 4128 vasa
767 4073 960 4128 mortis
1003 4073 1403 4142 deprehendit;
1451 4073 1848 4142 discipulorum
1880 4078 2192 4146 quempiam

614 4162 889 4218 advocans
924 4163 1064 4232 (erat
1118 4172 1300 4216 autem
1337 4178 1530 4233 magna
1575 4164 1667 4217 illa
1696 4163 1834 4228 dies,
1865 4181 1972 4234 qua
2002 4168 2192 4237 mysti-

617 4269 736 4308 cam
783 4252 1040 4308 Christus
1081 4268 1293 4308 cosnam
1352 4253 1610 4316 instituit,
1668 4270 1773 4323 qua
1830 4256 2190 4311 lavandorum

615 4346 814 4416 pedum
845 4346 1213 4400 ministerium
1245 4345 1438 4410 obivit,
1479 4362 1586 4415 qua
1622 4362 1723 4417 pro
1753 4347 1914 4402 nobis
1957 4348 2192 4402 traditus

2307 3156 2522 3225 ὄνομα),
2581 3157 2654 3220 ὡς
2689 3157 2823 3226 μηδέ
2861 3157 2991 3209 Θεὸν
3061 3159 3171 3219 τοῖς
3221 3156 3537 3226 παραδόξως
3585 3159 3680 3211 ὑπ’
3716 3158 3876 3212 αὑτοῦ

2299 3249 2665 3316 τελουμένοις,
2703 3249 2838 3302 ἀλλά
2872 3267 2989 3302 τινα
3031 3250 3271 3318 πονηρὰν
3317 3251 3599 3318 ἐνέργειαν
3637 3254 3877 3319 ἀνοήτως

2303 3338 2682 3408 ἐπιφημίζειν.
2731 3340 2907 3409 ὀπερ
2969 3340 3058 3392 τὸν
3091 3339 3232 3392 θεῖον
3289 3341 3460 3409 ἄνδρα
3511 3341 3873 3409 μανθάνοντα,

2303 3431 2531 3499 πάσχειν
2583 3431 2682 3499 μὲν
2732 3431 2872 3500 ὑπὲρ
2915 3430 3010 3482 τοῦ
3059 3431 3289 3498 ἀδελφοῦ
3319 3434 3416 3502 τὴν
3451 3432 3650 3502 ψυχὴν,
3675 3434 3877 3501 ἀναμέ-

2301 3538 2410 3574 νειν
2442 3523 2497 3574 δὲ
2522 3521 2669 3591 ὅμως
2701 3521 2865 3574 αὑτοῦ
2897 3521 2996 3589 τὴν
3025 3522 3382 3590 ἐπιστροφὴν,
3415 3524 3556 3594 ὅπερ
3589 3524 3653 3593 δὴ
3692 3526 3876 3593 φιλαν-

2302 3615 2548 3684 θρωπίας
2609 3613 2743 3666 Θεοῦ
2804 3612 2988 3682 νόμος.
3027 3612 3116 3675 Ὠς
3162 3613 3218 3665 δὲ
3250 3613 3342 3666 τὸν
3396 3615 3495 3681 μὲν
3549 3617 3876 3684 ἐπιμένοντα

2303 3705 2468 3777 ἐώρα,
2505 3705 2602 3776 τὴν
2661 3704 2812 3757 θείαν
2860 3705 3042 3757 οὐκέτι
3103 3705 3484 3775 μακροθυμίαν
3517 3709 3874 3777 ἀνεχομένην,

2301 3799 2434 3852 ἀλλά
2489 3800 2585 3851 καὶ
2641 3797 3033 3866 στιλὸουμένην
3091 3797 3190 3868 ἢδη
3251 3799 3549 3869 ῥομφαίαν,
3587 3802 3683 3853 καὶ
3725 3801 3874 3865 τόξον

2302 3891 2422 3943 κατ’
2458 3888 2619 3941 αὑτοῦ
2652 3889 3042 3958 ἐντεινόμενον,
3069 3889 3471 3958 ἐτοιμαζόμενα
3491 3890 3547 3942 δέ
3577 3890 3673 3943 καὶ
3708 3895 3873 3962 σκεύη

2302 3981 2535 4034 θανάτου
2568 3997 2582 4010 ·
2615 3980 2723 4032 τῶν
2761 3979 3021 4048 μαθητῶν
3047 3979 3143 4032 ἕνα
3169 3981 3402 4043 καλέσας
3428 3977 3514 4050 (ἦν
3544 3981 3600 4034 δὲ
3637 3986 3671 4052 ἡ
3707 3985 3873 4052 μεγά-

2300 4072 2366 4140 λη
2397 4069 2491 4124 τοῦ
2529 4069 2792 4140 μυστικοῦ
2837 4069 3076 4134 δείπνου,
3111 4072 3202 4122 καὶ
3232 4073 3327 4140 τῆς
3358 4072 3495 4143 ὑπὲρ
3540 4074 3702 4141 ἡμῶν
3746 4076 3876 4142 Χρι.

2303 4163 2429 4216 στοῦ
2459 4164 2809 4233 παραδόσεως
2841 4165 2939 4217 καὶ
2970 4165 3280 4233 οἰκονομίας
3307 4165 3510 4234 ἡμέρα)
3539 4165 3638 4234 τὴν
3675 4168 3874 4236 πικράν

2300 4254 2518 4324 ἐκείνην
2544 4253 2621 4323 τῷ
2646 4253 2815 4323 ἀθλίῳ
2849 4253 3044 4324 μηνύει
3065 4261 3237 4328 τομὴν
3273 4255 3618 4327 (τηνικαῦτα
3652 4259 3759 4326 γάρ
3799 4254 3873 4325 τῷ

2303 4347 2574 4415 πνεύματι
2603 4346 2696 4398 καὶ
2729 4343 2896 4412 αὐτὴν
2936 4345 3284 4414 ἐπαγομένην
3349 4343 3532 4413 ἐώρα)
3595 4346 3875 4417 εἴσπραξιν

612 4442 722 4503 est)
743 4437 902 4508 jubet
927 4436 1236 4507 signiﬁcare
1283 4437 1486 4492 misero
1511 4437 1624 4499 isti,
1653 4437 1882 4492 acerbos
1910 4438 2033 4491 illos
2063 4453 2190 4491 cru-

2300 4439 2454 4508 αὐτῷ
2481 4439 2578 4507 τῆς
2613 4437 2817 4503 πολλῆς
2851 4426 3068 4488 ἔσεσθαι
3093 4435 3327 4500 ἀδικίας,
3356 4432 3423 4506 ἧς
3457 4437 3634 4488 λαλῶν
3683 4441 3763 4501 εἰς
3810 4440 3868 4491 τὺ

612 4533 789 4585 cintus
809 4529 969 4602 (quos
991 4531 1103 4600 jam
1138 4539 1252 4584 tum
1309 4530 1504 4598 spiritu
1571 4530 1905 4599 prtevidcbat
1967 4529 2044 4583 illi
2080 4529 2186 4585 im-

611 4623 879 4694 pendere)
909 4623 1107 4678 ultioni
1132 4623 1349 4678 futuros
1389 4639 1487 4692 pro
1542 4624 1752 4678 crebris
1810 4625 2184 4688 contumeliis,

612 4731 750 4785 quas
777 4715 1073 4771 eﬂ'utiisset
1105 4725 1300 4771 contra
1347 4715 1712 4778 Altissimum,
1772 4714 1826 4768 in
1878 4716 1996 4784 ipso
2045 4717 2187 4772 coelo

614 4817 863 4862 statuens
887 4823 949 4862 os
981 4823 1161 4862 suum.
1209 4807 1264 4862 Id
1318 4815 1504 4862 autem
1569 4796 1889 4862 renuntiare
1930 4807 2184 4878 jubebat,

613 4911 722 4950 non
749 4897 892 4965 quod
924 4907 1144 4967 putaret
1176 4896 1310 4958 fore,
1348 4906 1407 4950 ut
1439 4897 1701 4966 deinceps
1752 4897 2058 4952 abstineret
2081 4899 2190 4963 (vi-

612 4989 777 5044 debat
799 5005 1035 5059 namque
1067 4988 1548 5044 inconvertibilem
1593 5004 1737 5051 esse.
1789 5001 1952 5059 atque
2009 4990 2188 5044 immi-

612 5061 742 5135 nere
770 5081 880 5150 jam
920 5081 1398 5142 comminationes,
1447 5088 1503 5137 et
1533 5079 1689 5133 brevi
1743 5080 2055 5149 alIuturas),
2090 5081 2184 5135 sed

617 5181 677 5225 ut
706 5171 905 5225 similis
937 5169 1126 5225 farinae
1180 5169 1235 5224 et
1277 5169 1619 5224 inﬁdelitatis
1675 5170 1994 5224 hominibus
2055 5186 2181 5226 cor-

613 5261 851 5334 rigentia:
885 5263 1009 5316 vitae
1058 5261 1310 5331 exemplo
1359 5269 1524 5324 esset,
1579 5277 1797 5316 causam
1870 5263 2187 5332 justissima;

611 5355 858 5410 caelitum
889 5363 1079 5408 contra
1103 5354 1279 5421 ipsum
1316 5354 1406 5407 im
1429 5362 1485 5408 et
1533 5353 1803 5408 immissas
1837 5370 2024 5422 pmnas
2077 5372 2183 5409 non

612 5446 1020 5519 ignorantibus.
1063 5445 1557 5514 lgiturdiscipulus
1585 5446 1686 5498 iste
1712 5446 1765 5499 in
1816 5447 2184 5502 celeberrimo

610 5536 911 5592 urbisloco
964 5535 1244 5590 hominem
1271 5535 1579 5598 inveniens,
1614 5537 1817 5591 habere
1847 5553 1925 5598 sc,
1985 5539 2180 5607 inquit,

607 5627 756 5697 quod
789 5630 1008 5682 nuntiet
1058 5643 1084 5681 a
1128 5627 1417 5697 Symeone.
1462 5627 1707 5698 Cumque
1746 5630 2034 5700 juberctnr
2092 5648 2183 5685 co-

611 5733 727 5773 ram
757 5719 1115 5786 praesentibus
1150 5719 1400 5786 edicere;
1442 5736 1562 5791 quae
1614 5721 1876 5792 imperata
1920 5733 2076 5777 erant
2127 5725 2182 5777 in

2301 4531 2433 4600 ὕψος
2483 4525 2571 4600 ἦν,
2603 4532 2696 4582 καὶ
2727 4531 2806 4592 εἰς
2835 4529 3064 4598 οὐρανὸν
3107 4529 3166 4580 τὸ
3200 4529 3376 4598 στόμα
3403 4529 3684 4597 τιθέμενος
3723 4545 3737 4560 ο
3777 4533 3872 4600 οὐχ

2299 4625 2365 4676 ἶν’
2400 4625 2607 4676 ἐκεῖνον
2638 4622 2974 4692 ἀποσχέσθαι
3016 4622 3414 4692 παρασκευάσῃ
3446 4623 3582 4692 (ᾔδει
3606 4624 3716 4693 γὰρ
3743 4626 3872 4694 ἁμεο

2296 4715 2538 4776 ταθέτως
2566 4715 2780 4785 ἔχοντα,
2819 4716 3184 4783 ἐφεστηκυϊαν
3216 4715 3270 4766 δέ
3298 4714 3401 4782 ἤδη
3434 4716 3523 4766 καὶ
3555 4717 3655 4783 τὴν
3716 4719 3867 4768 ἀπει-

2296 4809 2413 4879 λὴν,
2457 4809 2550 4860 καὶ.
2617 4807 2736 4859 οὐδέ
2793 4805 2962 4874 βραχὺ
3013 4805 3424 4874 ἀναδυομένην),
3455 4806 3568 4858 ἀλλ’
3629 4807 3717 4860 ῐνα
3767 4811 3870 4872 τοῖς

2295 4897 2495 4964 ὁμοίως
2530 4895 2744 4965 ἔχουσιν
2769 4893 3026 4956 ἀπιστίας
3058 4893 3343 4963 διόρθωσις
3378 4895 3624 4963 γένηται,
3655 4897 3756 4965 τὴν
3789 4899 3866 4950 αί-

2295 4989 2416 5042 τίαν
2447 4989 2545 5057 τῆς
2576 4987 2780 5042 ἀνωθεν
2808 4988 2925 5039 κατ’
2953 4986 3116 5038 αὑτοῦ
3145 4987 3357 5048 δικαίας
3381 4988 3549 5057 ὀργῆς
3581 4989 3676 5040 καὶ
3706 5005 3865 5056 τιμω-

2299 5080 2419 5151 ρίας
2459 5081 2559 5132 οὐκ
2591 5080 2946 5148 ἀγνοήσασιν.
2995 5079 3053 5130 'U
3091 5079 3189 5144 μὲν
3220 5078 3311 5131 οῦν
3346 5078 3597 5148 μιθητὴς
3646 5081 3708 5131 ὲν
3750 5083 3864 5131 ἐπι-

2298 5169 2456 5240 σήμῳ
2493 5170 2591 5239 τῆς
2623 5169 2826 5231 πόλεως
2863 5169 3026 5221 αὑτὸν
3055 5168 3328 5239 εὑρηκὼς,
3355 5171 3497 5238 ἔχειν
3522 5187 3579 5222 τι
3603 5171 3759 5240 παρά
3777 5170 3863 5224 τοῦ

2296 5261 2442 5314 θείου
2502 5260 2726 5330 Συμεὼν
2777 5259 2925 5328 αὐτῷ
2977 5259 3308 5325 ἀπαγγεῖλαι
3353 5255 3508 5312 εἶπεν
3533 5275 3547 5288 ·
3582 5260 3610 5312 ὃ
3641 5262 3738 5314 ἐπὶ
3767 5261 3862 5312 τῶν

2296 5353 2580 5422 παρόντων
2609 5350 2827 5402 ἐκέλευε
2853 5350 3050 5416 λέγειν.
3081 5350 3189 5402 Καὶ
3220 5352 3244 5402 ὁ
3275 5351 3375 5419 μὲν
3408 5351 3550 5420 ειπερ
3587 5353 3860 5404 ἐντέταλτο

2296 5447 2530 5514 εἰρήκει,
2570 5447 2597 5496 ὁ
2650 5444 2706 5496 δέ
2758 5443 2862 5495 ὑπὸ
2902 5442 3155 5510 δαίμονος
3221 5443 3421 5504 ευθέως
3468 5446 3855 5514 καταρραγεὶς.

2294 5535 2481 5591 δεινῶς
2509 5553 2565 5587 τε
2590 5535 3015 5604 διασπαραχθεὶς
3047 5532 3138 5584 ὑπ’
3165 5534 3352 5598 αὑτοῦ,
3383 5535 3646 5603 αἰσχρῶς,
3687 5535 3849 5605 οἶμοιί

2297 5631 2387 5683 καὶ
2420 5628 2518 5696 τῆς
2571 5627 2936 5695 ἐκδεξαμένης
2969 5628 3132 5679 αὑτὸν
3159 5626 3429 5688 κολάσεως
3463 5626 3627 5693 ἀξίως
3656 5627 3714 5679 ἐν
3746 5627 3856 5698 δ’ᾇιι

2295 5721 2511 5776 πάντων
2546 5720 2913 5788 καταστρέφει
2947 5719 3034 5771 τὸν
3067 5718 3198 5788 βίον.
