4078 6332
252 356 392 427 3293

1275 351 1437 414 νιΤΑ
1473 351 1522 408 Α
1559 346 1997 410 NICEPHORO
2033 345 2518 406 CONSCRIPTA.

3377 340 3515 404 3194

254 475 499 530 taedium
535 471 780 544 protullt.
821 469 962 525 Ecce
995 475 1178 522 autem
1212 466 1379 519 miser
1410 463 1501 517 ille
1557 462 1823 516 continuo
1861 467 2020 512 terrae
2086 457 2275 511 allisus
2337 454 2746 522 crudeliterque
2791 454 3100 523 discerptus
3154 469 3181 506 a
3244 452 3519 511 daemone.

254 575 313 620 et
347 565 562 636 dignam
622 563 928 620 sceleribus
981 561 1249 615 ultionem
1299 555 1602 625 excipiens,
1657 553 1826 606 vitam
1868 564 1992 603 cum
2030 558 2204 601 morte
2241 546 2561 616 turpissima
2599 544 2980 599 commutavit.

1651 689 1876 748 CAPUT
1917 689 2154 744 XXVIII.

1241 810 1466 878 Integris
1517 807 1735 877 familiis
1771 805 1939 858 multa
1995 800 2243 869 beneﬁcia
2280 801 2501 869 confert.

326 913 456 966 σκε’.
481 915 730 982 Ἰσαυρος
757 913 811 965 δέ
837 927 940 976 τις,
965 912 1133 984 ὄνομα
1157 913 1364 974 Κόνων,
1396 912 1454 962 οὑ
1479 909 1700 979 χαλεπῷ
1721 907 1833 960 δαί-

1993 916 2134 971 ο225.
2171 915 2396 968 lsaurus
2421 912 2641 981 aliquis,
2686 921 3037 982 nuncupatus
3063 911 3279 978 Conon,
3304 915 3521 971 crucias

253 1022 376 1074 μονι
413 1006 693 1074 πέπληκτο
732 1004 913 1074 μόνον,
941 1005 1074 1058 ἀλλὰ
1099 1005 1188 1057 καὶ
1213 1005 1300 1057 τὸν
1321 1002 1663 1074 ἀστράγαλον
1685 1001 1833 1052 ἕλκει

251 1094 475 1168 πονηρῷ
498 1138 512 1160 ,
535 1097 610 1159 ὡς
641 1096 720 1167 τῷ
749 1097 846 1165 μὲν
877 1095 1282 1165 διαμασσᾶσθάι
1313 1095 1411 1164 τὴν
1437 1094 1703 1162 γλῶτταν,
1738 1093 1836 1166 ὅσα

250 1187 346 1239 καὶ
368 1186 532 1253 ἄρτον
555 1187 726 1255 αὐτὴν
747 1185 1016 1248 ἐσθίοντα,
1041 1187 1117 1254 τῷ
1139 1187 1194 1238 δέ
1219 1185 1513 1252 σεσηπὲναι
1535 1184 1593 1235 τὸ
1622 1181 1839 1260 σκέλος⁹

249 1275 472 1346 σαρκῶν
485 1293 543 1328 τε
565 1276 634 1330 τὰ
657 1277 790 1329 ὀστᾶ
805 1274 1216 1344 γεγυμνῶσθαι,
1231 1273 1322 1326 καί
1339 1291 1392 1326 τι
1408 1273 1642 1333 δυσῶδες
1659 1269 1838 1322 αὐτῶν

247 1369 516 1423 ἀποπνεῖν
545 1367 619 1430 ὡς
652 1367 786 1437 μηδὲ
813 1366 1047 1436 φορητὸν
1072 1361 1213 1418 εἶναι
1244 1365 1530 1434 ὀσφρήσει.
1560 1357 1726 1424 Οὗτος
1754 1363 1838 1412 ία-

249 1478 279 1512 τ
286 1463 399 1529 poi;
417 1461 484 1514 τὰ
497 1461 625 1514 ὄντα
643 1460 1090 1531 προσαναλώσας,
1105 1461 1179 1523 ὡς
1195 1459 1302 1513 οὐδ’
1319 1457 1496 1512 ὁτιοῦν
1511 1458 1694 1519 αὐτοῖς
1712 1455 1840 1510 ἀλλο

249 1554 390 1624 πρὸς
419 1553 715 1622 θεραπείαν
745 1555 777 1624 ἡ
804 1553 968 1623 τέχνη
997 1556 1278 1623 παρεῖχεν,
1302 1553 1386 1605 ὃτι
1419 1552 1496 1621 μὴ
1539 1549 1839 1621 πρισθὲντα

247 1646 344 1698 τὸν
386 1645 519 1699 πόδα
557 1647 815 1715 κοπῆναι,
839 1646 990 1715 παρὰ
1013 1646 1103 1698 τὸν
1139 1646 1282 1698 θεῖον
1321 1642 1838 1712 ἀνακομίζεταιΣυ-

253 1736 495 1807 μεὼν,δν
512 1737 573 1808 δή
599 1754 701 1789 που
727 1737 821 1789 καὶ
845 1736 1004 1806 μόνον
1023 1738 1257 1790 ἀνιάτων
1275 1735 1393 1807 ᾔδει
1415 1733 1604 1788 παθῶν
1630 1734 1834 1804 ἰατρόν.

251 1826 456 1879 Τοῦτον
477 1826 621 1889 ὅπως
648 1827 897 1888 ἐλεεινῶς
919 1823 1064 1896 εἶχεν
1086 1828 1293 1889 ἐκεῖνος
1319 1824 1460 1889 ἰδὼν,
1478 1825 1668 1893 πράως
1691 1841 1749 1876 τε
1771 1826 1836 1894 τῇ

252 1919 411 1989 βαῖνῃ
438 1918 617 1989 ῥάϐδῳ
642 1918 870 1988 πλήξας,
888 1921 979 1972 ἐπὶ
1001 1919 1107 1971 τῶν
1131 1916 1346 1970 οἰκείων
1371 1915 1548 1968 ποδῶν
1568 1912 1836 1982 ἐπέτρεψε

251 2011 474 2080 στῆναι·
499 2010 592 2062 καὶ
617 2013 960 2080 παραχρῆμα
981 2010 1016 2079 ἡ
1038 2026 1096 2062 τε
1123 2007 1354 2062 δυσωδία
1377 2005 1619 2070 ἓσϐεστο,
1636 2005 1731 2057 καί
1749 2020 1839 2067 πο,

250 2106 338 2158 σὶν
356 2107 384 2158 ό
408 2104 630 2172 κάμνων
648 2105 847 2173 ἐχρῆτο
870 2105 964 2156 καὶ
986 2103 1222 2170 ἀσφαλεῖ
1244 2100 1555 2170 βαδίσματι.
1584 2094 1716 2150 Εἶτα
1746 2098 1836 2164 ἐγ-

248 2195 505 2263 γίσαντος
525 2193 673 2263 αύτῷ
689 2194 787 2263 τῆς
807 2193 1048 2262 κεφαλῆς
1070 2192 1372 2262 ἁψάμενος,
1387 2191 1480 2243 καὶ
1503 2190 1833 2256 σφραγίσας,

1937 1007 2097 1061 batur
2123 1021 2230 1059 non
2265 1006 2443 1058 solum
2472 1004 2540 1056 ab
2572 1002 2780 1059 infesto
2814 1004 3082 1068 daemone,
3114 1021 3306 1060 verum
3350 1007 3514 1062 etiam

1935 1114 1965 1153 a
1989 1097 2194 1152 diilicili
2226 1098 2281 1151 in
2318 1098 2427 1151 talo
2450 1098 2668 1160 ulcere;
2712 1111 2887 1165 usque
2920 1097 3060 1150 adeo
3089 1105 3150 1150 ut
3203 1097 3519 1152 mandendo

1933 1189 2175 1258 linguam
2207 1187 2357 1242 velut
2388 1202 2584 1256 panem
2603 1186 2955 1250 comederet;
2983 1196 3334 1255 putresceret
3363 1203 3514 1252 crus,

1935 1296 2058 1334 ossa
2089 1279 2526 1334 destituerentur
2559 1292 2746 1340 carne,
2779 1286 2838 1330 et
2882 1277 3115 1331 fetorem
3171 1279 3522 1346 exspirarent

1938 1372 2163 1425 naribus
2197 1370 2621 1424 intolerabilem.
2653 1369 2749 1422 ille
2789 1368 3082 1437 absumpta
3127 1368 3277 1422 omni
3315 1369 3372 1423 in
3407 1384 3522 1426 me-

1935 1463 2088 1517 dicos
2111 1461 2436 1525 substantia,
2472 1476 2596 1516 cum
2621 1459 2758 1514 nihil
2780 1459 3084 1530 quidquam
3142 1461 3364 1514 illorum
3397 1470 3517 1516 arte

1934 1554 2227 1624 proficeret
2255 1553 2322 1606 ad
2346 1552 2660 1614 sanitatem,
2684 1551 2792 1604 nisi
2820 1550 2970 1621 quod
3019 1552 3311 1621 praecisum
3367 1567 3522 1608 serra

1933 1645 2129 1715 pedem
2161 1642 2412 1697 dicerent
2447 1640 2874 1710 amputandum,
2903 1641 3188 1695 transtulit
3214 1656 3274 1696 se
3302 1642 3368 1696 ad
3395 1657 3524 1698 san-

1928 1746 2076 1793 ctum
2100 1735 2456 1806 Symeonem,
2495 1748 2660 1804 quem
2711 1733 2892 1788 solum
2951 1741 3186 1788 noverat
3239 1733 3522 1789 incurabi-

1932 1825 2068 1878 lium
2111 1824 2430 1878 morborum
2477 1823 2775 1878 medicum.
2834 1825 2993 1878 Hunc
3043 1831 3153 1877 tam
3219 1823 3521 1880 miserabili

1935 1917 1989 1970 in
2045 1926 2190 1970 statu
2249 1916 2490 1985 positum
2544 1931 2778 1972 cernens
2834 1916 2947 1982 ille,
2975 1930 3102 1970 cum
3150 1915 3368 1986 palmea
3421 1932 3521 1972 sua

1932 2007 2086 2078 virga
2121 2007 2486 2078 percussisset
2516 2007 2742 2071 leniter,
2761 2007 3015 2062 hortatus
3038 2017 3145 2071 est,
3183 2015 3244 2061 ut
3281 2008 3522 2076 pedibus

1933 2099 2051 2153 suis
2079 2107 2289 2152 staret:
2323 2105 2378 2153 et
2407 2099 2673 2153 continuo
2698 2098 2837 2153 abiit
2903 2098 3304 2168 graveolentia,
3348 2109 3518 2169 atque

1934 2205 2076 2259 aeger
2096 2189 2331 2258 pedibus
2357 2190 2472 2243 suis
2503 2199 2557 2242 et
2581 2189 2806 2258 quidem
2842 2189 3016 2243 ﬁrmis
3045 2188 3112 2242 ad
3145 2203 3341 2245 secure
3388 2205 3519 2260 gra-

262 2286 352 2338 Ἐν
377 2286 598 2354 ὀνόματι
624 2284 716 2338 τοῦ
754 2285 956 2355 Κυρίου
987 2285 1078 2338 καὶ⁵
1107 2282 1242 2336 Θεοῦ
1272 2282 1366 2335 καὶ
1400 2281 1650 2351 Σωτῆρος
1677 2279 1833 2349 ἡμῶν

1939 2281 2200 2336 diendum
2231 2290 2316 2336 est
2348 2296 2501 2336 usus.
2547 2280 2757 2335 Deinde
2807 2279 3037 2351 propius
3090 2280 3409 2336 accedentia
3451 2279 3522 2336 ad

262 2377 440 2448 Ἰησοῦ
473 2377 733 2447 Χριστοῦ,
760 2378 1039 2430 ἐπιτάσσω
1070 2392 1152 2427 σοι
1181 2375 1257 2444 τῷ
1285 2373 1506 2443 πονηρῷ
1538 2370 1831 2441 πνεύματι,

247 2470 377 2538 ἔφη,
399 2467 635 2532 ἐξελθεῖν
666 2466 759 2519 τοῦ
794 2465 1082 2533 ἀνθρώπου
1118 2464 1328 2527 τούτου,
1354 2465 1448 2516 καὶ
1475 2463 1669 2532 μηκέτι
1697 2461 1834 2530 πρὸς

247 2561 413 2614 αὑτὸν
427 2558 778 2629 ἀναστρέψαι.
795 2558 854 2611 Ὀ
876 2558 972 2626 μὲν
989 2557 1079 2611 οὖν
1096 2557 1306 2625 δαίμων
1322 2556 1482 2618 εὐθὺς
1499 2553 1828 2622 ἀπελήλατοο

247 2655 315 2723 τῇ
340 2651 404 2705 δέ·
417 2649 511 2703 τοῦ
540 2649 693 2713 ποδὸς
727 2649 907 2720 πληγῇ
934 2648 1033 2718 τῆς
1056 2648 1264 2710 οἰκείας
1293 2646 1600 2700 ἐπιϐάλλειν
1631 2644 1831 2707 κόνεως

248 2743 465 2796 κελεύει
493 2741 571 2811 τῷ
596 2740 810 2811 τυχόντι
855 2741 956 2809 τῆς
1004 2740 1328 2812 θεραπείας·
1360 2739 1480 2808 ἦτις
1521 2738 1729 2807 σάρκας
1770 2752 1830 2788 τε

247 2833 439 2902 ἔφυσε,
467 2834 561 2887 καὶ
600 2833 774 2902 δέρμα
815 2832 900 2884 ἐπ’
931 2833 1101 2896 αὑτὰς
1145 2832 1399 2896 ἐξέτεινε,
1427 2829 1521 2882 καὶ
1567 2827 1725 2897 ὑγιὴς
1773 2828 1831 2878 ἐν

250 2925 446 2996 βρακεῖ
471 2927 497 2987 ό
519 2924 708 2996 πρώην
731 2924 1119 2993 ἀθεραπεύτως
1143 2925 1304 2993 ἔχων,
1327 2923 1462 2992 αὐτῇ
1490 2921 1709 2988 γυναικὶ
1733 2919 1828 2971 καὶ

245 3017 586 3088 προσήκουσι
615 3018 710 3072 καὶ
736 3017 841 3084 ὅλῳ
871 3015 1058 3085 σχεδὸν
1092 3016 1370 3068 ἐπάνεισιν
1397 3014 1550 3084 οῐκῳ.

1936 2389 1994 2427 se
2017 2381 2183 2442 caput
2242 2372 2422 2442 tetigit
2449 2380 2674 2427 sanctus
2717 2378 2883 2439 atque
2934 2371 3177 2440 signavit
3205 2371 3424 2426 dicens:
3460 2370 3522 2424 In

1937 2464 2158 2518 nomine
2192 2461 2408 2516 Domini
2443 2469 2500 2516 et
2543 2461 2637 2515 Dei
2671 2469 2838 2530 atque
2864 2460 3167 2516 Salvatoris
3195 2463 3370 2516 nostri
3389 2460 3518 2518 Iesu

1935 2555 2141 2610 Christi
2171 2553 2429 2622 praecipio
2460 2551 2583 2616 tibi,
2627 2544 2864 2621 maligne
2891 2551 3141 2621 spiritus,
3176 2540 3238 2606 ut
3283 2553 3525 2610 facessas

1936 2659 2004 2698 ex
2039 2643 2143 2698 hoc
2194 2642 2440 2706 homine,
2489 2650 2546 2695 et
2603 2655 2886 2709 nunquam
2935 2639 3176 2710 amplius
3234 2640 3292 2694 in
3339 2641 3522 2711 ipsum

1939 2736 2204 2789 introeas.
2251 2733 2527 2802 Expulsus
2551 2733 2739 2801 itaque
2761 2733 2947 2787 statim
2992 2741 3078 2788 est
3112 2731 3348 2788 dmmon.
3380 2733 3522 2787 Tum

1932 2827 2267 2897 jussitillum
2291 2825 2507 2879 vulneri
2538 2824 2698 2894 pedis
2757 2824 2968 2894 aliquid
3028 2825 3275 2894 pulveris
3316 2825 3402 2880 sui
3436 2826 3524 2880 in-

1938 2933 2370 2988 spergcre;quo
2402 2917 2586 2971 statim
2649 2917 2701 2970 ei
2757 2926 2950 2971 renata
2982 2931 3115 2972 caro
3169 2927 3228 2972 et
3283 2917 3525 2974 obducta

1939 3006 2097 3075 pellis
2121 3014 2239 3059 est:
2282 3012 2446 3073 atque
2479 3004 2633 3058 brevi
2665 3015 2992 3072 persanatus
3045 3004 3112 3059 ad
3154 3021 3403 3070 uxorem,
3455 3006 3526 3061 ad

244 3092 606 3168 propinquos,
658 3097 727 3152 ad
801 3097 1064 3152 familiam
1126 3098 1442 3153 universam
1489 3095 1684 3157 rediit,
1736 3094 1830 3164 qui
1867 3096 2029 3165 paulo
2057 3102 2184 3148 ante
2213 3094 2536 3167 incurabilis
2579 3094 2913 3150 habebatur.

317 3194 465 3254 σκς’.
500 3187 682 3243 Ἱκανὰ
713 3187 812 3257 μὲν
831 3187 924 3242 οῦν
953 3184 1012 3242 εὗ
1036 3184 1153 3244 οἴδα
1182 3190 1342 3259 κόρον
1365 3190 1555 3251 ἀκοαῖς
1590 3190 1828 3244 ἐνθεῖναι

242 3282 313 3335 τά
341 3281 627 3353 εἰρημένα,
654 3279 789 3334 ἀλλά
813 3281 1024 3351 σιωπῆς
1043 3281 1144 3334 οὐκ
1177 3281 1302 3347 ἄξια
1327 3281 1492 3334 πάλιν
1514 3283 1582 3335 τὰ
1606 3281 1828 3350 ἐφεξῆς.

242 3371 545 3434 Νεανίσκος
574 3371 682 3441 γάρ
706 3387 789 3435 τις
815 3372 880 3424 ἐκ
917 3370 1110 3441 κώμης
1138 3370 1442 3434 Καλλινέας
1465 3371 1828 3440 καλουμένης,

2006 3187 2133 3241 226.
2158 3187 2291 3254 Quae
2324 3188 2595 3242 hactenus
2617 3187 2765 3242 dicta
2826 3197 2957 3243 sunt
3013 3189 3156 3244 bene
3211 3190 3404 3255 multa,
3433 3206 3526 3246 sa-

1937 3279 2183 3336 tietatem
2203 3279 2361 3334 vobis
2389 3279 2756 3349 ingesserunt,
2783 3279 2899 3334 scio
2927 3297 2940 3332 :
2990 3290 3371 3335 verumtamen
3400 3296 3526 3351 qua

1936 3373 2266 3441 sequuntur,
2303 3369 2688 3440 pratereunda
2744 3369 2967 3425 silentio
3010 3386 3122 3424 non
3171 3379 3319 3426 sunt.
3358 3371 3526 3428 Juve-

243 3461 519 3534 Γεώργιος
553 3461 744 3532 όνομα,
780 3461 1039 3515 σκάπτων
1070 3463 1127 3514 ἐν
1151 3461 1474 3524 οἰκοπέδοις,
1503 3462 1746 3531 μνήματι
1771 3479 1830 3514 τε

1939 3461 2026 3514 nis
2051 3460 2274 3529 quidam
2305 3476 2371 3513 ex
2399 3474 2559 3529 pago,
2591 3458 2686 3528 qui
2713 3459 3020 3515 vocabatur
3047 3459 3331 3518 Callinea:
3384 3461 3523 3532 ipse,

244 3552 578 3624 περιτυχὼν,
623 3554 718 3606 καὶ⁵
748 3553 906 3605 τοῦτο
938 3552 1212 3624 διορύξας,
1248 3552 1423 3606 ἐλπίδι
1454 3552 1828 3622 τοῦκρυπτό-

1934 3550 2230 3621 Georgius;
2265 3551 2466 3604 rudera
2501 3550 2700 3604 domus
2732 3566 2960 3614 eruens,
3005 3551 3150 3606 forte
3201 3551 3426 3608 fortuna
3463 3554 3520 3608 in

247 3660 410 3715 μενον
435 3643 575 3713 τάχα
599 3643 870 3715 θησαυρὸν
894 3644 1160 3716 ἀνευρεῖν,
1189 3645 1406 3713 δαίμονι
1431 3644 1654 3715 χαλεπῷ
1678 3663 1834 3716 περι-

245 3735 435 3789 πίπτει
455 3736 573 3804 (τῆς
597 3735 749 3805 δίκης
773 3735 961 3808 ὥσπερ
995 3738 1197 3792 ἀνεκτά
1228 3739 1483 3809 θεμένης,
1507 3741 1554 3793 εί
1585 3740 1658 3810 μὴ
1685 3741 1834 3812 παρὰ

244 3823 414 3886 πόδας
447 3824 652 3877 ἐποίσει
685 3825 780 3878 καὶ
809 3825 1122 3899 τιμωρίαν),
1151 3828 1245 3881 καί
1274 3845 1426 3892 τινας
1450 3825 1537 3882 οἷα
1567 3832 1833 3898 γυναῖκας

248 3914 372 3968 ἰδὼν
423 3915 571 3986 αύτῷ
617 3917 1055 3986 συμπλακείσας,
1087 3919 1473 3989 μυκησάμενος
1512 3922 1655 3974 κατά
1683 3921 1830 3992 βοῦν,

242 4007 324 4069 είς
350 4007 454 4077 γῆν
481 4009 799 4080 κατερράγη
821 4024 835 4038 '
863 4008 923 4073 ἐξ
941 4009 1152 4063 ἐκείνου
1177 4011 1358 4063 τοίνυν
1386 4011 1583 4065 ὁπόσαι
1613 4013 1829 4079 νύκτες,

246 4099 571 4169 ριπτόμενος
599 4099 801 4166 ὁμοίως
824 4100 903 4162 είς
932 4100 1126 4170 ἔδαφος
1153 4103 1246 4154 καὶ
1274 4104 1718 4172 σπαραττόμενος
1741 4100 1829 4175 ἦν,

241 4189 420 4266 άιεροῦ
449 4207 510 4244 τε
541 4191 899 4261 παραπτύων,
929 4193 1023 4245 καὶ
1053 4193 1121 4246 τὰ
1150 4193 1298 4245 ἔνδον
1328 4195 1829 4266 ἀναδρασσόμενος.

253 4279 574 4351 ’Υπανῆπτε
623 4281 680 4334 δέ
721 4282 871 4352 αὐτῷ
901 4283 993 4336 καὶ
1023 4284 1356 4356 ζηλοτυπίας
1395 4287 1487 4339 ἐπὶ
1512 4289 1576 4357 τῇ
1611 4290 1833 4354 γυναικὶ

241 4369 447 4438 φλόγας
505 4373 532 4424 ὁ
565 4373 781 4443 μιαρὸς,
818 4374 1070 4446 καθάπερ
1100 4377 1239 4446 αὐτῇ
1275 4375 1669 4446 συνεληλυθὼς,
1696 4378 1834 4449 ὅπερ

238 4455 310 4532 ἦν
351 4462 500 4532 αὐτῷ
547 4463 650 4533 τῆς
709 4467 998 4536 συμφορᾶς
1057 4466 1118 4518 τὺ
1165 4465 1490 4536 βαρύτατον.
1537 4468 1651 4520 Ούκ
1694 4468 1835 4538 ἔχων

238 4548 336 4606 οὖν
368 4554 397 4607 ὅ
425 4555 477 4606 τί
505 4571 632 4607 ποτε
660 4556 786 4609 ἄλλο
817 4557 952 4626 πρὸς
975 4557 1148 4610 κακὸν
1181 4556 1499 4627 τηλικοῦτον
1529 4560 1831 4629 ἐπινοήσει,

239 4645 555 4716 προσελθὼν
577 4651 644 4719 τῇ
668 4648 761 4700 τοῦ
792 4648 1028 4718 μεγάλου
1065 4650 1272 4716 στάσει,
1303 4650 1484 4722 ῥίπτει
1531 4651 1672 4704 κατὰ
1731 4652 1835 4722 γῆς

240 4737 458 4802 ἑαυτὸν,
491 4738 588 4802 τὰς
626 4738 1006 4809 κατασχούσας
1054 4739 1216 4793 αὑτὸν
1246 4741 1651 4812 ἀποδυρόμενος
1696 4759 1834 4812 συμ-

240 4831 437 4900 φοράς.

1935 3655 2354 3698 monumentum
2383 3643 2596 3708 incidit,
2627 3643 2775 3713 quod
2811 3644 2905 3697 ubi
2934 3643 3205 3698 effoderat
3240 3660 3337 3714 spe
3364 3661 3524 3717 repe-

1934 3734 2113 3790 riendi
2149 3735 2408 3789 latentem
2443 3735 2786 3800 thesaurum,
2825 3735 2893 3789 ab
2921 3734 3124 3789 infesto
3149 3735 3399 3791 damone
3428 3751 3525 3792 oc-

1935 3835 2166 3897 cupatus
2195 3836 2282 3882 est
2317 3817 2496 3896 (quasi
2533 3827 2700 3882 nimis
2751 3828 2889 3882 levis
2923 3827 3115 3881 futura
3168 3836 3320 3882 esset
3383 3828 3524 3883 ultio

1933 3935 2054 3988 quae
2085 3934 2194 3972 non
2227 3919 2373 3973 illico
2404 3935 2620 3988 pinnam
2645 3919 2972 3986 intulisset),
3015 3925 3071 3972 et
3121 3918 3387 3987 quasdam
3423 3935 3526 3972 ve-

1933 4012 2034 4065 luti
2062 4012 2326 4066 mulieres
2361 4011 2539 4079 ipsum
2572 4012 3006 4080 complectentes
3043 4011 3281 4065 intuitus
3327 4024 3392 4064 ac
3421 4010 3523 4064 bo-

1933 4103 2018 4156 vis
2038 4104 2212 4156 instar
2244 4102 2415 4157 edens
2447 4103 2740 4171 mugitum,
2768 4101 2824 4155 in
2852 4112 3056 4156 terram
3088 4115 3334 4172 praeceps
3357 4102 3522 4157 datus

1933 4205 2018 4248 est
2065 4215 2078 4252 :
2122 4195 2285 4265 idque
2348 4193 2552 4247 exinde
2584 4209 2683 4262 per
2707 4193 2955 4262 singulas
2985 4194 3279 4248 accidebat
3307 4203 3519 4260 noctes;

1934 4284 2264 4339 allidebatur
2296 4285 2444 4338 enim
2472 4284 2638 4339 simlli
2673 4267 2838 4339 modo
2863 4294 3048 4350 terrae,
3077 4301 3142 4340 ac
3170 4286 3521 4340 dilaceraha-

1939 4385 2048 4440 tur,
2130 4385 2421 4444 spumante
2472 4390 2593 4440 ore,
2657 4376 3082 4446 visceribusque
3136 4377 3515 4431 aestuantibus.

1935 4466 2181 4536 Subjecit
2208 4482 2428 4536 quoque
2456 4466 2572 4536 ipse
2639 4467 2924 4538 zelotypiae
2971 4467 3121 4522 faces
3151 4468 3366 4522 ratione
3389 4482 3526 4522 uxo-

1935 4560 2010 4614 ris
2047 4575 2283 4629 ncquam
2310 4560 2558 4629 spiritus,
2587 4570 2846 4630 tanquam
2872 4561 2918 4615 si
2960 4561 3078 4630 ipse
3116 4576 3240 4615 cum
3269 4561 3360 4615 illa
3398 4576 3516 4614 rem

1935 4651 2253 4706 habuisset:
2294 4651 2349 4704 id
2401 4651 2551 4722 quod
2609 4652 2826 4705 homini
2865 4667 3183 4706 aerumnoso
3247 4653 3512 4707 aerumnis

1935 4743 2196 4799 omnibus
2247 4743 2469 4813 gravius
2511 4745 2818 4799 accidebat.
2887 4745 3138 4800 Tandem
3190 4759 3317 4798 cum
3375 4744 3524 4798 aliud

1937 4835 2166 4889 haberet
2190 4834 2498 4905 nihilquod
2554 4844 2718 4891 tanta:
2785 4836 3412 4907 calamitatiobjicerct.
3450 4835 3519 4888 ad

239 4924 423 4992 magni
475 4923 764 4995 Symeonis
824 4924 1136 4981 columnam
1197 4927 1532 4998 procedens,
1592 4925 1821 4997 conjicit
1861 4939 1981 4982 sese
2010 4925 2066 4979 in
2086 4933 2314 4988 terram,
2344 4925 2682 4989 luctuosum,
2736 4924 2791 4978 in
2850 4942 2960 4996 quo
2986 4934 3105 4981 erat
3133 4931 3336 4980 statum
3365 4939 3526 4979 suum

238 5017 567 5069 lamentans.

315 5107 453 5172 σκξ¹⁸
478 5109 610 5172 Ταῖς
641 5109 807 5162 αὐτοῦ
865 5111 1043 5166 τοίνυν
1099 5115 1404 5184 ἱκετηρίαις
1453 5113 1828 5179 ἐπικλασθεὶς,

2003 5114 2130 5169 227.
2173 5115 2288 5169 Ηοο
2321 5121 2427 5167 tam
2475 5112 2710 5183 supplici
2746 5111 2945 5183 agendi
3004 5109 3169 5164 modo
3213 5117 3528 5162 commotus

238 5201 474 5267 Παῦσαι,
504 5203 720 5271 ἀδελφὲ,
754 5203 1248 5276 ὀδυρόμενος,ἑφη,
1285 5208 1377 5259 καὶ
1407 5206 1590 5260 οἶκαδε
1629 5207 1831 5276 μᾶλλον

1943 5207 2034 5260 ille
2078 5223 2090 5258 :
2124 5205 2345 5267 Desine,
2389 5202 2588 5272 inquit,
2632 5204 2705 5257 mi
2752 5201 2944 5263 frater,
2976 5198 3290 5261 lamentari,
3327 5213 3390 5252 ac
3427 5196 3527 5250 do-

237 5296 507 5363 ἐπάνηκε,
561 5294 654 5346 καὶ
686 5295 787 5347 οὐκ
818 5297 1144 5367 ἀστοχήσεις
1188 5297 1285 5367 τῆς
1319 5297 1638 5368 θεραπείας.
1686 5300 1742 5352 '0
1771 5301 1828 5352 δὲ

1938 5311 2089 5350 mum
2141 5293 2432 5364 regredere
2489 5293 2708 5363 potius,
2765 5301 2822 5346 et
2873 5307 2982 5346 non
3043 5288 3402 5344 frustraberis
3451 5303 3533 5340 sa-

237 5388 338 5456 τὴν
381 5386 714 5454 ἐπαγγελίαν
747 5389 1002 5458 ἀσμένως
1041 5389 1354 5459 δεξάμενος,
1392 5390 1580 5461 ῶσπερ
1606 5393 1704 5462 ἤδη
1735 5392 1828 5445 τοῦ

1941 5392 2131 5446 nitate.
2186 5391 2412 5460 Accepit
2460 5406 2593 5460 ergo
2633 5388 3030 5458 promissiones
3075 5387 3200 5440 laeto
3233 5385 3438 5447 animo,
3474 5393 3530 5436 et

238 5477 578 5549 ποθουμένου
635 5479 814 5550 τυχὼν
865 5482 1126 5553 ἐπανῄει·
1186 5484 1280 5536 καὶ
1336 5483 1434 5555 τὴν
1493 5485 1589 5554 μὲν
1653 5487 1830 5539 οἰκίαν

1935 5483 2105 5537 veluti
2144 5483 2254 5552 jam
2308 5491 2493 5536 certus
2551 5481 2814 5534 desiderii
2875 5477 3188 5541 obtinendi,
3245 5489 3528 5544 regressus

243 5570 674 5639 καταλαμϐάνει,
707 5572 803 5643 τὴν
847 5578 1081 5640 γυναῖκα
1131 5575 1186 5630 δὲ
1230 5577 1327 5647 οὐχ
1381 5577 1642 5648 εὑρίσκει.
1695 5580 1826 5632 Ἀπ-

1934 5584 2038 5630 est.
2075 5575 2144 5629 At
2173 5574 2398 5628 domum
2431 5574 2712 5645 ingressus
2748 5574 2954 5627 nullam
2990 5567 3360 5640 deprehendit
3391 5581 3526 5618 uxo-

238 5661 374 5731 έδρα
405 5663 511 5732 γὰρ
543 5663 666 5732 ήδη,
706 5667 1164 5738 συσκευασαμένη
1196 5666 1264 5720 τά
1321 5666 1469 5731 ὄντα,
1516 5669 1574 5722 το
1627 5669 1825 5740 βρέςρος

1934 5684 2088 5730 rem;
2139 5667 2250 5736 jam
2297 5665 2502 5736 quippe
2561 5665 2875 5736 aufugerat,
2934 5669 3278 5731 comportata
3334 5672 3519 5713 secum

238 5752 332 5805 ἐπὶ
367 5751 464 5826 τῆς
496 5753 670 5817 οίκίας
703 5758 846 5827 (ἄρτι
889 5757 994 5829 γὰρ
1033 5759 1095 5812 ἐκ
1125 5758 1214 5812 τοῦ
1251 5760 1441 5830 ἀνδρὸς
1478 5761 1613 5830 ὲκύη
1644 5762 1822 5830 μόνον)

1934 5777 1986 5816 re
2040 5758 2335 5826 familiari;
2392 5760 2597 5814 infante
2655 5767 2860 5824 autem,
2899 5773 3061 5827 quem
3099 5755 3367 5809 hactenus
3398 5748 3519 5806 uui-
