4078 6332
583 353 724 422 3195
799 425 803 430 .

1789 364 1851 422 S:
1885 358 2259 423 SYMEONIS
2300 365 2666 426 JUNIORIS

3699 367 3844 430 3396

583 484 708 524 cum
749 484 814 522 ex
880 467 972 522 illo
1019 482 1324 537 pepererat,
1383 471 1529 525 domi
1581 472 1789 526 relicto.
1836 471 2156 524 Percellitur

2263 475 2616 529 ἀπολιποῦσα.
2651 475 3017 546 Σφοθρότειρον
3062 473 3236 528 τοίνυν
3285 473 3474 528 παθὼν
3504 471 3606 542 τὴν
3633 475 3844 543 ψυχήν,

583 560 674 613 ille
704 575 938 613 merere
975 562 1307 623 vehementi,
1343 562 1483 617 tollit
1512 579 1768 632 puerum,
1801 563 2002 630 repetit
2029 577 2154 615 san-

581 658 754 708 ctum.
797 650 1000 704 laetum
1057 653 1240 708 uxoris
1291 655 1543 707 luctuoso
1595 668 1843 707 sermone
1895 653 2153 721 explicat.

584 741 839 802 lacrvmis
889 744 1052 796 verba
1087 744 1580 812 interpellantibus,
1613 754 1667 796 et
1708 743 1935 798 resoluti
1967 743 2156 798 dolore

585 832 768 886 cordis
818 846 1014 888 zeslum
1083 836 1506 889 testiﬁcantibus
1559 853 1573 899 ;
1630 834 1826 890 deinde
1894 836 2155 890 infantem

583 914 805 994 quoque
848 927 914 979 ad
961 925 1126 994 pedes
1172 928 1346 981 sancti
1397 927 1657 993 demittit,
1713 943 1910 997 rogans
1952 935 2155 981 utenm

586 1018 775 1082 saltem
825 1019 1142 1072 ulciscatur.
1178 1020 1406 1074 Fractus
1451 1020 1617 1089 igitur
1662 1020 1850 1084 dolore
1887 1021 2033 1074 illius
2062 1020 2159 1091 Sy-

588 1125 770 1172 meon,
834 1122 998 1178 atque
1039 1093 1228 1166 oculos
1263 1115 1316 1166 in
1349 1112 1547 1166 caelum
1574 1120 1796 1166 mmstos
1826 1111 2154 1165 intendens:

586 1201 750 1259 Deus.
797 1201 995 1268 inquit,
1044 1217 1273 1270 magnus
1305 1211 1362 1255 et
1412 1202 1778 1271 omnipotens,
1816 1203 1973 1270 cujus
2013 1203 2156 1256 oculi

585 1281 870 1341 intuentur
900 1288 1016 1342 vias
1042 1287 1279 1342 ﬁliorum
1311 1289 1620 1352 hominum,
1651 1297 1711 1342 ut
1736 1287 2012 1343 retribuas
2039 1278 2161 1344 uni;

533 1397 547 1410 ι
582 1378 781 1446 cuique
835 1377 1138 1431 secundum
1187 1379 1330 1432 viam
1366 1394 1546 1442 suam;
1594 1365 1639 1433 si
1695 1379 1897 1433 bonum
1952 1386 2036 1433 est
2078 1365 2154 1434 ‘in

581 1470 758 1539 oculis
809 1469 938 1534 tuis,
986 1478 1230 1523 transeat
1284 1470 1640 1534 daemonium,
1687 1471 1836 1539 quod
1887 1473 2032 1527 hunc
2073 1475 2155 1528 in-

581 1561 793 1614 felicem
823 1561 1046 1624 insidet,
1074 1561 1127 1614 in
1154 1576 1375 1614 uxorem
1396 1561 1580 1626 illius;
1605 1568 1664 1614 ut
1684 1561 1935 1616 misereri
1959 1564 2153 1629 discat,

579 1650 1014 1705 misericordiam
1040 1653 1272 1706 aliorum
1301 1652 1643 1721 implorando
1659 1670 1672 1718 ;
1690 1663 1747 1708 et
1766 1654 2052 1710 manifesta
2076 1657 2158 1709 in-

578 1742 785 1810 telligat
808 1742 1166 1811 experientia,
1194 1742 1342 1812 quod
1384 1743 1710 1798 naturaliter
1742 1744 1953 1799 viscera
1983 1745 2156 1814 ipsius

579 1830 927 1898 ignorabant.
1183 1834 1193 1840 ’

644 1923 770 1978 228.
811 1925 890 1979 Ita
933 1925 1203 1996 Symeone
1236 1935 1452 1992 orante,
1485 1926 1704 1996 juvenis
1731 1927 1969 1981 liberum
2028 1944 2086 1982 se
2126 1944 2157 1982 a

575 2014 822 2070 daemone
841 2017 1136 2084 comperit.
1165 2017 1256 2070 hic
1282 2033 1415 2071 vero
1442 2017 1730 2072 mulierem
1759 2018 2022 2072 invadens
2045 2020 2150 2072 cla-

575 2091 759 2168 mabat
788 2124 800 2159 :
835 2106 916 2160 Tu
951 2123 1035 2161 me
1075 2123 1104 2160 a
1135 2109 1335 2162 marito
1374 2117 1470 2161 tuo
1504 2108 1789 2171 avulsisti;
1819 2116 1874 2162 tu
1905 2122 1992 2162 me
2020 2123 2050 2162 a
2074 2107 2156 2162 fa-

576 2195 774 2248 miliari
797 2211 920 2249 meo
938 2198 1258 2265 sejunxisti;
1291 2212 1396 2266 per
1426 2205 1477 2251 te
1510 2197 1579 2250 ab
1606 2197 1697 2250 illo
1713 2197 1861 2266 gravi
1884 2213 2006 2252 meo
2031 2184 2156 2253 cum

575 2300 738 2338 sensu
771 2286 1035 2353 expulsus
1069 2300 1222 2349 sum;
1264 2288 1356 2355 qui
1392 2303 1478 2341 me
1514 2287 1642 2340 inde
1666 2271 1849 2357 ejecit,
1875 2287 1941 2342 ad
1979 2295 2032 2342 te
2057 2288 2158 2342 im-

575 2375 794 2443 peravit
849 2384 911 2430 ut
963 2377 1320 2445 ingrederer;
1373 2387 1428 2432 et
1464 2379 1660 2431 similia
1716 2378 1886 2435 multa
1927 2377 2156 2442 furiosa,

577 2467 838 2520 scelerata
897 2477 953 2520 et
997 2483 1187 2521 revera
1242 2468 1533 2523 diabolica.
1593 2468 1746 2522 Talia
1798 2468 1889 2533 ubi
1948 2468 2156 2522 audivit

574 2558 794 2619 mulier,
845 2559 1222 2613 inhumaniter
1265 2576 1294 2614 a
1336 2563 1482 2614 malo
1530 2561 1693 2630 genio
1724 2560 2016 2631 ﬂagellata,
2072 2577 2158 2614 re-

574 2647 737 2701 vertit
782 2648 1004 2702 domum
1057 2648 1123 2702 ad
1162 2652 1450 2720 conjugem
1505 2667 1665 2704 suum
1703 2648 1716 2704 ξ
1750 2652 1866 2720 qui,
1904 2651 2155 2705 dolorum

573 2741 692 2807 ejus
737 2740 1019 2805 misertus,
1070 2755 1196 2794 cum
1254 2740 1369 2809 ipsa
1421 2741 1487 2793 ad
1563 2749 1814 2795 sanctum
1876 2742 2160 2795 contendit

574 2831 938 2900 Symeonem;
971 2840 1028 2885 et
1079 2840 1345 2902 quantum
1382 2848 1556 2901 nuper
1601 2839 1796 2885 contra
1839 2830 2013 2900 ipsam
2060 2833 2159 2885 ob-

575 2904 900 2983 testabatur,
941 2928 1153 2974 tantum
1187 2921 1351 2975 modo
1395 2929 1450 2972 et
1477 2919 1714 2988 amplius
1759 2935 1860 2988 pro
1909 2920 2159 2988 ejusdem

573 3009 902 3077 deprecatur
931 3011 1235 3065 sanatione.
1268 3010 1385 3064 Non
1429 3009 1552 3062 tulit
1599 3007 1810 3061 daemon
1846 3009 2157 3077 propiorem

2182 1794 2230 1853 B

2259 564 2576 632 ἀνελόμενος
2629 566 2688 619 τὸ
2734 564 2955 635 βρέφος,
2980 565 3102 634 ἣκει
3134 556 3281 634 παρὰ
3317 564 3410 616 τὸν
3449 564 3610 629 ἀγιον
3654 557 3836 626 αὖθις,

2258 650 2344 707 οἷα
2390 657 2538 724 παρά
2575 655 2671 724 τῆς
2709 656 2965 723 γυναικὸς
3011 654 3157 724 αὐτῷ
3203 654 3399 722 συνέϐη
3444 653 3855 729 ὲκτραγῳϐὦνη

2260 747 2352 797 καὶ
2379 745 2487 797 τῶν
2514 745 2772 814 ῥημάτων
2806 745 3017 815 δάκρυα
3062 744 3362 814 καταχέων,
3400 744 3497 810 τὴν
3549 742 3698 795 ἔνδον
3731 743 3834 809 τῆς

2259 835 2482 905 καρδίας
2515 833 2668 902 τῆξιν
2701 835 2995 904 μηνύοντα,
3022 832 3137 887 εἶτα
3163 835 3267 888 καὶ
3285 834 3345 887 τδ
3378 834 3573 902 βρέφος
3602 832 3835 886 ἐνώπιον

2259 925 2421 978 αὑτοῦ
2454 925 2677 995 ῥίπτων,
2709 927 2801 977 καὶ
2846 925 2979 993 πρὸς
3015 924 3291 992 ἐκδίκησιν
3330 924 3519 976 τούτου
3562 923 3655 975 τὸν
3681 923 3834 987 ἀγιον

2260 1015 2675 1084 ἐκκαλούμενος.
2721 1016 3074 1084 Διαπονηθεὶς
3121 1011 3215 1067 οὖν
3261 1015 3289 1066 6
3344 1014 3590 1081 Συμεὼν,
3643 1012 3734 1066 καί
3783 1030 3835 1066 τι

2260 1107 2395 1176 πρὸς
2427 1105 2653 1176 οὐρανὸν
2688 1104 2940 1175 ὀδυνηρὸν
2985 1105 3255 1167 ἀτενίσας.
3303 1104 3362 1155 '0
3397 1103 3551 1164 Θεὸς,
3598 1097 3780 1165 εἶπεν,
3809 1105 3838 1156 ό

2261 1197 2454 1267 μέγας,
2483 1199 2512 1251 6
2539 1195 2952 1264 παντοκράτωρ,
2996 1189 3057 1248 οὗ
3098 1195 3146 1248 οἰ
3185 1194 3455 1262 ὀφθαλμοὶ
3488 1193 3832 1262 ἀνεψγμένοι

2259 1289 2338 1350 εἰς
2366 1289 2526 1349 ὁδοὺς
2561 1285 2671 1339 τῶν
2722 1286 2856 1338 υἰῶν
2898 1285 3007 1339 τῶν
3042 1285 3364 1354 ἀνθρώπων,
3391 1282 3575 1336 δοῦναι
3614 1284 3836 1353 ἑκάστῳ

2262 1379 2398 1431 κατὰ
2433 1378 2530 1446 τὴν
2559 1376 2675 1429 ὁδὸν
2697 1374 2860 1429 αὑτοῦ
2883 1394 2895 1405 ·
2919 1377 2967 1427 εἰ
2993 1375 3215 1444 ἀρεστὸν
3243 1373 3473 1428 ἐνώπιόν
3511 1390 3631 1438 σου,
3663 1391 3832 1444 μετα·

2259 1468 2408 1537 ϐήτω
2437 1467 2570 1537 πρὸς
2596 1467 2695 1538 τὴν
2727 1468 2963 1534 γυναῖκα
2994 1467 3052 1518 τὸ
3081 1464 3336 1519 ένοικοῦν·
3354 1464 3432 1535 τῷ
3461 1465 3632 1536 ἀθλίῳ
3659 1465 3836 1535 τούτῳ

2257 1555 2552 1621 δαιμόνιον,
2581 1554 2648 1607 ἵν’
2674 1555 2845 1607 ἐλεεῖν
2874 1553 3095 1624 διδαχθῇ
3123 1552 3218 1606 τοῦ
3251 1553 3383 1624 παρ’
3416 1554 3619 1620 ἑτέρων
3649 1552 3838 1616 ἐλέους

2257 1646 2393 1714 αὑτὴ
2428 1645 2700 1714 δεηθεῖσα,
2730 1646 2825 1696 καὶ
2865 1646 3030 1715 πείρᾳ
3081 1643 3226 1715 μάθῃ
3256 1643 3441 1712 σαφῶς
3474 1644 3503 1697 6
3530 1643 3663 1712 παρ’
3696 1644 3838 1712 αὐτῇ

2259 1732 2326 1784 τά
2347 1731 2444 1795 τῆς
2471 1732 2682 1798 φύσεως
2707 1731 2942 1801 ἠγνόησε
2971 1732 3272 1802 σπλάγχνα.

2328 1906 2470 1976 σκη’.
2505 1905 2690 1960 Ταῦτα
2725 1905 2818 1959 τοῦ
2849 1904 3074 1976 Συμεὼν
3102 1905 3423 1976 εὐξαμένου,
3461 1909 3489 1960 6
3520 1907 3621 1977 μὲν
3657 1908 3834 1961 νεανία

2258 2016 2387 2062 σκος
2428 1997 2522 2052 τοῦ
2567 1997 2818 2067 δαίμονος
2850 1998 3188 2067 ἀπήλλακτο,
3220 1999 3254 2068 ἡ
3283 1999 3423 2068 γυνὴ
3453 1997 3508 2051 δὲ
3543 1999 3634 2052 ὑπ’
3671 1999 3835 2052 αὑτοῦ

2257 2087 2606 2160 κατείληπτο.
2635 2089 2705 2141 Σύ
2748 2106 2814 2158 με
2847 2089 2942 2143 τοῦ
2984 2089 3186 2142 οἰκείου
3221 2089 3412 2160 ἀνδρὸς
3454 2089 3837 2161 ἐχώρισαςμ-

2258 2197 2465 2249 γοντος,
2498 2179 2560 2232 σύ
2589 2196 2656 2249 με
2688 2179 2781 2232 τοῦ
2809 2180 3056 2233 συνοίκου
3094 2179 3391 2244 διέζευξας,
3429 2180 3517 2233 διὰ
3545 2181 3605 2233 σὲ
3642 2181 3834 2237 τούτου

2257 2271 2471 2338 πικρῶς
2497 2270 2848 2340 ἀπελήλαμαι
2865 2285 2878 2299 ·
2905 2271 2933 2322 6
2956 2270 3166 2324 εκεϊθεν
3193 2270 3439 2325 ἐκϐαλὼν
3467 2271 3587 2338 ἐμὲ,
3617 2271 3839 2341 ἀπέτρε-

2256 2363 2356 2431 ψεν
2388 2362 2560 2415 έλθεϊν
2595 2361 2689 2414 ἐπὶ
2726 2363 2807 2424 σε,
2839 2362 2931 2414 καὶ
2957 2360 3091 2417 ἀλλα
3115 2361 3357 2426 τοιαῦτα,
3385 2363 3590 2432 μανικά
3620 2379 3681 2416 τε
3719 2364 3832 2434 ap

2257 2454 2346 2504 aui
2383 2452 2576 2521 μιαρὰ,
2599 2453 2694 2503 καὶ
2721 2450 2797 2520 τῷ
2819 2451 2932 2504 ὄντι
2955 2450 3300 2522 δαιμονιώδη.
3326 2447 3426 2505 Ὧν
3455 2452 3638 2521 ἐκείνη
3667 2453 3833 2505 ἀκού·

2261 2559 2422 2603 σασα,
2453 2541 2548 2594 καὶ
2581 2541 2685 2594 ὑπὸ
2717 2541 2810 2594 τοῦ
2836 2541 3088 2611 δαίμονος
3116 2541 3551 2611 ἀφιλανθρώπως
3583 2545 3836 2610 μαστιζο-

2265 2633 2419 2702 μένη,
2455 2631 2732 2686 ἐπάνεισιν
2773 2633 2855 2695 εἰς
2878 2632 2980 2704 τὴν
3015 2632 3192 2687 οἰκίαν
3237 2633 3389 2703 παρὰ
3418 2634 3511 2686 τὸν
3541 2635 3728 2703 ἄνδρα.
3779 2635 3835 2688 '0

2259 2725 2314 2775 δὲ
2344 2722 2437 2776 τοῦ
2471 2723 2675 2785 πάθους
2700 2722 2972 2791 οἰκτείρας
2996 2722 3186 2794 αὐτὴν,
3216 2724 3364 2793 παρᾶ
3384 2723 3476 2776 τὸν
3505 2722 3662 2791 ἅγιον
3685 2726 3830 2792 ἄγει,

2260 2816 2358 2868 ὅσα
2390 2814 2510 2867 κατ’
2535 2814 2705 2881 αὐτῆς
2747 2814 3022 2867 κατέτεινε
3050 2813 3263 2885 πρώην,
3293 2814 3534 2869 τοσαῦτα
3568 2814 3665 2868 νῦν
3695 2815 3832 2887 ὑπὲρ
3882 2841 3892 2846 ~

2261 2905 2426 2974 αὐτῆς
2455 2904 2547 2957 καὶ
2571 2904 2738 2956 πλείω
2769 2904 3044 2975 δεόμενος.
3076 2905 3187 2972 Τὴν
3211 2904 3346 2974 πρὸς
3374 2904 3466 2956 τὸν
3499 2903 3724 2972 Συμεὼν
3746 2907 3834 2972 £7-

2261 2996 2471 3066 γύτητα
2503 2996 2682 3047 τοίνυν
2716 2995 2814 3047 οὐκ
2843 2993 3067 3062 ἔνεγκον
3087 2993 3148 3046 τδ
3175 2992 3473 3062 δαιμόνιον,
3505 2993 3708 3062 ἧρξατο
3747 2994 3832 3063 ῥί-

576 3100 643 3153 ad
682 3099 1344 3170 Symeonemjaccessum.
1382 3114 1552 3169 quare
1593 3114 1717 3152 mox
1761 3099 2047 3153 mulierem
2084 3099 2156 3152 al-

2265 3105 2419 3140 πτειν
2462 3087 2622 3149 εὐθὺς
2652 3086 2790 3139 κατά
2817 3085 2921 3153 γῆς
2954 3085 3054 3154 τὴν
3085 3087 3318 3153 γυναῖκα
3352 3084 3448 3137 καὶ
3484 3085 3831 3153 σπαράττειν,

526 3175 537 3182 ”
576 3190 749 3245 lidere
779 3191 918 3254 solo,
965 3191 1118 3245 varie
1168 3191 1435 3245 dilaniare
1470 3201 1525 3244 et
1558 3198 1796 3260 raptare,
1839 3191 1894 3244 in
1925 3191 2156 3244 sublime

2265 3181 2356 3232 καὶ
2398 3179 2757 3240 ὲκτινάσσειν,
2808 3176 3058 3246 καθάπερ
3093 3176 3262 3246 αὐτὴν
3311 3170 3443 3245 ἆραι
3491 3177 3583 3227 καὶ
3617 3178 3833 3243 ἀφεῖναι

578 3279 769 3334 tollere
805 3287 856 3333 et
889 3279 1203 3342 demittere,
1259 3279 1500 3346 denique
1524 3280 1592 3332 ad
1623 3279 1987 3349 priecipitium
2011 3277 2160 3332 festi-

579 3386 728 3425 nare.
775 3370 947 3440 Cujus
1000 3370 1277 3441 tragcedia‘.
1324 3371 1620 3439 impatiens
1647 3379 1888 3432 sanctus,
1936 3384 2038 3424 nec
2078 3369 2161 3424 in-

578 3462 723 3516 tueri
767 3463 848 3516 sic
878 3463 1176 3530 patientem
1203 3461 1436 3516 ulterius
1461 3461 1762 3524 sustinens,
1803 3460 1868 3514 ad
1907 3461 2022 3514 haec
2054 3461 2159 3514 hu-

579 3567 740 3606 mano
773 3562 942 3621 atque
976 3553 1274 3606 miserante
1309 3552 1494 3604 animo
1540 3566 1708 3619 super
1741 3551 1912 3618 ipsam
1943 3559 2155 3603 motus:

579 3641 953 3711 impurissime
999 3652 1055 3695 et
1085 3642 1318 3710 maligne
1347 3641 1598 3708 spiritus,
1655 3639 1855 3708 inquit,
1897 3639 2158 3708 praecipio

580 3733 680 3786 tibi
724 3733 778 3786 in
815 3732 1037 3787 nomine
1073 3731 1194 3785 Filii
1237 3732 1354 3793 Dei,
1386 3739 1445 3785 ut
1473 3746 1637 3784 exeas
1674 3745 1740 3784 ex
1772 3730 1875 3784 hac
1903 3729 2156 3793 muliere,

571 3834 635 3879 et
661 3840 940 3893 nunquam
983 3837 1051 3877 eo
1079 3821 1342 3891 deinceps
1378 3821 1638 3875 divertas.
1678 3822 1767 3878 Uti
1800 3829 2155 3891 przeceptum,

580 3915 654 3967 ita
691 3913 896 3968 factum
936 3931 950 3966 :
984 3911 1232 3967 daemone
1288 3910 1436 3964 illico
1484 3911 1654 3963 multa
1706 3927 1830 3965 cum
1879 3910 2158 3966 vocifera-

580 4003 730 4057 tione
759 4011 816 4057 et
843 4001 1114 4058 conviciis
1136 4001 1477 4073 egrediente,
1512 4009 1677 4070 atque
1703 4002 2045 4070 relinquente
2077 4001 2159 4056 fe-

576 4095 782 4148 minam
817 4086 1044 4147 Omnino
1078 4102 1348 4148 sanatam.

505 4251 509 4255 1
646 4185 771 4239 ηρ.
814 4183 1027 4254 Βαδγίκ
1060 4183 1350 4254 cujusdam
1401 4183 1595 4237 oculos
1638 4181 1908 4252 agritudo
1940 4181 2158 4238 invase-

577 4285 684 4339 rat,
727 4291 891 4344 quam
932 4281 988 4329 et
1012 4274 1230 4329 mitas
1257 4261 1555 4330 consecuta
1580 4282 1666 4328 est
1699 4290 1714 4327 :
1746 4289 1984 4343 cumque
2013 4274 2153 4330 nihil

575 4369 699 4438 opis
740 4368 932 4423 haberi
969 4385 1038 4422 ex
1063 4375 1183 4424 arte
1227 4369 1567 4424 medentium
1595 4376 1802 4437 posset,
1851 4369 2025 4423 sancti
2059 4368 2158 4442 Sy-

2260 3271 2397 3324 κατά
2415 3265 2675 3339 κρημνῶν
2704 3266 3074 3335 ἰπειγόμενον.
3120 3265 3317 3318 Οὐκέτι
3358 3264 3648 3335 τοιγαροῦν
3695 3267 3836 3321 οὕτω

2261 3360 2573 3428 πάσχουσαν
2607 3357 2776 3427 αὐτὴν
2818 3357 2952 3427 όρᾲν
2994 3357 3022 3408 6
3056 3355 3280 3426 Συμεὼν
3320 3355 3669 3424 ἀνεχόμενος,
3704 3354 3836 3409 ἀλλὰ

2261 3446 2646 3516 φιλάνθρωπόν
2687 3463 2739 3500 τι
2786 3447 2880 3499 καὶ
2909 3445 3194 3514 συμπαθὲς
3225 3444 3413 3499 παθὼν
3444 3446 3529 3498 ἐπ’
3564 3445 3735 3518 αὐτῇ,
3765 3445 3836 3498 Τὸ

2260 3539 2567 3608 ἀκάθαρτον
2609 3538 2704 3590 καὶ
2729 3537 2964 3606 πονηρὸν
2991 3536 3230 3604 πνεῦμα,
3263 3536 3375 3605 ἐγώ
3412 3554 3494 3589 σοι
3537 3537 3834 3602 δπιτάττω,

2262 3630 2444 3699 φησὶν,
2499 3631 2555 3680 ὲν
2603 3627 2681 3697 τῷ
2731 3627 2957 3695 ὀνόματι
3003 3626 3095 3679 τοῦ
3148 3625 3282 3679 Θεοῦ
3331 3625 3568 3690 ἐξελθεῖν
3611 3627 3705 3683 ἀπ’
3742 3629 3837 3682 αὖε

2208 3721 2212 3726 ’
2260 3723 2382 3788 τῆς,
2445 3723 2539 3773 καὶ
2609 3720 2811 3790 μηκέτι
2871 3719 3008 3788 πρὸς
3058 3719 3226 3790 αὐτὴν
3278 3719 3565 3774 ἀναλῦσαι.
3616 3719 3694 3774 τι
3742 3721 3839 3790 μιν

2260 3807 2352 3864 οὖν
2388 3808 2667 3880 ἐπίταγμα
2715 3808 2872 3880 ἔργον
2912 3803 3001 3878 ἦν,
3034 3809 3127 3860 καὶ
3165 3807 3336 3861 πολλά
3387 3809 3602 3876 κράξαν
3645 3810 3841 3864 αὐτίκα

2261 3903 2356 3956 καὶ
2385 3902 2705 3972 φλυαρῆσαν
2752 3899 2995 3971 ἐξῆλθεν,
3029 3900 3159 3971 ὑγιῆ
3207 3900 3305 3972 τὴν
3339 3901 3656 3971 πάσχουσαν
3707 3904 3840 3956 ἀπο-

2261 3993 2531 4059 λελοιπὸς.

2331 4169 2467 4224 σκθ’.
2504 4167 2720 4239 Βαϐύλα
2757 4167 2816 4222 δέ
2861 4185 2966 4220 τινι
3018 4167 3230 4239 νόσημα
3275 4169 3488 4235 γεγόνει
3528 4168 3659 4238 περὶ

2259 4261 2590 4330 ὀφθαλμοὺς,
2643 4252 2802 4328 ᾧκαὶ
2862 4258 3131 4327 τύφλωσις
3183 4256 3547 4326 ἠκολούθησεν
3585 4256 3702 4319 ’ὣς
3753 4253 3843 4312 οὖν

2259 4351 2481 4405 όνασθειί
2515 4368 2564 4403 τι
2593 4350 2693 4418 τῆς
2721 4349 2921 4414 ἰατρῶν
2948 4347 3145 4418 τέχνης
3173 4349 3274 4401 οὐκ
3300 4341 3389 4419 ἦν,
3416 4346 3478 4400 τὸ
3497 4345 3594 4400 τοῦ

578 4457 793 4511 meonis
825 4470 1029 4510 nomen
1081 4471 1183 4525 pro
1227 4456 1514 4511 curatione
1567 4456 1873 4520 invocavit;
1918 4421 2156 4526 viditque

2268 4445 2435 4512 ὄνομα
2491 4441 2623 4513 πρὸς
2661 4440 2960 4511 θεραπείαν
2992 4439 3337 4494 ἐπεκαλεῖτο.
3379 4421 3512 4510 ’0ρᾳ
3550 4439 3840 4510 τοιγαροῦν

577 4556 742 4602 nocte
772 4549 1028 4618 sequenti
1061 4556 1332 4611 sanctum,
1387 4562 1530 4617 equo
1569 4548 1807 4602 candido
1854 4549 2154 4614 invectum,

576 4641 748 4718 veluti
799 4639 1076 4695 medicum
1109 4650 1166 4696 et
1214 4656 1436 4695 manum
1487 4642 1701 4696 aﬂ’cctis
1755 4641 1931 4700 oculis
1977 4641 2158 4711 impo-

573 4741 824 4795 nentcm,
863 4732 1252 4802 dicentemque
1289 4751 1302 4786 :
1342 4732 1573 4802 Respice
1618 4741 1764 4788 recta
1812 4733 1878 4787 ad
1914 4743 2155 4792 montem

575 4819 905 4876 Mirabilem.
937 4822 1166 4877 Levavit
1210 4823 1394 4893 itaque
1445 4838 1503 4878 se
1540 4823 1749 4891 statim,
1777 4833 1833 4878 et
1867 4823 2045 4878 oculis
2089 4839 2158 4879 eo

568 4912 803 4967 directis
829 4929 842 4966 :
867 4911 1088 4966 Christe
1139 4913 1390 4979 Domine,
1425 4914 1523 4977 ait,
1558 4914 1701 4967 Deus
1729 4913 1918 4969 famuli
1952 4913 2159 4987 tui‘Sy-

571 5003 808 5067 meonis,
837 5001 1061 5057 medere
1105 5003 1283 5062 oculis
1321 5003 1479 5057 meis.
1515 5003 1580 5056 Et
1624 5004 1676 5056 in
1718 5005 1837 5072 ipso
1878 5015 2159 5062 momento

570 5091 734 5156 vidit,
763 5091 1015 5164 quamvis
1047 5093 1388 5148 subobscure
1416 5101 1472 5148 et
1498 5083 1760 5148 tenuiter.
1790 5095 1860 5151 Ut
1891 5104 2076 5150 autem
2100 5113 2158 5153 se

575 5185 767 5239 videre
810 5185 1088 5254 cognovit,
1117 5201 1239 5255 quae
1266 5185 1506 5261 habebat
1533 5186 1877 5252 charissima,
1909 5204 2157 5254 uxorem,

573 5275 820 5343 inquam,
836 5285 893 5335 et
912 5275 1117 5330 liberos
1133 5291 1443 5339 assumens,
1469 5275 1537 5330 ad
1556 5283 1810 5330 sanctum
1831 5275 2157 5348 Symeonem

571 5367 864 5437 processit,
908 5369 1263 5422 nuntiaturus
1292 5367 1472 5438 qualis
1517 5365 1772 5422 beneﬁcii
1822 5383 1922 5436 per
1975 5369 2152 5438 ipsum

570 5471 800 5527 compos
834 5456 1009 5511 factus
1059 5459 1270 5513 luisset.
1321 5457 1424 5512 Cui
1477 5458 1566 5513 ille
1602 5457 1902 5512 Dominicze
1967 5459 2150 5512 crucis

608 5543 793 5614 ignum
841 5543 1184 5613 imprimens,
1242 5547 1777 5616 perspicacissimum
1840 5549 1957 5602 sine
2005 5550 2153 5602 omni

580 5633 933 5689 hebetatione
968 5637 1255 5690 oculorqu
1287 5638 1468 5691 lumen
1503 5637 1764 5691 donavit:
1798 5637 1996 5692 deinde
2020 5655 2154 5693 con-

574 5725 758 5793 iugem
784 5741 1001 5795 quoque
1036 5729 1154 5798 ejus
1181 5729 1559 5786 caecuticntem
1590 5729 1833 5795 sanavit;
1894 5712 2098 5786 liberos
2129 5751 2158 5786 a

2259 4537 2355 4605 τῆς
2372 4536 2562 4597 νυκτὸς
2583 4533 2793 4604 ἐκείνης
2817 4532 2983 4587 αὑτὸν
3004 4533 3094 4585 ἐπὶ
3117 4530 3312 4585 λευκοῦ
3333 4531 3502 4585 ῐππου
3525 4531 3604 4601 τῷ
3625 4531 3839 4601 ἰατρείῳ

2262 4626 2666 4694 παραϐαλόντα,
2684 4624 2846 4696 χεῖρά
2874 4641 2933 4676 τε
2961 4621 3111 4692 αύτῷ
3140 4621 3420 4686 ἐπιθέντα,
3445 4621 3559 4686 καὶ,
3587 4619 3839 4674 ’Δνάϐλε-

2258 4718 2358 4788 ψον
2387 4718 2516 4781 εὐθὺ
2558 4717 2653 4771 τοῦ
2685 4714 2997 4786 θαυμαστοῦ
3037 4714 3219 4784 θρους,
3255 4712 3612 4766 κελεύσαντα.
3647 4714 3838 4765 Διανα-

2263 4810 2392 4874 στάς
2423 4810 2600 4863 τοίνυν
2625 4811 2822 4863 αὐτίκα
2866 4806 3086 4868 καὶτὰς
3128 4805 3278 4874 δψεις
3322 4804 3409 4856 ἐπ’
3445 4801 3578 4855 αὐτὸ
3635 4800 3835 4865 ἰθΰνας,

2259 4903 2462 4974 Χριστὲ
2497 4904 2524 4955 6
2556 4901 2686 4964 Θεὸς
2717 4900 2811 4954 τοῦ
2855 4899 3042 4954 δούλου
3075 4914 3169 4950 σου
3214 4893 3457 4965 Συμεὼν,
3487 4887 3668 4958 εἶπεν,
3699 4891 3838 4946 ἰαστί

2264 5014 2331 5068 με
2364 4997 2490 5058 τοὺς
2511 4991 2847 5063 ὀφθαλμούς.
2879 4991 2992 5045 Καὶ
3015 4989 3324 5057 ἀναϐλέψας
3347 4987 3450 5056 ὁρᾷ
3475 4985 3834 5058 παραχρῆμα,

2261 5089 2308 5140 εἰ
2349 5086 2441 5138 καὶ
2474 5083 2717 5154 ἀμυδρόν
2749 5099 2800 5135 τι
2831 5083 2924 5135 καί⁵
2960 5081 3190 5150 ἀδρανὲς
3213 5096 3225 5109 ·
3266 5079 3367 5147 ὁρᾷ
3412 5078 3455 5128 δ’
3489 5076 3604 5138 οὖν,
3643 5082 3736 5127 καὶ
3779 5078 3834 5126 τι

2263 5178 2494 5246 φίλτατα
2539 5175 2613 5238 ὡς
2658 5169 2793 5244 εἶχε,
2842 5171 3078 5239 γυναῖκά
3109 5186 3251 5239 φημι
3296 5172 3390 5220 καὶ
3430 5167 3600 5218 τέκνα
3643 5163 3833 5224 λαϐὼν,

2262 5271 2512 5342 πρόσεισι
2544 5266 2619 5338 τῷ
2658 5265 2901 5334 Συμεὼν,
2935 5261 3296 5328 ἀπαγγέλλων
3326 5260 3441 5319 οἵας
3475 5257 3532 5322 ἐξ
3558 5257 3725 5342 αὑτοῦ
3757 5256 3837 5307 τύ-

2261 5341 2344 5431 χοι
2372 5352 2708 5428 εύεργεσίας.
2751 5355 2810 5407 Ὀ
2839 5354 2894 5407 δὲ
2921 5352 3013 5404 τὸν
3037 5348 3362 5403 Δεσποτικδν
3389 5345 3536 5414 αὐτῷ
3562 5341 3656 5397 τοῦ
3686 5357 3835 5398 σταυ-

2265 5452 2358 5518 ροῦ
2408 5451 2576 5504 τύπον
2627 5446 2921 5511 ἐπιϐαλὼν,
2965 5443 3249 5509 ἐλεύθερον
3304 5438 3452 5509 αύτῷ
3500 5438 3683 5506 πάσης
3739 5439 3832 5503 ἀμ-

2265 5542 2542 5615 βλυωπίας
2572 5541 2633 5594 τὸ
2657 5539 2766 5592 τῶν
2799 5537 3094 5607 ὀφθαλμῶν
3131 5535 3415 5605 χαρίζεται
3463 5530 3579 5598 φῶς
3601 5544 3613 5557 ·
3655 5528 3834 5581 ἔπειτα

2267 5637 2448 5707 μέντοι
2493 5635 2587 5687 καὶ
2621 5632 2717 5703 τὴν
2762 5632 3014 5698 γυναῖκα,
3062 5627 3479 5696 τυφλώττουσαν
3530 5621 3832 5690 ἰασάμενος,

2266 5729 2357 5782 καὶ
2389 5725 2759 5798 δαιμονῶντας
2786 5721 3131 5792 θεραπεύσας
3172 5719 3296 5782 τόῦς
3335 5717 3550 5780 παῖδας,
3591 5713 3686 5767 καὶ
3723 5725 3828 5763 διον
