4078 6332
283 357 433 419 3197

1307 368 1477 427 νΙξΓΛ
1514 372 1563 426 Α
1600 367 2036 427 ΝΙΟΕΡΗΟΒΟ
2073 364 2561 427 ΟΟΝΞΟΒΙΡΤΑῘ

3394 361 3538 426 3i98

288 478 439 532 οίιιον
482 479 729 546 μεγάλων
772 479 959 534 παθῶν
1003 478 1337 545 ἀπαλλάξας,
1371 481 1492 535 οὐδὲ
1523 479 1638 550 βίου
1667 478 1850 532 σπανί-

1964 478 2307 534 daemonibus
2338 480 2575 532 insessos
2614 473 2866 538 curavit;
2918 480 2975 527 et
3031 474 3350 529 universam
3386 477 3551 531 lami-

289 573 480 630 ξοντας
526 569 815 638 περιεῖδεν.
860 568 1000 621 Ἀλλ’
1027 570 1150 622 ἐπεὶ
1203 571 1327 639 μηδ’
1358 570 1538 623 ὁτιοῦν
1582 569 1709 623 ἀλλο
1741 568 1866 624 τού-

285 674 401 723 τοις
451 666 530 718 ὖτι
581 660 655 729 μὴ
710 658 917 729 βραχὺς
971 657 1111 723 οίνος
1153 660 1382 730 προσῆν,
1438 661 1532 714 καὶ
1575 656 1728 724 οὗτος
1777 664 1862 725 ἐξ·

288 749 536 818 εστηκώς
578 767 637 802 τε
678 750 773 803 καὶ
820 746 1123 820 δευτερίας,
1158 752 1288 821 ἡδὺν
1335 753 1426 804 καὶ
1454 752 1642 806 τοῦτον
1679 755 1864 820 αὐτοῖς

283 842 351 910 τῇ
382 840 559 911 οίκείᾳ
588 841 768 912 τίθησι
798 842 964 907 κόνει,
995 842 1092 895 atat
1118 843 1367 912 πότιμον,
1410 844 1503 896 καὶ
1538 844 1826 911 ἐπαγωγόν
1845 861 1859 876 ·

284 930 380 984 καὶ
401 931 572 995 οὕτως
601 933 697 986 οὐκ
723 934 904 1003 ὀλίγου
931 932 1185 1004 πραθεὶς,
1224 934 1459 1007 ἦρκεσεν
1480 934 1667 997 αὐτοῖς
1688 936 1765 1000 είς
1792 935 1863 987 τά

284 1025 581 1089 ἀναγκαῖα.

355 1192 451 1250 σλθ.
480 1195 702 1259 Τούτοις
732 1198 879 1264 ἄξιον
913 1200 1089 1254 ἐκεῖνο
1122 1200 1453 1270 προσθεῖναι·
1484 1200 1860 1271 Πρεσϐύτερός

278 1302 384 1349 τις,
408 1288 470 1349 ἐκ
498 1286 689 1357 κώμης
718 1289 1005 1353 Βασιλείας
1034 1289 1179 1343 οὕτω
1197 1291 1495 1361 λεγομένης
1516 1294 1856 1362 ὁρμώμενος,

280 1376 553 1441 πολύπαις
579 1377 674 1440 ὣν,
706 1380 874 1443 ἄπαις
903 1381 1204 1446 ἐδείκνυτο,
1236 1381 1335 1451 τὴν
1374 1384 1452 1446 εἰς
1483 1382 1598 1449 φῶς
1625 1384 1856 1435 ἑκάστου

276 1469 389 1522 τῶν
411 1470 744 1539 τικτομένων
776 1472 1002 1541 πρόοδον
1036 1472 1302 1544 ,τελευτῆς
1331 1473 1491 1537 εὐθὺς
1541 1475 1859 1545 διαδεχομέ-

277 1579 397 1632 νης.
432 1563 680 1632 Πρόσεισι
718 1564 898 1616 τοίνυν
927 1565 983 1616 ἐν
1014 1568 1214 1635 συνοχῇ
1249 1565 1593 1636 σπλάγχνων,
1626 1568 1721 1621 καὶ
1765 1585 1859 1621 πι-

277 1651 429 1720 κρῶν
477 1652 728 1722 δακρύων
786 1655 1013 1724 ἐπιρροῇ
1040 1653 1118 1723 τῷ
1146 1655 1456 1727 θαυμαστῷ
1502 1655 1749 1727 Συμεὼν,
1786 1659 1855 1712 τά

278 1741 409 1793 καφ
430 1740 589 1796 αὐτὸν
612 1737 973 1812 ἀπαγγέλλων
991 1762 1005 1777 ο
1023 1743 1131 1797 Καὶ
1146 1740 1225 1805 ὃς,
1245 1747 1539 1818 Ἐπάνηκε,
1572 1749 1705 1817 φησι
1736 1751 1857 1819 χαί-

279 1847 411 1900 ρων,
444 1833 582 1902 ἐχων
604 1834 702 1903 ήδη
734 1835 1037 1906 τὺιαίτηθὶν
1065 1842 1129 1892 ὲκ
1153 1837 1311 1891 Θεοῦ.
1345 1836 1436 1907 Τῷ
1463 1837 1518 1890 δὲ
1547 1839 1648 1907 τὴν
1677 1840 1851 1905 ὲπαγ-

273 1921 464 1988 γελίαν
531 1922 606 1987 ὡς
659 1926 982 1995 εὐεργεσίαν
1033 1928 1302 2005 αὐτοτελῆ
1362 1926 1640 1998 δεξαμένῳ
1674 1971 1692 1995 ,
1758 1931 1854 1982 καὶ

272 2013 467 2084 ὥσπερ
505 2032 557 2067 τι
579 2015 757 2088 ψυχῆς
781 2018 947 2087 ἄχθος
980 2020 1315 2091 ἀποθεμένων
1334 2019 1639 2091 βαρύτατον
1661 2060 1676 2083 ,
1703 2022 1853 2091 τρεῖς

272 2106 371 2159 ἐπὶ
395 2106 625 2179 θυγατρὶ
652 2109 945 2176 γεννῶνται
978 2110 1115 2180 μετά
1138 2110 1313 2164 ταῦτα
1343 2111 1448 2164 υίοί
1472 2126 1486 2141 ο
1519 2104 1595 2163 ὧν
1648 2113 1677 2163 ό
1719 2126 1850 2181 πρε-

273 2197 539 2273 σσύτερος
563 2199 725 2253 πάθει
742 2199 1089 2269 δυσεντερίας
1120 2202 1302 2265 ἁλοὺς,
1330 2203 1424 2255 καὶ
1440 2201 1538 2271 τὴν
1564 2200 1624 2266 ἐξ
1643 2200 1852 2272 ἀνθρὼο

272 2307 393 2342 πων
423 2290 514 2343 καὶ
539 2289 735 2361 τέχνης
783 2292 1054 2358 ἀπογνοὺς
1085 2291 1406 2362 θεραπείαν.
1448 2295 1540 2345 ἐπὶ
1587 2292 1676 2345 τὸν
1709 2292 1851 2346 θεῖον

271 2378 499 2448 Συμεὼν
561 2380 936 2448 καταφεύγει,
980 2382 1076 2433 καὶ
1121 2381 1196 2445 ὡς
1249 2383 1412 2435 αὑτὸν
1458 2383 1852 2452 ἀνακομισθεὶς

271 2468 425 2538 παρά
446 2469 538 2522 τοῦ
569 2470 843 2534 τεκόντος,
871 2466 957 2524 οἷα
1002 2472 1125 2542 μηδ’
1158 2475 1347 2542 ἀρκεῖν
1364 2474 1544 2545 ἐαυτῷ
1580 2474 1717 2545 πρὸς
1751 2474 1852 2545 τὴν

270 2557 499 2629 πορείαν
522 2559 842 2632 δυνάμενος,
875 2561 1163 2616 ἐπάνεισιν
1186 2564 1367 2635 ὑγιής.
1392 2570 1399 2573 ”

342 2735 476 2790 σλα’.
515 2734 677 2790 ’Δλλά
706 2736 804 2808 τὴν
830 2738 915 2790 ἐπ’
934 2736 1085 2807 αὒτῷ
1112 2736 1207 2793 τοῦ
1230 2739 1435 2809 πατρὸς
1465 2738 1805 2810 εὐφροσύνην
1833 2778 1849 2804 ,

266 2825 477 2897 ἀθυμία
502 2827 665 2881 πάλιν
698 2828 998 2898 ἐκδέχεται,
1033 2827 1204 2899 λήθην
1227 2830 1322 2881 καὶ
1345 2828 1518 2898 αὐτῆς
1545 2829 1852 2898 ἐμποιοῦσα

268 2919 420 2989 (ἐπεὶ
469 2921 563 2974 καὶ
616 2921 859 2988 πέφυκεν
885 2921 1009 2973 ὅλον
1034 2919 1111 2984 ὡς
1146 2922 1216 2975 τά
1244 2920 1415 2975 πολλὰ
1472 2919 1717 2989 γίνεσθαι
1753 2921 1848 2975 τοῦ

267 3010 537 3081 παρόντος
565 3011 627 3063 τδ
646 3011 746 3079 τῆς
776 3010 956 3081 ψυχῆς
990 3014 1186 3081 χαῖρον
1216 3012 1247 3082 ἢ
1287 3012 1706 3081 παθαινόμενον,
1741 3013 1848 3073 τῶν

1967 571 2094 624 liam
2119 569 2375 637 gravibus
2403 569 2559 622 malis
2613 564 2866 619 liberavit
2894 582 2907 616 :
2933 579 3037 619 non
3075 565 3393 633 despiciens
3421 581 3550 621 eam

1964 661 2334 730 negligensve.
2360 657 2505 727 quod
2534 656 2612 714 rei
2644 655 2932 709 tamiliaris
2981 657 3212 723 penuria
3260 671 3545 724 premere-

1967 760 2092 805 tur:
2118 750 2252 818 quin
2283 748 2486 817 potius,
2513 746 2775 814 quoniam
2808 744 2945 797 nihil
2980 743 3091 797 illis
3123 750 3410 813 superaret
3432 745 3544 800 nisi

1964 840 2265 911 pauxillum
2292 838 2427 899 vini,
2464 836 2628 905 idque
2652 833 2911 903 fugientis
2944 843 3001 888 et
3047 832 3381 888 secundarii.
3406 832 3541 887 illud

1963 931 2188 1000 pulvere
2238 942 2338 983 suo
2383 941 2550 980 suave
2588 933 2645 979 et
2698 932 2885 994 aptum
2937 923 3090 992 potui
3126 937 3189 977 ac
3244 922 3542 976 delicatum

1963 1021 2233 1075 reddidit:
2267 1029 2431 1089 atque
2458 1018 2535 1071 ita
2558 1032 2667 1070 non
2692 1014 2843 1085 parvi
2864 1014 3172 1080 venditum,
3196 1013 3417 1069 suffecit
3445 1029 3546 1070 ne-

1962 1112 2217 1173 cessariis
2246 1111 2373 1164 vita:
2390 1107 2798 1178 comparandis.

2031 1202 2153 1258 230.
2194 1202 2353 1256 Hisce
2376 1201 2599 1269 dignum
2634 1208 2718 1253 est
2767 1197 2900 1252 illud
2923 1196 3067 1267 quod
3104 1195 3339 1250 addatur
3368 1213 3381 1249 :
3407 1196 3544 1250 Pre-

1962 1295 2151 1366 sbyter
2205 1293 2452 1363 quidam,
2509 1307 2577 1345 ex
2627 1305 2763 1360 pago
2815 1290 2908 1359 qui
2970 1288 3275 1343 vocabatur
3328 1286 3543 1341 Basilea

1918 1450 1921 1453 _
1961 1385 2252 1447 oriundus,
2286 1399 2411 1437 cum
2454 1383 2660 1437 multos
2685 1380 2967 1452 genuisset
2993 1380 3224 1444 liberos,
3250 1378 3369 1432 sine
3400 1378 3545 1431 libe-

1962 1478 2037 1532 ris
2060 1488 2199 1539 erat,
2238 1485 2435 1535 morte.
2458 1475 2620 1531 simul
2659 1484 2823 1544 atque
2869 1474 3004 1529 editi
3029 1473 3083 1528 in
3132 1474 3312 1527 lucem
3335 1480 3539 1534 essent.

1959 1584 2235 1639 quemque
2279 1575 2604 1637 occupaute.
2657 1566 2922 1634 PrOperat
2967 1564 3135 1636 igitur
3184 1563 3240 1617 in
3290 1562 3545 1632 angustia

1959 1657 2144 1713 cordis
2175 1666 2420 1711 torrente
2446 1656 2770 1710 acerbarum
2800 1655 3167 1725 laerymarum
3185 1654 3538 1722 deeurrente,

1958 1747 2026 1801 ad
2061 1748 2369 1803 mirabilem
2398 1747 2749 1817 Symeonem,
2809 1760 2992 1799 rerum
3058 1759 3283 1799 suarum
3336 1753 3537 1798 statum

1957 1836 2331 1903 nuntiaturus.
2394 1834 2497 1890 Cui
2542 1844 2780 1909 sanctus
2824 1852 2838 1887 :
2901 1834 3205 1888 Revertere
3256 1833 3538 1903 gaudens;

1956 1941 2281 1983 concessum
2300 1928 2409 1997 jam
2433 1927 2533 1981 tibi
2562 1942 2593 1981 a
2620 1926 2732 1980 Deo
2784 1935 2889 1989 est,
2927 1925 3073 1993 quod
3104 1925 3334 1994 petiisti.
3378 1923 3540 1979 Exci-

1955 2015 2037 2083 pit
2061 2014 2151 2069 ille
2176 2016 2624 2085 promissionem,
2656 2024 2717 2070 ut
2760 2002 3092 2070 beneﬁcium
3122 2014 3303 2083 reipsa
3358 2013 3537 2083 impe-

1959 2112 2181 2172 tratum,
2204 2116 2259 2161 et
2311 2106 2527 2167 seclusa
2578 2106 2772 2161 dolore
2832 2105 3018 2161 cordis
3038 2104 3383 2176 gravissimo,
3427 2112 3540 2160 tres

1956 2194 2157 2250 deinde
2188 2196 2330 2251 ﬁlios
2356 2207 2555 2266 praeter
2585 2197 2749 2252 ﬁliam
2783 2195 3081 2268 progignit.
3106 2192 3323 2251 Accidit
3356 2204 3541 2250 autem

1956 2285 2173 2341 illorum
2197 2286 2543 2355 grandiorem
2595 2301 2726 2343 natu
2775 2287 3091 2359 dysenteria
3141 2287 3417 2351 laborare,
3446 2286 3543 2343 de-

1957 2376 2285 2446 sperarique
2317 2376 2573 2433 humane
2596 2378 2731 2433 artis
2782 2379 3150 2434 curationem.
3176 2376 3258 2432 Ad
3288 2387 3542 2432 sanctum

1956 2466 2288 2538 Symeonem
2338 2467 2507 2539 igitur
2561 2486 2853 2526 recurrere
2916 2471 3136 2526 visum:
3192 2484 3429 2538 cumque
3472 2483 3543 2523 eo

1957 2567 2211 2629 portatus
2234 2559 2432 2616 fuisset
2461 2578 2491 2616 a
2520 2548 2867 2631 parentibus,
2900 2572 3091 2633 utpote
3122 2576 3236 2617 non
3263 2557 3543 2624 sufﬁciens

1878 2638 1881 2642 ’
1955 2666 2058 2722 ρει·
2090 2652 2238 2707 vires
2262 2668 2390 2708 suas
2424 2653 2634 2719 itineri,
2676 2665 3006 2723 persanatus
3036 2654 3227 2709 rediit.

2024 2744 2151 2800 ΞΜ.
2194 2743 2301 2800 Sed
2331 2745 2586 2800 laetitiam
2634 2746 2779 2816 patri
2829 2746 2960 2801 hinc
2993 2755 3265 2812 exortam,
3321 2761 3544 2803 rursum

1956 2850 2174 2891 maeror
2197 2851 2338 2906 pene
2367 2836 2693 2893 exanimans
2727 2837 2918 2902 subiit,
2975 2837 3273 2908 gaudiique
3304 2838 3545 2906 ,induxit

1955 2924 2293 2981 oblivionem
2358 2927 2455 2997 (ita
2506 2942 2747 2997 namque
2796 2926 2936 2981 solet
2979 2943 3143 2997 quam
3205 2928 3543 2985 creberrime

1956 3016 2096 3081 ﬁeri,
2130 3025 2190 3070 ut
2220 3016 2299 3072 rei
2322 3017 2611 3085 praesentis
2658 3017 2918 3087 gaudium
2969 3016 3054 3069 vel
3108 3017 3267 3071 dolor
3319 3017 3542 3074 deleant

268 3100 651 3172 προλαϐόντων
674 3100 1094 3172 ἀμνημονῆσαν)
1114 3118 1128 3133 ο
1158 3101 1403 3173 εὑρίσκει
1426 3102 1535 3172 γὰρ
1559 3101 1650 3155 τὸν
1669 3102 1850 3155 δεύτε·

1954 3105 2361 3173 prteteritorum
2391 3104 2734 3167 memoriam)
2766 3121 2778 3153 :
2820 3102 3295 3172 mvenitnamque
3342 3119 3541 3171 secun-

268 3206 365 3262 pov
392 3189 501 3243 τῶν
528 3189 659 3243 υίῶν
704 3190 878 3253 οὓτως
919 3191 1024 3243 ὑπὸ
1056 3192 1212 3244 νόσου
1244 3192 1732 3262 κατειργασμένον,
1773 3188 1852 3256 ib;

266 3280 368 3337 καὶ
430 3280 680 3350 βοήθειαν
738 3282 826 3334 ἐπ’
870 3279 1021 3348 αύτῷ
1089 3282 1271 3334 πᾶσαν
1319 3281 1665 3353 ἀνθρωπίνην
1709 3284 1852 3335 ἀπα-

267 3370 551 3441 γορεῦσαι.
614 3372 914 3443 ’Δράμενος
983 3372 1162 3425 τοίνυν
1216 3371 1434 3443 κομίζει
1482 3371 1559 3443 τῷ
1626 3372 1852 3440 Συμεὼν

268 3460 369 3519 καὶ
417 3464 581 3517 αὐτὸν
628 3501 644 3527 ,
706 3464 923 3527 δεικνὺς
989 3464 1138 3526 ὅπως
1201 3462 1316 3533 ἔχει
1348 3504 1363 3525 ,
1423 3464 1517 3516 καὶ
1597 3464 1851 3534 μάρτυρα

267 3553 523 3625 καθάπερ
582 3554 789 3617 οίκείας
861 3544 1185 3624 σπλάγχνων
1271 3553 1471 3623 ὀδύνης
1524 3553 1867 3631 ποιούμενος,

266 3648 318 3701 εί
364 3646 580 3715 πατὴρ,
642 3645 738 3699 καὶ
802 3644 991 3698 ταῦτα’
1034 3645 1325 3715 φιλόπαις,
1382 3643 1556 3709 οὕτως
1614 3645 1730 3698 υἱὸν
1760 3645 1852 3697 ἀν-

269 3737 448 3808 ἐχοιτο
489 3736 724 3807 βλέπων.
762 3736 1039 3799 Ἑκτείνας
1067 3735 1357 3807 τοιγαροῦν
1393 3736 1590 3789 αὐτίκα
1617 3734 1716 3806 τὴν
1766 3734 1852 3788 δε-

271 3827 437 3894 ξιὰν,
495 3826 591 3881 καὶ
647 3827 743 3881 τὸν
784 3827 951 3880 παῖδα
1003 3827 1335 3896 αφραγίσας,
1384 3825 1650 3896 Πορεύου,
1716 3826 1845 3896 εφη,

268 3917 451 3984 ζῶντα
494 3919 589 3972 καὶ
634 3916 795 3971 αὐτὸν
823 3919 881 3971 ὲν
914 3917 1138 3988 ὀνόματι
1188 3917 1425 3987 Χριστοῦ
1482 3918 1641 3987 ἔχων.
1678 3918 1738 3971 '0
1766 3919 1844 3982 δὲ,

267 4009 617 4081 φιλοτεκνίας
646 4008 951 4080 ὑπερϐολῇ,
997 4007 1265 4079 μηδαμῶς
1298 4009 1604 4077 ἀποστῆναι
1655 4008 1845 4079 βουλό-

249 4117 452 4172 μενος,
486 4100 601 4153 ἀλλ’
631 4100 742 4171 ὅσῳ
791 4099 1012 4153 πλείονα
1062 4101 1254 4169 χρόνον
1288 4097 1438 4167 αὐτῷ
1484 4099 1849 4170 παραμεῖναι,

265 4191 505 4262 τοσούτῳ
558 4190 729 4244 πλείω
782 4192 877 4245 καὶ
922 4190 1022 4259 τὴν
1045 4188 1104 4254 ἐξ
1127 4189 1293 4244 αὑτοῦ
1318 4189 1648 4259 κομίσασθαι
1676 4190 1843 4260 θερα-

266 4281 427 4337 πείαν
475 4282 566 4336 τὸν
614 4282 781 4335 παῖδα
810 4281 1067 4351 νομίζων·
1093 4279 1453 4351 Συγχώρησον
1501 4280 1656 4350 ἡμῖν,
1690 4280 1845 4335 δοῦλε

264 4371 362 4425 τοῦ
391 4372 549 4436 Θεοῦ,
585 4368 757 4434 εἶπεν,
792 4373 885 4425 ἐπὶ
915 4372 1079 4425 πλέον
1104 4372 1429 4441 προσμεῖναι
1463 4389 1571 4434 σοι,
1600 4372 1689 4427 ῐνα
1744 4376 1839 4427 καὶ

1964 3192 2286 3263 dogeuitum
2331 3192 2407 3248 ita
2445 3193 2638 3246 morbo
2662 3191 3016 3255 exhaustum,
3063 3200 3125 3245 ut
3169 3192 3309 3247 nihil
3335 3193 3455 3263 spei
3484 3195 3543 3251 in

1962 3283 2202 3338 humana
2225 3298 2328 3352 ope
2350 3290 2685 3352 superesset.
2720 3281 3009 3338 Sublatum
3044 3282 3214 3353 igitur
3238 3283 3387 3340 hunc
3407 3302 3545 3356 quo-

1959 3390 2066 3445 que
2103 3381 2285 3443 portat
2317 3373 2386 3428 ad
2420 3373 2771 3445 Symeonem,
2816 3380 3136 3427 monstrans
3175 3375 3455 3444 quomodo
3482 3392 3544 3434 se

1960 3465 2227 3530 haberet;
2264 3472 2318 3519 et
2350 3474 2545 3519 testem
2573 3463 3277 3534 quodammodoﬁolorum
3309 3481 3542 3523 suorum

1959 3559 2137 3627 ipsum
2186 3557 2398 3621 statuit,
2462 3568 2649 3611 utrum
2702 3556 2876 3625 patris
2935 3553 3157 3610 animus
3210 3564 3266 3611 et
3315 3557 3540 3626 quidem

1961 3647 2198 3701 ﬁliorum
2224 3655 2410 3701 tenere
2437 3646 2697 3711 amantis,
2728 3644 2990 3699 intuitum
3012 3645 3195 3713 prolis,
3224 3646 3303 3700 sic
3328 3647 3542 3704 alecta

1958 3741 2133 3810 possit
2166 3740 2461 3795 sustinere.
2481 3737 2585 3805 Qui
2609 3739 2875 3793 continuo
2904 3743 3136 3795 extensa
3186 3755 3352 3794 manu
3405 3740 3540 3795 dex-

1958 3840 2075 3886 tera
2104 3846 2335 3902 puerum
2368 3830 2592 3898 signans
2619 3847 2632 3882 :
2661 3829 2830 3894 Vade,
2864 3829 3070 3901 inquit,
3098 3839 3157 3894 et
3203 3830 3353 3884 hunc
3395 3845 3539 3900 quo-

1956 3936 2063 3991 que
2096 3921 2150 3974 in
2187 3919 2410 3973 nomine
2437 3918 2643 3981 Christi
2697 3919 2900 3974 habeto
2942 3902 3157 3974 vivum.
3200 3920 3405 3975 Verum
3448 3918 3541 3975 ille

1956 4025 2184 4065 excessu
2215 4008 2454 4079 quodam
2479 4008 2686 4062 amoris
2720 4010 2777 4064 in
2815 4009 3028 4078 prolem
3059 4023 3407 4078 nequaquam
3449 4024 3539 4063 re-

1957 4101 2154 4157 cedere
2177 4099 2387 4155 voluit:
2417 4097 2515 4154 sed
2547 4106 2701 4152 ratus
2762 4106 2917 4153 tanto
2950 4098 3267 4154 uberiorem
3299 4097 3412 4154 ﬁlio
3437 4090 3541 4152 im-

1954 4191 2218 4263 pertitum
2266 4190 2335 4244 iri
2375 4189 2682 4245 curationis
2737 4190 2991 4260 gratiam,
3035 4198 3260 4259 :quanto
3299 4189 3539 4260 longiori
3578 4183 3593 4215 ἠ

1956 4282 2353 4353 tempore'istic
2384 4280 2725 4349 substitisset
2757 4301 2767 4334 :
2803 4281 2880 4335 Da
2923 4281 3165 4346 veniam,
3219 4280 3539 4351 inquit.'l'a-

1952 4373 2100 4427 mule
2128 4372 2250 4439 Dei,
2309 4371 2459 4442 quod
2488 4370 2701 4425 diutius
2722 4368 2814 4425 hic
2867 4381 3293 4451 commoremur,
3428 4384 3542 4438 quo

263 4464 662 4535 δαψιλεστέρας
687 4463 789 4535 τῆς
831 4463 985 4534 παρὰ
1030 4461 1124 4515 σοῦ
1168 4460 1422 4533 τύχωμεν
1462 4463 1734 4533 εὐλογίας,
1778 4464 1847 4536 ἢν

1954 4464 2317 4534 copiosiorem
2349 4478 2381 4518 a
2413 4470 2467 4517 te
2496 4461 2969 4550 benedictionem,
3005 4474 3172 4530 quam
3194 4459 3420 4516 dextera
3445 4468 3539 4517 tua

266 4556 401 4625 ἡμῖν
425 4554 633 4624 ἤιδεξιά
666 4572 761 4608 σου
791 4552 1096 4625 χαρίζεται.

339 4646 473 4716 σλβ’.
498 4648 850 4718 Δυσχεράνας
897 4649 1079 4703 τοίνυν
1142 4649 1280 4720 πρὸς
1317 4649 1489 4703 ταῦτα
1520 4651 1548 4703 ό
1595 4650 1843 4720 Συμεὼν,

275 4737 589 4808 Ἠπάτησαι
642 4739 730 4791 διὰ
770 4739 869 4811 τῆς
908 4739 1189 4802 ἀπιστίας,
1224 4740 1351 4810 ἔφη,
1382 4740 1476 4792 καὶ
1526 4740 1588 4793 σύ
1615 4755 1630 4770 ⁸
1663 4742 1696 4809 ή
1738 4742 1846 4811 γὰρ

260 4826 362 4881 τοῦ
384 4828 515 4880 Θεοῦ
542 4828 769 4897 δύναμις
800 4830 900 4884 οὐκ
923 4829 1157 4883 ἐνταῦθα
1193 4830 1376 4900 μόνον,
1410 4830 1545 4884 ἀλλά
1577 4831 1673 4884 καὶ
1706 4848 1847 4884 παν-

264 4917 435 4988 ταχοῦ
494 4919 592 4989 τῆς
649 4919 815 4975 αὑτοῦ
871 4921 1191 4986 δεσποτείας
1232 4920 1472 4975 ἀνύουσα
1520 4921 1845 4993 παραδόξως

261 5010 418 5065 ἐστὶν
449 5010 485 5065 ἀ
510 5011 779 5081 βούλεται·
812 5014 948 5068 ἀλλά
973 5016 1071 5083 τὴν
1100 5017 1164 5070 ὲκ
1188 5016 1289 5085 τῆς
1315 5016 1516 5079 κόνεώς
1541 5033 1644 5087 μου
1673 5006 1849 5087 σφρα-

262 5101 390 5171 γῖδα
429 5100 633 5168 λαϐὼν,
667 5106 911 5175 ὲπάνηκε
958 5105 1125 5176 μηδὲν
1163 5095 1481 5171 ἐνδοιάζων,
1505 5106 1620 5160 ἀλλ’
1650 5108 1847 5171 αὐτοὺς

260 5190 454 5263 ὥσπερ
475 5196 954 5266 ᾶντετυπωμένους
975 5199 1134 5269 αὐτῇ,
1151 5198 1294 5258 οὕτω
1312 5198 1404 5251 καὶ
1423 5198 1697 5267 παρόντας
1711 5199 1845 5269 όρᾷν

261 5281 503 5350 νομίζων
531 5284 701 5353 ἡμᾶς.
733 5284 928 5339 Λαϐὼν
950 5288 1132 5340 τοίνυν
1153 5288 1183 5339 ό
1208 5288 1392 5358 πατὴρ
1420 5288 1520 5358 τὴν
1568 5288 1841 5358 σφραγῖδα

263 5371 360 5424 καὶ
389 5372 570 5426 οἶκαδε
626 5376 763 5445 μετά
811 5375 905 5428 τοῦ
952 5377 1144 5441 παιδὸς
1173 5378 1540 5450 ἀναστρέψας,
1754 5379 1845 5432 τὸν

267 5465 422 5531 ἅγιον
451 5464 602 5534 αὑτῷ
630 5467 823 5531 νυκτὸς
851 5468 1148 5523 ἐπιστάντα
1183 5468 1240 5540 (ἡ
1286 5468 1469 5541 μορφὴ
1517 5469 1574 5522 δὲ
1620 5470 1697 5538 τῷ
1744 5470 1845 5523 Συ-

270 5550 646 5629 μεὼνιετέρως
674 5556 707 5629 ἢ
734 5558 873 5611 κατά
891 5559 953 5612 τὸ
989 5559 1219 5631 σύνηθες
1246 5555 1387 5629 εἶχε)
1428 5562 1529 5631 τῆς
1548 5578 1606 5615 τε
1634 5564 1841 5626 κόνεως

196 5696 199 5697 ν
236 5645 328 5707 ,ιν
360 5648 541 5717 χεροῖν
572 5651 893 5721 κατέχοντα,
932 5653 1046 5723 καὶ,
1071 5653 1135 5705 Τί
1181 5652 1384 5722 μᾶλλον
1410 5652 1588 5723 βούλει
1634 5654 1840 5721 λαὸεῖν,

262 5733 372 5802 τήν
423 5734 673 5806 εὐλογίαν
719 5739 811 5793 τοῦ
875 5740 1099 5810 Συμεὼν
1152 5740 1380 5813 ταύτην,
1409 5742 1437 5815 ἢ
1470 5742 1568 5813 τὴν
1616 5743 1840 5812 δεξιάν,

1947 4552 2196 4621 impertit
2244 4549 2426 4614 nobis,
2488 4548 2897 4603 nanciscatnur.
2937 4548 2943 4550 ”
3196 4566 3207 4571 ·
3518 4615 3542 4626 ζ

2017 4655 2145 4710 252.
2173 4652 2454 4708 Severiori
2486 4650 2556 4705 ad
2589 4650 2705 4704 hate
2757 4658 2816 4703 et
2851 4664 3000 4719 aegro
3060 4648 3217 4702 vultu
3264 4648 3537 4718 Symeon:

1949 4743 2031 4798 Tu
2057 4758 2303 4814 quoque,
2328 4740 2426 4805 ait,
2454 4755 2554 4809 per
2591 4737 2958 4814 difﬁdentiam
3007 4737 3312 4793 aberrasti:
3351 4736 3539 4792 divina

1944 4834 2155 4905 quippe
2175 4832 2444 4903 potentia,
2474 4844 2581 4884 non
2614 4829 2722 4884 hoc
2745 4827 2925 4883 solum
2954 4828 3102 4891 loco,
3134 4828 3235 4883 sed
3271 4828 3364 4882 ubi
3399 4828 3539 4884 libet

1946 4925 2163 4981 edicere
2196 4922 2526 4978 mirabiliter
2567 4929 2751 4990 potest
2780 4934 3127 4990 quaecunque
3151 4918 3303 4975 vult:
3341 4934 3541 4975 verum

1945 4999 2011 5073 ex
2041 5016 2268 5087 pulvere
2300 5030 2423 5071 meo
2448 5002 2669 5081 signum
2724 5012 3007 5082 accipiens
3047 5012 3247 5075 redito,
3286 5011 3536 5081 nihilque

1945 5106 2204 5162 haesitans
2233 5120 2556 5177 persuasum
2582 5103 2785 5159 habeto
2809 5103 2884 5157 ita
2906 5112 2956 5157 te
2983 5103 3233 5157 visurum
3262 5117 3361 5156 nos
3391 5117 3539 5172 pra:—

1945 5203 2152 5259 sentes,
2188 5193 2654 5265 quemadmodum
2699 5193 2850 5262 ipsos
2884 5192 3215 5261 impressum
3264 5191 3399 5245 illud
3455 5190 3546 5247 si-

1944 5303 2110 5359 gnum
2162 5295 2436 5358 gerentes.
2479 5285 2751 5359 Accepr
2783 5283 2950 5354 igitur
2999 5284 3112 5354 jam
3152 5283 3300 5337 dicto
3350 5283 3530 5353 signo,

1944 5378 2167 5432 domum
2208 5392 2335 5432 cum
2388 5375 2499 5430 ﬁlia
2551 5374 2758 5429 redivit
2813 5382 2991 5444 pater,
3040 5373 3292 5444 viditque
3336 5382 3539 5430 secuta

1942 5480 2104 5526 nocte
2130 5479 2379 5531 sanctum
2437 5475 2709 5522 astantem
2771 5466 2896 5531 sibi,
2926 5465 3098 5519 forma
3158 5464 3453 5521 admodum
3496 5478 3532 5519 a

1946 5560 2107 5615 solita
2136 5560 2512 5629 discrepante,
2565 5567 2845 5613 tenentem
2903 5555 3158 5609 manibus
3210 5554 3519 5625 pulverem,

1948 5655 2513 5720 percunctantcmque
2565 5647 2753 5714 :Quid
2802 5646 2973 5700 mavis
3017 5645 3288 5715 accipere,
3314 5644 3535 5700 hancne

1946 5742 2237 5813 Symeonis
2286 5740 2753 5809 benedictionem,
2784 5756 2852 5793 an
2900 5738 3226 5794 dexteram?
3280 5735 3536 5804 Cumque-
