4076 6330
545 289 684 355 3109

1738 297 1794 354 S.
1837 297 2215 358 SYMEO'NIS
2255 300 2617 362 IUNIORIS

3658 286 3834 348 3209

531 404 622 458 llte
645 402 1040 472 respondisset,
1068 404 1271 473 ublque
1303 406 1547 475 gentium
1585 413 1860 470 constare,
1888 418 2107 476 quanta:

2230 411 2637 480 τυνοανὸμενον.
2661 412 2766 467 Τοῦ
2795 414 2873 480 δὲ,
2905 415 3026 469 Ὀτι
3056 413 3266 484 μεγάλη
3291 411 3394 482 μέν
3419 411 3574 465 ιστιν
3603 413 3641 481 ἡ
3658 411 3834 466 εὐλο-

528 497 747 548 virtutis
781 494 1093 550 bcnedictio
1126 496 1232 561 sit;
1260 513 1317 551 se
1351 514 1478 550 vero
1515 495 1683 566 (quod
1712 497 1953 566 propitio
1983 515 2110 552 san-

527 593 619 640 cto
649 586 824 655 fieret)
875 602 1092 656 semper
1126 588 1410 641 ardentius
1432 588 1783 653 desiderasse.
1821 590 2109 644 dexteram

528 678 884 747 contingere:
935 678 1187 732 extendit
1233 679 1381 732 illam
1433 689 1678 743 sanctus,
1746 680 2107 749 impertitque

529 767 994 830 benedictionem,
1027 771 1407 837 improperans
1462 769 1627 822 tacite
1670 784 1824 822 suam
1871 771 2101 841 presby-

529 868 647 913 tero
685 858 1160 913 incredulitatem:
1184 860 1420 928 denique
1440 860 1604 913 etiam
1631 860 1790 925 illud,
1810 862 1956 930 quod
1977 862 2115 916 alter

529 963 742 1001 summo
763 964 884 1002 cum
923 949 1204 1004 desiderio
1226 951 1670 1020 praestolabatur,
1715 952 1905 1022 adjicit
1934 971 1946 1004 :
2003 953 2112 1007 Ac-

527 1039 650 1107 cipe
685 1038 855 1093 lilium
891 1049 1043 1094 tuum
1082 1057 1296 1095 sanum.
1347 1042 1506 1107 Quod
1556 1053 1763 1098 tantam
1820 1044 2112 1098 instillavit

526 1128 711 1182 animo
743 1131 862 1198 ejus
889 1131 1249 1197 voluptatem,
1286 1141 1346 1184 ut
1393 1148 1504 1201 prae
1538 1133 1878 1187 abundantia
1944 1134 2110 1198 illius,

529 1219 714 1275 statim
766 1224 1278 1290 expergisceretur:
1343 1225 1666 1294 invenitque
1707 1227 1878 1279 illium
1934 1227 2115 1281 adhuc

526 1327 720 1365 somno
754 1312 1149 1382 indulgentem,
1206 1329 1270 1368 ac
1323 1316 1637 1369 restitutum
1682 1317 1794 1384 jam
1851 1316 2115 1385 perfecta

527 1400 769 1453 sanitati.
807 1400 986 1465 Quare
1023 1403 1168 1455 illico
1201 1403 1432 1457 remittit
1469 1405 1536 1458 ad
1570 1413 1842 1464 sanctum,
1877 1406 1974 1474 qui
2002 1419 2103 1473 pro

529 1491 633 1545 hoc
661 1491 907 1548 secundo
932 1501 1059 1546 natu
1088 1492 1201 1547 tilio
1231 1504 1569 1564 recuperatae
1604 1496 1943 1551 valetudinis
1971 1512 2112 1566 prte-

530 1583 638 1637 mia
666 1583 964 1652 persolvat.

2215 505 2328 570 γία,
2355 503 2514 555 παντί
2550 521 2652 556 που
2707 505 2884 573 δῆλον,
2937 507 3202 571 εἰπόντος,
3237 505 3353 572 ἐγὼ
3387 505 3445 558 δὲ
3480 503 3653 573 (ἀλλά
3720 519 3827 572 μοι

2217 595 2374 657 ἵλεως
2398 594 2542 663 εῐης)
2567 595 2754 648 λαϐεῖν
2787 597 3016 649 ἐπόθουν
3052 597 3251 667 μᾶλλον
3297 596 3399 663 τὴν
3439 595 3632 659 δεξιάν
3670 611 3684 626 ο
3720 597 3826 647 tx-

2215 684 2392 745 τείνας
2437 684 2641 747 εὐθέως
2697 683 2889 755 αὐτὴν,
2924 686 3108 754 ὀρέγει
3161 686 3264 757 τὴν
3311 686 3588 753 εὐλογίαν,
3616 687 3822 754 ἠρέμα

2213 775 2292 843 τῷ
2326 775 2682 848 πρεσϐυτέρῳ
2715 777 2811 831 καὶ
2860 778 3119 831 ἀπιστίαν
3156 777 3587 847 προσονειδίσας.
3608 779 3706 830 ἐπὶ
3726 777 3828 829 τέ-

2215 866 2294 916 λει
2330 867 2386 918 δὲ
2413 868 2508 918 καλ⁵
2531 867 2669 938 ὅπερ
2690 869 2924 921 ἀκοῦσαι
2951 868 3070 920 λίαν
3092 871 3298 931 ἐκεῖνος
3320 869 3480 938 ὲδίψα
3512 868 3819 936 προσθεὶς.

2229 957 2497 1009 ’Λπόλαὸε
2541 959 2630 1010 τὸν
2683 959 2796 1012 υἱὸν
2849 961 3002 1028 ὑγιῆ.
3065 962 3129 1014 ’0
3172 960 3445 1030 τοσαύτην
3510 956 3826 1021 ἔνέσταξεν

2215 1047 2381 1101 αὑτοῦ
2411 1048 2724 1118 γλυκύτητα
2748 1053 2816 1120 τῇ
2845 1053 3014 1121 ψυχῇ,
3039 1051 3115 1114 ῶς
3161 1052 3298 1121 πρὸς
3344 1051 3444 1121 τὴν
3470 1050 3682 1120 ἡδονὴν
3713 1050 3824 1102 αὖ·

2215 1140 2345 1195 τίκα
2384 1141 2785 1212 διυπνισθῆναι,
2819 1143 2915 1196 καὶ
2949 1144 3040 1194 τὸν
3081 1144 3196 1195 υἱὸν
3251 1143 3404 1212 ῦπνῳ
3443 1142 3824 1211 χρησάμενον

2217 1233 2418 1302 εὑρεῖν,
2458 1231 2554 1285 καὶ
2603 1233 2740 1302 πρὸς
2789 1234 2980 1300 ὑγείαν
3000 1233 3097 1303 ἤδη
3148 1232 3544 1302 μεταϐαλόντα.
3589 1233 3654 1285 ὐ
3713 1238 3826 1298 μὲν

2215 1319 2308 1378 οῦν
2354 1324 2538 1394 πατὴρ
2586 1325 2761 1378 ἀνεισι
2804 1324 2957 1393 παρὰ
3003 1325 3093 1376 τὸν
3120 1325 3280 1392 ἆγιον
3339 1323 3520 1387 αὖθις,
3582 1323 3824 1388 σῶστρα

2216 1415 2323 1468 τῶν
2354 1415 2622 1485 δευτέρων
2654 1414 2786 1468 υἱῶν
2815 1414 3124 1484 ἀπονέμων.

599 1714 722 1768 235.
768 1713 934 1767 Paulo
964 1722 1088 1783 post
1130 1716 1325 1770 tertius
1350 1732 1570 1786 quoque
1601 1726 1731 1772 natu
1760 1719 1906 1774 ﬁlius
1935 1720 2112 1774 vehe-

2290 1722 2426 1788 σλγ¹.
2469 1719 2667 1789 Ὀλίγῳ
2715 1720 2772 1771 δὲ
2824 1719 3049 1787 ὕστερον
3089 1717 3183 1770 καὶ
3224 1715 3318 1769 τοῦ
3351 1716 3535 1785 τρίτου
3579 1715 3822 1785 λαύροις

531 1803 810 1857 mentibus
843 1804 982 1856 adeo
1019 1804 1267 1858 febribus
1319 1813 1561 1861 tentatus
1601 1817 1705 1870 est,
1745 1819 1805 1862 ut
1834 1809 1944 1862 vita
1989 1809 2115 1862 lon-

533 1893 654 1960 gius
712 1893 1067 1960 producenda
1128 1895 1535 1964 desperaretur.
1595 1899 1740 1953 Puer
1772 1900 2116 1968 prawptabat

534 1986 806 2054 imprimis
827 1986 893 2039 ad
924 1996 1171 2041 sanctum
1201 1989 1530 2059 Symeonetn
1563 1992 1762 2046 adduci
1799 2010 1811 2046 ι
1842 2004 1999 2062 paler
2019 2009 2116 2047 au-

535 2085 643 2130 tem
669 2079 1010 2146 experientia
1052 2080 1107 2132 in
1145 2082 1474 2148 praecedenti
1519 2082 1630 2137 ﬁlio
1660 2084 1876 2150 doctus,
1914 2077 2118 2154 quanta

531 2167 696 2220 etiam
732 2168 921 2235 procul
965 2169 1287 2224 absentibus
1328 2189 1358 2225 a
1403 2171 1674 2243 Symeone
1727 2176 1906 2228 virtus
1943 2177 2117 2230 soleat

531 2253 683 2307 exire
714 2273 726 2307 :
757 2255 960 2317 Potest,
1017 2257 1093 2310 fili
1149 2259 1245 2321 mi,
1305 2261 1506 2329 inquit,
1545 2271 1768 2316 sanctus
1803 2263 2116 2318 visitatione

536 2354 629 2398 tua
679 2353 732 2398 te
771 2345 1124 2401 invisibiliter
1189 2349 1293 2403 hoc
1339 2352 1505 2403 etiam
1549 2351 1671 2405 loco
1713 2352 1947 2422 dignari.
2008 2355 2119 2409 Nec

537 2436 801 2498 moratus,
849 2439 1126 2492 convertit
1159 2455 1216 2492 se
1267 2457 1426 2510 puer,
1469 2452 1526 2495 et
1573 2458 1707 2496 voce
1738 2458 1899 2510 quam
1940 2452 2120 2511 potest

535 2531 842 2586 clarissima
875 2534 1142 2588 exclamat
1169 2553 1181 2586 :
1216 2535 1259 2589 Ο
1284 2535 1540 2607 Symcon,
1562 2539 1771 2593 electus
1795 2555 1825 2592 a
1853 2541 1984 2604 Deo,
2013 2542 2120 2596 mi-

537 2636 721 2674 serere
753 2621 880 2675 mei.
935 2622 1072 2675 Tum
1112 2625 1177 2678 ad
1227 2635 1437 2693 patrem
1469 2646 1479 2679 :
1516 2626 1768 2681 Suflitum
1821 2629 2002 2695 adole,
2039 2631 2122 2683 in-

2217 1812 2470 1878 πυρετοϊς
2518 1809 2869 1878 συσχεθέντος
2903 1809 3210 1876 ἀπόγνωσις
3257 1806 3402 1874 ζωῆς
3441 1804 3504 1858 τὸ
3561 1805 3824 1875 παρεπό-

2221 1915 2378 1970 μενον
2410 1894 2499 1969 ἦν.
2545 1900 2655 1952 Καὶ
2681 1901 2709 1951 ὀ
2751 1899 2846 1967 μὲν
2880 1897 2955 1961 ὡς
2987 1899 3080 1950 τδν
3114 1897 3256 1949 θεῖον
3281 1894 3506 1966 Συμεὼν
3531 1896 3814 1964 ἀνακομι-

2221 1994 2410 2062 σθῆναι
2437 1991 2714 2060 προῄρητο
2733 2007 2746 2020 ο
2774 1992 2800 2043 ὀ
2821 1991 2876 2043 δὲ
2910 1990 3115 2059 πατὴρ,
3141 1990 3241 2057 ὅση
3268 1990 3362 2040 καὶ
3385 1987 3494 2040 ἀπὸ
3523 1986 3814 2055 μακρόθεν

2217 2081 2324 2139 οἵδε
2350 2083 2580 2150 δύναμις
2610 2081 2668 2146 ἐξ
2695 2083 2903 2135 ἐκείνου
2939 2081 3129 2151 φοιτᾷν
3171 2080 3278 2133 ἀπὸ
3308 2078 3403 2132 τοῦ
3435 2077 3812 2148 προλαϐόντος

2223 2176 2386 2246 πείρᾳ
2440 2172 2648 2243 μαθὼν,
2700 2173 2954 2234 Δυνατδς,
2987 2167 3129 2236 εἷπε,
3156 2169 3366 2234 τέκνον,
3415 2167 3705 2222 κάνταῦθά
3744 2182 3810 2241 σε

2222 2266 2370 2328 θείας
2401 2266 2644 2327 ἀθεάτως
2671 2264 2976 2331 ἐπισκοπῆς
3017 2263 3269 2327 ἀξιῶσαι.
3298 2261 3426 2314 Καὶ
3454 2259 3811 2328 παραχρῆμα

2224 2355 2528 2425 συστρέψας
2553 2353 2743 2408 ἑαυτὸν
2765 2357 2793 2406 ὀ
2824 2355 2971 2415 παῖς,
3007 2352 3218 2423 μεγάλῃ
3238 2351 3313 2413 ὡς
3342 2346 3488 2419 εἶχεν
3512 2349 3711 2418 ὲσόησε
3739 2351 3810 2425 τῇ

2223 2449 2394 2516 φωνῇ,
2452 2445 2511 2499 '0
2560 2444 2814 2506 ἐκλεκτὸς
2854 2444 2930 2512 τῷ
2968 2441 3086 2512 Θεῷ
3125 2442 3372 2512 Συμεὼν,
3431 2441 3658 2507 ἐλέησόν
3713 2456 3801 2507 με.

2223 2534 2354 2590 Εἶτα
2403 2537 2539 2606 πρὸς
2598 2539 2689 2588 τὸν
2733 2535 2964 2604 πατέρα,
2998 2534 3293 2603 Θυμίασον,
3322 2529 3497 2585 εἶπεν·
3534 2532 3644 2584 ἰδοὺ
3694 2530 3804 2600 γὰρ

2221 2628 2452 2696 ἔστηκεν
2485 2630 2512 2680 ὀ
2541 2626 2633 2679 τοῦ
2669 2625 2801 2678 Θεοῦ
2834 2626 3087 2694 θεράπων
3118 2626 3175 2676 ἐν
3205 2623 3508 2693 ὀφθαλμοῖς
3541 2639 3643 2688 μου
3663 2638 3676 2650 ·
3709 2622 3806 2690 ῥά-

537 2713 676 2782 quit,
701 2729 828 2768 ecce
854 2715 1001 2768 enim
1039 2716 1273 2770 famulus
1299 2718 1393 2771 Dei
1421 2718 1473 2771 in
1505 2729 1802 2788 conspectu
1831 2735 1954 2773 meo
1981 2728 2117 2774 stat:

2230 2719 2344 2781 εδος
2405 2718 2503 2787 μὲν
2552 2718 2645 2770 οῦν
2687 2715 2836 2786 αὐτῷ
2883 2717 2971 2769 διά
3007 2716 3184 2785 χειρὸς
3230 2715 3446 2784 σιδηρᾶ.
3492 2713 3587 2766 καὶ
3614 2713 3806 2774 ἅλυσις

537 2820 733 2858 manus
777 2815 985 2860 armata
1020 2819 1104 2861 est
1132 2809 1281 2876 virga
1333 2808 1510 2862 ferrea
1543 2818 1598 2863 ct
1632 2821 1823 2864 catena
1869 2827 1933 2866 ex
1975 2811 2121 2865 ferro

2230 2810 2513 2879 καιόμενον
2557 2809 2690 2878 πυρὶ
2719 2808 2808 2860 τὴν
2841 2807 3055 2877 σίδηρον
3084 2807 3281 2876 ἔχουσα
3305 2823 3318 2835 ·
3362 2807 3572 2872 δαίμων
3607 2805 3666 2858 δέ
3700 2820 3814 2868 τις,

540 2897 712 2965 ignito
758 2915 771 2950 :
821 2914 927 2966 qua
980 2899 1306 2964 daemonem,
1352 2903 1728 2970 magnitudine
1763 2905 2011 2973 gigantea
2069 2913 2124 2958 et

2230 2902 2284 2954 τὸ
2338 2900 2563 2969 μέγεθος
2625 2901 2796 2969 μέγας
2859 2901 2953 2951 καὶ
2992 2898 3116 2951 ἰδεῖν
3147 2899 3351 2968 ἀειδὴς,
3383 2899 3588 2951 δέδεται
3617 2897 3806 2960 δεινῶς

540 2990 659 3042 visu
709 2989 1039 3052 terribilem,
1093 3001 1240 3047 arcte
1286 2996 1639 3054 constrinxit,
1693 2996 1956 3049 revinctis
2003 3005 2123 3064 post

2230 2992 2362 3064 παρ’
2385 2995 2570 3054 αὑτοῦ,
2600 2992 2771 3044 ὀπίσω
2799 2989 2875 3044 τὼ
2901 2994 3049 3061 χεῖρε
3081 2991 3468 3061 περιηγμένος,
3493 2990 3592 3058 ἤδη
3623 2989 3681 3040 δὲ
3713 2988 3806 3042 καὶ

543 3086 765 3147 ιοτςιιω
805 3079 1060 3134 manibus
1098 3098 1111 3132 :
1144 3081 1369 3150 jamque
1413 3083 1690 3137 clibanum
1741 3100 1959 3153 quoque
2005 3101 2124 3140 suc-

2231 3084 2479 3138 κλίεανον
2527 3085 2612 3135 ἐπ’
2644 3083 2806 3135 αὐτὸν
2854 3083 3084 3136 ἀνάπτει
3135 3081 3324 3150 πυρὸς,
3362 3081 3455 3134 καὶ
3495 3081 3669 3147 τούτῳ
3717 3079 3806 3134 τον

540 3167 726 3221 cendit
769 3169 913 3238 igne,
946 3184 1056 3237 quo
1103 3185 1337 3238 nequam
1389 3173 1542 3226 illum
1593 3174 1900 3228 comburat.
1935 3176 2124 3230 lsthrec

2231 3173 2464 3242 πονηρὸν
2498 3173 2804 3226 κατακαίει.
2844 3171 3030 3225 Ταῦτα
3065 3170 3199 3240 ὁμοῦ
3232 3189 3291 3222 τε
3319 3172 3504 3242 εἴρητο
3536 3171 3688 3239 παρά
3714 3170 3808 3224 τοῦ

544 3258 802 3326 loquente
824 3275 1018 3327 puero,
1055 3259 1284 3313 morbus
1313 3261 1496 3316 subito
1532 3263 1688 3326 abiit,
1725 3264 1893 3318 veluti
1916 3264 2124 3336 ﬂagello

2231 3264 2441 3326 παιδὸς,
2471 3265 2566 3317 καὶ
2595 3266 2626 3335 ἠ
2659 3264 2811 3325 νόσος
2841 3264 3002 3326 εὐθὺς
3045 3263 3456 3334 ἀπεδίδρασκεν,
3484 3263 3672 3333 ὥσπερ
3702 3262 3812 3317 τινὶ

540 3348 778 3417 quodam
804 3351 1209 3420 perstringente
1248 3351 1494 3406 abactus.

2234 3356 2459 3425 μάστιγι
2488 3356 2730 3424 σφοδρῶς
2764 3355 3172 3425 ἀπεληλαμένη.

613 3483 739 3538 234.
781 3484 858 3538 lta
907 3484 1129 3552 quidem
1182 3487 1473 3540 sanitatem
1527 3489 1769 3543 obtinuit
1812 3489 1902 3543 hic
1937 3489 2124 3544 filius:

2303 3485 2428 3538 σλδ’.
2472 3485 2528 3538 Ὀ
2557 3486 2655 3554 μὲν
2698 3481 2791 3539 οὖν
2841 3490 2968 3549 παῖς
3004 3486 3122 3540 ῖατο
3150 3489 3343 3552 οὕτως,
3377 3492 3406 3557 ἠ
3440 3489 3495 3541 δὲ
3540 3489 3803 3558 θυγάτηρ,

545 3573 655 3626 lilia
699 3590 830 3627 vero
863 3575 1153 3630 dilﬁciliori
1200 3579 1364 3630 etiam
1416 3579 1791 3634 invaletudine
1843 3590 2124 3650 correpta,

2233 3577 2373 3646 νόσῳ
2401 3578 2493 3630 καὶ¹
2518 3577 2654 3647 αὑτὴ
2675 3579 3059 3650 δυσφορωτέρα
3074 3579 3359 3647 ληφθεῖσα,
3388 3579 3615 3648 ἔγγιστα
3643 3580 3805 3634 θανά-

549 3675 657 3717 tam
687 3680 853 3733 prope
877 3667 988 3734 jam
1025 3667 1093 3720 ab
1118 3668 1269 3720 exitu
1297 3667 1422 3721 vita:
1449 3669 1659 3733 aberat,
1691 3680 1749 3724 ut
1781 3681 1992 3726 tantum
2021 3688 2124 3726 non

2233 3683 2325 3718 του
2355 3667 2588 3733 γεγόνει,
2627 3667 2722 3718 καὶ
2763 3668 2886 3720 ὅσον
2917 3668 3037 3736 οὐχὶ
3066 3670 3234 3737 νεκρά
3262 3664 3350 3738 ἦν.
3377 3669 3483 3721 Τοῦ
3520 3669 3578 3721 δὲ
3609 3670 3805 3739 πατρὸς

550 3764 767 3808 mortua
806 3765 1115 3824 putaretur.
1171 3759 1421 3828 Dumque
1479 3770 1632 3829 pater
1689 3762 1757 3815 ad
1807 3773 2124 3817 consuetum

2237 3758 2384 3829 παρὰ
2414 3758 2504 3811 τὸν
2531 3759 2731 3828 συνήθη
2764 3759 2923 3811 πάλιν
2952 3760 3136 3829 ίατρδν
3167 3762 3224 3811 ὲν
3255 3764 3464 3831 ταραχῇ
3493 3761 3805 3831 σπλάγχνων

548 3863 743 3902 rursus
775 3849 1049 3903 medicum
1083 3865 1208 3904 cum
1241 3850 1408 3903 animi
1454 3855 1897 3906 consternatione
1941 3869 2004 3907 ac
2030 3853 2124 3907 do-

2237 3850 2331 3901 καὶ
2366 3849 2592 3917 καρδίας
2623 3849 2784 3921 ὀδύνῃ
2836 3852 3261 3917 καταφυγόντος,
3309 3855 3572 3920 προσηνεῖ
3612 3853 3640 3903 ὀ
3675 3852 3806 3916 θεῖος

548 3943 662 3994 lore
687 3939 871 3993 cordis
913 3941 1184 4009 confugit,
1229 3941 1432 3995 blando
1465 3942 1575 3995 risu
1629 3943 1706 3996 ait
1751 3943 1836 3996 vir
1871 3944 2124 3997 divinus:

2237 3938 2375 4007 ἀνὴρ
2421 3937 2758 4006 μειδιάματι,
2782 3938 2871 4006 Μὴ
2904 3938 3094 4003 φοϐοῦ,
3113 3938 3470 4010 πρεσϐύτερε,
3487 3933 3660 4001 εἶπεν,
3680 3941 3805 3994 ἀλλὰ

547 4029 732 4082 Nolito
779 4030 994 4092 timere,
1049 4030 1119 4082 mi
1167 4030 1487 4102 presbyter;
1519 4032 1614 4085 sed
1649 4032 1786 4086 vade
1828 4034 2010 4100 potius
2040 4035 2124 4087 tri-

2242 4026 2473 4096 πορεύου
2535 4027 2779 4097 χαίροντι
2835 4029 2957 4081 ποδὶ
3009 4030 3226 4097 μᾶλλονο
3269 4029 3553 4100 χαρίζεταί
3592 4047 3673 4083 σοι
3706 4030 3802 4102 γὰρ

549 4121 814 4191 pudiante
845 4138 955 4190 prae
984 4123 1170 4177 ltetitia
1205 4139 1394 4192 gressu
1427 4143 1438 4177 :
1465 4125 1743 4178 condonat
1768 4127 1969 4194 quippe
1996 4127 2124 4181 hanc

2243 4119 2351 4171 ἰδοὺ
2402 4119 2496 4170 καὶ
2541 4120 2638 4188 τὴν
2680 4119 2954 4192 θυγατέρα
3001 4119 3154 4184 Θεὸς,
3203 4121 3296 4172 καὶ
3349 4119 3646 4190 χαίρουσαν
3694 4122 3804 4190 ὄψει

550 4228 772 4280 quoque
818 4213 980 4266 ﬁliam
1019 4223 1166 4267 tuam
1203 4214 1300 4267 tibi
1347 4214 1509 4278 Deus,
1547 4224 1602 4268 et
1631 4213 1788 4268 lmtus
1825 4215 2002 4268 laetam
2039 4216 2124 4269 tib1

2241 4209 2448 4278 χαίρων
2482 4212 2560 4272 είς
2591 4210 2914 4278 συνάντησιν
2945 4209 3262 4276 ὲξελθοῦσάν
3297 4227 3401 4273 σοι,
3435 4213 3500 4280 ῆν
3529 4211 3692 4282 ὀδύρῃ
3717 4212 3802 4264 νῦν

553 4305 770 4362 videbis
798 4322 1114 4370 occurrere,
1154 4323 1317 4376 quam
1354 4323 1501 4362 nunc
1534 4309 1685 4362 velut
1725 4318 1998 4361 mortuam
2040 4309 2124 4363 de-

2241 4301 2341 4352 ὅσα
2372 4301 2464 4352 καὶ
2493 4301 2850 4370 θνήσκουσαν.
2892 4302 3110 4353 Τούτων
3134 4302 3198 4352 ὲκ
3236 4302 3331 4353 τοῦ
3357 4303 3581 4372 Συμεὼν
3613 4305 3806 4367 ἐκεῖνος

556 4400 759 4469 ploras.
797 4399 891 4452 His
922 4398 1146 4460 auditis,
1177 4408 1283 4453 tam
1324 4400 1604 4454 delibutus
1633 4399 1938 4467 voluptate,
1971 4416 2124 4469 quam

2246 4391 2502 4455 ἀκούσας,
2540 4391 2734 4460 μεστὸς
2777 4393 2895 4447 ἀντὶ
2923 4393 3020 4460 τῆς
3053 4393 3245 4463 πρώην
3284 4395 3478 4463 ὀδύνης
3508 4395 3603 4447 ἐπὶ
3631 4398 3692 4464 τῇ
3721 4395 3804 4450 Θυο

559 4490 712 4557 prius
746 4489 979 4542 obrutus
1018 4504 1256 4543 maerore
1305 4501 1532 4559 propter
1577 4489 1775 4552 filiam,
1819 4491 2124 4544 revertitur,

2241 4483 2404 4553 γατρὶ
2454 4484 2550 4552 τὴν
2601 4482 2777 4553 ψυχὴν
2818 4484 3011 4553 ἡδονῆς
3043 4486 3289 4556 ἐπανῄει.
3351 4486 3707 4540 Ἐπιόαίνοντι
3754 4487 3804 4541 δὲ

554 4582 805 4650 Cumque
843 4583 953 4652 jam
1005 4581 1231 4635 domum
1268 4583 1502 4644 subiret,
1563 4583 1785 4636 obviam
1833 4583 2124 4636 secundun

2244 4576 2343 4646 ἧδη
2405 4573 2497 4626 τοῦ
2555 4574 2723 4640 οἴκου,
2773 4578 3093 4646 προῦπαντᾷ
3147 4577 3286 4629 κατὰ
3336 4577 3435 4640 τάς
3497 4580 3802 4650 προρρήσεις

557 4673 970 4743 prmdictioncm
1006 4675 1281 4743 procurrit
1310 4676 1360 4728 ei
1409 4675 1538 4739 ﬁlia,
1563 4685 1618 4729 ct
1643 4677 1896 4745 amplexu
1929 4685 2124 4745 patrerr

2244 4667 2404 4737 αῦτη,
2431 4669 2522 4719 καὶ
2550 4668 2768 4737 γνήσιόν
2800 4686 2850 4719 τι
2884 4669 2976 4720 καὶ
3007 4668 3102 4737 ἡδὺ
3133 4668 3541 4738 περιπλέκεται,
3563 4665 3648 4722 οἵα
3674 4670 3804 4741 παρά

558 4764 799 4832 stringit,
856 4761 979 4818 ideo
1029 4765 1293 4829 suaviori,
1345 4765 1492 4833 quod
1546 4776 1745 4834 praster
1779 4782 1997 4820 omnem
2048 4780 2143 4819 ex-

557 4857 951 4924 spectationem
983 4864 1130 4911 esset
1165 4857 1424 4911 lcthifero
1454 4859 1650 4911 morbo
1690 4867 1878 4926 erepta
1917 4874 1929 4909 :
1961 4857 2142 4925 itaque

558 4948 816 5017 adjuncta
863 4947 1128 5002 fratribus
1169 4957 1272 5005 est.
1324 4948 1463 5002 facta
1509 4949 1675 5002 etiam
1712 4949 1825 5017 ipsa
1855 4948 1998 5017 patri
2027 4963 2143 5001 ma-

557 5037 814 5092 nifestum
849 5039 1022 5092 sancti
1064 5038 1352 5108 Symeonis
1378 5054 1603 5092 munus.
1637 5039 1807 5092 Porro
1839 5037 2145 5108 presbyteri

557 5130 721 5198 hujus
762 5129 1009 5188 domini.
1064 5131 1336 5200 pertinaci
1375 5129 1761 5184 incredulitate
1808 5129 2144 5194 laborantes,

556 5221 958 5276 denuntiabant
982 5221 1108 5291 ipsi,
1137 5223 1332 5278 crebro
1353 5234 1501 5293 gesta
1531 5222 1823 5293 Symeonis
1843 5223 2144 5286 enarranti,

559 5313 810 5367 dicentes
842 5333 854 5367 :
888 5313 970 5367 Tu
1004 5315 1624 5384 equidembeuedicere
1656 5315 1802 5368 illius
1847 5314 2104 5382 precibus
2132 5333 2148 5378 ς

561 5421 661 5459 nos
691 5404 1131 5461 maledictionem
1176 5408 1347 5478 ipsius
1386 5414 1773 5477 prieOptamus.
1817 5406 2148 5461 Videbimus

561 5497 750 5566 igitur,
777 5496 1056 5568 inquiunt.
1092 5515 1223 5552 num
1256 5499 1386 5569 quid
1419 5500 1490 5553 ita
1540 5499 1594 5551 iu
1643 5512 1700 5552 se
1730 5497 1942 5552 aﬂ‘ectis
1972 5498 2152 5552 valeat

562 5605 785 5648 nocere.
831 5590 910 5644 Ad
943 5608 1066 5660 qua:
1097 5591 1263 5646 verba
1311 5607 1420 5644 non
1451 5589 1666 5644 distulit
1701 5591 1754 5645 in
1785 5589 2004 5660 longum
2037 5606 2151 5660 pm-

568 5698 689 5739 nam
732 5684 876 5754 Iusta
911 5687 1007 5742 Dei
1040 5686 1415 5757 providentia;
1467 5683 1559 5739 sed
1604 5683 1797 5738 eodem
1833 5701 1996 5752 anno,
2024 5683 2153 5738 licet

2247 4761 2424 4810 πᾶσαν
2455 4759 2623 4829 πατρὶ
2653 4760 2982 4828 προσδοκίαν
3015 4761 3260 4831 χαλεπῆς
3283 4762 3440 4815 νόσου
3471 4763 3695 4834 φιλτάτη
3720 4764 3799 4816 θυ-

2247 4852 2424 4922 γάτηρ
2454 4852 2813 4916 ἀνασωθεῖσα,
2850 4853 2944 4905 καὶ
2997 4854 3348 4924 προστίθεται
3394 4858 3488 4908 καὶ
3534 4855 3669 4925 αὕτη
3710 4860 3801 4918 τοῖς

2248 4943 2512 5010 ἀδελφοῖς,
2547 4945 2713 5011 σαφὲς
2746 4945 2895 5015 παρὰ
2949 4947 3044 4999 τοῦ
3093 4947 3236 5000 θείου
3281 4948 3506 5016 Συμεὼν
3548 4947 3625 5013 τῷ
3662 4949 3800 5018 πατρὶ

2247 5033 2417 5102 δῶρον
2443 5034 2806 5103 γεγενημένη.
2831 5036 2892 5087 Οἱ
2923 5037 3104 5103 μέντοι
3130 5036 3221 5089 τοῦ
3244 5036 3616 5107 πρεστυτὲρου
3637 5037 3801 5090 δεσπό-

2250 5141 2361 5189 ται,
2389 5125 2630 5194 χαλεπὴν
2678 5127 2937 5179 ἀπιστίαν
2980 5127 3283 5192 νοσοῦντες,
3311 5129 3661 5197 ἀγγέλλοντες
3688 5125 3800 5202 ἦσαν

2252 5217 2420 5286 αὐτῷ,
2449 5217 2517 5269 τὰ
2545 5216 2637 5269 τοῦ
2665 5218 2888 5287 Συμεὼν
2923 5219 3196 5282 πολλάκις
3223 5218 3596 5289 ὲξηγουμένῳ,
3625 5222 3798 5281 καὶ,Σὺ

2257 5309 2354 5379 μὲν
2392 5309 2618 5376 εύλογοῦ
2652 5311 2771 5372 ταῖς
2797 5312 2984 5380 εὐχαῖς
3021 5310 3207 5375 αὐτοῦ,
3258 5310 3543 5377 λέγοντες·
3575 5312 3720 5382 ἡμεῖς
3757 5312 3798 5364 δὲ

2252 5401 2351 5469 τὴν
2396 5400 2490 5453 τοῦ
2527 5401 2692 5453 αὑτοῦ
2727 5402 2925 5470 μᾶλλον
2966 5403 3105 5472 ἀρὰν
3155 5402 3550 5471 ἀσπαζόμεθα³
3596 5402 3800 5471 ὀψόμεθτ

2257 5492 2384 5563 γὰρ,
2421 5495 2608 5562 φησὶν,
2653 5493 2706 5546 εἴ
2742 5511 2794 5546 τι
2827 5497 2964 5564 πρὸς
2986 5495 3145 5549 αὐτὸν
3175 5495 3345 5558 οὕτως
3391 5495 3611 5565 ἔχοντας
3639 5494 3798 5562 βλάψαι

2255 5585 2560 5652 δυνήσεται.
2598 5584 2738 5654 Πρὸς
2770 5586 2913 5656 ειπερ
2959 5589 3059 5639 οὐκ
3095 5587 3188 5638 ἐπὶ
3231 5585 3366 5638 πολὺ
3400 5584 3471 5636 τὰ
3502 5585 3603 5652 τῆς
3625 5584 3798 5642 δικαίας

2258 5677 2546 5748 stipatio/av
2591 5678 2676 5731 ἐπ’
2712 5678 2905 5741 αὐτοὺς
2940 5679 3026 5732 τοῦ
3064 5679 3200 5732 Θεοῦ
3232 5679 3521 5748 προνοίας·
3565 5677 3689 5730 ἀλλά
3725 5675 3792 5728 τοῦ
