4076 6330
236 416 374 481 2291

1278 419 1452 481 VITA
1493 419 1540 477 Α
1581 418 2023 479 NICEPHORO
2062 419 2547 483 CONSCRIPTA.

3371 426 3514 488 ειεξιιὲ

238 531 486 586 ἐνιαυτοῦ
514 530 725 585 ἐκείνου
763 532 939 587 καίτοι
966 530 1242 601 βαθύτατα
1269 530 1644 597 πλουτοῦντες,
1676 531 1830 584 πενέ-

1935 531 2191 586 ditissimi
2222 544 2426 597 essent,
2485 536 2822 604 pauperrimi
2886 538 2987 593 visi
3037 546 3197 601 sunt,
3254 539 3516 593 enmiqu

244 620 736 694 σταται-ὤφθησαν,
765 621 944 692 πάσης
980 620 1159 675 αὐτῶν
1190 622 1377 685 οὐσίας
1426 624 1668 693 ἐσχάτως
1702 623 1817 675 δια-

239 710 559 781 φθαρείσης.

1934 623 2151 677 tandem
2191 624 2544 681 facultatibus
2574 627 2872 697 dissipatis.

1657 830 1886 888 CAPUT
1929 833 2120 888 XXIX.

641 942 895 997 Absentia
948 950 997 994 et
1034 943 1264 1012 cogitata
1295 945 1540 1014 perspicit
1573 960 1589 997 .·
1628 962 1722 1014 per
1766 947 2050 1018 discipulos
2092 952 2371 1003 medetur:
2404 952 2456 1003 in
2486 958 2796 1020 tempestate
2832 955 3115 1007 succurrit.

316 1054 444 1109 σλε’.
480 1055 726 1123 Πέλαγος
763 1056 862 1124 μὲν
891 1051 988 1108 οὖν
1027 1055 1297 1121 ἐξαντλῶν
1318 1052 1438 1110 οἶδα
1471 1059 1726 1122 κοτύλαις
1747 1060 1816 1112 τὰ

241 1144 335 1197 τοῦ
364 1142 680 1212 θαυμαστοῦ
713 1143 940 1213 Συμεὼν
968 1144 1144 1197 πάντα
1175 1145 1429 1209 διεξιέναι
1459 1148 1781 1215 φιλονεικῶν
1806 1168 1821 1181 ο

240 1232 359 1286 ἀλλ’
388 1235 448 1286 οὐ
482 1232 693 1304 φορητὴ
720 1232 879 1287 πάλιν
912 1235 945 1304 ή
976 1235 1086 1288 τῶν
1117 1236 1608 1308 παραλειπομένων
1633 1240 1849 1311 ζημία-

254 1325 542 1397 Ἑπέμφθη
592 1326 701 1396 γάρ
746 1343 876 1378 ποτε
920 1327 1058 1396 πρὸς
1086 1328 1185 1397 τὴν
1224 1327 1467 1397 βασιλίδα
1498 1331 1652 1383 πόλιν
1688 1332 1829 1386 κατά

239 1433 391 1480 τινας
419 1417 689 1487 θεοφιλεῖς
717 1434 775 1469 τε
806 1418 924 1488 ἅμα
955 1420 1051 1470 καὶ
1087 1418 1427 1489 ψυχωφελεῖς
1461 1422 1652 1491 χρείας
1694 1440 1827 1493 πρε-

244 1506 503 1576 σϐύτερος
532 1507 735 1577 Θωμᾶς
768 1508 865 1561 σὺν
898 1509 1147 1578 ἀδελφοῖς
1187 1510 1393 1581 ἑτέροις
1423 1510 1542 1565 δυσὶ
1574 1514 1704 1583 παρ’
1730 1514 1829 1568 αύ-

240 1596 367 1661 τοῦ.
390 1591 493 1649 Οἷα
520 1595 576 1649 δὲ
619 1597 770 1664 φιλεῖ
794 1598 856 1650 τὸ
884 1598 1014 1669 περὶ⁵
1042 1599 1139 1651 τὸν
1185 1597 1411 1669 βασιλέα
1446 1605 1553 1654 πᾶν
1598 1603 1821 1673 προσίε-

242 1686 368 1741 σθαι
419 1689 545 1751 τοὺς
600 1689 900 1755 τοιούτους,
939 1691 1033 1743 καὶ
1089 1692 1414 1762 θεραπεύειν
1469 1693 1557 1747 διὰ
1594 1695 1693 1765 τὴν
1728 1696 1823 1749 τοῦ

240 1782 558 1852 πέμψαντος
612 1783 836 1854 ἀρετὴν,
896 1784 1038 1855 ὁρῶν
1066 1788 1095 1838 ό
1122 1789 1422 1856 τηνικαῦτα
1462 1788 1703 1860 ἔπαρχος
1725 1790 1824 1843 αύ-

239 1877 367 1938 τοὺς
394 1876 691 1946 (Θεόδωρος
725 1870 879 1938 οὗτος
931 1879 959 1929 ὁ
1021 1877 1118 1947 τὴν
1177 1879 1495 1947 ἐπωνυμίαν
1548 1880 1826 1947 Πικρίδιος
1858 1868 1900 1925 Β

237 1960 331 2036 ἦν)
362 1965 677 2035 παρρησίας
708 1967 765 2018 ἐν
794 1965 874 2035 τῷ
918 1966 1167 2035 παλατίῳ
1221 1968 1526 2038 τυγχάνων,
1560 1967 1824 2020 πυνθάνε-

239 2073 352 2123 ται,
396 2055 541 2118 τινες
579 2057 627 2109 οἱ
661 2057 884 2125 μοναχοὶ
934 2059 1026 2110 κοιλ⁵
1071 2058 1214 2111 ὅθεν,
1253 2058 1364 2111 Καὶ
1419 2059 1625 2127 μαθὼν,
1658 2076 1825 2130 μετα-

239 2146 488 2200 καλεῖται
533 2147 625 2201 τὸν
674 2148 878 2219 Θωμᾶν
928 2150 1266 2218 καταμόνας.
1309 2150 1487 2205 Πολλά
1529 2150 1661 2219 γοῦν
1693 2154 1827 2223 περὶ

238 2237 337 2292 τοῦ
376 2238 526 2292 θείου
557 2238 784 2310 Συμεὼν
808 2240 1204 2311 διαλεχθέντες,
1240 2243 1469 2311 συχνοὺς
1500 2241 1596 2294 τοῦ
1649 2243 1826 2311 Θωμᾶ

244 2331 341 2384 καὶ
372 2332 620 2403 μακροὺς
647 2333 1058 2397 κατατείνοντος
1084 2334 1300 2401 λόγους,
1336 2334 1566 2389 πλεῖστά
1601 2353 1660 2388 τε
1694 2336 1826 2407 περὶ

239 2423 408 2478 αὐτοῦ
441 2424 534 2478 καὶ
564 2425 675 2477 τῶν
696 2424 862 2479 αὑτοῦ
898 2425 1221 2495 θαυμασίων
1252 2426 1353 2478 ὅσα
1382 2426 1645 2479 ἑκάστοτε
1678 2426 1827 2498 δρῴη

239 2515 531 2582 διεξιόντος
557 2530 570 2545 ·
604 2518 633 2570 ὁ
667 2516 907 2587 ἔπαρχος
961 2516 1253 2591 ἐκκαυθεὶς
1306 2516 1406 2587 τὴν
1444 2518 1673 2588 καρδίαν
1715 2521 1825 2583 τοῖς

242 2609 372 2679 περὶ
397 2608 562 2661 αὐτοῦ
587 2608 939 2679 διηγήμασιν,
972 2607 1092 2671 ὅλος
1121 2624 1182 2661 τε
1205 2608 1307 2675 τῆς
1339 2606 1417 2672 εἰς
1436 2610 1596 2662 αὐτὸν
1626 2611 1824 2681 ἐκκρε-

240 2701 473 2769 μασθεὶς
531 2701 789 2766 πίστεως,
840 2700 1065 2771 Χαλεπή
1127 2717 1218 2769 με,
1286 2699 1424 2769 πρὸς
1481 2702 1572 2754 τὸν
1620 2700 1825 2772 Θωμᾶν

240 2793 369 2862 ἔφη.
410 2793 565 2855 νόσος
614 2792 710 2845 καὶ
750 2791 958 2863 κρυφία
1001 2790 1199 2856 πιέζει,
1234 2790 1370 2861 πρὸς
1414 2791 1481 2862 ῆν
1523 2791 1612 2844 διὰ
1646 2793 1826 2862 πάσης

241 2881 412 2935 ἐλθὼν
468 2882 719 2953 μηχανῆς
778 2900 837 2936 τε
893 2883 987 2935 καὶ⁵
1032 2883 1249 2952 τέχνης,
1286 2883 1392 2935 οὐδ’
1427 2883 1604 2935 ὁτιοῦν
1629 2878 1739 2946 οἶός
1767 2900 1826 2936 τε

240 2970 514 3042 κατέστην
544 2972 727 3041 εὑρεῖν
758 2970 853 3025 τοῦ
889 2968 1062 3023 κακοῦ
1090 2972 1382 3040 φάρμακον
1402 2985 1417 3000 ·
1453 2964 1572 3023 εἶτα
1606 2973 1696 3024 καὶ
1726 2972 1827 3024 αύ-

240 3064 336 3119 τοῦ
367 3064 589 3134 μεσίτου
640 3064 825 3133 τυχεῖν
856 3063 1027 3114 ἐδεῖτο
1057 3062 1295 3131 θερμῶς,
1332 3060 1474 3114 ὥστε
1500 3061 1567 3114 δι’
1600 3063 1825 3115 ἐπιστο-

240 3153 466 3224 λῆς³τὰ
524 3152 647 3207 καθ’
689 3153 883 3206 ἐαυτὸν
936 3153 1133 3221 ἐκείνῳ
1179 3152 1547 3222 γνωρίσαντα,
1588 3153 1824 3222 κομίσα-

240 3208 365 3299 addi.
409 3208 504 3299 καὶ
556 3244 654 3316 τὴν
715 3242 1032 3314 θεραπείαν.
1078 3208 1203 3295 T06.
1388 3208 1573 3313 ἧτιςή
1628 3208 1783 3307 νόσος
1810 3288 1824 3312 ,
1853 3208 1899 3266 c

241 3339 506 3409 ἐρομένου
533 3354 548 3369 ν
604 3337 807 3406 ἐλεεινῇ
838 3338 864 3388 ό
893 3335 1133 3405 ἔπαρχος
1195 3332 1480 3387 ὑπολαϐὼν
1523 3336 1588 3405 τῇ
1646 3340 1820 3406 φωνῇ,

241 3428 449 3492 Πάντα,
482 3426 670 3497 φησὶν,
699 3420 781 3488 οἷς
820 3426 1121 3494 τρέφομαι,
1147 3424 1226 3487 είς
1255 3418 1394 3494 αἷμα
1448 3429 1827 3493 μεταποιεῖται

241 3518 337 3571 καὶ
385 3518 629 3588 μακροὺς
692 3516 1001 3586 σκώληκας,
1034 3517 1069 3587 ἦ
1101 3533 1163 3568 τε
1222 3517 1332 3570 τῶν
1363 3518 1512 3580 ἐντὸς
1545 3518 1730 3588 ὀδύνη,
1765 3518 1827 3571 οὐ

241 3608 408 3680 ῥᾳδία
436 3608 648 3678 φέρειν,
679 3607 1127 3678 διαόοσκομένων
1168 3625 1235 3677 με
1264 3607 1374 3660 τῶν
1406 3608 1727 3678 σκωλήκων.
1771 3609 1828 3662 '0

240 3698 325 3765 δὲ,
364 3699 698 3770 Γνωριστέον
744 3699 861 3769 μὲν,
886 3699 961 3761 ὼς
992 3698 1152 3768 ἔφης,
1179 3699 1352 3753 ταῦτα
1402 3700 1496 3752 καὶ
1542 3700 1621 3771 τῷ
1651 3702 1823 3770 μεγά-

243 3791 344 3861 λῳ,
374 3790 513 3861 πλὴν
563 3790 678 3844 ἀλλ’
710 3790 826 3843 ἔστι
884 3790 1014 3860 παρ’
1066 3791 1198 3859 ἡμῖν
1249 3790 1359 3843 τῶν
1413 3790 1575 3860 ἱερῶν
1614 3792 1824 3844 ἐκείνου

244 3880 449 3951 τριχῶν
502 3881 596 3933 καὶ
655 3879 754 3949 τῆς
806 3878 1030 3945 κόνεως,
1061 3872 1144 3941 οἷς
1198 3879 1342 3949 ὕδωρ
1373 3879 1685 3933 ἐπιόαλόντι
1730 3880 1826 3932 καὶ

244 3972 353 4043 πρὸ
380 3972 564 4026 σιτίων
595 3972 798 4033 πιόντι,
832 3970 1083 4039 οὐδαμῶς
1110 3966 1261 4040 οἶμαι
1295 3971 1681 4042 μεταμελήσει.

245 4064 472 4126 pulvere
528 4064 842 4136 quidpiam;
885 4078 1025 4133 quos
1082 4063 1127 4118 si
1199 4066 1324 4134 quis
1399 4064 1690 4119 miscuerit
1745 4076 1875 4118 cum

244 4157 530 4225 paeniteat.

317 4246 456 4308 σλς’.
485 4246 591 4301 Τοῦ
627 4246 683 4300 δέ
713 4246 855 4300 κατὰ
877 4245 976 4310 τὰς
1010 4246 1293 4317 ὑποθήκας
1334 4245 1701 4318 πεποιηκότος
1727 4287 1742 4311 ,
1790 4247 1826 4317 ἦ

240 4358 304 4394 τε
334 4338 431 4392 τοῦ
472 4338 705 4409 αἵματος
736 4336 893 4407 ῥύσις
940 4338 1210 4403 πέπαυτο,
1244 4339 1337 4390 καὶ
1367 4339 1423 4391 at
1452 4340 1560 4391 τῶν
1612 4338 1828 4410 σκωλή-

244 4448 358 4485 κων
410 4430 595 4493 ὠδῖνες
628 4420 877 4494 ἔσϐεστο,
916 4427 1013 4482 καὶ
1038 4430 1071 4499 ή
1099 4429 1252 4492 νόσος
1284 4426 1448 4491 εὐθὺς
1495 4429 1828 4499 ἀπελήλατο.

1997 1064 2126 1119 2'55.
2169 1066 2367 1120 Totum
2395 1085 2546 1124 mare
2587 1068 2769 1121 situlis
2801 1068 3096 1123 exhaurire
3130 1070 3370 1135 noverit,
3420 1070 3517 1142 qui

1926 1155 2112 1209 omnia
2143 1156 2432 1228 Symeonis
2462 1158 2741 1212 mirabilia
2770 1158 2826 1211 in
2866 1158 3044 1212 lucem
3089 1157 3339 1227 proferre
3381 1174 3516 1213 con—

1928 1249 2169 1303 tenderit
2192 1266 2207 1302 :
2230 1257 2286 1302 at
2314 1250 2569 1304 similiter
2591 1249 3025 1317 ineomparabile
3052 1248 3313 1303 damnum
3330 1248 3516 1330 fuerit,

1926 1340 2228 1409 quidquam
2266 1357 2296 1395 a
2340 1341 2649 1396 scientibus
2684 1340 3052 1410 praetermitti.
3099 1339 3298 1394 Missus
3353 1340 3519 1410 igitur

1933 1430 2229 1500 aliquando
2262 1430 2318 1484 in
2349 1431 2555 1500 regiam
2586 1430 2780 1484 urbem
2812 1448 2841 1483 a
2876 1440 3068 1484 sancto
3108 1430 3379 1501 Symeone
3414 1431 3520 1485 fuit

1931 1523 2220 1593 presbyter
2252 1523 2492 1578 Thomas
2524 1538 2650 1577 cum
2695 1521 2962 1576 fratribus
3005 1521 3245 1587 duobus,
3295 1538 3516 1592 compa-

1932 1626 2153 1670 raturus
2183 1616 2431 1685 quaedam
2462 1616 2529 1670 ad
2584 1616 2678 1669 Dei
2725 1616 3149 1684 animarumque
3195 1631 3353 1668 usum
3392 1630 3520 1686 spe-

1929 1707 2156 1762 etantia.
2208 1708 2479 1777 Cumque,
2522 1718 2583 1762 ut
2614 1706 2732 1761 fieri
2766 1708 2926 1773 solet,
2953 1723 2982 1761 a
3014 1716 3123 1761 tota
3161 1713 3285 1761 aula
3320 1708 3520 1762 admit-

1930 1806 2182 1851 terentur
2216 1799 2668 1867 eolerenturque,
2707 1806 2935 1867 prepter
2970 1798 3117 1851 illius
3157 1815 3186 1851 ιι
3221 1813 3331 1867 quo
3366 1799 3518 1853 missi

1930 1899 2090 1945 erant
2115 1890 2316 1943 famam
2341 1929 2355 1953 ,
2408 1890 2550 1944 vidit
2589 1906 2687 1944 eos
2721 1890 2814 1959 qui
2861 1898 2993 1943 tunc
3032 1889 3327 1958 prmfectus
3367 1890 3523 1945 urbis

1928 1988 2050 2034 erat
2100 1979 2430 2034 Theodorus
2483 1980 2730 2042 nomine,
2811 1989 3182 2065 cpgnomento
3224 1980 3518 2045 Picridius,

1928 2072 2261 2126 auctoritate
2288 2072 2522 2141 pollens,
2549 2080 2716 2140 atque
2751 2071 3141 2141 interrogavit,
3173 2071 3396 2139 quinam
3427 2072 3519 2128 isti

1927 2162 2111 2217 forent
2140 2163 2392 2216 monachi
2434 2171 2489 2217 et
2519 2163 2687 2217 unde.
2730 2162 2978 2217 Edoctus
3024 2162 3261 2230 singula,
3300 2178 3524 2219 sevoca-

1927 2255 2007 2309 vit
2046 2255 2278 2309 seorsim
2322 2246 2613 2309 Thomam.
2666 2255 2803 2311 Cum
2839 2264 3023 2311 autem
3072 2258 3327 2326 pluribus
3378 2258 3527 2315 inter

1929 2358 1987 2397 se
2012 2342 2080 2397 de
2116 2353 2306 2399 saneto
2347 2346 2621 2417 Symeone
2662 2347 2926 2416 egissent,
2972 2358 3029 2401 et
3084 2348 3415 2416 prolixiores
3450 2348 3519 2403 de

1930 2433 2023 2488 illo
2063 2434 2303 2490 Thomas
2365 2447 2679 2506 pertexeret
2733 2452 3046 2501 sermones,
3111 2453 3279 2507 super
3334 2440 3521 2495 omnia

1929 2523 2107 2593 ipsum
2140 2534 2195 2579 et
2236 2526 2502 2581 miracula
2537 2543 2659 2597 quae
2686 2527 2937 2596 quotidie
2968 2528 3209 2582 faciebat
3247 2544 3525 2583 commen-

1920 2614 2101 2669 dans:
2139 2617 2433 2685 praefectus
2459 2617 2831 2672 inflammatus
2864 2618 3031 2671 corde
3065 2618 3271 2673 talibus
3326 2634 3523 2673 narra-

1929 2707 2194 2770 tionibus,
2224 2716 2449 2777 totaque
2482 2710 2535 2763 in
2561 2709 2741 2778 ipsum
2778 2708 2976 2763 ﬁducia
3002 2720 3257 2764 erectus:
3315 2709 3521 2766 Diffici-

1929 2797 2019 2861 lis,
2051 2799 2233 2869 inquit
2260 2800 2527 2855 Thomam
2556 2802 2867 2871 alloquens,
2896 2817 2983 2857 me
3011 2809 3068 2855 et
3115 2801 3369 2857 occultus
3392 2817 3521 2872 pre-

1930 2887 2029 2941 mit
2062 2889 2327 2955 morbus;
2363 2892 2520 2961 cujus
2550 2905 2717 2945 causa
2748 2907 2943 2946 omnes
2962 2892 3193 2946 adhibui
3234 2892 3523 2948 machinas

1928 2985 1985 3030 et
2006 2986 2176 3037 artes.
2208 2978 2304 3033 sed
2329 2979 2577 3033 laboravi
2608 2980 2663 3034 in
2693 2997 2916 3043 vanum,
2946 2982 3095 3036 nulla
3129 2982 3259 3035 mali
3296 2981 3523 3037 inventa

1930 3067 2163 3121 medela.
2198 3067 2407 3123 Deinde
2440 3069 2830 3129 ardentissime
2854 3072 3036 3139 petiit,
3064 3082 3124 3126 ut
3175 3074 3371 3127 liceret
3410 3072 3521 3127 sibi

1930 3172 2030 3225 per
2057 3158 2346 3226 epistolam
2369 3174 2556 3214 rerum
2603 3176 2827 3214 suarum
2878 3171 3085 3217 statum
3137 3174 3331 3218 saneto
3376 3165 3524 3220 indi-

1932 3262 2079 3307 care.
2112 3264 2220 3316 quo
2254 3250 2601 3303 curationem
2649 3251 2949 3319 impetrare
3002 3253 3071 3307 ab
3102 3253 3221 3322 ipso
3279 3270 3527 3311 merere-

1927 3345 2040 3390 tur.
2068 3337 2446 3410 lnterrogante
2471 3351 2658 3395 autem
2690 3341 2902 3395 Thema
2934 3360 2947 3396 :
2982 3343 3188 3413 Ecquis
3245 3340 3335 3400 ille
3371 3362 3524 3402 mor-

1926 3426 2030 3480 bus
2070 3438 2255 3496 esset,
2303 3432 2610 3485 miserabili
2637 3433 2983 3502 respondens
3046 3450 3183 3489 voce
3222 3454 3234 3489 :
3302 3435 3521 3502 Omnia,

1927 3514 2129 3583 inquit,
2184 3518 2522 3573 nutrimenta
2566 3536 2689 3575 mea
2732 3522 2785 3575 in
2821 3523 3149 3593 sanguinem
3209 3532 3266 3579 et
3330 3525 3525 3596 longos

1928 3604 2233 3661 lumbricos
2286 3620 2719 3665 convertuntur:
2784 3614 2990 3683 quippe
3054 3614 3270 3669 viscera
3312 3617 3525 3671 arrodit

1932 3699 2109 3761 dolor,
2142 3700 2289 3755 haud
2318 3701 2481 3757 facile
2524 3704 2748 3759 tolerari
2800 3715 3013 3776 potest,
3061 3708 3171 3763 illis
3226 3724 3315 3764 me
3358 3710 3525 3778 depa-

1934 3790 2240 3844 scentibus.
2272 3790 2371 3845 Cui
2405 3792 2686 3848 Thomas:
2723 3794 3096 3865 Significanda
3122 3797 3241 3853 hinc
3295 3798 3524 3867 quidem

1934 3890 2085 3944 sunt,
2142 3890 2203 3936 ut
2263 3883 2471 3953 inquis,
2531 3902 2731 3957 magno
2790 3888 3085 3959 Symeoni;
3139 3901 3523 3946 verumtamen

1937 3972 2097 4028 adest
2157 3975 2318 4028 nobis
2358 3992 2581 4047 quoque
2650 3994 2681 4033 e
2725 3982 2898 4035 sacris
2945 3982 3095 4035 illius
3148 3982 3401 4037 crinibus
3459 3996 3525 4036 ac

1946 4078 2107 4134 aqua,
2171 4064 2523 4137 biberitque,
2569 4078 2704 4139 puto
2751 4070 2869 4125 fore
2933 4080 2991 4125 ut
3052 4087 3183 4126 eum
3232 4071 3362 4126 facti
3411 4086 3523 4126 non

2000 4245 2126 4300 236.
2178 4246 2428 4303 Credidit
2458 4249 2753 4319 praefectus
2786 4250 2951 4306 dictis
2982 4252 3241 4309 Thomaa:
3298 4265 3354 4310 et
3396 4272 3523 4312 ces-

1929 4336 2069 4389 savit
2105 4337 2253 4391 illico
2309 4336 2490 4393 ﬂuxus
2525 4339 2829 4409 sanguinis,
2873 4341 3093 4396 dolores
3138 4344 3410 4399 vermium
3429 4346 3514 4401 le-

1929 4426 2031 4481 niti
2066 4438 2217 4495 sunt,
2269 4429 2561 4499 omnisque
2581 4431 2856 4500 agritudo
2882 4432 3136 4503 depulsa.
3164 4434 3367 4488 Verum
3392 4452 3522 4491 cum

255 4522 315 4573 '0
360 4518 491 4587 γοῦν
538 4521 775 4587 ἔπαρχος
851 4520 1109 4586 φυσικαῖς
1180 4520 1323 4587 ὁρῶν
1380 4518 1573 4572 ἐαυτὸν
1622 4518 1825 4584 ἐξόδοις

1931 4516 2152 4573 videret
2187 4532 2408 4573 secessu
2438 4520 2676 4574 naturali
2712 4536 2771 4575 se
2834 4521 3103 4592 deinceps
3134 4525 3211 4579 uti
3241 4564 3256 4588 ,
3302 4527 3525 4596 gravior

241 4610 340 4665 τοῦ
366 4611 553 4663 λοιποῦ
589 4613 889 4681 χρώμενον,
918 4611 975 4662 ἐν
997 4608 1148 4681 φόϐῳ
1181 4609 1388 4663 πλείονι
1427 4609 1522 4662 τοῦ
1559 4610 1826 4680 προτέρου

243 4702 482 4771 γεγόνει,
503 4704 598 4755 καὶ
651 4700 741 4754 τὸν
778 4701 981 4769 Θωμᾶν
1014 4701 1087 4762 ὼς
1138 4697 1252 4770 εἶχε
1311 4700 1825 4771 μεταστειλάμενος,

242 4794 471 4848 δεδιέναι
520 4796 615 4847 καὶ
660 4794 885 4863 τρέμειν
917 4792 1091 4859 ἔλεγε,
1129 4794 1203 4861 μὴ
1260 4792 1482 4845 ἄλλοθεν
1532 4796 1580 4846 οἱ
1617 4792 1829 4863 σκώλη-

244 4905 341 4949 κες
372 4885 534 4940 αὐτὸν
566 4887 941 4956 άναρῤήξωσι,
963 4885 1072 4936 τῶν
1103 4886 1242 4937 κατὰ
1276 4884 1435 4952 φύσιν
1460 4872 1661 4949 ἐξόδων
1691 4887 1830 4938 ἀπο·

246 4975 605 5039 κλεισθέντες.
636 4976 748 5028 Καὶ
783 4970 889 5044 (οἷα
934 4975 1178 5042 πέφυκεν
1210 4975 1299 5028 ἀεὶ
1338 4975 1593 5045 μέγιστος
1660 4977 1827 5028 πᾶσιν

244 5067 554 5138 ἀνθρώποις
612 5065 926 5136 ἐγγίνεσθαι
983 5066 1146 5135 φόϐος
1172 5108 1186 5129 ,
1219 5066 1348 5119 ὃταν
1395 5068 1524 5137 περὶ
1565 5066 1627 5119 τδ
1672 5066 1772 5138 ζῇν
1801 5070 1829 5121 ὁ

245 5162 491 5224 κίνδυνος
545 5156 604 5235 ᾗ.
646 5158 927 5229 φείδεσθαί
992 5176 1053 5211 τε
1111 5159 1340 5227 μηδενὸς
1387 5160 1713 5228 τηνικαῦτα,
1753 5161 1831 5233 μὴ

247 5251 436 5314 πόνου,
474 5248 549 5320 μὴ
582 5248 856 5318 καμάτου,
916 5248 990 5318 μὴ
1021 5248 1395 5318 ἀναλώματος,
1429 5250 1477 5301 εἰ
1508 5250 1602 5302 καὶ
1641 5250 1701 5303 τὸ
1735 5252 1828 5303 δύ-

246 5340 443 5395 νασθαι
479 5340 715 5409 μάλιστα
735 5338 944 5401 τούτοις
990 5338 1189 5408 προσῇ)
1220 5344 1266 5395 εξ
1304 5338 1379 5409 μὴ
1420 5339 1513 5391 καὶ
1566 5338 1644 5408 τῷ
1693 5340 1833 5410 ἁγίῳ

244 5432 572 5505 γνωρισθείη
616 5433 685 5485 τὰ
747 5432 866 5485 κατ’
925 5432 1109 5496 αὑτὸν,
1146 5432 1246 5483 οὐκ
1304 5432 1509 5485 ἀνεκτὰ
1569 5434 1827 5487 ἐποιεῖτο.

247 5527 533 5597 Γέγραπτο
582 5526 679 5594 μὲν
714 5519 808 5576 οὖν
850 5526 883 5592 ή
922 5523 1201 5593 ἐπιστολὴ,
1246 5525 1548 5593 ἡτοίμαστο
1593 5526 1648 5578 δὲ
1682 5526 1772 5578 καὶ
1803 5528 1832 5578 ὁ

247 5619 384 5690 πρὸς
418 5616 582 5670 αὑτὸν
611 5616 926 5686 πέμπεσθαι
990 5616 1198 5686 μέλλων
1222 5630 1236 5643 ·
1273 5616 1387 5668 ἀλλ’
1420 5619 1451 5687 ή
1502 5617 1713 5670 ἐκείνου
1754 5618 1831 5671 δι-

248 5712 436 5783 όςασες
461 5709 768 5780 προφθάνει
806 5711 904 5762 καὶ
961 5708 1061 5778 τὴν
1089 5708 1270 5759 αὐτῶν
1323 5708 1585 5772 ἱκετείαν,
1618 5709 1712 5761 καί
1743 5726 1829 5773 τις

245 5808 306 5859 ἐν
345 5801 585 5871 τοσούτῳ
631 5804 790 5873 φοιτᾷ
836 5802 967 5872 παρ’
997 5799 1183 5869 αὑτοῦ,
1215 5799 1312 5853 ὅςα
1344 5816 1402 5851 τε
1433 5798 1568 5869 πρὸς
1602 5799 1691 5854 τὸν
1725 5800 1841 5857 Θω-

1935 4610 2118 4678 priore
2155 4609 2336 4679 ipsum
2383 4612 2614 4667 incessit
2659 4620 2879 4667 metus:
2912 4606 3301 4686 aecersitoque
3351 4634 3521 4689 quam

1928 4702 2216 4756 celerrime
2263 4703 2496 4768 Thema,
2544 4703 2681 4757 dicit
2728 4704 3047 4768 illi,Vereri
3103 4723 3160 4762 se
3188 4718 3353 4778 atque
3403 4720 3520 4766 trc-

1929 4806 2102 4855 mere,
2156 4808 2225 4846 ne
2258 4809 2495 4859 vermes,
2518 4795 2762 4848 naturali
2788 4810 3012 4852 secessu
3040 4797 3355 4867 obstructo,
3386 4802 3521 4858 alibi

1928 4892 2179 4935 ventrem
2206 4883 2572 4950 perroderent
2597 4901 2608 4935 :
2638 4894 2694 4937 et
2721 4886 3211 4955 (quemadmodum
3234 4892 3523 4947 consuevit

1930 4987 2148 5043 semper
2175 4974 2410 5028 validior
2456 4990 2650 5030 omnes
2692 4992 2965 5047 occupare
3030 4990 3232 5045 metus,
3300 4982 3524 5051 quando

1930 5065 2041 5117 vita
2074 5065 2443 5134 periclitatur,
2484 5082 2593 5121 non
2652 5080 2947 5138 parcentes
3004 5073 3102 5126 ulli
3141 5074 3243 5139 rei,
3294 5090 3405 5128 non
3439 5076 3524 5131 la-

1930 5153 2074 5217 bori,
2110 5170 2221 5208 non
2271 5154 2676 5226 defatigationi,
2730 5172 2840 5212 non
2901 5161 3239 5230 sumptibus,
3295 5161 3517 5217 etiamsi

1932 5246 2079 5316 quod
2115 5247 2350 5301 maxime
2386 5249 2651 5317 prodesse
2674 5258 2878 5319 potest,
2930 5252 2997 5305 ad
3034 5268 3259 5307 manum
3308 5253 3400 5319 sit)
3435 5254 3524 5307 in-

1934 5338 2245 5392 tolerabilia
2272 5338 2625 5393 existimabat
2666 5342 2874 5405 omnia,
2905 5342 3012 5396 nisi
3039 5359 3161 5413 quae
3206 5358 3265 5398 se
3310 5352 3526 5414 specta-

1935 5430 2068 5484 bant
2099 5437 2291 5484 sancto
2313 5429 2777 5500 significarentur.
2816 5436 3045 5488 Exarata
3096 5434 3266 5505 igitur
3289 5434 3523 5503 epistola

1934 5532 2038 5587 est,
2080 5533 2540 5592 comparatusiiue
2569 5524 2664 5593 qui
2694 5524 2841 5578 illam
2886 5526 2955 5579 ad
3018 5526 3349 5598 Symeonem
3393 5542 3522 5596 per-

1933 5617 2127 5671 ferret.
2161 5615 2364 5669 Verum
2394 5616 2793 5685 perspicacitas
2825 5617 2976 5672 illius
3008 5619 3209 5672 borum
3242 5618 3408 5672 etiam
3437 5618 3519 5672 le-

1934 5708 2213 5780 gationem
2252 5707 2559 5777 supplicem
2590 5710 2881 5778 prazvertit
2914 5728 2927 5764 :
2952 5711 3156 5781 aliquis
3175 5710 3324 5765 enim
3350 5724 3379 5762 a
3409 5708 3512 5776 Sy-

1952 5813 2149 5856 meone
2188 5797 2513 5866 adveniens,
2550 5802 2923 5871 particulatim
2956 5806 3142 5859 omnia
3192 5819 3314 5875 quaz
3368 5814 3530 5876 gesta
