4076 6330
649 364 793 426 3203

1858 360 1916 421 S.
1958 359 2334 421 SYMEONIS
2372 361 2733 425 JUNIORIS

3754 365 3907 429 3204

640 483 821 537 erant,
853 472 1207 545 signiﬁcavit,
1240 486 1491 541 quaenam
1524 469 1739 526 scilicet
1769 486 1797 525 a
1822 472 2082 541 praefecto
2130 473 2214 526 di~

2323 477 2428 544 μᾶν
2454 474 2531 544 τῷ
2561 476 2787 546 ἐπάρχῳ
2839 475 3074 548 λεχθείη,
3126 477 3217 529 καὶ
3244 475 3318 539 ὡς
3363 475 3546 546 δοθείη
3586 474 3902 548 πάράὺττιι]

637 575 727 621 cla
752 564 973 618 Thoma:
1014 564 1281 629 fuissent;
1316 562 1594 632 quomodo
1656 563 1723 616 ab
1771 564 1875 616 hoc
1929 579 2071 632 aqua
2136 563 2214 618 illi

637 656 790 717 data.
828 658 998 711 sacris
1057 656 1348 725 Symeonis
1370 655 1621 708 crinibus
1668 664 1722 707 et
1749 656 1973 724 pulvere
2008 656 2215 709 sancti-

640 746 837 811 ficata;
914 748 1195 816 quomodo
1256 746 1489 799 bibisset
1548 745 1983 813 dispulissetque
2033 747 2215 800 statim

643 831 894 887 dolorem
924 849 1184 887 omnem:
1215 832 1416 885 deinde
1449 832 1706 885 hortatus
1728 847 1947 901 quoque
1971 844 2057 887 est
2077 850 2215 903 pne-

647 922 876 985 fectum,
911 939 977 975 ne
1007 924 1121 975 hazc.
1137 922 1231 975 Dei
1261 922 1526 974 miracula
1549 922 1876 991 negligeret,
1908 922 2217 991 adjecitque

639 1014 908 1083 quidquid
938 1020 1205 1082 przeterea
1234 1028 1265 1066 e
1299 1028 1358 1066 re
1381 1013 1581 1066 animae
1613 1013 1764 1066 illius
1803 1012 1920 1067 fore
1953 1013 2215 1082 putabat;

642 1104 752 1157 imo
775 1104 939 1157 etiam
970 1103 1321 1157 confirmavit
1348 1103 1426 1156 illi
1464 1104 1783 1163 sanitatem,
1837 1120 1959 1173 quae
1984 1112 2039 1157 et
2081 1119 2217 1157 con-

644 1194 855 1248 tinuata
874 1206 959 1248 est
989 1210 1163 1262 usque
1195 1195 1264 1247 ad
1302 1203 1535 1247 mortem
1569 1194 1695 1247 viri.
1732 1194 1823 1248 Sic
1848 1195 2017 1265 igitur
2046 1195 2219 1249 mani-

640 1284 842 1338 festum
871 1291 977 1346 est,
1004 1283 1153 1351 quod
1180 1299 1302 1352 quas
1333 1284 1557 1338 volebat
1585 1283 1844 1355 Symeon,
1905 1286 2067 1355 longe
2119 1287 2217 1341 ab-

642 1389 769 1427 sens
818 1374 870 1426 in
914 1374 1114 1441 spiritu
1160 1374 1393 1437 videret,
1436 1384 1491 1427 et
1522 1376 1889 1443 quidemtam
1913 1376 2214 1445 perspicue

643 1481 706 1520 ac
739 1467 782 1519 si
811 1480 996 1519 coram
1029 1478 1396 1534 gererentur:
1445 1466 1907 1533 quemadmodum
1934 1467 2218 1536 sequentia

643 1558 809 1612 etiam
841 1556 1143 1611 declarant.

710 1647 838 1701 237.
886 1647 1108 1701 Morbus
1163 1648 1461 1716 aliquando
1517 1650 1783 1718 pestilens
1846 1650 2216 1721 grassabatur,

642 1740 845 1792 multos
878 1739 1134 1793 homines
1158 1740 1497 1809 depascens:
1533 1758 1643 1811 quo
1674 1743 1905 1813 contigit
1926 1741 2094 1796 filiam
2116 1758 2217 1796 cu-

635 1828 855 1897 jusdam
890 1829 1121 1898 Evagrii
1164 1808 1275 1899 (63)
1340 1833 1505 1886 etiam
1552 1808 1805 1902 corripi.
1832 1808 1985 1887 'Erat
2037 1843 2217 1887 autem
2253 1808 2294 1861 Β

642 1919 908 1989 Evagrius
940 1920 1042 1974 iste
1073 1920 1472 1978 Scholasticus.
1504 1925 1773 1990 Quoniam
1803 1942 1935 1980 vero
1976 1926 2215 1993 Epipha-

640 2011 768 2064 nius
798 2011 1044 2078 quidam,
1081 2012 1176 2080 qui
1212 2028 1309 2082 per
1331 2014 1385 2067 id
1418 2026 1638 2084 tempus
1667 2016 1957 2085 gentilium
2011 2016 2217 2069 errori-

643 2102 745 2155 bus
777 2102 1059 2155 adhaarere
1101 2102 1411 2169 dicebatur,
1463 2105 1604 2158 nihil
1645 2106 1979 2160 incommodi
2038 2104 2218 2175 quoad

639 2193 780 2247 filios
811 2204 958 2247 recte
986 2194 1285 2259 habentes,
1314 2204 1639 2264 pateretur:
1674 2198 1969 2252 subierunt
2000 2197 2216 2268 Evagrii

638 2286 880 2338 animum
904 2286 1267 2353 cogitationes
1297 2287 1631 2356 blasphemas
1656 2288 1870 2359 (quales
1895 2304 2017 2342 esse
2038 2289 2219 2342 solent

638 2376 861 2445 maligni
897 2376 1163 2429 dasmonis
1193 2376 1574 2444 deceptionesl
1601 2394 1666 2432 ex
1692 2380 2008 2432 vehementi
2029 2379 2213 2444 nimis,

636 2479 746 2531 quo
777 2464 939 2516 tiliam
964 2464 1275 2527 adamabat,
1328 2466 1527 2519 affectu
1595 2468 1879 2531 subnataz;
1940 2468 2217 2536 quomodo

637 2570 834 2623 nempe
862 2554 1057 2625 religio
1085 2570 1183 2609 sua
1209 2556 1519 2625 Epiphanio
1560 2557 1769 2613 faceret
1799 2558 1865 2612 ad
1917 2560 2085 2613 vitam
2137 2568 2217 2612 at-

530 2702 533 2705 ,
632 2662 744 2715 que
774 2646 1213 2700 incolumitatem
1249 2646 1505 2701 ﬁliorum.
1546 2649 1625 2701 Ex
1677 2649 1984 2703 istiusmodi
2032 2659 2215 2703 autem

636 2737 1071 2807 cogitationibus
1103 2747 1286 2793 motus
1339 2754 1401 2793 ac
1460 2748 1757 2807 tempestas
1804 2741 2102 2794 vehemens
2162 2741 2213 2793 in

634 2829 821 2882 anima
858 2827 960 2881 viri
992 2830 1273 2883 concitata
1306 2839 1409 2892 est.
1434 2846 1542 2883 non
1578 2830 1697 2883 leve
1752 2830 1859 2884 sibi
1906 2831 2215 2899 periculum

635 2922 896 2974 creantis.
928 2920 1273 2989 Cognoverat
1321 2921 1436 2974 inec
1510 2920 1566 2973 in
1623 2922 1821 2989 spiritu
1872 2921 2129 2992 Symeou,
2162 2935 2217 2975 et

636 3009 893 3078 Evagrio,
924 3026 1022 3077 pro
1046 3010 1130 3063 sui
1172 3010 1227 3063 in
1287 3013 1465 3078 ipsum
1535 3010 1799 3078 singulari
1850 3012 2216 3079 propensione

628 3098 828 3159 animi,
856 3100 1025 3167 jussit
1085 3099 1336 3152 indicari.
1381 3100 1682 3167 Obstupuit
1736 3100 1824 3151 ille
1861 3100 2081 3155 insolita
2138 3100 2215 3153 rei

635 3191 903 3253 novitate,
941 3191 1221 3261 quomodo
1255 3191 1369 3253 illa,
1392 3207 1514 3259 qua:
1546 3192 1601 3244 in
1651 3191 1834 3245 cordis
1882 3192 1963 3245 sui
2000 3208 2212 3247 recessu

638 3286 836 3339 intimo
872 3285 1144 3349 latebant,
1182 3285 1553 3339 innotuissent
1580 3285 1837 3354 Symeoni
1861 3302 1874 3350 ;
1901 3298 2215 3355 correptus-

630 3365 744 3445 que
769 3376 969 3430 timore
1028 3386 1084 3429 et
1133 3376 1502 3445 pcenitudine,
1556 3379 1799 3431 accurrit
1826 3378 1893 3430 ad
1941 3388 2213 3438 sanctum.

634 3466 891 3537 lacrymis
914 3478 1079 3536 atque
1124 3470 1291 3521 animi
1321 3468 1522 3521 aﬂ'ectu
1575 3468 1746 3537 magis
1804 3484 1969 3537 quam
2026 3469 2213 3537 lingua

626 3568 692 3613 et
717 3559 879 3613 labiis
922 3575 1037 3613 rem
1080 3560 1389 3613 confitens:
1444 3559 1847 3629 impetrataque
1897 3575 2007 3613 non
2057 3562 2215 3613 venia

637 3648 826 3712 modo,
878 3648 973 3703 sed
1024 3652 1191 3703 etiam
1245 3649 1490 3702 remedio
1532 3658 1727 3704 contra
1772 3660 2082 3719 peccatum,
2133 3667 2213 3705 rc-

636 3755 833 3794 γει-ευε
863 3751 965 3794 ρει.

711 3829 837 3883 238.
886 3830 1097 3883 Accidit
1134 3839 1255 3898 post
1310 3831 1448 3893 lucc,
1479 3832 1793 3900 quemdam,
1844 3834 1930 3887 cui
1992 3833 2214 3888 dextera

638 3922 1010 3990 putrescebat,
1074 3922 1228 3976 adire
1275 3922 1624 3992 Symeonem,
1681 3932 2042 3992 curatumque
2092 3940 2213 3979 mox

630 4012 706 4065 ab
740 4012 880 4079 ipso,
914 4013 1057 4066 viam
1094 4014 1338 4081 relegere
1372 4013 1597 4067 domum
1641 4030 1835 4067 versus
1866 4033 1876 4067 :
1913 4016 2049 4069 forte
2078 4015 2215 4070 Cilix

636 4104 865 4171 quidam
897 4104 1053 4171 juxta
1085 4103 1228 4155 viam
1262 4118 1485 4171 operam
1524 4103 1661 4158 dans
1701 4103 1914 4173 figlinae,
1946 4106 2211 4173 quaesivit,

637 4194 785 4247 unde
830 4202 885 4247 et
953 4195 1113 4263 cujus
1149 4210 1311 4248 causa
1362 4194 1577 4247 veniret
1633 4194 2000 4257 :doctusuue,
2054 4212 2213 4264 quam

636 4284 852 4353 insigne
902 4285 1206 4339 curationis
1260 4284 1592 4339 beneficium
1646 4284 1736 4339 ille
1786 4295 1980 4339 nactus
2015 4296 2213 4341 esset:

628 4375 800 4441 Quid.
848 4375 1047 4443 inquit,
1090 4375 1359 4439 fallimini,
1390 4376 1456 4429 ad
1510 4376 1786 4429 hominem
1818 4375 2214 4445 confugientes,

2320 566 2464 637 ὕδωρ
2492 568 2706 637 ἐκείνῳ,
2729 568 2902 637 θριξὶν
2929 568 3105 630 ὁσίαις
3132 567 3297 620 αὑτοῦ
3317 570 3413 621 καὶ
3443 570 3591 622 κόνει
3613 570 3901 637 άγιαδθὲν,

2320 660 2413 711 καὶ
2442 660 2517 722 ὠς
2559 659 2699 712 πιὼν
2730 660 2926 713 αὐτίκα
2957 660 3051 713 τοῦ
3083 661 3288 724 πάθους
3339 660 3690 729 ἀπαλλαγείη
3709 699 3727 724 ,
3762 664 3903 714 κατά

2320 752 2484 820 μέρος
2540 753 2717 806 πάντα
2768 754 3183 823 διασημαίνων·
3222 756 3351 824 ἑξῆς
3380 754 3438 807 δὲ
3495 755 3595 807 καὶ
3652 758 3795 825 πρὸς
3839 764 3902 806 τά

2316 843 2409 895 τοῦ
2440 842 2573 895 Θεοῦ
2609 842 2889 914 θαυμάσια
2922 844 3001 914 τῷ
3047 846 3273 916 ἐπάρχῳ
3321 846 3395 916 μὴ
3432 845 3717 914 ὀλιγώρως
3759 846 3904 914 ἔχειν

2321 935 2671 1001 παρεγγυῶν,
2705 936 2798 987 καὶ
2822 937 2877 987 εί
2896 952 2949 987 τι
2982 937 3119 1005 πρὸς
3164 937 3351 1006 δνησιν
3382 936 3560 1005 ψυχῆς
3590 936 3723 989 ἄλλο
3772 938 3904 989 ὐπο-

2320 1025 2524 1087 τιθείς”
2558 1026 2619 1079 οὐ
2653 1025 2759 1097 μὴν
2790 1026 2925 1079 ἀλλά
2957 1026 3054 1079 καὶ
3089 1026 3188 1095 τὴν
3221 1027 3411 1094 ὑγείαν
3445 1026 3595 1096 αύτῷ
3625 1030 3905 1095 ἐπισφρα⁹

2320 1116 2627 1187 γιζόμενος,
2654 1119 2689 1187 ἧ
2714 1134 2797 1181 τις
2827 1119 2921 1170 καὶ
2944 1118 3247 1189 παρέμεινε
3280 1118 3357 1189 τῷ
3388 1118 3544 1189 ἀνδρὶ
3568 1118 3659 1171 διὰ
3692 1118 3904 1179 τέλους.

2320 1208 2510 1273 Οὕτως
2542 1210 2649 1264 ἀπὸ
2680 1208 2958 1280 μακρόθεν
2979 1210 3096 1280 ⁴ᾔδει
3124 1209 3203 1279 τῷ
3236 1209 3507 1278 πνεύματι
3544 1210 3737 1277 σαφῶς
3759 1202 3904 1277 ἀπερ

2320 1300 2592 1363 ἐϐούλετο,
2630 1300 2726 1353 καὶ
2754 1300 2831 1365 ὡς
2860 1301 2919 1353 ἐν
2943 1298 3241 1370 ὀφθαλμοτς
3267 1300 3449 1353 πάντα
3474 1299 3645 1368 ἐώρα·
3681 1294 3768 1353 οἶα
3798 1300 3907 1370 γάρ

2321 1389 2481 1444 πάλιν
2503 1391 2701 1443 ἐκεῖνα.

2392 1649 2522 1713 σλζκ
2560 1650 2734 1702 Νόσου
2760 1651 2889 1704 ποτέ
2917 1650 3170 1721 λοιμικῆς
3196 1651 3514 1719 γενομένης,
3544 1652 3640 1705 καί⁵
3674 1651 3782 1703 τῶν
3810 1652 3903 1702 άν-

2320 1738 2551 1810 θρώπων
2576 1738 2803 1802 πολλοὺς
2834 1742 3255 1811 ἐπινεμομένης,
3283 1740 3484 1811 συνέϐη
3512 1743 3722 1810 ταύτης
3742 1741 3903 1809 ἔργον

2322 1832 2412 1885 καὶ
2436 1830 2709 1901 θυγατέρα
2738 1832 2881 1894 τινὸς
2911 1832 3181 1901 Εὐαγρίου
3210 1831 3498 1900 γενέσθαι·
3538 1831 3901 1900 Σχολαστικὲις

2320 1922 2364 1975 δ’
2384 1918 2449 1992 ἦν
2473 1922 2581 1993 ἄρα
2603 1923 2631 1973 6
2661 1923 2926 1992 Εύάγριος
2954 1917 3127 1985 οὗτος.
3168 1924 3317 1975 Ἐπεὶ
3348 1922 3404 1975 δέ
3432 1939 3516 1984 τις
3561 1922 3897 1989 Ἐπιφάνιος,

2322 2012 2546 2082 Ἕλληνι
2574 2013 2874 2081 τηνικαῦτα
2902 2013 3193 2082 λεγόμενος
3222 2013 3582 2081 προσανέχειν
3605 2012 3813 2082 ἀπάτῃ,
3840 2012 3896 2063 οὗ

2318 2104 2374 2157 δέ
2412 2104 2543 2173 μίαν
2572 2104 2776 2172 ὑπέστη
2812 2103 2939 2173 περὶ
2968 2106 3037 2157 τὰ
3067 2105 3233 2156 τέκνα
3259 2104 3482 2172 ζημίαν,
3515 2103 3721 2155 είσίασί
3754 2118 3898 2165 τινες

2320 2195 2409 2246 τὸν
2442 2195 2711 2263 Εὑάγριον
2758 2193 3004 2263 λογισμοὶ⁵
3032 2193 3397 2263 βλασφημίας,
3428 2189 3517 2246 οἷα
3550 2193 3619 2246 τὰ
3662 2193 3758 2245 τοῦ
3804 2208 3897 2244 πο-

2318 2284 2486 2354 νηροῦ
2519 2284 2846 2353 δελεάματα,
2890 2286 2953 2337 ἐκ
2986 2286 3079 2337 τοῦ
3107 2284 3336 2355 σφοδροῦ
3367 2283 3603 2355 μάλιστα
3633 2284 3765 2353 περὶ
3800 2286 3894 2351 τὴν

2321 2376 2485 2429 παῖδα
2532 2375 2735 2439 πάθους
2769 2376 2845 2446 τῷ
2886 2376 3159 2446 ἀνθρώπῳ
3204 2373 3545 2447 ἐπιρρυέντος,
3591 2377 3668 2439 ὡς
3700 2376 3807 2447 ἄρα
3832 2376 3893 2427 τά

2318 2466 2415 2534 τῆς
2448 2465 2745 2536 θρησκείας
2782 2466 2974 2537 ἐκείνῳ
3027 2467 3161 2535 πρὸς
3210 2467 3307 2538 τὴν
3358 2467 3467 2520 τῶν
3494 2467 3704 2520 τέκνων
3753 2466 3892 2535 ζωὴν

2318 2558 2607 2625 ἐπαμύνοι.
2642 2559 2749 2610 Καὶ
2794 2558 2969 2627 μέγαν
3012 2558 3075 2611 ἐκ
3103 2558 3211 2611 τῶν
3244 2558 3503 2612 τοιούτων
3539 2558 3820 2628 λογισμῶν
3862 2560 3890 2627 1‘,-

2316 2651 2462 2721 ψυχὴ
2514 2649 2757 2702 κλύδωνα
2800 2651 2895 2702 καὶ
2944 2649 3106 2701 σάλον
3130 2646 3261 2719 εἶχε,
3308 2650 3403 2702 καὶ
3431 2650 3599 2703 πολὺν
3626 2652 3777 2721 αὑτῷ
3806 2652 3887 2703 τὸν

2318 2742 2562 2796 κίνδυνον
2622 2741 2830 2794 ῶδινεν.
2882 2740 3062 2811 Ὅπερ
3128 2742 3218 2794 τὸν
3269 2742 3421 2809 ἅγιον
3477 2743 3557 2813 τῷ
3622 2744 3907 2812 πνεύματι

2317 2836 2535 2902 γνόντα,
2562 2832 2800 2903 δηλῶσαι
2828 2831 2905 2900 τῷ
2936 2831 3210 2902 Εύαγρίῳ,
3234 2833 3325 2885 καὶ
3353 2831 3462 2901 γὰρ
3486 2827 3554 2903 ἦν
3580 2832 3729 2901 αὑτῷ
3754 2834 3885 2902 ῥοπῇ

2316 2925 2605 2986 διαθέσεως
2665 2922 2974 2977 ἐπικλίνων.
3060 2922 3116 2975 '0
3167 2923 3221 2978 δὲ
3281 2923 3358 2992 τῷ
3422 2924 3515 2976 τοῦ
3571 2924 3887 2995 πράγματος

2320 3017 2605 3085 παραδόξῳ
2642 3014 3031 3081 καταπλαγεὶς,
3066 3015 3147 3067 ὅτι
3178 3015 3319 3085 ἆπερ
3353 3010 3419 3084 ἦν
3464 3018 3521 3068 ἐν
3556 3015 3714 3085 μυχῷ
3759 3033 3888 3084 καρο

2247 3136 2290 3196 C
2320 3108 2439 3170 δίας
2484 3105 2632 3174 αὐτῷ
2684 3106 2817 3177 δῆλα
2866 3106 2944 3173 τῷ
2985 3107 3209 3174 Συμεὼν
3242 3106 3615 3189 καθειστήκει,
3834 3125 3887 3160 τε

2323 3196 2500 3264 πολλῷ
2531 3198 2622 3249 καὶ
2659 3196 2914 3266 μετανοίᾳ
2937 3194 3184 3265 ληφθεὶς,
3212 3198 3384 3249 ἄνεισι
3418 3198 3554 3265 πρὸς
3583 3198 3761 3264 αὑτὸν,
3798 3198 3886 3250 δά-

2318 3303 2478 3355 κρυσι
2506 3284 2709 3353 μᾶλλον
2744 3286 2836 3337 καὶ
2868 3285 3031 3338 πάθει
3060 3286 3239 3355 ψυχῆς
3272 3288 3304 3356 ἢ
3350 3288 3559 3361 γλώττῃ
3588 3289 3760 3342 ταῦτα
3800 3291 3887 3341 καὶ

2318 3377 2548 3446 χείλεσιν
2595 3375 3105 3445 ἐξομολογούμενος.
3158 3376 3496 3447 Συγγνώμης
3554 3381 3687 3445 παρ’
3729 3379 3885 3432 αὑτοῦ

2317 3469 2515 3531 τοίνυν,
2567 3469 2628 3520 ού
2684 3468 2789 3539 μὴν
2840 3467 2977 3520 ἀλλά
3032 3468 3128 3520 καὶ
3184 3470 3492 3538 φαρμάκων
3540 3470 3757 3524 οἰκείων
3796 3468 3884 3521 τοῦ

2319 3560 2717 3630 ἁμαρτήματος
2745 3560 2943 3628 τυχὼν,
2972 3560 3256 3629 ἐπανήκει.

2391 3826 2526 3895 σλη’.
2558 3827 2787 3879 Ἔπειτα
2825 3828 3005 3893 μέντοι
3038 3828 3235 3895 συνέϐη
3270 3831 3394 3882 τινὰ
3429 3830 3761 3886 διασαπέντα
3794 3835 3881 3903 τὴν

2316 3919 2514 3983 δεξιὰν,
2550 3920 2683 3989 πρός
2712 3937 2768 3972 τε
2800 3920 2887 3971 τὸν
2928 3920 3080 3987 ἆγιον
3110 3921 3420 3987 ἀνελθόντα,
3458 3924 3551 3975 καὶ
3599 3926 3881 3997 θεραπείας

2319 4010 2446 4079 παρ’
2477 4009 2641 4062 αὐτοῦ
2672 4010 2922 4079 τυχόντα,
2957 4010 3234 4062 ἐπανιέναι
3258 4026 3271 4038 °
3298 4012 3497 4065 Κίλικα
3522 4013 3579 4066 δέ
3603 4032 3722 4068 τινα
3744 4020 3883 4085 παρὰ

2317 4101 2415 4170 τὴν
2448 4100 2563 4153 ὁδὸν
2586 4100 2827 4169 πλινθείᾳ
2864 4101 3292 4169 προστετηκότα,
3324 4102 3581 4171 ἐρόμενον
3603 4105 3725 4158 ὅθεν
3747 4108 3878 4175 ἥκοι,

2319 4192 2411 4244 καὶ
2438 4191 2672 4257 μαθόντα
2696 4192 2818 4243 ὅτου
2852 4191 3033 4259 χάριν,
3057 4189 3172 4252 οἵας
3200 4208 3259 4242 τε
3293 4191 3591 4259 θεραπείας
3611 4194 3760 4263 τύχοι
3785 4212 3798 4224 ·
3824 4196 3879 4246 Τί

2321 4281 2893 4350 πεπλ.ἀνησθε,φάναι,
2924 4283 3061 4350 πρὸς
3106 4281 3394 4351 ἄνθρωπον
3429 4284 3706 4349 ἀπιόντες,
3751 4303 3878 4356 φαρ-

2325 4376 2575 4442 μακείαις
2605 4374 2669 4425 τά
2699 4372 2920 4425 τοιαῦτα
2948 4373 3164 4442 μᾶλλον,
3192 4375 3224 4444 ἢ
3254 4374 3426 4437 θείαις
3454 4378 3753 4447 ἐνεργείαις
3778 4383 3882 4431 ἐπι-

632 4465 730 4533 qui
773 4463 1057 4517 veneficiis
1101 4465 1287 4533 potius
1320 4481 1481 4534 quam
1541 4466 1742 4519 virtute
1796 4467 1981 4519 divina
2031 4467 2215 4520 isthmc

2320 4463 2573 4515 τελοῦντα
2599 4480 2612 4527 ;
2648 4463 2755 4514 Καὶ
2785 4463 2981 4515 αὐτίκα
3015 4462 3090 4534 τῷ
3120 4464 3302 4516 Κίλικι
3331 4464 3653 4537 διεφθάρθαι
3687 4469 3785 4536 τὴν
3803 4470 3880 4521 δε-

634 4554 943 4622 operatur?
972 4554 1069 4607 \‘ix
1103 4554 1338 4619 dixerat,
1373 4571 1495 4608 cum
1536 4556 1816 4615 dexteram
1848 4572 2000 4609 suam
2035 4556 2217 4610 vitiari

635 4646 826 4708 sentit,
858 4644 1024 4698 simili
1058 4646 1456 4713 putrefactione
1483 4662 1819 4715 percussam,
1861 4657 2024 4715 atque
2073 4648 2219 4701 illius

626 4746 761 4789 ante
798 4736 1014 4797 fuerat;
1051 4738 1279 4790 alterius
1308 4737 1454 4789 malo
1477 4738 1530 4792 in
1570 4739 1802 4792 alterum
1837 4738 2002 4791 veluti
2040 4750 2215 4792 trans-

630 4827 764 4882 lato.
802 4829 988 4897 Neque
1042 4829 1121 4883 sic
1150 4837 1331 4883 tamen
1365 4829 1430 4881 ad
1459 4840 1694 4883 mentem
1740 4831 1901 4884 rediit
1928 4832 2208 4885 meliorem

626 4917 802 4983 Cilix;
830 4920 923 4971 sed
955 4920 1185 4973 medicis
1228 4920 1412 4988 potius
1444 4929 1609 4989 atque
1654 4922 1863 4975 artibus
1905 4923 2206 4978 curandum

625 5025 689 5063 se
732 5012 1032 5064 commisit.
1076 5013 1274 5065 Verum
1332 5013 1425 5067 ubi
1466 5014 1736 5067 curationi
1785 5015 2071 5071 facultates
2123 5016 2207 5068 in-

629 5109 881 5169 sumptas
913 5101 1071 5161 vidit,
1104 5117 1205 5155 nec
1239 5103 1403 5154 ullam
1447 5103 1708 5172 allulgere
1744 5119 1913 5171 spem,
1952 5105 2208 5172 cognovit

630 5191 747 5258 ipse
799 5207 1021 5260 quoque
1070 5192 1560 5261 (quemadmodum
1620 5194 1719 5257 illi,
1779 5194 1871 5262 qui
1923 5195 2210 5250 doloribus

630 5294 985 5352 premuntur,
1026 5285 1271 5339 studiose
1310 5286 1488 5339 solent
1542 5287 1593 5339 in
1633 5287 1848 5340 illorum
1880 5304 2077 5342 causas
2126 5290 2209 5342 in-

630 5375 877 5443 quirere)
903 5390 1094 5442 paanas
1125 5392 1181 5429 se
1209 5376 1337 5429 dare
1366 5394 1466 5446 pro
1492 5377 1773 5446 injuriosis
1794 5376 2059 5431 adversus
2082 5395 2211 5431 san-

627 5476 779 5520 ctum
826 5465 1152 5537 Symeonem
1188 5469 1406 5534 verbis;
1444 5480 1498 5523 et
1524 5479 1585 5523 ut
1624 5471 1799 5539 potuit
1824 5469 2111 5523 celerrime
2141 5469 2209 5522 ad

628 5558 810 5626 ipsum
856 5558 1110 5620 accessit,
1143 5574 1306 5626 quam
1336 5560 1539 5613 misero
1570 5575 1763 5613 manus
1793 5575 1892 5613 sua
1924 5560 2046 5613 loco
2065 5568 2210 5614 esset

712 5671 826 5738 (αὖ)
856 5670 1119 5739 Evagrius
1142 5672 1532 5739 Seholastieus,
1572 5676 1844 5728 historiam
1886 5675 2202 5731 ecclesiasti-

622 5755 743 5795 cam
780 5757 809 5795 υ
864 5739 1009 5794 libris
1042 5743 1365 5808 complexus,
1393 5749 1483 5799 hoc
1531 5748 1697 5811 ipsum
1730 5746 2045 5799 miraculum
2073 5749 2207 5802 dese

2324 4553 2462 4617 ξιὰν,
2495 4555 2590 4621 τῆς
2626 4553 2794 4622 αὐτῆς
2840 4554 3035 4623 ἐκείνῳ
3065 4556 3304 4625 σαπρίας
3336 4559 3650 4624 περιφανῶς
3687 4562 3879 4613 ἀναπε-

2322 4645 2659 4714 πλησμένην,
2694 4646 2779 4697 ἐπ’
2806 4647 2965 4698 αὑτὸν
2995 4647 3184 4714 ῶσπερ
3209 4647 3302 4699 τοῦ
3335 4648 3537 4711 πάθους
3564 4653 3881 4719 μεταπεσόν-

2321 4754 2430 4799 τος.
2475 4738 2532 4789 ’0
2584 4738 2681 4805 μὲν
2734 4734 2824 4791 οὖν
2870 4738 3027 4804 Κίλιξ
3082 4740 3199 4793 οὐδὲ
3245 4740 3419 4812 ταύτῃ
3468 4744 3724 4811 συνῆκεν,
3775 4744 3878 4797 ἀλλ’

2327 4828 2531 4895 ἰατροῖς
2560 4827 2761 4896 μᾶλλον.
2788 4828 2879 4882 καὶ
2901 4829 3115 4897 τέχναις
3146 4831 3335 4883 ἑαυτὸν
3362 4831 3671 4887 ἐκδεδώκει.
3719 4834 3801 4896 Ὧς
3828 4834 3877 4886 δὲ

2317 4919 2381 4986 τῇ
2418 4919 2563 4987 χειρὶ
2614 4921 3186 4989 προσαναλισκομένην
3242 4924 3387 4991 ἐώρα
3421 4922 3515 4974 καὶ
3552 4925 3651 4992 τὴν
3686 4925 3874 4987 οὐσίαν,

2316 5008 2471 5073 ἐλπίς
2504 5027 2559 5060 τε
2589 5009 2811 5075 οὐδεμία
2842 5010 3003 5063 ποθὲν
3033 5012 3404 5077 ὑπολέλειπτο,
3437 5014 3577 5080 ἔγνω
3611 5016 3701 5066 καὶ
3732 5017 3875 5076 αὑτὸς

2317 5099 2425 5171 (οἷα
2454 5103 2523 5154 τὰ
2557 5102 2663 5155 τῶν
2693 5104 3027 5173 πιεζομένων
3053 5104 3260 5173 ψυχῶν,
3297 5107 3383 5158 ὅτε
3405 5108 3586 5159 πᾶσαν
3618 5108 3738 5161 καθ’
3765 5110 3874 5161 ἐαυ-

2313 5194 2409 5256 τάς
2466 5195 2766 5261 φιλοπόνως
2817 5196 3150 5264 ἀνερευνῶσι
3202 5196 3293 5248 τοῦ
3348 5196 3645 5261 λυποῦντος
3690 5201 3872 5269 αἰτίαν)

2313 5286 2517 5338 ἔκτισιν
2552 5283 2691 5339 εἶναι
2737 5288 2834 5356 τῆς
2876 5290 2954 5349 εἰς
2985 5288 3078 5340 τὸν
3109 5290 3250 5342 θεῖον
3293 5288 3517 5358 Συμεὼν
3566 5290 3870 5360 λαληθείσης

2429 5380 2442 5398 ’
2478 5379 2641 5430 αὐτοῦ
2672 5378 2879 5439 ἀδικίας
2906 5396 2918 5408 ·
2964 5381 3058 5431 καὶ
3085 5380 3159 5439 ὡς
3185 5376 3328 5450 εἷχεν
3355 5380 3518 5443 εὐθὺς
3550 5382 3722 5435 ἄνεισι
3753 5394 3866 5450 προς

2308 5467 2492 5529 αὑτὸν,
2516 5467 2663 5529 ὅπως
2696 5466 2893 5528 ἀθλίως
2924 5468 3037 5537 ἔχοι
3065 5468 3299 5535 δεικνὺς,
3332 5469 3516 5523 οἴκτου
3548 5488 3608 5522 τε
3635 5472 3734 5541 τῆς
3758 5490 3849 5537 σύμ

2309 5559 2482 5626 φορᾶς
2515 5560 2695 5627 τυχεῖν
2737 5557 2887 5621 ἀξίου
2918 5558 3187 5625 δεόμενος.
3222 5560 3329 5613 Καὶ
3360 5560 3439 5624 ὃς,
3465 5556 3649 5616 Ἦπου
3685 5560 3865 5629 ταύτην

2313 5684 2505 5728 narrat
2537 5675 2623 5748 lib,
2654 5674 2860 5748 ultimo,
2894 5676 3181 5748 penullimo
3211 5695 3309 5747 cap
3330 5678 3458 5732 .Nos
3512 5680 3576 5733 de
3604 5680 3695 5732 illo
3744 5682 3859 5748 eju-

2316 5762 2413 5815 que
2437 5747 2646 5815 scriptis
2682 5746 2750 5798 ad
2775 5748 2910 5799 lianc
2940 5749 3100 5801 vitam
3185 5748 3217 5802 6
3249 5747 3487 5819 pluribus
3524 5753 3739 5820 egimus.
