4076 6330
265 408 410 473 3205

1328 404 1503 463 VITA
1542 401 1588 461 A
1630 401 2069 464 NICEPHORO
2108 398 2599 465 CONSCRIPTA.

3407 409 3548 473 3206

264 531 443 594 ἔγωγε
468 519 585 577 οῖδα
621 523 719 593 τὴν
744 519 925 587 δεξιὰν
956 518 1241 588 εἴσπραξιν
1272 516 1437 573 οὖσαν
1469 522 1566 591 τῆς
1593 522 1721 592 περὶ
1757 520 1856 590 τὴν

1975 516 2283 582 )stendens,
2321 532 2386 572 ac
2432 517 2873 576 misericordiam
2924 522 3245 594 implorans.
3284 525 3385 581 Cui
3420 548 3550 585 sau-

268 616 517 683 γλῶτταν
551 611 846 672 ἀκολασίας
868 625 880 638 ·
923 608 1036 661 ἀλλ’
1068 609 1427 679 ὲξαγόρευσον
1475 612 1615 663 κατὰ
1656 610 1852 663 σαυτοῦ

267 704 368 776 τὴν
416 703 689 775 ἁμαρτίαν
744 718 836 753 σου
899 699 1103 770 Κυρίῳ,
1152 701 1246 753 καὶ
1293 700 1454 762 αὐτὸς
1505 701 1708 770 ἀφήσει
1758 700 1854 769 τὴν

271 798 531 853 ἀσέϐειαν
558 798 656 866 τῆς
695 795 921 865 καρδίας
960 812 1073 859 σου.
1119 795 1176 846 Ὀ
1211 796 1307 863 μὲν
1338 789 1431 846 οὖν
1463 795 1636 864 πικρᾷ
1686 810 1853 863 μετα-

273 890 468 960 μελείᾳ
508 889 683 959 ψυχῆς
724 886 1285 956 ἐξομολογησάμενος,
1320 886 1623 956 πικρότερά
1670 902 1728 936 τε
1760 884 1855 936 δά-

274 998 416 1053 κρυα
472 980 769 1049 καταχέας,
827 980 956 1049 εὐχῇ
1008 978 1100 1031 καὶ
1127 980 1429 1048 Δεσποτικῇ
1466 976 1717 1045 σφραγῖδι
1757 976 1857 1045 τὴν

279 1072 424 1125 ἴασιν
477 1071 611 1140 όμοῦ
657 1071 751 1123 καὶ
792 1070 889 1140 τὴν
942 1068 1157 1135 ἄφεσιν,
1198 1070 1232 1140 ἥ
1282 1087 1367 1132 τις
1414 1068 1595 1139 πολλῷ
1634 1068 1857 1137 καὶτῆς

279 1159 474 1222 ἰάσεώς
504 1161 618 1212 ἐστι
652 1159 873 1229 μείζων,
902 1158 1103 1225 λαϐὼν,
1136 1160 1414 1213 ἐπάνεισιν
1437 1175 1449 1190 ο
1483 1160 1625 1213 οὐτω
1668 1158 1849 1228 σῶμα·

277 1268 367 1313 τος
424 1252 576 1314 νόσος
614 1250 802 1318 ὑγείαν
845 1250 989 1320 ψυχῇ
1033 1250 1335 1320 χαρίζεται,
1369 1229 1460 1305 κᾶι
1489 1251 1575 1304 διὰ
1615 1250 1722 1303 τῶν
1760 1249 1855 1301 λυ-

278 1343 525 1396 πούντων
576 1338 684 1396 οἶδε
751 1343 1010 1406 πολλάκις
1074 1344 1347 1414 σωτηρίαν
1407 1345 1539 1407 Θεὸς
1601 1361 1859 1415 πραγμα-

276 1432 552 1488 τεύεσθαι.
1391 1429 1399 1441 ’

351 1606 482 1660 σλθ’.
516 1606 736 1661 Πλέοντι
787 1609 843 1662 δέ
876 1627 1001 1663 ποτε
1031 1611 1107 1679 τῷ
1132 1611 1391 1682 Δωροθέῳ
1410 1627 1424 1641 ·
1451 1609 1517 1682 ἦν
1542 1612 1597 1665 δὲ
1625 1612 1727 1681 τῆς
1758 1611 1862 1664 ὐπὸ

275 1696 356 1768 τῷ
380 1697 604 1769 Συμεὼν
634 1700 992 1770 ἀδελφότητος
1020 1704 1047 1753 ό
1073 1696 1348 1772 Δωρόθεος
1378 1700 1553 1768 οὗτος,
1595 1703 1859 1774 ἱερωσύνῃ

280 1790 692 1858 κεκοσμημένος
717 1807 729 1819 ·
767 1791 981 1843 πλέοντι
1038 1776 1083 1845 δ’
1112 1791 1224 1855 οὐν,
1250 1795 1309 1845 οὐ
1347 1795 1444 1848 σὺν
1476 1793 1612 1864 ὥρα,
1651 1794 1766 1846 ἀλλ’
1804 1798 1861 1847 ἐν

278 1881 512 1950 χειμῶνι
560 1883 710 1953 μέσῳ
769 1880 978 1951 (ἐποίει
1024 1884 1133 1956 γὰρ
1160 1887 1309 1956 παρὰ
1341 1886 1529 1956 καιρὸν
1559 1888 1748 1940 ἑαυτὸν
1784 1887 1862 1957 τῷ

281 1972 509 2040 πελάγει
547 1972 824 2026 πιστεύειν
848 1974 880 2044 ή
911 1974 1044 2042 πρὸς
1068 1976 1157 2027 τὸν
1183 1974 1339 2046 άγιον
1364 1977 1567 2041 πίστις,
1596 1978 1657 2030 τὸ
1686 1977 1863 2046 ἀσφα-

282 2064 371 2127 λὲς
407 2064 595 2135 ὥσπερ
626 2064 837 2117 ἐκεῖθεν
870 2066 1190 2137 ἐγγυωμένη
1212 2072 1252 2138 ),
1278 2067 1350 2131 ὠς
1384 2068 1485 2138 ἥδη
1528 2069 1669 2121 κατὰ
1701 2070 1864 2138 μέσον

280 2156 375 2207 τὸν
404 2152 569 2207 πλοῦν
613 2156 876 2223 ἐγεγόνει,
904 2156 1110 2210 κλύδων
1141 2158 1293 2227 αὐτῷ
1327 2158 1628 2228 συμπίπτει
1668 2159 1863 2223 δεινὸς,

282 2246 392 2299 τῶν
450 2248 773 2315 πνευμάτων
835 2248 1171 2318 πανταχόθεν
1214 2250 1630 2315 άντιπνεόντων,
1674 2251 1768 2303 τοῦ
1805 2268 1865 2304 τε

282 2337 525 2405 κύματος
581 2340 705 2399 τοὺς
738 2337 956 2407 τοίχους
1012 2340 1112 2407 τῆς
1155 2340 1289 2404 νεὼς
1316 2341 1864 2412 ὐπεραναϐαίνοντος,

283 2430 380 2483 καὶ
412 2430 491 2490 είς
524 2430 695 2499 μέσην
729 2428 897 2497 αὐτὴν
928 2430 1312 2498 ἐμπίπτοντος.
1349 2432 1451 2483 Τὸν
1488 2433 1586 2501 μὲν
1611 2429 1703 2486 οὖν
1734 2433 1865 2487 ναύ-

284 2520 487 2589 κληρον
543 2522 633 2572 καὶ
678 2520 805 2583 τοὺς
848 2520 1221 2589 συμπλέοντας
1261 2521 1572 2589 ἀπόγνωσις
1604 2518 1740 2592 εἶχε,
1772 2524 1869 2579 καὶ

283 2612 568 2679 διαφυγεῖν
603 2613 809 2664 ἐκεῖνον
839 2612 1011 2675 οὐδεὶς
1034 2613 1121 2665 τὸν
1156 2612 1397 2667 κίνδυνον
1438 2614 1605 2684 ᾤετο·
1639 2619 1667 2669 ὁ
1700 2616 1756 2669 δὲ
1792 2616 1869 2687 μὴ
1910 2626 1913 2627 ⁷

286 2702 685 2770 ἀπογινώσκειν
717 2704 894 2771 ἠξίου,
927 2703 1062 2757 ἀλλὰ
1092 2704 1183 2757 τοῦ
1220 2704 1365 2757 θείου
1403 2705 1623 2775 Συμεὼν
1660 2708 1868 2761 δεῖσθαι

289 2794 513 2864 μᾶλλον,
535 2793 628 2847 τοῦ
652 2795 745 2846 καὶ
772 2794 932 2863 μόνου
964 2794 1159 2858 σώζειν
1190 2797 1297 2849 ἀπὸ
1318 2796 1570 2850 τοσούτου
1601 2799 1871 2864 κλύδωνος

286 2888 606 2957 δυναμένου.
639 2886 767 2940 Εἶτα
792 2888 887 2941 καὶ
913 2890 1007 2959 τῆς
1034 2889 1243 2942 ἐκείνου
1267 2890 1468 2953 κόνεως
1493 2892 1691 2957 λαϐὼν,
1721 2894 1783 2946 τό
1811 2910 1868 2945 τε

288 2978 473 3031 πλοῖον
502 2978 869 3049 διαρῤαντίζει
909 2982 1004 3032 καὶ
1044 2985 1274 3051 καταχεῖ
1303 2983 1400 3050 τῆς
1432 2984 1704 3054 θαλάσσης
1727 3001 1741 3015 ·
1773 2986 1870 3037 αὐ-

287 3068 525 3135 τομάτου
558 3070 615 3122 δὲ
648 3070 754 3122 τῶν
785 3072 842 3122 ὲν
876 3070 954 3139 τῷ
982 3070 1148 3139 πλοίῳ
1186 3072 1403 3124 πάντων
1442 3074 1668 3135 εὐωδίας
1708 3075 1869 3137 εὐθὺς

1957 619 2079 663 ctus
2110 625 2123 660 :
2161 609 2297 663 Novi
2350 610 2544 679 utique
2596 611 2739 667 banc
2767 612 3051 670 dexteram
3086 632 3186 686 pro
3224 618 3437 674 ultione
3465 622 3551 675 in-

1959 700 2322 767 temperantis
2374 699 2573 768 lingua:
2634 710 2743 756 ture
2805 718 2968 771 esse;
3024 723 3219 762 verum
3289 712 3554 766 conﬁtere

1956 787 2250 842 adversum
2292 798 2342 843 te
2377 802 2666 859 peccatum
2706 801 2860 847 tuum
2911 797 3167 864 Domino,
3203 810 3261 855 et
3320 802 3435 871 ipse
3466 803 3554 857 di-

1958 879 2143 932 mittet
2203 878 2552 948 iniquitatem
2615 882 2800 936 cordis
2852 884 2953 937 tui.
3018 886 3320 943 Confessus
3369 891 3555 961 itaque

1958 986 2145 1024 amara
2188 984 2315 1024 cum
2350 972 2698 1041 pmnitudine
2745 975 2941 1029 anima:
2996 977 3363 1049 lacrymisque
3400 1000 3554 1037 ama-

1965 1060 2231 1128 rioribus,
2301 1078 2400 1132 per
2471 1064 2645 1116 sancti
2698 1066 3073 1133 precationem
3136 1079 3302 1138 atque
3372 1075 3563 1127 crucis

1960 1150 2261 1205 Dominicaa
2303 1152 2544 1221 signum,
2578 1152 2855 1222 integram
2908 1169 3153 1219 manum,
3208 1168 3264 1211 et
3303 1162 3449 1228 quod
3478 1162 3555 1216 illi

1960 1249 2201 1309 prastat,
2253 1242 2463 1309 peccati
2504 1243 2887 1299 remissionem
2918 1259 3251 1303 consecutus
3280 1261 3363 1304 est
3389 1263 3555 1322 atque

1963 1332 2209 1384 revertit.
2264 1332 2343 1386 lta
2384 1332 2635 1401 corporis
2689 1334 2959 1403 mgritudo
3014 1338 3305 1394 sanitatem
3357 1343 3557 1396 animae

1963 1438 2357 1492 nonnunquam
2404 1423 2658 1489 confert;
2692 1435 2746 1479 et
2789 1442 2887 1495 per
2932 1444 3093 1484 casus
3126 1430 3432 1496 luctuosos,
3462 1450 3551 1487 sa-

1965 1515 2071 1568 luti
2113 1530 2257 1584 saape
2292 1516 2532 1569 consulit
2568 1516 2733 1571 Deus.

2034 1608 2161 1662 259.
2205 1609 2585 1677 Navigandum
2618 1611 2914 1679 aliquando
2963 1613 3064 1667 fuit
3109 1616 3387 1671 Dorotheo
3420 1618 3559 1687 (erat

1965 1697 2011 1752 is
2056 1714 2086 1751 e
2125 1697 2392 1752 fratribus
2448 1700 2621 1753 sancti
2680 1700 2971 1771 Symeonis
3026 1722 3191 1771 unus,
3238 1709 3551 1764 sacerdotio

1966 1789 2237 1859 initiatus)
2280 1792 2674 1860 navigandum,
2727 1794 2973 1863 inquam,
3021 1797 3125 1852 fuit
3179 1808 3426 1869 tempore
3460 1803 3561 1855 im-

1966 1891 2205 1949 portuno
2266 1889 2323 1936 et
2362 1884 2539 1937 media
2593 1884 2775 1939 hieme
2810 1903 2822 1938 :
2857 1888 2951 1941 sed
2999 1888 3208 1944 fecerat
3264 1892 3463 1947 fiducia
3504 1894 3560 1947 in

1966 1982 2239 2037 sanctum,
2298 1974 2483 2028 omnia
2532 1991 2730 2030 secura
2780 1979 3070 2047 pollicens.
3129 1993 3189 2038 ut
3237 1992 3561 2053 tempestate

1968 2072 2078 2117 tam
2126 2064 2477 2119 incommoda
2532 2067 2671 2121 mari
2736 2084 2796 2123 se
2841 2073 3233 2129 committeret.
3284 2076 3388 2136 Ubi
3432 2095 3563 2131 vero

1970 2156 2219 2210 medium
2263 2158 2376 2228 jam
2427 2158 2781 2215 absolverant
2824 2178 3073 2229 cursum,
3111 2168 3291 2222 valida
3330 2169 3564 2239 insurgit

1966 2256 2285 2318 tempestas,
2310 2251 2491 2305 ventis
2514 2251 2881 2323 undequaque
2909 2256 3054 2310 inter
3078 2273 3135 2312 se
3162 2260 3329 2314 veluti
3358 2262 3561 2315 bellum

1968 2338 2311 2409 gerentibus,
2357 2355 2421 2395 ac
2462 2340 2727 2397 fluctibus
2776 2344 2948 2399 latera
2980 2349 3137 2401 navis
3165 2350 3565 2407 excedentibus

1970 2429 2025 2483 in
2065 2430 2416 2499 mediamque
2452 2431 2879 2489 infundentibus
2906 2451 3048 2491 sese.
3096 2437 3313 2493 Invadit
3338 2443 3563 2495 naucle-

1971 2536 2093 2574 rum
2130 2529 2492 2592 vectoresque
2545 2523 2881 2594 desperatio,
2932 2530 3136 2604 nullam
3170 2532 3441 2587 evadendi
3480 2535 3565 2587 di-

1969 2611 2207 2666 scrimen
2236 2628 2525 2683 superesse
2559 2616 2702 2669 viam
2735 2620 3118 2676 existimantes
3154 2641 3166 2677 :
3204 2640 3347 2678 unus
3390 2625 3560 2679 Doro-

1970 2702 2135 2757 theus
2161 2703 2410 2774 rogabat,
2449 2713 2507 2758 ut
2545 2720 2613 2759 ne
2634 2706 3019 2777 desperatione
3052 2712 3316 2767 caderent
3345 2714 3565 2776 animis,

1970 2793 2067 2846 sed
2117 2805 2371 2847 sanctum
2419 2796 2604 2863 potius
2640 2797 3009 2866 implorarent
3058 2802 3414 2871 Synteonem;
3451 2804 3571 2873 ejus

1972 2884 2147 2939 solius
2200 2887 2446 2954 potentia
2499 2888 2660 2942 evadi
2699 2898 3082 2960 tempestatem
3140 2908 3323 2961 posse.
3364 2897 3570 2953 Deinde

1970 2974 2216 3043 pulveris
2239 2976 2385 3030 illius
2406 2977 2612 3046 aliquid
2641 2994 2741 3047 per
2770 2981 2953 3033 navim
2985 2985 3193 3050 spargit
3220 2984 3569 3056 effunditque

1974 3065 2027 3119 in
2077 3081 2272 3131 mare;
2324 3077 2380 3121 et
2417 3070 2633 3122 cunctis
2667 3085 2793 3122 mox
2829 3072 3170 3131 victoribus.
3214 3076 3363 3130 nulla
3406 3092 3572 3146 appa-

289 3158 647 3226 αἱσθομὲνωιι,
679 3160 769 3210 καὶ
804 3159 871 3210 τὰ
908 3161 1006 3228 τῆς
1033 3159 1181 3221 θείας
1214 3159 1437 3230 χάριτος
1473 3161 1673 3225 εἵπετο,
1710 3161 1743 3231 ἢ
1777 3161 1871 3214 καὶ

1978 3165 2131 3210 rente
2168 3172 2237 3211 ex
2272 3172 2457 3217 causa,
2494 3158 2790 3227 quamdam
2825 3160 3014 3215 odoris
3052 3163 3408 3233 fragrantiam
3448 3183 3571 3223 scu-

292 3249 503 3316 πέφυκε
550 3251 829 3318 προοίμιον
869 3250 1125 3312 πολλάκις
1168 3252 1265 3323 τὴν
1305 3253 1534 3306 εὐωδίαν
1578 3254 1871 3318 ποιεῖσθαι,

291 3341 354 3392 τὸ
383 3340 578 3402 εὐιῑδες
602 3340 791 3411 ὥσπερ
833 3344 926 3395 καὶ
965 3343 1107 3395 θεῖον
1146 3345 1347 3414 ἑαυτῆς
1376 3344 1769 3414 ὑποφαίνουσα.
1810 3346 1874 3398 Ἥ

297 3430 398 3498 μὲν
419 3427 511 3481 οὖν
534 3430 778 3483 θάλασσα
802 3432 1125 3502 ἐτραχύνετο
1155 3434 1551 3503 παραπλησίως
1580 3435 1707 3505 ἄχρι
1734 3436 1876 3499 τινὸς

292 3520 391 3573 καὶ
435 3521 631 3584 ζέουσα
665 3522 854 3585 δεινῶς
888 3518 976 3593 ἦν,
1010 3524 1079 3577 τὰ
1106 3524 1327 3593 κύματα
1376 3524 1431 3577 δὲ
1478 3526 1538 3577 οὐ
1590 3527 1730 3578 κατὰ
1777 3527 1877 3597 τὴν

295 3610 507 3665 ἑαυτῶν
539 3612 658 3682 βίαν
694 3614 1027 3682 προσέϐαλλε
1058 3617 1123 3682 τῇ
1158 3614 1267 3685 νηῒ,
1304 3615 1420 3669 ἀλλ’
1449 3612 1557 3669 οἷον
1591 3619 1758 3671 ἑαυτά
1781 3620 1881 3671 ὲπ-

294 3707 462 3773 εῖχεν,
491 3704 866 3774 εὐλαϐούμενοι
889 3704 1139 3776 καθάπερ
1168 3707 1200 3776 ἢ
1234 3707 1462 3763 δεδιότα.
1490 3710 1645 3761 Μετὰ
1682 3711 1879 3780 μικρὸν

293 3794 355 3848 δὲ
403 3793 495 3847 τοῦ
542 3794 809 3857 κλύδωνος
849 3794 1163 3859 ὑπανέντος,
1227 3799 1351 3849 πνεῖ
1406 3797 1506 3867 μιν
1560 3798 1757 3870 ἀθρόον
1815 3802 1880 3854 ἐκ

296 3887 553 3957 πρύμνης
598 3888 817 3956 ἄνεμος,
856 3889 905 3940 οἱ
951 3886 1008 3939 δὲ
1051 3887 1117 3939 δι’
1143 3888 1415 3957 ἀκύμονος
1457 3892 1557 3960 τῆς
1599 3892 1878 3963 θαλάσσης

297 3977 395 4030 καὶ
425 3975 595 4041 λείας,
628 3979 794 4029 πᾶσιν
830 3977 1016 4041 ἱστίοις
1042 3978 1331 4046 ὲφέροντο⁸
1368 3979 1463 4033 καὶ
1496 3982 1620 4045 τοὺς
1652 3984 1751 4051 μὲν
1777 3972 1880 4053 έμ-

298 4068 560 4130 πλέοντας
609 4068 817 4138 θάμϐος
871 4062 982 4121 εἷλε
1028 4068 1105 4138 τῷ
1134 4070 1416 4141 παραδόξῳ
1454 4072 1551 4141 τῆς
1582 4076 1878 4144 σωτηρίας,

297 4159 394 4213 καὶ
422 4160 594 4224 οὐδεὶς
625 4156 692 4231 ἦν
718 4160 775 4223 ὃς
798 4161 858 4213 οὐ
888 4161 1059 4232 δῶρον
1087 4161 1347 4231 ἄντικρυς
1373 4162 1563 4217 ἑαυτὸν
1591 4164 1686 4217 τοῦ
1722 4167 1879 4233 ἁγίου

295 4250 491 4321 ἧγητο.

375 4440 481 4505 σμ’.
514 4434 641 4488 Ὀδέ
657 4435 992 4511 ναύκληρος(
1007 4438 1165 4490 παῖδα
1190 4436 1300 4507 γὰρ
1324 4437 1507 4491 οῖκαδε
1530 4437 1880 4491 ἀπολελοίπει.

1977 3247 2263 3314 tientibus,
2295 3250 2471 3319 gratia
2523 3249 2709 3303 divina
2746 3251 3042 3307 subsecuta
3078 3264 3163 3309 est
3208 3274 3220 3308 :
3253 3257 3394 3311 solet
3422 3260 3569 3312 enim

1978 3338 2069 3394 illa
2118 3355 2230 3394 non
2275 3354 2401 3394 raro
2451 3341 2714 3409 praeviam
2751 3343 3045 3411 quamdam
3087 3346 3280 3401 odoris
3329 3350 3570 3402 suavita-

1980 3438 2089 3485 tem
2124 3431 2404 3495 exeitare;
2443 3432 2693 3485 divinum
2741 3433 3026 3502 quidpiam
3062 3452 3119 3491 se
3156 3438 3440 3493 continere
3471 3440 3572 3494 dt."

1979 3532 2311 3577 monstrans.
2346 3522 2516 3593 igitur
2548 3523 2813 3593 pergebat
2864 3540 3017 3580 mare
3070 3528 3254 3597 aliquo
3301 3537 3569 3599 tempore,

1980 3622 2042 3667 ut
2106 3622 2376 3683 cmperat,
2429 3614 2615 3669 furere
2663 3623 2719 3669 et
2771 3616 3131 3672 vehementer
3170 3628 3453 3676 aestuare:
3517 3635 3571 3675 :xt

1979 3704 2181 3759 fluctus
2222 3720 2355 3769 non,
2386 3716 2442 3758 ut
2497 3705 2712 3760 ferebat
2760 3708 3040 3764 violentus
3074 3710 3334 3780 impetus,
3370 3714 3575 3783 impino

1981 3796 2183 3864 gebant
2218 3796 2271 3848 in
2313 3798 2519 3861 navim,
2555 3798 2652 3851 sed
2680 3799 3014 3855 cohibebant
3048 3819 3127 3867 se,
3151 3805 3319 3858 veluti
3348 3821 3575 3861 venera-

1980 3885 2149 3938 bundi
2180 3893 2277 3937 aut
2300 3896 2629 3941 metuentes.
2658 3890 2829 3944 Paulo
2844 3901 2968 3959 post
2987 3895 3217 3948 remisso
3235 3901 3575 3966 tempestatis

1982 3974 2189 4034 furore,
2251 3975 2462 4043 spirare
2532 3980 2701 4048 ccepit
2765 3991 2992 4049 repente
3055 3994 3255 4039 ventus
3288 4001 3330 4041 'e
3379 3994 3572 4059 puppi,

1980 4064 2416 4133 ferebanturque
2462 4078 2655 4135 pacate
2686 4084 2749 4123 ac
2802 4070 2966 4140 plano
3002 4075 3142 4128 mari
3190 4077 3573 4145 plenisvelis,

1983 4156 2333 4211 tremebundi
2367 4174 2431 4213 ac
2463 4161 2668 4227 pavidi,
2692 4162 2765 4217 ob
2790 4170 2898 4217 tam
2923 4165 3361 4236 inexspectatum
3385 4171 3576 4228 salutis

1982 4257 2321 4318 recuperata
2360 4253 2675 4323 prodigium
2726 4274 2737 4308 :
2803 4272 2906 4311 nec
2953 4259 3098 4315 ullus
3151 4259 3275 4327 fuit,
3312 4265 3406 4333 qui
3462 4282 3573 4320 non

1983 4346 2266 4409 reputaret
2314 4356 2371 4395 se
2410 4344 2513 4397 sibi
2554 4346 2701 4401 dono
2740 4348 2915 4403 sancti
2971 4362 3383 4406 conservatum.

2054 4430 2178 4484 240.
2215 4431 2386 4486 Porro
2410 4437 2729 4501 nauclerus,
2787 4439 2883 4509 qui
2940 4456 3173 4510 puerum
3235 4442 3383 4497 domi
3443 4444 3576 4498 reti-

302 4526 773 4595 νοσοῦντα),είδὼς
813 4526 890 4597 τῷ
915 4529 1042 4597 περὶ
1068 4530 1231 4582 αὐτὸν
1254 4529 1487 4593 καὶτοὺς
1506 4531 1872 4599 συμπλέοντας

1983 4535 2180 4596 querat
2232 4526 2535 4591 infirmum,
2577 4529 2771 4585 doctus
2833 4532 3102 4587 miraculo
3152 4534 3208 4588 in
3265 4550 3323 4589 se
3348 4534 3575 4607 suisque

306 4618 409 4672 Θαύ
419 4635 568 4686 ματι,
590 4620 795 4690 ῥᾴστην
824 4620 971 4689 αὐτῴ
989 4622 1083 4675 καὶ
1100 4622 1198 4693 τὴν
1218 4622 1310 4675 τοῦ
1332 4624 1541 4686 παιδὸς,
1560 4626 1606 4676 εί
1624 4623 1887 4693 βούλοιτο,

306 4708 607 4779 θεραπείαν
632 4704 790 4762 εἶναι’
828 4711 1048 4764 κάκεῖνο
1082 4712 1171 4765 διὰ
1210 4712 1305 4766 τοῦ
1344 4714 1578 4784 μοναχοῦ
1618 4715 1890 4780 ὲδεῖτο,.τὸ

303 4801 398 4854 τὸν
420 4803 535 4855 υίὸν
563 4802 715 4873 αὐτῷ
740 4802 876 4872 πρὸς
904 4803 1003 4873 τὴν
1028 4804 1206 4857 οίκίαν
1236 4805 1335 4875 ήδη
1364 4806 1691 4877 άναγομένῳ
1713 4808 1889 4870 ζῶντα

302 4911 373 4946 τα
382 4888 687 4963 μιευθῆναι·
709 4895 897 4948 ἐδεδίει
912 4894 1021 4963 γὰρ
1040 4895 1134 4947 τοῦ
1148 4896 1328 4949 κοινοῦ
1346 4898 1444 4968 τῆς
1459 4899 1670 4966 φύσεως
1690 4900 1889 4968 μᾶλλον

306 4982 344 5053 ἢ
365 4984 454 5036 τὸν
480 4985 581 5053 τῆς
597 4984 775 5055 ψυχῆς
802 4984 1051 5050 θάνατον,
1077 4986 1365 5042 άτελέστου
1391 4988 1483 5041 τοῦ
1519 4991 1708 5053 παιδὸς
1731 4990 1883 5054 δντος

307 5078 391 5128 ἔτι
445 5076 514 5129 τά
558 5075 653 5130 τοῦ
715 5077 858 5131 θείου
895 5077 1293 5148 βαπτίσματος.
1322 5079 1434 5135 Τοῦ
1464 5078 1546 5147 δὲ,
1581 5082 1739 5152 Παρὰ
1802 5084 1886 5135 σοὶ

307 5165 470 5218 τοῦτο
503 5168 680 5219 κεῖται
715 5208 728 5229 ,
772 5167 1042 5231 εἰπόντος,
1074 5171 1122 5221 εί
1152 5168 1298 5233 ζέσει
1320 5170 1414 5223 καὶ
1444 5172 1625 5224 πίστει
1655 5172 1886 5243 καρδίας

313 5256 475 5322 μόνον
507 5257 807 5331 ὲπικαλέσῃ
843 5258 935 5312 τὸν
970 5259 1111 5330 ἱερὸν
1137 5259 1387 5330 Συμεὼν,
1430 5262 1643 5333 ὑπόσχῃ
1684 5264 1741 5317 δὲ
1796 5270 1890 5317 καὶ

308 5349 432 5421 θεῷ
463 5349 553 5402 τὸν
598 5350 762 5403 παῖδα
782 5366 796 5381 ο
834 5352 1038 5414 ικεῖνος
1068 5350 1231 5413 εὐθὺς
1259 5353 1495 5422 ἑκάτερα
1520 5352 1746 5423 δράσας,
1775 5354 1888 5421 οὐδέ

304 5434 496 5507 ἑτέρου
566 5439 961 5511 διαμαρτάνει,
1017 5440 1132 5493 ἀλλ’
1182 5441 1309 5510 ὑγιῆ
1360 5441 1455 5493 τὸν
1510 5441 1623 5493 υἱὸν
1686 5442 1887 5511 εὑρὼν,

312 5535 580 5607 προσάγει
616 5532 738 5604 Θεῷ
786 5533 875 5587 διὰ
907 5533 1001 5587 τοῦ
1034 5532 1431 5604 βαπτίσματος.
1459 5533 1571 5587 Καὶ
1604 5532 1763 5587 τοῦτο
1793 5535 1890 5604 μὲν

307 5623 380 5698 ιη
406 5618 643 5677 τοιοῦτον
668 5642 682 5656 ·
716 5626 901 5678 ἐκεῖνα
924 5624 980 5677 δὲ
1012 5624 1128 5685 πῶς
1153 5623 1218 5677 ἄν
1239 5640 1322 5687 τις
1365 5623 1697 5694 παραλιπεῖν
1735 5622 1893 5695 νομί-

308 5735 420 5775 σειε
452 5714 543 5771 διὰ
573 5716 635 5770 τὸ
668 5714 890 5784 πλῆθος,
917 5717 979 5770 οὐ
1005 5715 1073 5769 τὰ
1093 5716 1324 5785 μεγίστα
1356 5716 1625 5786 ζημιώσει
1656 5730 1671 5779 ;

1985 4622 2309 4677 vectoribus
2337 4622 2502 4686 facto,
2534 4621 2861 4675 facillimum
2894 4624 3127 4692 putabat
3165 4626 3282 4694 ipse
3320 4641 3463 4690 esse,
3511 4628 3575 4679 ii-

1988 4712 2123 4765 lium
2160 4729 2382 4782 quoque
2407 4728 2570 4766 suum
2604 4728 2841 4779 curare;
2901 4715 3071 4784 idque
3110 4711 3358 4787 'rogabat
3388 4733 3579 4771 mona-

1989 4805 2177 4866 chum,
2204 4818 2268 4860 ut
2309 4804 2502 4859 reduci
2545 4805 2652 4859 sibi
2702 4804 2861 4858 illum
2894 4816 3285 4862 conservatum
3347 4810 3403 4863 iu
3433 4810 3581 4865 vivis

1988 4894 2193 4948 vellet:
2226 4893 2455 4947 timebat
2495 4893 2721 4963 quippe,
2758 4894 2906 4963 quod
2934 4910 3076 4964 puer
3102 4896 3303 4951 sacri3°
3330 4898 3581 4952 nondum

1990 4983 2215 5040 ablutus
2248 4996 2396 5039 esset
2420 4985 2605 5050 undis,
2630 4985 2828 5039 anima:
2856 4985 3006 5041 illius
3025 4996 3255 5041 mortem
3284 4990 3583 5060 plusquam

1993 5091 2344 5132 communem
2395 5076 2657 5131 omnibus
2715 5077 3049 5139 naturalem.
3107 5078 3358 5149 Cumque
3404 5082 3586 5136 Doro-

1994 5169 2159 5225 tbeus
2186 5169 2401 5222 diceret
2439 5168 2493 5221 in
2529 5184 2698 5222 manu
2721 5169 2841 5239 ejus
2870 5168 2923 5223 id
2947 5184 3095 5237 esse,
3135 5171 3182 5225 si
3232 5172 3400 5227 modo
3454 5188 3584 5227 cum

1999 5257 2212 5311 fervore
2243 5272 2307 5310 ac
2336 5257 2531 5310 ﬁducia
2576 5266 2832 5311 sanctum
2863 5258 3583 5331 invocaveritSymeonein,

1997 5355 2055 5402 et
2082 5347 2255 5401 filium
2307 5349 2418 5403 Deo
2445 5350 2696 5413 voverit;
2744 5351 3003 5420 praastitit
3057 5352 3150 5405 ille
3201 5367 3328 5405 mox
3370 5362 3585 5406 utrum-

1988 5454 2129 5507 que:
2162 5455 2265 5494 nec
2288 5439 2573 5497 fraudatus
2599 5451 2685 5495 est
2716 5443 3012 5511 promisso,
3041 5444 3267 5497 invento
3318 5444 3583 5498 incolumi

1990 5532 2137 5586 domi
2173 5533 2306 5597 tilio,
2339 5549 2501 5602 quem
2535 5535 2649 5589 Deo
2687 5552 2788 5604 per
2854 5535 3193 5606 baptismum
3252 5537 3475 5590 obtulit.
3516 5538 3585 5591 Et

1991 5624 2265 5679 hactenus
2299 5625 2522 5695 quidem
2557 5627 2728 5693 illud;
2766 5627 2868 5682 ista
2893 5644 3052 5693 vero,
3107 5645 3232 5698 qua:
3269 5628 3579 5697 subjiciun-

1992 5725 2099 5776 tur,
2135 5716 2179 5770 si
2211 5717 2336 5785 quis
2371 5718 2844 5786 pnetermitteuda
2874 5730 3102 5789 propter
3161 5717 3581 5773 multitudinem

1993 5808 2292 5878 putaverit,
2320 5809 2597 5877 quomodo
2616 5825 2724 5863 non
2743 5810 3033 5865 maximam
3046 5812 3318 5883 iacturam
3341 5812 3592 5867 dederit?
