4076 6330
585 374 730 433 3337

1802 376 1861 434 S.
1902 374 2276 437 Sl’lleONIS
2313 372 2672 437 JUNIORIS

3696 354 3853 414 3235

1999 507 2221 563 CAPUT
2262 507 2428 561 XXX.

1141 613 1395 670 Sacerdos
1438 622 1618 667 sancto
1675 616 1962 683 injuriosus
2010 618 2278 683 punitur:
2316 618 2521 683 inﬁrmi
2572 633 2663 686 per
2713 619 2959 669 uisionem
3010 624 3285 669 curantur.

656 759 779 813 ΞΗ.
811 759 1077 815 Sacerdos
1113 758 1338 827 quidam
1370 759 1422 811 in
1462 773 1622 827 pago,
1659 758 1752 826 qui
1804 758 2159 826 nuncupaba-
2192 769 2233 821 Α

587 861 677 904 tur
702 850 889 913 Cassa,
924 851 1151 903 molesta
1173 849 1385 917 proprii
1417 848 1620 902 amoris
1671 847 1959 901 alfectione
2001 848 2154 901 labo-

586 956 735 1004 rans,
768 939 988 1008 quando
1017 939 1289 991 mirabilia
1322 954 1487 1007 opera
1526 954 1623 1007 per
1650 948 1895 991 sanctum
1936 938 2158 1009 Symeo—

586 1046 709 1083 nem
731 1038 941 1098 patrata
970 1030 1054 1081 vel
1090 1029 1454 1097 intelligebat,
1482 1029 1568 1081 vel
1595 1029 1760 1082 etiam
1787 1028 1840 1080 in
1868 1037 2159 1081 transeun-

587 1123 735 1175 tibus
761 1122 886 1175 illac
935 1120 1181 1182 videbat,
1239 1122 1588 1189 iniquitatem
1621 1128 1677 1174 et
1729 1121 1986 1189 iniuriam
2043 1127 2158 1174 tota

584 1215 675 1267 die
698 1213 1050 1281 loquebatur,
1080 1212 1347 1280 diligebat
1374 1213 1639 1265 malitiam
1682 1212 1969 1281 plusquam
1995 1212 2156 1265 boni-

587 1310 749 1354 tatem
783 1309 840 1354 et
871 1298 1201 1369 iniustitiam
1254 1299 1378 1367 plus
1403 1315 1565 1368 quam
1603 1301 1911 1370 justitiam;
1961 1299 2159 1368 dilige-

583 1392 676 1445 bat
704 1390 887 1443 omnia
921 1390 1091 1443 verba
1119 1389 1595 1458 praecipitationis,
1623 1398 1680 1443 et
1720 1391 1961 1459 linguam
2001 1390 2157 1442 dolo-

585 1498 739 1546 sam;
774 1481 1036 1550 denique,
1074 1481 1341 1534 malevola
1372 1481 1465 1534 illa
1523 1491 1578 1534 et
1634 1482 1895 1534 insidiosa
1950 1481 2159 1534 insania

584 1573 752 1626 veluti
808 1572 1071 1625 ducatum
1129 1581 1445 1641 praestante.
1509 1571 1847 1627 anathemati
1907 1579 2158 1625 sanctum

585 1663 842 1732 subjecit.
868 1663 989 1715 Mox
1013 1678 1145 1717 vero
1190 1663 1471 1731 ingentem
1528 1663 1797 1730 conspicit
1850 1662 2159 1715 daemonum

586 1755 803 1807 turbam
834 1758 1032 1823 (neque
1060 1754 1211 1807 enim
1242 1753 1429 1807 divina
1479 1756 1691 1823 justitia
1733 1753 1911 1822 potuit
1956 1753 2161 1806 lentius

585 1861 768 1914 agere,
800 1845 892 1898 ubi
917 1845 1303 1913 longanimitas
1323 1845 1614 1914 profutura
1639 1860 1747 1897 non
1772 1844 1987 1913 fuisset)
2012 1858 2163 1898 com-

586 1935 1020 2005 prehendeutcm
1050 1950 1107 1989 se
1127 1922 1197 2011 'et
1228 1951 1424 1989 manus
1448 1944 1569 2002 post
1623 1942 1836 2003 tergum
1889 1947 2040 1989 actas
2068 1949 2160 1989 rc-

586 2028 942 2091 vincientem,
974 2027 1114 2080 adeo
1148 2040 1209 2081 ut
1250 2042 1469 2082 sacrum
1529 2025 1890 2095 Evangelium
1958 2025 2161 2094 populo

2339 759 2484 827 σμα’.
2537 758 2735 826 Ἱερεὺς
2766 757 2873 827 γάρ
2902 775 2984 821 τις
3015 758 3071 809 ἑν
3101 754 3261 826 κώμῃ
3296 757 3495 826 Kasta?
3535 757 3860 831 καλουμένῃ

2262 848 2486 919 χαλεπῷ
2542 847 2702 900 πάθει
2750 847 3038 916 φιλαυτίας
3088 844 3363 908 ἑαλωκὼς,
3400 847 3569 913 ἡνίκα
3597 847 3666 899 τὰ
3703 858 3859 921 παρα

2263 941 2358 993 τοῦ
2392 940 2535 991 θείου
2566 938 2790 1009 Συμεὼν
2821 938 3139 989 τελεσθέντα
3173 937 3497 1005 παραδόξως
3532 940 3568 1005 ἢ
3607 942 3779 1009 μάθοι
3822 944 3855 1014 ἦ

2263 1032 2347 1083 διὰ
2364 1032 2469 1082 τῶν
2492 1030 2795 1101 παριόντων
2814 1030 2928 1091 ἴδοι,
2948 1029 3175 1096 ἀνομίαν
3188 1030 3315 1097 ὃλην
3332 1029 3428 1099 τὴν
3447 1031 3665 1101 ἡμέραν
3681 1032 3859 1099 ὲλογε.

2265 1121 2388 1183 ζετο
2420 1124 2450 1190 ἡ
2486 1121 2704 1189 γλῶσσα
2736 1119 2899 1173 αὑτοῦ
2924 1160 2936 1181 ,
2966 1121 3156 1187 ἠγάπα
3197 1124 3396 1175 κακίαν
3450 1125 3593 1193 ὑπὲρ
3640 1123 3861 1191 ἀγαθω-

2268 1213 2452 1280 σύνην,
2485 1212 2698 1264 ἀδικίαν
2728 1212 2867 1281 ὑπὲρ
2899 1210 2957 1262 τὸ
2995 1210 3224 1278 λαλῆσαι
3253 1213 3625 1285 δικαιοσύνην,
3663 1217 3861 1286 ἠγάπα

2266 1303 2446 1354 πάντα
2500 1304 2720 1371 ῥήματα
2770 1301 3235 1370 καταποντισμοῦ,
3267 1304 3522 1369 γλῶσσαν
3547 1306 3859 1365 δολίαν,κα“ι

2268 1392 2443 1453 τέλος,
2468 1385 2554 1441 οἷα
2585 1391 2649 1441 τὰ
2690 1391 2788 1456 τῆς
2821 1389 3129 1459 κακούργου
3162 1389 3366 1459 ταύτης
3418 1394 3513 1444 καὶ
3558 1393 3857 1444 ἐπιϐούλου

2271 1482 2348 1539 εἰς
2379 1480 2606 1547 ἔσχατον
2642 1478 2899 1541 ἀπονοίας
2930 1482 3401 1550 γειραγωγούσης,
3424 1482 3736 1550 ἀναθέματι
3762 1483 3858 1533 τὸν

2267 1568 2409 1619 ὅσιον
2465 1566 2774 1619 ὑποϐάλλει.
2850 1568 2956 1619 Καὶ
3022 1570 3365 1638 παραχρῆμα
3420 1570 3695 1638 δαιμόνων
3753 1571 3861 1639 ὁρᾷ

2268 1658 2467 1727 πλῆθος
2499 1658 2945 1727 (μακροθυμῖμςαι
2976 1659 3196 1722 δικαίως
3226 1661 3460 1714 ἐνταῦθα
3495 1662 3596 1713 οὐκ
3618 1664 3857 1731 ἀνασχο-

2275 1750 2440 1819 μένης
2474 1749 2573 1817 τῆς
2642 1748 2816 1817 δίκης,
2855 1750 2989 1800 ὅπου
3040 1749 3112 1818 μὴ
3176 1751 3444 1803 συνοίσειν
3504 1750 3697 1820 ἔμελλε
3744 1753 3861 1812 τοῖς

2268 1841 2484 1902 πολλοῖς
2522 1840 2581 1891 τὸ
2617 1839 2990 1909 μακρόθυμον)
3031 1840 3463 1910 συλλαϐομένους
3502 1840 3670 1893 αὑτὸν
3694 1841 3860 1907 ,ὀπί-

2271 1952 2346 1987 σω
2397 1951 2456 1986 τε
2510 1934 2588 1986 τὼ
2641 1936 2790 2004 χεῖρε
2826 1934 3266 2003 περιαγαγόντας
3315 1936 3410 1987 καὶ⁵
3455 1935 3752 2005 δήσαντας,
3784 1934 3860 1995 ὡς

2271 2027 2408 2094 μήτε
2456 2026 2517 2077 τὸ
2550 2025 2694 2095 ἱερὸν
2722 2024 3052 2092 Εὑαγγέλιον
3088 2026 3165 2088 είς
3197 2020 3311 2078 ὦτα
3335 2025 3596 2079 δύνασθαι
3634 2024 3715 2097 τῷ
3744 2025 3861 2094 λαῷ

589 2118 884 2195 praelegere
919 2125 1015 2170 aut
1068 2117 1313 2171 divinam
1372 2117 1651 2187 liturgiam
1713 2116 1995 2170 celebrare
2053 2132 2164 2175 non

2275 2117 2598 2185 ἀναγνῶναι,
2634 2119 2769 2186 μήτε
2814 2116 2913 2186 τὴν
2979 2116 3131 2169 θείαν
3177 2116 3487 2170 ἐπιτελέσαι
3560 2134 3860 2185 μυσταγω-

594 2207 837 2260 valeret:
879 2208 989 2259 imo
1014 2206 1059 2259 si
1085 2205 1309 2273 quando
1342 2205 1613 2274 ejusmodi
1644 2205 1890 2258 tentabat
1936 2204 2164 2274 aliquid,

586 2297 862 2355 sentiebat
908 2297 1012 2350 sibi
1059 2308 1299 2351 mentem
1349 2313 1652 2365 vocemque
1693 2297 1990 2361 immutari,
2020 2305 2077 2351 et
2112 2298 2166 2351 in

589 2387 975 2442 confusionem
1002 2403 1157 2442 suam
1210 2388 1481 2441 converti.
1537 2387 1691 2452 Quod
1729 2404 1853 2441 cum
1909 2390 2169 2457 nequiret

586 2477 729 2532 ferre
758 2477 1064 2546 presbyter,
1096 2476 1351 2532 fortunas
1402 2477 1465 2535 in,
1502 2477 1645 2541 illos,
1682 2478 1775 2546 qui
1825 2477 2036 2547 aliquid
2096 2478 2171 2531 le-

587 2566 826 2620 vaminis
856 2566 1285 2635 pollicebantur,
1329 2573 1751 2633 consumpserat
1778 2582 1789 2630 ;
1821 2565 2022 2628 donec,
2047 2580 2169 2618 om-

587 2672 713 2710 nem
745 2658 932 2710 animo
975 2667 1231 2711 versante
1266 2657 1683 2725 cogitationem,
1736 2666 2061 2725 arguentem
2110 2671 2169 2711 se

588 2748 1210 2815 reperitconscientiam
1245 2749 1489 2811 illorum,
1512 2764 1635 2818 quae
1684 2763 1829 2818 saepe
1860 2747 2060 2816 saapius
2113 2748 2169 2800 in

588 2846 840 2895 sanctum
884 2838 1216 2908 Symeonem
1251 2855 1542 2908 perperam
1570 2847 1627 2893 et
1683 2839 1959 2892 malitiose
2018 2838 2169 2891 effu-

590 2928 785 2992 tierat;
835 2928 1097 2996 quodque
1126 2943 1237 2981 non
1269 2928 1589 2983 erubuisset
1632 2943 1729 2997 per
1783 2928 2169 2997 gravissimum

588 3016 774 3072 scelus
804 3017 981 3085 ipsum
1022 3018 1399 3087 perstringere
1430 3020 1817 3073 anathemate,

659 3106 783 3160 2l2.
818 3107 932 3161 Hoc
970 3108 1137 3177 igitur
1162 3108 1340 3176 ipsum
1375 3123 1497 3161 esse
1550 3108 1883 3175 intelligens,
1913 3122 2026 3177 quo
2088 3108 2171 3161 in-

589 3195 885 3250 visibiliter
912 3212 942 3248 a
974 3197 1164 3249 divino
1195 3195 1465 3250 sacrificio
1524 3197 1841 3261 arcebatur,
1908 3197 2173 3250 velociter

592 3287 661 3340 ad
690 3295 939 3340 sanetum
969 3286 1139 3349 venit,
1184 3286 1455 3354 petiitque
1489 3287 1707 3340 ardenti
1756 3302 1920 3356 prece
1954 3288 2179 3341 veniam

593 3378 805 3432 delicti.
833 3378 1057 3432 Dicente
1080 3387 1263 3432 autem
1295 3387 1517 3431 sancto:
1562 3378 1677 3431 Nisi
1712 3380 2167 3447 priuspeccatum

2270 2206 2417 2275 γίαν,
2448 2205 2560 2256 ἀλλ’
2583 2206 2671 2257 ὅτε
2712 2221 2767 2257 τι
2807 2206 2900 2257 καὶ
2926 2204 3136 2258 τοιοῦτο
3153 2205 3347 2275 δράσαι
3376 2205 3728 2276 πειράσαιτο,
3758 2209 3859 2275 τήν

2271 2312 2330 2346 τε
2370 2293 2542 2363 φρένα
2568 2293 2660 2344 καὶ
2692 2293 2790 2361 τὴν
2828 2292 3010 2361 φωνὴν
3040 2294 3399 2356 ἀλλοιοῦσθαι,
3424 2295 3520 2347 καὶ
3550 2294 3691 2363 πρὸς
3737 2297 3859 2347 αἰσ-

2273 2383 2440 2453 χύνης
2476 2380 2676 2450 μᾶλλον
2712 2382 2890 2450 ἑαυτῷ
2917 2382 3299 2435 καθίστασθαι.
3337 2384 3515 2455 Ὅπερ
3541 2384 3604 2437 οὐ
3623 2385 3861 2454 φέροντα

2272 2474 2362 2527 τὸν
2397 2474 2570 2543 ἱερέα,
2601 2476 2714 2535 τοῖς
2738 2490 2861 2525 τινα
2895 2473 2987 2526 τοῦ
3018 2472 3189 2527 κακοῦ
3226 2473 3378 2527 λύσιν
3399 2475 3859 2543 ὑπισχνουμένοις

2272 2564 2645 2632 ὲκδαπανῆσαι
2702 2562 2795 2615 καὶ
2825 2563 2920 2633 τὴν
2948 2564 3153 2625 οὐσίαν,
3189 2564 3294 2627 ἕως
3313 2562 3572 2633 λογισμὸν
3594 2565 3651 2615 ὲν
3680 2562 3855 2630 ἐαυτῷ

2272 2654 2449 2707 πάντα
2496 2654 2719 2723 κινήσας
2741 2690 2756 2714 ,
2793 2653 3101 2705 τύπτουσαν
3153 2653 3378 2727 εὕρισκε
3405 2655 3503 2723 τὴν
3525 2653 3849 2723 συνείδησιν,

2272 2739 2353 2806 οἷς
2393 2744 2533 2795 κατὰ
2557 2742 2651 2795 τοῦ
2674 2743 2817 2795 θείου
2845 2742 3070 2812 Συμεὼν
3096 2742 3432 2813 πλημμελῶς
3464 2743 3725 2805 πολλάκις
3743 2742 3856 2815 ᾔδει

2273 2833 2661 2901 φθεγξάμενος,
2718 2835 2810 2884 καὶ
2843 2833 2989 2896 ὅπως
3026 2834 3146 2886 οὐδὲ
3177 2833 3521 2904 ἀναθέματος
3569 2834 3659 2886 tn‘
3694 2834 3853 2889 αὐτὸν

2274 2925 2518 2992 φείσαιτο
2547 2923 2607 2976 τὸ
2637 2924 2961 2979 δεινότατον.

2346 3104 2489 3175 σμβ’.
2536 3103 2707 3157 Τοῦτο
2750 3100 3041 3172 τοιγαροῦν
3089 3103 3262 3156 ἐκεῖνο
3318 3102 3459 3159 εἶναι
3493 3110 3676 3172 συνεὶς
3722 3111 3855 3181 ὅπερ

2274 3198 2437 3250 αὑτὸν
2486 3197 2587 3265 τῆς
2641 3196 2793 3258 θείας
2861 3194 3108 3257 ἀθεάτως
3156 3196 3502 3267 λειτουργίας
3551 3201 3805 3272 ἀπείργοι
3838 3241 3853 3266 ,

2275 3287 2478 3363 σπουδῇ
2513 3288 2642 3355 παρ’
2686 3284 2850 3338 αὐτὸν
2892 3283 3154 3350 ἀνελθὼν,
3194 3290 3544 3358 συγχώρησιν
3572 3291 3693 3361 ᾔτει
3735 3292 3854 3365 θερ-

2278 3380 2411 3448 μῶς.
2442 3378 2546 3430 Τοῦ
2576 3379 2652 3444 δὲ,
2687 3379 2748 3431 El
2781 3379 2855 3449 μὴ
2871 3379 2968 3447 τὴν
2987 3379 3261 3452 ἁμαρτίαν
3278 3397 3372 3434 σου
3391 3384 3657 3454 πρότερον
3673 3385 3859 3455 ἐξαγο-

596 3479 755 3523 tuum
778 3469 1126 3524 confessione
1154 3470 1487 3537 expiaveris,
1535 3484 1657 3538 quae
1699 3469 1797 3523 tibi
1828 3469 2027 3523 venia?
2074 3468 2171 3521 ali—

2275 3468 2510 3539 ρεύσεις,
2544 3471 2788 3533 εἰπόντος
2809 3448 2998 3536 ,ποία
3032 3448 3232 3524 λοιπὸν
3290 3448 3642 3544 συγχωρησις
3706 3448 3854 3530 ἔσται

596 3570 804 3631 quanto
827 3569 1073 3629 tempore
1113 3559 1369 3613 absurdis
1397 3558 1997 3627 atqueimpudentibus
2047 3573 2172 3611 ver—

596 3649 685 3704 bis
713 3664 769 3702 se
802 3650 1148 3718 temperavit.
1173 3650 1387 3713 Deinde,
1425 3665 1549 3703 cum
1613 3649 1790 3713 dolor,
1816 3665 1980 3718 quem
2031 3664 2173 3717 prte-

599 3744 684 3788 ter
716 3736 965 3789 morbum
989 3737 1304 3806 patiebatur
1356 3752 1423 3791 eo
1473 3740 1619 3807 quod
1676 3743 1848 3793 sacris
1905 3728 2175 3793 altaribus

597 3823 1009 3893 prohiberetur,
1042 3826 1408 3892 verecundiae,
1442 3836 1501 3880 ut
1547 3844 1646 3898 par
1685 3838 1823 3892 erat,
1851 3830 2171 3898 praevaluis-

604 3923 689 3967 set
718 3914 1031 3983 (consuevit
1063 3931 1300 3983 namque
1354 3916 1407 3971 id
1442 3918 1588 3985 quod
1639 3918 1912 3973 inﬁrmius
1942 3927 2027 3972 est
2078 3935 2176 3988 per

600 4002 802 4057 fortius
825 4004 1049 4073 expelli,
1075 4015 1129 4057 et
1158 4004 1470 4060 debellatus
1494 4007 1722 4061 atiectus
1745 4008 1942 4064 cedere
1977 4018 2174 4078 poten-

600 4094 751 4162 tiori)
808 4094 982 4162 palam
1039 4112 1135 4148 sua
1199 4099 1445 4150 narravit
1502 4097 1715 4162 omnia;
1759 4114 1921 4167 quam
1968 4100 2178 4153 nefaria

601 4184 799 4237 crebro
834 4185 890 4238 in
917 4196 1167 4240 sanctum
1196 4188 1537 4255 garrivisset,
1572 4189 1832 4257 quodque
1878 4205 1986 4242 non
2008 4190 2177 4243 absti-

603 4275 1210 4343 nuissemnathemate,
1239 4278 1335 4332 sed
1372 4280 1449 4333 illi
1481 4279 1661 4349 ipsum
1691 4296 1880 4334 amens
1916 4281 2178 4349 subiecis—

604 4375 708 4418 set.
744 4364 883 4419 Tum
921 4377 1169 4432 sanctus,
1213 4377 1362 4423 totus
1413 4370 1705 4439 benignus.
1766 4380 1917 4425 totus
1958 4372 2177 4425 miseri-

600 4469 747 4517 cors,
783 4463 933 4509 totus
959 4457 1325 4526 compatiens,
1356 4457 1623 4528 unigeniti
1656 4458 1779 4511 Filii
1817 4459 1913 4512 Dei
1952 4458 2179 4511 commi-

600 4544 935 4599 serationem
967 4554 1023 4599 et
1049 4546 1431 4602 inexhaustam
1491 4548 1794 4601 bonitatem
1855 4548 2175 4617 implorans,

600 4630 869 4699 impresso
929 4634 1205 4687 sacerdoti
1266 4646 1629 4690 sacrosancta:
1669 4637 1850 4691 crucis
1896 4638 2083 4706 signo:
2120 4637 2177 4692 In

600 4722 849 4789 nomine,
904 4724 1107 4793 inquit,
1158 4724 1377 4780 Domini
1439 4727 1564 4783 Jcsu
1613 4727 1820 4783 Christi
1880 4730 2097 4784 solutus
2120 4743 2180 4783 es

597 4813 940 4868 retinaculis.
982 4815 1186 4869 Confer
1222 4824 1272 4870 te
1301 4818 1467 4887 igitur
1505 4818 1572 4872 ad
1603 4818 1889 4873 ecclesiam
1922 4828 2094 4883 tuam,
2123 4826 2179 4872 et

597 4916 1013 4960 sacrosanctum
1045 4907 1253 4961 Christi
1299 4909 1654 4980 Evangelium
1685 4911 1823 4965 bene
1848 4927 2015 4966 sanus
2051 4926 2178 4980 per-

596 4992 768 5063 leges,
795 5005 849 5049 et
877 5011 1141 5051 arcanum
1174 4998 1227 5050 in
1257 4999 1417 5053 altari
1450 5001 1782 5056 sacrificium
1810 5018 1959 5057 more
2015 5004 2177 5059 solito

598 5085 819 5140 offeres.
848 5087 998 5141 Dixit
1027 5088 1142 5143 haec
1175 5090 1287 5154 ille,
1324 5100 1375 5145 et
1403 5092 1689 5162 presbyter
1717 5095 1924 5149 meritae
1954 5096 2032 5149 illi
2055 5096 2177 5151 vin-

596 5177 758 5230 dictae
782 5188 1070 5248 exemptus
1114 5190 1219 5241 est,
1241 5190 1298 5235 et
1353 5198 1525 5237 sacra:
1574 5184 1808 5255 liturgiae
1862 5186 1931 5239 ad
1961 5187 2170 5241 exitum

598 5282 773 5337 usque
807 5270 950 5334 vitae,
983 5272 1062 5326 uti
1094 5282 1220 5327 ante
1246 5274 1447 5329 solitus
1476 5274 1678 5340 fuerat,
1713 5292 1931 5346 semper
1984 5294 2175 5349 opera-

601 5371 690 5413 IUS
712 5370 814 5412 9.8L

667 5448 793 5503 245.
835 5451 963 5505 Post
995 5453 1108 5506 haec
1147 5454 1440 5510 adducitur
1465 5458 1530 5512 ad
1571 5458 1748 5526 ipsum
1779 5476 1977 5526 caecus,
2009 5462 2185 5517 altero

598 5542 737 5610 pede
780 5553 929 5599 stare
978 5547 1246 5615 nequiens
1290 5566 1401 5619 pra)
1442 5552 1702 5623 paralysi,
1750 5568 1812 5607 ac
1858 5555 2035 5609 tribus
2073 5556 2186 5611 daa-

598 5638 797 5691 moniis
843 5638 1170 5706 exagitatus.
1212 5638 1508 5699 Miseratus
1541 5642 1774 5715 Symcon
1808 5649 2185 5703 multimodam

593 5741 663 5781 ac
686 5730 953 5785 diversam
987 5730 1227 5789 hominis
1249 5735 1637 5803 calamitatem,
1661 5737 1725 5793 ad
1759 5739 2192 5796 misericordiam

2279 3578 2359 3612 σοι
2376 3579 2390 3627 ;
2424 3562 2605 3628 ἐπεῖχε
2624 3562 2783 3629 μέχρι
2800 3561 2942 3623 τινὸς
2962 3561 3172 3628 ὑπὸτῆς
3192 3562 3453 3631 αίσχύνης
3470 3566 3701 3629 ἐκεῖνος.
3725 3563 3853 3620 Εἶτα

2276 3656 2370 3721 τῆς
2388 3653 2479 3703 ἐπὶ
2506 3650 2583 3720 τῷ
2611 3651 2771 3705 πάθει
2801 3652 2975 3721 λύπης
3016 3652 3045 3705 ὅ
3079 3655 3304 3723 πάσχων
3327 3649 3395 3725 ἦν
3422 3655 3513 3707 ἐπὶ
3536 3660 3603 3727 τῇ
3626 3658 3747 3711 θεία
3764 3678 3859 3730 μυ.

2279 3743 2578 3813 σταγωγίᾳ,
2628 3742 2725 3812 τὴν
2756 3742 3017 3812 αίσχύνην
3062 3744 3157 3811 (ὼς
3202 3744 3859 3820 εἰκὺς)διακρουσαμένης

2282 3833 2425 3905 (ἐπεὶ
2448 3836 2541 3885 καὶ
2570 3833 2775 3901 πέφυκε
2795 3834 2871 3902 τῷ
2892 3834 3098 3903 μείζονι
3116 3834 3175 3887 τὸ
3193 3831 3357 3907 ἦττον
3373 3838 3757 3907 ὲκκρούεσθαι,
3773 3842 3859 3894 καὶ

2276 3924 2337 3974 τὸ
2381 3922 2683 3992 νικώμενον
2703 3922 2789 3976 ἀεὶ
2827 3922 2997 3986 πάθος
3037 3924 3341 3995 ὑποχωρεῖν
3361 3925 3439 3996 τῷ
3456 3929 3767 4001 κρατοῦντι)
3786 3929 3858 3984 δι-

2280 4012 2471 4083 εξῆλθε
2502 4014 2679 4068 πάντα
2711 4013 3035 4081 σαφῶς,ὂσα
3050 4016 3307 4079 πολλάκις
3326 4016 3479 4087 αὐτῷ
3509 4020 3633 4071 κατ’
3655 4022 3858 4075 ἐκείνου

2280 4103 2522 4174 λεχθείη,
2567 4104 2662 4155 καὶ
2723 4103 2870 4167 ὅπως
2904 4105 3022 4157 οὐδὲ
3054 4106 3393 4177 ἀναθιματος
3450 4098 3537 4159 ἐπ’
3571 4109 3735 4162 αὐτὸν
3758 4112 3850 4163 ἁπ-

2280 4197 2492 4264 έσχετο,
2526 4194 2659 4248 ἀλλὰ
2688 4196 2781 4248 καὶ
2815 4195 2966 4267 αὐτῷ
2993 4195 3178 4249 τοῦτον
3209 4198 3455 4268 ἀνοήτως
3478 4198 3855 4269 ὑποϐεσλήκει.

2294 4286 2355 4338 Ὀ
2394 4284 2451 4336 δὲ
2478 4285 2527 4337 ὃ)
2540 4302 2597 4347 ος
2627 4289 2933 4356 χρηστότης
2956 4325 2971 4350 ,
2996 4286 3117 4349 ὅλος
3160 4284 3359 4351 οἶκτος,
3400 4287 3522 4349 ὅλος
3558 4291 3860 4357 συμπάθεια

2288 4380 2396 4433 τῶν
2424 4381 2521 4434 τοῦ
2558 4382 2882 4450 μονογενοῦς
2913 4381 3213 4452 οἰκτιρμῶν
3237 4381 3422 4444 εὐθὺς,
3457 4384 3552 4436 καὶ
3588 4384 3687 4453 τῆς
3725 4384 3848 4437 ἁδα-

2292 4473 2536 4542 πανήτου
2568 4472 2936 4543 χρηστότητος
2991 4472 3131 4542 ὑπὲρ
3174 4473 3339 4525 αὑτοῦ
3381 4473 3635 4544 δεόμενος
3656 4472 3746 4545 ἦν,
3765 4478 3855 4528 καὶ

2280 4564 2359 4634 τῷ
2401 4564 2494 4617 τοῦ
2544 4563 2779 4634 σταυροῦ
2818 4564 3032 4635 σημείῳ
3081 4564 3175 4616 τὸν
3223 4566 3373 4633 ίερέα
3402 4566 3731 4635 σφραγίσας,
3774 4567 3857 4621 Ἐν

2282 4655 2357 4725 τῷ
2390 4656 2615 4727 ὀνόματι
2640 4655 2736 4709 τοῦ
2778 4656 2983 4725 Κυρίου
3031 4654 3205 4725 Ἰησοῦ
3238 4655 3477 4728 Χριστοῦ
3517 4657 3735 4710 λέλυσαι
3758 4658 3857 4710 τῶν

2212 4780 2253 4834 D
2282 4745 2521 4816 δεσμῶν,
2578 4745 2681 4815 ἔφη
2709 4763 2723 4776 ⁸
2766 4746 3061 4817 Πορευθεὶς
3090 4747 3243 4817 παρὰ
3288 4748 3385 4815 τὴν
3440 4748 3735 4816 ἐκκλησίαν
3771 4765 3855 4801 σου

2288 4839 2487 4900 τοίνυν,
2530 4839 2590 4891 τό
2640 4855 2701 4891 τι
2756 4838 2898 4891 θετον
2957 4840 3127 4907 ὑγιῶς
3186 4840 3515 4907 Εὑαγγέλιον
3550 4840 3852 4913 ἀναγνώσῃ,

2285 4932 2380 4983 καὶ
2437 4932 2535 4999 τὴν
2578 4931 2845 5000 μυστικὴν
2888 4931 2962 4994 ὡς
2994 4932 3085 4983 καὶ
3118 4931 3312 5001 πρώην
3358 4935 3426 5001 τῇ
3462 4933 3583 5003 ἱερᾷ
3619 4933 3852 5002 τραπέζῃ

2283 5019 2473 5072 θυσίαν
2506 5020 2836 5090 προσοίσεις.
2874 5017 3010 5073 Εἶπε
3041 5020 3232 5083 ταῦτα,
3264 5023 3359 5073 καὶ
3387 5023 3448 5073 τὸ
3469 5007 3676 5074 δίκαιον
3695 5025 3855 5076 ἐκεῖνο

2280 5110 2451 5171 πάθος
2479 5110 2677 5163 αὐτίκα
2706 5115 2734 5163 ὁ
2764 5110 2942 5181 ίερεὺς
2958 5110 3209 5175 ἀπέθετο,
3243 5111 3336 5163 καὶ
3364 5113 3395 5179 ἡ
3435 5110 3554 5162 θεία
3593 5110 3752 5180 μέχρι
3774 5126 3854 5162 τε-

2277 5201 2475 5270 λευτῆς
2518 5202 2591 5264 ὡς
2636 5203 2730 5255 καὶ
2781 5202 3046 5273 πρότερον
3088 5202 3237 5274 αὑτῷ
3287 5202 3644 5273 μυσταγωγία
3683 5205 3853 5256 tuu-

2287 5289 2447 5343 λεῖτο.

2360 5464 2505 5533 σμγ’.
2537 5459 2671 5519 Εἶτα
2702 5466 3037 5537 προσάγεταί
3067 5483 3150 5529 τις
3193 5464 3342 5536 αὐτῷ
3382 5466 3603 5536 τυφλὸς,
3638 5468 3852 5525 οὒδῚπὶ

2293 5556 2387 5609 τοῦ
2431 5556 2602 5626 ἰσχίου
2653 5558 2844 5627 στῆναι
2875 5557 3191 5629 δυνάμενος,
3223 5559 3358 5613 ἀλλὰ
3386 5558 3664 5613 καὶτοῦτο
3683 5559 3849 5621 δεινῶς

2301 5650 2655 5717 παρειμένος,
2686 5650 2904 5721 δαίμοσί
2927 5668 2985 5703 τε
3015 5652 3188 5723 τρισὶν
3205 5650 3558 5722 ᾐταξὸμενος.
3600 5652 3658 5704 Ὀ
3695 5654 3746 5709 δὲ
3766 5651 3849 5717 τῆς

2302 5741 2617 5807 πολυειδοῦς
2667 5744 2826 5797 αὐτὸν
2874 5745 2967 5798 καὶ
3010 5743 3261 5815 ποικίλης
3307 5743 3599 5816 συμφορᾶς
3640 5743 3848 5815 ἐλεήσας
