4076 6330
222 390 361 457 3217

1296 385 1657 446 EPISTOLA
1689 382 1788 442 AD
1820 380 2209 443 JUS’I‘iNUM
2247 376 2405 439 1MP;

3332 354 3492 422 asta»

223 504 587 578 θμυπήσαντα
613 501 743 555 Θεδν
766 501 959 569 Λόγον,
992 499 1085 553 καὶ
1109 499 1186 561 είς
1216 498 1315 568 τὴν
1344 498 1615 565 παναγῖαν
1648 496 1795 549 ἔνδο-

1912 492 2120 549 omnem
2181 492 2455 569 actionem
2508 486 2917 556 blasphemam,
2971 486 3363 553 praesumptam
3417 474 3478 530 in

223 602 316 666 εον
341 601 676 669 βεομήτορι,
707 597 801 649 καὶ
833 594 921 647 τὸν
949 593 1257 645 πάνσεπτον
1285 591 1379 645 καὶ
1410 591 1591 661 τίμιον
1633 604 1796 643 σταυ-

227 694 341 765 ρὸν,
375 693 465 747 καὶ
491 695 565 756 εἰς
594 693 720 751 τοὺς
752 688 939 757 ἁγίους
970 684 1158 738 αὐτοῦ.

255 1028 261 1038 ι
297 963 387 1017 At?)
431 962 936 1029 ὑπομιμνήσκοντες
986 956 1333 1026 ἀναφέρομεν
1378 952 1471 1005 ἐπὶ
1504 951 1603 1015 τὰς
1647 950 1799 1012 θείας

226 1054 381 1124 ὑμῶν
413 1054 603 1114 ἀκοὰς,
639 1053 718 1104 ὅτι
751 1052 799 1103 εί
823 1052 873 1102 οί
912 1048 1266 1109 πανευσεϐεἶς
1311 1045 1421 1097 τῶν
1474 1044 1800 1101 καλλινίκων

232 1143 389 1213 ὑμῶν
405 1144 558 1212 νόμοι
584 1139 1067 1210 παρακελεύονται,
1081 1138 1285 1199 εἰκόνος
1302 1134 1561 1205 βασιλέως
1584 1133 1801 1201 ἐνυϐρι-

222 1235 479 1301 ζομένης,
494 1233 708 1301 θανάτῳ
722 1230 942 1300 ἐξαισίῳ
959 1229 1049 1282 καὶ
1065 1226 1404 1295 πανολεθρίῳ
1417 1221 1802 1289 παραδίδοσθαι

219 1328 348 1388 τοὺς
364 1325 521 1378 τοῦτο
540 1325 837 1393 ἐπιχειρεῖν
854 1319 1189 1389 τολμῶντας,
1208 1317 1379 1385 πόσης
1396 1317 1503 1386 ἄρα
1527 1314 1665 1379 ἄξιοί
1698 1316 1803 1366 εἱσι

223 1413 517 1483 καταδίκης
535 1415 612 1475 εἰς
629 1410 922 1474 ἀπώλειαν,
943 1410 991 1462 oi
1012 1411 1089 1471 είς
1105 1409 1205 1477 τὴν
1220 1406 1406 1459 εἰκόνα
1422 1405 1514 1458 τοῦ
1540 1403 1671 1457 Υἱοῦ
1710 1403 1802 1456 τοῦ

221 1504 382 1568 Θεοῦ,
408 1505 615 1572 καὶτῆς
636 1503 909 1571 παναγίας
936 1500 1146 1565 ἐνδόξου
1172 1498 1433 1552 Θεοτόκου
1459 1497 1594 1567 μετά
1623 1498 1804 1565 πάσης

220 1592 449 1645 ἀλέκτου
482 1592 773 1657 ἀναιδείας,
797 1590 891 1644 καὶ
927 1590 1198 1651 ἀσεϐείας,
1225 1590 1318 1641 καὶ
1338 1587 1425 1641 διὰ
1454 1589 1514 1640 τὸ
1532 1586 1803 1657 ὑπερϐάλ-

218 1683 312 1736 λον
343 1683 514 1737 κακὸν
545 1685 647 1736 οὐκ
676 1682 783 1752 ἔχω
816 1683 868 1735 τί
905 1679 1335 1746 εἰπεῖν,τοιαῦτα
1380 1680 1799 1749 τετολμηκότες,

223 1773 493 1844 μηδεμιᾶς
557 1775 635 1835 εἰς
682 1773 929 1835 αὑτοῦςι
981 1770 1289 1839 γενομένης
1341 1769 1797 1839 φιλανθρωπίαςς

215 1866 341 1918 ὅθεν
384 1866 741 1934 δυσωποῦμεν
789 1865 850 1917 τὸ
894 1863 1206 1917 καλλίνικον
1260 1863 1414 1932 ὑμῶν
1463 1862 1685 1934 κράτος,
1725 1861 1798 1932 μὴ

219 1957 447 2025 ποιῆσαι
493 1956 638 2019 ἕλεος
678 1959 756 2018 είς
804 1956 930 2017 τοὺς
980 1954 1138 2007 τοῦτο
1176 1952 1601 2023 τετολμηκότας,
1662 1954 1798 2023 μήτε

216 2049 509 2115 φείσασθαι
549 2048 748 2111 αὐτῶν,
797 2047 938 2116 μήτε
989 2046 1088 2116 τὴν
1128 2045 1343 2097 οἶανοῦν
1377 2045 1726 2114 παράκλησιν
1766 2045 1797 2115 ἢ

218 2136 512 2204 ἀπολογίαν
574 2135 829 2201 δέξασθαι
886 2135 1014 2205 περὶ
1064 2136 1263 2196 αὐτῶν,
1319 2135 1407 2186 ἵνα
1462 2135 1536 2205 μὴ
1587 2136 1681 2187 καὶ
1723 2137 1802 2197 εἰς

215 2227 347 2279 ἄλλο
392 2245 444 2278 τι
489 2226 775 2296 τραπῶσι,
828 2224 1011 2288 καοὼς
1086 2224 1187 2296 ἤδη
1247 2224 1482 2294 Θεωρίαν
1537 2226 1802 2297 ἑωρακὼς

217 2318 369 2387 ἥμην
394 2316 641 2385 δηλώσας
682 2315 760 2386 τῷ
793 2315 1089 2386 Αὐγούστῳ
1122 2316 1250 2386 μηνὶ
1280 2315 1359 2385 τῷ
1392 2318 1679 2386 ἁγιωτάςῳ
1710 2319 1804 2370 καὶ

218 2409 531 2479 θεοτιμήτῳ
582 2410 900 2480 πατριάρχῃ
927 2450 940 2474 ,
997 2410 1245 2478 σημάνας
1281 2411 1337 2461 ὲν
1380 2409 1457 2479 τῷ
1503 2412 1638 2474 τέως
1672 2413 1802 2480 παρ’

220 2499 400 2565 ἑαυτῷ
433 2500 595 2570 ἔχειν.
629 2502 703 2553 UO
740 2501 850 2571 γὰρ
891 2500 1126 2571 ἔκρυψεν
1169 2501 1263 2570 ἀφ’
1295 2501 1451 2571 ἡμῶν
1500 2505 1528 2555 ὁ
1576 2503 1707 2565 Θεὸς
1735 2502 1806 2555 τὰ

216 2592 502 2645 διαϐούλια
540 2593 744 2646 αὐτῶν.
787 2592 948 2645 Ὅθεν
996 2592 1513 2663 πεπληροφόρημαι,
1547 2594 1805 2647 ἀεισέϐα-

219 2701 338 2737 στοι
389 2685 811 2755 αὐτοκράτορες,
862 2686 1068 2754 ὃτιούχ
1126 2680 1437 2753 ύπενέγκοῖ
1467 2685 1736 2755 βαστάσαι
1770 2689 1804 2758 ἠ

220 2776 329 2829 ὑπὸ
360 2776 455 2847 τῆς
493 2775 915 2845 μεγαλειότητος
945 2776 1110 2829 αὑτοῦ
1154 2776 1543 2849 ἐλλαμπομένη
1573 2779 1802 2849 θεοστή-

224 2881 409 2935 ρικτος
442 2866 595 2935 ὑμῶν
628 2865 824 2935 καρδία
855 2866 952 2936 τὴν
995 2867 1265 2936 τοσαύτην
1295 2868 1393 2936 τῆς
1423 2868 1646 2938 ἀτιμίας
1673 2870 1801 2923 ἀτο-

218 2952 377 3016 πίαν,
426 2954 494 3024 ἣν
550 2954 805 3007 οὐδέποτε
839 2957 1001 3025 μέχρι
1030 2955 1125 3009 τοῦ
1165 2956 1260 3010 νῦν
1292 2957 1633 3029 ἀκηκόαμεν,
1664 2959 1806 3029 τάχα

218 3044 285 3098 δὲ.
303 3042 428 3097 οὕτε
454 3044 610 3108 ἀλλος
638 3046 982 3116 Χριστιανός.

307 3226 667 3297 ’Δλλ’ὲνορκῶ
690 3226 853 3297 ὑμᾶς,
886 3226 1138 3292 δέσποτα,
1169 3226 1310 3281 κατά
1345 3227 1436 3281 τοῦ
1454 3227 1803 3299 Ἑμμανουὴλ

222 3319 363 3373 Θεοῦ
416 3319 663 3389 ὑψίστου,
704 3320 779 3389 μὴ
810 3320 1097 3390 ἀναμεῖναι
1128 3321 1266 3392 μήτε
1292 3322 1429 3392 πρὸς
1477 3324 1673 3393 μικρὸν
1708 3322 1803 3376 τοῦ

222 3410 480 3478 γενέσθαι
530 3411 627 3481 τὴν
697 3411 1011 3481 πρέπουσαν
1060 3412 1378 3483 ἐκδίκησιν·
1431 3412 1688 3466 κελεῦσαι
1748 3415 1805 3468 δὲ

224 3503 594 3572 ἐκζητηοῆναι
630 3502 724 3556 καὶ
755 3502 825 3555 τὰ
876 3504 933 3555 ἑν
973 3502 1051 3573 τῷ
1105 3503 1302 3571 φρέατι
1347 3504 1609 3572 γεγονότα
1654 3504 1806 3575 παρά

224 3594 329 3660 τῆς
369 3592 814 3663 ὑπερϐαλλούσης
853 3593 1031 3646 αὐτῶν
1090 3594 1469 3662 παγκακίστου
1521 3597 1805 3666 πονηρίας,

225 3686 370 3738 κατά
403 3684 501 3755 τὴν
531 3686 673 3755 ὑφὴν
700 3687 797 3756 τῆς
829 3685 971 3754 πρὸς
991 3686 1089 3757 τὴν
1116 3686 1274 3755 ἡμῶν
1302 3687 1631 3756 μετριότητα
1682 3691 1806 3742 ἑπι-

228 3778 452 3847 στολῆς·
492 3778 565 3849 μὴ
600 3780 1041 3850 προσδεχομένης
1093 3782 1193 3848 τῆς
1238 3780 1602 3850 ἡμερωτάτης
1653 3779 1808 3849 ὑμῶν

224 3870 566 3936 δεσποτείας,
601 3872 647 3923 εί
678 3872 808 3933 ἴσως
836 3870 1048 3935 δόξουσί
1077 3887 1223 3932 τινες
1266 3871 1622 3939 ὑποσπείρειν
1646 3871 1809 3933 ἁκαίτ

229 3977 360 4030 ρους
414 3960 624 4029 λόγους,
670 3961 744 4023 ὡς
800 3962 1193 4016 δεσποινιακῶν
1243 3960 1423 4015 αὐτῶν
1481 3963 1671 4028 ὄντων,
1713 3963 1808 4015 τοῦ

225 4049 364 4102 θεοῦ
409 4049 503 4102 τοῦ
559 4050 853 4114 δεδωκότος
882 4035 1034 4119 ⁸ὑμῖν
1085 4052 1146 4103 τὸ
1174 4051 1374 4121 κράτος
1435 4050 1610 4114 οὕτως
1666 4052 1812 4122 ὑπὲρ

227 4144 413 4196 πᾶσαν
447 4142 702 4195 ἀσέϐειαν
742 4142 1153 4213 ἐνυϐρισθέντος
1179 4160 1193 4175 ο
1228 4146 1378 4207 ὅπως
1408 4144 1503 4196 καὶ
1550 4144 1600 4197 οἱ
1635 4144 1813 4197 λοιποὶ⁸

226 4235 409 4290 αὐτῶν
441 4234 602 4303 φόϐον
629 4234 794 4303 ἔχωσι
835 4236 1013 4298 πάσας
1044 4235 1142 4298 τάς
1190 4236 1407 4305 ἡμέρας
1441 4236 1559 4304 ,τῆς
1606 4236 1815 4306 ἐπαρά-

224 4344 321 4380 του
369 4329 464 4379 καὶ
492 4325 883 4397 ἀφωρισμένης
923 4324 1099 4378 αὐτῶν
1125 4323 1369 4394 βιώσεως
1393 4342 1406 4357 ·
1431 4324 1525 4389 οὓς
1557 4325 1653 4379 καὶ
1676 4327 1815 4379 ἀπο-

224 4417 439 4483 δέξεται
477 4417 538 4470 τὸ
590 4415 851 4484 συγγενὲς
903 4414 1081 4468 αὐτῶν
1114 4416 1302 4478 σκότος
1344 4417 1425 4479 είς
1465 4398 1563 4482 τὴν
1591 4417 1815 4483 καταδί-

1901 588 2079 656 ipsum
2117 585 2209 640 Dei
2243 582 2519 643 Verbum,
2552 578 2698 649 quod
2735 583 2963 646 propter
2997 588 3099 628 nos
3132 572 3476 625 incarnatum

1898 686 2001 742 est,
2027 685 2083 731 et
2106 677 2160 731 in
2178 672 2579 731 sanctissimam
2603 684 2667 723 ac
2686 667 2977 738 gloriosam
3001 665 3097 719 Dei
3120 659 3475 722 Genitriccm,

1900 777 2063 836 atque
2098 767 2152 820 in
2182 764 2551 820 venerabilem
2581 774 2645 813 ac
2671 758 2965 829 pretiosam
2997 768 3239 816 crucem,
3262 764 3478 806 necnon

1898 866 1954 911 et
1982 858 2034 910 in
2067 864 2286 911 sanctos
2313 855 2453 924 ejus.

1972 950 2202 1017 PrOpter
2232 948 2376 1016 quod
2418 949 2913 999 commemorantes
2950 934 3294 1006 suggerimus
3334 928 3479 984 divi-

1900 1039 1987 1092 nis
2024 1037 2251 1091 auribus
2281 1034 2504 1095 vestris,
2533 1030 2815 1101 quoniam.
2839 1028 2883 1084 si
2919 1024 3179 1096 piissima:
3212 1020 3478 1076 bonarum

1902 1128 2259 1182 victoriarum
2285 1136 2595 1180 vestrarum
2620 1123 2770 1193 leges
2792 1121 3011 1192 jnbent,
3036 1114 3273 1185 imagine
3304 1111 3481 1179 impe-

1903 1220 2102 1273 ratoris
2136 1217 2354 1287 injuriis
2384 1214 2660 1277 lacessita,
2689 1212 2854 1267 morti
2887 1221 3164 1279 suprema:
3194 1217 3259 1257 ac
3291 1198 3483 1274 perni-

1902 1311 2221 1367 ciosissima:
2254 1307 2583 1362 tradendos.
2614 1307 2709 1375 qui
2749 1304 2855 1357 hoc
2888 1298 3078 1355 conari
3114 1306 3483 1367 prtesnmpsc-

1903 1403 2035 1463 rint,
2067 1410 2293 1468 quanta,
2322 1407 2505 1466 putas,
2536 1396 2688 1465 digni
2722 1402 2851 1448 sunt
2879 1392 3237 1447 damnatione
3269 1388 3326 1440 in
3360 1399 3487 1455 per-

1904 1493 2199 1554 ditionem,
2227 1489 2329 1558 qui
2354 1489 2405 1541 in
2440 1486 2735 1557 imaginem
2759 1483 2883 1554 Filii
2912 1481 3008 1537 Dei
3038 1490 3089 1534 et
3124 1475 3488 1533 sanctissima

1904 1600 1967 1638 ac
2020 1584 2272 1654 gloriosa:
2314 1581 2410 1635 Dei
2442 1579 2742 1635 Genitricis
2792 1591 2916 1630 cum
2970 1572 3121 1628 omni
3170 1567 3484 1626 incessabili

1906 1672 2224 1746 [indicibiii]
2286 1670 2628 1741 impudentia
2682 1679 2739 1723 et
2793 1668 3111 1735 impietate,
3160 1671 3216 1717 et
3263 1669 3488 1732 propter

1906 1765 2130 1819 nimiam
2181 1763 2478 1824 malitiam,
2517 1776 2625 1814 non
2681 1759 2859 1813 habeo
2905 1756 3050 1827 quod
3099 1755 3315 1815 dicam,
3359 1751 3489 1804 talia

1904 1863 2403 1927 prtesumpsernnt,
2456 1852 2603 1907 nulla
2652 1852 2707 1904 in
2757 1841 3490 1905 eisfactamisericordia?

1903 1949 2056 2004 Unde
2098 1948 2452 2003 obsecramus
2491 1942 3007 1998 victoriosissimum
3049 1936 3344 2006 imperium
3390 1950 3489 1985 γι-

1904 2050 2113 2103 strum,
2162 2054 2228 2093 ne
2277 2038 2440 2092 faciat
2488 2033 2924 2090 misericordiam
2988 2032 3043 2085 in
3100 2044 3198 2082 eos
3243 2026 3336 2097 qui
3385 2025 3492 2078 hoc

1903 2146 2061 2199 agere
2098 2131 2216 2183 ausi
2253 2137 2410 2191 sunt,
2446 2142 2625 2196 neque
2661 2132 2850 2195 parcat
2882 2123 2992 2185 eis,
3029 2134 3207 2189 neque
3241 2117 3493 2187 qualem-

1905 2236 2120 2291 cunq-e
2186 2220 2611 2289 postulationem
2675 2216 2759 2271 vel
2818 2215 3091 2269 rationem
3157 2225 3323 2279 super
3384 2208 3493 2261 illis

1906 2314 2139 2383 accipiat
2166 2327 2234 2366 ne
2266 2312 2319 2365 in
2350 2310 2499 2365 aliud
2529 2309 2662 2380 quid
2694 2315 3005 2368 vertantur,
3033 2302 3199 2358 sicuti
3229 2298 3339 2371 jam
3371 2299 3491 2352 visu

1904 2405 2151 2459 videram
2188 2403 2439 2458 indicans
2463 2405 2716 2472 Augusto
2755 2412 2940 2453 mense
2982 2393 3332 2465 sanctissimo
3366 2400 3418 2445 et
3462 2406 3497 2445 τι

1905 2499 2017 2552 Deo
2043 2494 2528 2551 lionorabilissimo
2556 2491 2906 2564 patriarchae,
2924 2487 3243 2560 signiﬁcans
3269 2483 3493 2539 interim

1908 2590 2012 2644 hoc
2041 2588 2186 2659 apud
2214 2604 2274 2643 se
2301 2584 2632 2642 servandum
2679 2602 2691 2637 :
2736 2596 2913 2652 neque
2952 2580 3099 2634 enim
3138 2575 3430 2632 abscondit
3467 2593 3496 2627 ;ι

1906 2682 2067 2737 nobis
2096 2682 2239 2736 Deus
2268 2679 2631 2750 cogitationes
2657 2691 2875 2732 eorum.
2910 2672 3066 2729 Unde
3108 2677 3299 2726 certus
3342 2683 3507 2729 suun,

1906 2790 2126 2844 semper
2167 2772 2401 2843 Augusti
2453 2770 2849 2841 imperatores,
2902 2763 3051 2837 quod
3101 2779 3212 2817 non
3266 2760 3507 2816 suﬁ'erat.

1908 2870 2021 2925 Deo
2070 2868 2457 2925 conﬁrmatum
2508 2881 2608 2923 cor
2655 2874 2931 2922 vestrum.
2972 2859 3119 2931 quod
3182 2857 3357 2928 ipsius
3410 2866 3511 2913 est.

1908 2960 2286 3033 magnitudine
2311 2960 2670 3021 illustratum,
2695 2964 2900 3010 tantam
2932 2949 3338 3007 inhonorantire
3367 2964 3497 3018 pro—

1907 3052 2220 3113 cacitatem,
2255 3064 2419 3120 quam
2461 3060 2745 3115 nunquam
2791 3045 2901 3098 huc
2944 3056 3123 3111 usque
3160 3038 3511 3102 audivimus..

1830 3164 1875 3226 ρ
1910 3142 2163 3198 fortassis
2191 3152 2375 3196 autem
2401 3153 2506 3195 nec
2533 3136 2677 3192 alius
2703 3134 2997 3205 quisquam
3023 3132 3496 3189 Christianorum.
3513 3188 3529 3204 ο

1969 3234 2089 3305 _Sed
2135 3234 2329 3304 adjuro
2371 3246 2499 3295 vos,
2533 3228 2785 3289 domine,
2812 3242 2914 3298 per
2955 3224 3280 3280 Emmanuel
3321 3223 3533 3305 Deunr‘f

1910 3299 2218 3390 eiceisnm,
2247 3339 2319 3378 ne
2362 3322 2643 3379 suﬁ'eratis
2678 3319 2876 3374 saltem
2922 3318 2991 3373 ad
3039 3315 3317 3370 modicum
3363 3299 3535 3384 quid'.

1912 3418 2033 3473 ﬁeri
2089 3418 2378 3472 decentem
2428 3414 2767 3479 vindictam;
2828 3412 2922 3467 sed
2980 3410 3227 3481 jubeatis
3279 3408 3501 3477 exquiri

1912 3505 2077 3559 etiam
2113 3503 2204 3557 illa’
2238 3519 2359 3573 quae
2391 3503 2445 3557 in
2474 3510 2647 3572 putco
2671 3501 2818 3557 facta
2859 3506 2990 3555 sunt
3023 3515 3054 3553 a
3094 3499 3266 3552 nimia
3304 3512 3501 3552 eorum

1912 3605 1970 3652 et
2008 3597 2246 3665 pessima
2288 3594 2568 3665 nequitia,
2608 3593 2921 3649 secundum
2961 3600 3211 3649 tenorem
3254 3590 3504 3659 epistolae

1914 3704 2036 3758 quae
2085 3687 2153 3741 ad
2198 3697 2444 3742 nostram
2496 3686 2941 3743 mediocritatem
2990 3671 3314 3753 transmissa
3355 3692 3443 3737 est
3485 3699 3500 3737 :

1916 3779 2143 3833 minime
2202 3778 2558 3847 permittente
2621 3775 3067 3831 mansuetissima
3124 3772 3504 3828 dominatione

1915 3878 2131 3933 vestra,
2180 3871 2226 3924 si
2276 3869 2421 3924 forte
2476 3868 2799 3940 putaverint
2849 3865 3072 3936 quidam
3121 3864 3506 3920 subseniinaro

1917 3962 2261 4030 importunos
2306 3974 2619 4024 sermones,
2673 3973 2798 4012 cum
2845 3957 3004 4027 quasi
3052 3955 3345 4010 dominicae
3395 3955 3509 4008 sint

1919 4050 2211 4121 potestatis
2235 4049 2378 4123 [Gr.,
2397 4064 2453 4119 q.
2475 4048 2541 4103 ad
2568 4048 2807 4103 dominae
2835 4047 2875 4101 i.
2893 4050 3151 4117 Augustae
3178 4052 3507 4116 potestatem

1919 4140 2285 4212 pertineant],
2319 4140 2556 4209 Deoqui
2587 4139 2743 4194 dedit
2769 4138 2929 4194 vobis
2963 4138 3292 4209 imperium,
3320 4138 3506 4192 taliter

1919 4249 2087 4303 super
2126 4249 2345 4289 omnem
2391 4232 2731 4303 impietatem
2778 4232 3001 4302 injuriis
3042 4230 3242 4286 aﬁ‘ecto
3288 4249 3301 4285 :
3348 4240 3408 4286 ut
3450 4240 3509 4286 et

1920 4324 2105 4383 caeteri
2137 4338 2331 4379 eorum
2366 4323 2621 4379 timorem
2655 4322 2895 4381 habeant
2922 4322 3139 4377 cunctis
3164 4320 3361 4376 diebus
3390 4337 3509 4375 ma.

1922 4417 2137 4472 Iedicta:
2162 4431 2225 4470 ac
2250 4423 2545 4486 segregata:
2575 4414 2702 4470 vitm
2731 4414 2979 4484 ipsorum
3020 4431 3033 4468 :
3071 4429 3213 4484 quos
3243 4423 3301 4468 et
3327 4415 3509 4469 susci-

225 4528 331 4580 κην
365 4508 458 4561 τοῦ
495 4509 779 4579 μέλλοντος
823 4508 1022 4571 αὐτοὺς
1071 4507 1379 4560 κατεσθίειν
1408 4509 1680 4561 ἀσϐέστου
1718 4511 1807 4562 καὶ

1921 4510 2076 4579 pient
2099 4517 2346 4577 cognata:
2374 4507 2615 4562 tenebrae
2640 4521 2757 4560 sua:
2788 4505 2842 4559 in
2867 4505 3278 4560 damnationem
3302 4505 3523 4559 vermis

223 4598 504 4669 ἀφεγγοῦς
538 4600 739 4670 πυρός·
791 4599 886 4652 καὶ
937 4598 1365 4666 καταθεματίσει
1399 4600 1597 4664 αὐτοὺς
1634 4603 1714 4664 εἰς
1747 4599 1817 4654 τὰ

223 4690 558 4759 καταχθόνιοι.
608 4690 706 4757 τῆς
733 4688 969 4741 ἀϐύσσου
1006 4690 1138 4741 αὐτὸ
1166 4689 1226 4740 τὸ
1259 4690 1521 4758 πανάγιον
1553 4694 1649 4744 καὶ
1680 4708 1811 4746 πανο

222 4781 528 4851 τοδύναμον
554 4781 777 4850 Πνεῦμα
806 4779 979 4849 Ἰησοῦ
1004 4779 1242 4851 Χριστοῦ
1266 4779 1359 4833 τοῦ
1392 4782 1599 4853 Κυρίου
1628 4782 1811 4851 ἡμῶν,

222 4874 289 4927 τὸ
343 4875 407 4925 ὲκ
459 4872 551 4929 τοῦ
615 4872 828 4942 [ἰατρὸς
869 4872 1325 4942 ἐκπορευόμενον,
1379 4871 1473 4923 τοῦ
1517 4872 1818 4926 ἀπολέσθαι

225 4965 430 5026 αὐτοὺς
478 4967 557 5027 εἰς
596 4964 903 5034 ἀπέραντον
961 4963 1259 5017 ἀπώλειαν.
1311 4962 1513 5018 Τοῦτον
1562 4967 1673 5036 γὰρ
1728 4966 1819 5019 τὸν

225 5055 395 5124 ζῆλον
443 5053 840 5119 ἐνδεικνύμενοι
914 5054 1637 5122 σπουδαίως,-Οεοᾷύλακτοι
1693 5056 1821 5126 τρο-ἓ

226 5147 508 5215 παποῦχοι,
546 5149 624 5210 είς
648 5144 813 5197 αὑτὸν
847 5144 936 5197 τὸν
969 5144 1437 5214 συμϐασιλεύοντα
1468 5149 1533 5215 τῇ
1565 5147 1818 5218 εὐσεϐείᾳ

229 5238 392 5309 ὑμῶν
434 5241 699 5308 μονογενῆ
728 5240 881 5302 Θεὲν,
909 5239 1049 5307 ὑπὲρ
1078 5237 1175 5307 τὴν
1198 5236 1292 5289 τοῦ
1342 5237 1596 5307 Ἀϐραὰμ
1629 5238 1819 5312 θυσίαν

223 5329 665 5402 ἁποδεχθήσεσθε
722 5331 873 5398 παρὰ
900 5330 1000 5399 τῆς
1026 5327 1189 5381 αὑτοῦ
1220 5330 1602 5381 παντεπόπτου
1635 5329 1821 5400 θεότη-

224 5434 343 5482 τος·
363 5421 455 5472 καὶ
473 5420 623 5472 ἔσται
642 5421 733 5472 ἐπὶ
752 5420 919 5472 πλείω
935 5420 1274 5490 εὐλογημένη
1292 5420 1385 5471 καὶ
1407 5418 1818 5491 μεγαλυνομένη

226 5512 313 5584 τῷ
356 5511 547 5583 κράτει
599 5513 701 5582 τῆς
768 5514 947 5583 ίσλύος
999 5512 1165 5566 αὐτοῦ
1204 5514 1237 5582 ἡ
1270 5511 1614 5583 φιλόχριστος
1662 5512 1818 5581 ὑμῶν

229 5603 481 5677 βασιλεία
538 5605 678 5676 ὑπὲρ
734 5605 914 5669 πάσας
971 5605 1069 5669 τὰς
1125 5603 1438 5677 ἔμπροσθεν
1498 5605 1810 5675 βασιλείας·

304 5800 330 5830 ⁸
366 5793 648 5858 ίσ.αύτάς.

1925 4597 2178 4675 [cineris]
2205 4600 2301 4668 qui
2330 4606 2683 4678 comesturus
2708 4606 2786 4652 est
2817 4597 2960 4663 illos,
2981 4606 3037 4652 et
3061 4597 3203 4668 ignis
3226 4597 3323 4667 qui
3351 4594 3511 4669 [non]

1911 4691 2226 4762 splendebit
2265 4707 2279 4743 :
2319 4698 2378 4745 et
2418 4689 2910 4744 anathematizabit
2950 4686 3515 4761 [catathematizabitj

1914 4797 2011 4837 eos
2059 4782 2114 4836 in
2136 4780 2521 4835 .inl'erioribus
2568 4780 2750 4850 abyssi
2797 4780 2914 4849 ipse
2962 4788 3188 4835 sanctus
3229 4788 3287 4834 et
3326 4780 3512 4834 omni-

1912 4864 2113 4943 'potens
2149 4871 2389 4941 Spiritus
2415 4871 2547 4927 Jesn
2579 4871 2787 4926 Christi
2825 4871 3045 4925 Domini
3081 4871 3280 4936 nostri,
3310 4870 3407 4941 qui
3444 4887 3512 4926 ex

1921 4967 2080 5021 Patre
2128 4963 2414 5033 procedit,
2448 4962 2516 5017 ad
2566 4962 2914 5032 perdendum
2958 4963 3083 5017 illos
3130 4961 3189 5016 in
3240 4961 3514 5017 inﬁnitam

1924 5056 2316 5126 perditionem.
2349 5055 2509 5110 Hunc
2532 5054 2681 5111 enim
2712 5055 2891 5109 zelum
2921 5054 3084 5109 vobis
3115 5065 3371 5118 strenue,
3401 5053 3523 5111 Deo.

1924 5148 2291 5204 conservandi
2332 5156 2390 5203 et
2432 5146 2897 5216 triumphatores,
2927 5146 2985 5200 in
3029 5145 3209 5215 ipsum
3250 5145 3347 5214 qui
3387 5160 3514 5200 cum

1924 5241 2128 5311 pietate
2160 5250 2341 5295 vestra
2370 5247 2593 5311 regnat,
2621 5239 2970 5309 unigenitum
3002 5236 3517 5292 demonstrantibus

1926 5334 2131 5397 Deum,
2163 5324 2333 5402 Super
2369 5329 2706 5386 sacriﬁcium
2742 5329 2980 5386 Abrahm
3022 5328 3403 5399 suscipiemini
3443 5328 3517 5384 ab

1923 5424 2045 5495 ejus
2076 5432 2407 5479 cunctorum
2437 5422 2771 5493 inspeetrice
2798 5421 3005 5476 deitate
3038 5438 3051 5474 :
3083 5426 3141 5475 et
3162 5419 3271 5475 erit
3297 5434 3517 5488 peram-

1924 5516 2071 5587 plius
2097 5512 2452 5571 benedictum
2469 5555 2484 5578 ,
2512 5514 2761 5585 potentia
2783 5513 3009 5569 virtutis
3033 5514 3185 5584 ejus,
3212 5519 3270 5566 et
3297 5511 3531 5581 magni‘

1926 5606 2149 5662 ﬁcatum
2183 5605 2407 5662 Christo
2441 5605 2708 5662 dilectum
2742 5603 3037 5674 imperium
3066 5590 3308 5657 vestrum
3338 5613 3522 5673 super
