4076 6330
212 396 345 461 3ξ21
1666 413 1822 473 ΝΟΤλ

1868 413 1968 472 [ἹᾹ
1980 455 1994 471 .
3325 412 3478 474 322?

212 509 465 593 Nondum
487 529 577 572 sex
612 515 741 571 anni
766 518 935 588 elapsi
970 528 1128 575 erant
1182 533 1245 574 ex
1274 535 1382 590 quo
1430 520 1498 575 ad
1526 520 1710 575 sedem
1746 521 2298 593 llierosolymitanam
2338 530 2562 575 evectus
2619 521 2801 576 fuerat
2836 508 3150 585 Zacharias,
3200 536 3325 577 cum
3367 538 3464 577 rex

212 590 501 653 Persarum
523 601 780 671 Cosroes,
815 604 969 676 Syria
1007 607 1311 671 devastata,
1347 608 1542 661 urbem
1567 590 2018 677 Hierosolymam.
2034 607 2201 676 cepit,
2228 597 2580 661 Christianos
2602 606 2678 662 ibi
2710 607 2974 678 degentes
2999 608 3053 661 in
3080 607 3301 662 vincula
3333 622 3467 661 con-

210 684 369 754 jecit,
406 687 724 759 Judmisque
753 692 848 745 vili
881 694 1061 761 pretio
1094 693 1342 757 tradidit,
1374 709 1403 747 a
1437 694 1660 763 quibus,
1696 709 1804 747 non
1847 705 1907 749 ut
1938 693 2142 762 captivi
2182 682 2279 747 aut
2308 694 2452 748 servi
2497 693 2715 765 excepti
2766 698 3014 759 fuerunt,
3050 694 3145 749 sed
3186 693 3241 748 in
3274 694 3464 749 odium

211 770 418 826 Christi
466 774 705 831 diversis
737 777 1153 848 innumerisque
1187 780 1529 834 cruciatibus
1560 779 1838 835 interfecti
1869 798 1883 833 :
1919 780 2293 850 patriarcham
2343 781 2567 835 demum
2609 791 2665 835 et
2698 781 2909 852 lignum
2938 790 3142 836 sancta:
3187 782 3371 837 erucis
3404 782 3461 835 in

211 857 492 913 Persidem
527 865 850 931 asportavit.
902 866 977 920 De
1011 880 1075 920 ea
1118 866 1277 926 clade
1328 865 1623 922 Chronicon
1676 866 1955 934 Paschale,
2013 870 2128 923 sive
2172 856 2630 935 Aleiandrinum,
2679 869 2755 923 ita
2806 870 3075 940 loquitur,
3112 869 3249 923 edit.
3284 871 3346 924 D.
3382 870 3465 924 Du

211 941 414 1013 Cange,
447 947 618 1003 Paris.
654 951 807 1014 1688,
834 968 888 1021 p.
930 954 1036 1007 585
1074 953 1259 1024 (anno)
1290 970 1338 1008 Iv
1374 952 1682 1024 (Heraclii),
1707 955 1888 1009 indict.
1923 955 2018 1019 XI,
2046 962 2161 1025 post
2190 954 2526 1009 consulatum
2550 955 2781 1009 Heraclii
2820 955 3046 1026 Augusti
3087 956 3322 1010 tertium.
3356 955 3467 1009 Iloc

219 1050 380 1097 tttltta,
413 1036 552 1091 circa
593 1055 821 1093 mensem
854 1042 1092 1107 Iunium,
1142 1043 1343 1097 malum
1383 1043 1526 1098 nobis
1561 1043 1749 1097 accidit
1787 1052 2035 1115 perpetuo
2070 1042 2213 1097 luctu
2253 1043 2692 1114 prosequendum.
2730 1041 2863 1096 Cum
2902 1043 3024 1097 aliis
3075 1044 3266 1112 quippe
3327 1060 3469 1096 com-

214 1118 452 1186 pluribus
479 1120 704 1178 Orientis
731 1128 1046 1191 civitatibus,
1076 1128 1376 1183 Jerusalem
1408 1139 1440 1183 τι
1473 1130 1647 1184 Persis
1687 1139 1844 1199 capta
1890 1138 1987 1193 est,
2026 1129 2205 1183 multis
2236 1128 2569 1192 clericorum,
2620 1131 3007 1183 monachorum
3037 1168 3052 1193 ,
3087 1130 3470 1182 sanctimonia-

217 1204 370 1269 lium,
402 1216 450 1260 et
479 1211 742 1280 virginum
770 1214 1001 1268 millibus
1032 1217 1330 1271 trucidatis.
1353 1217 1631 1271 Incensum
1658 1218 1818 1270 etiam
1841 1217 2175 1270 Dominicum
2198 1215 2518 1286 sepulcrum,
2554 1224 2602 1268 et
2625 1214 2964 1269 celeberrima
2990 1214 3088 1293 Dei
3118 1214 3355 1284 templa:
3392 1222 3465 1280 et,

218 1302 274 1344 ut
309 1297 455 1350 verbo
481 1299 676 1363 dicam,
704 1305 936 1371 pretiosa
970 1307 1151 1358 omnia
1186 1306 1472 1359 destructa.
1518 1305 1831 1359 Veneranda
1858 1304 2025 1357 crucis
2052 1303 2220 1374 ligna,
2250 1319 2367 1356 cum
2395 1304 2563 1356 sacris
2591 1304 2728 1356 vasis
2754 1301 3073 1365 innumeris,
3106 1302 3394 1371 capiuntur
3423 1320 3457 1357 α

215 1379 415 1447 Persis,
438 1392 486 1436 et
516 1384 807 1442 Zacharias
828 1393 1135 1461 patriarcha
1156 1394 1393 1463 captivus
1425 1393 1721 1446 abducitur.
1764 1392 1931 1461 Atque
1958 1393 2064 1445 lucc
2093 1393 2272 1445 omnia
2292 1431 2305 1456 ,
2339 1406 2442 1444 non
2474 1390 2646 1444 multa
2677 1391 2805 1443 anni
2824 1399 3112 1460 parternec
3138 1397 3245 1441 toto
3267 1405 3465 1453 mense,

212 1469 306 1520 sed
330 1470 475 1523 intra
507 1490 701 1537 paucos
754 1477 862 1529 dies
906 1480 1192 1548 contigere.
1222 1479 1424 1534 Eadem
1458 1479 1572 1533 fere
1600 1479 1795 1533 scribit
1834 1478 2200 1545 The0phanes
2245 1477 2299 1530 in
2352 1475 2793 1549 Chronographia
2816 1517 2828 1540 ,
2866 1475 2933 1530 ad
2970 1491 3176 1532 annum
3206 1476 3465 1545 quintum

216 1552 478 1609 lleraclii.
505 1557 747 1624 Quartus
779 1563 866 1617 hic
892 1573 1007 1618 erat
1038 1565 1188 1636 (Chr.
1238 1566 1386 1635 6H),
1422 1564 1539 1628 sed,
1577 1573 1637 1619 ut
1662 1572 1847 1630 monet
1880 1564 2311 1632 Papebrochius,
2350 1573 2389 1617 t.
2424 1564 2493 1617 ΙΙΙ
2523 1557 2670 1628 M‘aii,
2704 1564 2768 1616 in-
2792 1573 2952 1617 tract.
2990 1563 3223 1632 prelim.
3248 1578 3303 1617 n.
3339 1563 3464 1627 151,

215 1655 272 1707 p.
306 1642 393 1706 31,
422 1644 526 1697 col.
563 1646 613 1710 1,
642 1647 708 1709 Α,
741 1648 832 1702 ille
863 1660 1058 1704 auctor
1093 1666 1205 1705 uno
1238 1667 1382 1705 anno
1408 1650 1606 1722 .serius
1637 1650 1692 1703 in
1724 1650 1882 1706 annis
1914 1650 2151 1704 lleraclii
2184 1666 2272 1705 res
2295 1657 2511 1714 narrat,
2545 1666 2612 1704 eo
2652 1649 2797 1719 quod
2828 1650 3069 1719 primum
3103 1650 3267 1719 hujus
3297 1649 3469 1719 impe-

215 1729 416 1783 ratoris
444 1746 647 1786 annum
707 1734 760 1788 in
790 1736 935 1791 duos
953 1738 1225 1803 diviserit,
1261 1736 1725 1807 quemadmodum
1762 1736 2012 1804 pluribus
2038 1736 2449 1790 demonstravit
2493 1737 2637 1790 idem
2684 1735 3099 1805 Papebrochius
3144 1736 3200 1789 in
3243 1735 3468 1805 Etregesi

216 1817 448 1885 prrelim.
495 1820 560 1874 ad
599 1830 733 1878 tom.
759 1824 850 1884 lll.
883 1825 1042 1879 Mart.
1074 1841 1193 1895 cap.
1242 1825 1293 1879 4.
1327 1826 1479 1879 Anno
1510 1826 1692 1895 quinto
1727 1822 2037 1894 (legendum
2083 1827 2295 1893 quarto)
2320 1824 2530 1892 imperii
2568 1821 2824 1890 Heraclii,
2851 1821 3032 1876 Persae
3050 1821 3303 1876 Iordanis
3329 1821 3463 1885 loca,

213 1903 590 1971 Palastinam,
625 1918 675 1961 et
693 1920 936 1966 sanctam
960 1915 1226 1970 a'vitatem
1252 1931 1526 1968 armorum
1560 1915 1610 1967 vi
1632 1912 1968 1982 subegerunt,
1992 1919 2040 1963 et
2093 1909 2359 1969 manibus,
2393 1918 2450 1962 ut
2493 1910 2710 1979 quidam
2741 1918 3007 1973 asserunt,
3028 1907 3358 1972 Juda‘orum,
3397 1907 3467 1961 ad

215 1997 509 2061 nonaginta
557 1994 983 2052 Christianorum
1026 2000 1199 2053 millia
1256 2000 1610 2053 trucidarunt.
1653 2000 1823 2068 Capto
1861 2013 1981 2051 vero
2031 1995 2521 2069 Hierosolymorum
2573 1996 2885 2064 patriarcha
2919 1994 3211 2058 Zacharia,
3240 1996 3467 2063 pretioso

211 2078 373 2130 etim
406 2089 454 2132 et
486 2082 690 2149 vivi/ica
724 2086 891 2137 crucis
924 2084 1064 2157 ligno
1090 2086 1216 2140 locis
1242 2086 1351 2139 illis
1380 2094 1579 2155 erepto,
1604 2088 1938 2157 captivorum
1983 2085 2254 2138 hominum
2286 2084 2681 2145 multitudinem
2731 2084 3068 2136 innumeram
3123 2083 3177 2136 in
3200 2081 3468 2136 Persidem

212 2163 566 2221 abduxerunt.
598 2169 809 2235 Exstat,
855 2172 1034 2241 inquit
1073 2173 1492 2242 Papebrochius
1545 2174 1709 2227 modo
1741 2174 2020 2238 laudatus,
2057 2174 2195 2229 ibid.
2228 2191 2285 2228 n.
2331 2175 2455 2237 155,
2498 2173 2783 2228 Francisci
2816 2170 3137 2226 Combeﬁsii
3170 2170 3325 2240 (0rd.
3357 2171 3462 2224 FF.

211 2249 468 2321 Prmdic.)
491 2268 676 2323 opera,
707 2267 831 2325 post
856 2258 1102 2313 libellum
1137 2261 1311 2314 sancti
1339 2260 1567 2315 Joannis
1588 2262 1963 2333 Chrysostomi
1994 2262 2070 2315 De
2096 2261 2384 2316 educandis
2438 2260 2637 2326 liberis,
2675 2260 2893 2328 aliaque
2920 2258 3211 2322 nonnulla,
3238 2258 3467 2313 Parisiis

209 2350 357 2392 anno
394 2339 552 2403 1656,
586 2340 1003 2400 Ganeo-Latine
1051 2346 1321 2417 impressa
1375 2348 1629 2417 epistola,
1681 2364 1844 2418 quam
1881 2350 2051 2402 vidua:
2088 2364 2315 2419 sponsis,
2356 2348 2559 2401 civitati
2609 2348 2747 2416 regis
2776 2346 2959 2414 magni
3013 2343 3192 2397 liberis
3240 2344 3462 2408 orbatae,

207 2422 690 2513 llierosolgmitano
739 2433 886 2501 gregi
925 2441 1191 2503 pastorem
1240 2452 1343 2488 non
1372 2436 1584 2489 habenti
1614 2452 1631 2489 :
1660 2437 1750 2489 sed
1775 2445 1825 2489 et
1877 2436 2092 2505 reliquis
2124 2436 2361 2489 omnibus
2393 2437 2446 2489 in
2474 2434 2682 2494 Christo
2736 2433 3002 2513 ecclesiis,
3047 2432 3375 2502 residuisque
3402 2432 3462 2483 in

206 2510 317 2565 illis
338 2511 466 2579 filiis
498 2516 769 2585 orphanis,
803 2529 982 2588 pastor
1010 2521 1240 2587 Immitis,
1263 2522 1427 2586 solus,
1455 2525 1709 2592 captivus,
1731 2522 2020 2595 Zacharias
2043 2524 2289 2576 minimus
2317 2538 2349 2577 e
2376 2521 2603 2577 Perside
2634 2521 2876 2590 scripsit,
2895 2510 3076 2585 suam,
3115 2518 3465 2589 aliorumque

206 2599 560 2666 captivorum
589 2605 960 2660 calamitatem
992 2624 1457 2672 commemorans,
1500 2621 1557 2665 et
1587 2611 1905 2665 meminisse
1946 2611 2149 2680 jubens
2188 2608 2467 2679 quomodo
2498 2600 2629 2677 ipse
2655 2607 2906 2678 quidem,
2932 2604 3157 2675 quando
3192 2620 3319 2660 cum
3355 2606 3467 2659 illis

206 2693 349 2750 erat,
378 2686 432 2741 in
463 2687 687 2746 Galilma
718 2693 919 2748 dixerit
950 2713 962 2747 :
998 2695 1189 2759 Plane,
1224 2696 1345 2763 ﬁlii,
1380 2698 1644 2765 ingentem
1662 2698 1714 2750 in
1733 2696 1871 2750 vobis
1888 2697 2036 2750 video
2059 2698 2346 2760 incuriam,
2372 2694 2598 2748 multam
2620 2695 2919 2765 segnitiem,
2945 2694 3291 2763 injustitiam,
3314 2694 3468 2763 igno-
3552 2750 3555 2753 _

208 2774 465 2842 rantiam,
492 2777 794 2847 fraternum
832 2782 1031 2844 odium,
1077 2783 1488 2853 apostolicorum
1525 2801 1791 2837 canonum
1825 2784 2302 2853 transgressionem
2352 2792 2514 2853 atque
2543 2789 2943 2851 contemptum;
2977 2795 3070 2832 nec
3096 2780 3203 2833 scio
3236 2795 3468 2849 quonam

207 2875 292 2913 res
323 2858 513 2916 nostra:
540 2880 777 2921 evasura:
806 2869 912 2921 sint
938 2886 955 2922 :
987 2869 1137 2938 ipsos
1172 2884 1304 2925 vero
1334 2870 1670 2940 respondere
1702 2871 1893 2947 solitos
1918 2887 1931 2924 :
1953 2869 2133 2925 Bonus
2158 2878 2235 2923 est
2269 2857 2430 2933 Deus,
2466 2884 2560 2921 nec
2599 2884 2695 2922 nos
2716 2869 2910 2921 creavit
2936 2875 2991 2920 ut
3017 2865 3277 2936 perderet.
3309 2866 3469 2920 Nunc

204 2962 342 3019 ergo
384 2949 640 3007 hortatur
676 2968 775 3008 eos
808 2954 875 3009 ad
903 2957 1310 3025 paenitentiam,
1341 2957 1785 3012 emendationem
1822 2973 2063 3021 morum,
2121 2956 2560 3013 misericordiam
2611 2971 2739 3026 erga
2788 2954 3040 3025 captivos
3094 2951 3322 3021 fratres;
3374 2960 3472 3017 aut

206 3038 411 3127 quibus
445 3056 555 3095 non
577 3042 821 3112 suppetit
845 3044 990 3109 quod
1014 3044 1339 3113 largiantur,
1373 3045 1439 3097 ad
1469 3060 1680 3114 preces,
1698 3044 1930 3127 jejunia,
1956 3043 2444 3098 bumicubationes
2498 3052 2555 3097 et
2588 3044 2874 3112 lacrymas.

284 3123 340 3178 Si
369 3141 491 3195 quas
522 3139 710 3182 autem
741 3129 795 3182 in
832 3140 979 3183 tanta
1010 3131 1326 3185 calamitate
1371 3130 1609 3185 inveniri
1646 3123 1827 3201 potuit
1852 3131 2158 3187 consolatio
2199 3130 2517 3200 temporalis
2544 3170 2557 3193 ,
2592 3130 2709 3184 hare
2742 3130 3022 3201 praecipue
3055 3129 3472 3185 subministrata

208 3221 296 3266 est
325 3228 352 3266 a
382 3223 574 3269 saneto
634 3215 848 3271 Joanne
907 3218 1381 3289 Eleemosynario,
1420 3227 1553 3272 tunc
1590 3218 1855 3289 temporis
1908 3218 2224 3288 patriarcha
2262 3217 2661 3279 Alexandrino,
2691 3216 2761 3270 de
2806 3232 2918 3285 quo
2972 3217 3073 3271 ista
3108 3217 3304 3271 scribit
3354 3218 3476 3287 ejus

209 3299 350 3354 Vitae
387 3312 582 3357 auctor
618 3302 915 3368 Leontius,
947 3304 1089 3377 apud
1120 3304 1322 3359 Bacon.
1384 3305 1451 3359 ad
1486 3299 1689 3359 a'nnum
1738 3305 1943 3360 Christi
1992 3306 2118 3369 614,
2155 3306 2326 3367 n.15,
2361 3306 2464 3359 col.
2501 3305 2626 3359 261.
2666 3302 2797 3359 Cum
2822 3303 3000 3359 Persa:
3022 3304 3265 3374 populati
3305 3312 3477 3358 essent

210 3388 511 3442 universam
536 3387 769 3461 Syriam,
798 3392 888 3461 qui
908 3407 1087 3445 eorum
1127 3409 1318 3446 manus
1350 3399 1628 3462 potuerunt
1662 3394 1901 3463 effugere,
1935 3401 2043 3445 tum
2070 3392 2193 3446 laici
2222 3394 2311 3463 qui
2340 3394 2716 3462 magistratum
2744 3390 3015 3460 gerebant,
3035 3399 3083 3444 et
3113 3392 3331 3461 privati,
3364 3400 3476 3444 tum

211 3472 393 3527 clerici
415 3492 533 3528 cum
558 3478 810 3547 episcopis
835 3471 1151 3549 confugiunt
1172 3477 1561 3532 Alexandriam
1613 3477 1809 3544 Quibus
1833 3479 2073 3532 omnibus
2111 3480 2252 3533 dives
2282 3478 2375 3532 ille
2403 3489 2450 3532 et
2477 3480 2692 3532 minime
2727 3486 2982 3549 angustus
3015 3478 3317 3531 convivator
3349 3494 3479 3548 quo-

213 3561 342 3617 tidie
363 3563 734 3632 suppeditabat
758 3580 875 3632 quae
918 3577 1069 3618 erant
1098 3567 1167 3619 ad
1197 3582 1349 3618 nsunt
1390 3568 1712 3629 necessaria,
1763 3582 1869 3619 non
1919 3567 1989 3618 ad
2027 3566 2383 3635 indigentium
2410 3565 2667 3635 aspiciens
2714 3564 3131 3629 multitudinem,
3168 3573 3225 3617 ut
3271 3563 3480 3634 aliquid

214 3648 415 3718 faceret
439 3651 580 3714 quod
621 3660 759 3704 esset
796 3654 996 3706 sordidi
1028 3662 1078 3706 et
1101 3652 1378 3707 illiberalis
1422 3654 1608 3715 animi,
1638 3655 1729 3706 sed
1761 3655 1830 3707 ad
1850 3644 1969 3707 eum
1999 3655 2089 3725 qui
2111 3655 2281 3723 aperit
2301 3670 2541 3716 manum,
2567 3660 2614 3705 et
2637 3667 2790 3706 omne
2819 3651 3026 3705 animal
3063 3650 3244 3721 implet
3268 3650 3480 3704 benedi-

213 3738 403 3789 ctione.
432 3737 563 3789 Cum
583 3747 763 3791 autem
795 3738 1096 3793 Rasmizsus
1122 3741 1231 3793 dux
1259 3742 1517 3793 exercitus
1545 3739 1737 3794 Cosroe
1763 3752 2018 3797 vastasset
2042 3752 2090 3797 et
2130 3742 2484 3812 depopulatus
2514 3750 2647 3796 esset
2673 3740 2980 3794 veneranda
3018 3739 3134 3793 loca
3169 3739 3479 3810 Hierosoly-

216 3840 458 3887 morum;
488 3834 769 3895 postquam
795 3829 889 3881 hoc
919 3829 1117 3881 audivit
1147 3828 1237 3881 ille
1265 3831 1417 3881 homo
1449 3827 1563 3891 Dei,
1597 3827 1810 3897 etquod
1834 3829 2012 3882 omnia
2054 3839 2241 3881 sancta
2272 3828 2492 3896 fuissent
2516 3827 2627 3896 igni
2658 3827 2882 3892 tradita,
2918 3825 3073 3895 deﬂet
3106 3824 3336 3888 quidem,
3373 3840 3478 3877 non

214 3927 364 3965 secus
399 3929 462 3965 ac
490 3911 777 3977 Jeremias,
810 3916 864 3969 id
893 3916 1031 3985 quod
1060 3915 1261 3985 factum
1287 3916 1484 3985 fuerat.
1517 3915 1633 3969 Non
1667 3918 1919 3970 hactenus
1944 3917 2125 3969 autem
2157 3916 2389 3968 constitit
2427 3914 2539 3985 ejus
2559 3914 2971 3978 commiseratio,
3003 3912 3095 3967 sed
3124 3913 3283 3967 mittit
3318 3914 3481 3967 etiam

215 3998 565 4070 Chrysippum
588 4004 868 4072 quemdam
898 4007 1072 4058 virum
1098 4008 1267 4074 pium,
1306 4006 1521 4059 tradens
1553 4007 1601 4059 ei
1628 3999 1854 4061 multum
1880 4004 2020 4065 auri,
2047 4002 2497 4073 frumentumque,
2541 4009 2591 4053 et
2614 4000 2725 4055 alia
2773 4001 3031 4055 alimenta
3062 4010 3109 4053 et
3144 4001 3477 4065 indumenta,

213 4094 265 4139 et
295 4087 365 4139 ad
391 4102 451 4140 ea
478 4090 707 4142 vehenda
731 4091 980 4159 jumenta
1023 4091 1278 4161 plurima,
1336 4102 1449 4146 tum
1498 4103 1556 4146 ut
1596 4094 1851 4165 aspiceret
1904 4093 2237 4154 vastitatem,
2304 4100 2416 4142 tum
2466 4091 2629 4141 etiam
2668 4096 2724 4161 ut
2746 4104 2829 4141 eos
2860 4090 2950 4159 qui
3011 4097 3380 4143 remanserant
3417 4105 3481 4142 ea:

214 4176 523 4243 captivitate
554 4178 685 4229 satis
709 4193 805 4245 per
828 4195 887 4230 ea
912 4193 1028 4246 qua:
1057 4179 1197 4231 dicta
1226 4178 1442 4246 fuerunt
1482 4186 1760 4231 recrearet.
1794 4178 2062 4232 Preterea
2103 4187 2281 4232 autem
2316 4177 2646 4231 Theodorum
2670 4192 2874 4247 quoque
2897 4177 3239 4230 Amat/mntis
3281 4178 3488 4257 episco:

216 4278 364 4331 pum,
400 4269 446 4313 et
471 4262 819 4317 Anastas‘ium
859 4268 1163 4334 prtefectum
1216 4266 1397 4334 magni
1420 4267 1613 4318 montis
1657 4266 1895 4329 Antonii,
1924 4275 1971 4317 et
2003 4265 2315 4334 Gregorium
2355 4265 2658 4334 episcopum
2704 4262 3153 4317 Rinocorurorum
3191 4266 3379 4317 emittit
3410 4266 3481 4319 ad

214 4365 301 4401 eos
336 4349 678 4418 recipiendos,
709 4352 799 4419 qui
836 4352 1044 4404 abducti
1067 4352 1279 4420 fuerant
1308 4354 1362 4404 in
1402 4353 1784 4422 captivitatem,
1820 4353 1923 4405 vim
1968 4354 2087 4405 auri
2119 4352 2360 4423 praebens
2398 4368 2564 4423 prope
2597 4351 3064 4405 innumerabilem.
3105 4351 3273 4407 Addit
3300 4353 3478 4421 Pape-

215 4435 413 4489 broeh.
445 4452 613 4505 supra
642 4437 864 4502 citatus,
896 4455 955 4492 n.
992 4439 1113 4501 156,
1140 4454 1206 4491 ex
1230 4439 1481 4507 ejusdem
1509 4439 1685 4492 sancti
1716 4440 1944 4493 Joannis
1975 4440 2117 4502 Vita,
2160 4456 2215 4492 n.
2253 4439 2342 4493 35.
2376 4440 2459 4494 Ad
2502 4438 2995 4509 Hierosolymorum
3031 4437 3407 4492 relevationem
3430 4447 3480 4494 et

216 4523 700 4592 rewdiﬁcationem,
734 4526 874 4579 misit
902 4528 1230 4579 numismata
1256 4525 1423 4589 mille,
1456 4536 1503 4579 et
1528 4525 1674 4579 mille
1710 4543 1887 4579 saccos
1912 4526 2092 4597 plenos
2119 4528 2407 4597 frumento,
2443 4536 2492 4580 et
2528 4526 2673 4579 mille
2699 4526 2968 4595 legumina
2997 4526 3073 4596 (id
3113 4536 3218 4591 est,
3247 4526 3487 4596 legumi:

214 4625 350 4663 num
390 4612 721 4679 mensuras),
759 4612 903 4664 mille
935 4612 1096 4666 libras
1133 4614 1284 4681 ferri,
1324 4614 1468 4666 mille
1516 4623 1677 4666 restes
1702 4615 2017 4667 siccatorum
2056 4615 2296 4682 piscium,
2350 4612 2495 4666 mille
2525 4612 2743 4665 vascula
2790 4613 2917 4674 vini,
2956 4621 3005 4664 et
3036 4612 3180 4666 mille
3207 4613 3477 4684 {Egyptios

214 4700 507 4768 operarios,
538 4699 735 4751 addens
770 4716 862 4769 per
888 4697 1089 4753 litteras
1115 4702 1183 4753 ad
1236 4700 1529 4753 Modestum
1562 4702 1785 4771 scriptas
1813 4718 1830 4755 :
1861 4702 1939 4755 Da
1975 4703 2099 4755 mihi
2141 4703 2370 4763 veniam,
2411 4715 2531 4754 vere
2574 4699 2767 4754 Christi
2792 4709 3060 4769 operator,
3090 4700 3223 4753 nihil
3256 4702 3478 4771 dignum

216 4786 429 4854 templis
458 4782 653 4839 Christi
697 4787 945 4839 mittenti.
985 4786 1181 4839 Vellem
1224 4789 1383 4851 enim,
1425 4789 1575 4841 crede
1612 4791 1758 4853 mihi,
1790 4792 1834 4843 si
1870 4801 1999 4843 esset
2024 4790 2368 4850 conveniens,
2399 4795 2446 4839 et
2480 4804 2572 4855 ego
2598 4789 2704 4857 ipse
2738 4788 2935 4847 venire,
2958 4796 3005 4839 et
3041 4789 3151 4855 ipse
3172 4780 3385 4857 operari
3420 4791 3475 4841 in

215 4872 371 4927 doma
396 4880 593 4925 sancta:
625 4872 821 4926 Christi
847 4873 1289 4927 Rcsurrectionis.
1322 4872 1420 4927 Hie
1458 4873 1734 4930 Modestus
1765 4874 2028 4930 Ecclesia:
2083 4874 2600 4944 llierosolymitanaa
2652 4888 2839 4926 curam
2898 4874 3089 4941 gessit,
3132 4884 3189 4927 ut
3232 4874 3477 4931 vicarius

215 4958 500 5012 Zzncharize
528 4958 796 5027 episcopi,
835 4960 1082 5028 quandiu
1118 4962 1209 5014 ille
1236 4963 1489 5030 captivus
1535 4963 1640 5016 fuit
1668 4964 1720 5017 in
1759 4948 2006 5024 Perside,
2036 4964 2197 5031 eique
2237 4971 2359 5031 post
2389 4972 2626 5015 mortem
2662 4961 2951 5015 successit.
2978 4961 3215 5016 Eosdem
3250 4962 3474 5018 interim

216 5047 729 5114 Hierosolymorum
774 5048 978 5101 incolas
1015 5048 1132 5101 suis
1169 5050 1399 5117 scriptis
1457 5050 1750 5105 sublevare
1807 5051 2111 5105 conabatur
2141 5049 2450 5104 Antiochus
2499 5048 2723 5118 quidam
2758 5049 3065 5102 monachus
3122 5050 3471 5116 Palaestinas,

214 5135 345 5186 vit:e
372 5133 660 5187 sancaitate
684 5134 1019 5197 etdoctrina
1058 5135 1320 5199 celebris,
1354 5137 1517 5203 cujus
1550 5146 1767 5191 exstant
1805 5138 2056 5191 Homilize
2120 5136 2238 5201 150,
2271 5147 2310 5191 t.
2339 5136 2357 5189 l
2389 5135 2522 5189 Bibl.
2574 5134 2728 5188 Patr.
2763 5134 2932 5190 Cnet.
2962 5152 3018 5201 p.
3061 5137 3221 5191 1026.
3261 5136 3320 5190 [n
3351 5138 3479 5206 epi-

216 5221 357 5272 stola
390 5229 570 5273 autem
608 5220 824 5289 przelixa
851 5220 1027 5289 operi,
1076 5236 1143 5275 eo
1186 5223 1346 5275 titulo
1390 5224 1691 5294 insignita:
1726 5224 1967 5290 Epistula
2014 5226 2255 5278 Antiochi
2303 5223 2549 5277 monachi
2583 5223 2750 5275 lauru:
2785 5220 2939 5275 Sabte
2977 5223 3201 5288 abbatis,
3257 5224 3327 5277 ad
3355 5225 3474 5277 Eu-

214 5308 470 5362 stathium
497 5310 832 5377 praepositum
856 5311 1162 5362 monasterii
1182 5310 1437 5365 Attalium
1468 5312 1691 5381 Ancyra:
1711 5315 1934 5369 civitatis
1966 5313 2214 5377 Galatia,
2242 5312 2356 5366 hcce
2390 5319 2599 5373 narrat,
2629 5312 2773 5380 apud
2806 5310 3102 5366 Baronium
3126 5327 3291 5382 supra
3329 5314 3476 5366 rela-

215 5405 359 5458 tum,
388 5413 442 5449 u.
472 5396 560 5450 26.
603 5395 733 5450 Cant
758 5396 1047 5450 Ismaelitw
1072 5398 1141 5451 ad
1165 5408 1403 5452 nostrum
1435 5402 1772 5454 accessissent
1796 5404 2175 5454 monasterium
2196 5442 2210 5464 ,
2238 5418 2347 5455 una
2382 5400 2682 5471 septimana
2720 5412 3009 5468 antequam
3049 5408 3237 5452 sancta
3290 5401 3475 5454 civitas

222 5485 401 5554 fuisset
428 5494 705 5552 occupata,
730 5490 778 5534 et
812 5485 1061 5563 universa
1096 5485 1324 5539 ecclesia:
1370 5504 1526 5540 sacra
1558 5504 1686 5541 vasa
1713 5489 1833 5557 jam
1887 5489 2271 5557 diripuissent,
2301 5486 2541 5556 plerique
2574 5486 2761 5539 Patres
2812 5485 3134 5557 aufugerunt
3174 5502 3337 5556 quam
3367 5489 3481 5555 pri.

217 5587 365 5624 mam
396 5585 415 5621 :~
440 5578 808 5622 remanserunt
833 5580 1011 5623 autem
1037 5572 1093 5623 in
1132 5575 1448 5626 monasterio
1474 5575 1562 5643 qui
1597 5574 1837 5643 fortiores
1868 5574 2065 5629 Christi
2091 5575 2301 5644 fuerant
2324 5575 2482 5636 servi,
2546 5590 2760 5627 sacrum
2782 5572 2937 5626 illum
2993 5572 3161 5625 locum
3192 5572 3475 5626 destituere

217 5657 372 5713 nullo
402 5665 559 5725 pacto
594 5657 845 5721 volentes.
878 5656 1106 5711 Barbari
1135 5675 1257 5711 vero
1283 5677 1402 5713 cum
1431 5660 1549 5713 illos
1580 5664 2115 5732 comprehendissent,
2142 5671 2188 5717 et
2214 5662 2406 5717 multos
2441 5662 2548 5716 dies
2580 5660 2697 5717 illos
2726 5661 3015 5716 inhumane
3039 5669 3376 5723 tractassent,
3423 5667 3477 5713 et

216 5747 494 5803 tormentis
520 5746 844 5816 aﬂlixissent,
889 5749 1137 5817 pecunias
1160 5748 1255 5801 hoc
1274 5757 1427 5819 pacto
1457 5767 1568 5804 sese
1588 5752 1896 5806 inventuros
1927 5750 2353 5821 putantes,apud
2376 5766 2504 5820 quos
2534 5749 2669 5803 nihil
2697 5749 2852 5818 hujus
2881 5749 3061 5803 seaculi
3094 5747 3475 5817 reperiebatur.

226 5834 321 5892 llli
346 5834 665 5908 simulatque
696 5835 1181 5892 intellexeruntsua
1210 5854 1263 5893 se
1293 5839 1504 5893 tandem
1529 5856 1617 5910 spe
1637 5849 1685 5893 et
1711 5842 1976 5911 proposito
1991 5840 2264 5910 excidisse,
2290 5838 2343 5892 in
2367 5837 2790 5911 efferatissimam
2818 5836 2954 5892 versi
2983 5835 3202 5905 rabiem,
3220 5834 3289 5889 ad
3312 5850 3477 5891 unum
