4076 6330
661 376 807 445 3223
1588 383 2007 442 ZACHARIAS
2047 380 2532 439 PATRIARCIIA
2572 377 2974 439 HIEROSOL.
3782 369 3903 431 3331

664 488 991 543 membratim
1013 488 1187 541 beatos
1212 487 1329 541 illos
1359 491 1717 547 conciderunt.
1740 493 1841 556 Qui
1870 503 1919 544 et
1956 492 2140 545 lwtitia
2166 491 2457 545 incredibili
2492 490 2711 564 perfusi,
2733 508 2797 544 ac
2819 488 3037 560 proinde
3064 485 3231 539 alacri
3257 484 3405 537 vultu
3437 483 3902 545 renidentes,omni

659 594 778 630 cum
802 577 1007 629 actione
1032 577 1328 645 gratiarum
1348 579 1553 630 animus
1572 579 1908 632 reddiderunt
1925 579 2165 641 Domino,
2181 580 2371 648 quippe
2400 597 2499 633 non
2520 582 2593 633 ita
2611 580 2813 649 pridem
2826 580 2878 631 in
2902 574 3030 631 uotis
3053 575 3341 628 habuerant
3368 572 3578 635 resolvi,
3604 580 3655 624 et
3678 589 3901 626 essccum

658 662 1137 731 Cl.r.’sto.Corpora
1172 679 1291 716 vero
1315 664 1596 733 plusquam
1620 665 1815 730 tragice
1842 683 2000 731 cmsa,
2022 682 2136 718 cum
2159 681 2263 717 non
2292 681 2483 729 paucos
2507 666 2612 717 dies
2640 666 2696 718 in
2723 666 2935 718 humum
2964 661 3181 730 disjecta
3207 661 3321 713 sine
3343 657 3636 727 sepultura:
3667 658 3899 723 beneﬁcio

660 753 966 819 iacuissent,
996 755 1059 805 ab
1084 753 1282 806 Arabia
1313 752 1407 806 illo
1437 771 1597 825 usque
1629 755 2114 823 adproperarimus.
2144 752 2207 806 Et
2231 754 2439 822 quidem
2465 752 2682 805 exuuias
2705 750 2861 803 abbas
2883 746 3183 801 Nicomedes
3208 742 3567 813 spectaculum
3596 742 3737 795 illud
3763 745 3901 797 mise-

661 839 829 892 rabile
853 856 1103 893 cresorum
1126 848 1336 907 patrum
1370 842 1775 910 contemplatus,
1801 841 2025 910 deliquio
2056 841 2222 893 animi
2239 840 2481 901 concidit,
2503 848 2657 908 atque
2684 836 2830 890 illinc
2866 834 3063 887 relatus
3095 841 3327 885 mortuus
3355 845 3516 901 prope
3531 828 3899 882 estJlodestns

657 935 933 993 pra'terea,
961 936 1007 977 et
1053 927 1159 994 ipse
1181 930 1562 990 sanctissimus,
1603 929 1881 981 adt-cntum
1908 939 2143 980 nostrum
2169 943 2287 979 cum
2326 925 2704 986 antevenisset,
2731 934 2776 974 et
2804 930 3111 975 sanctorum
3159 917 3373 971 illorum
3426 917 3713 969 lustrasset
3766 916 3899 984 prius

658 1012 955 1064 habitacula
977 1013 1175 1078 omnia,
1205 1014 1382 1065 itidem
1400 1030 1595 1084 angore
1618 1016 1782 1067 animi
1806 1024 2124 1075 contractus,
2140 1010 2314 1066 multis
2341 1028 2394 1065 se
2422 1011 2615 1080 proluit
2640 1010 2906 1079 lacrymis,
2934 1024 2995 1061 ac
3015 1014 3198 1061 sancta
3221 1021 3337 1074 qua:
3360 1013 3578 1056 eatenus
3604 1004 3901 1055 resederunt

659 1097 871 1164 lipsauu
891 1098 1015 1161 (hoc
1043 1108 1125 1151 est
1159 1109 1469 1153 sanctorum
1498 1102 1778 1169 reliquias)
1796 1099 2169 1169 circomplexus
2198 1101 2251 1152 in
2266 1099 2488 1152 Patrum
2513 1097 2836 1165 superiorum
2867 1094 3099 1162 deposuit
3130 1093 3449 1145 conditoriis.
3478 1090 3532 1143 1s
3563 1090 3637 1142 ad
3670 1090 3800 1147 haec,
3823 1088 3899 1138 uiri

660 1182 943 1236 solemnem
972 1184 1214 1252 persolvit
1244 1201 1308 1237 ex
1331 1201 1473 1239 more
1499 1202 1812 1249 sermonem,
1847 1197 1953 1241 etc.
1994 1186 2424 1254 Unumquemque
2450 1194 2681 1235 nostrum
2705 1182 2908 1234 hortari
2948 1181 3119 1247 coepit,
3148 1194 3213 1231 ne
3246 1194 3346 1247 quo
3376 1179 3780 1245 emigraremus,
3812 1174 3901 1225 loci

656 1269 802 1322 ill'us
824 1272 990 1323 nostri
1018 1270 1323 1333 desertores,
1359 1274 1527 1341 magis
1564 1290 1684 1327 vero
1705 1289 1794 1327 eas
1829 1290 1944 1342 qua'
1982 1273 2324 1326 imminebant
2363 1272 2674 1323 tentationes
2715 1283 2963 1337 generoso
2992 1275 3197 1335 pectore
3218 1266 3590 1334 perferremus,
3622 1263 3901 1315 Dominicis

658 1354 800 1408 illius
836 1372 1089 1410 memores
1121 1360 1409 1417 sententiar.
1444 1360 1567 1428 quia
1600 1379 1619 1409 ι
1651 1370 1875 1428 angusta
1916 1369 1991 1413 est
2025 1369 2200 1428 porta,
2225 1367 2273 1411 et
2295 1366 2443 1411 arcta
2471 1358 2556 1409 uia
2582 1372 2701 1425 quia
2722 1356 2863 1408 ducit
2880 1354 2949 1407 ad
2979 1356 3160 1414 vitam,
3190 1363 3300 1407 etc.
3345 1371 3362 1402 ι
3405 1350 3573 1419 Hujus
3596 1352 3780 1417 itaque
3808 1349 3899 1400 ed-

666 1442 1131 1496 monitionivisum
1158 1451 1231 1496 est
1254 1460 1435 1513 gerere
1478 1461 1696 1508 morem,
1729 1462 1888 1514 eoque
1920 1445 2198 1515 (ideoque)
2244 1445 2298 1496 in
2358 1444 2514 1496 lanra
2558 1444 2685 1493 duos
2734 1456 2893 1511 prope
2941 1455 3139 1492 menses
3179 1439 3588 1507 permansimus.
3636 1436 3900 1504 Loquitur

656 1526 859 1580 deinde
885 1527 957 1582 de
987 1530 1112 1598 fuga
1138 1528 1289 1583 illinc
1316 1530 1381 1583 ad
1414 1531 1561 1583 aliud
1599 1532 2019 1589 monasterium.
2052 1541 2107 1585 et
2133 1530 2260 1584 inde
2291 1529 2357 1582 ad
2385 1530 2555 1591 aliud,
2586 1543 2651 1582 ac
2677 1528 2744 1581 de
2775 1524 2899 1581 aliis
2930 1527 3063 1579 hinc
3093 1525 3221 1578 inde
3244 1524 3545 1593 dispersis;
3576 1531 3635 1576 et
3673 1522 3853 1575 inferi:
3878 1537 3902 1573 ε

656 1614 860 1668 iterum
894 1613 961 1667 de
1001 1616 1286 1669 monachis
1342 1630 1370 1667 a
1422 1616 1717 1671 Saracenis
1764 1617 1964 1671 occisis
2012 1631 2218 1685 agens:
2270 1616 2541 1677 Numeris,
2579 1614 2778 1683 inquit,
2824 1623 3127 1667 sanctorum
3168 1611 3412 1671 Patrum,
3453 1626 3582 1677 quos
3623 1611 3900 1679 tyrannica

652 1698 868 1754 sustulit
901 1702 1194 1768 impressio,
1217 1710 1291 1753 est
1335 1704 1692 1771 quadraginta
1726 1713 1973 1772 quatuor.
2006 1702 2205 1756 Horum
2253 1705 2503 1755 memoria
2539 1701 2680 1755 Maio
2708 1716 2882 1755 mense
2902 1698 3218 1760 celebratur,
3252 1698 3456 1750 decima
3489 1698 3675 1765 quinta
3710 1700 3899 1749 mensis

652 1786 753 1841 die.
799 1786 1133 1855 Eorutudem
1161 1798 1463 1859 martyrum
1499 1791 1821 1843 memoriam
1852 1790 1987 1843 colit
2012 1789 2258 1843 Ecclesia
2286 1790 2340 1843 in
2370 1786 2748 1858 Martyrologio
2782 1786 3021 1838 Romano
3049 1784 3140 1839 die
3187 1784 3252 1837 16
3280 1783 3427 1845 Maii,
3453 1783 3540 1837 his
3570 1782 3762 1836 verbis
3793 1799 3805 1832 :
3837 1781 3895 1834 la

651 1870 943 1926 Paltrstina
968 1876 1141 1945 passio
1165 1886 1469 1929 sanctorunt
1529 1879 1907 1929 monachorum
1938 1893 1970 1929 a
2004 1873 2296 1931 Saracenis
2325 1876 2379 1926 in
2423 1874 2579 1927 lauru
2620 1874 2793 1926 sancti
2836 1870 2989 1925 Sabce
3040 1871 3472 1938 interfectorum.
3505 1869 3642 1922 Dum
3680 1884 3813 1921 vero
3844 1868 3895 1921 lli

663 1959 1104 2023 coronabantur,
1137 1962 1363 2029 quidam
1399 1963 1706 2017 monachus
1735 1962 1944 2017 Sinaita
1975 1962 2143 2017 modo
2179 1962 2408 2016 terribili
2441 1962 2628 2029 lapsus
2672 1968 2777 2014 est.
2809 1960 2944 2014 Rem
2984 1960 3065 2013 sic
3086 1958 3354 2013 describit
3411 1957 3554 2010 idem
3589 1956 3896 2009 Antiochus

651 2044 845 2100 homil.
878 2047 967 2109 8i,
1001 2049 1144 2116 apud
1184 2049 1503 2110 Baronium.
1548 2049 1683 2103 ibid.
1723 2066 1779 2103 n.
1806 2050 1876 2102 50
1912 2066 1928 2103 :
1962 2049 2100 2110 Fuit,
2135 2050 2336 2117 inquit,
2369 2049 2427 2100 in
2478 2055 2652 2099 monte
2673 2046 2803 2100 Sina
2853 2048 3140 2100 monachus
3167 2048 3405 2114 quidam,
3434 2045 3522 2114 qui
3544 2043 3745 2096 celebre
3770 2044 3895 2094 adeo

650 2133 810 2187 edidit
844 2150 956 2188 sua:
987 2137 1329 2189 continentia:
1367 2137 1648 2205 specimen,
1681 2138 1815 2204 utin
1846 2136 2040 2190 cellula
2069 2129 2259 2189 multos
2290 2136 2477 2187 riserit
2524 2150 2691 2186 annos
2718 2134 2971 2186 inclusus.
3010 2130 3284 2185 Postremo
3330 2129 3648 2197 multifariis
3691 2128 3895 2182 ret-ela-

649 2218 871 2271 tionibus
894 2220 1109 2283 diaboli,
1144 2232 1189 2272 ct
1222 2222 1495 2275 insomniis
1524 2222 1733 2281 illusus.
1761 2222 1831 2274 ad
1852 2222 2189 2275 Judaismum
2210 2220 2454 2289 delapsus
2482 2229 2577 2283 est,
2622 2230 2671 2273 et
2705 2222 2881 2274 carnis
2914 2220 3384 2273 circumcisionem.
3414 2217 3550 2270 Cum
3585 2218 3752 2286 igitur
3779 2218 3893 2269 dia-

649 2304 798 2359 bolus
818 2307 938 2359 huic
960 2306 1242 2360 identidem
1277 2325 1399 2360 vera
1428 2310 1667 2377 qua’dam
1706 2309 1966 2362 insomnia
1989 2310 2414 2366 demonstrasset.
2447 2320 2494 2359 et
2530 2306 2689 2360 veluti
2724 2309 2926 2376 objecta
2970 2305 3215 2359 illecebra
3243 2307 3520 2371 inescassst
3549 2303 3697 2357 illius
3719 2304 3891 2356 obses-

650 2399 827 2443 ratam
850 2402 1071 2445 mentem
1092 2436 1104 2456 ,
1145 2395 1420 2447 novissime
1451 2395 1614 2448 oculis
1647 2394 1789 2449 illius
1832 2396 2006 2465 objicit
2034 2397 2297 2464 capiosam
2329 2395 2538 2447 turbam
2573 2394 2951 2463 apostolorum,
2977 2404 3297 2463 martyrum,
3348 2392 3681 2461 aliorumque
3730 2394 3894 2443 omnis

647 2479 851 2545 generis
876 2477 1301 2533 Christianorum
1337 2483 1661 2535 densissimus
1692 2482 1934 2543 tenebris.
1976 2490 2024 2533 ct
2075 2482 2214 2533 omni
2246 2481 2491 2534 dedecore
2515 2480 2816 2549 oppletum:
2854 2490 3005 2550 parte
3042 2481 3301 2549 opposita,
3342 2478 3541 2543 Mosen,
3580 2476 3889 2546 Prophetas,

647 2563 899 2633 papulum
927 2582 1131 2636 quoque
1155 2565 1488 2629 .luda'orum,
1526 2569 1631 2620 1)ιο
1659 2568 1857 2638 alioqui
1888 2570 2113 2621 inrisum
2147 2582 2350 2629 isermo
2372 2572 2455 2621 est
2488 2568 2557 2621 de
2580 2566 2949 2621 Juduaisnunc
2976 2567 3263 2637 temporis)
3298 2568 3445 2636 oﬁ'ert
3487 2564 3769 2635 splendida
3800 2568 3890 2617 art-

648 2652 861 2706 tnodum
906 2652 1019 2706 luce
1060 2657 1382 2723 conspicuos,
1412 2658 1566 2725 inque
1601 2656 1798 2726 gaudio
1826 2666 1871 2708 et
1904 2656 2177 2709 hilaritate
2206 2662 2364 2709 vitam
2412 2654 2763 2707 traducentes.
2792 2653 2917 2707 lleec
2940 2671 3057 2706 cum
3095 2662 3378 2724 spectasset
3410 2656 3593 2717 miser,
3624 2668 3652 2705 e
3678 2653 3891 2720 uestigio

642 2740 892 2802 surrexit,
925 2740 1273 2811 derelictoque
1297 2753 1475 2795 sancto
1512 2743 1604 2795 illo
1630 2752 1823 2801 monts.
1858 2746 1911 2799 in
1941 2742 2285 2798 Pala'stinam
2311 2759 2471 2813 usque
2500 2743 2752 2811 pervenit,
2788 2751 3035 2812 rectaque
3084 2742 3381 2795 conscendit
3417 2742 3471 2793 in
3510 2740 3699 2794 Noara
3724 2750 3773 2793 et
3800 2739 3886 2793 Li.

644 2825 863 2897 byadem
887 2825 1036 2895 asyli
1074 2826 1400 2880 Juda'orum.
1445 2827 1571 2882 Cum
1600 2832 1771 2896 (vero)
1799 2831 1909 2884 istis
1933 2830 2267 2884 deuarrasset
2289 2847 2407 2900 quae
2433 2832 2529 2885 sibi
2561 2832 2681 2884 visa:
2701 2830 2910 2900 fuerant
2943 2828 3229 2884 diabolicas
3267 2832 3647 2901 apparitiones,
3667 2830 3888 2882 circum-

642 2914 780 2964 cisus
806 2922 903 2977 est,
921 2929 983 2965 ac
1026 2915 1289 2983 professus
1310 2915 1673 2980 Juzlaismum,
1710 2918 1909 2986 accepit
1958 2933 2198 2981 uxorem,
2250 2919 2407 2987 inque
2463 2920 2693 2972 omnium
2745 2926 3020 2988 prospectu
3073 2918 3318 2971 adversus
3351 2914 3683 2971 Christianos
3732 2916 3887 2968 edidit

643 3000 917 3070 dogmata,
943 3011 1311 3070 propugnator
1336 3002 1504 3071 [actus
1530 3003 1768 3057 Iudaicw
1800 3005 2205 3074 superstitionis.
2230 3005 2383 3059 Hitnc
2412 3022 2504 3076 ego
2526 3005 2650 3069 ridi,
2676 3006 2856 3075 pergit
2882 3003 3209 3069 Antiochus,
3250 3021 3312 3057 ac
3342 3003 3580 3073 plerique
3605 3004 3884 3056 monacho-

641 3101 782 3150 rum,
815 3081 1144 3155 nequeenim
1174 3100 1403 3159 quatuor
1428 3092 1555 3144 anni
1580 3101 1701 3144 sunt
1723 3110 1755 3144 a
1786 3103 1952 3145 morte
1981 3094 2125 3145 illius
2154 3110 2257 3163 qua
2282 3096 2470 3145 misere
2495 3102 2775 3164 perruptas
2815 3099 2913 3146 est.
2968 3089 3219 3146 Catharri
3244 3091 3384 3144 enim
3428 3092 3747 3159 proﬂuuium
3782 3090 3881 3142 aii-

642 3173 854 3243 quando
876 3191 1084 3243 passus,
1112 3184 1159 3227 ct
1184 3178 1438 3229 vermium
1464 3180 1736 3231 arrosione
1762 3179 2128 3232 contabescens
2154 3182 2461 3249 exspiravit.
2487 3180 2639 3233 Hunc
2675 3196 2792 3233 cum
2822 3180 3128 3235 vidissemus
3151 3194 3245 3247 ego
3272 3185 3322 3229 et
3351 3176 3446 3231 alii
3474 3176 3678 3247 aliquot
3703 3193 3884 3229 manc-

644 3262 748 3324 chi,
779 3264 1009 3331 correpti
1046 3264 1256 3327 timore,
1290 3264 1637 3333 ingenti-cum
1664 3263 1804 3318 luctu
1839 3266 2335 3320 lamentatisumus.
2368 3267 2497 3320 Erat
2524 3267 2578 3319 id
2603 3282 2733 3320 sane
2763 3284 2923 3338 quam
2957 3265 3257 3320 miserabile
3283 3263 3662 3335 spectaculum.
3689 3262 3782 3316 Vir
3804 3264 3885 3316 hic

644 3356 782 3401 totus
818 3350 1133 3401 iucanuerat
1164 3350 1219 3402 in
1252 3352 1543 3404 monastica
1568 3353 1961 3410 exercitatione,
1988 3364 2435 3423 consenueratque
2466 3353 2731 3409 laboribus
2758 3354 2991 3412 attritus,
3021 3364 3067 3405 et
3088 3353 3132 3404 is
3168 3352 3382 3404 tandem
3424 3368 3539 3404 cum
3575 3349 3881 3403 mulieribus

632 3435 939 3507 jocabatur,
976 3436 1376 3489 immundarum
1401 3440 1667 3500 carnium,
1705 3454 1889 3507 nempe
1911 3437 2279 3500 Iudaicarum,
2319 3447 2472 3506 gustu
2497 3453 2552 3490 se
2593 3438 2911 3507 defmdabat,
2935 3446 2984 3489 ct
3020 3438 3353 3506 inquinabat,
3392 3434 3547 3490 verba
3572 3435 3883 3505 loquebatur

642 3524 862 3577 obscena
882 3532 930 3577 et
965 3524 1254 3592 impudica,
1278 3523 1676 3591 blasphemabat
1711 3525 1999 3584 Christum.
2032 3524 2289 3595 Spiritum
2335 3533 2578 3577 sanctum
2629 3541 2734 3578 non
2782 3523 3073 3577 tolerandis
3119 3522 3376 3594 amciebat
3421 3521 3757 3575 contumeliis
3784 3538 3802 3575 :
3832 3529 3882 3574 et

640 3613 776 3662 hunc
825 3619 1002 3663 tamen
1030 3654 1037 3659 .
1061 3609 1143 3664 illi
1197 3612 1308 3665 sine
1363 3610 1472 3682 lege
1500 3612 1673 3666 Judaei
1727 3613 2015 3667 secundum
2054 3612 2309 3667 vocabant
2349 3610 2642 3665 Abraham.
2686 3611 2811 3665 Haec
2848 3610 3160 3667 Antiochus
3230 3617 3269 3667 t.
3308 3609 3325 3662 Ι
3359 3607 3498 3663 Bibl.
3526 3606 3684 3662 l’atr.
3711 3607 3874 3664 Crte.

640 3712 698 3768 p.
730 3695 858 3749 1161
889 3704 945 3749 et
969 3712 1085 3765 seq.

709 3781 968 3845 Cosroes,
1004 3791 1064 3837 ut
1088 3784 1295 3838 dictum
1321 3794 1425 3849 est,
1464 3787 1673 3856 lignum
1698 3794 1900 3842 saneta
1934 3787 2141 3851 crucis,
2169 3784 2318 3855 quod
2348 3785 2745 3855 Hierosolymis
2775 3785 3120 3850 servantur,
3156 3786 3210 3839 in
3251 3783 3533 3839 Persidem
3569 3782 3875 3837 transtulit.

638 3868 746 3923 Sed
776 3870 935 3939 plane
969 3870 1335 3927 admiratione
1358 3873 1584 3943 dignum
1616 3874 1750 3928 illud
1780 3874 1903 3938 fuit,
1936 3875 2116 3943 inquit
2156 3872 2427 3927 Barouius
2452 3888 2618 3941 supra
2654 3872 2877 3937 citatus,
2915 3888 2970 3926 n.
3000 3872 3091 3937 32,
3137 3872 3366 3941 impium
3414 3869 3698 3924 hominem
3743 3869 3876 3924 adeo

636 3971 760 4010 esse
789 3958 1085 4010 reveritum
1119 3958 1314 4012 salutis
1347 3969 1551 4014 nostrae
1608 3970 1895 4031 tropamm,
1933 3971 1991 4014 ut
2045 3976 2146 4015 nec
2177 3976 2346 4015 ausus
2384 3960 2549 4015 fuerit
2592 3961 2659 4015 ab
2696 3962 2809 4029 ipsa
2843 3961 3023 4023 theca,
3045 3975 3153 4029 qua
3206 3959 3586 4029 operiebatur,
3620 3958 3873 4027 signacu-

641 4058 752 4096 in-iu
784 4059 1065 4109 amovere,
1099 4054 1156 4099 et
1189 4046 1341 4101 clave
1376 4048 1619 4115 aperire,
1652 4050 1817 4102 utch
1847 4049 1980 4103 illud
2022 4050 2350 4118 inspiceret;
2384 4048 2478 4101 sed
2512 4049 2710 4102 timore
2740 4048 3078 4116 perculsum,
3100 4048 3178 4102 uti
3222 4048 3276 4101 in
3308 4054 3665 4100 sacrosancto
3688 4043 3873 4113 templi

636 4128 759 4184 loco
776 4131 1194 4195 'assen'abatur,
1228 4132 1422 4187 eodem
1459 4134 1622 4187 modo
1647 4135 1700 4188 in
1735 4134 2011 4188 Persidem
2036 4134 2278 4188 voluisse
2314 4136 2637 4197 transferre,
2672 4136 2842 4189 veluti
2876 4136 3099 4189 demum
3128 4136 3396 4189 intactum
3439 4134 3873 4203 Hierosolymam

638 4226 980 4286 reportatum
1040 4217 1145 4272 fuit
1183 4236 1195 4272 :
1228 4219 1374 4288 quod
1396 4228 1629 4275 testatus
1655 4230 1738 4275 est
1763 4221 2040 4275 Modestus
2070 4220 2575 4293 Hierosolymorum
2606 4222 2940 4292 patriarcha,
2974 4223 3108 4276 item
3130 4235 3349 4292 quoque
3376 4220 3673 4275 universus
3697 4221 3879 4274 clerus

640 4304 900 4358 Ecclesiae
935 4304 1465 4376 llierosolytuilanm.
1494 4307 1683 4364 Tradit
1712 4307 1827 4362 lucc
1860 4307 2044 4362 omnia
2071 4307 2271 4363 Suidas
2317 4311 2371 4363 in
2406 4310 2680 4364 Heraclio.
2709 4310 2883 4364 Porro
2913 4309 3169 4362 observat
3212 4307 3409 4362 Baron.
3455 4307 3601 4362 idem
3632 4306 3701 4361 ad
3745 4322 3872 4360 ann.

637 4396 762 4458 622,
796 4413 853 4459 η.
885 4397 937 4461 1,
972 4412 1039 4451 ex
1074 4412 1184 4465 quo
1215 4405 1402 4451 sancta
1436 4397 1581 4452 Crux
1604 4390 1759 4467 capta
1788 4416 1817 4451 a
1847 4398 2026 4452 Persis
2046 4398 2169 4462 fuit,
2193 4407 2249 4451 et
2281 4398 2332 4451 in
2368 4397 2647 4452 Persidem
2676 4394 3132 4465 asportata,hanc
3163 4412 3261 4450 sua
3303 4397 3548 4467 potentia
3572 4436 3587 4459 ,
3620 4397 3731 4447 imo
3761 4395 3877 4464 ejus

636 4483 728 4549 qui
761 4484 812 4535 in
843 4498 906 4537 ea
940 4498 1135 4552 passus
1161 4492 1245 4537 est
1266 4484 1467 4539 virtute
1492 4527 1505 4550 ,
1535 4486 1798 4539 Romanis
1828 4487 2017 4553 plures
2056 4485 2140 4539 ins
2162 4501 2404 4555 gnesque
2432 4486 2736 4541 contulisse
2766 4485 3063 4549 victorias;
3091 4500 3121 4538 e
3163 4494 3354 4537 contra
3387 4498 3519 4537 veto
3555 4484 3751 4538 Persas
3792 4499 3876 4535 re-

634 4571 871 4641 portatis
905 4572 1270 4641 plurimorum
1297 4590 1567 4627 annorum
1599 4575 1818 4643 tropaeis
1840 4575 2136 4628 admodum
2166 4574 2340 4635 elatos
2363 4570 2723 4639 depressisse,
2760 4582 3068 4634 eorumque
3105 4582 3287 4635 regem
3319 4566 3567 4621 Cosroen
3600 4565 3872 4621 horrenda

635 4669 813 4713 morte
844 4661 1128 4713 multasse.
1163 4661 1296 4714 Item
1323 4661 1387 4714 ad
1420 4677 1622 4715 annum
1648 4661 1773 4725 627,
1800 4678 1856 4719 η.
1888 4663 1979 4724 25,
2013 4661 2268 4715 Heraclio
2298 4656 2623 4727 imperatori
2647 4656 2834 4710 crucis
2862 4654 3073 4708 virtute
3114 4654 3327 4719 datum,
3358 4663 3416 4707 ut
3445 4665 3605 4721 longe
3650 4652 3875 4722 praecis-

638 4746 756 4799 rius
778 4761 940 4815 quam
964 4746 1147 4815 quivis
1180 4758 1306 4802 ante
1336 4748 1709 4802 Romanorum
1742 4749 2041 4819 imperator
2070 4750 2145 4804 de
2193 4749 2404 4803 victore
2448 4745 2676 4808 Cosroe,
2700 4744 2795 4813 qui
2825 4752 2881 4797 et
2936 4743 3081 4796 vinei
3123 4758 3283 4812 posse
3342 4758 3453 4795 non
3517 4741 3869 4803 credebatur,

636 4832 1079 4901 triumphaverit,
1111 4833 1323 4887 iteratis
1353 4832 1562 4888 scilicet
1581 4850 1679 4904 per
1708 4850 1880 4889 annos
1901 4844 2110 4907 septem
2143 4835 2409 4896 victoriis,
2429 4848 2663 4903 quarum
2694 4845 2860 4885 causa
2882 4845 2981 4899 per
3002 4845 3175 4884 annos
3205 4829 3453 4900 singulos
3487 4828 3688 4899 singuli
3717 4837 3871 4884 erant

632 4919 737 4987 ipsi
781 4919 1114 4974 decernendi
1138 4920 1421 4987 triumphi.

705 5008 897 5061 Exstat
925 5007 979 5060 in
1017 5006 1213 5061 Chron.
1241 5007 1531 5061 Alexandr.
1570 5025 1695 5079 pag.
1717 5010 1839 5073 598,
1873 5012 1940 5065 ad
1972 5028 2176 5066 annum
2208 5010 2273 5067 t8
2303 5010 2536 5064 lleraclii
2586 5008 2839 5078 imperat.
2876 5008 3085 5066 Christi
3114 5008 3238 5071 (.28,
3286 5007 3517 5077 cpistola
3551 5007 3720 5076 hujus
3767 5008 3871 5061 im-

630 5104 807 5165 perat.
834 5094 997 5148 missa
1032 5094 1568 5165 Constantinopolim
1602 5097 1670 5151 de
1705 5113 1836 5152 nece
1866 5098 2110 5162 Cosrois,
2154 5108 2208 5153 et
2255 5112 2387 5167 pace
2429 5096 2564 5150 inita
2591 5102 2714 5149 cum
2765 5096 2934 5167 Syroe
2970 5099 3090 5165 ejus
3121 5096 3251 5157 lilio,
3278 5110 3401 5164 qua:
3458 5095 3598 5148 lecta
3646 5103 3734 5147 est
3783 5096 3867 5148 die

632 5182 701 5235 15
728 5181 873 5246 Maii,
906 5182 958 5235 in
991 5196 1155 5250 quem
1189 5181 1456 5236 inciderat
1485 5183 1683 5236 festum
1711 5184 1929 5239 Penlee.
1968 5186 2043 5239 Eo
2077 5202 2221 5239 anno
2260 5184 2471 5240 Pascha
2513 5195 2833 5238 occurrerat
2860 5183 2949 5237 die
2974 5184 3042 5235 27
3091 5183 3246 5236 Mart.
3290 5182 3632 5251 proindeqne
3676 5182 3869 5235 Pente-

632 5277 818 5323 costes
847 5268 937 5321 die
967 5268 1032 5321 15
1058 5268 1205 5321 Maii.
1240 5268 1371 5322 Eam
1413 5285 1635 5339 quoque
1670 5271 1841 5323 refert
1871 5273 2090 5341 Pagins,
2125 5280 2257 5325 tom.
2289 5272 2354 5335 11,
2403 5271 2526 5325 erit.
2559 5272 2755 5326 Annal.
2792 5272 2990 5325 Baron.
3023 5271 3089 5324 ad
3144 5284 3348 5323 annum
3382 5270 3509 5332 627,
3538 5284 3691 5323 num.
3723 5269 3784 5321 12
3814 5281 3868 5320 ct

630 5370 785 5424 seqq.
818 5353 909 5409 Sic
935 5354 1127 5423 incipit
1154 5373 1167 5407 :
1204 5354 1408 5408 Decimo
1427 5362 1609 5409 octavo
1638 5373 1777 5409 anno
1800 5359 2004 5426 imperii
2029 5358 2278 5420 lleraclii,
2316 5367 2427 5427 post
2448 5358 2799 5420 consulatum,
2836 5359 2897 5412 17
2924 5359 3144 5431 εις-,⁸15
3172 5357 3299 5411 Μαίὶ
3336 5359 3527 5410 mensis
3558 5357 3660 5418 die,
3697 5357 3792 5424 fer.
3817 5357 3867 5422 1,

631 5444 746 5509 ipso
772 5441 1099 5495 Pentecostes
1138 5441 1287 5510 festo,
1320 5441 1464 5496 lecta:
1483 5453 1606 5497 sunt
1642 5459 1706 5498 ea:
1731 5444 1951 5498 amboue
1983 5446 2033 5498 in
2069 5446 2403 5501 sanctissima
2438 5447 2633 5517 Magna
2668 5447 2883 5500 ecclesia
2921 5448 3110 5501 littera:
3135 5448 3307 5500 missa:
3337 5463 3398 5501 ea:
3424 5446 3633 5501 Oriente
3668 5446 3731 5499 ab
3768 5444 3865 5500 He-

628 5529 797 5586 raclio
825 5532 1058 5599 piissimo
1090 5532 1405 5600 imperatore
1432 5542 1629 5597 nostro,
1657 5548 1773 5602 qua
1804 5532 2010 5587 Cosroae
2036 5551 2238 5595 casum,
2264 5543 2309 5587 et
2342 5536 2801 5604 inauguratiouem
2830 5533 3008 5603 Syroa:
3040 5533 3327 5588 Persarum
3363 5535 3499 5603 regis
3530 5535 3862 5595 nuntiabant,

629 5619 767 5674 hisee
786 5621 947 5675 verbis
982 5629 1263 5690 conceptaz.
1294 5638 1311 5669 ι
1347 5620 1626 5675 Exsultate
1658 5622 1783 5685 Deo,
1816 5624 1984 5675 omnis
2018 5632 2183 5687 terra,
2218 5643 2235 5672 ι
2264 5631 2370 5677 etc.
2411 5640 2427 5667 α
2463 5620 2729 5674 ιιιίειιιατ
2750 5620 2863 5673 emli
2888 5629 2936 5673 et
2960 5619 3179 5673 exsultet
3208 5629 3373 5683 terra,
3399 5632 3445 5673 et
3468 5622 3645 5674 omnia
3678 5636 3793 5690 quc
3813 5621 3863 5673 in

629 5706 705 5762 eis
735 5716 878 5760 sunt.
901 5726 919 5758 ι
953 5706 1021 5761 Et
1044 5723 1221 5760 omnes
1250 5705 1537 5763 Christiani
1565 5707 1842 5763 laudantes
1872 5717 1920 5762 et
1950 5710 2302 5763 benedicentes
2326 5711 2525 5781 gratias
2563 5723 2782 5777 agamus
2806 5706 2904 5760 soli
2935 5706 3065 5770 Deo,
3101 5717 3208 5763 etc.
3247 5728 3264 5759 t
3290 5706 3486 5763 Cecidit
3516 5708 3655 5761 enim
3682 5722 3864 5776 super-

638 5796 792 5848 buset
806 5793 1088 5863 perduellis
1113 5794 1209 5851 Dei
1242 5793 1481 5850 Casrocs.
1536 5794 1750 5863 Cecidit,
1783 5806 1828 5848 et
1872 5796 2237 5867 pracipitatus
2273 5806 2345 5851 est
2384 5796 2452 5851 ad
2489 5796 2704 5866 inferos,
2743 5804 2790 5849 ct
2823 5793 2990 5849 deleta
3026 5803 3101 5850 est
3127 5796 3189 5850 de
3227 5802 3369 5850 terra
3412 5794 3668 5854 memoris
3733 5794 3862 5863 ejus.
