4076 6330
252 390 393 453 ἓξὲξ)
1705 397 2040 459 ΝΟΤΓῙἾΑ.

256 502 624 571 Superbusille
661 513 708 556 et
735 503 951 573 loquens
975 507 1309 575 iniquitatem
1333 510 1388 562 in
1416 510 1662 580 superbia
1684 520 1733 563 et
1760 520 2063 580 contemptu
2090 509 2339 563 adversus
2374 507 2437 562 D.
2476 507 2544 563 Ν.
2582 506 2636 564 Ι.
2673 504 2731 561 C.
2781 516 2967 562 verum
3000 506 3188 572 Deum,
3217 516 3266 561 et
3290 510 3506 562 inteme-

256 598 433 641 ratum
464 589 579 659 ejus
603 599 825 642 matrem
854 590 1177 648 benedictam
1198 594 1482 648 Dominam
1520 604 1758 649 nostram
1788 596 1881 650 Dei
1912 598 2227 654 Genitricem
2265 612 2572 666 semperque
2613 595 2882 665 Virginem
2916 596 3167 650 Mariam.
3209 595 3377 650 Periit
3411 599 3504 650 im-

255 676 373 742 pFns
400 692 515 727 eum
550 678 742 729 sonitu.
777 676 1068 735 Conversus
1102 692 1178 736 est
1205 682 1354 736 labor
1383 684 1495 753 ejus
1518 684 1571 735 in
1593 693 1750 752 caput
1782 684 1920 752 ejus,
1957 693 2005 737 et
2034 686 2088 737 in
2118 686 2363 737 verticem
2389 684 2652 753 iniquitas
2682 685 2800 753 ejus
2832 683 3118 736 descendit.
3150 682 3288 736 Nam
3325 683 3394 736 24
3418 683 3512 736 Fe-

252 764 438 816 bruar.
467 762 719 831 prieteriti
757 767 971 828 mensis,
1002 770 1175 833 prima
1198 770 1499 832 indictione,
1533 770 1787 822 seditione
1814 770 1867 822 in
1892 788 2010 824 eum
2061 780 2201 823 mota
2234 770 2297 823 ab
2325 771 2487 839 ipsius
2517 768 2631 832 ﬁlio
2666 769 3013 837 primogenita
3037 766 3223 838 Sgroe,
3257 768 3487 838 quemad

254 852 465 900 modum
497 850 547 901 in
579 849 687 902 alia
712 850 954 920 jnssione
974 853 1049 921 (id
1075 865 1159 907 est
1180 855 1459 923 cpisloiat,
1491 858 1631 908 vobis
1664 858 2018 921 exposuimus,
2054 856 2350 910 Persarum
2377 856 2620 908 omnibus
2649 855 2951 923 proceribus
2982 872 3044 907 ac
3084 856 3329 907 universo
3359 858 3513 906 exer-

253 936 380 994 citu,
408 936 670 1003 copiisque
704 954 766 989 ex
800 939 961 992 variis
994 942 1289 1010 regionibus
1319 943 1608 1003 conductis,
1651 943 1714 993 ab
1745 942 2062 995 exsecranda
2086 943 2277 997 Cosroe
2300 948 2367 996 ad
2396 950 2578 1013 partes
2627 940 2837 1009 Syram,
2861 957 2979 993 cum
3012 940 3368 1011 Curdanaspa
3386 940 3515 993 Per-

250 1024 345 1075 sici
371 1026 625 1077 exercitus
657 1025 802 1091 prius
828 1026 958 1078 duce
1008 1028 1423 1085 transeuntibus.
1448 1031 1585 1083 idem
1609 1029 1714 1082 Dea
1741 1031 1937 1084 invisus
1968 1029 2207 1092 Cosraes,
2249 1032 2371 1082 dum
2400 1031 2579 1098 fugam
2614 1030 2922 1090 meditatur,
2971 1035 3177 1097 captus,
3212 1028 3517 1097 vinctusque

250 1109 307 1161 in
339 1126 529 1163 novum
570 1111 871 1172 castellum,
912 1113 975 1165 ab
1004 1116 1224 1183 ipsomet
1258 1116 1329 1167 ad
1350 1116 1708 1169 recondendus
1744 1117 2139 1185 servandasqne
2161 1117 2223 1168 ab
2249 1133 2308 1169 eo
2338 1116 2585 1169 collectas
2615 1116 2865 1184 pecunias
2893 1126 3212 1167 exstructum
3248 1114 3514 1184 conjectus

251 1204 344 1247 est.
376 1194 628 1249 Vicesima
664 1200 846 1265 quinta
880 1210 1059 1251 autem
1097 1202 1337 1270 ejusdem
1384 1220 1450 1254 m.
1472 1205 1575 1254 ns.'s
1606 1202 1861 1258 Fibruar,
1894 1202 2059 1273 Syros
2084 1213 2359 1266 coronato,
2382 1213 2431 1277 et
2455 1220 2574 1273 rege
2631 1202 2918 1255 Persarum
2961 1203 3305 1271 inaugurata,
3346 1219 3409 1255 ac
3444 1200 3519 1256 28

254 1281 489 1349 ejusdem
509 1285 701 1337 mensis
726 1301 844 1337 cum
872 1286 979 1338 Dea
1007 1304 1193 1340 exosus
1218 1288 1439 1363 Cosroes
1462 1298 1715 1357 quartum
1732 1291 1851 1357 jam
1876 1290 2017 1342 dimi
2053 1292 2106 1343 in
2143 1290 2387 1353 vinculis,
2425 1290 2663 1343 omnibus
2705 1289 3041 1341 excruciatus
3074 1285 3363 1350 doloribus,
3390 1304 3517 1341 ese-

252 1368 433 1435 gisset,
465 1370 736 1439 ingratum
769 1371 945 1432 illum,
968 1382 1017 1425 et
1043 1373 1369 1441 perduellem
1401 1375 1517 1436 Dei,
1548 1376 1935 1445 superbumque
1968 1394 2029 1429 ac
2063 1377 2427 1445 blasphemum
2460 1376 2691 1431 Cosrocn
2738 1376 3078 1429 acerbissimo
3109 1376 3293 1428 mortis
3328 1389 3514 1445 genere

255 1451 443 1522 Syroes
472 1456 710 1519 sustulit,
740 1458 815 1509 uti
838 1458 994 1511 sciret
1021 1458 1055 1512 .l
1063 1475 1209 1513 esum
1238 1477 1299 1513 ex
1327 1461 1502 1514 Maria
1528 1472 1735 1523 natum,
1768 1470 1816 1513 et
1840 1480 1871 1514 a
1896 1462 2098 1517 Iuda-is
2135 1464 2472 1531 cruciﬁxum,
2503 1454 2949 1534 quemadmodum
2988 1464 3102 1530 ipse
3129 1464 3437 1532 scripserat,
3467 1470 3515 1514 et

254 1556 411 1610 quem
438 1544 679 1597 conviciis
703 1546 1429 1615 incesserat,omnipotentem
1458 1565 1568 1601 esse
1584 1547 1770 1611 Deum,
1789 1548 1969 1617 illique
1996 1551 2297 1615 retribuere,
2318 1561 2472 1620 prout
2501 1568 2532 1602 a
2561 1552 2705 1604 nobis
2728 1552 2829 1619 ipsi
2858 1552 3173 1617 rescriptum
3201 1548 3420 1617 fuerat,c
3440 1555 3517 1604 te.

255 1626 321 1681 In
348 1627 459 1681 alia
497 1638 674 1683 autem
695 1649 726 1683 a
752 1632 897 1696 nobis
938 1633 1063 1685 data
1089 1635 1231 1687 vobis
1254 1634 1518 1704 jussione,
1545 1652 1608 1687 ea:
1643 1636 1832 1689 castris
1850 1637 2045 1688 nostris
2084 1638 2153 1688 ad
2176 1636 2443 1699 Canzaca,
2496 1652 2615 1705 qua:
2662 1636 2998 1689 continebant
3038 1642 3159 1689 acta
3208 1653 3241 1689 a
3276 1636 3339 1689 i7
3368 1634 3520 1689 Octo-

257 1717 387 1780 bris,
416 1733 578 1787 usque
604 1723 673 1771 ad
699 1720 764 1773 l5
784 1719 988 1783 Martii,
1013 1721 1429 1791 signiﬁcavimus
1455 1762 1469 1786 ,
1500 1740 1601 1792 quo
1628 1731 1782 1793 pacto
1805 1722 1964 1784 Deus,
1997 1731 2047 1773 et
2088 1721 2312 1777 Domina
2343 1730 2524 1776 nostra
2554 1721 2813 1791 Deipara,
2840 1721 3009 1782 nobis.
3054 1722 3364 1792 Christoque
3389 1722 3511 1775 dile'

257 1804 355 1855 etis
377 1805 537 1872 capiis
564 1807 757 1859 nostris
793 1810 1134 1872 succurrerit,
1162 1817 1210 1861 et
1239 1809 1497 1877 quomoda
1517 1811 1569 1862 in
1601 1810 1715 1879 ipso
1736 1818 2011 1877 conspectu
2039 1818 2219 1862 nostro
2250 1808 2358 1862 Deo
2389 1824 2573 1864 exosus
2598 1847 2615 1871 ,
2638 1818 2687 1861 et
2711 1824 2739 1860 e
2774 1809 2977 1861 tumulo
3011 1810 3345 1878 refodiendus
3368 1809 3519 1880 (sive

258 1910 289 1947 ε
320 1895 671 1964 sterquilinio
696 1895 951 1959 clfossus,
977 1905 1038 1950 ut
1061 1895 1225 1955 habet
1260 1898 1480 1967 Pagins;
1518 1896 1738 1953 Cosroes
1768 1914 1798 1949 a
1832 1895 2307 1965 Dastagerehosate
2340 1896 2407 1947 ad
2440 1893 2830 1965 Ctesiphontem
2857 1911 3023 1965 usque
3050 1896 3236 1965 fugam
3263 1888 3522 1965 capessis-

260 1982 350 2039 rit,
376 1997 579 2051 suaque
626 1981 835 2050 palatia
865 1986 1102 2037 amiserit
1133 2001 1253 2037 cum
1279 1986 1429 2054 regni
1457 1984 1650 2038 Persici
1678 1983 1979 2053 provinciis,
2018 1996 2080 2032 ac
2114 1980 2338 2047 denique
2369 1978 2467 2030 hac
2500 1980 2708 2030 ratione
2730 1993 3056 2031 commovere
3087 1979 3337 2031 adversus
3368 1977 3521 2031 illum

257 2068 567 2122 seditionem
583 2068 774 2139 Syroes
800 2072 1053 2140 potuerit.
1077 2070 1204 2125 Post
1221 2073 1475 2140 scriptam
1496 2088 1617 2125 vero
1642 2073 1780 2125 hanc
1805 2078 2043 2123 nostram
2060 2068 2377 2136 jussionem,
2401 2080 2621 2133 eamque
2642 2067 2862 2119 missam
2886 2065 2950 2119 15
2968 2066 3051 2118 die
3075 2066 3347 2135 prcesentis
3378 2080 3529 2118 men-

259 2155 330 2207 sis
354 2153 558 2217 Hartii,
587 2155 711 2207 dum
741 2172 859 2225 qua:
890 2155 1121 2209 Casroen
1152 2158 1291 2210 inter
1319 2169 1369 2210 et
1404 2157 1605 2227 Syroen
1640 2156 1970 2227 postmodum
2005 2153 2318 2219 contigerint
2350 2151 2633 2220 explorare
2678 2153 2998 2221 satagimus,
3050 2153 3223 2205 missis
3262 2154 3321 2206 in
3368 2154 3529 2206 varia

265 2242 402 2306 loca,
431 2252 592 2312 atque
619 2244 689 2295 ad
709 2242 985 2307 Siarsura,
1013 2260 1236 2313 parvum
1256 2244 1452 2306 Zabas,
1481 2243 1705 2299 Chaleas
1726 2256 1773 2297 et
1795 2243 2029 2303 lesdem,
2067 2251 2295 2307 utraque
2348 2240 2453 2297 via.
2489 2247 2601 2291 tum
2631 2254 2694 2291 ex
2735 2238 3046 2307 felicissimis
3075 2241 3263 2292 castris
3309 2239 3529 2306 nostris,

264 2338 375 2381 tum
396 2345 460 2382 es:
498 2326 780 2383 Saracenis
808 2330 895 2399 pia
927 2338 1107 2383 nostra
1141 2331 1362 2399 imperio
1391 2331 1661 2400 subjectis,
1703 2339 1759 2383 ut
1803 2327 2247 2399 quemadmodum
2292 2325 2504 2394 prcefati
2550 2341 2755 2389 sumus,
2793 2335 2964 2379 motus
2994 2326 3085 2396 qui
3114 2326 3185 2378 ibi
3214 2334 3358 2389 sunt,
3385 2333 3527 2379 certo

265 2417 596 2475 resciremus,
633 2416 969 2469 adduxerunt
1003 2416 1074 2468 ad
1104 2433 1197 2469 nos
1231 2418 1553 2469 excubitores
1582 2418 1635 2470 in
1665 2424 1845 2470 castra
1875 2415 1944 2468 ad
1975 2414 2221 2467 Canzaca
2269 2413 2489 2467 Persam
2535 2431 2721 2477 unum,
2762 2423 2812 2466 et
2848 2414 3078 2467 alterum
3128 2414 3462 2479 Armenium,
3490 2428 3529 2467 tt

266 2503 453 2573 quibus
474 2511 719 2571 porrecta
748 2506 892 2557 nobis
922 2513 998 2555 est
1028 2503 1251 2572 epistola
1283 2521 1313 2556 a
1343 2504 1574 2570 quodam
1614 2503 1903 2557 Persarum
1930 2505 2215 2557 secretario
2244 2504 2329 2555 cui
2352 2517 2540 2554 nomen
2564 2511 2639 2555 est
2671 2502 2873 2556 Cosdae
2905 2512 2955 2555 et
2998 2503 3431 2562 Axi/imarunan.
3457 2502 3530 2557 ad

266 2606 359 2644 nos
382 2590 599 2657 scripta,
621 2606 725 2658 qua
747 2591 963 2643 missum
989 2604 1045 2641 se
1070 2588 1461 2658 signiﬁcabata
1489 2588 1656 2660 Sgroe
1705 2592 1760 2642 in
1806 2588 2098 2642 Persarum
2144 2606 2318 2658 regem
2371 2589 2722 2658 proclamato,
2782 2605 2901 2643 cum
2951 2588 3073 2643 aliis
3121 2590 3442 2660 proceribus,
3482 2602 3533 2643 ct

265 2677 431 2744 ipsius
480 2674 657 2745 Syrais
713 2676 782 2729 ad
829 2693 943 2729 nos-
976 2676 1164 2729 litteris
1209 2692 1227 2730 :
1264 2693 1484 2746 eumque
1538 2679 1607 2732 ad
1653 2677 1856 2731 Arman
1880 2678 2213 2745 pervenisset,
2244 2677 2411 2728 visum
2438 2676 2536 2728 sibi
2557 2692 2667 2728 esse
2692 2686 2749 2728 ut
2802 2676 2933 2729 duos
2990 2678 3117 2730 istos
3161 2678 3299 2730 viras
3323 2676 3393 2730 ad
3434 2692 3532 2732 nas

273 2766 522 2825 mitteret,
550 2780 652 2831 quo
703 2764 930 2817 vicissim
986 2779 1142 2830 seque
1193 2780 1254 2816 ac
1314 2764 1480 2817 socios
1517 2771 1654 2816 tutos
1682 2762 2070 2833 incolumesque
2125 2763 2461 2825 deducerent,
2518 2780 2549 2815 a
2615 2762 2760 2815 nobis
2832 2764 3187 2816 mitterentur.
3245 2762 3310 2818 Ut
3355 2774 3534 2818 autem

267 2849 423 2903 illum
472 2850 569 2903 sibi
617 2842 800 2901 timere
846 2848 1222 2914 intelleximus,
1280 2865 1345 2903 es:
1392 2866 1452 2903 eo
1501 2852 1641 2920 quod
1700 2852 1751 2903 in
1806 2851 1993 2902 itinere
2054 2848 2224 2901 multa
2266 2848 2548 2902 Persarum
2584 2849 2874 2913 cadavera,
2908 2865 3074 2920 eaque
3097 2866 3261 2921 usque
3296 2850 3365 2904 ad
3421 2851 3529 2906 tria

270 2938 483 2991 circiter
541 2934 711 2989 millia
762 2953 794 2988 a
842 2935 1156 3003 felicissimis
1204 2938 1367 3007 copiis
1423 2939 1616 2990 nostris
1666 2936 2063 3003 interfectorum
2120 2951 2301 2987 versus
2337 2934 2557 2988 Narban
2617 2936 2833 3001 videret,
2883 2936 3079 3005 absque
3130 2938 3533 2991 conductoribus

271 3041 365 3078 nos
393 3026 666 3076 convenire
690 3031 991 3077 vereretur:
1012 3024 1083 3077 25
1110 3024 1345 3093 ejusdem
1377 3024 1538 3078 Mart.
1565 3026 1756 3077 mensis
1778 3025 1847 3076 ad
1868 3023 1988 3076 illos
2014 3028 2256 3076 misimus
2286 3022 2725 3092 gloriosissimum
2759 3026 3076 3093 magistrum
3100 3026 3328 3078 militum
3352 3024 3534 3080 Eliam

270 3119 611 3180 cognomento
634 3108 888 3171 Βιηοσα,
926 3118 974 3162 et
1000 3109 1580 3178 magniﬁcentissimum
1622 3110 1938 3163 Theodotum
1975 3110 2358 3181 Drungarium,
2399 3125 2517 3161 cum
2551 3110 2751 3161 delecta
2776 3110 3079 3178 juventute,
3105 3127 3167 3163 ac
3192 3112 3375 3180 viginti
3392 3114 3538 3182 equis

272 3200 557 3253 dextrariis
591 3197 723 3252 sella
760 3199 1049 3256 instructis.
1084 3199 1175 3267 qui
1228 3198 1334 3251 illis
1373 3207 1727 3259 occurrerent,
1760 3214 1947 3258 eosque
1997 3199 2067 3250 ad
2100 3215 2193 3250 nos
2228 3198 2565 3259 deducerent,
2598 3206 2706 3251 etc.
2752 3197 2815 3251 Ut
2846 3214 2967 3251 vero
3006 3198 3135 3250 duos
3175 3196 3298 3251 illos
3332 3200 3471 3252 viros
3505 3217 3538 3252 a

276 3288 444 3357 Syroe
474 3286 757 3337 Persarum
792 3301 912 3354 rege
942 3286 1123 3338 missas
1160 3287 1448 3353 recepimus
1468 3326 1483 3347 ,
1514 3284 1743 3338 alterum
1772 3301 1834 3337 ex
1857 3286 1941 3343 iis.
1979 3285 2200 3337 Persam
2224 3285 2442 3345 scilicet,
2472 3300 2578 3336 una
2600 3301 2715 3336 cum
2751 3284 2873 3337 aliis
2903 3286 2972 3337 ad
3004 3283 3375 3338 Barismanem
3399 3283 3539 3340 Can-

275 3387 527 3425 zacorum
560 3372 959 3439 (praepositum)
987 3373 1077 3439 qui
1103 3389 1134 3423 a
1158 3371 1522 3440 quadraginta
1547 3369 1864 3424 milliaribus
1892 3372 2098 3434 aberat,
2126 3382 2173 3424 et
2199 3373 2252 3424 in
2282 3372 2544 3423 munitum
2569 3371 2851 3424 castellum
2882 3388 2937 3425 se
2964 3371 3254 3425 recluserat
3276 3373 3541 3437 misimus,

277 3462 417 3513 datis
448 3460 518 3513 ad
540 3458 693 3512 illum
726 3460 937 3519 litteris,
969 3462 1153 3528 quibus
1186 3460 1569 3521 mundabatur,
1609 3461 1685 3513 uti
1721 3476 1881 3529 equos
1914 3466 2114 3528 septem
2144 3474 2238 3527 pro
2276 3456 2461 3527 legatis
2493 3467 2733 3527 pararet,
2769 3474 2874 3527 quo
2907 3460 3149 3529 expedite
3188 3477 3250 3513 ac
3273 3461 3386 3526 sine
3427 3459 3542 3514 ulla

277 3547 652 3615 impedimenta
698 3546 768 3599 ad
794 3545 997 3616 Syroen
1025 3562 1195 3616 regem
1230 3555 1441 3617 possent
1485 3545 1766 3616 proﬁcisci.
1796 3545 2146 3599 Barismanas
2200 3560 2393 3598 vero...
2428 3552 2476 3596 et
2508 3546 2597 3615 qui
2635 3553 2747 3597 tum
2779 3562 2898 3598 eum
2933 3546 3027 3599 illo
3054 3548 3302 3609 aderant,
3351 3562 3466 3612 nos,
3493 3555 3544 3600 et

280 3630 485 3703 Syraen
525 3631 812 3686 Persarum
845 3649 1039 3702 regem,
1068 3650 1160 3701 per
1197 3633 1393 3687 multas
1419 3634 1598 3695 horas,
1636 3634 1827 3702 faustis
1860 3634 2332 3688 acclamationibus
2366 3632 2711 3703 laudibusque
2738 3636 2999 3702 prosecuti
3050 3644 3195 3689 sunt.
3252 3636 3297 3690 A
3347 3635 3545 3706 Legato

284 3721 477 3790 quippe
498 3719 591 3772 illo
623 3720 805 3781 Persa,
829 3719 1154 3788 perduellem
1186 3719 1281 3773 Dei
1309 3720 1540 3774 Cosroen
1576 3722 1813 3790 periisse,
1840 3732 2117 3788 regemque
2144 3715 2347 3786 Sgroen
2376 3715 2770 3786 praelamatum
2806 3719 3055 3771 certiores
3084 3727 3239 3773 erant
3265 3719 3411 3788 facti.
3444 3718 3545 3774 Re-

282 3807 493 3876 scripsit
526 3806 712 3858 deinde
736 3808 881 3859 nobis
915 3806 1055 3859 idem
1089 3804 1460 3871 Barismanas,
1506 3822 1665 3877 equos
1690 3823 1766 3867 se,
1798 3808 1930 3861 sicut
1958 3823 1987 3859 a
2022 3803 2167 3857 nobis
2202 3804 2515 3857 mandatum
2562 3804 2759 3872 fuerat,
2800 3805 3147 3868 instruxisse,
3178 3814 3373 3860 etcum
3407 3805 3545 3861 alte-

289 3910 409 3947 ram
435 3901 673 3947 nostram
687 3892 982 3962 jussionem
1019 3894 1298 3962 acceperit.
1330 3910 1435 3963 qua
1459 3893 1757 3963 legatorum
1786 3894 2041 3947 adventus
2058 3892 2153 3944 sibi
2181 3890 2670 3961 signiﬁcaretur,se
2698 3908 2859 3960 quam
2892 3893 3121 3958 primum
3150 3894 3220 3944 ad
3249 3910 3343 3946 nos
3374 3909 3547 3947 acces—

284 3997 493 4041 surum,
536 3982 785 4049 equisque
830 3980 1103 4046 confestim
1154 3979 1416 4043 adductis,
1458 3981 1623 4049 ofﬁcia
1658 3997 1755 4034 sua
1783 3981 2099 4049 servitiaque
2151 3980 2332 4032 omnia
2382 3978 2768 4047 prwstiturum.
2802 3976 2937 4030 Cum
2976 3979 3141 4047 igitur
3173 3978 3226 4030 in
3262 3979 3450 4033 iisdem
3480 3981 3549 4033 ad

289 4066 539 4123 Canzaca
574 4067 756 4134 positis
773 4067 961 4118 castris
991 4082 1219 4119 essemus
1248 4068 1441 4119 morati
1474 4084 1638 4136 usque
1675 4068 1743 4119 ad
1773 4066 1805 4119 ὅ
1837 4072 2029 4120 mensis
2056 4068 2257 4135 Aprilis
2303 4064 2460 4129 diem,
2491 4066 2580 4135 qui
2620 4067 2673 4117 in
2714 4063 3047 4117 Dominicam
3088 4066 3294 4129 incidit,
3340 4066 3549 4119 advenit

290 4155 553 4210 Phaiacus
583 4154 692 4223 regi
724 4172 754 4205 a
783 4155 1016 4217 secretis,
1049 4155 1137 4223 qui
1168 4164 1215 4205 et
1241 4153 1461 4207 Rharna
1489 4156 1800 4215 vocabatur,
1833 4156 1972 4207 circa
1998 4155 2184 4207 haram
2219 4152 2527 4214 secundum,
2568 4153 2915 4218 eumdemque
2939 4154 3038 4205 hac
3065 4154 3180 4219 ipsa
3223 4154 3353 4206 hora
3398 4170 3550 4207 esce-

288 4244 486 4314 pimus,
527 4241 712 4295 litteris
740 4260 771 4294 a
799 4240 1001 4303 Cabata
1043 4240 1208 4311 Syroe
1236 4241 1643 4296 clementissimo
1685 4243 1970 4296 Persarum
2021 4252 2160 4311 rege.
2194 4257 2312 4311 qua:
2345 4241 2458 4310 ejus
2504 4241 2981 4309 inaugurationem
3033 4239 3395 4305 continebant,
3437 4242 3553 4311 qui-

293 4336 493 4404 busque
516 4334 803 4397 nobiscum,
836 4341 886 4386 et
925 4350 1045 4385 cum
1064 4334 1246 4403 quovis
1273 4334 1568 4395 hominum,
1595 4350 1775 4401 pacem
1812 4330 2003 4385 habere
2030 4330 2165 4383 velle
2197 4328 2558 4399 signiﬁcabat,
2580 4328 2643 4381 ab
2675 4326 2768 4381 illo
2789 4329 3033 4394 acceptis.
3062 4329 3236 4381 Visum
3267 4344 3390 4398 ergo
3408 4330 3553 4385 nobis

288 4431 369 4477 eu
389 4421 779 4475 clementissimi
813 4418 1028 4474 Cabata:
1054 4420 1234 4491 Sgrois
1270 4418 1577 4473 litterarum
1612 4419 1889 4488 exemplar
1921 4416 2041 4468 huic
2071 4424 2266 4469 nostra'
2296 4414 2366 4467 ad
2388 4430 2476 4467 vos
2515 4414 2738 4476 iussioni
2768 4414 3109 4484 subjungere,
3133 4422 3189 4466 ut
3229 4423 3279 4467 et
3319 4416 3447 4485 quid
3483 4418 3555 4470 ad

288 4511 418 4564 iltas
454 4509 641 4564 deinde
670 4511 1115 4576 rescripserimus.
1147 4505 1442 4565 Mansimus
1473 4524 1594 4564 vero
1620 4508 1797 4562 eodem
1828 4508 1881 4559 in
1914 4506 2023 4561 loco
2051 4515 2349 4561 castrorum
2375 4502 2632 4557 Canzacis
2670 4504 2955 4555 vicinorum
2986 4518 3151 4571 usque
3184 4506 3252 4555 ad
3276 4506 3555 4573 septimum

288 4597 514 4668 Aprilis,
538 4598 633 4650 hoc
654 4605 725 4649 est
744 4596 812 4650 27
831 4596 961 4649 dies.
996 4595 1190 4650 Octavo
1226 4605 1402 4649 autem
1430 4597 1664 4664 ejusdem
1706 4596 1897 4648 mensis
1928 4595 2168 4647 eumdem
2216 4590 2509 4643 Phaiacum
2536 4607 2568 4642 a
2610 4590 2843 4646 secretis.
2880 4588 3158 4643 Rharnam
3202 4590 3554 4660 appellatum,

292 4682 601 4752 honoriﬁce,
632 4695 892 4753 quantum
923 4682 1087 4747 licuit,
1112 4696 1404 4753 acceptum,
1440 4692 1496 4736 ut
1528 4693 1574 4737 et
1627 4684 1716 4752 qui
1745 4699 1864 4735 cum
1900 4682 1994 4736 illo
2024 4690 2199 4742 erant,
2236 4679 2553 4739 dimisimus,
2587 4686 2696 4731 elc.
2735 4678 2905 4746 Atque
2944 4679 3022 4731 ita
3056 4677 3369 4746 conﬁdimus
3398 4678 3461 4733 D.
3487 4677 3556 4732 Ν.

292 4770 480 4826 Iesum
518 4771 783 4826 Christum
821 4771 1014 4824 bonum
1044 4779 1093 4823 et
1118 4773 1528 4840 omnipotentem
1561 4770 1749 4834 Deum,
1791 4777 1839 4823 et
1873 4768 2159 4822 Dominam
2226 4774 2464 4819 nostram
2507 4763 2601 4816 Dei
2644 4762 2979 4825 Cenitrieem,
3014 4780 3095 4817 res
3138 4780 3319 4817 omnes
3350 4759 3559 4821 nostras

295 4860 587 4914 secundum
609 4876 789 4913 eorum
816 4860 1150 4929 clementiam
1183 4869 1483 4914 curaturos.
1515 4860 1623 4914 Nos
1655 4876 1811 4930 porro
1846 4856 2080 4927 ejusdem
2111 4853 2304 4906 mensis
2340 4851 2425 4903 die
2470 4850 2503 4903 8
2543 4849 2653 4902 Deo
2693 4851 2925 4918 auspice,
2955 4862 3137 4904 castra
3182 4854 3459 4915 movimus,
3502 4855 3560 4908 in

298 4945 609 5002 Armeniam
639 4946 739 4998 iter
766 4945 978 5015 facturi.
1016 4946 1108 4999 Vos
1141 4956 1319 4999 autem
1348 4946 1475 5000 bene
1512 4930 1701 5003 valete.
1732 4948 2112 5012 continuasque
2145 4960 2205 4995 ac
2233 4940 2523 5008 indefessas
2563 4941 2831 4993 orationes
2871 4941 2940 4993 ad
2972 4940 3137 4995 Deum
3182 4941 3401 5008 fundite,
3434 4958 3558 5011 quo,

299 5034 433 5085 sicut
462 5042 821 5099 peraptamus,
851 5048 939 5085 vos
962 5048 1124 5102 quam
1155 5034 1386 5101 primum
1422 5034 1644 5086 revisere
1690 5034 1835 5086 nobis
1878 5030 2163 5101 largiatur.
2203 5029 2344 5083 Huic
2377 5028 2611 5081 Heraclii
2674 5027 2923 5096 epistola:
2986 5029 3246 5082 subditur
3276 5030 3329 5082 in
3365 5031 3559 5083 eodem

305 5116 497 5172 Chron.
524 5117 818 5171 Alexandr.
851 5133 970 5187 pag.
1000 5119 1125 5180 402,
1156 5134 1285 5187 pars
1330 5119 1578 5187 epistolae
1610 5120 1799 5189 Syrois
1827 5119 1894 5173 ad
1918 5118 2133 5172 licracl.
2157 5116 2474 5170 Titulusest
2500 5133 2513 5168 :
2549 5114 2842 5184 Exemplar
2868 5118 3256 5169 commonitorii
3277 5134 3308 5168 a
3336 5116 3559 5182 Cabata,

305 5203 399 5276 qui
422 5211 472 5255 et
500 5201 689 5272 Syroes
715 5203 884 5257 dictus
913 5213 1008 5264 est,
1034 5204 1436 5258 clementissima
1466 5223 1584 5275 rege
1612 5206 1925 5269 Persarum,
1950 5207 2093 5259 missi
2127 5204 2195 5257 ad
2226 5202 2534 5255 Heracliam
2571 5204 2865 5272 piissimum
2894 5213 2942 5256 et
2964 5221 2995 5256 a
3030 5204 3140 5256 Deo
3164 5214 3429 5257 servatum
3465 5222 3564 5257 no-

303 5298 477 5345 strum
499 5291 894 5360 imperatorem.
926 5291 965 5345 A
998 5289 1200 5345 Cabata
1233 5289 1625 5355 Sadasadasac,
1658 5292 1904 5347 Heraclia
1944 5290 2371 5350 clementissimo,
2406 5297 2455 5342 et
2482 5306 2513 5341 a
2552 5290 2657 5341 Dea
2706 5298 2915 5342 servato
2949 5291 3264 5359 imperatori
3296 5289 3564 5343 Romano-

307 5393 451 5434 rum.
480 5375 639 5445 fratri
662 5386 862 5440 nostra,
888 5376 1179 5445 plurimam
1211 5378 1443 5446 gratiam
1470 5374 1823 5446 impertimur.
1854 5378 2269 5433 Ciementissimo
2300 5378 2608 5445 imperatori
2645 5376 3030 5438 Romanorum,
3068 5388 3115 5430 et
3163 5378 3321 5446 fratri
3364 5386 3562 5431 nostra.

305 5462 416 5519 Nos
438 5462 533 5517 Dei
553 5464 880 5533 providentia
902 5467 1096 5537 absque
1122 5467 1231 5520 ulla
1254 5467 1435 5521 labore
1460 5468 1655 5538 insigni
1680 5470 1978 5521 diademate
1996 5467 2202 5529 donati,
2226 5475 2438 5533 patrum
2458 5482 2519 5518 ac
2543 5467 2809 5535 majorum
2840 5475 3141 5519 nostrorum
3165 5465 3355 5519 solium
3380 5483 3561 5519 sumus

307 5554 594 5625 consecuti.
620 5552 685 5606 At
712 5569 829 5607 cum
849 5562 959 5607 tam
983 5554 1207 5622 beneﬁce
1238 5556 1301 5607 ab
1328 5560 1439 5625 ipsa
1473 5556 1581 5610 Deo
1606 5574 1699 5611 nos
1731 5557 1970 5627 dignatas
1998 5570 2367 5624 agnoscamus,
2398 5563 2452 5605 ut
2480 5552 2746 5606 illustrem
2768 5553 2899 5606 adeo
2930 5556 3175 5606 thronum
3208 5555 3563 5622 exceperimus

313 5654 377 5693 ac
403 5638 836 5703 dominationem,
868 5643 912 5697 si
933 5642 1057 5711 quid
1079 5649 1209 5695 esset
1237 5644 1376 5712 quod
1392 5646 1611 5697 immani
1637 5646 1842 5714 generis
1874 5643 2095 5697 utilitati
2120 5658 2182 5694 ac
2206 5639 2397 5694 solatio
2415 5641 2748 5705 conduceret,
2784 5649 3045 5710 quantum
3084 5642 3137 5694 in
3181 5641 3325 5694 nobis
3351 5640 3469 5709 fuit,
3515 5652 3565 5695 et

310 5735 470 5795 prout
500 5724 692 5792 decuit,
734 5728 788 5780 id
824 5730 1073 5783 continuo
1116 5728 1234 5795 ﬁeri
1284 5729 1573 5783 liberaliter
1610 5730 1937 5801 beneﬁceque
1959 5728 2357 5801 imperauimus.
2391 5725 2827 5798 Quandoquidem
2852 5727 3013 5797 igitur
3030 5727 3100 5780 ad
3137 5743 3403 5781 summam
3429 5728 3571 5781 hanc

312 5812 623 5887 dignitatem
654 5824 701 5868 et
726 5815 1005 5887 imperium
1039 5832 1129 5870 nos
1164 5814 1301 5871 Deut
1326 5816 1510 5887 evexit,
1538 5816 1592 5870 id
1614 5818 1852 5890 protinus
1883 5819 1937 5874 in
1980 5816 2158 5871 animo
2197 5821 2455 5869 statutum
2484 5813 2604 5885 fuit,
2640 5822 2695 5867 ut
2714 5822 2966 5886 quotquot
2990 5815 3225 5871 homines
3251 5812 3562 5871 detineban-
