4076 6330
604 378 745 442 ὃὲὶτ
1519 387 1914 447 ΖΑΕΙΙΑῙΠ.Ε
1954 391 2214 450 PATRIA

2254 392 2457 450 ICILE
2496 389 2895 451 lIlEilOSOL.
3719 384 3864 449 3158

604 501 692 546 tur
717 494 769 546 in
799 494 1039 559 uinculis,
1076 495 1488 552 dimitterentur.
1517 498 1620 553 Sed
1651 510 1698 554 et
1728 504 1770 555 si
1799 504 1923 572 quid
1955 512 2070 555 erat
2100 505 2238 572 quod
2262 507 2510 559 humana:
2538 507 2848 559 conditionis
2884 521 2945 557 ac
2980 501 3193 572 hujusce
3216 500 3334 554 ritvv
3366 500 3585 556 utilitati
3610 519 3677 555 ac
3712 521 3855 557 com-

602 584 759 634 modo
786 582 1017 650 fructum
1045 585 1276 652 afferret,
1306 585 1554 653 nobisque
1582 595 1815 639 statuere
1847 588 2043 652 liceret,
2070 591 2123 641 id
2163 590 2284 657 fieri
2332 611 2433 647 non
2478 594 2626 647 modo
2651 594 3012 663 praecepimus,
3045 590 3135 644 sed
3176 598 3224 642 et
3257 590 3549 659 confectum
3586 601 3685 645 est.
3716 593 3854 658 Quin

601 667 919 723 ctiamnobis
949 670 1295 726 deliberatum
1319 681 1395 726 est
1424 691 1486 727 ac
1521 677 1885 739 constitutum,
1913 679 1988 731 uti
2009 678 2268 732 vobiscum
2294 679 2671 734 IRomanorum
2699 681 3012 749 imperator,
3043 678 3211 747 frater
3254 686 3449 739 noster,
3480 694 3706 747 cumque
3745 678 3852 733 Ro-

603 772 765 807 mana
799 757 1091 825 republica,
1118 761 1420 829 ca'terisque
1471 762 1700 831 populis,
1734 762 1957 833 aliisque
1995 764 2189 833 regulis
2214 767 2303 835 qui
2345 768 2484 820 circa
2512 767 2790 835 imperium
2837 773 3073 817 nostrum
3105 764 3337 830 undique
3376 763 3641 827 habitant,
3671 783 3853 833 pacem

602 849 650 892 et
679 843 969 896 amicitiam
996 844 1230 913 deinceps
1253 845 1507 900 colamus.
1532 847 1683 912 Quod
1706 858 1883 902 autem
1914 852 2224 918 fraternitas
2272 861 2467 914 vestra,
2523 852 2888 905 Romanorum
2932 851 3222 919 imperator
3241 890 3255 912 ,
3286 850 3529 919 affectam
3578 866 3635 903 se
3658 854 3853 920 gauaio

599 927 754 991 dixit,
783 929 922 997 quod
953 944 1045 983 nos
1074 926 1315 984 eumdem
1340 933 1585 986 thronum
1610 934 2102 991 obtinuerimus.....
2134 938 2363 1003 Caetera,
2406 938 2585 1008 inquit
2626 935 2858 993 Carolus
2893 936 2977 991 Du
3004 934 3207 1005 Cange,
3248 950 3360 1005 prae
3388 944 3669 990 vetustate
3703 935 3852 990 desi-

603 1014 875 1067 derantur
918 1016 973 1068 in
1002 1032 1107 1069 ms.
1141 1017 1354 1073 codice.

670 1102 842 1156 Periit
865 1103 1049 1173 itaque
1080 1104 1334 1184 Cosroes,
1367 1108 1518 1176 justo
1542 1108 1638 1162 Dei
1669 1108 1901 1177 judicio,
1945 1125 2109 1165 manu
2154 1112 2343 1181 Syrois
2380 1112 2473 1166 lilii
2515 1112 2600 1165 sui
2632 1120 2763 1168 natu
2800 1110 3052 1181 majoris,
3080 1125 3227 1164 anno
3255 1108 3465 1165 Christi
3504 1109 3634 1173 628,
3665 1109 3755 1165 die
3783 1109 3853 1165 9.8

601 1186 870 1242 Februar.
912 1190 1050 1244 Cum
1090 1192 1241 1244 enim
1273 1192 1537 1247 Seleucia:
1568 1195 1622 1248 in
1654 1195 1980 1265 dysenteria:
2016 1199 2265 1250 morbum
2300 1195 2602 1257 incidisset,
2634 1208 2857 1261 cperam
2895 1191 3047 1246 dedit
3069 1198 3129 1245 ut
3156 1192 3260 1245 sibi
3297 1191 3626 1246 succederet
3644 1192 3855 1246 Medar-

598 1289 687 1327 ses
717 1275 855 1329 alter
895 1276 1041 1330 ﬁlius
1076 1292 1231 1341 suus,
1260 1293 1423 1347 quem
1457 1295 1523 1333 ex
1559 1280 1691 1350 Syra
1722 1282 1919 1347 dilecta
1972 1284 2203 1353 conjuge
2232 1289 2574 1349 susceperat.
2624 1279 2781 1345 Quod
2818 1279 2912 1333 ubi
2948 1278 3221 1347 comperit
3258 1277 3481 1348 Syroes,
3524 1292 3653 1331 cum
3705 1281 3853 1347 opti-

598 1360 843 1414 matibus
878 1362 1031 1431 regni
1067 1363 1199 1431 egit,
1234 1374 1293 1418 ut
1325 1365 1392 1419 de
1423 1367 1628 1420 mundo
1662 1379 1817 1437 pater
1843 1369 2152 1423 tolleretur.
2184 1385 2314 1424 usus
2342 1368 2509 1421 etiam
2550 1366 2615 1419 ad
2664 1365 2768 1419 hoc
2799 1365 3175 1419 Romanorum
3203 1364 3424 1417 auxilio.
3459 1363 3698 1417 Cosroes
3731 1360 3855 1432 qui-

595 1448 723 1499 dem
759 1446 949 1517 l'ugere
979 1452 1231 1515 tentavit,
1273 1452 1366 1507 sed
1400 1461 1596 1521 captus
1627 1464 1730 1518 est,
1770 1456 1947 1509 valide
1979 1457 2217 1516 vinctus,
2240 1465 2295 1507 et
2325 1455 2524 1506 missus
2563 1452 2617 1505 in
2639 1451 2862 1505 domum
2897 1449 3272 1513 tenebrarum,
3304 1464 3468 1517 quam
3510 1464 3710 1503 recens
3735 1449 3854 1517 ipse

592 1531 659 1584 ad
700 1536 1079 1591 recondendas
1110 1539 1375 1606 pecunias
1398 1548 1771 1595 exstruxerat.
1812 1542 1997 1595 Aiebat
2030 1544 2220 1612 quippe
2258 1538 2466 1609 Syros,
2491 1538 2669 1605 inquit
2703 1536 2954 1604 Thcoph.
2991 1534 3198 1604 pp.2"ll
3237 1544 3292 1589 et
3317 1534 3443 1598 272,
3464 1544 3522 1589 et
3554 1535 3705 1603 apud
3748 1534 3853 1587 Ba-

597 1633 720 1672 ron.
750 1620 816 1673 ad
857 1637 1061 1675 annum
1089 1624 1211 1688 627,
1245 1642 1300 1679 n.
1344 1629 1409 1681 l7
1445 1643 1458 1677 :
1491 1626 1744 1680 Comedat
1770 1644 1961 1680 aurum
1999 1629 2135 1697 quod
2164 1630 2427 1681 incassum
2446 1625 2675 1694 collegit,
2703 1633 2915 1693 prapter
2942 1621 3082 1692 quod
3111 1623 3271 1675 etiam
3300 1621 3492 1675 multos
3520 1622 3664 1691 fame
3693 1637 3852 1673 neca-

596 1705 688 1763 vit,
720 1707 1080 1775 mundumque
1110 1709 1318 1763 delevit.
1347 1712 1491 1765 Misit
1520 1713 1737 1781 insuper
1776 1722 2026 1781 satrapas
2068 1714 2137 1765 ad
2184 1730 2299 1765 eum
2349 1712 2560 1781 injul-iis
2602 1712 2959 1781 impetendum
2999 1717 3048 1762 et
3100 1709 3535 1778 conspuendum;
3566 1708 3851 1761 abductum

584 1792 756 1842 etiam
783 1790 1187 1856 Mardazanem,
1215 1796 1333 1851 sive
1366 1797 1677 1860 Medarzen,
1712 1814 1861 1866 quem
1890 1814 2144 1851 coronare
2174 1799 2375 1852 volebat
2414 1799 2586 1865 ﬁlium
2620 1800 2732 1869 ejus
2766 1814 2944 1851 coram
2977 1799 3089 1867 ipso
3127 1796 3335 1860 occidit,
3367 1804 3416 1849 et
3445 1795 3678 1863 reliquos
3710 1795 3851 1863 filios

592 1874 706 1941 ejus
740 1876 794 1928 in
824 1890 1099 1946 conspectu
1128 1883 1292 1951 ipsius
1321 1900 1347 1936 e
1368 1884 1536 1937 medio
1570 1884 1817 1937 sustulit:
1849 1893 1898 1937 et
1926 1885 2161 1953 permisit
2189 1885 2423 1938 omnibus
2448 1887 2536 1953 qui
2559 1884 2756 1937 inimici
2794 1885 2907 1952 ejus
2928 1889 3114 1945 essent,
3150 1889 3207 1933 ut
3232 1882 3376 1934 omni
3394 1882 3731 1950 injuriarum
3759 1897 3853 1949 gs-

597 1978 721 2015 nere
742 1980 862 2017 eum
897 1968 1179 2035 aﬁicerent,
1214 1987 1277 2023 ac
1300 1971 1929 2031 verberibus-onerarent.
1955 1972 2189 2045 Denique
2217 1974 2310 2041 per
2330 1973 2563 2040 quinque
2592 1973 2700 2025 dies
2730 1972 2824 2023 hoc
2856 1970 3019 2038 facto,
3040 1969 3200 2038 jussit
3227 1966 3418 2037 Syroes
3444 1968 3617 2036 ipsum
3644 1966 3855 2036 sagittis

594 2049 823 2116 confodi,
857 2068 958 2120 quo
991 2054 1045 2106 in
1073 2056 1329 2124 supplicio
1350 2059 1510 2110 vitam
1539 2056 1729 2123 finivit.
1759 2055 1850 2111 Sic
1883 2058 2089 2127 potitus
2120 2072 2287 2127 regno
2315 2057 2534 2127 Syroes,
2569 2072 2675 2109 non
2712 2056 3001 2109 immemor
3030 2055 3181 2123 pacis
3225 2068 3388 2122 quam
3439 2068 3563 2106 cum
3596 2051 3851 2106 Heraclio

598 2135 816 2199 inierat,
847 2138 1127 2195 Romanos
1172 2157 1367 2199 omnes
1397 2144 1646 2212 captivos
1674 2143 1933 2198 libertate
1959 2144 2203 2214 donavit,
2237 2144 2380 2199 inter
2407 2159 2550 2213 quos
2588 2144 2692 2197 fuit
2738 2141 3032 2196 Zacharias
3066 2139 3399 2209 patriarcha,
3426 2137 3850 2207 quatuordecim

596 2222 711 2274 fere
744 2224 904 2280 annis
928 2242 993 2279 ex
1030 2243 1142 2295 quo
1173 2228 1227 2281 in
1255 2230 1542 2283 Persidem
1602 2230 1804 2283 ductus
1848 2230 2049 2293 fuerat,
2081 2240 2139 2285 et
2177 2239 2588 2284 sacrosanctum
2615 2229 2797 2283 crucis
2846 2228 3054 2298 lignum
3090 2226 3353 2280 restituit.
3388 2224 3551 2279 Anno
3591 2239 3713 2293 seq.
3754 2222 3849 2292 qui

594 2307 833 2364 llcraclii
887 2311 1136 2368 decimus
1173 2331 1354 2369 nonus
1388 2325 1527 2380 erat,
1568 2316 1774 2371 Christi
1818 2317 1940 2371 629.
1984 2318 2035 2372 Is
2068 2317 2310 2371 recedens
2343 2314 2835 2385 Constantinopoli,
2868 2314 3047 2382 inquit
3071 2311 3460 2380 Theophanes,
3487 2326 3613 2380 pag.
3644 2310 3774 2373 273,
3797 2318 3855 2364 et

593 2397 738 2465 apud
792 2397 989 2453 Baron.
1019 2401 1085 2454 ad
1126 2418 1331 2455 annum
1364 2403 1487 2463 628,
1513 2420 1571 2457 n.
1605 2405 1653 2458 Ι.
1694 2404 1814 2473 Ipso
1837 2406 1973 2459 veris
2006 2406 2159 2459 initio
2200 2404 2547 2475 proﬁciscitur
2582 2401 3026 2471 Hierosolymam,
3077 2399 3307 2470 pretiosa
3343 2410 3407 2450 ac
3443 2396 3652 2463 viuiﬁca
3684 2398 3851 2449 crucis

595 2481 740 2552 ligna
770 2495 1046 2555 reportans
1081 2489 1149 2541 ad
1180 2490 1479 2557 gratiarum
1530 2491 1761 2544 actiones
1790 2491 2101 2546 reddendas.
2138 2489 2371 2561 Cumque
2411 2490 2736 2545 Tiberiadem
2768 2489 3006 2549 adiisset,
3042 2501 3353 2538 accusauere
3395 2482 3691 2539 Chris'iani
3749 2482 3853 2536 He-

590 2570 788 2624 braeum
816 2575 1094 2642 quemdam
1124 2578 1335 2630 nomine
1363 2576 1665 2647 Benjamin,
1700 2580 1851 2649 quasi
1871 2580 1970 2633 sibi
1993 2579 2137 2633 mala
2169 2580 2448 2648 facientem
2480 2593 2498 2630 :
2534 2585 2647 2630 erat
2677 2576 2814 2628 enim
2854 2572 3140 2628 admodum
3165 2571 3471 2641 opulentus,
3500 2572 3849 2640 quisuscepe-

591 2665 678 2709 rut
706 2659 1081 2728 imperatorem
1104 2670 1153 2714 et
1184 2663 1468 2717 exercitum
1494 2665 1627 2733 ejus.
1661 2665 1723 2719 In
1750 2682 1866 2718 eum
1894 2675 2178 2721 commotus
2202 2669 2492 2735 imperator
2521 2666 2595 2717 ait
2620 2681 2637 2718 :
2660 2664 2765 2719 Cur
2789 2662 3037 2716 molestus
3065 2678 3115 2715 es
3142 2659 3460 2715 Christianis
3487 2672 3539 2713 et
3557 2658 3686 2728 ﬁdei
3702 2658 3854 2715 Chri-

588 2745 781 2799 stiana:
807 2763 967 2815 quam
994 2748 1107 2801 colo
1127 2750 1151 2801 ?
1170 2752 1516 2823 eumdemque
1542 2752 1872 2805 admonitum
1895 2761 1951 2804 ut
1973 2754 2230 2817 crederet.
2256 2753 2625 2822 redditumque
2649 2749 3029 2814 Christianum,
3063 2749 3118 2802 in
3149 2750 3302 2802 domo
3333 2747 3609 2801 Eustachii
3639 2746 3850 2817 Neapo-

593 2830 771 2895 litani,
812 2834 888 2885 ita
925 2850 1065 2886 nunc
1086 2833 1337 2889 Samaria
1380 2837 1491 2904 (vel
1512 2836 1967 2905 potiusSichem).
1992 2838 2204 2902 dicitur,
2239 2840 2501 2906 baptizari
2524 2837 2716 2902 voluit;
2751 2837 2893 2907 apud
2916 2852 3034 2889 eum
3074 2836 3213 2888 enim
3248 2836 3538 2904 imperator
3567 2844 3644 2888 est
3672 2836 3847 2904 hospi-

590 2922 755 2985 tatu‘s.
782 2916 1056 2989 Ingressus
1086 2923 1273 2976 deinde
1292 2926 1582 2999 imperator
1640 2924 2080 2994 Hierosolymam,
2104 2926 2344 2979 restituto
2363 2930 2483 2995 jam
2514 2926 2779 2980 Zacharia
2804 2922 3071 2995 pontiﬁce,
3104 2922 3418 2977 veneranda:
3448 2924 3615 2977 crucis
3645 2922 3849 2999 viviﬁci:

591 3006 736 3073 ligna
766 3008 823 3059 in
855 3009 1129 3078 proprium
1161 3007 1332 3063 locum
1363 2994 1613 3081 reposuit,
1638 3011 1999 3081 plurimasque
2034 3012 2139 3065 Deo
2176 3016 2279 3083 egit
2312 2994 2520 3085 gratias
2556 3016 2725 3086 :quin
2775 2994 2826 3067 et
2860 3012 3027 3085 pulsis
3058 3011 3257 3065 Iudicis
3294 3013 3359 3065 ab
3396 3012 3521 3064 urbe
3546 3020 3758 3069 sancta,
3787 2994 3849 3064 ne

590 3095 662 3147 ad
700 3096 912 3172 tertium
940 3112 1104 3161 usque
1130 3095 1443 3150 milliarium
1466 3099 1512 3151 ei
1550 3100 2049 3173 appropinqugrent
2075 3100 2307 3153 districte
2331 3103 2611 3170 prohibuit.
2647 3100 2725 3155 Ad
2749 3115 2870 3155 eam
2904 3098 3251 3153 occasionem
3284 3096 3682 3160 revocandum,
3702 3095 3847 3165 quod

588 3181 789 3250 legitur
826 3182 879 3234 in
915 3181 1189 3236 Breviario
1217 3181 1458 3237 Romano
1515 3184 1603 3238 die
1661 3186 1727 3238 Η
1758 3184 2043 3254 Septemb.
2076 3186 2439 3246 Exaltationis
2474 3200 2673 3246 sanctae
2709 3188 2893 3244 crucis
2947 3187 3225 3241 memoria:
3262 3194 3607 3247 consecrata,
3640 3186 3848 3240 scilicet

588 3284 714 3321 cum
750 3268 1038 3322 Heraclius
1077 3284 1215 3323 auro
1260 3280 1316 3323 et
1342 3272 1573 3339 gemmis
1629 3282 1855 3325 ornatus
1910 3273 2116 3339 lignum
2151 3277 2335 3331 crucis
2374 3272 2703 3346 reportaret,
2734 3277 2915 3346 ipsum
2949 3274 3212 3328 insistere
3247 3279 3501 3326 coactum
3559 3270 3665 3324 sub
3695 3280 3846 3339 porta

588 3369 695 3421 qua
727 3352 793 3407 ad
820 3353 1085 3410 Calvarite
1112 3366 1356 3411 montem
1378 3366 1496 3410 erat
1524 3358 1662 3422 iter;
1699 3359 2078 3428 monitumque
2112 3371 2398 3430 propterea
2426 3379 2454 3415 a
2474 3361 2757 3426 Zacharia,
2788 3367 2849 3413 ut
2867 3376 2935 3415 eo
2960 3359 3160 3414 vestitu
3186 3356 3457 3425 deposito,
3493 3357 3847 3410 humiliorem

590 3451 918 3507 asmmeret,
948 3444 1198 3511 paruisse
1234 3445 1648 3513 imperatorem,
1679 3454 1734 3498 et
1781 3446 2053 3515 reliquum
2083 3449 2185 3501 via:
2238 3449 2376 3503 citra
2418 3448 2580 3501 ullam
2619 3447 2995 3502 dillicultatem
3050 3443 3377 3499 coniecisse.
3433 3443 3636 3497 Suidas
3683 3443 3848 3497 refert

589 3527 640 3581 ll
666 3529 892 3583 ‘thSlllm
925 3529 1094 3584 fuisse
1130 3531 1686 3601 Hierosolymitanum
1714 3533 2102 3601 patriarcham,
2135 3536 2354 3604 quando
2382 3535 2667 3590 Hcraclius
2708 3549 2926 3589 crucem
2959 3541 3205 3586 sanctam
3244 3530 3300 3583 in
3334 3530 3629 3599 pristinum
3665 3530 3846 3583 locum

591 3618 864 3685 reposuit,
896 3620 1052 3685 quasi
1074 3620 1185 3688 jam
1223 3628 1355 3674 tunc
1390 3620 1721 3674 decessisset
1750 3620 2067 3680 Zacharias.
2096 3622 2189 3676 sed
2216 3622 2538 3691 Theophani
2566 3622 2660 3690 qui
2690 3622 2783 3675 illo
2808 3618 3091 3688 antiquior
3120 3617 3247 3680 fuit,
3276 3617 3466 3686 potius
3497 3616 3840 3670 credendum

588 3715 695 3757 est.
724 3704 841 3757 Non
864 3715 1043 3758 tamen
1063 3705 1156 3758 diu
1188 3706 1491 3774 supervixit
1515 3706 1826 3761 Zacharias.
1866 3707 2156 3777 Nicephori
2190 3708 2479 3779 Catalogus
2515 3709 2566 3762 ei
2606 3707 2795 3777 viginti
2821 3706 2959 3760 duos
2988 3721 3161 3760 annos
3186 3704 3471 3774 rcgiminis
3504 3703 3724 3766 tribuit,
3755 3704 3844 3771 qui

590 3790 660 3848 ab
690 3805 835 3844 anno
869 3790 973 3844 609
1000 3791 1066 3844 ad
1096 3791 1189 3845 651
1248 3801 1398 3846 recte
1450 3800 1860 3862 computantur,
1885 3794 1959 3848 ita
1992 3804 2051 3849 ut
2083 3780 2285 3849 obierit
2312 3810 2378 3849 eo
2408 3810 2554 3848 anno
2581 3794 2704 3848 €31.
2739 3792 2907 3849 Addit
2935 3791 3364 3860 Papebrochius,
3389 3790 3575 3843 Traet.
3614 3790 3842 3857 praelia].

588 3878 655 3932 ad
706 3886 743 3929 t.
772 3876 839 3930 lll
878 3876 1057 3930 Actor.
1081 3887 1385 3931 sanctorum
1438 3878 1586 3941 Maii,
1622 3896 1675 3947 ι).
1702 3881 1867 3941 5l.n.
1912 3882 2033 3944 157,
2059 3878 2165 3935 coll
2189 3882 2243 3943 2,
2274 3882 2440 3934 vitam
2476 3868 2595 3951 ejus
2631 3880 2851 3934 extendi
2901 3894 3063 3949 posse
3095 3893 3270 3947 usque
3305 3876 3373 3931 ad
3404 3891 3610 3930 annum
3644 3876 3763 3937 655,
3799 3878 3840 3929 si

589 3978 877 4017 successor
900 3965 1021 4032 ejus
1044 3964 1322 4018 Modestus
1365 3979 1475 4018 uno
1511 3965 1686 4017 solum
1718 3980 1859 4019 anno
1891 3976 1987 4020 aut
2028 3967 2253 4022 biennio
2297 3984 2405 4021 non
2446 3968 2658 4036 integro
2697 3967 2883 4020 sedem
2922 3964 3183 4018 tenuerit.
3216 3964 3420 4019 Verum
3458 3962 3512 4015 hi
3544 3962 3635 4025 ἥ,
3663 3963 3746 4015 vel
3788 3970 3844 4014 ut

588 4050 797 4107 Latina:
833 4051 1082 4119 quaedam
1119 4053 1352 4121 catalogi
1385 4052 1682 4121 Niecphori
1715 4054 2099 4107 translationes
2137 4054 2362 4118 habent,
2411 4056 2479 4107 Ἡ
2515 4054 2793 4106 Zachariae
2814 4051 3167 4121 episcopatus
3210 4049 3364 4114 anni,
3406 4064 3695 4117 perperam
3723 4062 3841 4101 om-

590 4138 725 4192 nino
746 4138 950 4191 ibidem
978 4148 1308 4191 revocantur
1328 4138 1395 4191 ad
1428 4147 1643 4207 tempus
1678 4138 1823 4206 quod
1840 4140 1961 4209 ejus
1990 4141 2363 4209 captivitatem
2396 4138 2699 4211 praecessit.
2735 4137 2947 4191 Colitur
2966 4135 3263 4190 Zacharias
3286 4135 3345 4189 in
3380 4135 3594 4188 Menaeis
3625 4134 3841 4189 Graeco-

590 4239 712 4279 rum
744 4224 922 4279 (11621
955 4224 1224 4281 Februar.

835 4547 1462 4650 ZACHARIAZ
1566 4552 1781 4641 HIE
1806 4548 2711 4640 ROSOLYMITANI
2827 4545 3620 4637 PATRIARCHE

1813 4746 2626 4876 EPISTOLA.

664 4972 1003 5027 (Bibliotheca
1037 4976 1261 5026 Patrum
1282 5011 1295 5034 ,
1333 4975 1467 5023 tom.
1503 4968 1712 5038 Xll,ip.
1740 4966 1862 5020 984.
1892 4965 2098 5038 Tex_tus
2119 4959 2558 5038 autemCraecus
2586 4960 2913 5038 desumptus
2942 4967 3026 5014 est
3065 4972 3343 5038 cx‘opere
3384 4958 3585 5038 liniue.
3636 4957 3827 5038 C9213:-

581 5059 709 5101 rlsu
742 5043 829 5097 cui
867 5040 1061 5096 titulus
1097 5059 1109 5095 :
1149 5028 1332 5094 Sancti
1366 5038 1591 5093 Joannis
1612 5028 1963 5107 Chrysostomi
1981 5036 2042 5087 de
2068 5032 2350 5086 educandis
2372 5030 2545 5084 liberis
2578 5030 2705 5084 liber
2731 5046 2945 5094 aureus,
2967 5038 3100 5095 etc.,
3135 5028 3357 5083 Parisiis
3395 5029 3550 5091 1655.
3572 5028 3647 5083 in.
3679 5028 3731 5082 8.

595 5255 771 5311 Vidua:
820 5268 1052 5318 sponsa,
1082 5251 1281 5306 civitati
1341 5251 1475 5320 regis
1512 5249 1689 5318 Magni
1743 5250 1915 5304 liberis
1946 5250 2159 5311 orbatis.

2277 5249 2354 5317 Τῇ
2408 5246 2761 5320 χηρευσάαῃ
2824 5246 3065 5320 νύμέρῃ·
3113 5243 3185 5320 ζῇ
3218 5242 3620 5320 desurgat-Eia"
3672 5243 3824 5320 ςιόλει

660 5307 1137 5393 llierosolymitano
1175 5323 1318 5391 gregi
1345 5307 1623 5393 pastorem"
1659 5338 1757 5393 non
1792 5320 2039 5393 habenti;
2074 5307 2162 5375 sed

2323 5307 2799 5393 ’ὲηῦίϐαοςιλὲὦς
2854 5307 2960 5393 rbi}
2997 5307 3301 5393 peritiae):
3354 5307 3425 5375 τῇ
3481 5310 3807 5393 disciplier

661 5405 707 5445 et
742 5379 957 5461 reliquis
980 5379 1215 5446 omnibus
1242 5379 1295 5444 in
1327 5379 1532 5445 Christo
1552 5391 1814 5452 Ecclesiis,
1841 5379 2162 5460 residuisque

2340 5379 2559 5461 nolui-3;
2604 5379 3029 5461 'I‘epovo'qxrjp‘
3062 5379 3159 5433 καὶ
3205 5379 3449 5461 fiderat?
3480 5379 3575 5461 δὲ.
3602 5379 3824 5458 ,ιαιπιιῑς

662 5466 714 5515 in
747 5449 864 5514 illis,
886 5462 1010 5527 ﬁliis
1039 5464 1308 5531 orphanis,
1337 5470 1517 5529 pastor
1548 5461 1777 5526 humilis,
1804 5449 1967 5526 solus,
2001 5449 2171 5530 capti-

2341 5460 2408 5510 ἐν
2439 5449 3093 5531 Χί)ὶατε,ἒ5”Ετςκλησιάις,
3122 5451 3224 5529 καὶ
3263 5449 3386 5513 τοῖς
3412 5449 3480 5531 ἐγ
3508 5449 3709 5513 αὐτοῖς
3732 5463 3821 5531 κρ-

2342 5515 2703 5594 ταλεὶφθεῖσι
2724 5515 2955 5587 rexi-occ
2973 5519 3273 5594 ὀρφανοῖς,
3301 5515 3528 5594 πςιμῂν
3548 5518 3819 5578 ταπεινὸς,

2338 5598 2403 5661 ἕρ
2414 5614 2445 5662 η
2448 5585 2581 5663 μός,
2612 5585 3012 5661 αἰχμάλωτός(
3032 5585 3331 5656 Ζαχαρίας
3351 5585 3695 5653 ἐλάχιστος.

665 5688 851 5744 Grat’a
883 5689 1060 5756 vobis,
1092 5689 1209 5755 ﬁlii,
1251 5698 1307 5744 et
1329 5688 1640 5759 benignitas
1662 5730 1675 5753 ,
1708 5697 1760 5743 et
1793 5687 2169 5742 misericordia

2342 5685 2515 5755 Χάρις
2546 5684 2693 5753 ὑμῖν,
2730 5681 2896 5734 τέκνα
2945 5681 3039 5733 καὶ
3086 5676 3476 5745 εὺσέτὶαγχνξα,
3526 5678 3621 5730 καὶ
3672 5676 3815 5736 ἔλεος,

601 5794 631 5837 a
664 5780 774 5836 Deo
795 5781 956 5838 Patre
978 5770 1204 5849 nostro,
1257 5782 1557 5837 animatum
1604 5797 1667 5837 ac
1722 5780 1946 5835 humani
2001 5781 2169 5852 ipsius

2273 5776 2422 5849 παρὰ
2446 5776 2577 5829 Θεοῦ
2601 5774 2809 5846 "acpbe
2842 5771 2998 5844 ἡμῶν
3049 5770 3367 5841 φιλοψύχου,
3411 5769 3508 5825 καὶ
3538 5768 3819 5840 φιλανθρώη

661 5550 775 5595 vus,
818 5531 1111 5586 Zacharias
1156 5533 1421 5585 minimus.
