4076 6330
593 359 728 425 3935

2055 359 2363 426 INCERTI

616 564 3817 591 W

1995 741 2472 896 lNOllll’l‘l

934 1029 1083 1117 DE
1179 992 1667 1152 PERSICA
1750 1023 2545 1115 CAPTIVITATE
2631 1020 3349 1134 OPUSCULUM
3425 1002 3555 1108 (ι).

636 1354 792 1418 ’Περ
810 1353 876 1408 ad
910 1367 1008 1410 eos
1032 1354 1127 1424 qui
1163 1350 1559 1421 Hierosolymis
1578 1349 1924 1412 habitabant,
1956 1364 2050 1402 seu
2072 1332 2168 1418 ipo-

2349 1344 2534 1400 Ταῦτα
2583 1346 2720 1416 πρὸς
2770 1347 2894 1424 τοὺς
2939 1348 2997 1401 ἐν
3029 1345 3388 1417 Ἰερουσαλὴμ
3441 1348 3857 1417 κατοικοῦντας,

593 1447 725 1507 tius,
747 1445 860 1499 illic
898 1442 1108 1499 residui
1140 1449 1320 1502 erant,
1382 1438 1560 1492 bonus
1592 1440 1784 1492 Pastor
1817 1438 2166 1507 signiﬁcavit.

590 1536 729 1589 Tum
761 1536 907 1599 enim
940 1536 1011 1588 iis
1038 1548 1177 1604 quos
1212 1546 1399 1586 secum
1436 1531 1693 1592 habebat,
1736 1538 1849 1583 tum
1885 1530 1977 1598 qui
2010 1530 2168 1598 longe

590 1628 755 1697 positi
779 1636 959 1689 erant,
998 1624 1237 1678 habebat
1280 1604 1509 1686 curaui,
1587 1629 1751 1689 alque
1799 1621 1885 1675 his
1933 1621 2167 1676 maxime

589 1722 683 1789 qui
712 1721 765 1774 in
798 1721 965 1775 Sione
1000 1718 1298 1788 degebant.
1350 1716 1469 1770 Non
1492 1715 1640 1769 enim
1671 1715 1893 1768 nescius
1927 1722 2043 1768 erat
2086 1715 2168 1767 vir

587 1813 785 1867 beatus
809 1821 1048 1881 quantus
1097 1809 1256 1863 dolbr
1295 1822 1487 1862 eorum
1535 1806 1768 1877 angebat
1808 1806 1993 1860 corda.
2033 1807 2168 1861 Fere

593 1919 831 1972 namque
867 1903 1000 1971 ipsis
1052 1900 1273 1971 gravius
1315 1898 1574 1952 dolebant
1600 1897 1693 1965 qui
1735 1898 1935 1966 captivi
1987 1897 2165 1951 abacti

587 1978 837 2056 fuerant,
858 2008 982 2047 cum
1020 1991 1237 2046 scilicet
1267 1990 1539 2044 salutares
1576 1988 1722 2041 mdes
1753 1989 1868 2042 solo
1897 1998 2056 2042 tenus
2085 1989 2168 2041 di-

594 2094 750 2140 rutas
773 2085 947 2139 oculis
982 2086 1315 2153 aspicerent,
1348 2098 1410 2137 ac
1440 2098 1498 2136 se
1514 2096 1699 2145 cruce,
1738 2088 1979 2150 pastore,
2005 2097 2167 2151 grege

589 2176 777 2240 simul,
810 2191 873 2229 ac
895 2190 1005 2229 uno
1046 2176 1199 2230 velut
1233 2182 1512 2227 momento
1552 2173 1848 2227 destitutos
1894 2172 2166 2226 viderent.

585 2265 775 2334 Neque
806 2266 858 2318 id
884 2265 1081 2330 modo;
1141 2264 1235 2319 sed
1270 2272 1328 2319 et
1374 2263 1671 2317 multitudo
1728 2262 2056 2316 cadaverum
2110 2263 2165 2315 in

587 2355 834 2420 civitate,
867 2370 931 2409 ac
962 2370 1127 2423 quem
1164 2355 1252 2408 illa
1282 2354 1614 2408 exhalabant
1661 2350 1891 2406 fetorem
1944 2365 2053 2403 non
2089 2351 2168 2404 le-

587 2441 733 2494 viter
752 2441 1149 2505 excruciabat;
1185 2456 1375 2495 eorum
1403 2442 1678 2509 prrecipue
1709 2453 1831 2507 quae
1877 2452 2037 2491 nosse
2068 2453 2165 2505 po-

590 2539 837 2584 tuerunt.
868 2532 1073 2585 Horum
1107 2546 1229 2600 quae
1252 2530 1492 2585 diximus
1516 2539 1600 2584 est
1630 2530 1924 2599 praclarus
1977 2528 2165 2598 junior

587 2633 776 2675 noster
798 2622 1150 2685 Nicodemus,
1174 2622 1431 2690 illiusque
1457 2619 1573 2675 fere
1595 2621 1911 2689 Magdaleua
1937 2619 2159 2688 coniux,

2276 1434 2477 1504 μᾶλλον
2499 1435 2553 1488 δὲ
2577 1420 3057 1503 καταλειφθέντας,
3088 1437 3115 1488 ὁ
3135 1437 3295 1500 καλὸς
3324 1438 3535 1508 ιΙοιμὴν
3556 1440 3851 1509 ἐσήμανεν.

2274 1524 2513 1592 Ἐμελεν
2539 1527 2646 1595 γὰρ
2671 1525 2817 1595 αὐτῷ
2850 1528 2943 1579 καὶ
2984 1529 3111 1597 περὶ
3145 1527 3253 1579 τῶν
3285 1531 3380 1582 σὺν
3428 1530 3602 1599 αὐτῷ,
3628 1532 3722 1583 καὶ
3749 1530 3855 1581 τῶν

2269 1613 2376 1665 ἀπὺ
2406 1614 2479 1682 μή
2493 1613 2653 1665 κοθεν
2682 1614 2849 1666 ὄντων
2870 1633 2883 1646 ·
2935 1616 3028 1667 καὶ
3086 1616 3321 1683 μάλιστα
3369 1617 3480 1668 τῶν
3511 1619 3569 1668 ἐν
3593 1621 3661 1687 τῇ
3694 1618 3852 1672 Σιιῖφν.

2270 1704 2567 1770 Ἐγίνωσκε
2594 1706 2702 1773 γὰρ
2725 1708 2750 1757 ὁ
2789 1705 3099 1775 μακαρίτης
3125 1708 3220 1772 τὴν
3251 1706 3415 1759 οὖσαν
3433 1707 3628 1777 ὀδύνην
3658 1712 3715 1760 ἐν
3738 1711 3855 1769 ταῖς

2270 1794 2522 1863 καρδίαις
2552 1795 2752 1847 αὐτῶν.
2785 1794 2908 1845 Τῶν
2960 1796 3503 1864 αἰχμαλωτισθέντων
3533 1799 3643 1868 γὰρ
3670 1800 3855 1869 σχεδον

2272 1885 2665 1955 χαλεπωτέρως
2730 1887 3081 1957 ἐδαμάζοντο,
3147 1886 3249 1954 πρὸ
3279 1885 3572 1955 ὀςςθαὶμῶν
3622 1889 3854 1958 ὁρῶντες

2268 1975 2392 2037 τοὺς
2424 1976 2725 2043 σωτηρίους
2741 1975 2922 2038 οἴκους
2952 1977 3044 2029 ἐπὶ
3074 1974 3167 2027 τοῦ
3203 1976 3430 2043 genus;
3456 1979 3800 2048 ἐρριμμένου
3820 1998 3853 2041 ’,

2272 2066 2363 2117 καὶ
2394 2066 2483 2117 τὸν
2508 2067 2758 2136 σταυρὸν,
2793 2069 2889 2119 καὶ
2916 2067 3008 2120 τὸν
3040 2068 3292 2137 ποιμένα,
3350 2068 3445 2120 καὶ
3478 2068 3573 2138 τὴν
3619 2069 3854 2138 ποίμνην

2270 2156 2358 2223 ὑφ’
2399 2154 2457 2207 ἓν
2504 2158 2701 2218 αὐτοὺς
2735 2156 3155 2219 καταλιπόντας.
3191 2159 3264 2210 Οὐ
3297 2160 3455 2227 μόνον
3481 2158 3559 2221 δὲ,
3592 2158 3731 2209 ἀλλὰ
3764 2161 3855 2210 καὶ

2267 2248 2327 2298 τὸ
2347 2246 2550 2314 πλῆθος
2570 2245 2679 2297 τῶν
2715 2248 2771 2298 ἐν
2792 2249 2857 2315 τῇ
2897 2246 3050 2299 πόλει
3112 2249 3507 2315 σκηνωμάτων,
3544 2248 3700 2318 καὶὴ
3735 2247 3854 2299 τοῦ·

2268 2352 2374 2387 των
2390 2334 2643 2400 δυσωδία,
2682 2335 2742 2386 οὐ
2783 2336 3022 2404 μετρίως
3052 2334 3250 2397 αὐτοὺς
3280 2334 3596 2399 ἐϐασάνιζε,
3625 2336 3723 2388 καὶ
3749 2338 3853 2404 μαι

2267 2425 2423 2477 λιστα
2452 2418 2638 2492 ὦνπερ
2674 2424 2961 2493 γνωρίζειν
2991 2426 3269 2493 ἠδύναντο.
3307 2413 3593 2496 Μαρτυρεῖ
3636 2428 3749 2487 τοῖς
3774 2426 3853 2476 εί·

2271 2514 2526 2583 ρημένοις
2564 2509 2716 2579 οὗτος
2750 2516 2776 2565 ὁ
2814 2514 2978 2577 καλὸς
3009 2514 3125 2577 νέος
3146 2516 3303 2584 ήμῶν
3338 2516 3668 2585 Νικόδημος,
3698 2518 3792 2569 καὶ
3821 2520 3849 2586 ἠ

2267 2605 2457 2655 τούτου
2514 2604 2696 2674 σχεδὸν
2760 2602 3094 2675 Μαγδαληνὴ
3157 2605 3408 2672 σύζυγος,
3468 2607 3501 2674 ἡ
3552 2605 3696 2675 καλὴ
3762 2608 3851 2657 καὶ

587 2712 863 2783 egregium
925 2728 1023 2781 par
1068 2726 1131 2765 ac
1154 2711 1457 2766 studiosum
1488 2728 1501 2763 :
1550 2711 1641 2780 qui
1670 2711 1927 2763 nimirum
1955 2710 2168 2764 facinus

2272 2694 2532 2748 σπουδαία
2559 2695 2818 2766 ξυνωρίςο
2854 2696 2902 2747 οῖ
2934 2695 3082 2758 ἄξιον
3100 2694 3265 2757 ῦντως
3324 2696 3544 2763 μνήμης
3576 2696 3673 2746 καὶ
3729 2711 3854 2761 συγ·

590 2802 855 2855 mcmoria
892 2817 954 2855 ac
998 2802 1311 2856 litterarum
1346 2801 1721 2854 monumentis
1752 2800 1974 2869 dignum
2004 2801 2164 2868 plane

588 2890 905 2943 ediderunt.
943 2891 1054 2943 llos
1105 2890 1200 2959 qui
1252 2890 1423 2943 velint
1468 2889 1837 2959 interrogent,
1909 2904 1973 2942 ac
2020 2889 2165 2943 clare

588 2988 738 3049 gesta
775 2993 887 3033 tum
910 2978 1303 3049 Hierosolymis
1326 2979 1563 3033 discent.

660 3070 721 3122 lli
756 3070 926 3131 enim,
975 3070 1027 3122 hi
1067 3070 1291 3123 virtutis
1314 3071 1556 3123 cultores
1605 3086 1669 3123 ac
1694 3070 1812 3133 Dei,
1862 3070 1955 3123 ubi
1985 3072 2170 3124 hostes

586 3156 871 3221 exiissent,
903 3154 1069 3225 inque
1116 3155 1395 3209 Persidem
1425 3156 1712 3217 abiissent,
1760 3164 1925 3209 totam
1958 3158 2167 3211 circum

590 3247 781 3299 urbem
838 3261 901 3299 ae
932 3246 1087 3300 vicos
1136 3246 1459 3308 lustrantes,
1530 3245 1719 3314 sicque
1770 3246 1999 3299 fratrum
2034 3248 2168 3300 reli-

588 3338 747 3406 quias
780 3338 960 3407 jacere
996 3336 1420 3404 conspicientes,
1476 3336 1784 3389 mercedem
1831 3336 1935 3389 sibi
1976 3340 2171 3404 paYant

586 3438 790 3483 aeterna
820 3445 878 3484 re
904 3428 1019 3495 ipsa
1086 3425 1356 3479 memoria
1416 3425 1846 3479 consecrandam
1879 3442 1891 3475 :
1930 3426 2170 3495 projecta

589 3520 736 3572 enim
769 3518 1007 3586 sparsim
1040 3517 1245 3586 ubique
1268 3516 1534 3570 cadavera
1557 3516 1719 3569 simul
1746 3524 2087 3578 acervantes,
2114 3515 2167 3567 in

592 3624 756 3677 specu
777 3608 1081 3676 deponunt,
1120 3620 1243 3676 quae
1285 3614 1369 3660 est
1394 3614 1519 3659 ante
1553 3614 1764 3674 portam
1796 3605 1864 3659 ad
1892 3606 2171 3675 sexaginta

588 3698 831 3767 quinque
856 3698 1045 3751 millia.

663 3789 719 3842 Si
750 3788 874 3857 quis
902 3789 1069 3857 igitur
1094 3803 1161 3842 ex
1186 3789 1255 3841 iis
1278 3787 1373 3855 qui
1405 3796 1556 3841 certo
1592 3788 1787 3852 sciant,
1824 3805 1987 3844 nosse
2017 3789 2167 3850 velit,

591 3894 658 3931 ex
705 3878 812 3932 illis
842 3877 1139 3946 exquirat:
1170 3877 1459 3944 palamque
1504 3876 1801 3941 docebunt,
1851 3889 1913 3929 ac
1961 3876 2169 3939 dicent,

590 3981 713 4035 qua:
752 3982 853 4019 nos
890 3981 1110 4035 quoque
1155 3965 1494 4033 aspeximus.
1542 3964 1658 4029 Qua
1735 3980 1928 4033 nempe
1998 3965 2171 4018 forma

590 4064 756 4124 atque
785 4054 975 4109 habitu
1002 4064 1317 4125 prostarent
1358 4055 1503 4109 beati
1557 4056 1675 4109 solo
1708 4056 1887 4121 strati,
1940 4057 2035 4124 qui
2066 4056 2169 4110 sub

590 4146 646 4201 id
666 4145 886 4215 tempu’s
915 4146 1313 4215 Hierosolymis
1342 4154 1669 4221 meruerunt
1708 4145 1915 4198 occidi.
1964 4145 2114 4200 Alter
2140 4162 2171 4200 a

586 4237 772 4306 capite
803 4236 869 4289 ad
896 4251 991 4290 cor
1032 4251 1205 4304 usque
1235 4235 1417 4305 gladio
1445 4236 1644 4288 vulnus
1672 4243 1959 4303 acceperat
1986 4252 1999 4300 ;
2033 4236 2170 4289 alter

593 4328 664 4383 ab
687 4328 937 4381 humeris
971 4329 1036 4380 ad
1068 4342 1243 4395 usque
1266 4334 1535 4380 ventrem.
1597 4326 1751 4379 Alius
1778 4325 2043 4394 quinque,
2076 4325 2173 4378 de-

593 4431 784 4471 cemve
812 4416 955 4469 ictus
979 4414 1035 4469 in
1073 4414 1347 4469 intestinis
1379 4414 1620 4468 habebat
1652 4431 1666 4466 :
1697 4415 1844 4466 alius
1899 4414 2171 4466 dissectus

593 4506 832 4571 medius,
865 4508 1031 4575 inque
1058 4504 1174 4558 duo
1196 4504 1408 4559 divisus
1439 4514 1578 4558 erat.
1632 4504 1761 4567 Alii,
1800 4512 1990 4563 ventre
2038 4518 2171 4557 ense

592 4598 841 4668 perfosso
888 4596 1146 4650 intestina
1180 4597 1365 4650 omnia
1390 4596 1566 4650 elusa
1602 4604 1760 4650 erant
1793 4613 1807 4648 :
1841 4595 2010 4649 alium
2044 4595 2171 4647 ovis

584 4688 769 4742 instar
797 4687 850 4740 in
885 4685 1119 4741 macello
1174 4684 1283 4738 diri
1332 4685 1619 4740 carnifices
1676 4686 1732 4738 in
1787 4684 1963 4738 frusta
2011 4685 2171 4755 plura

594 4779 972 4834 conciderant.

660 4868 805 4935 Quid
854 4886 987 4943 vero
1032 4870 1433 4927 miserabiliora
1480 4868 1625 4922 alia?
1692 4866 1799 4921 Alii
1865 4864 1918 4918 in
1973 4864 2171 4934 plateis

594 4961 906 5029 spectaculo
930 4961 1256 5031 prostabant
1280 5004 1294 5026 ,
1328 4960 1419 5014 alii
1438 4959 1501 5012 in
1522 4956 1776 5012 oratoriis
1789 4956 2132 5010 necabantur
2152 4970 2166 5020 ;

588 5050 686 5105 alii
712 5065 833 5103 cum
867 5050 923 5103 in
963 5050 1161 5106 Sancta
1195 5061 1512 5105 sanctorum
1539 5047 1661 5117 Opis
1691 5050 1856 5101 causa
1906 5045 2170 5113 confuge-

595 5148 758 5192 rent:
794 5139 934 5192 alius
972 5140 1321 5193 Dominicum
1356 5152 1595 5205 corpus;
1660 5136 1801 5188 alius
1849 5133 2057 5187 Christi
2086 5142 2169 5187 te-

596 5242 735 5283 nens
761 5243 1003 5282 crucem.
1031 5228 1185 5282 Alter
1209 5228 1261 5300 in
1293 5227 1555 5306 piscinam
1580 5226 1858 5295 ingressus
1880 5223 2168 5294 jugulaba-

2268 2790 2488 2856 γραφῆς
2536 2788 2904 2856 ἐργασάμενοι
2952 2785 3301 2856 κατόρθωμα.
3339 2786 3610 2848 Ἑκεξνους
3647 2787 3695 2838 οἱ
3730 2788 3850 2856 βου-

2268 2879 2482 2946 λόμενοι
2513 2882 2895 2948 ἐρωτάτωταν,
2924 2879 3019 2932 καὶ
3047 2877 3233 2947 σαφῶς
3297 2878 3665 2949 μανθάνουσιν
3708 2879 3761 2930 τί
3796 2879 3850 2929 τὸ

2269 2969 2326 3019 ἐν
2369 2968 2726 3037 Ἰερουσαλὴμ
2762 2968 3074 3035 γενόμενον.

2342 3050 2500 3107 Οὗτοι
2546 3058 2674 3124 γὰρ,
2736 3051 2901 3120 οὗτοι,
2960 3057 3236 3107 σπουδαῖοι
3285 3057 3379 3109 καὶ
3414 3055 3673 3123 φιλόθεοι,
3717 3060 3847 3127 μετᾶ

2269 3162 2299 3198 τ
2325 3165 2366 3214 ,ν
2394 3146 2503 3197 τῶν
2530 3146 2739 3216 ἐχθρῶν
2768 3147 2964 3209 ἔξοδον,
2997 3148 3091 3198 καὶ
3122 3148 3212 3199 ἐπὶ
3249 3148 3486 3214 Περσίδα
3502 3148 3730 3202 κάθοῖον
3759 3165 3849 3202 πι-

2276 3237 2602 3307 ριερχόμενοι
2672 3237 2765 3305 τὴν
2820 3238 2973 3289 πόλιν
3000 3236 3234 3301 ἃπασαν,
3294 3240 3388 3289 καὶ
3420 3240 3519 3298 τὰς
3559 3242 3846 3304 mittam,

2272 3328 2366 3381 καὶ
2396 3327 2628 3396 ὁρῶντες
2661 3327 2831 3390 οὕτως
2855 3327 3081 3396 κείμενα
3107 3328 3179 3380 τὰ
3205 3328 3312 3380 τῶν
3330 3329 3574 3396 ἁδελςεῶν
3599 3332 3843 3399 λείψανα,

2274 3416 2681 3485 περιποιοῦνται
2711 3417 2924 3479 ἑαυτοῖς
2960 3416 3170 3486 μισθὸν,
3204 3416 3371 3479 ὅντως
3400 3420 3478 3479 είς
3506 3420 3678 3471 αἰῶνα
3715 3438 3845 3489 μνη-

2276 3506 2655 3574 μονευόμενον.
2699 3506 2807 3556 Καὶ
2828 3503 3253 3568 ἐπισυνάξαντες
3283 3506 3340 3557 ἐν
3390 3512 3468 3576 τῷ
3534 3511 3676 3559 κατὰ
3712 3511 3843 3579 μέρη

2274 3594 2689 3661 κατερριμμένα
2723 3593 3080 3663 σκηνώματα,
3116 3596 3464 3649 ἀποτίθενται
3510 3601 3569 3649 ἐν
3602 3602 3843 3669 σπηῖιαίῳ

2274 3682 2379 3753 ττρό
2411 3684 2510 3751 τῆς
2537 3683 2766 3746 πόλεως,
2794 3686 2917 3752 ἄχρι
2952 3685 3199 3753 χιλιάδων
3234 3686 3494 3755 ἐξήκοντα
3526 3691 3706 3745 πέντε.

2344 3774 2509 3835 Εῖτις
2526 3775 2706 3827 τοίνυν
2740 3774 2981 3844 βούλοιτο
3011 3776 3159 3845 παρά
3190 3777 3296 3827 τῶν
3312 3774 3371 3829 εὖ
3396 3779 3616 3830 εἰδότων
3638 3780 3840 3849 μαθεῖν,

2274 3865 2471 3927 αὐτοὺς
2502 3864 2798 3929 ἐξεταζέτω
2824 3882 2837 3896 ⁸
2898 3869 3136 3920 κάκεῖνοι
3197 3868 3380 3936 σαφῶς
3412 3869 3703 3935 διδάξουσι,
3758 3876 3841 3924 καὶ

2277 3955 2512 4025 ἐροῦσιν,
2551 3956 2695 4026 ἅπερ
2728 3957 2821 4008 καὶ
2854 3958 3012 4026 ἡμεῖς
3039 3959 3381 4028 ἑωράκαμεν.
3406 3962 3584 4023 Ποίοις
3612 3964 3841 4033 σχήμασι

2277 4048 2368 4096 καὶ
2393 4047 2549 4113 ἧθεσι
2579 4046 2896 4116 προέκειντο
2928 4049 3021 4099 ἐπὶ
3076 4047 3169 4100 τοῦ
3211 4049 3443 4116 ἐδάφους
3493 4052 3544 4102 οἱ
3592 4058 3841 4122 μακάριοι

2273 4138 2330 4187 ὲν
2374 4136 2725 4207 Ἰερουσαλὴμ
2778 4139 3193 4207 κατασφαγῆναι
3246 4122 3604 4205 ἀξιωθέντες·
3653 4147 3681 4197 ὁ
3752 4147 3841 4213 μὲν

2272 4225 2380 4279 ἀπὸ
2407 4225 2648 4296 κεφαλῆς
2698 4228 2803 4289 ἕως
2855 4229 3081 4297 καρδίας
3116 4229 3216 4297 τὴν
3244 4230 3459 4300 πληγὴν
3487 4232 3702 4285 λαϐὼν·
3736 4240 3762 4289 ὁ
3792 4237 3845 4288 δὲ

2272 4317 2378 4368 ἀπὸ
2394 4314 2558 4386 ὤμων
2584 4316 2687 4379 ἕως
2706 4316 2912 4381 κοιλίας
2942 4336 2956 4348 ·
2982 4320 3157 4383 ἄλλος,
3184 4321 3391 4390 πέντεῆ
3420 4322 3555 4374 δέκα
3579 4327 3845 4394 ῥομφαίας

2272 4409 2329 4459 ὲν
2360 4411 2469 4470 τοῖς
2499 4408 2748 4474 ἐγκατοις
2783 4405 2959 4479 εἶχεν·
3024 4410 3209 4481 ἕτερος
3243 4412 3381 4465 κατὰ
3443 4413 3615 4485 μέσης
3649 4433 3844 4484 natoue

2278 4497 2457 4565 μένος,
2490 4497 2585 4549 καὶ
2620 4499 2698 4559 εις
2728 4497 2821 4549 δύο
2857 4496 3184 4569 διῃρημένος
3212 4517 3224 4528 ·
3260 4500 3419 4563 ἄλλος
3457 4502 3622 4554 πάλιν
3672 4505 3728 4555 ἐν
3782 4506 3843 4573 τῇ

2276 4587 2519 4659 μαχαίρᾳ
2534 4589 2637 4658 τὴν
2663 4589 2873 4641 κοιλίαν
2904 4594 3323 4659 κεκεντημένος,
3355 4594 3449 4645 καὶ
3484 4595 3663 4646 πάντα
3690 4595 3841 4648 αὑτοῦ

2270 4678 2339 4728 τὰ
2370 4678 2517 4741 ἐντὸς
2550 4677 2886 4748 προχυθέντα
2905 4695 2919 4710 ·
2949 4679 3133 4749 ἔτερος
3161 4681 3317 4752 δίκην
3366 4685 3643 4753 προδαεου
3677 4689 3735 4739 ἐν
3756 4704 3844 4755 μα·

2273 4768 2445 4837 κέλλῳ
2472 4770 2550 4831 εἰς
2589 4769 2760 4821 πολλὰ
2782 4771 2919 4841 μέλη
2958 4773 3258 4842 κατεκόπη.

2341 4858 2403 4909 Τί
2419 4859 2473 4911 δὲ
2489 4860 2556 4911 τὰ
2581 4859 2714 4912 ἄλλα
2737 4860 3073 4932 ἐλεεινότερα
3099 4878 3114 4928 ;
3138 4865 3201 4915 Οἱ
3229 4864 3327 4934 μὲν
3349 4866 3407 4917 ἐν
3424 4868 3545 4930 ταῖς
3574 4865 3839 4929 πλατείαις

2272 4950 2586 5018 προέκειντο
2616 4950 2793 5020 θέαμα
2816 4968 2830 4981 ο
2849 4950 2999 5004 ἄλλοι
3028 4955 3087 5005 ἐν
3123 4956 3235 5017 τοῖς
3268 4956 3579 5027 εὐκτηρίοις
3602 4972 3617 4987 ·
3675 4960 3837 5029 ἕτεροι

2270 5039 2350 5100 είς
2373 5042 2439 5091 τὰ
2461 5040 2622 5107 Ἅγια
2642 5040 2758 5093 τῶν
2782 5042 2959 5108 ἁγίων
2984 5045 3421 5114 καταφεύγοντες
3439 5050 3518 5112 είς
3560 5050 3804 5121 βοήθειαν
3823 5067 3835 5081 ’

2271 5130 2363 5181 καὶ
2393 5132 2419 5181 ὁ
2444 5132 2565 5200 μὲν,
2601 5132 2661 5184 τὸ
2689 5133 2847 5202 σῶμα
2873 5134 3283 5189 τδτΔεσποτικόν
3304 5146 3318 5167 δ
3348 5140 3374 5190 ὁ
3403 5139 3480 5201 δὲ,
3509 5141 3600 5192 τὸν
3624 5142 3838 5211 σταυρὸν

2269 5219 2360 5271 τοῦ
2386 5221 2618 5291 Χριστοῦ
2650 5224 2893 5291 κατέχων
2915 5241 2927 5253 ’
2961 5225 3143 5296 ἔτερος
3166 5229 3221 5279 ἐν
3240 5231 3302 5298 τῇ
3333 5229 3692 5303 κολυμϐήθρᾳ
3721 5250 3837 5285 κατ-

594 5327 706 5383 tur,
744 5320 882 5373 alter
905 5320 1103 5374 subtus
1125 5320 1296 5374 altare
1326 5319 1548 5373 latitans
1596 5335 1609 5371 :
1648 5315 1961 5384 ﬁebantque
2003 5313 2166 5369 victi-

2272 5315 2591 5381 ερχὸμενοςο
2624 5317 2719 5367 καὶ
2747 5316 2903 5379 ἄλλος
2928 5318 3032 5369 ὑπὸ
3067 5318 3454 5391 θυσιαστήριον
3518 5325 3837 5393 κρυῦλμενος

593 5423 703 5472 ma,
732 5409 921 5463 eadem
948 5410 1170 5478 quidem
1213 5409 1309 5463 Dei
1354 5405 1747 5463 comminantis
1773 5404 2038 5467 vindicta,
2070 5404 2164 5472 qui

594 5508 777 5556 tamen
817 5498 1093 5553 diversum
1114 5500 1381 5569 judicium
1443 5513 1506 5552 ac
1538 5496 1882 5568 mysterium,
1919 5492 2000 5548 uti
2028 5494 2169 5547 dixi-

668 5635 740 5702 (l)
785 5634 933 5689 Istud
963 5634 1268 5707 apusculum
1317 5642 1449 5688 totos
1489 5631 1756 5707 Antistius
1798 5629 2174 5707 Hier_qso_lymi-

596 5707 708 5759 lani
728 5701 956 5775 spiritus
996 5701 1110 5777 pra:
1142 5722 1196 5759 se
1228 5706 1370 5776 fert:
1400 5706 1623 5775 fortasse
1650 5705 1758 5773 ipse
1802 5710 1875 5755 est
1910 5701 2171 5755 Modestus

2274 5405 2654 5471 ἐσφαγιάζετο.
2712 5410 2820 5460 Kal.
2851 5408 3010 5462 θυσία
3053 5411 3310 5478 ἐγίνοντο,
3350 5413 3482 5482 μίαν
3520 5415 3619 5483 μὲν
3658 5416 3837 5483 ἔχουςα

2275 5495 2373 5565 τὴν
2399 5495 2648 5566 ἀπειλὴν,
2681 5499 2937 5570 διάφορον
2971 5500 3027 5553 δὲ
3075 5500 3135 5554 τὸ
3185 5504 3360 5573 κρῖμα
3398 5504 3493 5556 καὶ
3555 5504 3618 5555 τὺ
3654 5508 3838 5573 μυστή-

2281 5634 2491 5755 ἵὲιέατῖε
2523 5634 2694 5756 Ἑῗαηι
2721 5638 3080 5708 captivitatem
3107 5642 3175 5694 ad
3197 5642 3307 5712 ejus
3335 5643 3475 5697 sedis
3496 5641 3837 5713 gube'nacula
