4076 6330
133 389 269 458 3249

1266 382 1356 454 DE
1397 393 1715 453 PERSICA
1748 383 2263 458 CAPTIVITATE.

3241 387 3392 457 3250

129 504 384 572 ἀδελφοὺς
411 502 591 575 ἡμῶν.
636 501 767 556 ’ἰδοὺ
799 499 990 573 καιρὸς
1019 500 1279 570 δεήσεως,
1308 502 1388 556 διὸ
1425 501 1707 571 προσέχω-

1838 503 1954 556 Ecce
1986 512 2204 573 tempus
2233 502 2500 558 orationis
2526 519 2541 567 ;
2582 497 2939 573 quamobrem
2987 500 3282 570 diligenter
3302 500 3392 557 bis

133 611 226 661 μιν
256 594 391 662 μετὰ
425 594 708 665 άκριϐείας
752 595 864 656 τοῖς
895 592 1210 662 λεγομένοις
1231 595 1374 646 ’Ἁιαὶ
1425 593 1499 662 μὴ
1541 598 1702 662 μόνον

129 684 468 755 ἀκούσωμεν,
527 685 666 738 άλλὰ
741 686 835 738 καὶ
887 684 1226 754 ποιήσωμεν.
1286 683 1706 754 Ἐπιστήσωμεν

130 776 217 828 τὸν
246 775 391 840 νοῦν,
430 775 755 847 παρακαλῶ,
791 776 912 828 ἐπεὶ
947 775 1040 829 καὶ
1093 760 1380 844 βασιλικῆς
1418 775 1709 842 ἐπιστολῆς

132 867 749 937 ύπαναγινωσκομένης,
773 867 976 928 πάντες
999 866 1252 936 τρέχουσι
1273 880 1286 893 '
1319 865 1518 926 πάντες
1543 881 1709 916 σπου-

131 956 346 1022 δάζουσι
365 973 380 990 ο
403 958 603 1022 πάντες
627 957 816 1026 μαθεῖν
837 956 1176 1027 ἐπιζητοῦσι.
1213 957 1324 1010 Καὶ
1354 955 1405 1008 τί
1437 955 1582 1024 λέγω
1611 955 1711 1022 βας

134 1050 339 1119 σιλικῆς
364 1049 666 1111 κελεύσεως
684 1047 1198 1117 ἁναγινωσκομένης
1221 1064 1237 1113 ;
1260 1046 1595 1117 κιθαριστῶν
1620 1046 1714 1098 καὶ

135 1137 375 1208 αὐλητῶν
393 1135 484 1187 καί
498 1139 681 1206 μίμων
716 1137 1028 1202 ἀκούοντες,
1061 1136 1201 1207 μετὰ
1220 1135 1416 1202 πολλῆς
1432 1135 1530 1202 τῆς
1555 1150 1716 1186 σπου-

140 1229 225 1294 δῆς
247 1226 650 1303 παριστάμεθα,
692 1228 778 1281 ἵνα
838 1227 1062 1298 αἰσχρὸν
1095 1227 1308 1295 γέλωτα
1362 1221 1711 1302 θεασώμεθα,

138 1317 230 1369 καὶ
254 1299 516 1387 ἀσχήμων
565 1317 909 1387 πραγμάτων
945 1297 1172 1384 παίγνια
1207 1316 1608 1385 ἱστορήσωμεν.
1635 1297 1714 1364 ⁷Εἰ

137 1405 231 1458 οὖν
284 1408 342 1457 ἐν
376 1407 485 1468 τοῖς
514 1405 605 1458 τοῦ
641 1405 888 1458 διαϐόλου
951 1405 1206 1474 θεάμασι,
1243 1403 1476 1456 τόιοῦτοι
1521 1399 1717 1472 θερμοὶ

142 1497 234 1546 καὶ
285 1496 558 1565 πρόθυμοι
610 1497 971 1566 τυγχάνομεν,
1006 1495 1181 1564 πόσην
1242 1493 1464 1546 κόλασιν
1490 1491 1712 1561 ἕξομεν,

137 1587 220 1637 ὅτι
249 1587 308 1637 ἐν
344 1585 462 1648 ταῖς
489 1585 809 1655 ἐκκλησίαις
863 1585 1006 1656 μετά
1046 1584 1303 1654 τοιαύτης
1343 1583 1598 1653 ἀμελείας
1625 1585 1720 1636 καὶ

144 1676 415 1746 ῥᾳθυμίας
461 1678 552 1729 καὶ
578 1677 794 1740 ἀτονίας
848 1677 1148 1746 ἰστάμεθα·
1205 1674 1395 1746 ὥσπερ
1423 1675 1487 1727 ἐκ
1523 1675 1716 1744 πυρὸς,

138 1765 311 1828 οὕτως
350 1766 447 1833 τῆς
486 1768 794 1837 προσευχῆς
833 1767 1109 1839 ἐξειλῆσαι
1138 1766 1493 1831 σπεύδοντες;
1525 1764 1622 1817 καὶ
1658 1761 1720 1816 τὸ

142 1856 540 1928 χαλεπώτερον,
574 1858 654 1910 ὃτι
685 1861 778 1912 καὶ
800 1857 1171 1928 εἰσερχόμενοι
1197 1859 1254 1910 ἐν
1281 1857 1474 1916 αὐταῖς
1531 1856 1599 1908 δι’
1629 1854 1717 1920 ἐξ-
1751 1839 1792 1895 Β

140 1945 353 2014 άλειψιν
391 1947 826 2017 ἁμαρτημάτων,
857 1947 1001 1999 ἐστιν
1064 1948 1157 2002 ὅτε
1202 1945 1518 2016 προσθήκην
1551 1945 1718 2014 θραυ-

144 2037 329 2106 μὰτων
351 2037 659 2107 ποιούμενοι
681 2036 1038 2107 ἐξερχόμεθα.
1076 2037 1185 2091 Καὶ
1218 2035 1335 2097 πῶς
1357 2033 1466 2103 ἐγὼ
1486 2034 1548 2087 τὸ
1571 2036 1719 2105 εἰρη-

144 2130 309 2198 μένον
338 2132 549 2200 ποιήσω
577 2130 917 2200 κατάδηλονς
950 2130 1061 2198 Οὐχ
1098 2129 1170 2191 ὼς
1208 2127 1424 2198 ἐτέρους
1454 2127 1718 2198 κατακρί-

141 2238 268 2286 νων,
293 2221 430 2274 ἀλλὰ
462 2221 529 2274 τὰ
563 2219 758 2273 ἐαυτοῦ
793 2219 1160 2289 ἐλαττώματα
1181 2217 1551 2289 θριαμϐεύων.
1710 2213 1726 2221 “

215 2313 350 2366 Εἰπέ
380 2331 493 2384 μοι,
529 2314 586 2366 ἐν
638 2315 756 2377 ταῖς
799 2312 1115 2381 ἐκκλησίαις
1148 2311 1241 2365 καὶ
1273 2310 1582 2382 εὐκτηρίοις
1609 2307 1718 2362 εἰσ-

152 2394 459 2475 ερχόμενοι,
516 2405 662 2468 τίνος
697 2395 883 2457 ἕνεκεν
915 2406 1031 2457 ἐκεῖ
1066 2403 1442 2472 πορευόμεθα;
1497 2403 1722 2466 Πάντως

143 2500 311 2567 ἐρεῖς,
338 2497 437 2550 Διὰ
464 2500 775 2568 προσευχήν
793 2515 806 2528 ·
840 2498 906 2550 δι’
939 2496 1212 2566 ἐξάλειψιν
1238 2495 1719 2566 παραπτωμάτων.

145 2590 317 2656 Κάγώ
354 2606 435 2642 σοι
466 2589 593 2658 ἐρῶ,
629 2589 753 2650 Πῶς
780 2585 871 2643 οὖν
914 2588 981 2642 δι’
1034 2587 1199 2658 ἕτερα
1236 2579 1624 2655 εἰσερχόμενοι,
1656 2584 1724 2638 τὰ

144 2682 362 2735 ἐναντία
384 2681 875 2751 διαπράττομεν;Τί
909 2682 1102 2743 ποιεῖς,
1125 2677 1374 2746 ἄνθρωπε
1397 2695 1410 2742 ;
1433 2676 1531 2730 Διὰ
1555 2665 1739 2746 «eos;

146 2769 312 2840 ευχήν
355 2769 729 2839 εἰσελήλυθας,
782 2768 877 2821 καὶ
909 2771 976 2822 τά
1007 2768 1298 2836 πρόσωπα,
1319 2769 1411 2820 καὶ
1448 2766 1509 2819 τὸ
1533 2765 1726 2828 κάλλος

145 2860 208 2912 τδ
239 2863 314 2930 μὴ
338 2862 436 2913 σδν-
462 2860 800 2924 κανονίζειςς
853 2858 920 2912 δι’
969 2857 1247 2928 ἐξάλειψιν
1296 2858 1602 2928 ἁμαρτιῶν,
1633 2858 1727 2909 καὶ

146 2952 360 3015 τούτοις
396 2953 719 3020 προστιθιῖω,
743 2952 842 3005 οὐκ
869 2951 1097 3023 αἰσχύνῃ
1127 2950 1297 3004 ποιῶν
1335 2949 1425 3002 τὸν
1456 2946 1725 3002 οἷκοντοῢ

147 3043 285 3098 Θεοῦ
306 3044 562 3112 πρόξενόν
581 3059 660 3096 σοι
686 3041 994 3112 ἁμαρτίας;
1023 3043 1115 3094 ἴνα
1144 3040 1240 3094 τοῦ
1270 3040 1592 3109 ἐπουρανίου
1626 3039 1746 3095 Βα-.

133 3135 345 3198 «meo;
385 3134 660 3205 μυστήρια
682 3133 879 3204 θεάσῃ,
910 3133 1006 3185 καὶ
1036 3131 1104 3184 τὰ
1147 3130 1242 3185 τοῦ
1295 3131 1538 3185 διαϐόλου
1590 3130 1730 3199 πρά-

153 3314 377 3377 τούτους
427 3315 506 3376 εἰς
557 3313 826 3382 οὐρανοὺς
867 3311 1180 3384 ἁνυψώσῃς,
1242 3313 1336 3364 καὶ
1372 3305 1739 3378 ταύταὰφιῶν

151 3409 273 3468 ταῖς
301 3406 548 3475 γυναιξὶν
579 3407 636 3458 ἐν
659 3405 851 3468 αὑταῖς
878 3403 1132 3475 διανεύῃς
1166 3404 1252 3456 ἵνα
1281 3402 1375 3456 τοῦ
1409 3386 1740 3454 Δεσποτικοῧ

150 3499 413 3569 σώματος
475 3500 533 3550 ἐν
579 3497 657 3569 τῷ
738 3497 964 3566 στόματι
1014 3495 1361 3566 ἀπολαύσῃς,
1414 3493 1507 3548 καὶ
1569 3493 1741 3547 ταῦτα

149 3578 794 3672 ιταύταιςΙπροσομιλῶν,
809 3589 966 3642 τοῦτο
1007 3588 1284 3658 μολύνεις;

236 3685 303 3738 Ὢ
337 3685 583 3754 πονηρᾶς
615 3681 948 3750 ἐναλλαγῆςί
980 3679 1026 3734 ὣ
1060 3681 1157 3749 τῆς
1204 3679 1583 3750 κατασχούσης
1631 3696 1742 3732 πω-

160 3774 419 3847 ρώσεωςί
449 3775 581 3828 Ούδέ
614 3775 713 3844 τὴν
738 3772 887 3845 ὤραν
911 3773 1012 3843 τῆς
1057 3771 1363 3843 προσευχῆς
1384 3770 1462 3841 τῷ
1495 3769 1617 3841 Θεῷ
1651 3761 1767 3824 τὸν

155 3868 284 3921 νοῦν
308 3867 733 3937 άναπέμπομεν,
758 3864 895 3918 άλλὰ
933 3865 1030 3918 καὶ
1064 3862 1234 3932 αὐτὴν
1283 3865 1405 3924 ταῖς
1446 3862 1746 3930 ἡμετέραις

158 3951 981 4028 πλημμελείαιςάσχολούμεθα.
1018 3953 1172 4007 Εἴπω
1200 3953 1294 4006 καὶ
1350 3951 1539 4022 ἕτερον
1587 3950 1747 4020 χαλε-

157 4047 410 4118 πώτερον
443 4047 655 4100 τούτου,
681 4047 819 4108 Τοὺς
847 4045 1108 4114 ἀδελφοὺς
1138 4044 1300 4114 ήμῶν
1334 4043 1594 4105 πολλάκις
1617 4060 1751 4112 προ-

161 4140 507 4207 κομίζοντες,
538 4139 571 4209 ἢ
596 4137 751 4198 λιτὰς
805 4137 900 4191 καὶ⁹
930 4136 1142 4200 ἱκεσίας
1171 4135 1249 4207 τῷ
1277 4133 1397 4205 Θεῷ
1425 4133 1566 4204 ὑπὲρ
1593 4133 1750 4186 ἀπει-

159 4232 269 4284 λῶν
325 4233 750 4302 προσφέροντες,
776 4230 870 4283 καὶ
915 4229 1096 4282 ἐκεῖσε
1148 4230 1264 4290 τοῖς
1325 4226 1752 4298 προειρημένοις

159 4321 624 4392 ἐνασχολούμεθα.
656 4321 764 4373 Καὶ
808 4319 994 4383 ἁπλῶς
1039 4320 1221 4372 πᾶσαν
1278 4317 1575 4392 ήμῶν-τὴν
1605 4317 1752 4387 ζωὴν

159 4414 240 4484 τῷ
271 4414 509 4484 διαϐόλῳ
541 4410 1044 4480 κατεδουλώσαμεν.
1093 4411 1183 4463 Ἐν
1217 4410 1516 4478 ἁμαρτίαις
1548 4407 1756 4478 κοιμώο

1817 610 1940 661 qua:
1981 595 2266 658 dicuntur,
2321 595 2564 649 animum
2622 594 3011 660 attendamus;
3069 607 3168 647 nec
3209 592 3390 647 solum

1809 681 2120 749 audiamus,
2146 683 2240 738 sed
2269 691 2322 738 et
2345 683 2630 739 faciamus.
2653 682 2913 748 Mentem,
2938 683 3192 747 obsecro,
3224 679 3390 736 adbi-

1812 773 2040 829 beamus
2084 790 2098 828 :
2148 788 2274 828 nam
2327 785 2385 830 et
2429 776 2641 846 regium
2709 775 2949 844 diploma
2996 789 3122 834 cum
3167 773 3391 844 legitur,

1812 879 2005 918 omnes
2037 873 2357 930 accurrunt,
2388 880 2583 920 omnes
2614 864 2837 920 solliciti
2872 873 3022 929 sunt,
3076 877 3141 917 ac
3166 857 3390 920 favent;

1813 969 2004 1010 omnes
2039 955 2252 1011 discere
2276 965 2550 1028 satagunt.
2580 955 2721 1023 Quid
2767 971 2900 1011 vero
2930 953 3078 1019 dico,
3124 966 3251 1008 cum
3304 950 3391 1004 di-

1813 1045 1997 1115 ploma
2026 1045 2243 1116 regium
2273 1046 2520 1116 legitur?
2560 1046 2740 1100 Etiam
2781 1044 3137 1108 eitharmdos,
3173 1049 3232 1097 et
3261 1038 3394 1094 tibi—

1814 1137 1996 1199 cincs,
2028 1152 2093 1191 ae
2123 1137 2321 1191 mimos
2345 1136 2657 1200 audientes,
2692 1135 2864 1191 multa
2914 1133 3202 1206 diligentia
3249 1141 3397 1186 asta-

1817 1241 1956 1290 mus,
1991 1235 2052 1280 ut
2077 1228 2220 1282 risus
2248 1228 2472 1282 obsceni
2508 1234 2852 1296 spectatores
2875 1225 3068 1291 simus,
3100 1225 3400 1292 rerumque

1817 1315 2232 1371 inhonestarum
2266 1317 2476 1371 ludicra
2519 1325 2902 1372 contueamur.
2943 1315 3080 1370 Cum
3133 1313 3297 1383 igitur
3344 1313 3401 1365 in

1818 1407 2022 1463 diaboli
2055 1409 2382 1476 spectaculis
2422 1408 2502 1462 sic
2546 1408 2818 1463 ferventes
2840 1416 3004 1476 atque
3023 1406 3234 1460 alacres
3257 1403 3401 1458 exsi-

1819 1498 2040 1558 stimus,
2074 1512 2340 1566 quasnam
2380 1497 2636 1552 dabimus
2668 1511 2880 1567 prenas,
2907 1496 3001 1565 qui
3041 1497 3096 1550 in
3153 1492 3406 1549 ecclesiis

1820 1605 1945 1644 cum
1976 1596 2125 1643 tanta
2150 1589 2365 1643 incuria
2425 1603 2490 1642 ac
2518 1587 2793 1650 socordia,
2827 1586 3022 1654 sicque
3075 1582 3288 1638 remissi
3319 1597 3406 1636 as-

1820 1680 2116 1745 sistamus;
2153 1693 2216 1734 ae
2249 1680 2398 1734 velut
2429 1677 2498 1733 ab
2526 1679 2672 1748 igne,
2707 1677 2786 1731 sic
2816 1691 2848 1731 a
2878 1675 3140 1746 precibus
3191 1672 3406 1728 resilire

1823 1770 2112 1826 confestim
2163 1769 2528 1823 studeamus?
2571 1766 2839 1836 Quodque
2889 1766 3113 1836 gravius
3141 1771 3247 1827 est,
3277 1776 3406 1816 cum

1824 1861 2093 1917 ecclesias
2125 1861 2500 1931 ingrediamur
2525 1859 2592 1912 ad
2614 1858 2849 1913 delenda
2870 1866 3117 1926 peccata,
3147 1852 3408 1925 quando-

1824 1968 1933 2023 que
1965 1953 2282 2008 accessione
2314 1949 2637 2006 vulneribus
2677 1950 2838 2012 facta,
2868 1945 3227 2018 egredimur?
3257 1942 3409 2009 Quo-

1824 2060 1952 2099 nam
1976 2058 2111 2098 vero
2145 2042 2331 2107 modo,
2358 2041 2506 2111 quod
2534 2039 2741 2094 dictum
2781 2046 2887 2102 est,
2920 2038 3144 2108 planum
3171 2035 3364 2089 faciam
3387 2033 3417 2086 ἲ

1824 2136 2051 2205 Utique,
2077 2151 2189 2190 non
2223 2142 2283 2189 ut
2310 2133 2680 2190 condemnem
2709 2130 2872 2194 alios,
2898 2128 2995 2184 sed
3029 2137 3089 2181 ut
3118 2141 3270 2182 meos
3293 2124 3412 2196 ipse

1827 2225 2079 2281 defectus
2111 2225 2417 2280 traducam.

1898 2316 2017 2383 Dic,
2065 2331 2275 2386 quaeso,
2328 2317 2386 2370 in
2443 2305 2729 2373 ecclesias
2758 2331 2823 2372 ac
2862 2314 3104 2370 oratoria
3154 2307 3412 2381 ingressi,

1828 2424 1936 2479 qua
1971 2410 2101 2486 illuc
2131 2425 2297 2465 causa
2335 2411 2630 2465 venimus?
2668 2411 2908 2467 Omnino
2951 2408 3143 2463 dices:
3186 2405 3260 2460 Ut
3285 2417 3413 2474 pre,-

1827 2516 1923 2557 ees
1956 2500 2287 2566 fundamus;
2322 2511 2384 2556 ut
2408 2501 2608 2557 delicta
2639 2502 2982 2557 aboleamus.
3014 2498 3092 2552 Ad
3124 2511 3247 2567 quae
3279 2509 3412 2565 ego:

1828 2587 1940 2646 Cur
1975 2589 2145 2658 igitur
2171 2589 2404 2644 aliorum
2431 2605 2596 2644 eausa
2629 2591 2889 2660 ingressi,
2924 2585 3207 2643 contraria
3229 2593 3416 2655 patra—

1830 2680 1996 2736 mus?
2029 2679 2174 2747 Quid
2197 2680 2353 2747 faci's,
2400 2681 2602 2737 homo?
2650 2679 2931 2752 Ingressus
2956 2694 3016 2733 es
3086 2683 3153 2731 ut
3200 2685 3254 2730 te
3303 2674 3419 2744 ipse

1832 2771 1888 2858 in
1929 2787 2120 2842 preces
2183 2772 2344 2828 dares
2391 2791 2404 2826 :
2448 2758 2747 2842 vultusque
2819 2787 2882 2827 ac
2947 2767 3422 2841 pulchritudinem

1835 2856 1946 2920 non
1971 2873 2120 2920 tuam
2146 2865 2214 2920 ad
2244 2865 2508 2920 amussim
2538 2880 2744 2921 vocans
2772 2863 2987 2918 curiose
3015 2858 3318 2930 expendis?
3340 2856 3420 2911 Ad
3515 2925 3519 2928 ﬁ

1834 2959 2064 3014 delenda
2098 2967 2323 3028 peccata
2355 2975 2371 3012 :
2412 2959 2682 3028 pluraque
2718 2955 3003 3026 prioribus
3037 2952 3266 3019 addens,
3311 2965 3425 3008 non

1835 3049 2120 3104 erubescis
2155 3049 2378 3103 domum
2403 3050 2500 3103 Dei
2532 3048 2808 3103 ofﬁcinam
2867 3061 2933 3100 ac
2975 3045 3264 3099 tabernam
3308 3056 3426 3095 me-

133 3137 345 3198 οειζιλέως
385 3137 660 3205 μυστήρια
682 3137 879 3204 θεάσῃ,
910 3137 1006 3185 καὶ
1036 3137 1104 3213 τὰ
1147 3137 1242 3185 τοῦ
1295 3137 1538 3185 διαϐόλου
1590 3137 1730 3199 πρά-

131 3241 340 3294 κγματα
361 3223 729 3295 περιεργάζῃ;
754 3223 839 3274 ἵνα
857 3224 968 3284 τοῖς
1002 3221 1300 3291 ὀφθαλμοῖς
1315 3219 1609 3293 δακρύσῃς,
1646 3218 1736 3272 καὶ

1839 3141 2092 3195 ritoriam
2155 3139 2648 3216 facerepeecatii
2700 3138 2772 3194 Ut
2819 3137 3064 3192 caelestis
3104 3137 3251 3205 regis
3306 3149 3396 3201 my

1843 3231 2017 3286 steria
2072 3230 2504 3295 contempleris;
2564 3242 2762 3295 resque
2800 3227 3106 3283 diabolicas
3135 3224 3396 3295 diligente

1843 3231 2017 3286 steria
2072 3230 2504 3299 contempleris;
2564 3242 2762 3299 resque
2800 3227 3106 3283 diabolicas
3135 3224 3430 3296 diligenter

1840 3321 2111 3377 attendis?
2145 3319 2216 3376 Ut
2245 3321 2424 3376 oculis
2448 3320 2648 3375 fundas
2683 3321 2973 3392 lacrymas,
3029 3333 3093 3373 ac
3145 3317 3204 3370 in
3252 3316 3425 3371 emlos

1841 3412 2106 3467 sublimes
2153 3427 2250 3468 eos
2293 3413 2481 3467 tollas:
2516 3413 2716 3482 hisque
2767 3409 2972 3475 missis,
3011 3407 3339 3463 mulieribus
3374 3406 3429 3459 in
3479 3427 3481 3430 ·

1841 3504 1922 3558 eis
1941 3503 2140 3558 lascive
2163 3504 2399 3557 annuis?
2425 3504 2494 3560 Ut
2520 3502 2866 3558 Dominicum
2887 3515 3089 3571 corpus
3106 3514 3202 3554 ore
3224 3513 3430 3560 sumas,

1843 3612 1907 3651 ac
1925 3596 2199 3667 mysteriis
2220 3595 2450 3650 fruaris:
2483 3595 2730 3666 illudque
2747 3596 2834 3650 his
2853 3595 3177 3664 colloquens
3197 3590 3435 3661 polluis?

1913 3688 1956 3744 Ο
1979 3690 2176 3743 malam
2203 3689 2724 3743 commutationem!
2753 3703 2785 3742 ο
2815 3686 2998 3742 cordis
3024 3684 3287 3739 duritiam
3310 3686 3324 3736 ἰ
3354 3682 3434 3736 Ne

1850 3779 2122 3834 orationis
2142 3779 2368 3848 quidem
2403 3788 2666 3849 tempore-
2690 3776 2935 3831 animum
2957 3775 3026 3829 ad
3063 3763 3235 3829 Deum
3261 3772 3436 3841 erigi“

1848 3886 1971 3926 mus
1997 3888 2009 3922 :
2039 3870 2134 3925 sed
2164 3886 2230 3926 eo
2250 3886 2469 3941 quoque
2485 3869 2705 3925 delictis
2725 3865 2928 3924 nostris
2946 3881 3224 3921 vacamus.
3251 3864 3438 3918 Dicam

1847 3971 1903 4017 et
1925 3963 2076 4017 aliud
2107 3961 2214 4020 isto
2240 3962 2544 4018 molestius.
2576 3961 2795 4016 Fratres
2820 3965 3043 4014 nostros
3065 3972 3174 4011 non
3195 3971 3321 4010 raro
3342 3970 3439 4025 po-

1852 4056 1963 4109 tius
1997 4039 2425 4124 praetendentes,
2453 4067 2621 4124 quam
2664 4061 2723 4106 ut
2745 4052 2856 4106 Deo
2887 4064 3083 4120 preces
3121 4063 3185 4103 ac
3226 4047 3440 4117 suppli-

1854 4144 2109 4199 cationes
2136 4144 2209 4199 ob
2255 4143 2374 4214 ejus
2419 4144 2478 4197 in
2517 4157 2620 4197 nos
2659 4141 2871 4213 flagella
2910 4139 3232 4204 offeramus,
3273 4139 3439 4192 etiam

1853 4238 1967 4301 illic
2005 4237 2094 4290 liis
2134 4246 2255 4306 qua:
2284 4237 2551 4301 diximus,
2589 4246 2807 4306 tempus
2839 4235 3095 4290 terimus.
3127 4234 3329 4304 Atque,
3384 4242 3446 4287 ut

1855 4329 2027 4385 verbo
2061 4329 2264 4393 dicam,
2296 4328 2467 4384 vitam
2513 4337 2685 4383 totam
2739 4327 2962 4382 diaboio
3003 4326 3336 4380 addiximus.
3384 4325 3443 4379 In

1855 4423 2098 4494 peccatis
2123 4420 2448 4486 dormimus,
2481 4421 2536 4474 in
2570 4420 2815 4490 peccatis
2837 4434 2868 4473 e
2889 4434 3085 4472 somno
3109 4418 3439 4480 excitamur,

161 4507 333 4577 μεθα,
365 4511 424 4560 ἐν
449 4505 746 4584 ἁμαρτίαις
772 4502 1097 4574 ἐγειρόμεθα
1115 4520 1130 4536 ·
1153 4504 1211 4554 ἐν
1232 4502 1529 4572 ἁμαρτίαις
1557 4497 1736 4575 προερ·

1860 4517 1917 4570 in
1952 4514 2198 4584 peccatis
2226 4513 2602 4582 procedimus,
2633 4512 2686 4565 in
2731 4511 2970 4581 peccatis
3002 4509 3345 4575 recedimus;
3388 4509 3444 4563 in

163 4599 405 4669 χόμεοα,
437 4601 516 4660 εἰς
540 4597 817 4668 ἁμαρτίας
863 4594 1283 4666 ἁναχωροῦμεν·
1341 4597 1421 4658 εἰς
1451 4595 1751 4666 ἁμαρτίας,

166 4693 259 4743 καὶ
284 4692 343 4752 ἐν
368 4689 707 4758 ἐκκλησίαις,
732 4688 823 4740 καὶ
859 4689 917 4741 ἐν
934 4691 1046 4748 τοῖς
1069 4687 1261 4748 οἴκοις,
1290 4687 1384 4739 καὶ
1400 4688 1457 4739 ἐν
1474 4689 1592 4749 ταῖς
1623 4687 1756 4755 ἁγο-

168 4786 314 4852 ραῖς,
331 4783 427 4834 καὶ
444 4783 501 4833 ἐν
519 4783 628 4843 τοῖς
648 4781 895 4850 μνήμασι
912 4778 1272 4849 πορευόμεθα.
1294 4779 1400 4832 Καὶ
1412 4781 1471 4831 τὸ
1482 4780 1759 4848 ἀνοητότεο

166 4893 283 4946 ρον,
297 4878 381 4928 ὅτι
395 4873 567 4936 οὕτως
580 4873 656 4943 τῷ
671 4872 895 4941 διαϐόλῳ
912 4869 1274 4934 δουλεύοντες,
1288 4871 1384 4924 καὶ
1398 4873 1456 4923 ἐν
1469 4873 1631 4924 παντί¹
1647 4889 1759 4926 και-

168 4967 268 5037 ρῷ,
300 4969 398 5020 καὶ
423 4966 592 5034 τόπῳ,
611 4967 703 5016 καὶ
726 4964 1033 5033 πράγματι,
1051 4962 1142 5014 τὸν
1158 4961 1292 5014 Θεὸν
1310 4962 1757 5032 παροργίζοντες,

166 5059 426 5129 λέγομεν,
485 5057 578 5109 καὶ
617 5054 958 5125 ξενιζόμεθα,
989 5054 1262 5121 λέγοντες·
1293 5053 1464 5108 Πόθεν
1493 5055 1754 5120 άπειλαί;

168 5151 336 5203 πόθεν
369 5151 426 5201 αἰ
458 5148 732 5212 παιδεῖαις
761 5148 927 5200 πόθεν
958 5149 990 5218 ή
1017 5143 1399 5216 αἰχμαλωσία;
1433 5146 1646 5217 πόθενή
1677 5165 1763 5200 το-

168 5242 342 5312 σαύτη
367 5240 510 5310 ὀργὴ
539 5241 621 5306 ἐφ’
654 5240 840 5309 ἠμᾶςς
1447 5293 1449 5295 .

244 5334 310 5385 ’Ὠ
350 5330 556 5397 πολλῆς
611 5333 705 5383 καὶ
743 5329 1025 5401 ἀμυθήτου
1069 5328 1418 5400 πωρώσεωςί
1454 5331 1585 5394 τοὺς
1612 5331 1763 5385 ἁδελ-

169 5424 305 5492 φοὺς
364 5427 425 5477 ἐν
485 5423 734 5492 μνημείῳ
802 5423 1220 5487 κατατιθέντες,
1291 5423 1414 5477 οὐδὲ
1463 5424 1521 5491 ἐξ
1595 5426 1764 5494 αὐτῆς

170 5517 523 5583 θεωρίας-εἰς
550 5515 903 5584 συναίσθησιν
929 5517 1219 5586 ἐρχόμεθα.
1256 5516 1589 5586 Ἐμϐλέιζτειτε
1631 5517 1766 5586 πρὸς

169 5610 262 5659 τὸν
291 5613 489 5686 τάφον,
534 5608 584 5659 οἰ
618 5608 870 5675 ἄφρονες,
907 5610 1002 5661 καὶ
1046 5607 1376 5678 άνανήψατε.
1430 5608 1767 5678 Ἐμϐλέψατε

177 5698 314 5766 πρὸς
342 5701 446 5768 τὴν
478 5696 662 5770 σορὺν,
688 5704 737 5753 οἰ
771 5703 1196 5773 μεγαλόφρονες,
1246 5703 1339 5754 καὶ
1379 5702 1454 5773 μὴ
1499 5702 1764 5770 φυσόίσθε.

179 5783 352 5839 Ἴδετε
391 5788 462 5840 τὰ
502 5788 662 5855 ὀστᾶ,
695 5793 741 5843 οἰ
771 5793 1135 5861 σοφιζόμελοι,
1195 5793 1287 5845 καὶ
1339 5793 1411 5863 μὴ
1452 5791 1766 5862 ἐπαίρεσθε.

1851 4607 2104 4678 peccatis
2150 4606 2206 4660 in
2239 4605 2512 4669 ecclesiis,
2550 4605 2604 4658 in
2637 4603 2914 4669 domibus,
2951 4603 3006 4656 in
3060 4602 3202 4666 foro,
3252 4601 3308 4656 in
3357 4615 3448 4667 sc-

1862 4698 2074 4770 puleris
2123 4695 2452 4751 incedimus.
2506 4694 2776 4764 Quodque
2824 4693 3145 4748 dementius
3173 4701 3280 4758 est,
3319 4708 3446 4746 cum

1861 4795 1942 4846 sic
1995 4790 2215 4845 diabolo
2271 4790 2601 4853 serviamus,
2659 4787 2925 4855 omnique
2973 4794 3243 4855 tempore,
3302 4786 3445 4849 loco,

1862 4878 2084 4954 negotio
2126 4882 2221 4938 Dei
2250 4882 2388 4936 iram
2430 4877 2822 4952 provoCemus,
2860 4878 3100 4933 dicimus
3136 4890 3345 4942 tamen,
3381 4893 3448 4932 ae

1861 4993 1959 5042 eeu
1990 4991 2195 5030 novum
2221 4975 2486 5034 mirantes
2511 4975 2784 5033 dicimus:
2815 4973 3098 5028 Undenam
3119 4971 3325 5026 minas?
3347 4987 3453 5026 un-

1862 5063 2058 5122 denam
2099 5067 2355 5136 ﬂagella?
2395 5067 2673 5122 undenam
2721 5064 3108 5134 eaptivitates?
3169 5064 3447 5118 undenam

1865 5167 2014 5212 tanta
2042 5159 2136 5212 Dei
2172 5160 2227 5212 in
2253 5173 2355 5213 nos
2378 5157 2501 5212 ira?

1937 5336 1981 5390 0
2014 5351 2286 5410 magnam,
2327 5353 2390 5390 ae
2434 5337 2698 5405 majorem
2745 5334 3011 5406 cogitatu,
3058 5332 3245 5388 cordis
3296 5331 3452 5385 duri-

1868 5429 2028 5482 tiem!
2059 5427 2198 5482 Cum
2222 5427 2417 5481 fratres
2442 5427 2496 5480 in
2523 5428 2776 5497 sepulcro
2809 5442 3079 5496 ponamus
3134 5441 3204 5480 ne
3237 5441 3305 5480 ex
3333 5425 3452 5494 ipso

1869 5519 2092 5588 quidem
2127 5530 2353 5587 aspectu
2399 5518 2452 5570 in
2503 5535 2726 5573 sensum
2774 5519 3050 5572 venimus.
3103 5517 3343 5586 Aspicite
3395 5515 3451 5568 in

1871 5612 2208 5680 sepulcrum,
2238 5611 2411 5673 stulti,
2445 5627 2508 5664 ae
2542 5611 2869 5679 I'esipiseite.
2910 5610 3156 5678 Aspicite
3188 5610 3242 5662 in
3301 5610 3454 5660 Iocu-

1874 5703 1983 5756 lum
2023 5719 2349 5771 urnamque,
2399 5703 2490 5770 qui
2526 5705 2696 5756 altum
2734 5704 2948 5773 sapitis,
2975 5713 3030 5757 ct
3057 5702 3226 5756 nolite
3253 5700 3456 5754 animi!

1877 5806 2208 5850 tumescere.
2271 5796 2455 5851 Videte
2493 5812 2637 5863 ossa,
2672 5797 2870 5867 arguti,
2919 5809 2976 5851 et
3029 5796 3196 5851 nolite
3237 5791 3471 5848 t‘iIC!‘!l.«
