4076 6330
614 323 757 414 32εὲ

1861 354 2170 415 INCERTI
2204 352 2581 416 AUCTORIS

3738 353 3886 418 3256

679 455 835 514 Tune
861 449 1309 523 blasphemorum
1342 454 1451 526 igni
1487 458 1758 514 torrenda
1787 459 1987 530 linguae
2013 479 2025 513 :
2056 472 2183 515 tunc

2357 462 2491 514 Τότε
2523 461 2629 516 τῶν
2687 459 3022 531 βλασφήμων
3073 461 3129 513 αί
3181 461 3425 529 γλῶσσαι
3479 450 3874 539 φλογίξονται·

607 549 1003 605 fonicatorum
1043 554 1326 604 exurenda
1379 566 1645 620 corpora;
1697 561 1826 606 tunc
1865 553 2182 608 convician-

611 642 750 697 tium
797 639 1139 696 conterenda
1190 657 1308 707 ora,
1357 659 1460 697 nec
1512 645 1621 697 erit
1683 643 1780 713 qui
1829 645 2180 700 misereatur.

609 729 766 785 Tunc
811 729 1278 786 immisericordes
1330 722 1841 796 immisericorditer
1893 733 2178 802 puniendi.

605 818 764 875 Tunc
804 809 1086 889 superfluo
1134 818 1285 876 cultu
1321 807 1674 890 gloriantium
1725 824 1911 878 vultus
1955 824 2183 893 fuligine

607 908 915 965 lnticiendi.
950 911 1105 966 Tunc
1135 911 1411 981 impudice
1443 914 1805 969 annuentium
1845 917 1989 971 oculi
2024 917 2181 972 obte-

602 1000 895 1079 nebrandi.
927 1002 1059 1067 Quis
1096 1002 1463 1058 misereatur?
1486 1005 1621 1072 Quis
1649 1006 1877 1062 salutem
1924 1011 2184 1076 praestet?

605 1090 712 1147 Ubi
754 1103 883 1148 tunc
904 1094 1204 1161 parentes?
1236 1094 1332 1151 ubi
1362 1095 1602 1152 fratres?
1619 1098 1712 1152 ubi
1733 1098 1924 1168 pater?
1945 1098 2038 1153 ubi
2071 1116 2184 1155 ma-

607 1184 726 1237 ter?
739 1183 831 1238 ubi
848 1184 1060 1239 amicus
1075 1185 1097 1238 ἲ
1115 1185 1208 1239 ubi
1227 1195 1415 1255 regum
1433 1187 1835 1258 magnificentia
1851 1190 1874 1243 ?
1893 1186 2032 1256 Quid
2050 1208 2182 1247 vero

606 1263 732 1329 dico
763 1273 917 1344 pater
940 1290 1004 1329 ac
1037 1285 1214 1331 mater
1234 1273 1256 1330 ?
1275 1263 1385 1333 Nec
1396 1279 1589 1349 angeli
1618 1279 1746 1350 ipsi,
1769 1285 1872 1337 nec
1893 1291 2178 1353 martyres,

605 1380 710 1420 nec
729 1365 986 1435 apostoli,
1022 1375 1155 1421 tunc
1172 1368 1523 1426 obsecrantes
1550 1360 1935 1427 esaudientur.

675 1451 872 1521 nemo,
928 1453 1159 1522 fratres,
1212 1459 1455 1528 seipsum
1510 1471 1695 1517 mente
1758 1462 2018 1532 decipiat.
2079 1463 2181 1521 Ubi

605 1546 755 1602 enim
793 1547 939 1603 Deus
973 1549 1239 1606 adversus
1277 1550 1555 1607 heminem
1590 1553 1880 1617 clauserit,
1911 1556 2036 1623 quis
2069 1560 2180 1624 jam

606 1633 862 1706 aperiat?
897 1628 1002 1696 Ubi
1045 1633 1177 1696 tunc
1221 1641 1558 1711 optimates?
1595 1641 1822 1716 Confusi
1873 1621 2021 1700 sunt.
2072 1621 2179 1701 Ubi

603 1729 865 1802 iudices?
910 1729 1130 1788 Iudicio
1173 1732 1415 1794 damnati
1467 1745 1617 1789 sunt.
1684 1735 1790 1792 Ubi
1857 1745 1988 1790 tunc
2035 1741 2179 1793 servi

2283 552 2405 603 τότε
2428 551 2496 603 τά
2522 551 2632 605 τῶν
2665 553 2876 620 πόρνων
2919 549 3145 619 σώματα
3178 551 3745 605 κατακαίονται.Τότε
3771 553 3880 605 τῶν

2284 634 2540 712 λοιδόρων
2560 642 2629 694 τὰ
2658 644 2901 711 στόματα
2956 642 3351 710 συντρίϐονται,
3410 642 3505 693 καὶ
3521 641 3623 693 οὐκ
3652 642 3818 696 ἔσται
3851 645 3882 695 ό

2283 731 2610 788 ὲλεῶνςτότε
2637 733 2684 784 oi
2710 721 3044 800 ἄσπλαγχνοι
3077 727 3319 801 ἀνηλεῶς
3347 732 3699 794 κολάζονται.
3738 734 3878 785 Τότε

2283 816 2774 890 καλλωπιζομένων
2802 821 2870 874 τὰ
2900 816 3169 891 πρόσωπα
3199 816 3575 874 ἀσδολοῦνται.
3599 821 3742 874 Τότε
3765 824 3880 875 τῶν

2281 914 2637 966 διανευόντων
2669 914 2716 965 oi
2758 911 3030 982 ὀφθαλμοὶ
3074 904 3431 976 σκοτίζονται.
3468 913 3564 975 Τίς
3595 915 3623 966 ό
3651 915 3834 965 ἐλεῶν
3860 932 3874 975 ;

2283 1006 2366 1069 τίς
2389 1007 2416 1058 ό
2442 1003 2630 1067 σώζων
2652 1021 2666 1071 ;
2689 1003 2796 1056 Ποῦ
2831 1003 2950 1055 τότε
2977 1006 3154 1071 γονεῖς
3177 1019 3190 1066 ;
3223 1002 3326 1054 ποῦ
3348 1003 3570 1072 ἀδελφοί
3592 1021 3607 1068 ;
3635 1004 3745 1057 ποῦ
3778 1021 3880 1057 πα.

2282 1098 2422 1166 tim;
2461 1090 2564 1148 ποῦ
2623 1099 2804 1166 μήτηρ
2829 1107 2845 1157 ;
2871 1093 2974 1147 ποῦ
3032 1094 3184 1158 φίλος
3211 1108 3226 1157 ;
3255 1093 3356 1146 ποῦ
3388 1097 3418 1162 ἡ
3455 1097 3564 1147 τῶν
3596 1095 3878 1162 βασιλέων

2286 1186 2583 1255 φαντασία;
2607 1186 2720 1255 Καὶ
2736 1185 2787 1237 τί
2812 1184 2955 1253 λέγω
2980 1185 3163 1255 πατὴρ
3183 1185 3275 1237 καὶ
3306 1186 3524 1255 μήτηρς
3548 1187 3682 1238 Οὐδὲ
3709 1187 3878 1239 αὐτοὶ

2282 1279 2331 1330 οξ
2363 1277 2605 1344 ἄγγελοι,
2636 1276 2756 1329 οὐδὲ
2789 1277 2837 1329 oi
2892 1276 3200 1346 μάρτυρες,
3227 1276 3351 1329 οὐδὲ
3405 1277 3717 1344 ἀπόστολοι,
3745 1277 3876 1330 τότε

2283 1366 2726 1437 παρακαλοῦντες
2758 1368 3151 1421 εἰσακούονται.

2349 1460 2572 1530 Μηδεὶς,
2605 1460 2842 1526 ἀδελφοὶ,
2871 1459 3059 1511 ἑαυτὸν
3085 1461 3502 1529 φρεκπατάτω.
3537 1462 3714 1513 Ὀπου
3759 1460 3875 1526 γὰρ

2282 1551 2413 1613 Θεὸς
2443 1551 2659 1640 κλείσῃ¹
2691 1551 2831 1602 κατὰ
2871 1549 3186 1640 ἀνθρώπου,
3238 1549 3435 1640 λοιπὸν,
3485 1552 3567 1614 τίς
3621 1552 3870 1640 ἀνοίξειξ

2282 1641 2392 1694 Ποῦ
2431 1641 2562 1692 τότε
2601 1638 2886 1710 ᾶρχοντες;
2925 1639 3320 1712 ᾙσχύνθησαν.
3419 1635 3528 1694 Ποῦ
3573 1635 3868 1705 δικασταίξ

2284 1731 2914 1802 ΚατεδικάσθησανηΠοῦ
2939 1731 3059 1785 τότε
3089 1733 3138 1784 oi
3163 1731 3366 1790 ,δοῦλοι
3391 1733 3442 1786 οί
3473 1727 3873 1803 μαστιζόμενοι

605 1818 747 1878 dure
769 1817 1133 1893 vapulantes?
1155 1824 1259 1881 Ubi
1290 1823 1500 1881 ancillae
1530 1827 1624 1881 hic
1653 1841 1683 1880 a
1708 1827 1870 1884 nobis
1891 1823 2180 1884 laboribus

2286 1818 2546 1893 ἁφειδῶς;
2576 1819 2686 1876 Ποῦ
2708 1824 2764 1875 at
2791 1821 3047 1887 δουλίδες,
3069 1825 3129 1876 ui
3165 1822 3637 1892 καταπονούμεναι
3667 1817 3772 1875 ὧδὲ
3809 1821 3869 1887 ἐξ

605 1915 928 1982 oppresse?
955 1914 1112 1969 'l‘unc
1143 1915 1180 1970 ii
1210 1916 1266 1970 in
1297 1916 1458 1973 bonis
1509 1926 1709 1988 erunt;
1755 1916 1952 1972 horum
2001 1918 2184 1973 autem

499 2043 518 2050 -
610 2001 818 2056 domini
843 2002 896 2056 in
930 2001 1342 2058 crueiamentis.
1375 2005 1478 2061 Ubi
1505 2005 1819 2076 superfluus
1855 2005 2035 2059 cultus
2055 2020 2185 2059 cor-

606 2091 805 2165 poris?
836 2094 940 2150 Ubi
966 2103 1151 2150 vestes
1181 2096 1476 2164 exquisitis
1510 2097 1790 2152 coloribus
1820 2099 2047 2153 tinctae?
2079 2098 2184 2158 Ubi

607 2187 727 2241 auri
743 2187 1035 2256 probatio?
1058 2187 1160 2242 Ubi
1177 2189 1388 2258 argenti
1407 2190 1612 2244 sonus?
1631 2189 1731 2245 Ubi
1759 2191 2023 2245 unionum
2047 2192 2188 2246 aesti-

609 2279 820 2333 matio?
844 2279 937 2334 ubi
962 2289 1194 2334 ornatus
1213 2282 1521 2336 manuum?
1555 2281 1657 2336 Ubi
1680 2281 1932 2336 deliciae?
1957 2281 2062 2337 Ubi
2095 2283 2184 2337 di-

609 2384 769 2423 versa
792 2363 960 2424 vina?
984 2368 1087 2424 Ubi
1119 2361 1294 2440 equi?
1329 2359 1435 2425 Ubi
1456 2369 1615 2425 frena
1660 2370 1865 2426 aurea?
1898 2371 2003 2428 Ubi
2041 2387 2072 2427 a
2106 2374 2184 2428 la-

612 2466 728 2521 tere
759 2461 1094 2515 currentes?
1137 2455 1242 2518 Ubi
1295 2463 1512 2516 turbam
1562 2459 1952 2518 submoventes
1997 2463 2188 2519 senii?

610 2550 716 2607 Ubi
749 2547 1001 2621 Superba:
1040 2551 1224 2606 aedes?
1265 2552 1364 2608 Ubi
1424 2553 1478 2607 in
1527 2552 1862 2607 formidabili
1903 2553 1992 2608 illa
2049 2548 2186 2608 hora

611 2643 704 2712 qui
768 2638 1160 2696 resurrectioni
1213 2657 1277 2696 ac
1333 2641 1604 2711 supplicio
1659 2641 1959 2703 detrahunt
1989 2643 2183 2706 fidem,

607 2731 870 2801 relinque
923 2731 1265 2788 immortales
1309 2733 1388 2787 sic
1419 2747 1478 2787 se
1515 2733 1762 2787 habent?
1807 2735 1908 2790 Ubi
1942 2735 2035 2803 qui
2067 2735 2186 2790 the-

609 2821 805 2891 sauros
838 2829 1124 2893 aggerum,
1158 2836 1261 2876 nec
1276 2821 1508 2875 fratrum
1549 2821 1902 2896 miseratione
1951 2833 2184 2894 tangun-

610 2911 744 2966 tur?
776 2908 881 2966 Ubi
913 2917 1096 2977 vestes
1125 2909 1315 2964 sericae
1340 2904 1363 2962 ?
1398 2895 1503 2966 Ubi
1533 2906 1773 2979 byssus?
1811 2907 1914 2965 Ubi
1943 2911 2184 2979 pretiosa

613 3001 1022 3058 calceamenta?
1050 2999 1151 3056 Ubi
1183 3002 1504 3071 unguenta?
1536 3001 1639 3056 Ubi
1683 3017 1838 3056 vanae
1864 3002 2186 3070 infnmatio;

610 3087 713 3149 nes
732 3133 747 3160 ,
783 3079 1018 3162 quarum
1045 3101 1265 3161 sumptu
1295 3092 1594 3160 juvenibus
1615 3091 1782 3146 decor
1811 3093 2138 3145 conciliatur
2163 3091 2185 3144 ?

2288 1913 2445 1984 ἡμῶν
2472 1931 2486 1976 ;
2517 1893 2652 1966 ’Ῡότε
2686 1914 2840 1966 αὐτοὶ
2861 1914 2917 1965 ὲν
2942 1911 3184 1980 ἀγαθοῖς,
3217 1913 3266 1964 oi
3286 1912 3340 1964 δὲ
3372 1912 3577 1966 τούτων
3603 1910 3870 1964 ῶσπῆαι

2285 2007 2343 2058 ὲν
2375 2004 2641 2074 θλιδεροῖς
2663 2046 2675 2058 .
2710 2002 2820 2058 Ποῦ
2842 2001 2869 2054 ό
2898 2001 3284 2071 καλλωπισμὸς
3309 2001 3404 2055 τοῦ
3437 2002 3720 2071 σώματος;
3754 2000 3871 2055 Ποῦ

2286 2099 2339 2149 αἱ
2362 2097 2519 2166 χροαὶ
2548 2095 2656 2147 τῶν
2682 2093 2941 2163 ίματίωνς
2970 2094 3076 2147 Ποῦ
3105 2094 3137 2160 ἡ
3166 2093 3259 2145 τοῦ
3285 2093 3509 2164 χρυσίου
3529 2093 3832 2162 δοκιμασία
3852 2109 3876 2170 ;V

2287 2187 2396 2240 Ποῦ
2431 2190 2458 2239 ό
2488 2186 2694 2249 κτύπος
2715 2184 2809 2237 τοῦ
2842 2182 3235 2254 ἀργύρουξηοῦ
3260 2185 3315 2236 ai
3365 2183 3474 2237 τῶν
3508 2179 3871 2254 μαργαριτῶν

2284 2277 2480 2344 τιμαί;
2509 2277 2619 2329 Ποῦ
2653 2279 2686 2345 ἡ
2716 2276 2983 2345 κόσμησις
3007 2274 3116 2327 τῶν
3143 2275 3342 2345 χειρῶν
3369 2295 3385 2343 ;
3412 2271 3524 2326 Ποῦ
3556 2275 3588 2344 ὴ
3641 2275 3867 2343 τρυφῆς

2287 2367 2397 2422 Ποῦ
2419 2369 2448 2420 ό
2472 2364 2614 2429 οῐνος
2641 2369 2670 2420 ὁ
2701 2365 2989 2435 διάφορος;
3023 2364 3131 2419 Ποῦ
3160 2366 3209 2417 οἱ
3232 2365 3422 2444 ἵπποις
3457 2363 3565 2416 Ποῦ
3587 2363 3638 2415 oi
3677 2361 3871 2434 χρυσοῖ

2285 2457 2491 2528 χαλινοί
2512 2475 2527 2524 ;
2551 2456 2660 2510 Ποῦ
2679 2455 2727 2508 oi
2756 2454 3192 2526 παρατρέχοντες
3213 2473 3228 2520 ;
3248 2455 3358 2507 Ποῦ
3373 2457 3428 2509 νοί
3454 2453 3868 2526 παρασύροντες

2285 2549 2460 2603 δοῦλοι
2486 2539 2504 2613 ›;
2535 2547 2643 2602 Ποῦ
2674 2548 2732 2600 αἱ
2769 2549 2936 2601 οἰκίαι
2969 2547 3481 2615 κεκαλλωπισμέναι
3513 2563 3528 2610 ;
3565 2544 3677 2598 Ποῦ
3713 2547 3770 2596 ὲν
3799 2545 3865 2614 τῇ

2289 2641 2494 2711 φοϐερᾷ
2526 2638 2646 2709 ῶρᾳ
2673 2638 2858 2708 ἐκείνῃ
2903 2638 2951 2713 of
2980 2640 3045 2707 τῇ
3072 2639 3365 2691 ἀναστάσει
3426 2639 3519 2689 καί
3550 2639 3614 2706 τῇ
3644 2637 3866 2689 κολάσει

2292 2735 2365 2803 μὴ
2412 2730 2784 2795 πιστεύοντες,
2831 2732 2925 2784 καὶ
2966 2730 3045 2802 ὡς,
3072 2729 3327 2782 ἀθάνατοι
3352 2728 3691 2797 διακείμενοι
3715 2747 3729 2790 ;
3756 2727 3864 2781 Ποῦ

2286 2821 2334 2877 οί
2363 2821 2805 2892 θησαυρίζοντες,
2839 2822 2931 2873 καὶ
2969 2817 3094 2882 τοὺς
3140 2820 3402 2889 ἀδελφοὺς
3436 2819 3512 2888 μὴ
3543 2811 3860 2883 ἐλεοῦντεςς

2288 2913 2396 2968 Ποῦ
2429 2913 2499 2966 τὰ
2531 2911 2734 2982 σηρίκά
2763 2911 2778 2976 ξ
2817 2909 2926 2963 Ποῦ
2957 2910 3027 2963 τὰ
3055 2911 3318 2980 βύσσινας
3351 2910 3461 2962 Ποῦ
3493 2911 3562 2962 τὰ
3588 2909 3863 2979 πολύτιμα

2288 3006 2651 3075 ύποδήματα;
2682 3003 2792 3055 Ποῦ
2823 3005 2892 3056 τὰ
2929 3002 3109 3072 μύρα;
3143 3002 3253 3055 Ποῦ
3278 3003 3347 3054 τὰ
3387 3001 3744 3070 καπνίσματα
3798 3001 3860 3053 τὰ

2292 3097 2517 3161 μάταια,
2551 3097 2617 3148 τὰ
2641 3095 2721 3157 είς
2747 3093 2806 3146 τὸ
2818 3093 3011 3156 κάλλος
3027 3092 3126 3162 τῆς
3153 3092 3402 3162 νεότητος
3419 3093 3821 3163 ἀναλισκόμενα
3846 3102 3859 3149 ς

612 3181 668 3238 id
694 3199 826 3238 vero
849 3198 973 3237 cum
1000 3182 1268 3253 quosdam
1297 3182 1577 3237 videamus
1606 3181 1784 3236 frusto
1813 3182 1970 3251 panis
1998 3196 2180 3250 egere,

2287 3187 2383 3237 καὶ
2397 3185 2570 3240 ταῦτα
2595 3184 2832 3255 ὁρῶντές
2853 3202 3003 3248 τινας
3025 3185 3337 3253 κλάσματος
3364 3186 3526 3254 ἄρτου
3553 3185 3857 3255 ampli/00c,

611 3276 838 3345 vinique
879 3276 1060 3345 ipsum
1094 3274 1321 3330 odorem
1349 3273 1692 3336 desiderare,
1733 3289 1837 3352 nec
1874 3273 1983 3328 illis
2015 3274 2183 3330 mise-

611 3381 851 3424 reamur,

678 3467 822 3540 Quid
853 3454 1281 3542 tuncjuvabunt
1332 3471 1628 3528 ambitioso
1662 3487 1813 3527 nunc
1834 3477 2034 3526 ornatu
2054 3471 2181 3526 lecti

610 3562 922 3633 Splendidi?
949 3557 1053 3619 Ubi
1094 3555 1225 3617 tunc
1255 3563 1348 3632 qui
1394 3563 1733 3632 pauperibus
1783 3561 2179 3634 improperant,

608 3669 814 3722 eosque
837 3649 1205 3708 aversantur?
1230 3653 1350 3719 Quo
1388 3662 1518 3708 tunc
1543 3655 1892 3717 amandandi,
1913 3655 2017 3724 'qui
2054 3670 2183 3709 con-

610 3743 834 3797 stitutos
855 3742 910 3796 in
937 3743 1363 3798 necessitatibus
1384 3744 1734 3812 despiciunt?
1763 3745 1856 3799 ubi
1905 3745 2182 3814 sapientes

610 3847 675 3886 ac
703 3833 990 3887 oratores?
1030 3833 1123 3886 ubi
1159 3833 1214 3890 in
1248 3835 1520 3904 tympanis
1574 3843 1630 3889 et
1666 3835 1854 3891 choris
1885 3835 2073 3889 vinum
2100 3835 2183 3888 bi-

607 3923 848 3977 bentes?
900 3923 1015 3987 ubi,
1049 3939 1256 3994 quaso,
1289 3932 1440 3988 tunc,
1476 3940 1540 3979 ac
1572 3926 1848 3994 quomodo
1894 3927 2069 3980 aeturi
2099 3927 2184 3980 lu-

609 4021 782 4078 ctum,
808 4014 903 4084 qui
953 4015 1215 4074 continue
1250 4015 1386 4070 risui
1434 4015 1761 4087 indulgent?
1795 4017 1886 4071 ubi
1922 4019 2016 4087 qui
2053 4018 2185 4072 reli-

607 4107 791 4176 giosus
814 4106 1067 4161 homines
1089 4105 1429 4162 subsannani
1444 4107 1572 4162 ?ubi
1590 4109 1684 4176 qui
1709 4109 1855 4163 nulla
1885 4117 2184 4179 tanguntur

607 4212 741 4252 cura
795 4197 1099 4265 dicuntque
1139 4216 1151 4251 :
1189 4198 1425 4251 Edamus
1488 4209 1535 4252 et
1567 4196 1834 4264 bibamus;
1880 4217 1997 4254 cras
2046 4203 2183 4253 enim

608 4289 898 4341 moriemur
921 4289 1006 4340 “i
1033 4287 1138 4344 Ubi
1173 4288 1270 4346 Dei
1300 4288 1516 4342 timoris
1545 4297 1974 4358 contemptores,
2013 4289 2182 4343 nihil-

607 4395 716 4449 que
746 4394 901 4452 suam
932 4394 1034 4449 pro
1061 4379 1158 4450 illo
1194 4378 1452 4434 tribunali
1498 4379 1872 4435 defensionem
1905 4391 2183 4444 curantes,

2277 3278 2373 3332 καὶ
2411 3277 2733 3349 ὀσφρήσεως
2771 3278 2913 3332 οῐνου
2973 3275 3422 3351 ἐπιθυμοῦντας,
3451 3277 3544 3330 καὶ
3589 3276 3664 3347 μὴ
3706 3279 3858 3344 ἐλεή-

2288 3387 2498 3436 σαντες.

2355 3463 2420 3515 Τί
2461 3472 2517 3515 σε
2553 3463 2675 3515 τότε
2698 3457 3074 3533 ὠφελήσουσιν
3109 3465 3163 3516 αί
3214 3463 3307 3516 νῦν
3335 3465 3711 3532 κοσμούμεναι
3739 3463 3852 3516 κλί-

2283 3575 2402 3624 ναι;
2436 3555 2544 3609 Ποῦ
2573 3555 2692 3608 τότε
2714 3556 2762 3608 οί
2785 3556 2913 3617 τοὺς
2947 3557 3195 3623 πτωχοὺς
3219 3555 3580 3618 ,ὀνειδίζοντες
3605 3556 3700 3607 καὶ
3729 3560 3856 3610 ἀπο-

2287 3651 2678 3724 στρεφόμενοι;
2703 3647 2809 3700 Ποῦ
2849 3648 2968 3700 τότε
3029 3647 3278 3718 μέλλουσι
3316 3649 3781 3716 παραπέμπεσθαι
3808 3650 3853 3699 oi

2284 3735 2722 3812 παραδλέποντες
2753 3740 2878 3797 τοὺς
2931 3740 2986 3790 ὲν
3027 3739 3326 3806 ἀνάγκαις;
3378 3738 3486 3792 Ποῦ
3511 3741 3559 3791 σί
3595 3741 3748 3807 σοφοὶ
3770 3739 3854 3790 καὶ

2285 3837 2546 3903 ῥητορεςς
2568 3831 2678 3885 Ποῦ
2701 3832 2749 3883 oi
2786 3831 2923 3899 μετὰ
2955 3832 3254 3900 τυμπάνων
3287 3831 3382 3883 καὶ
3409 3831 3588 3901 χορῶν
3615 3831 3708 3882 τὸν
3721 3819 3852 3883 οἶνον

2285 3925 2568 3987 πίνοντες-Ἰ
2609 3923 2718 3976 Ποῦ
2760 3921 2866 3991 ἄρα
2897 3925 3038 3983 τότε,
3091 3919 3123 3990 ἢ
3177 3921 3291 3984 πῶς
3327 3921 3580 3990 μέλλουσι
3621 3921 3848 3991 Θρηνεῖν,

2282 4021 2331 4073 οί
2361 4019 2624 4089 διηνεκῶς
2658 4016 2951 4085 γελῶντες;
2976 4010 3086 4069 Ποῦ
3121 4017 3168 4067 οί
3196 4018 3322 4078 τοὺς
3355 4015 3605 4077 εὐλαϐεῖς
3655 4033 3851 4085 μυκτη-

2285 4112 2528 4181 ρίζοντες
2570 4107 2718 4176 ςΠοῦ
2755 4109 2803 4160 οί
2837 4105 3271 4177 ἀμεριμνῶντες,
3315 4107 3406 4158 καὶ
3445 4105 3718 4173 λέγοντεςο
3750 4106 3855 4159 Φά-

2283 4217 2477 4270 τωμεν
2522 4203 2619 4252 καὶ
2666 4199 2910 4267 πίωμεν·
2962 4197 3176 4266 αὔριον
3210 4199 3318 4265 γὰρ
3356 4195 3853 4264 ἀποθνήσκομεγς

2285 4294 2395 4349 Ποῦ
2436 4294 2485 4345 οί
2519 4291 2610 4345 τοῦ
2639 4290 2804 4360 φόϐου
2840 4289 2935 4342 τοῦ
2967 4288 3102 4342 Θεοῦ
3125 4287 3614 4360 καταφρονοῦντες,
3646 4291 3853 4357 καὶτῆς

2287 4384 2493 4442 ἑαυτῶν
2531 4382 2829 4450 ἀπολογίας
2854 4379 3111 4452 φροντίδα
3147 4381 3222 4451 μὴ
3254 4379 3586 4448 ποιούμενοι,
3617 4379 3753 4432 ἀλλά
3783 4380 3853 4432 λέ-

605 4461 701 4525 Sed
745 4470 993 4525 dicentes
1027 4487 1039 4523 :
1073 4469 1550 4524 Clementissimus
1589 4470 1733 4524 Deus
1763 4479 1866 4533 est,
1913 4485 1976 4525 ac
2016 4470 2183 4540 gratis

2288 4495 2476 4547 γοντες
2500 4493 2513 4507 ⁶
2537 4475 2923 4546 Φιλάνθρωπός
2969 4476 3117 4528 ἐστιν
3153 4477 3180 4527 ό
3204 4474 3358 4537 Θεὸς,
3381 4472 3476 4525 καὶ
3528 4471 3702 4542 δῶρον
3724 4474 3854 4526 ἐλεεῖ

606 4557 769 4617 nobis
794 4562 1030 4615 salutem
1055 4560 1324 4616 concedet
1348 4555 1370 4605 ?

675 4653 1069 4717 Heu,’fratres.
1094 4653 1369 4722 quomodo
1394 4665 1525 4709 tunc
1557 4653 1941 4724 deplorabunt,
1971 4657 2098 4724 quia
2119 4665 2182 4712 ea

606 4759 730 4815 qua:
760 4745 906 4800 dicta
938 4753 1089 4807 sunt,
1124 4753 1238 4800 tum
1262 4746 1566 4814 loquuntur
1587 4787 1600 4810 ,
1641 4757 1755 4800 tum
1784 4748 1991 4816 agunt?
2033 4747 2180 4814 Quo-

608 4837 771 4892 modo
803 4849 935 4892 tunc
963 4839 1242 4908 plangent,
1281 4853 1383 4893 uec
1420 4840 1528 4893 crit
1557 4839 1650 4908 qui
1685 4855 1877 4893 eorum
1923 4841 2186 4894 miserea-

608 4929 742 4984 tur?
786 4929 1001 4996 Quanta
1049 4927 1270 4984 trabint
1316 4930 1554 4999 suspiria
1582 4970 1596 4992 ,
1654 4946 1756 4985 nec
1822 4932 1968 4984 ullus
1989 4933 2044 4985 in
2089 4947 2185 4986 eos

608 5022 965 5075 miseratione
994 5030 1268 5091 tangetur,
1309 5031 1404 5075 aut
1444 5023 1602 5076 malis
1623 5022 1865 5091 eripiet?
1897 5023 2186 5090 Quomodo

603 5126 663 5166 se
698 5122 827 5166 tunc
868 5113 1219 5183 deplangent,
1254 5114 1505 5168 dicentes
1537 5133 1548 5166 :
1577 5110 1666 5170 Va:
1691 5156 1704 5174 .
1741 5131 1843 5177 vae,
1898 5116 2000 5185 ipsi
2025 5116 2185 5170 nobis

608 5204 928 5259 illusimus?
967 5204 1106 5258 Vere
1137 5203 1237 5274 ipsi
1283 5221 1386 5259 nos
1407 5205 1748 5275 decepimus.
1776 5203 1944 5262 Plane
1972 5207 2185 5263 erravi~

611 5310 732 5348 mus
785 5310 977 5349 errore
1046 5296 1369 5365 gravissimo
1422 5313 1487 5351 ac
1533 5281 1758 5352 aeterno.
1817 5299 2181 5364 Docebamur,

607 5404 711 5442 nec
775 5387 1020 5441 animum
1075 5388 1516 5443 attendebamus.
1572 5389 2061 5455 Admonebamur,
2119 5406 2182 5445 ac

605 5481 1025 5549 spcrnebamus.
1055 5481 1518 5536 Contcstabantur
1553 5483 1732 5546 nobis,
1767 5499 1868 5537 nec
1892 5483 2051 5537 fidem
2081 5484 2179 5538 ha-

604 5573 889 5625 bebamus.
933 5572 1244 5641 Scripturas
1288 5573 1579 5628 audientes
1605 5616 1618 5638 ,
1680 5575 1820 5629 male
1863 5577 2181 5644 exponeba-

607 5677 748 5716 mus.
781 5663 998 5716 Justum
1025 5663 1121 5717 Dci
1145 5663 1436 5731 judicium.
1473 5666 1641 5736 Digne
1677 5682 1866 5721 revera
1901 5669 2182 5748 punimur;

680 5765 723 5808 “
756 5775 925 5832 fCor.
962 5793 1048 5843 xv,
1079 5777 1166 5831 52.

2289 4571 2470 4641 heir;
2625 4585 2661 4644 ,’
2782 4619 2785 4622 -

2361 4659 2543 4730 Οίμοι,
2578 4647 2818 4726 ἀδελφοὶ,
2859 4657 2974 4720 πῶς
3003 4658 3126 4711 τότε
3156 4658 3441 4728 μέλλουσιν
3473 4658 3848 4728 ἀποδύρεσθαι,

2290 4753 2336 4809 οἱ
2364 4752 2431 4802 τά
2461 4747 2832 4820 προειρημένα
2863 4746 3130 4811 εἰπόντες,
3182 4750 3276 4801 καὶ
3336 4750 3664 4818 ποιήσαντες
3693 4765 3708 4812 ;
3738 4747 3849 4808 Πῶς

2290 4844 2410 4895 τότε
2439 4843 2713 4911 κόψονται,
2747 4840 2840 4892 καὶ
2870 4840 2970 4891 οὐκ
2997 4838 3148 4892 ἔσται
3175 4841 3203 4892 ό
3232 4839 3397 4894 ἐλεῶν
3426 4839 3656 4903 αὐτούς;
3716 4840 3848 4892 Πόσα

2296 4931 2658 4997 στενάξουσιν,
2695 4933 2787 4984 καὶ
2810 4931 2909 4983 οὒκ
2937 4929 3087 4983 ἐστιν
3119 4933 3150 4984 ό
3168 4928 3452 4995 οἰκτείρων
3470 4931 3692 4995 αὐτοὺς,
3738 4930 3844 4983 οὐδὲ

2292 5028 2319 5078 ό
2347 5025 2707 5095 λυτρούμενος
2731 5040 2746 5089 ;
2779 5022 2904 5085 Πῶς
2922 5023 3040 5074 τότε
3071 5021 3296 5083 ἑαυτοὺς
3317 5023 3753 5082 κατακόπτοντες
3773 5021 3844 5073 εἰ·

2293 5131 2488 5168 πωσιν·
2526 5116 2686 5178 Ούαὶ,
2727 5115 2870 5178 οὐαὶ,
2908 5116 3131 5176 ἑαυτοὺς
3183 5113 3580 5182 ὲχλευάσαμειϋ
3622 5111 3846 5180 ’Δληθῶς

2296 5207 2520 5270 ἑαυτοὺς
2542 5207 2930 5277 ’,ἡπατήσαμεψ
2965 5205 3170 5265 Ὄντως
3203 5202 3587 5273 ὲπλανήθημεν
3652 5200 3845 5268 πλάνην

2292 5299 2550 5370 χαλεπὴν,
2584 5300 2677 5350 καὶ
2705 5297 2941 5366 αἰώνιον,
2981 5294 3420 5364 Έδιδασκόμεθα,
3448 5293 3541 5347 καὶ
3578 5293 3640 5344 ού
3691 5305 3844 5360 προσ-

2290 5392 2526 5461 είχομεν.
2587 5377 3060 5457 Ἐνουθετούμεθα,
3123 5388 3216 5438 καὶ
3266 5385 3724 5456 κατεφρονοῦμεν.
3770 5385 3842 5432 Δι-

2291 5482 2668 5551 εμαρτύροντο
2697 5482 2848 5550 ἡμῖν,
2907 5480 2998 5532 καὶ
3027 5482 3124 5533 οὐκ
3153 5479 3530 5548 ἐπιστεύομεν.
3563 5475 3684 5530 Τῶν
3721 5473 3758 5526 Γ
3764 5491 3844 5543 pa.

2294 5575 2407 5642 φῶν
2464 5572 2784 5636 ἀκούοντες,
2836 5572 3034 5634 ταύτας
3066 5569 3545 5640 παρεξηγούμεθσ.
3580 5568 3766 5621 Δικαία
3811 5569 3838 5633 ἠ

2710 5661 2865 5718 Θεοῦι
2969 5668 3170 5730 Ὄντως
3240 5662 3407 5727 ἀξίως
3496 5656 3843 5731 κολαζόμεῦα,

2294 5665 2468 5735 κρίσις
2552 5664 2641 5718 τοῦ
2710 5662 2865 5718 Θεοῦι
2969 5668 3170 5730 Ὄντως
3240 5662 3407 5727 ἀξίως
