4076 6330
612 337 756 427 32δὸ

1860 368 2168 429 INCERTI
2203 368 2580 429 AUCTORIS

3731 366 3880 432 3256

677 469 834 528 Tunc
861 463 1308 538 biaspbemorum
1340 468 1449 540 igni
1485 471 1756 528 torrenda:
1785 473 1985 544 linguas
2011 493 2023 527 :
2055 486 2181 529 tunc

2357 476 2490 527 Τότε
2522 474 2628 529 τῶν
2685 473 3022 545 βλασφήμων
3073 474 3128 526 ai
3180 474 3424 542 γλῶσσαι
3477 464 3870 553 φλογίξονται·

605 563 1001 618 fornicatorum
1042 568 1325 617 exurenda
1377 580 1642 634 corpora;
1695 575 1824 620 tunc
1863 566 2180 621 convician—

609 656 749 711 tium
795 653 1138 709 conterenda
1188 671 1306 719 ora,
1356 673 1458 711 nec
1510 658 1619 711 erit
1681 657 1778 726 qui
1827 658 2178 713 misereatur.

607 743 765 798 Tunc
810 743 1276 798 immisericordrs
1329 735 1839 810 immisericorditer
1891 747 2177 816 puniendi.

603 833 762 888 Tunc
803 823 1085 903 superiin
1132 832 1283 889 cuitu
1319 821 1672 905 gloriantium
1724 838 1909 892 vultus
1953 838 2181 906 fuligine

605 922 913 978 indciendi.
947 924 1104 980 Tunc
1134 925 1409 994 impudice
1441 927 1802 983 annuentium
1843 930 1988 984 oculi
2021 930 2180 986 obte-

601 1014 893 1070 nebrandi.
925 1015 1057 1080 Quis
1094 1016 1461 1072 misereatur?
1484 1019 1619 1086 Quis
1647 1020 1876 1076 salutem
1921 1024 2182 1090 praestet?

603 1104 710 1161 Ubi
753 1116 881 1162 tunc
902 1108 1202 1175 parentes?
1234 1108 1330 1164 ubi
1360 1109 1600 1165 fratres?
1617 1111 1709 1166 ubi
1731 1112 1922 1182 pater?
1944 1111 2036 1166 ubi
2069 1130 2182 1168 ma-

605 1198 724 1251 ter?
738 1197 829 1252 ubi
846 1197 1058 1253 amicus
1073 1199 1095 1251 ?
1113 1198 1206 1253 ubi
1225 1209 1413 1269 regum
1432 1201 1833 1272 magniﬁcentia
1849 1204 1872 1256 ?
1891 1199 2030 1270 Quid
2049 1221 2180 1261 vero

605 1277 730 1342 dico
761 1288 916 1358 pater
938 1302 1002 1343 ac
1035 1299 1212 1344 mater
1233 1287 1254 1343 ?
1273 1277 1587 1362 Necangeii
1617 1293 1741 1364 ipsi,
1767 1300 1870 1350 nec
1892 1305 2177 1367 martyres,

603 1393 708 1434 nec
728 1378 984 1448 apostoli,
1019 1389 1153 1435 tunc
1170 1381 1521 1440 obsecrantes
1549 1375 1933 1440 esaudicntur.

673 1465 870 1535 nemo,
927 1470 1156 1536 fratres,
1211 1473 1453 1542 seipsum
1509 1485 1693 1530 mente
1757 1476 2016 1546 decipiat.
2077 1477 2179 1534 Ubi

603 1560 754 1616 enim
791 1561 937 1616 Deus
971 1562 1237 1620 adversus
1275 1563 1554 1620 huminem
1589 1567 1879 1630 clauserit,
1910 1570 2035 1636 quis
2068 1573 2179 1638 jam

605 1650 860 1720 aperiat?
895 1641 1001 1709 Ubi
1043 1646 1175 1709 tunc
1219 1655 1556 1725 optimates?
1593 1655 1820 1728 Confusi
1872 1635 2018 1713 sunt.
2071 1635 2178 1714 Ubi

601 1741 863 1815 iudices?
908 1741 1129 1802 Iudicio
1171 1746 1413 1808 damnati
1466 1758 1616 1803 sunt.
1683 1748 1788 1805 Ubi
1855 1758 1986 1804 tunc
2034 1755 2178 1807 servi

2282 565 2403 616 τότε
2427 565 2494 616 τά
2521 564 2631 618 τῶν
2665 567 2874 633 πόρνων
2918 562 3145 632 σώματα
3177 565 3739 618 κατακαίονται.Τότε
3765 566 3874 618 τῶν

2282 649 2538 726 λοιδόρων
2558 655 2628 708 τὰ
2657 653 2899 724 στόματα
2955 655 3350 724 συντρίϐονται,
3409 656 3505 706 καὶ
3520 655 3622 707 οὐκ
3652 655 3812 710 ἔσται
3846 659 3876 708 ό

2281 745 2608 801 ὲλεῶνέτότε
2636 741 2682 798 oi
2709 737 3042 814 ἄσπλαγχνοι
3075 741 3318 815 ἀνηλεῶς
3347 746 3698 808 κολάζονται.
3732 747 3873 799 Τότε

2282 835 2772 904 καλλωπιζομένων
2801 835 2868 888 τὰ
2899 831 3168 905 πρόσωπα
3199 831 3574 888 ἀσσολοῦνται.
3597 835 3738 888 Τότε
3761 837 3874 889 τῶν

2281 928 2636 980 διανευόντων
2667 928 2714 979 oi
2757 925 3029 996 ὀφθαλμοὶ
3073 927 3430 990 σκοτίζονται.
3466 927 3564 990 Τίς
3594 929 3624 979 ό
3653 929 3829 979 ἐλεῶν
3855 945 3869 990 ;

2283 1019 2365 1082 τίς
2387 1022 2414 1072 ὁ
2440 1017 2629 1081 σώζων
2649 1035 2664 1084 ;
2688 1017 2795 1070 Ποῦ
2829 1017 2948 1070 τότε
2976 1019 3189 1085 γονετςς
3222 1016 3325 1068 ποῦ
3347 1017 3608 1086 ἀδελφοί;
3636 1019 3743 1070 ποῦ
3773 1035 3873 1070 πα-

2281 1111 2420 1180 τηρς
2459 1103 2562 1162 ποῦ
2621 1113 2804 1180 μήτηρ
2829 1121 2844 1171 ;
2871 1107 2973 1160 ποῦ
3031 1108 3182 1172 φίλος
3211 1122 3226 1172 ;
3255 1107 3355 1160 ποῦ
3386 1110 3416 1176 η
3453 1110 3565 1160 τῶν
3596 1109 3874 1176 βασιλέων

2285 1200 2582 1268 φαντασίας
2607 1199 2786 1268 ᾕαὶτί
2811 1199 2953 1267 λέγω
2979 1199 3162 1269 πατὴρ
3183 1199 3274 1250 καὶ
3305 1199 3524 1269 μήτηρ;
3549 1201 3685 1252 Οὐδὲ
3710 1201 3874 1253 αὐτοὶ

2280 1293 2329 1344 oi
2362 1291 2603 1358 ἀγγελσι,
2635 1289 2756 1342 οὺδὶ
2788 1291 2837 1344 oi
2891 1291 3192 1361 μάρτυρες,
3226 1290 3350 1343 οὐδὲ
3403 1291 3717 1358 ἀπόστολοι,
3743 1292 3870 1343 τότε

2282 1380 2725 1451 παρακαλοῦντες
2758 1382 3150 1434 εἰσακούονται.

2347 1474 2571 1544 Μηδεὶς,
2603 1474 2841 1540 ἀδελφοὶ,
2870 1474 3057 1525 ἑαυτὸν
3083 1475 3501 1543 φρεναπατάτω.
3537 1476 3716 1527 Ὅπου
3757 1473 3870 1540 γὰρ

2280 1565 2412 1627 Θεὸς
2441 1565 2630 1654 κλείσῃ
2690 1565 2830 1616 κατά
2871 1563 3184 1654 ἀνθρώπου,
3238 1563 3435 1654 λοιπδνι
3485 1566 3568 1628 τίς
3622 1566 3866 1654 ἀνοίξειξ

2282 1655 2390 1707 Ποῦ
2430 1638 2552 1706 τότε
2600 1653 2885 1724 ἄρχοντεςς
2924 1638 3320 1725 ᾘσχύνθησαν.
3417 1647 3528 1708 Ποῦ
3575 1638 3865 1718 δικασταίξ

2283 1745 2913 1816 Κατεδικάσθησαν.,Ποῦ
2938 1745 3058 1798 τότε
3087 1747 3136 1798 οἱ
3163 1792 3168 1803 ,
3190 1745 3365 1799 δοῦλοι
3390 1747 3442 1800 oi
3471 1741 3869 1817 μαστιζόμενυι

604 1831 745 1892 dure
768 1830 1131 1906 vapulantes?
1153 1837 1257 1894 Ubi
1288 1831 1500 1894 aneillze
1529 1840 1623 1895 hic
1650 1854 1681 1894 a
1705 1840 1868 1896 nobis
1891 1836 2179 1898 laboribus

2285 1831 2546 1911 ἀφειδῶς,
2576 1833 2685 1890 Ποῦ
2707 1839 2763 1889 αἱ
2790 1836 3045 1900 δουλίδες,
3067 1839 3126 1890 αξ
3163 1836 3637 1906 καταπονούμεναι
3669 1828 3771 1889 ὧδε
3807 1835 3866 1900 ἐξ

604 1928 926 1996 oppressa?
953 1927 1110 2005 Tunc
1141 1922 1178 1983 ii
1209 1929 1264 1984 in
1295 1930 1456 1986 bonis
1507 1940 1708 1997 erunt;
1754 1931 1951 1986 horum
2000 1941 2182 1987 autem

497 2057 515 2063 -
607 2015 816 2070 domini
841 2016 894 2069 in
928 2015 1341 2072 cruciamentis.
1375 2019 1477 2074 Ubi
1503 2019 1817 2090 superﬂuus
1853 2019 2034 2073 cultus
2054 2034 2183 2073 cor-

604 2105 803 2178 poris?
835 2108 936 2164 Ubi
963 2116 1149 2164 vestes
1179 2110 1474 2178 exquisitis
1509 2110 1789 2166 coloribus
1819 2113 2047 2166 tinctas?
2079 2111 2182 2172 Ubi

605 2200 725 2254 auri
741 2201 1032 2269 probatio?
1056 2199 1156 2256 Ubi
1175 2203 1386 2271 argenti
1405 2204 1610 2258 sonus?
1629 2203 1729 2259 Ubi
1758 2205 2022 2258 unionum
2046 2205 2186 2259 testi-

607 2293 818 2347 r'natio?
841 2293 935 2347 ubi
960 2303 1192 2348 ornatus
1211 2295 1519 2348 manuum?
1554 2294 1656 2350 Ubi
1678 2295 1888 2350 deliciae
1909 2296 1932 2348 ?
1956 2295 2061 2350 Ubi
2093 2296 2182 2350 di-

608 2397 768 2437 versa
791 2376 1085 2437 vinaiUbi
1117 2375 1293 2453 equi?
1327 2373 1434 2438 Ubi
1455 2383 1614 2438 frena
1658 2384 1865 2440 aurea?
1897 2385 2002 2440 Ubi
2040 2400 2070 2440 a
2105 2387 2182 2442 ia-

610 2482 726 2534 tere
757 2474 1092 2529 currentes?
1136 2469 1240 2531 Ubi
1292 2476 1510 2529 turbam
1561 2472 1951 2532 submoventes
1996 2477 2186 2531 seni?

607 2564 712 2620 Ubi
746 2565 999 2634 superba
1037 2565 1222 2620 ardes?
1262 2566 1362 2621 Ubi
1423 2566 1476 2620 in
1526 2565 1860 2621 formidabili
1901 2567 1991 2621 illa
2048 2563 2185 2622 hora

608 2657 702 2725 qui
766 2651 1158 2709 resurrectioni
1211 2670 1275 2710 ac
1331 2655 1603 2724 supplicio
1659 2655 1958 2717 detrahunt
1988 2657 2181 2719 ﬁdem.

605 2745 868 2815 veiutque
921 2745 1263 2802 immortales
1307 2746 1387 2800 sic
1417 2761 1476 2800 se
1513 2746 1761 2801 habent?
1806 2748 1907 2804 Ubi
1941 2747 2034 2817 qui
2065 2748 2185 2803 the-

606 2833 802 2893 sauros
835 2842 1121 2905 aggerum,
1156 2850 1259 2889 nec
1275 2835 1507 2904 fratrum
1547 2835 1900 2902 miseratione
1949 2840 2182 2906 tangun-

608 2924 742 2978 tur?
773 2921 878 2979 Ubi
911 2932 1093 2978 vestes
1123 2921 1361 2978 sericae?
1397 2909 1502 2980 Ubi
1532 2921 1771 2993 byssus?
1810 2921 1912 2980 Ubi
1943 2924 2183 2993 pretiosa

610 3015 1020 3072 caiceamenta?
1046 3013 1149 3070 Ubi
1181 3015 1504 3084 unguenta?
1536 3015 1638 3070 Ubi
1682 3031 1836 3070 vana:
1863 3016 2185 3084 infumatio;

608 3121 710 3162 nes
730 3145 745 3173 ,
781 3095 1015 3176 quarum
1043 3115 1263 3175 sumptu
1293 3106 1593 3174 juvenibus
1614 3104 1780 3160 decor
1809 3107 2136 3160 conciliatur
2162 3105 2184 3157 ?

2287 1928 2444 1998 ημῶν
2471 1945 2484 1990 ;
2517 1921 2651 1980 Τότε
2685 1928 2839 1981 αὐτοὶ
2860 1929 2916 1979 ὲν
2943 1924 3183 1993 ἀγαθοῖς,
3216 1927 3265 1978 oi
3285 1925 3339 1978 δὲ
3371 1926 3576 1979 τούτων
3602 1924 3867 1978 δεσπόται

2284 2021 2342 2072 ὲν
2373 2017 2640 2089 θλιδεροίς
2661 2060 2674 2073 .
2709 2016 2819 2071 Ποῦ
2841 2015 2869 2068 ό
2898 2015 3283 2085 καλλωπισμὸς
3309 2015 3402 2069 τοῦ
3436 2016 3722 2085 σώματος;
3753 2014 3867 2069 Ποῦ

2285 2112 2338 2164 αἱ
2359 2111 2519 2179 χροαὶ
2548 2109 2654 2160 τῶν
2680 2108 2940 2176 ίματίων;
2969 2107 3075 2160 Ποῦ
3105 2108 3136 2174 ἡ
3166 2107 3258 2160 τοῦ
3284 2108 3504 2178 χρυσίου
3529 2107 3867 2176 δοκιμασίας

2286 2201 2395 2254 Ποῦ
2430 2204 2456 2253 ὁ
2488 2200 2692 2262 κτύπος
2714 2198 2807 2250 τοῦ
2841 2196 3234 2268 άργύρουξΠοῦ
3258 2199 3314 2250 αι
3364 2197 3473 2250 τῶν
3506 2190 3868 2268 μαργαριτῶν

2283 2291 2441 2357 τιμαί
2465 2308 2480 2355 ;
2508 2290 2618 2343 Ποῦ
2652 2292 2685 2360 ή
2715 2289 2982 2358 κόσμησις
3006 2288 3115 2340 τῶν
3143 2288 3341 2359 χειρῶν
3368 2309 3384 2356 ς
3411 2285 3523 2340 Ποῦ
3555 2289 3588 2358 ὴ
3639 2288 3822 2357 τρυφή
3848 2300 3865 2352 ς

2286 2380 2396 2435 Ποῦ
2419 2383 2446 2433 ὁ
2471 2377 2613 2442 οἵνος
2640 2383 2669 2432 ὁ
2700 2379 2988 2448 διὰφορος;
3023 2377 3130 2433 Ποῦ
3159 2380 3208 2430 oi
3231 2378 3422 2456 ἵπποις
3456 2377 3564 2430 Ποῦ
3587 2377 3639 2429 οι
3677 2375 3870 2447 χρυσοῖ

2285 2471 2524 2542 χαλινοί;
2550 2469 2659 2524 Ποῦ
2677 2469 2726 2521 oi
2755 2467 3191 2540 παρατρέχοντες
3213 2486 3227 2534 ;
3247 2468 3358 2520 Ποῦ
3379 2471 3428 2539 ot
3454 2469 3867 2540 παρασύρων-τες

2283 2563 2460 2616 δοῦλοι
2487 2579 2503 2627 ;
2534 2561 2642 2616 Ποῦ
2673 2561 2731 2613 αί
2768 2562 2936 2614 οἰκίαι
2968 2560 3480 2628 κεκαλλωπισμέναι
3512 2577 3528 2624 ;
3565 2559 3676 2612 Ποῦ
3712 2561 3769 2610 ὲν
3797 2559 3865 2627 τῇ

2287 2655 2493 2724 φοϐερᾷ
2525 2652 2645 2723 ὥρᾳ
2672 2652 2856 2722 ἐκείνῃ
2901 2652 2950 2726 oi
2979 2653 3044 2721 τῇ
3071 2652 3364 2704 ἀναστάσει
3426 2653 3517 2703 καὶ
3549 2653 3613 2720 τῇ
3643 2651 3865 2703 κολάσει

2291 2748 2364 2817 μὴ
2413 2744 2783 2809 πιστεύοντες,
2831 2746 2925 2797 καὶ
2964 2744 3043 2815 ὡς,
3071 2743 3326 2795 ἀθάνατοι
3351 2741 3691 2810 διακείμενοι
3715 2760 3730 2805 ;
3754 2740 3865 2794 Ποῦ

2285 2836 2333 2891 oi
2363 2835 2804 2905 θησαυρίζοντες,
2837 2835 2930 2886 καὶ
2967 2833 3092 2895 τοὺς
3138 2833 3401 2903 ἀδελφοὺς
3435 2833 3510 2903 μὴ
3541 2826 3860 2897 ἐλεοῦντες

2286 2927 2395 2981 Ποῦ
2428 2927 2498 2980 τὰ
2530 2925 2733 2996 σηρίκά
2763 2929 2777 2991 ξ
2817 2923 2925 2977 Ποῦ
2956 2924 3026 2978 τὰ
3053 2925 3316 2994 pasam;
3350 2924 3460 2976 Ποῦ
3492 2925 3561 2976 τὰ
3588 2923 3865 2992 πολύτιμα

2288 3020 2649 3088 ύποδήματα;
2680 3017 2792 3069 Ποῦ
2823 3018 2890 3069 τά
2928 3016 3108 3086 μύρα;
3141 3016 3250 3068 Ποῦ
3277 3017 3345 3068 τὰ
3387 3015 3744 3084 καπνίσμάιτα
3799 3016 3864 3066 τά

2291 3111 2516 3175 μάταια,
2549 3111 2615 3162 τὰ
2640 3109 2720 3170 είς
2746 3107 2805 3160 τὸ
2817 3107 3010 3169 κάλλος
3026 3106 3125 3175 τῆς
3151 3106 3401 3176 νεότητος
3417 3107 3821 3176 ἀναλισκόμενα
3848 3116 3862 3162 i

609 3194 665 3252 id
692 3213 824 3252 vero
846 3211 970 3250 cum
998 3196 1267 3266 quosdam
1295 3196 1576 3251 videamus
1605 3194 1783 3250 frusto
1812 3196 1969 3264 panis
1996 3210 2179 3264 egere,

2285 3201 2381 3251 καὶ
2396 3200 2569 3254 ταῦτα
2593 3198 2831 3268 ὁρῶντές
2853 3216 3002 3262 τινας
3024 3199 3335 3266 κλάσματος
3362 3200 3525 3268 ἄρτου
3552 3199 3860 3268 δεομένους,

609 3290 835 3359 vinique
877 3289 1058 3359 ipsum
1091 3288 1319 3344 odorem
1347 3287 1691 3349 desiderare.
1732 3302 1835 3366 nec
1873 3287 1981 3342 illis
2013 3288 2182 3344 mise-

609 3395 849 3438 reamur.

676 3483 820 3554 Quid
851 3495 985 3540 tunc
1003 3468 1279 3556 juvabunt
1330 3485 1626 3542 ambitioso
1661 3500 1811 3541 nunc
1833 3487 2031 3540 ornatu
2052 3471 2179 3540 lceti

608 3576 920 3648 Splendidi?
947 3571 1051 3632 Ubi
1091 3569 1224 3631 tunc
1253 3577 1346 3646 qui
1392 3577 1731 3646 pauperibus
1782 3575 2178 3647 improperant,

606 3683 811 3736 eosque
835 3664 1203 3722 aversantur?
1229 3666 1348 3733 Quo
1386 3676 1517 3722 tunc
1541 3669 1892 3730 amandandi,
1911 3669 2016 3737 qui
2053 3683 2182 3723 con-

608 3757 831 3811 stitutos
853 3756 908 3810 in
934 3757 1361 3811 necessitatibus
1381 3757 1732 3826 despiciunt?
1762 3758 1855 3812 ubi
1905 3759 2182 3826 sapientes

607 3861 672 3899 ac
701 3847 988 3901 oratores?
1027 3847 1121 3900 ubi
1156 3846 1212 3904 in
1247 3848 1518 3918 tympanis
1573 3856 1628 3902 et
1664 3849 1853 3904 choris
1884 3849 2072 3903 vinum
2098 3849 2182 3902 bi-

606 3937 846 3991 bentes?
898 3937 1012 4000 ubi,
1046 3952 1254 4007 quasso,
1287 3946 1438 4001 tunc,
1474 3954 1539 3993 ac
1570 3939 1848 4008 quomodo
1892 3939 2068 3992 acturi
2099 3940 2183 3993 lu-

607 4035 779 4091 ctum,
806 4028 901 4097 qui
950 4029 1212 4088 continue
1248 4028 1384 4083 risui
1431 4029 1759 4100 indulgent?
1794 4031 1885 4084 ubi
1921 4032 2015 4100 qui
2052 4031 2183 4086 reli-

605 4120 789 4190 giosos
811 4120 1065 4175 homines
1087 4119 1427 4175 subsannanl
1443 4120 1570 4175 ?ubi
1588 4122 1682 4188 qui
1707 4122 1853 4176 nulla
1884 4131 2184 4192 tanguntur

605 4226 738 4266 cura
792 4211 1097 4280 dicuntque
1137 4230 1149 4264 :
1187 4211 1423 4265 Edamus
1485 4222 1533 4265 et
1565 4210 1833 4277 bibamus;
1879 4229 1996 4267 cras
2045 4216 2183 4266 enim

606 4303 896 4354 moriemur
919 4303 1004 4354 “?
1031 4301 1136 4358 Ubi
1171 4301 1267 4359 Dei
1298 4302 1515 4356 timoris
1543 4310 1973 4372 contemptores,
2012 4301 2181 4356 nihil-

605 4409 714 4463 que
745 4408 898 4448 suam
930 4409 1032 4463 pro
1059 4393 1155 4446 illo
1192 4393 1450 4448 tribunali
1496 4393 1871 4448 defensionem
1904 4405 2182 4458 curantes,

2276 3293 2372 3345 καὶ
2410 3291 2731 3363 ὀσφρήσεως
2769 3293 2912 3346 οτνου
2971 3289 3395 3361 ἐπιθυμοῦντας,
3449 3291 3543 3343 καὶ
3587 3290 3663 3361 μὴ
3706 3292 3860 3358 ἐλεή-

2287 3401 2496 3450 σαντες.

2355 3477 2418 3529 Τί
2459 3493 2516 3529 σε
2553 3477 2674 3529 τότε
2696 3473 3073 3546 ὠφελήσουσιν
3108 3479 3162 3529 αί
3213 3476 3306 3529 νῦν
3333 3478 3710 3546 κοσμούμεναι
3738 3476 3856 3530 κλίο

2283 3589 2401 3638 ναις
2434 3569 2543 3623 Ποῦ
2572 3569 2690 3622 τότε
2713 3570 2760 3622 οί
2784 3570 2911 3631 τοὺς
2946 3571 3193 3638 πτωχοὺς
3219 3569 3577 3632 ,ὀνειδίζοντες
3604 3570 3698 3621 καὶ
3729 3574 3861 3623 ἀπο-

2285 3664 2676 3734 στρεφόμενοι;
2701 3661 2808 3714 Ποῦ
2848 3663 2966 3714 τότε
3028 3661 3276 3732 μέλλουσι
3314 3663 3780 3730 παραπέμπεσθαι
3809 3663 3858 3713 ei.

2283 3749 2721 3826 παραϐλέποντες
2752 3753 2877 3811 τοὺς
2929 3754 2984 3804 ὲν
3026 3752 3324 3819 ἀνάγκαις;
3377 3751 3484 3805 Ποῦ
3510 3755 3558 3804 οἱ
3594 3754 3746 3820 σοφοὶ
3768 3754 3860 3804 καὶ

2285 3850 2545 3916 ῥητορες;
2567 3845 2676 3899 Ποῦ
2699 3846 2747 3897 oi
2785 3846 2920 3913 μετά
2953 3845 3251 3914 τυμπάνων
3284 3845 3380 3896 καὶ
3408 3845 3588 3914 χορῶν
3615 3835 3705 3896 τδν
3719 3833 3859 3896 οἶνον

2284 3938 2566 4000 πίνοντες-;
2608 3936 2718 3989 Ποῦ
2758 3935 2864 4005 ἆρα
2895 3938 3037 3997 τότε,
3089 3933 3122 4004 ἢ
3175 3935 3289 3997 πῶς
3325 3935 3579 4004 μέλλουσι
3620 3935 3854 4005 θρηνεῖν,

2281 4035 2330 4086 oi
2360 4033 2622 4102 διηνεκῶς
2657 4029 2950 4098 γελῶντες
2974 4024 3085 4083 Ποῦ
3119 4030 3166 4081 oi
3195 4031 3320 4092 τοὺς
3353 4029 3604 4092 εὐλαϐεῖς
3653 4047 3858 4098 μυκτη-

2285 4125 2526 4195 ρίζοντες
2568 4121 2717 4189 ςΠοῦ
2753 4123 2802 4173 oi
2836 4119 3268 4190 ἀμεριμνῶντες,
3313 4121 3406 4172 καὶ
3445 4119 3716 4187 λέγοντες’
3748 4121 3860 4173 Φά-

2283 4231 2476 4283 τωμεν
2521 4217 2617 4266 καὶ
2665 4212 2908 4280 πίωμεν·
2961 4210 3174 4279 αὔριον
3208 4211 3316 4280 γὰρ
3355 4210 3856 4277 ἀποθνήσκομεν;

2285 4307 2394 4362 Ποῦ
2435 4307 2484 4358 ni
2517 4304 2609 4358 τοῦ
2638 4303 2804 4373 φόϐου
2839 4303 2934 4356 τοῦ
2965 4301 3101 4356 Θεοῦ
3125 4301 3613 4373 καταφρονοῦντες,
3644 4304 3855 4370 καὶτῆς

2287 4397 2492 4455 ἑαυτῶν
2529 4395 2828 4463 ἀπολογίας
2853 4393 3110 4465 φροντίδα
3147 4395 3220 4464 μὴ
3252 4394 3585 4462 ποιούμενοι,
3617 4394 3751 4446 ἀλλὰ
3781 4393 3856 4446 λέο

603 4484 698 4539 sed
742 4484 991 4538 dicentes
1024 4501 1037 4537 :
1070 4483 1548 4538 Ciementissimus
1587 4484 1732 4538 Deus
1761 4493 1864 4547 est,
1912 4499 1976 4538 ac
2015 4483 2181 4554 gratis

2287 4508 2476 4560 γοντες
2499 4506 2512 4520 ·
2536 4487 2922 4560 Φιλάνθρωπός
2968 4489 3116 4541 ἐστιν
3151 4490 3178 4540 ό
3203 4487 3357 4552 Θεὸς,
3380 4485 3474 4538 καὶ
3528 4485 3701 4556 δῶρον
3723 4489 3858 4540 ἐλεεῖ

604 4570 767 4630 nobis
791 4576 1028 4629 salutem
1053 4573 1322 4630 concedet
1345 4569 1368 4619 'i

673 4666 1067 4731 Heu,'fratres,
1091 4667 1366 4736 quomodo
1391 4680 1522 4722 tunc
1555 4667 1939 4738 depiorabunt,
1969 4671 2097 4739 quia
2117 4679 2182 4725 ea

604 4773 728 4829 quae
758 4759 904 4812 dicta
936 4768 1087 4820 sunt,
1121 4766 1236 4813 tum
1261 4759 1599 4828 loquuntur,
1640 4770 1754 4814 tum
1783 4763 1990 4830 agunt?
2031 4762 2179 4828 Quo-

605 4851 768 4905 modo
801 4862 932 4906 tunc
961 4852 1240 4922 plangent,
1280 4867 1382 4907 nec
1419 4853 1526 4906 crit
1555 4854 1649 4922 qui
1683 4868 1876 4907 eorum
1922 4855 2185 4909 miserea-

606 4943 740 4997 tur?
784 4942 998 5008 Quanta
1047 4939 1268 4997 trahent
1315 4944 1551 5012 suSpiria
1581 4985 1594 5006 ,
1653 4960 1755 4999 nec
1821 4946 2041 4998 ullusin
2088 4961 2184 5000 eos

605 5035 962 5089 miseratione
991 5045 1266 5104 tangetur,
1307 5045 1402 5089 aut
1443 5037 1600 5090 malis
1622 5035 1864 5105 eripiet?
1896 5036 2184 5103 Quomodo

601 5140 661 5180 se
695 5135 825 5180 tunc
865 5126 1218 5197 deplangent,
1253 5127 1503 5182 dicentes
1535 5147 1546 5180 ε
1575 5125 1665 5183 Vae
1689 5170 1702 5188 .
1739 5146 1841 5191 γε,
1897 5129 1998 5198 ipsi
2025 5129 2184 5184 nobis

606 5218 926 5273 iliusimus?
965 5218 1103 5272 Vere
1135 5217 1235 5288 ipsi
1282 5234 1384 5273 uos
1405 5219 1748 5289 decepimus.
1774 5217 1942 5275 Plane
1971 5221 2184 5276 erravi~

609 5324 728 5362 unus
783 5323 974 5362 errore
1044 5309 1368 5378 gravissimo
1421 5327 1485 5365 ac
1531 5320 1756 5366 mterno.
1815 5311 2180 5378 Docebamur,

605 5418 708 5456 nec
773 5401 1018 5454 animum
1073 5401 1514 5458 attendebamus.
1570 5403 2060 5468 Admoncbamur,
2118 5420 2180 5458 ac

602 5495 1022 5563 spcrnebamus.
1053 5494 1516 5550 Contcswbantur
1551 5498 1730 5561 nobis,
1765 5513 1866 5551 nec
1890 5497 2050 5550 fidem
2079 5497 2178 5551 ha-

602 5588 887 5639 bebamus.
931 5585 1243 5655 Scripturas
1286 5587 1577 5642 audientes
1603 5630 1617 5652 ,
1678 5589 1817 5643 male
1862 5590 2180 5658 exponeba-

604 5689 746 5730 mus.
778 5676 996 5730 iustum
1024 5677 1119 5731 Dei
1143 5677 1434 5745 judicium.
1472 5681 1639 5750 Digne
1677 5696 1864 5735 revera
1899 5681 2181 5762 punimur;

677 5779 720 5822 “
753 5790 923 5846 iCor.
959 5807 1046 5857 xv,
1077 5791 1164 5845 5‘2.

2288 4585 2468 4654 ἡμᾶςς
2624 4650 2630 4656 .

2359 4673 2542 4743 Οἶμοι,
2577 4667 2816 4740 ἀδελφοὶ,
2858 4669 2974 4733 πῶς
3001 4671 3124 4724 τότε
3155 4672 3440 4742 μέλλουσιν
3472 4671 3850 4741 ἀποδύρεσθαι,

2289 4767 2335 4823 οἱ
2362 4765 2429 4816 τὰ
2459 4760 2831 4832 προειρημόνα
2861 4759 3128 4824 είπόντες,
3180 4763 3275 4814 καὶ
3335 4765 3664 4832 ποιήσαντες
3691 4778 3707 4825 ;
3738 4761 3853 4822 Πῶς

2289 4857 2408 4909 τότε
2437 4856 2711 4924 κόψονται,
2745 4854 2838 4906 καὶ
2869 4853 2968 4904 οὐκ
2996 4852 3147 4906 ἔσται
3174 4855 3201 4906 ό
3231 4853 3396 4906 ἐλεῶν
3425 4853 3655 4916 αὑτούς;
3715 4854 3852 4905 Πόσα

2295 4945 2657 5010 στενάξουσιν,
2693 4946 2785 4998 καὶ
2809 4945 2907 4996 οὒκ
2936 4943 3087 4996 ἐστιν
3123 4947 3149 4997 ὁ
3167 4942 3452 5009 οἰκτείρων
3470 4945 3691 5007 αὐτοὺς,
3737 4944 3848 4997 οὐδὲ

2290 5042 2317 5091 ὁ
2345 5038 2706 5108 λυτρούμενος
2730 5053 2744 5102 ;
2778 5035 2902 5098 Πῶς
2921 5037 3040 5088 τότε
3071 5035 3295 5097 ἑαυτοὺς
3317 5036 3752 5095 κατακόπτοντες
3773 5035 3847 5086 εἶ-

2292 5145 2486 5182 πωσιν’
2523 5130 2684 5192 Οὐαὶ,
2726 5129 2869 5190 οὐαὶ,
2907 5129 3131 5190 ἑαυτοὺς
3183 5128 3579 5196 ὲχλευάσαμεν;
3621 5125 3850 5193 ’Δληθῶς

2295 5221 2518 5283 ἑαυτοὺς
2545 5221 2929 5290 ,ἢπατήσαμει
2965 5219 3170 5279 Ὄντως
3203 5216 3586 5287 ίπλανήθημεν
3651 5213 3849 5280 πλάνην

2291 5312 2548 5384 χαλεπὴν,
2583 5314 2675 5365 καὶ
2704 5311 2940 5364 αἰώνιον.
2980 5309 3418 5377 Ἐδιδασκόμεθα,
3447 5307 3539 5361 καὶ
3576 5306 3637 5358 οὐ
3689 5319 3848 5372 προσ-

2289 5405 2525 5474 είχομεν.
2586 5395 3060 5470 Ἐνουθετούμεθα,
3123 5403 3216 5452 καὶ
3265 5397 3722 5469 κατεφρονοῦμεν.
3769 5398 3847 5446 Δι-

2290 5494 2667 5565 εμαρτύροντο
2696 5495 2846 5564 ἡμῖν,
2905 5493 2996 5546 καὶ
3025 5495 3124 5546 οὐκ
3151 5492 3528 5561 ἐπιστεύομεν.
3561 5489 3682 5543 Τῶν
3719 5485 3850 5556 Γραο

2293 5587 2406 5654 φῶν
2462 5585 2782 5648 ἀκούοντες,
2834 5585 3033 5647 ταύτας
3064 5582 3543 5654 παρεξηγούμεθσ.
3577 5581 3767 5634 Δικαία
3814 5583 3844 5646 ἡ

2967 5681 3169 5743 Ὀντως
3239 5675 3404 5740 ἀξίως
3493 5669 3851 5746 κολακζισῖμεθα⁹

2293 5679 2466 5748 κρίσις
2551 5678 2640 5731 τοῦ
2709 5674 2861 5731 Θεοῦ.
