4076 6330
344 423 476 488 3⁶261

1446 433 1542 490 ΒΕ
1581 434 1897 492 PEliS-ICA
1942 439 2031 491 {41“
2045 438 2160 497 ΡΤΙ
2177 441 2212 497 ιτ
2231 441 2466 501 Ι¹ΓᾹΤΕ.

3465 450 3608 513 3ἳ62

339 546 486 613 ρίας,
513 542 784 610 διαϐολὰς,
830 546 1324 618 ψευδομαρτυρίας,
1375 549 1633 617 αἱρέτίιτ,
1662 551 1904 617 διχοστα-

2020 564 2126 614 tus,
2157 554 2570 620 fornicationes,
2610 558 2977 622 temulentias,
3029 562 3306 624 avaritias,
3339 567 3593 634 periuria

343 635 482 697 σίας.
527 637 709 691 Ταῦτα
739 638 894 708 ήμῶν
942 639 1010 690 τὰ
1053 637 1196 691 κακὰ
1241 638 1444 707 ἐφόδια.
1492 638 1640 708 Αὕτη
1685 641 1839 706 ἡμῶν
1875 642 1907 710 ἡ

342 725 534 791 σιδηρᾶ
574 726 896 788 ἄλυσις.Διδ
949 729 1295 798 πονήσωμεν,
1325 728 1650 796 παρακαλῶ,
1686 721 1787 779 ὧδε
1825 745 1910 796 μι-

340 818 488 885 κρὸν,
533 816 618 870 ἶνα
665 816 738 889 μὴ
771 817 1124 886 κολασθῶμεν
1162 820 1278 870 ἐκεῖ
1308 817 1440 869 πολύ
1473 837 1485 848 ·
1513 818 1908 886 ἀγωνισώμεθα

339 908 476 973 πρὸς
493 910 704 978 καιρὸν,
730 908 818 959 ἵνα
850 906 924 978 μὴ
957 907 1367 976 βασανισθῶμεν
1397 906 1649 969 αἰωνὶως.
1691 907 1751 958 Ὀ
1781 906 1907 976 χρό-

340 1012 428 1058 νος
463 997 675 1064 μικρός,
713 997 744 1067 ἠ
778 997 835 1050 δὲ
866 996 1044 1066 κρίσις
1067 997 1272 1066 μακρά.
1305 996 1378 1048 Τὸ
1415 995 1568 1058 τέλος
1599 996 1788 1063 ἐγγὺς,
1815 998 1912 1048 καὶ

339 1084 368 1136 6
408 1086 566 1152 φόϐος
605 1086 792 1152 πολὺς,
824 1089 917 1140 καὶ
960 1089 989 1138 6
1019 1085 1160 1140 λύων
1216 1086 1409 1149 οὐδεὶς,
1440 1085 1534 1138 καὶ
1569 1088 1596 1138 6
1675 1083 1920 1138 σπεύδων

340 1177 486 1231 νικᾶ.

413 1349 548 1402 οὐαὶ
582 1349 658 1419 τῷ
675 1348 1036 1420 ρᾳθυμοῠντι,
1068 1349 1220 1419 ζητεῖ
1247 1349 1352 1420 γὰρ
1380 1348 1469 1400 τὸν
1502 1348 1691 1418 καιρὸν
1729 1348 1787 1400 ὃν
1821 1368 1918 1402 κα·

338 1441 450 1505 κῶς
507 1441 864 1510 ἐδαπάνησεν.
925 1441 1061 1493 Οὐαὶ
1091 1439 1172 1510 τῷ
1224 1439 1538 1508 ἀμελοῦντι,
1572 1441 1652 1492 ὅτι
1683 1438 1916 1510 ζητήσει

339 1533 570 1599 σταγόνα
600 1532 790 1594 ὓδατος
819 1534 874 1584 ὲν
900 1533 977 1602 τῷ
1009 1533 1162 1601 πυρί.
1199 1533 1336 1586 Οὐαὶ
1380 1530 1459 1599 τῷ
1485 1530 1813 1585 ἀπιστοῦντι
1848 1536 1913 1604 τῇ

337 1625 537 1694 κρίσει,
579 1627 659 1678 ὃτι
695 1625 781 1678 διὰ
801 1624 910 1677 τῶν
939 1625 1115 1693 ἔργων
1145 1624 1238 1676 καὶ⁵
1266 1623 1374 1675 τῶν
1403 1623 1653 1692 βασάνων
1682 1625 1916 1692 πεισθή-

339 1732 511 1768 σεται.
544 1716 678 1769 Οὐαὶ
701 1715 779 1784 τῷ
818 1717 891 1784 μὴ
923 1714 1292 1784 μετανοοῦντι,
1338 1715 1419 1766 ὅτι
1453 1714 1590 1782 πρὸς
1634 1715 1914 1785 αὐστηρὸν

337 1807 530 1875 κριτὴν
547 1806 857 1876 πορεύεται.
897 1807 1030 1858 Οὐαὶ
1063 1804 1138 1873 τῷ
1167 1805 1240 1874 μὴ
1271 1804 1540 1873 τρέχοντι,
1567 1804 1648 1855 ὅτι
1679 1807 1744 1856 ἐν
1786 1808 1914 1874 ἐρη-

341 1899 488 1969 μίαις
515 1898 918 1968 αύλισθὴσεται.
950 1898 1088 1949 Οὐαὶ
1135 1896 1214 1966 τῷ
1245 1894 1618 1958 ἀπελπίζοντι,
1647 1895 1735 1948 ὅτι
1776 1897 1911 1964 πρὸς
1947 1883 1988 1939 Β

336 1990 644 2058 ἀποτόμους
677 1989 939 2058 ἀγγέλους
991 1990 1360 2060 παραδίδοται.
1392 1989 1606 2059 Χρυσὺν
1628 1991 1730 2059 μὲν
1753 1993 1862 2066 γὰρ
1887 1991 1916 2042 6

338 2081 607 2145 ἀπόλλων,
637 2080 794 2132 ἄλλον
833 2080 1052 2150 εὑρήσει
1076 2095 1089 2109 °
1123 2079 1310 2149 χρόνον
1351 2080 1407 2132 δὲ
1447 2083 1474 2130 6
1514 2080 1788 2143 ἀπόλλων,
1820 2080 1916 2148 ούχ

336 2171 557 2240 εὑρήσει
584 2172 768 2239 ἕτερον
793 2171 926 2241 πρὸς
951 2170 1257 2238 μετάνοιαν.

408 2261 500 2331 Μὴ
541 2261 857 2329 φεισώμεθα.
908 2260 1180 2329 σώματος,
1213 2261 1306 2313 καὶ
1327 2259 1502 2328 ψυχὴν
1531 2258 1913 2328 ἀπολέσωμεν,

336 2348 472 2402 ἀλλὰ
496 2348 910 2418 κατατρίψωμεν
936 2347 1069 2399 αὑτό
1090 2365 1102 2379 ·
1134 2346 1345 2415 ἐπειδὴ,
1370 2345 1664 2410 Μακάριοι
1692 2349 1744 2398 οι
1771 2361 1914 2398 πεν-

336 2441 611 2510 θοῦντες,
629 2443 684 2492 οι
705 2438 1044 2503 πεινῶντες,
1068 2440 1122 2491 οἱ
1144 2437 1457 2504 διψῶντες,
1477 2437 1536 2488 οἱ
1558 2437 1912 2502 πονοῦντες,

339 2533 422 2586 ὅτι
455 2531 741 2602 μέλλουσιν
797 2529 1032 2583 αἰωνίων
1067 2529 1250 2581 κόπων
1305 2529 1400 2580 καὶ
1431 2527 1709 2580 κολάσεων
1736 2529 1910 2581 ἁπαλ-

334 2620 644 2674 λόιττεσθαι.
698 2616 772 2669 Τὸ
803 2617 982 2686 σῶμα,
1042 2615 1210 2684 πηλός
1250 2618 1436 2667 ἐστιν’
1487 2613 1586 2666 καὶ
1633 2612 1915 2666 ἐλεύσεται

336 2712 472 2783 ὥρα,
499 2712 594 2763 καὶ
623 2708 800 2778 ἡμέρα
829 2707 1034 2778 φοϐερὰ
1056 2707 1150 2759 καὶ
1174 2704 1570 2774 ἀπαραίτητος,
1590 2704 1686 2756 καὶ
1712 2705 1792 2766 εἰς
1811 2703 1914 2772 γῆν

335 2803 372 2872 ἡ
426 2800 497 2870 γῆ
545 2798 868 2868 πορεύεται·
911 2798 1006 2852 καὶ
1060 2797 1093 2866 ἡ
1139 2796 1287 2859 κόνις
1341 2796 1502 2850 πάλιν
1565 2796 1713 2858 κόνις
1774 2793 1915 2863 γίνε-

334 2911 449 2950 ται.

403 2983 706 3054 Νήψωμεν,
755 2981 1027 3036 δυσωπῶο
1075 2982 1541 3052 ὁδοιπορήσωμεν,
1570 2979 1912 3046 όξυποδήσω-

340 3097 441 3152 μεν
459 3095 473 3110 ·
497 3079 776 3133 ἐλεύσεται
792 3079 955 3141 ὅντως
976 3077 1093 3144 ὥρα
1111 3079 1333 3149 ἐσχάτη,
1348 3073 1624 3127 ἐλεύσεται
1655 3073 1870 3135 πάντως
1897 3089 1909 3103 ·

342 3171 418 3241 μὴ
473 3171 698 3232 ἑαυτοὺς
745 3169 1139 3238 ἀπατήσωμεν.
1189 3166 1370 3218 Ἔστω
1427 3164 1524 3217 καὶ
1582 3161 1908 3232 τρυφῶμενο

2022 635 2471 711 detractatiOnes,
2505 648 2776 712 convicia,
2817 652 3122 705 calumnias
3147 695 3158 715 ,
3195 655 3325 707 falsa
3359 657 3604 710 testium-

2021 735 2128 798 nia,
2173 736 2426 803 bcereses,
2453 738 2841 794 dissidia.ll:cc
2868 742 3039 797 nostri
3067 744 3191 795 mali
3226 759 3600 801 commeatus:

2020 825 2137 877 luec
2185 826 2362 880 ferrea
2406 837 2591 880 nostra
2623 838 2837 883 catena.
2875 830 3086 885 Idcirco
3135 833 3449 887 laboremus
3491 835 3600 902 hic,

2023 929 2175 982 rogo,
2212 917 2496 984 tantisper,
2522 932 2591 970 ne
2634 919 2728 971 diu
2755 919 2867 973 illic
2904 916 3339 988 pcena’sdcmus.
3363 925 3440 978 Ad
3471 934 3604 978 lem-

2019 1021 2120 1076 pus
2153 1006 2503 1061 decertemus
2528 1049 2542 1073 ,
2585 1024 2654 1062 ne
2684 1010 2933 1064 cruciatu
2979 1021 3184 1067 aeterno
3224 1023 3600 1082 torqueamur.

2019 1097 2258 1165 Tempus
2291 1097 2456 1151 breve
2494 1106 2599 1161 est,
2631 1099 2862 1168 longum
2908 1100 3175 1170 judicium
3237 1103 3360 1156 ﬁnis
3401 1099 3598 1169 instat;

2017 1186 2209 1256 ingens
2241 1187 2423 1252 timor,
2455 1188 2548 1257 qui
2580 1188 2825 1243 decutiat
2858 1205 3020 1244 nemo
3067 1201 3153 1243 est
3179 1234 3192 1257 ,
3243 1193 3447 1258 vincet,
3505 1195 3601 1262 qui

2017 1276 2256 1331 festinat.

2087 1369 2177 1423 Va:
2208 1370 2385 1440 pigro,
2410 1382 2620 1439 quarret
2637 1373 2783 1427 enim
2805 1383 3019 1444 tempus
3044 1375 3189 1445 quod
3225 1376 3365 1430 male
3393 1376 3602 1431 insunt.

2015 1459 2144 1529 psit.
2179 1461 2271 1514 Vae
2303 1463 2596 1532 negligenti
2623 1505 2636 1529 ,
2669 1466 2802 1534 quia
2844 1475 3054 1535 guttam
3089 1481 3244 1534 aquae
3288 1466 3343 1519 in
3369 1467 3601 1521 flammis

2018 1550 2278 1619 requiret.
2313 1552 2404 1606 Vae
2465 1552 2628 1607 fidem
2681 1555 2896 1625 judicio
2951 1555 3302 1622 detrahenti,
3348 1573 3475 1610 nam
3505 1572 3602 1626 per

2017 1656 2103 1696 res
2160 1641 2305 1710 ipSaS
2354 1657 2417 1696 ac
2463 1644 2835 1698 cruciamenta
2883 1645 2960 1698 illi
3008 1645 3143 1701 fides
3193 1647 3306 1701 fiet.
3346 1648 3436 1701 Va:
3490 1663 3599 1700 non

2016 1732 2196 1800 agenti
2250 1732 2675 1800 paenitentiam,
2709 1735 2860 1802 ‘quia
2910 1736 2976 1789 ad
3036 1745 3317 1790 austerum
3357 1738 3599 1807 judir-cm

2017 1823 2183 1876 vadit.
2223 1823 2313 1876 Vae
2350 1824 2579 1878 remisso
2604 1825 2672 1878 ad
2707 1841 2951 1891 cursum,
2977 1827 3106 1896 quia
3137 1828 3191 1880 in
3217 1828 3451 1882 desertis
3481 1845 3600 1882 ma-

2017 1913 2191 1970 nebit.
2221 1914 2310 1966 V:c
2342 1913 2630 1978 difﬁdenti,
2661 1917 2788 1984 quia
2820 1917 2886 1970 ad
2908 1917 3078 1971 duros
3106 1918 3454 1987 immitesque
3500 1935 3597 1972 au-

2017 2006 2168 2074 gelos
2192 2005 2465 2059 transibit.
2491 2005 2624 2059 Nam
2665 2007 2762 2074 qui
2791 2008 2912 2060 auri
2939 2012 3210 2077 jacturam
3260 2009 3410 2074 facit,
3448 2011 3598 2063 aliud

2019 2096 2395 2164 recuperabit;
2423 2097 2518 2164 qui
2551 2111 2684 2150 vero
2716 2098 2969 2152 amiserit
3013 2108 3252 2168 tempus,
3295 2101 3442 2154 aliud
3476 2100 3600 2154 nul-

2017 2188 2130 2241 lum
2152 2186 2220 2241 ad
2243 2187 2624 2256 paenitentiam
2658 2187 2918 2258 deinceps
2945 2189 3239 2245 obtinebit.

2086 2276 2170 2331 Ne
2220 2292 2512 2346 parcamus
2575 2279 2820 2349 corpori,
2863 2295 2927 2334 ac
2978 2281 3218 2335 animam
3269 2282 3594 2352 perdamus;

2016 2367 2306 2438 quinillud
2340 2383 2700 2433 maceremus,
2750 2369 3022 2438 siquidem
3060 2370 3250 2425 :Beati
3273 2373 3363 2442 qui
3399 2371 3596 2442 lugent,

2018 2460 2108 2528 qui
2143 2459 2402 2522 esuriant,
2425 2459 2634 2522 sitiunt,
2674 2459 2921 2513 laborant
2943 2445 3012 2527 δ’,
3035 2460 3183 2530 quod
3209 2463 3431 2516 :eteruis
3448 2461 3600 2516 labo-

2019 2549 2170 2602 ribus
2199 2565 2262 2602 ac
2297 2549 2642 2603 cruciatibus
2694 2549 2966 2604 liberandi
2993 2561 3140 2604 sunt.
3173 2551 3387 2621 Corpus
3419 2536 3597 2605 lutum

2016 2649 2145 2693 est:
2189 2639 2484 2707 venietque
2525 2639 2682 2703 liora,
2717 2654 2783 2692 ac
2829 2639 3112 2694 tremenda
3143 2641 3282 2707 dies,
3320 2657 3597 2711 quamque

2017 2745 2182 2785 nemo
2204 2730 2450 2800 effugiat,
2484 2745 2608 2784 cum
2635 2739 2781 2784 terra
2815 2731 2869 2785 in
2900 2741 3107 2786 terram
3152 2743 3484 2797 revertetur,
3535 2748 3600 2788 ac

2017 2822 2160 2876 cinis
2186 2821 2389 2876 iterum
2413 2822 2551 2876 cinis
2585 2821 2696 2876 tlet.

2097 2995 2415 3067 Vigilemus,
2439 3013 2570 3069 rogo
2596 3018 2608 3052 :
2632 3000 2738 3053 iter
2759 3000 3180 3067 contendamus,
3202 3001 3597 3057 acceleremus.

2018 3088 2215 3143 Veniet
2265 3105 2457 3146 revera
2495 3100 2756 3159 suprema
2802 3092 2942 3147 dies.
2995 3093 3193 3147 Veniet
3243 3094 3491 3157 omnino,
3529 3110 3600 3148 ne

2020 3195 2122 3235 nos
2154 3180 2508 3235 seducamus.
2539 3182 2673 3235 Esto
2707 3182 2875 3236 etiam
2905 3182 3123 3237 deliciis
3159 3184 3447 3250 fruamur;
3477 3193 3598 3240 esto

339 3262 479 3316 εστω
500 3263 594 3317 καὶ
629 3261 949 3330 πλουτῶμεν
975 3259 1333 3327 πεντήκοντα,
1383 3257 1415 3326 ἢ
1450 3257 1541 3308 καὶ
1569 3255 1764 3308 ἑκατὸν
1795 3253 1911 3337 ἐτη.

2019 3282 2079 3327 et
2119 3271 2322 3326 divites
2371 3271 2576 3339 simus,
2616 3287 2793 3328 annos
2827 3274 3256 3344 quinquaginta,
3291 3292 3388 3330 seu
3430 3279 3598 3331 etiam

338 3346 492 3415 Εἶτα,
526 3351 620 3402 καὶ
649 3348 786 3420 μετὰ
811 3347 988 3410 τοῦτο,
1014 3346 1104 3411 τίς
1136 3344 1327 3406 Νόσος.
1353 3345 1462 3396 Καὶ
1483 3343 1546 3395 ἐκ
1571 3341 1794 3412 ταύτης,
1819 3343 1874 3393 τί
1895 3358 1910 3408 ;

348 3442 662 3511 Ἀδυναμῑα.
697 3441 808 3494 Καὶ
834 3443 896 3492 ἐκ
953 3437 1177 3507 ταύτης,
1228 3436 1319 3498 τίς
1363 3437 1427 3488 Ἦ
1482 3433 1684 3506 φρικτὴ
1729 3432 1912 3503 ἐκείνη

336 3537 477 3606 ὥρα,
499 3535 533 3599 ή
568 3533 718 3602 παρὰ
751 3531 966 3583 πάντων
991 3528 1421 3599 προσδοκωμένη
1446 3527 1542 3578 καὶ
1573 3525 1909 3596 φριττομὲνη

336 3627 432 3681 καὶ
473 3624 842 3695 ἀμελουμένη.
877 3622 1090 3689 Μέγας,
1129 3619 1348 3686 ἀδελφοί
1380 3636 1500 3688 μου,
1531 3620 1558 3669 6
1599 3617 1763 3685 φόϐος
1791 3617 1912 3668 τότε

337 3722 564 3790 γίνεται.
593 3717 749 3786 Μέγα
791 3715 992 3768 ἰδέσθαι
1044 3712 1222 3782 ψυχὴν
1252 3711 1357 3764 ὑπὸ
1385 3709 1632 3777 ἀγγέλων
1687 3710 1913 3778 χωριζο-

339 3810 507 3880 μένην
525 3807 621 3860 τοῦ
652 3804 904 3874 σώματος
924 3821 983 3855 κε
993 3804 1086 3871 νήν
1107 3819 1122 3832 ο
1164 3799 1559 3869 ύπὸβαιμόνων
1591 3799 1911 3866 λογοθετου-

341 3900 528 3972 μένην.
579 3896 808 3965 Μεγάλη
856 3897 890 3964 ἡ
917 3893 1035 3964 ὥρα
1080 3893 1178 3961 τῆς
1206 3892 1450 3960 ἀνάγκης
1499 3889 1594 3943 καὶ
1612 3889 1714 3942 τοῦ
1744 3907 1909 3960 χωρι-

339 3991 478 4062 σμοῦ
542 3989 770 4050 ἐκείνου,
810 3988 937 4040 ὅταν
975 3987 1025 4038 οἱ
1069 3979 1913 4054 ὀφθαλμοὶἡμῶνάλλοιωθήσον-

339 4098 461 4139 ταιο
499 4081 626 4133 ὅταν
657 4079 691 4148 ἡ
717 4077 870 4146 φωνὴ
928 4075 1032 4128 ὑπὸ
1073 4075 1172 4144 τῆς
1207 4074 1434 4142 συνοχῆς
1468 4070 1908 4140 κρατηθήσεται·

336 4173 464 4225 ὅταν
497 4171 531 4241 ἡ
551 4168 771 4237 γλῶσσα
797 4166 890 4219 τὸν
917 4164 1074 4232 λόγον
1104 4164 1164 4216 οὐ
1183 4159 1418 4216 δίδωσιν.
1449 4155 1581 4214 Εἶτα
1609 4160 1912 4227 στρέφομεν

337 4265 462 4324 τοὺς
491 4259 801 4337 ὀφθαλμοὺς
822 4251 922 4311 ὦδε
963 4255 1167 4326 συχνάο
1199 4254 1260 4306 τὸ
1303 4252 1520 4322 πνεῦμα
1550 4254 1909 4323 ταράττεταν

342 4352 546 4421 ἰλιγγιᾷ
572 4353 604 4420 ἠ
657 4349 834 4418 ψυχή·
865 4348 1158 4416 συστρέφει
1196 4345 1288 4396 τὸν
1334 4343 1458 4395 νοῦν
1491 4343 1617 4412 τῇδε
1647 4343 1873 4395 κάκεῖσε
1895 4358 1908 4372 ·

339 4443 490 4512 ζητεῖ
522 4442 614 4495 τὸν
649 4441 908 4512 ῥυόμενον
930 4455 941 4466 ·
973 4439 1111 4507 τάχα
1145 4437 1202 4490 δὲ
1253 4439 1346 4489 καὶ
1379 4437 1489 4487 τῶν
1541 4433 1912 4504 παρεστώτων

336 4535 514 4588 δέεται
537 4551 552 4566 ο
581 4533 711 4594 ἴσως
737 4531 792 4585 δὲ
818 4532 1028 4600 καὶτῆς
1052 4529 1236 4596 κλίνης
1261 4529 1484 4596 φεύγειν
1515 4527 1925 4596 δοκιμάζομεν.-

336 4629 476 4689 Τοὺς
510 4624 864 4696 παρεστῶτας
884 4626 1015 4693 ἡμῖν
1043 4623 1249 4692 φίλους,
1283 4621 1316 4690 ἢ
1346 4619 1628 4686 ἀδελφοὺς,
1655 4620 1688 4687 ἢ
1711 4620 1904 4686 γονεῖς,

335 4721 398 4776 o6
424 4717 762 4791 γνωρίζομεν
782 4733 795 4747 ·
824 4717 964 4786 τάχα
986 4711 1046 4769 δὲ
1072 4711 1692 4784 γνωρίζοντες,λαλῆσαι
1728 4712 1908 4773 αὐτοῖς

337 4816 437 4868 οὐκ
470 4812 747 4882 ἰσχύομεν.

409 4905 530 4958 Τῶν
557 4901 896 4973 θρηνούντων
923 4898 1070 4968 ἡμᾶς
1100 4895 1370 4964 ἀκούομεν
1400 4896 1494 4948 καὶ
1548 4891 1773 4956 τούτους
1804 4912 1908 4947 πα-

341 4997 760 5076 ραμυθήσασθαι
807 4993 868 5045 ού
909 4990 1204 5060 δυνάμεθα.
1239 4989 1321 5041 Τὰ
1376 4988 1541 5040 τέκνα
1599 4987 1912 5056 ὀδυνώμενα

340 5094 433 5146 καὶ
465 5088 769 5160 δακρύοντα
803 5085 1093 5155 βλέπομεν,
1145 5083 1241 5136 κτλ,
1275 5082 1364 5152 τᾷν
1396 5081 1554 5134 πόνον
1599 5079 1700 5147 τῆς
1736 5082 1909 5161 6923a-

296 5236 299 5239 _
339 5185 458 5246 νίας
485 5181 660 5235 αὐτῶν
687 5181 921 5249 ἔχοντες,
946 5175 1310 5248 πορευόμεθα.
1339 5175 1448 5227 Καὶ
1472 5173 1524 5224 τί
1544 5172 1684 5239 λέγω
1709 5175 1870 5224 τέκνα
1896 5189 1909 5238 ;

351 5275 510 5344 Ἐμοὶ
543 5273 689 5326 δοκεῖ
717 5273 800 5324 ὅτι
826 5267 1042 5339 ἐκείνης
1066 5268 1165 5337 τῆς
1193 5268 1340 5336 ὧρας
1373 5264 1804 5330 καταλαϐούσης,
1824 5265 1908 5344 ού,-

338 5367 448 5429 δεὶς
473 5363 729 5434 μεριμνᾷ,
759 5363 820 5414 ού
850 5361 1076 5434 τέκνων,
1104 5360 1163 5411 οὑ
1187 5358 1378 5426 φίλων,
1407 5357 1505 5410 ούκ
1557 5355 1821 5424 ἀδελφῶν,
1855 5356 1914 5407 ού

343 5451 773 5523 γυναικό;⁶ούδὲ
807 5450 942 5521 ἄλλη
985 5447 1204 5519 φροντίς
1249 5466 1330 5511 τις
1390 5449 1482 5502 καὶ
1519 5443 1661 5513 λύπη
1702 5446 1916 5515 συνέχει

342 5545 524 5608 αὑτὸν,
551 5546 599 5595 εὶ
633 5544 707 5612 μὴ
732 5542 893 5612 ἡτῶν
928 5540 1123 5592 ἑαυτοῦ
1151 5537 1630 5610 παραπτωμάτων,
1679 5543 1768 5589 καὶ
1803 5539 1916 5600 πιῖς

343 5636 648 5706 ἀπαντήσει
677 5627 756 5705 τῷ
784 5638 967 5704 κριτῇ,
1003 5635 1097 5685 καὶ
1120 5633 1172 5686 τί
1194 5631 1589 5702 ἀπολογήσεται
1612 5647 1624 5658 ·
1663 5630 1753 5684 καὶ
1781 5633 1914 5701 ποὶᾳ

418 5817 463 5851 ⁸³
488 5817 678 5874 Matth.
709 5816 761 5886 5,
791 5820 824 5876 5
853 5836 1006 5891 seqq.

1989 5357 2283 5419 .tiliorum,
2356 5359 2684 5422 amicorum,

2015 3374 2259 3419 centum.
2292 3363 2430 3416 Tum
2477 3379 2656 3434 eoque
2703 3366 2924 3434 expleto
2973 3377 3243 3436 tempore,
3297 3368 3602 3437 quidnam?

2016 3453 2328 3525 ASgritudo.
2362 3455 2440 3509 Ex
2466 3471 2531 3510 ea
2561 3472 2717 3521 vero,
2765 3457 2942 3527 quid?
2978 3457 3191 3512 Vit-ium
3225 3459 3484 3515 defectio.
3521 3461 3600 3515 Ex

2014 3561 2079 3600 ea
2104 3546 2258 3608 item,
2293 3545 2464 3614 quid?
2490 3546 2800 3600 Tremenda
2856 3547 2948 3601 illa
2987 3548 3145 3612 hora,
3187 3550 3446 3605 omnibus
3491 3565 3594 3604 ex-

2015 3645 2262 3705 spectata
2287 3677 2300 3700 ,
2344 3637 2633 3691 horrorem
2671 3638 2902 3704 faciens,
2940 3655 3005 3694 ac
3021 3641 3292 3710 neglecta.
3338 3642 3598 3712 Magnus,

2014 3726 2212 3781 fratres
2241 3727 2372 3790 mei,
2409 3735 2540 3782 tunc
2571 3729 2737 3783 timor
2785 3731 3028 3802 ingruet.
3079 3733 3332 3804 Magnum
3361 3735 3598 3790 animam

2013 3816 2224 3882 videre,
2264 3835 2428 3888 quam
2473 3821 2654 3890 angeli
2703 3837 2938 3891 corpore
2988 3825 3289 3879 extrudaut
3325 3842 3590 3889 vacuam;

2013 3908 2292 3964 damones
2323 3910 2390 3965 ad
2427 3911 2674 3966 rationes
2703 3912 3026 3982 deposcant.
3063 3915 3258 3985 Magna
3308 3916 3442 3970 liora
3498 3934 3597 3972 ue-

2014 4001 2327 4066 cessitatis,
2377 4019 2440 4057 ac
2477 4003 2700 4058 divortii
2760 4004 2928 4068 illius,
2970 4021 3096 4060 cum
3156 4007 3601 4062 immutabuntur

2014 4092 2191 4157 oculi;
2223 4109 2350 4146 cum
2397 4110 2464 4147 ex
2503 4094 2886 4150 imbecillitate
2921 4111 3027 4150 vox
3077 4097 3432 4167 impedietur,
3469 4113 3597 4152 cum

2014 4183 2195 4252 lingua
2217 4184 2436 4254 negabit
2457 4173 2794 4239 sermonem.
2830 4188 3077 4256 Tumque
3099 4189 3298 4242 crebro
3319 4188 3428 4242 ltuc
3446 4188 3596 4252 illuc,

2015 4283 2271 4344 torquet,
2313 4277 2512 4345 quaerit
2562 4277 2656 4346 qui
2716 4278 2964 4334 liberet:
3003 4274 3151 4334 forte
3194 4289 3378 4334 autem
3430 4281 3598 4335 etiam

2015 4375 2257 4420 astantes
2294 4377 2450 4438 rogat
2492 4386 2505 4421 :
2556 4369 2786 4424 forsitan
2821 4371 2989 4424 etiam
3023 4371 3171 4426 lecto
3200 4372 3468 4426 enitimur
3506 4374 3595 4427 fu-

2014 4472 2164 4527 gere.
2227 4459 2486 4528 Astantes
2530 4461 2693 4516 nobis
2745 4463 2984 4527 amicos,
3033 4464 3254 4530 fratres,
3317 4475 3595 4534 parentes,

1943 4591 1985 4644 υ
2018 4563 2128 4602 non
2190 4551 2576 4620 cognoscimus
2601 4592 2616 4619 ,
2659 4552 2804 4607 forte
2853 4543 3036 4609 autem
3073 4555 3276 4625 alloqui
3318 4571 3425 4610 non
3465 4571 3596 4626 pos-

2015 4654 2226 4693 SUIHUS.

2089 4895 2369 4966 Lugentes
2403 4914 2500 4954 nos
2533 4901 2816 4967 audimus,
2859 4919 2964 4958 nec
3007 4903 3110 4960 bus
3139 4905 3413 4960 consolari
3446 4906 3598 4960 rale-

2021 5004 2162 5050 mus.
2206 4989 2465 5046 Doleutes
2533 4993 2674 5049 filios
2709 5009 2774 5049 ac
2810 4994 3008 5050 ﬂentes
3053 4996 3369 5061 cernimus;
3416 5012 3597 5066 eoque

2017 5081 2242 5134 nomine
2273 5097 2418 5151 aegre
2445 5083 2736 5144 habentes.
2770 5087 2918 5155 quod
2961 5087 3202 5156 pupillos
3255 5087 3378 5142 illos
3431 5089 3600 5142 relin-

2017 5187 2272 5242 quamus,
2307 5174 2667 5230 discedimus.
2708 5177 2924 5245 Ecquid
2954 5178 3300 5232 dico‘tilios?
3331 5179 3598 5232 Existimo

2017 5281 2080 5318 ea
2130 5264 2578 5333 appreliendente
2618 5265 2778 5330 hora,
2836 5269 3114 5323 neminem
3150 5267 3446 5322 sollicitum
3475 5283 3597 5322 esse

2759 5361 3024 5424 fratrum,
3085 5362 3302 5425 uxoris;
3365 5361 3600 5414 aliamve

2018 5463 2207 5502 curam
2249 5450 2438 5512 ullam,
2467 5466 2530 5505 ac
2565 5452 2846 5506 tristitiam
2883 5453 3246 5507 decedentem
3295 5454 3595 5511 incessere.

2016 5558 2181 5610 quam
2234 5559 2460 5597 suorum
2511 5544 2872 5609 delictorum,
2922 5562 2985 5601 ae
3036 5561 3274 5617 quonam
3323 5546 3487 5600 modo
3526 5555 3600 5600 sit

2019 5649 2355 5690 occursurus
2386 5637 2580 5706 iudici,
2617 5637 2821 5707 quidve
2865 5653 3234 5708 responsurus
3260 5655 3274 5692 :
3303 5653 3412 5707 qua
3461 5647 3599 5693 liora
