4076 6330
537 388 678 464 3263

1800 395 2111 454 INCERTI
2152 393 2526 453 AUCTORIS

3650 392 3792 456 3254

534 513 828 580 egressura
863 512 936 566 sit
965 508 1230 564 adversus
1279 524 1405 564 eum
1453 501 1742 574 sententia,
1773 525 1836 564 ac
1869 510 1995 578 quis
2023 511 2107 579 ip-

2222 506 2332 577 ὧρᾳ
2361 511 2392 575 ἡ
2420 507 2690 575 ἀπόφασις
2717 506 2839 558 κατ’
2871 505 3032 560 αὐτοῦ
3064 506 3366 578 ἐξέρχεται,
3406 507 3503 561 καὶ
3524 508 3681 576 ,ποῖος
3702 506 3800 558 ού-

533 616 657 656 sum
709 603 781 656 sit
826 602 984 658 locus
1029 610 1406 670 suscepturus.
1483 601 1621 655 Num
1667 600 1910 654 tenebrat
1955 609 2107 654 exte-

535 679 924 746 riores'INum
964 707 1090 760 spes
1127 691 1236 744 ulla
1273 689 1666 744 misericordia
1701 698 1815 741 tum
1862 701 2106 756 superet,

535 792 764 850 repente
800 785 1022 851 cogitat,
1055 791 1346 850 astantque
1379 781 1502 834 duri
1533 795 1596 835 ac
1636 779 1878 833 immites
1928 779 2108 848 angeli

536 873 605 926 ab
629 874 936 927 animarum
966 873 1197 927 Domino
1231 872 1404 925 missi.

610 955 749 1018 Tum
806 981 906 1017 nos
953 980 1048 1018 eos
1095 964 1380 1027 videntes,
1440 963 1531 1031 qui
1596 961 1848 1031 imparati
1915 962 2107 1026 simus,

536 1056 812 1123 quomodo
845 1054 1103 1108 turbandi
1133 1053 1363 1107 sumus?
1395 1067 1498 1106 nos
1542 1053 1691 1121 ipsos
1738 1052 2112 1121 discerpturi?

537 1141 718 1210 fugam
742 1143 1070 1210 quaesituri?
1114 1142 1368 1194 conaturi
1402 1141 1649 1209 quidem,
1698 1150 1754 1196 at
1809 1143 2107 1196 incassum.

539 1231 696 1285 Tunc
760 1231 1170 1286 miserabilibus
1228 1233 1281 1285 in
1341 1248 1436 1287 eos
1498 1233 1724 1287 intentis
1781 1234 2154 1301 luminibus,»

537 1323 693 1372 vultu
741 1329 959 1384 incesto,
1021 1321 1397 1386 obsecrantes,
1461 1323 1758 1392 supplices,
1818 1324 1871 1376 in
1933 1337 2110 1394 genua

537 1409 786 1480 provolvi
837 1412 1112 1474 nitentes,
1162 1397 1409 1466 dicemus
1460 1431 1472 1464 :
1527 1413 1858 1468 Miseremini
1914 1415 2108 1475 nostri,

539 1501 916 1572 benignissimi
938 1502 1134 1572 angeli.
1161 1503 1239 1557 Ne
1257 1519 1342 1557 me
1364 1503 1546 1558 fructu
1579 1505 1729 1580 omni
1763 1504 2109 1567 destitutum,

539 1589 1002 1665 immundumquc
1047 1593 1114 1647 ad
1141 1594 1384 1662 judicem
1417 1595 1640 1648 trahite.
1691 1595 1769 1647 Ne
1821 1595 1970 1648 omni
2024 1610 2112 1649 me

538 1682 687 1737 bono
714 1698 880 1750 opere
912 1684 1121 1740 nudum
1155 1692 1386 1753 corpore
1420 1683 1718 1738 extrudite.
1752 1684 2108 1749 Miseremini,

539 1774 758 1826 Domini
791 1774 1139 1829 clementiam
1177 1775 1399 1829 imitati.
1443 1775 1622 1831 Sinite
1677 1777 1843 1830 breve
1895 1786 2112 1846 tempus

2215 616 2311 660 πος
2367 594 2771 666 δέξεται;Ἃρα
2804 600 2862 650 τὸ
2892 597 3156 668 ἐξώτερον
3197 600 3385 663 σκότος
3409 593 3596 668 ;⁷Δ”ρα
3646 597 3794 649 ἐστὶν

2214 692 2245 758 η
2258 692 2344 753 μίν
2363 689 2513 751 ἐλπὶς
2545 688 2727 752 ἐλέους
2745 705 2759 750 ς
2781 685 2898 742 εἶτα
2914 693 3082 756 tvver
3102 690 3382 759 ἐξαίφνης,
3405 690 3502 743 καὶ
3540 689 3796 756 ἐφίσταν-

2212 798 2301 831 ται
2357 779 2576 846 ἄγγελοι
2625 779 2890 853 ἂπότομοι
2952 783 3103 852 παρὰ
3132 781 3225 836 τοῦ
3247 783 3521 836 Δεσπότου
3550 780 3662 832 τῶν
3685 783 3792 849 ψυ-

2214 869 2324 938 χῶν
2354 869 2769 940 ἀπεσταλμένοι.

2281 962 2414 1014 Τότε
2429 961 2647 1025 τούτους
2664 963 2820 1033 ἡμεῖς
2840 961 3172 1034 Θεωροῦντες
3185 963 3602 1032 άνευτρέπιστοι
3619 961 3734 1014 ὅντε
3744 977 3793 1022 ς,

2213 1051 2330 1116 πῶς
2370 1052 2498 1123 ἄρα,
2550 1053 2665 1116 πῶς
2711 1054 2978 1124 μέλλομεν
3020 1055 3422 1124 ταράττεσθαι,
3453 1053 3797 1121 σπαράσσειν

2215 1146 2306 1195 καὶ
2329 1144 2546 1212 φεύγειν
2589 1143 2936 1212 ;δοκιμάζειν
2964 1145 3084 1213 μὲν,
3124 1144 3200 1213 μὴ
3250 1144 3512 1197 δύνασθαι
3552 1143 3632 1198 δέ.
3657 1142 3794 1194 Τᾶτε

2216 1232 2534 1301 άτενὶζομεν
2566 1222 2700 1302 προς
2727 1235 2924 1295 αὐτοὺς
2944 1234 3193 1295 ἐλεεινοῖς
3223 1233 3546 1302 ὀφθαλμοῖς,
3572 1231 3793 1301 στυγνῷ

2216 1323 2524 1392 προσώπῳ·
2561 1325 3039 1393 παρακαλοῦντες,
3076 1326 3431 1388 ἱκετεύοντες,
3472 1328 3796 1393 γονυπετεῖν

2213 1413 2616 1481 δοκιμάζοντες,
2647 1414 2897 1484 λέγομενο
2916 1414 3204 1484 Ἐλεήσατε
3233 1418 3402 1485 ημᾶς,
3424 1415 3796 1485 φιλάνθρωποι

2215 1503 2455 1570 ἄγγελοι.
2515 1505 2604 1571 Μή
2638 1522 2703 1573 με
2739 1505 2988 1573 ἄκαρπον
3046 1505 3140 1557 καὶ
3167 1504 3478 1574 ἀκάθαρτον
3532 1505 3670 1574 πρὸς
3700 1503 3795 1555 τὸν

2217 1594 2410 1666 κριτὴν
2441 1596 2803 1667 ἀπενέγκητε.
2839 1594 2930 1666 Μή
2962 1614 3028 1667 με
3056 1596 3262 1664 γυμνὸν
3314 1597 3492 1664 πάσης
3526 1596 3797 1664 ἀγαθοερ-

2216 1687 2341 1753 γίας
2381 1687 2475 1738 τοῦ
2499 1685 2749 1755 σώματος
2773 1688 3070 1757 χωρίσητε.
3114 1687 3424 1756 Ἐλεήσατε,
3465 1687 3794 1756 μιμούμενοι

2216 1779 2484 1831 Δεσπότου
2516 1778 2948 1849 φιλανθρωπίαν.
2997 1779 3219 1833 Ἐάσατε
3246 1779 3427 1846 ὀλίγον
3448 1779 3639 1848 χρόνον
3697 1794 3797 1846 με-

539 1865 874 1931 penitentiae
939 1866 1091 1928 dare,
1154 1881 1418 1936 gemere,
1465 1867 1844 1937 eleemosynas
1905 1867 2106 1922 facere.

2222 1869 2496 1938 τανοῆσαι,
2527 1871 2798 1936 στενάξαι,
2817 1869 3184 1940 ἐλεημοσύνας
3203 1869 3450 1938 ποιῆσαι.
3484 1870 3748 1930 Δυσωπῶ,
3765 1866 3797 1918 ό

540 1954 728 2034 Rogo,
785 1957 982 2022 miser;
1036 1959 1364 2025 exoramini,
1405 1959 1660 2014 obsecro.
1717 1959 1932 2025 Quaeso,
1974 1968 2116 2018 vota

543 2048 832 2115 suscipite,
891 2064 959 2103 eo
993 2050 1142 2118 quod
1177 2050 1318 2104 male
1362 2049 1553 2114 vitam,
1589 2066 1652 2105 ac
1693 2065 1867 2104 annos
1909 2050 2116 2104 insum-

541 2142 766 2204 pserim.
1648 2142 1658 2151 '
2055 2196 2058 2198 η

614 2226 739 2280 llaec
777 2242 808 2280 a
859 2229 1021 2282 nobis
1074 2239 1188 2282 tum
1238 2229 1530 2283 audientes
1575 2227 1777 2297 angeli,
1807 2227 1872 2280 ad
1905 2242 2006 2281 nos
2028 2227 2113 2282 di-

541 2324 670 2372 cent
690 2336 718 2372 ιε
745 2319 940 2372 Misera
981 2321 1185 2385 anima,
1228 2321 1451 2374 ubinam
1488 2329 1630 2374 totos
1658 2320 1776 2373 dies
1801 2328 1925 2372 tuos
1951 2319 2118 2372 eras?

542 2408 614 2465 Ut
646 2409 776 2478 quid
816 2411 1185 2480 negligentius
1225 2411 1426 2480 egisti?
1466 2409 1754 2476 Quomodo
1777 2411 1887 2480 jam
1937 2410 2135 2478 paeni--

542 2503 770 2556 tentiam
800 2488 1045 2571 qumris?
1075 2501 1166 2556 Sol
1195 2510 1322 2557 tuus
1347 2501 1636 2571 deinceps
1679 2500 1904 2555 occidit.
1952 2501 2116 2555 Tem-

543 2608 649 2661 pus
686 2603 837 2646 tuum
885 2604 1167 2661 peractum
1210 2600 1296 2646 est
1342 2615 1355 2647 :
1399 2593 1556 2648 venit
1593 2593 1728 2646 liora
1776 2608 1901 2645 cum
1946 2591 2120 2645 infru-

544 2693 733 2737 ctuosa
759 2681 1128 2737 exscindenda
1155 2697 1234 2736 es.
1259 2682 1629 2753 Deusjussit;
1662 2683 1786 2751 quis
1805 2682 2063 2750 poculum
2086 2695 2118 2734 a

543 2782 598 2826 te
619 2781 866 2826 avertere
894 2773 1137 2841 poterit?
1160 2772 1203 2828 Ο
1233 2773 1434 2826 misera
1465 2772 1672 2842 probro
1706 2772 1935 2832 suﬂusa,
1966 2785 2121 2840 egre-

544 2865 721 2927 dere:
760 2864 952 2917 dolens
1011 2856 1397 2932 mmrensque,
1437 2879 1716 2933 separare.
1775 2861 1950 2924 Veni,
2007 2861 2118 2930 igni

542 2955 922 3010 addiscentem
950 2955 1304 3019 sententiam,
1340 2970 1441 3024 pro
1483 2964 1576 3009 tua
1607 2953 1974 3014 immodestia,
2018 2966 2120 3020 pro

545 3063 738 3102 eorum
804 3047 1016 3102 ratione
1083 3062 1205 3116 qua:
1269 3046 1634 3110 commisisti,
1691 3046 1901 3112 excipe.
1961 3043 2121 3096 Nulla

547 3140 811 3207 deinceps
845 3138 945 3190 tibi
974 3153 1102 3208 spes
1143 3139 1370 3207 reliqua.
1403 3138 1522 3192 Non
1567 3147 1653 3190 est
1695 3136 1863 3198 salus,
1899 3150 2008 3188 non
2037 3142 2121 3188 est

549 3231 892 3302 paenitentia,
929 3246 1038 3283 non
1091 3240 1175 3284 est
1206 3229 1510 3292 revocatio,
1540 3243 1649 3281 non
1682 3237 1767 3281 est
1809 3226 2122 3280 misericor-

545 3325 658 3382 dia.
703 3329 964 3382 nonsunt
993 3320 1376 3374 miserationes
1416 3337 1427 3371 :
1457 3319 1612 3372 deest
1650 3313 1978 3378 consolatio,
2011 3331 2120 3368 non

548 3425 634 3470 est
662 3413 1017 3483 exspectatio,
1059 3411 1352 3467 clementia
1382 3410 1573 3465 deﬁcit
1610 3428 1623 3461 :
1671 3409 1822 3462 nulla
1855 3407 1953 3461 tibi
1983 3407 2121 3460 resi-

550 3507 660 3559 dua
703 3503 1011 3573 benignitas
1073 3520 1085 3554 :
1143 3501 1294 3555 nulla
1363 3486 1676 3556 cruciandae
1741 3497 2122 3552 misericordia

551 3604 793 3664 superat,
831 3593 927 3648 sed
957 3603 1162 3648 aiterna
1193 3609 1375 3662 ptena.

618 3689 722 3754 Qui
755 3688 868 3742 haec
899 3687 1210 3748 audiamus,
1245 3700 1308 3738 ac
1338 3699 1466 3737 vera
1501 3683 1790 3737 credamus
1830 3696 1972 3744 esse,
2011 3695 2122 3733 non

554 3781 784 3842 fabulas,
811 3780 1232 3838 contendamus,
1271 3787 1330 3829 ut
1361 3786 1487 3829 ante
1527 3775 1672 3828 illam
1711 3774 1899 3826 horam
1938 3774 2118 3842 parati

553 3871 902 3925 exsistamus.
939 3868 1352 3923 Consuetudine
1411 3867 1664 3920 inclitum
1709 3873 1814 3928 est,
1852 3864 1953 3927 ais,
2011 3879 2120 3916 non

553 3976 776 4034 possum
810 3960 1392 4028 puenitentiamagere.
1429 3957 1622 4010 Nonne
1665 3955 1820 4009 vides
1855 3955 2122 4009 lactentes

552 4069 778 4128 pueros,
807 4069 913 4122 qua
941 4049 1203 4121 paulatim
1244 4050 1455 4103 ratione
1481 4047 2123 4102 inhibeamus?Nolimus

553 4159 656 4198 nos
707 4144 856 4213 ipsos
901 4141 1180 4210 decipere,
1209 4139 1426 4192 fratres.
1452 4137 1730 4192 Judicium
1765 4145 1869 4200 est,
1917 4148 2122 4190 eterna

546 4235 856 4298 cruciatio,
900 4232 1041 4302 ignis
1073 4230 1560 4300 inexstinguibilis,
1610 4227 1812 4283 vermis
1865 4228 1958 4296 qui
2013 4243 2122 4280 non

550 4325 779 4388 dormit,
811 4333 1068 4387 tartarus,
1089 4321 1348 4392 eiulatus,
1368 4318 1832 4388 quemadmodum
1866 4319 1921 4371 in
1943 4318 2122 4371 Evan-

546 4419 714 4489 geliis
761 4415 1018 4478 monuit,
1081 4427 1185 4467 nec
1236 4413 1534 4481 quidquam
1598 4411 1883 4473 mentitur,
1939 4410 2119 4464 absit:

552 4503 757 4559 Culum
803 4504 974 4561 enim.
1019 4501 1217 4570 inquit,
1266 4510 1313 4552 et
1363 4510 1506 4554 terra
1556 4501 1891 4564 transibunt,

551 4605 732 4659 autem
764 4613 883 4659 mea
928 4611 1027 4646 non
1060 4593 1502 4664 preteribunt‘”.
1540 4592 1665 4648 llaec
1715 4595 1855 4663 ejus.
1909 4593 2124 4656 fratres,

559 4686 917 4739 formidolosa
966 4683 1175 4748 verba,
1223 4683 1678 4752 tremendamque
1719 4684 1865 4737 illam
1913 4685 2124 4747 horam,

549 4784 721 4846 quam
765 4776 1024 4841 diximus,
1066 4775 1181 4845 jugi
1213 4775 1480 4829 memoria
1515 4784 1834 4838 teneamus;
1870 4790 2122 4844 vespere,

550 4879 738 4930 mane,
775 4865 1040 4931 meridie;
1073 4865 1128 4918 in
1172 4863 1313 4927 foro,
1342 4865 1400 4918 in
1424 4863 1679 4927 ecclesia,
1718 4864 1773 4918 in
1826 4874 2124 4930 conventu,

555 4959 615 5025 in
649 4958 813 5018 lectu,
850 4957 904 5009 in
937 4956 1163 5021 balneo;
1208 4956 1264 5009 in
1315 4970 1503 5010 mensa
1545 4955 1870 5024 cumprimis
1901 4956 2132 5010 laudan-

555 5056 662 5109 tes,
703 5063 768 5101 ne
798 5063 963 5116 supra
995 5047 1216 5101 modum
1254 5046 1470 5101 deliciis
1526 5045 1930 5114 indulgeamus.
1973 5046 2125 5100 Nun-

555 5151 722 5203 quam
769 5137 888 5205 ejus
933 5138 1032 5190 no's
1092 5136 1298 5189 oblivio
1339 5136 1543 5204 capiat.
1596 5137 1688 5189 Ait
1746 5138 1890 5189 enim
1944 5136 2129 5190 divina

558 5225 842 5293 Scriptura
870 5244 882 5276 :
908 5225 1202 5278 Memorare
1235 5227 1518 5280 novissima
1552 5236 1664 5285 tua,
1704 5237 1749 5280 et
1791 5229 1844 5281 in
1875 5234 2130 5281 wternum

557 5331 664 5367 non
700 5310 928 5384 peccabis
947 5317 1015 5368 ".

637 5406 831 5474 btiquc
863 5422 992 5460 vero
1027 5408 1296 5476 tantisper
1322 5424 1423 5479 ego
1457 5409 1732 5480 Sapientis
1767 5409 1996 5464 verbum
2027 5409 2130 5463 imo

557 5505 802 5560 mutans,
847 5496 1026 5551 dicam
1061 5517 1072 5550 :
1109 5499 1405 5576 Memento,
1455 5518 1488 5554 ο
1545 5503 1729 5566 homo,
1765 5502 1996 5555 fratrum
2027 5517 2130 5556 no-

553 5598 799 5641 strorum
833 5589 926 5655 qui
960 5590 1011 5642 in
1047 5593 1358 5659 captivitate
1404 5594 1635 5663 degunt,
1676 5603 1732 5647 et
1777 5593 1830 5646 in
1862 5603 2128 5648 aeternum

635 5754 712 5786 ‘9‘
743 5762 930 5818 Matth.
1003 5781 1145 5836 xxiv,
1210 5767 1296 5821 55.
1374 5769 1415 5798 δί’
1452 5769 1616 5822 Ειϊιί.
1662 5786 1748 5830 vn,
1794 5771 1868 5829 id,

2217 1963 2405 2026 τάλας,
2419 1961 2478 2014 δυ
2488 1962 2773 2032 σωπ-ήθητε
2782 2003 2797 2028 ,
2818 1961 3141 2031 παρακαλῶ.
3156 1960 3571 2031 Παρακλήθητε,
3583 1960 3797 2028 δέομαι,

2175 2061 2183 2064 ‘
2220 2048 2350 2103 διότι
2407 2051 2591 2115 κακῶς
2623 2052 2714 2106 τὸν
2755 2050 2949 2105 ἑαυτοῦ
2999 2051 3114 2132 βίον
3160 2051 3476 2122 ἐδαπάνησα
3526 2052 3620 2104 καὶ
3669 2052 3800 2120 an)-

2221 2141 2388 2195 λωσα.
2443 2143 2446 2147 ’

2291 2233 2474 2288 Ταῦτα
2504 2235 2633 2303 παρ’
2661 2235 2815 2303 ἡμῶν
2842 2234 2964 2287 τότε
2993 2233 3282 2297 ἀκούοντες
3330 2233 3380 2288 oi
3431 2234 3674 2302 ἄγγελοι,
3710 2233 3800 2285 λέ-

2221 2341 2374 2392 γουσι
2404 2325 2536 2393 πρὸς
2569 2321 2811 2393 apag-'0
2843 2325 3002 2378 ἀθλία
3025 2326 3193 2394 ψυχὴ,
3221 2325 3400 2387 πάσας
3423 2341 3518 2378 σου
3547 2328 3645 2387 τὰς
3665 2326 3800 2393 ὴμέο

2225 2432 2318 2484 ρας
2350 2415 2450 2467 ποῦ
2481 2412 2576 2485 ἦςς
2599 2415 2695 2468 Διά
2727 2416 2780 2468 τί
2814 2416 3095 2487 ἠμέλησας
3109 2429 3131 2482 ‘;
3163 2416 3287 2476 Πῶς
3313 2415 3437 2486 ἄρτι
3466 2416 3800 2485 μετανοῆσαι

2223 2508 2427 2574 θέλεις;
2454 2507 2556 2559 Σοῦ
2593 2500 2778 2562 λοιπον
2806 2511 2832 2561 ό
2863 2509 3010 2578 ἥλιος
3031 2507 3234 2560 ἔδυσεν.
3255 2505 3356 2558 Σοῦ
3377 2507 3406 2558 ὁ
3429 2505 3616 2575 χρόνος
3644 2507 3800 2559 τετέ-

2219 2598 2424 2651 λεσται.
2453 2599 2553 2651 Σοῦ
2580 2597 2676 2668 τῆς
2707 2602 2960 2670 άκάρποιί
2984 2602 3017 2670 η
3039 2599 3246 2668 ἐκτομὴ
3282 2597 3536 2665 ἔφθασεν.
3580 2599 3640 2651 Ὀ
3672 2600 3802 2659 Θεὸς

2221 2691 2502 2746 ἐκέλευσεν
2527 2708 2540 2720 ·
2566 2691 2648 2754 τίς
2673 2692 2732 2742 τὸ
2767 2692 3022 2760 ποτήριον
3050 2689 3390 2760 ἀποστρέψαι
3415 2705 3508 2742 σου
3540 2687 3763 2740 δύναται
3785 2703 3799 2748 ;

2221 2775 2290 2832 Ὦ
2339 2781 2587 2845 τάλαινα,
2619 2780 2799 2848 ἔξελθε
2850 2781 2987 2849 μετά
3035 2780 3333 2851 αἰσχύνης·
3382 2780 3622 2850 χωρίζου
3683 2778 3800 2850 μετ’

2221 2871 2431 2940 ὀδύνης.
2479 2871 2668 2941 Δεῦρο,
2723 2871 3083 2936 κσταδικάζου
3115 2874 3175 2924 ἐν
3232 2871 3365 2941 πυρὶ
3396 2871 3620 2942 αἰωνίῳ.
3657 2872 3800 2921 κατὰ

2233 2963 2331 3042 τὴν
2365 2961 2592 3024 ἀταξίαν
2618 2979 2732 3026 σου,
2752 2963 2846 3015 καὶ
2876 2961 3017 3016 κατὰ
3037 2963 3134 3025 τὰς
3164 2962 3388 3034 πράξεις
3414 2978 3531 3014 σου.
3558 2961 3800 3029 Οὐδεμία

2225 3068 2316 3103 σου
2339 3051 2523 3103 λοιπὸν
2544 3053 2719 3115 ἐλπίς.
2766 3053 2879 3105 Οὐκ
2932 3052 3048 3105 ἐστι
3096 3053 3338 3121 σωτηρία
3363 3067 3376 3081 ⁸
3415 3052 3516 3108 οὐκ
3559 3052 3674 3104 ἔστι
3705 3068 3800 3120 με-

2223 3143 2439 3196 τάνοια·
2476 3145 2576 3196 οὐκ
2631 3143 2778 3195 ἐστιν
2806 3143 3099 3212 ἀνάκλησις
3124 3158 3139 3172 ⁸
3174 3143 3274 3195 οὐκ
3320 3142 3467 3196 ἐστιν
3489 3143 3668 3205 ἔλεος·
3703 3143 3801 3193 οὐκ

2225 3235 2361 3285 είσὶν
2391 3233 2692 3302 οίκτιρμοί’
2731 3234 2832 3287 οὐκ
2881 3234 3027 3304 ἔχεις
3081 3232 3484 3304 παραμυθίαν(
3529 3233 3626 3285 οὑκ
3657 3233 3801 3284 ἐστιν

2225 3324 2464 3392 ὰναμονη
2487 3339 2499 3354 ⁸
2530 3326 2630 3376 οὐκ
2658 3325 2800 3394 ἔχεις
2824 3324 3236 3395 φιλανθρωπίαν
3256 3339 3271 3353 ⁸
3299 3323 3396 3376 οὐκ
3429 3321 3546 3375 ἔστι
3574 3339 3655 3375 σοι
3690 3323 3798 3374 λοι-

2224 3415 2324 3466 πὸν
2349 3414 2724 3485 φιλανθρωπία
2751 3432 2763 3444 ·
2788 3417 2888 3468 οὐκ
2927 3415 3041 3467 ἐστι
3103 3431 3184 3466 σοι
3213 3413 3397 3466 λοιπὸν
3427 3412 3797 3483 εύσπλαγχνία

2226 3506 2585 3577 κολαζομένη,
2620 3507 2752 3560 ἀλλὰ
2783 3507 2999 3569 αἰώνιος
3021 3505 3283 3577 τιμωρία.

2298 3681 2483 3735 Ταῦτα
2515 3682 2863 3746 ἀκούσαντες,
2896 3684 2989 3736 καὶ
3037 3684 3389 3749 πιστεύοντες
3421 3683 3596 3755 άληθῆ
3635 3679 3798 3748 εἶναι,

2227 3775 2318 3826 καὶ
2339 3774 2398 3826 οὐ
2428 3773 2650 3842 μύθους,
2701 3773 3119 3844 ἀγωνισώμεθα,
3154 3776 3258 3845 πρὸ
3283 3777 3380 3844 τῆς
3409 3776 3557 3845 ὧρας
3589 3777 3801 3846 ἐκείνης

2226 3861 2359 3916 εἶναι
2390 3865 2615 3934 ἕτοιμοι.
2653 3866 3010 3935 Σεσυνήθικα,
3037 3867 3130 3920 καὶ
3175 3868 3236 3919 οὐ
3265 3867 3503 3936 δύναμαι
3542 3869 3804 3938 μετανοῆ-

2229 3974 2338 4010 σαι.
2403 3957 2514 4025 Οὐχ
2547 3959 2678 4028 ὁρᾷς
2708 3957 2777 4009 τὰ
2807 3959 2977 4027 νήπια
3018 3959 3088 4011 τὰ
3121 3957 3376 4026 θηλάζειν
3410 3960 3797 4027 συνηθίσαντα,

2227 4049 2342 4109 πῶς
2380 4048 2520 4100 κατὰ
2560 4049 2776 4117 μικρδνκ
2803 4049 3214 4118 άνακόπτομεν;
3272 4051 3344 4121 μὴ
3405 4051 3798 4122 πλανηθῶμεν,

2225 4137 2465 4204 ἀδελφοί.
2516 4137 2710 4206 Κρίσις
2762 4137 2941 4188 ἐστίν’
2997 4137 3215 4200 κόλασις
3281 4139 3494 4204 αἰώνια,
3539 4143 3630 4192 καὶ
3695 4139 3803 4210 πῦρ

2225 4228 2508 4294 ἄσϐεστον,
2540 4229 2633 4281 καὶ
2671 4215 2884 4297 σκώληξ
2911 4228 3229 4302 ἀκοίμητος,
3263 4232 3353 4282 καὶ
3387 4232 3679 4299 τάρταρος,
3712 4234 3802 4283 καὶ

2229 4318 2491 4388 βρυγμὸς,
2523 4319 2616 4370 καὶ
2639 4318 2932 4386 κλαυθμὸς,
2952 4318 3024 4380 ὡς
3057 4321 3084 4370 ό
3115 4319 3312 4388 Κύριος
3340 4322 3396 4372 ὲν
3424 4323 3534 4382 τοῖς
3559 4322 3803 4388 Εὐαγγε-

2227 4409 2359 4472 λίοις
2381 4410 2782 4479 ἐμνημόνευσεν
2801 4425 2812 4437 ’
2853 4410 2945 4462 καὶ
2978 4411 3037 4462 ού
3060 4409 3331 4478 ψεύδεται,
3375 4412 3448 4480 μὴ
3471 4413 3702 4478 γένοιτο.
3741 4413 3802 4465 '0

1970 4501 2124 4553 verba
2159 4492 2201 4546 D
2233 4500 2338 4567 γὰρ
2380 4499 2658 4568 οὐρανὸς,
2696 4500 2882 4569 φησιν,
2918 4501 3016 4554 καὶ
3045 4502 3082 4566 ἡ
3131 4499 3220 4568 τῆ
3249 4503 3714 4569 παρελεύσεταιο
3751 4505 3802 4556 οι

2234 4589 2300 4642 δὲ
2330 4590 2500 4658 λόγοι
2523 4607 2642 4656 μου
2677 4591 2749 4642 οὐ
2774 4589 2858 4658 μὴ
2891 4590 3288 4657 παρέλθωσιν.
3343 4589 3560 4643 Τούτων
3614 4593 3800 4656 αὑτοῦ,

2233 4677 2470 4746 ἀδελφοὶ,
2494 4679 2600 4732 τῶν
2636 4678 2880 4749 φοϐερῶν
2912 4680 3103 4747 λόγων,
3139 4680 3358 4743 καὶτῆς
3391 4683 3624 4752 φρικτῆς
3656 4683 3807 4754 ὧρας

2233 4772 2448 4842 ἐκείνης
2481 4772 2581 4841 τῆς
2615 4773 3018 4843 προειρημένης
3057 4772 3142 4824 διὰ
3178 4773 3374 4834 παντὸς
3421 4775 3806 4842 μνημονεύσω-

2229 4877 2346 4932 μεν’
2384 4858 2442 4914 tv
2455 4863 2689 4933 ἑσπέρᾳ,
2715 4863 2810 4914 καὶ
2844 4861 3007 4932 πρωῒ,
3045 4861 3499 4931 καὶ-μεσημϐρία·
3526 4865 3584 4914 ἐν
3605 4865 3800 4934 ἀγορᾷ,

2227 4956 2282 5005 ὲν
2303 4952 2584 5022 ἐκκλησίᾳ,
2616 4954 2672 5004 ἐν
2705 4952 3032 5022 πανηγύρει,
3059 4954 3117 5005 tv
3147 4952 3324 5022 κλίνῃ,
3355 4954 3412 5005 ἐν
3437 4951 3725 5022 βαλανεέῳ,
3750 4958 3803 5004 ὲν

2227 5042 2475 5115 τραπέζῃ
2503 5042 2815 5107 δοξάζοντες
2873 5043 3128 5112 μάλιστα,
3189 5044 3278 5096 ἵνα
3309 5044 3383 5112 μὴ
3411 5043 3552 5115 ὑπὲρ
3605 5050 3803 5112 μέτρον

2229 5137 2614 5204 τρυφήσωμεν.
2671 5135 2958 5202 Μηδέποτε
2989 5135 3193 5204 ταύτης
3227 5116 3644 5202 ἐπιλαθώμεθα·
3672 5134 3804 5200 φησι

2229 5227 2336 5294 γὰρ
2364 5227 2397 5294 ἡ
2421 5226 2539 5278 θεία
2561 5223 2777 5295 Γραφὴ,
2793 5224 3283 5294 ’Υπομιμνήσκου
3312 5226 3382 5278 τὰ
3408 5222 3640 5292 ἐσχατά
3662 5238 3803 5289 σου,

2231 5318 2327 5371 καὶ
2360 5321 2447 5382 εὶς
2480 5319 2585 5371 τὸν
2609 5316 2792 5370 αἰῶνα
2823 5319 2894 5370 οὐ
2919 5316 3004 5385 μὴ
3043 5307 3416 5384 ἁμαρτήσῃς.

2301 5410 2452 5478 Τάχα
2473 5410 2529 5463 δὲ
2549 5409 2743 5479 μικρὸν
2772 5409 2884 5477 ἐγὼ
2908 5408 3002 5462 τοῦ
3034 5409 3207 5477 Σοφού
3238 5410 3328 5460 τὸν
3351 5408 3511 5474 λόγον
3543 5406 3803 5460 inlicito.

2229 5517 2354 5562 των,
2381 5501 2550 5566 λέγω’
2577 5499 3048 5570 Ὑπομιμνὴσκου,
3078 5499 3123 5552 ὦ
3164 5500 3448 5570 ἄνθρωπε,
3461 5500 3570 5552 τῶν
3600 5502 3656 5552 tv
3691 5503 3806 5567 αἰχ-

2234 5593 2479 5663 μαλωσίᾳ
2505 5591 2747 5662 ἀδελφῶν
2769 5592 2946 5664 ἡμῶν,
2983 5591 3076 5646 καὶ
3114 5594 3192 5656 εἰς
3220 5592 3388 5646 αἰῶνα
3412 5592 3472 5646 οὐ
3517 5593 3592 5662 μὴ
3629 5590 3809 5664 ἁμάρε
