4076 6330
234 332 378 393 ἓὲὓθ
1713 331 1757 388 Ν
1766 330 1841 388 0'1

1865 332 1935 387 l'i‘
1945 327 1966 386 Ι
1976 330 2011 385 Α
2024 375 2036 386 .
3339 320 3475 383 3270

1112 521 1465 532 “mm
1478 520 1585 529 vo.“
1596 515 2189 531 “4-m-
2206 519 2263 527 ς..
2276 519 2722 529 -ι--σ-οηη--μ-η-ν--σ--σ-

1842 517 2821 531 Μ-ςφαψ-Ψ-Μ-ῸΜ
2868 520 2879 529 .Δ
2910 515 3452 527 ..Μ’-μοι...-

1538 668 1831 727 ΝΟΤΙΤΙΛ
1875 669 2114 727 ALTER
2128 672 2189 727 .\.

1316 828 1592 897 (LEQUIEN.
1625 826 1715 881 0r.
1751 827 1943 881 Christ.
1977 837 2013 880 ι.
2044 828 2130 889 ill,
2161 846 2211 895 p.
2247 827 2395 895 2.28.)

313 1124 574 1179 Zacharia
599 1122 1094 1194 llierosolymitano
1122 1120 1435 1191 patriarcha
1475 1120 1715 1175 abducto
1752 1120 1806 1173 in
1831 1119 2109 1173 Persidem
2158 1134 2300 1172 anno
2333 1118 2534 1171 Christi
2591 1118 2714 1178 6H,
2752 1118 2899 1170 circa
2942 1132 3185 1169 mensem
3233 1115 3477 1175 Junium,

241 1224 305 1265 ut
334 1228 499 1280 supra
550 1212 758 1265 dictum
782 1220 888 1270 est,
924 1225 993 1263 ne
1024 1207 1261 1277 pastoris
1290 1207 1554 1275 regimine
1602 1207 1718 1259 haec
1751 1206 1989 1260 ecclesia
2040 1214 2277 1267 careret,
2313 1206 2432 1274 ejus
2464 1204 2997 1258 administrationem
3027 1204 3260 1271 sumpsit
3302 1204 3387 1255 tad
3426 1203 3479 1255 id

240 1300 564 1367 designatus
588 1298 779 1366 procul
805 1296 975 1350 dubio
1006 1296 1075 1349 ab
1106 1295 1225 1363 ipso
1251 1293 1518 1346 Zacharia
1544 1309 1679 1346 suus
1710 1308 1809 1361 per
1844 1293 2148 1345 absentiam
2170 1292 2431 1356 vicarius,
2465 1307 2528 1345 ac
2557 1292 2622 1343 de
2644 1306 2916 1344 consensu
2940 1290 3321 1358 episcoporum
3354 1304 3480 1358 pro-

240 1385 441 1438 vincite
474 1385 567 1451 qui
598 1383 975 1452 captivitatem
1000 1381 1328 1450 effugerant)
1360 1380 1661 1441 Modestus,
1699 1383 1765 1431 de
1798 1394 1907 1448 quo
1938 1380 2271 1432 Antiochum
2318 1379 2373 1431 in
2421 1379 2655 1447 epistola
2700 1379 2809 1447 jam
2862 1376 3029 1430 (itala
3065 1378 3309 1429 locutum
3344 1378 3483 1428 vidi-

242 1486 387 1524 mus.
419 1471 471 1523 Is
493 1470 818 1538 praepositus
838 1477 955 1522 erat
989 1467 1309 1521 monasterii
1344 1466 1517 1519 sancti
1551 1465 1846 1518 Theodosii
1873 1467 1923 1519 in
1952 1466 2256 1530 Paltustina,
2289 1482 2354 1520 cx
2380 1466 2718 1534 l‘apebroeh.
2758 1475 2883 1517 tom.
2924 1464 2979 1516 ΙΙ
3014 1463 3201 1523 .llart.,
3235 1465 3303 1515 ad
3346 1464 3483 1515 diem

244 1558 335 1620 Η,
363 1574 415 1610 n.
460 1556 548 1619 2i,
581 1572 701 1622 pag.
739 1555 830 1613 68.
858 1555 957 1607 col.
984 1555 1035 1607 ‘3.
1065 1552 1296 1619 Quando
1327 1553 1440 1606 lucc
1489 1551 1637 1605 sedis
1686 1551 2194 1621 llierosolymitanm
2232 1567 2361 1605 cura
2392 1552 2440 1615 ei
2472 1554 2765 1604 conmissa
2821 1559 2923 1610 est,
2982 1549 3305 1617 insignitum
3356 1564 3486 1615 pro-

243 1652 431 1710 pterca
459 1640 755 1708 episcOpali
786 1647 1085 1698 caractcre,
1115 1639 1243 1693 licet
1277 1652 1535 1706 expresse
1575 1653 1685 1689 non
1724 1636 1945 1690 tradant
1978 1645 2254 1700 auctores,
2288 1637 2437 1689 illum
2472 1637 2558 1689 vix
2609 1636 2818 1689 inﬁcias
2853 1635 3033 1695 iverit,
3069 1635 3159 1702 qui
3206 1635 3483 1697 eumdem,

242 1730 465 1782 vivente
492 1728 673 1781 adhuc
699 1727 985 1788 Zacharia,
1010 1726 1518 1795 Hierosolymorum
1543 1725 1833 1794 praesulem
1867 1726 2142 1777 interdum
2171 1724 2440 1776 nominari
2466 1723 2787 1775 tltl\CI‘lCl'li.
2819 1722 2892 1773 Ea
2920 1722 3103 1789 itaque
3134 1721 3485 1773 administra-

244 1814 394 1867 tione
428 1822 643 1874 auctus,
673 1813 956 1864 nominato
987 1811 1039 1863 in
1070 1810 1319 1879 prmdicti
1346 1810 1669 1865 monasterii
1694 1811 1945 1863 abbatem
1985 1810 2241 1879 Georgio,
2274 1824 2469 1875 magno
2501 1808 2720 1871 ardore,
2750 1824 2855 1859 non
2894 1807 2959 1859 iis
3008 1817 3216 1859 tantum
3255 1822 3376 1874 qua:
3418 1806 3483 1857 ad

244 1900 591 1967 spiritualem
619 1898 926 1951 animarum
958 1898 1290 1966 profectum,
1333 1906 1391 1951 et
1420 1898 1812 1949 monachorum
1842 1897 2113 1964 imprimis
2140 1897 2386 1965 requiem
2422 1896 2731 1947 attinebant
2768 1895 3066 1962 prospexit.
3114 1894 3207 1946 sed
3260 1894 3486 1960 insuper

244 1987 403 2053 quasi
438 1986 575 2039 alter
607 1985 936 2046 Zorobabel,
969 1984 1022 2037 in
1060 1984 1439 2037 restaurandis
1461 1984 1707 2056 aediﬁciis
1736 1998 1799 2037 ac
1850 1984 2066 2050 templis
2098 2000 2217 2051 qua:
2270 1982 2391 2051 igne
2428 1992 2753 2051 consumpta
2789 1982 3026 2041 luerunt,
3065 1980 3488 2033 adversantibus

244 2074 377 2126 iicet
416 2082 526 2126 tota
557 2073 756 2125 virtute
788 2072 1012 2134 JlltliClS,
1046 2072 1338 2140 Persisque
1370 2072 1706 2141 tyrannicam
1729 2080 1851 2123 actu
1894 2072 2285 2124 exercentibus
2315 2071 2367 2122 in
2402 2071 2686 2123 Pala‘stina
2718 2070 3172 2131 dominationem,
3209 2068 3354 2136 quod
3388 2068 3489 2119 im-

243 2159 509 2225 possibile
538 2159 854 2221 videhatur,
886 2170 1167 2213 strenuam
1204 2157 1566 2211 nihilominus
1596 2157 1839 2210 admovit
1875 2174 2119 2227 operam.
2175 2158 2566 2211 Monachorum
2613 2158 2707 2226 qui
2743 2174 2771 2209 a
2830 2156 3120 2209 Saracenis
3174 2156 3488 2209 immaniter

249 2246 505 2299 trucidati
550 2245 766 2299 fuerant
800 2244 1090 2312 exsequias
1133 2244 1445 2298 celebrasse
1472 2243 1583 2311 jam
1619 2242 2058 2307 observavimus,
2119 2254 2377 2297 narrante
2409 2245 2701 2306 Antiocho,
2752 2244 2845 2312 qui
2902 2244 2980 2296 sic
3026 2242 3379 2311 prosequitur
3433 2243 3487 2296 in

247 2332 440 2384 eadem
474 2332 703 2400 epistola
737 2348 824 2399 pp.
867 2330 1019 2392 [(323,
1054 2330 1215 2394 i021,
1253 2338 1307 2383 et
1340 2328 1484 2397 apud
1519 2329 1719 2383 Baron.
1745 2329 1810 2381 ad
1843 2346 1971 2383 ann.
2002 2330 2105 2383 €06
2158 2347 2254 2385 nn.
2296 2332 2327 2384 5
2369 2317 2507 2384 et'ﬁ.
2536 2330 2639 2384 Nos
2672 2330 2891 2399 proinde
2930 2328 3155 2381 humiles
3190 2337 3239 2380 et
3276 2329 3487 2397 objecti,

246 2419 424 2485 gratia
456 2418 682 2486 primum
709 2416 819 2479 Dei,
846 2417 1032 2469 deinde
1058 2419 1195 2468 seria
1230 2415 1513 2468 admodum
1542 2424 1591 2467 et
1615 2424 1867 2468 accurata
1892 2416 2165 2486 diligentia
2203 2419 2593 2486 prtcmemorati
2630 2417 2949 2469 sanctissimi
2983 2415 3221 2477 Modesti,
3248 2416 3483 2467 sedenta-

250 2506 387 2555 riam
414 2505 547 2555 hanc
585 2504 839 2572 exigimus
861 2504 1022 2555 vitam
1052 2503 1106 2555 in
1135 2502 1376 2554 liberiore
1418 2511 1466 2553 et
1511 2501 1883 2570 tranquilliora
1906 2506 2030 2556 otio.
2074 2504 2140 2557 Et
2170 2520 2361 2557 rursus
2400 2521 2411 2554 :
2453 2501 2637 2556 Gratia
2685 2504 2807 2554 item
2841 2502 3055 2563 Christi,
3103 2502 3194 2553 sed
3233 2510 3282 2553 ct
3307 2500 3491 2553 solerti

249 2590 539 2642 sedulitate
556 2590 675 2659 jam
708 2591 833 2641 dicti
864 2589 1149 2643 venerandi
1178 2588 1416 2658 apprime
1449 2587 1627 2641 Patris
1656 2591 1822 2642 nostri
1864 2590 2102 2655 Modesti,
2149 2602 2334 2643 cuncta
2392 2593 2445 2643 id
2489 2593 2737 2659 temporis
2772 2590 3075 2643 it-roluntur
3138 2591 3299 2659 eﬂ'usa
3341 2591 3490 2642 istius

250 2677 414 2728 eremi
443 2677 784 2729 monasteria.
815 2676 880 2728 Et
906 2675 1066 2744 paulo
1094 2682 1219 2743 post
1245 2691 1257 2725 :
1289 2672 1582 2743 Supersunt
1611 2676 1795 2728 nuntia
1821 2676 2020 2747 aliquot
2043 2678 2172 2731 sane
2199 2694 2358 2746 quam
2398 2678 2541 2740 la'ta,
2576 2694 2794 2746 quorum
2826 2676 2973 2744 ﬁdeli
3004 2675 3196 2739 relatu,
3229 2686 3276 2729 et
3297 2685 3488 2737 vestra,

254 2775 300 2816 et
342 2765 509 2816 omnis
539 2764 812 2819 sinceriter
844 2762 1133 2818 Christiani
1159 2764 1339 2815 anima
1369 2770 1552 2815 merito
1586 2764 1746 2831 possit
1780 2765 2179 2819 exhilaresrerc.
2208 2767 2329 2821 Ha‘c
2357 2768 2517 2836 igitur
2547 2784 2607 2819 et:
2659 2776 2902 2835 promptu
2928 2777 2977 2818 et
3010 2766 3191 2819 alacer
3234 2768 3493 2819 annuntio

252 2853 430 2904 vobis:
468 2850 725 2904 Modestus
746 2851 1045 2903 sanctitatis
1079 2850 1283 2903 eximia:
1312 2851 1393 2902 vir
1424 2852 1507 2919 (de
1535 2867 1635 2918 quo
1664 2868 1764 2903 non
1797 2851 1956 2905 semel
2006 2855 2247 2917 dictum),
2281 2870 2382 2905 non
2407 2870 2581 2906 eorum
2626 2852 2776 2905 modo
2812 2854 3081 2921 providam
3134 2854 3263 2922 gerit
3309 2869 3491 2905 curam

258 2939 540 2997 sollicitus,
573 2955 689 3005 qua:
724 2955 816 3006 per
849 2939 983 2990 hanc
1009 2948 1213 2991 vastam
1246 2954 1475 2989 ercmum
1511 2940 1739 3006 sparsim
1768 2938 1985 3007 disjectu
2018 2948 2139 2992 sunt
2169 2943 2629 3001 monasteriorum,
2653 2940 2741 2993 sed
2781 2949 2828 2991 et
2857 2939 3192 2992 moderandw
3218 2940 3336 2991 huic
3366 2941 3494 2991 civi-

252 3027 373 3088 tati,
406 3042 467 3078 ac
490 3028 745 3078 universi?
779 3025 1216 3092 circumﬁnitimcc
1269 3026 1469 3093 regioni
1507 3024 1726 3077 solerter
1765 3027 2033 3094 prospicit,
2076 3025 2183 3079 Deo
2211 3028 2372 3078 eidem
2398 3037 2704 3094 cooperante
2736 3028 2791 3079 in
2846 3026 3104 3078 omm‘bus.
3129 3025 3222 3077 llic
3264 3027 3401 3077 enim
3426 3026 3496 3076 ad

254 3114 426 3164 vivum
461 3111 602 3163 nobis
630 3111 874 3179 exprimit
904 3112 1187 3180 imaginem
1214 3111 1330 3162 novi
1357 3110 1651 3179 cujuspiam
1680 3109 1975 3174 Beseleelis,
2008 3121 2100 3163 aut
2129 3120 2266 3163 certe
2288 3111 2640 3163 Zorobabrlis.
2669 3110 2854 3165 Gratia
2896 3112 3031 3163 enim
3054 3110 3239 3179 plenus
3271 3108 3494 3180 Spiritus

252 3197 448 3259 sancti,
479 3197 673 3266 templa
705 3196 997 3250 Saluatoris
1030 3199 1195 3250 nostri
1224 3196 1348 3250 Iesu
1380 3197 1593 3260 Christi,
1615 3213 1730 3265 quae
1782 3198 1988 3266 quidem
2040 3198 2317 3250 barbarico
2362 3200 2479 3265 igne
2522 3200 2941 3268 conﬂagrarunt,
2993 3200 3046 3250 in
3096 3198 3317 3251 sublime
3347 3200 3495 3267 erigit

256 3286 400 3336 omni
426 3279 641 3352 prorsus
666 3286 826 3352 iligna
861 3285 1211 3344 veneratione,
1244 3292 1370 3352 puta
1424 3284 1559 3335 aedes
1590 3293 1789 3337 sancta:
1822 3282 2105 3347 Calvaritc,
2161 3300 2222 3335 ac
2273 3294 2472 3336 sttttcla'
2524 3284 2959 3344 Resurrtctionis,
3020 3284 3229 3336 domum
3282 3286 3498 3354 insuper

255 3372 472 3439 dignam
493 3372 635 3423 onmi
663 3372 857 3423 honore
877 3370 1189 3423 venerandae
1215 3369 1415 3434 Crucis,
1447 3386 1564 3439 qua:
1591 3369 1762 3422 Mater
1788 3370 2144 3424 Ecclesiarum
2176 3381 2287 3435 est;
2322 3373 2411 3423 sed
2432 3382 2481 3423 et
2502 3382 2698 3425 sancta:
2720 3373 3101 3441 Assumptionis
3124 3373 3284 3425 a'dem
3316 3390 3344 3423 α
3378 3374 3500 3439 {uno

255 3457 515 3511 (lamentis
556 3446 847 3523 extrdiﬁcat
882 3458 1053 3509 :adeo
1081 3466 1138 3508 ut
1169 3472 1260 3524 per
1286 3457 1395 3508 lucc
1434 3456 1557 3508 laeta
1592 3457 1767 3520 initia,
1800 3456 1863 3508 de
1902 3457 2092 3525 futuris
2129 3474 2332 3528 quoque
2377 3475 2491 3526 spes
2538 3458 2894 3525 amplissimas
2940 3460 3316 3526 concipiamus,
3348 3461 3500 3529 idque

256 3544 337 3597 vel
359 3544 419 3596 ob
451 3560 532 3596 eos
560 3546 787 3596 maxime
807 3544 897 3612 qui
934 3544 1032 3595 huc
1065 3551 1351 3611 sperantur
1380 3544 1585 3595 venturi
1617 3542 1680 3595 ab
1711 3544 1938 3596 externis
1966 3546 2259 3613 regionibus
2289 3554 2473 3598 sancta
2504 3546 2612 3597 ha'c
2644 3544 2759 3597 loca
2792 3555 2845 3597 ut
2886 3545 3127 3604 adorent,
3160 3556 3213 3598 ut
3245 3562 3421 3599 omnes
3444 3548 3499 3598 in

257 3646 531 3683 commune
559 3629 911 3699 gloriﬁcemus
944 3629 1133 3681 Deum.
1182 3628 1306 3682 "me
1334 3631 1657 3683 Antiochus.
1704 3629 2116 3697 I’apehroehius
2168 3646 2301 3684 vero
2345 3641 2498 3683 tract.
2538 3630 2827 3699 pra'limin.
2865 3633 2917 3682 in
2951 3642 3075 3683 tom.
3106 3631 3192 3685 III
3222 3635 3498 3689 Actorum,

258 3717 450 3769 mensis
481 3715 630 3779 Maii,
656 3732 707 3783 p.
741 3716 830 3777 5|,
858 3732 911 3766 η.
948 3716 1066 3775 156,
1101 3716 1199 3768 col.
1241 3717 1286 3778 l,
1322 3726 1606 3784 postquam
1645 3716 1833 3769 retulit
1880 3718 2051 3770 verba
2083 3718 2331 3785 qumdam
2369 3718 2613 3784 epistola)
2648 3716 2927 3769 Zachariae
2960 3716 3014 3769 in
3044 3717 3267 3771 Perside
3300 3718 3499 3785 captivi

257 3802 327 3855 ad
359 3803 622 3871 populum
668 3801 1251 3871 Hierosolymitanum,
1295 3817 1416 3871 quae
1462 3818 1561 3855 nos
1612 3818 1773 3871 supra
1805 3792 1873 3855 de
1898 3802 2159 3855 Zacharia
2188 3814 2414 3872 agentes
2447 3818 2511 3855 ex
2539 3802 2657 3870 ipso
2694 3802 3047 3865 adduximus,
3087 3804 3314 3857 subdit:
3356 3804 3503 3857 Hanc

258 3890 567 3958 epistolam,
598 3888 887 3957 prolixiori
922 3888 1051 3950 alia,
1090 3888 1362 3957 planeque
1398 3888 1463 3940 ad
1496 3888 1819 3942 movendam
1850 3892 2333 3957 compunctionem
2373 3888 2600 3951 eﬁicaci,
2658 3887 2724 3941 ad
2768 3903 2961 3943 omnes
3002 3889 3193 3943 ﬁdeles
3241 3891 3501 3944 exhorta-

261 3976 410 4029 tione
438 3974 793 4043 prosequitur
821 3973 1096 4029 Modestus
1130 3974 1406 4028 Zachariae
1444 3975 1710 4035 vicarius;
1742 3984 1797 4029 et
1854 3985 2112 4044 tanquam
2142 3991 2303 4028 suum
2358 3984 2748 4029 testamentum
2785 3975 3050 4040 condens,
3104 3979 3285 4032 omnis
3309 3979 3503 4031 condi-

260 4060 449 4123 tionis,
481 4061 657 4115 aetatis
679 4076 741 4114 ac
776 4076 939 4115 sexus
978 4061 1167 4114 ﬁdeles
1193 4061 1358 4115 oﬁicii
1384 4062 1469 4114 sui
1498 4062 1780 4124 admonet,
1809 4062 2080 4130 incipiens
2110 4062 2175 4114 ab
2200 4062 2454 4115 tristibus
2498 4062 2566 4115 iis
2605 4078 2729 4129 qua:
2774 4062 2979 4115 residui
3024 4063 3079 4116 in
3123 4064 3259 4117 urbe
3318 4074 3504 4117 saneta

260 4146 474 4209 ﬁdeles,
512 4154 631 4215 post
661 4161 907 4209 crucem,
937 4147 1305 4215 patriarchatn
1333 4154 1389 4200 et
1414 4157 1646 4201 eceteros
1681 4148 1971 4210 abductos,
2002 4148 2284 4211 viderunt.
2311 4148 2524 4202 Laudat
2550 4149 2603 4200 in
2636 4147 2827 4216 primis
2871 4149 3233 4202 Nicodemum
3279 4165 3342 4203 ac
3374 4166 3505 4204 con-

255 4235 442 4303 jugem
468 4232 864 4301 Magdalenam,
900 4235 988 4301 qui
1015 4244 1293 4303 postquam
1324 4243 1493 4286 uostes
1526 4235 1767 4286 exiissem
1797 4242 1954 4302 atque
1983 4235 2035 4286 in
2062 4234 2329 4286 Persidem
2367 4235 2660 4297 retliisscnt,
2690 4243 2853 4287 totam
2895 4235 3089 4287 circum
3124 4235 3303 4288 urbem
3330 4252 3392 4288 ac
3429 4238 3506 4288 vi-

260 4338 347 4376 cos
373 4321 681 4384 lustrantes,
719 4322 1049 4391 fratrumque
1082 4321 1333 4389 reliquias
1376 4321 1665 4386 insepulta:
1692 4323 1871 4391 jacere
1926 4321 2317 4388 conspicientes,
2363 4321 2594 4389 projecta
2638 4322 2868 4390 sparsio:
2936 4324 3193 4373 cadavera
3230 4337 3505 4374 coacerva-

262 4418 386 4461 runt
410 4410 465 4461 in
500 4425 734 4478 specum,
761 4425 877 4477 quce
900 4417 975 4461 est
1008 4418 1132 4461 ante
1168 4417 1399 4476 portam,
1438 4410 1506 4461 ad
1524 4411 1802 4478 sexaginta
1830 4408 2057 4475 quinque
2077 4408 2267 4458 millia.
2301 4406 2369 4458 Ει
2399 4407 2555 4460 abiis
2583 4408 2798 4475 exquiri
2826 4407 3004 4475 jubet,
3033 4424 3135 4475 qua
3161 4407 3333 4476 {arma
3351 4418 3508 4476 atque

261 4497 443 4574 hpbitu
470 4496 871 4549 inveniebantur
901 4495 1181 4548 solostrati
1203 4497 1339 4548 beati
1367 4495 1446 4548 illi
1469 4497 1556 4565 qui
1578 4497 1670 4549 sub
1702 4497 1755 4548 id
1782 4507 1981 4565 tempus
2003 4503 2309 4549 meruerunt
2338 4495 2715 4578 Hierosolyst
2746 4496 2929 4548 occidi.
2961 4495 3075 4559 Quo
3100 4496 3252 4547 modo
3276 4493 3504 4551 scilicet.

264 4583 405 4636 alter
431 4600 462 4635 a
495 4584 665 4651 capite
692 4583 759 4634 ad
786 4600 875 4635 cor
906 4599 1067 4652 usque
1092 4582 1282 4635 vulnus
1312 4592 1605 4650 acceperat,
1655 4582 1791 4635 alter
1821 4585 1884 4637 ab
1921 4586 2153 4637 humeris
2186 4585 2257 4636 ad
2288 4600 2449 4652 usque
2505 4594 2761 4645 ventrem,
2788 4583 2924 4636 alius
2948 4584 3175 4652 quinque
3219 4582 3299 4635 vel
3330 4583 3506 4636 decem

262 4670 394 4722 ictus
422 4670 478 4721 in
501 4669 761 4721 intestinis
785 4668 1026 4729 habebat,
1054 4669 1193 4721 alius
1226 4669 1473 4721 dissectus
1498 4670 1695 4721 medius
1729 4672 1884 4739 inque
1914 4671 2017 4738 duo
2050 4671 2243 4723 divisus
2270 4680 2406 4733 erat,
2448 4671 2544 4723 alii
2587 4678 2767 4723 ventre
2815 4687 2936 4723 ense
2969 4671 3214 4747 perfosso
3255 4664 3506 4723 intestina

267 4757 444 4811 omnia
475 4757 634 4825 eﬂ'usa
656 4755 909 4825 ﬂuebant,
937 4755 1126 4817 alium,
1164 4757 1271 4807 oris
1309 4756 1482 4808 instar
1507 4758 1561 4808 in
1594 4756 1836 4817 macello,
1867 4758 1971 4809 a'iri
2000 4756 2274 4823 carnifices
2304 4759 2355 4809 in
2389 4757 2560 4823 frusta
2617 4756 2774 4825 plura
2802 4755 3161 4817 conciderant,
3191 4763 3287 4807 etc.
3317 4754 3357 4807 A
3396 4755 3508 4809 Mo-

266 4840 425 4893 desto
453 4839 509 4894 S.
541 4840 867 4893 Anastasius
894 4842 1077 4902 Persa,
1110 4842 1201 4909 qui
1234 4857 1426 4896 recens
1462 4841 1621 4895 ﬁdem
1646 4842 1845 4896 Christi
1886 4843 2168 4911 amplexus
2204 4843 2403 4907 fuerat,
2445 4845 2778 4912 baptismum
2824 4842 3067 4910 suscepit
3095 4841 3504 4911 Hierosolymis,

268 4937 327 4980 ut
354 4927 526 4979 refert
553 4927 720 4995 hujus
745 4928 1008 4995 temporis
1033 4929 1277 4996 scriptor;
1304 4929 1357 4981 in
1392 4930 1542 4982 Actis
1575 4930 1715 4997 ejus,
1738 4946 1859 4997 qua:
1897 4930 1950 4991 in
1980 4931 2219 4983 secunda
2272 4930 2481 5001 synodo
2521 4932 2737 4985 Nion-na
2767 4930 3045 4999 proposita
3076 4938 3223 4981 sunt.
3278 4928 3508 4983 Exstant

266 5013 411 5081 apud
439 5012 732 5065 Baronium
765 5013 829 5065 ad
865 5029 1067 5066 annum
1094 5015 1197 5067 6H
1223 5030 1293 5083 nn
1345 5015 1411 5067 35
1434 5025 1489 5067 et
1521 5031 1673 5084 seqq.
1712 5032 1777 5069 ex
1801 5016 2165 5084 Metaphraste
2200 5026 2416 5085 sumpta
2445 5037 2457 5079 ;
2488 5018 2581 5072 sed
2606 5014 2862 5085 quaripse
2885 5016 3119 5085 sumpsit
3139 5031 3205 5069 ex
3228 5016 3377 5070 Actis
3400 5016 3508 5071 illis

270 5098 671 5153 vetustioribus
697 5098 749 5150 in
782 5099 992 5167 synodo
1026 5100 1250 5153 Nicena
1271 5091 1514 5154 secunda
1543 5102 1743 5163 allatis,
1769 5110 1825 5155 et
1871 5118 1899 5155 a
1932 5104 2065 5157 Boli.
2095 5106 2384 5158 recensitis
2439 5106 2506 5158 ad
2555 5105 2699 5158 diem
2722 5104 2792 5159 9.2
2818 5104 3041 5157 Januar.
3072 5102 3194 5157 litae
3223 5114 3405 5156 autem
3441 5120 3509 5157 ex

264 5184 501 5239 Baronio
527 5185 834 5260 transcribo
869 5202 883 5239 :
912 5184 1041 5239 Cum
1073 5203 1269 5255 magna
1301 5189 1486 5241 civitas
1524 5188 2004 5259 Hierosolymorum
2030 5202 2186 5263 capta
2212 5194 2390 5262 fuisset
2429 5211 2460 5246 a
2494 5209 2614 5263 rege
2639 5193 2945 5254 Persarum,
2981 5201 3027 5243 et
3059 5192 3201 5260 facta
3232 5190 3329 5243 illa
3360 5190 3505 5252 loca,

266 5289 385 5343 qua:
416 5274 516 5326 mei
540 5272 738 5327 Christi
760 5272 1003 5326 viderant
1038 5277 1487 5328 conversationem
1526 5285 1577 5330 et
1600 5280 1743 5331 cruci
1769 5278 2071 5347 afﬁxionem
2102 5288 2148 5332 et
2176 5280 2635 5341 resurrectionem,
2671 5278 2942 5331 Medorum
2974 5276 3171 5330 lancea:
3206 5284 3254 5328 et
3281 5278 3412 5345 igni,
3444 5278 3508 5328 iis

266 5376 395 5426 quos
424 5362 537 5427 ipse
566 5360 708 5412 novit
738 5360 925 5421 modis,
952 5368 1121 5413 essent
1154 5363 1356 5431 tradita
1392 5378 1409 5415 :
1448 5370 1496 5414 et
1529 5363 1696 5416 multa
1731 5364 1843 5418 alia
1870 5375 2024 5435 capta
2069 5375 2190 5419 sunt
2217 5384 2333 5419 cum
2359 5367 2601 5425 civitate;
2636 5373 2693 5416 ut
2734 5364 2923 5418 salutis
2947 5378 3150 5431 quoque
3181 5372 3373 5415 nostra:
3397 5370 3507 5414 tre-

264 5462 465 5518 parum,
494 5448 675 5499 mortis
725 5446 938 5507 solutio,
969 5448 1166 5516 peccati
1193 5450 1498 5511 internecio,
1539 5449 1761 5519 lignum.
1804 5452 2044 5520 inquom,
2077 5451 2295 5519 vivi/iere
2332 5453 2503 5504 crucis
2546 5451 2695 5503 illinc
2737 5450 3059 5503 translatum
3111 5459 3189 5502 est
3227 5452 3281 5501 in
3335 5448 3513 5502 Persi-

265 5537 405 5601 dem,
430 5541 526 5585 etc.
557 5534 692 5599 (inec
716 5542 903 5586 sancta
940 5532 1429 5601 Crux),‘Persidem
1461 5539 1667 5597 evertit,
1692 5548 1737 5590 et
1766 5539 1956 5608 spoliat
1978 5537 2172 5605 falsam
2201 5536 2530 5605 religionem,
2559 5544 2607 5588 ct
2643 5553 2759 5605 qua:
2796 5552 2850 5589 se
2892 5537 3066 5604 digna:
3089 5543 3242 5586 erunt
3273 5536 3509 5601 captiva:

269 5622 481 5674 abducit
516 5622 727 5672 animos
757 5634 876 5671 vere
909 5619 1166 5674 laudabili
1192 5631 1238 5672 et
1261 5621 1413 5691 longe
1439 5624 1793 5692 pulcherrima
1826 5609 2169 5694 captivitate—2
2215 5633 2329 5689 aut,
2374 5632 2431 5676 ut
2467 5626 2635 5694 magis
2661 5625 2871 5693 praprie
2901 5624 3097 5685 dicam,
3141 5640 3173 5674 a
3206 5623 3512 5688 captivitate

270 5716 440 5774 vocat,
478 5715 526 5760 et
547 5707 618 5759 eis
650 5723 863 5766 rursum
894 5708 1176 5774 pristinam
1212 5710 1438 5762 restituit
1468 5711 1777 5766 libertatem.
1812 5710 1984 5766 Simul
2029 5728 2090 5765 ac
2128 5714 2265 5765 enim
2312 5712 2611 5781 ingreditur
2650 5712 2941 5777 Persidem,
2973 5726 3087 5764 eam
3128 5711 3509 5763 statim'totam
