4076 6330
247 352 389 416 3273
1176 355 1256 415 IN
1300 352 1715 415 UNGUENTA
1756 350 2550 412 FERENTESMULIERE:
3360 340 3499 409 3!?!

252 469 427 513 morte
458 457 754 519 Zachariae,
792 456 878 511 cui
910 472 973 509 ex
1010 457 1235 512 Perside
1272 473 1495 512 reverso
1519 457 2053 513 administrationem
2087 458 2193 512 sibi
2228 459 2531 529 delegatam
2568 465 2904 516 restituerat,
2940 457 3025 509 vel
3051 471 3214 524 quam
3249 454 3499 512 fortassis

253 546 358 599 sub
391 546 506 609 illo,
530 560 598 599 ex
623 544 799 613 ipsius
845 560 1141 607 consensu,
1174 560 1433 599 exercere
1482 546 1824 613 perrexerat)
1876 546 2179 616 assignari;
2233 547 2371 601 duos
2416 561 2548 599 vero
2578 558 2753 598 annos
2789 542 2858 597 ab
2902 552 3127 597 auctore
3181 543 3497 597 tabularum

252 631 576 702 Theophani
635 634 965 685 insertarum
1005 650 1017 683 :
1060 632 1156 687 sed
1199 632 1305 685 nisi
1352 633 1608 686 decessor
1642 634 1761 702 ejus
1792 632 2107 693 Zacharias.
2147 633 2347 716 inquit,
2382 634 2671 701 plusquam
2708 631 2777 684 9.2
2805 645 2980 685 almo:
3012 637 3134 696 post
3169 644 3322 683 suam
3351 630 3500 683 ordi-

252 721 535 775 nationem
567 719 787 783 viserit,
817 735 918 774 nec
947 720 1004 773 hi
1032 719 1345 783 sufﬁciunt;
1382 737 1506 774 cum
1530 730 1685 775 certo
1708 728 1925 775 constet
1952 714 2329 774 successorem
2362 720 2484 789 ejus
2512 714 2884 788 Sophronium
2906 716 3114 771 mensis
3147 714 3270 770 Maii
3301 726 3498 785 quarta

250 806 363 870 die,
404 807 598 862 indict.
630 817 803 873 sexta,
837 808 889 860 id
921 818 1005 862 est
1039 823 1184 861 anno
1219 809 1341 871 655,
1369 800 1687 863 interfuisse
1723 809 1935 879 synodo
1968 807 2351 861 Alexandrina:
2391 805 2572 859 adhuc
2597 805 2873 874 privatum
2902 804 3257 866 monachum,
3300 803 3491 872 ibique

250 909 509 948 exorsum
542 910 637 948 sua
662 907 855 948 contra
882 895 1371 949 monothelismum
1403 908 1719 950 nascentem
1752 895 2076 957 certamina,
2109 894 2312 948 deinde
2346 908 2471 948 cum
2503 892 2705 946 litteris
2733 891 2860 962 Cyri
2896 890 3227 960 patriarcha:
3258 890 3502 944 Alexan-

249 980 400 1034 drini
432 981 597 1035 ivisse
623 981 1157 1049 Constantinopolim
1180 1023 1192 1041 ,
1222 982 1471 1059 adAurbis
1493 978 1972 1052 archi‘epi'sc0pum
2001 980 2286 1052 Sergium;
2312 980 2450 1034 adeo
2476 987 2533 1059 ut
2553 979 2785 1032 multum
2810 978 2900 1042 sit,
2930 976 2976 1030 si
3011 987 3140 1031 ante
3170 985 3499 1030 autumnum

256 1067 458 1121 reverti
493 1068 734 1137 potuerit
796 1069 850 1121 in
883 1068 1252 1122 Palmstinam.
1298 1051 1424 1123 Haec
1457 1070 1817 1123 considerans
1844 1051 2084 1139 aliquis,
2117 1060 2472 1139 prosequitur
2498 1051 2935 1137 l’apebrochius,
2971 1073 3024 1119 et
3065 1062 3345 1133 quomodo
3387 1063 3501 1133 jam

252 1154 381 1208 inde
408 1171 435 1204 ιι
468 1165 626 1222 capta
654 1154 759 1207 sub
794 1154 1041 1211 Cbosroe
1071 1154 1446 1226 Hierosolyma
1469 1158 1796 1226 patriarcha:
1829 1158 1980 1211 vices
2016 1157 2251 1227 gesserit
2293 1154 2594 1216 Modestus,
2637 1152 2888 1207 fortassis
2920 1151 3069 1206 volet
3097 1149 3311 1220 opinari
3354 1148 3500 1225 quod

254 1240 471 1306 primus
498 1241 661 1295 istius
685 1242 915 1309 catalogi
940 1250 1137 1297 auctor
1160 1243 1253 1312 qui
1280 1243 1332 1296 in
1366 1244 1681 1313 Sophronia
1714 1246 2045 1299 terminatur
2076 1236 2327 1299 nullos'ei
2360 1258 2533 1297 annos
2555 1242 2845 1304 deﬁniens,
2874 1238 3116 1301 voluerit
3161 1232 3335 1292 totum
3362 1245 3503 1291 tem-

253 1336 356 1392 pus
380 1338 491 1391 quo
517 1324 957 1392 patriarehatum
990 1324 1403 1379 administravit
1432 1323 1731 1391 Modestus,
1757 1329 1937 1385 eidem
1981 1342 2041 1384 ut
2066 1347 2198 1386 vero
2233 1329 2559 1399 patriarchae
2607 1328 2906 1391 ascribere,
2942 1324 3149 1379 notatis
3178 1322 3366 1378 Graece
3394 1336 3497 1375 an—

252 1409 343 1461 nis
368 1414 473 1469 xa’,
505 1409 557 1462 id
591 1418 697 1471 est,
730 1408 819 1469 ‘21,
841 1410 985 1477 quod
1017 1411 1107 1464 alii
1140 1426 1247 1465 non
1278 1412 1675 1483 intellige'ntes,
1705 1407 2047 1484 nimiumque
2080 1430 2203 1469 esse
2234 1408 2483 1467 videntes
2516 1403 2817 1481 (siQuide‘m
2838 1417 2962 1479 post
2990 1400 3314 1460 Zachariam
3341 1401 3495 1457 brevi

259 1494 394 1548 satis
428 1502 677 1563 tempore
710 1496 797 1549 ille
829 1494 1108 1551 Modestus
1132 1496 1288 1565 vixit)
1326 1500 1532 1553 omisso
1565 1505 1635 1562 κ’,
1660 1500 1991 1554 retinueriut
2034 1500 2103 1562 α’,
2137 1502 2294 1555 facile
2319 1514 2494 1555 annos
2539 1499 2600 1551 2t
2649 1488 2945 1566 reperturi,
2979 1494 3025 1547 si
3056 1488 3350 1547 numerare
3379 1489 3501 1545 illos

255 1579 563 1634 voluissent
587 1580 655 1633 ab
690 1591 925 1635 exeunte
949 1583 1090 1637 Maio
1128 1584 1233 1653 (vel
1265 1586 1426 1639 initio
1470 1585 1643 1655 Junii)
1673 1586 1805 1640 anni
1832 1584 1943 1641 ’(314
1976 1587 2108 1654 (quo
2144 1596 2303 1656 capta
2338 1594 2423 1640 est
2448 1601 2479 1639 a
2525 1584 2710 1640 Persis
2737 1578 3235 1649 Hierosolymitana
3280 1574 3499 1642 civitas)

250 1666 319 1719 ad
362 1682 609 1721 mensem
640 1668 1000 1722 Decembrem
1032 1673 1160 1724 anni
1196 1672 1319 1726 654.
1364 1672 1468 1727 Sed
1500 1673 1639 1726 nihil
1672 1688 1898 1728 necesse
1932 1674 2039 1727 erit
2065 1673 2175 1727 huc
2207 1689 2517 1735 recurrere,
2550 1670 2595 1726 si
2642 1669 2921 1723 Zacharias
2949 1667 3184 1720 velimus
3213 1672 3388 1717 annos
3431 1662 3503 1717 24

253 1753 596 1823 relinquere.
635 1754 792 1809 Tunc
821 1753 976 1809 enim
1004 1758 1262 1811 aMartio
1293 1776 1437 1813 anno
1469 1761 1594 1820 655.
1630 1776 1799 1829 usque
1834 1762 1902 1814 ab
1934 1761 2291 1816 Decembrem
2323 1760 2449 1814 anni
2472 1756 2775 1827 sequentis.
2801 1755 2906 1810 diei
2930 1759 3112 1823 potest
3155 1749 3365 1804 sedisse
3391 1749 3503 1805 Mo-

247 1841 459 1919 destus.
494 1842 647 1905 Dico,
681 1858 854 1911 usque
883 1843 947 1897 ad
974 1845 1351 1906 Decembrem,
1377 1848 1504 1912 quia
1527 1849 1617 1903 tali
1650 1848 1838 1901 mense
1862 1849 1950 1902 die
1979 1848 2043 1902 16
2065 1848 2253 1901 colunt
2282 1846 2460 1916 ipsum
2484 1844 2658 1900 Graeci
2680 1857 2861 1896 annua
2885 1834 3414 1895 commemoratione
3445 1836 3502 1890 in

248 1927 493 1984 Menaeis.
525 1927 601 1984 lta
628 1929 1045 1999 Papebrochius
1067 1932 1290 1985 citatus.
1328 1933 1633 2003 Eutychius
1672 1935 2080 1988 Alexandrinus
2110 1934 2305 1988 scribit
2345 1932 2649 1985 Modestum
2692 1928 2904 1983 sedisse
2934 1932 3133 1980 novem
3166 1924 3412 1986 menses,
3445 1930 3503 1976 et

249 2023 374 2082 post
402 2015 526 2084 ejus
561 2026 795 2069 mortem
842 2017 1111 2071 mansisse
1162 2018 1479 2072 cathedram
1543 2020 2089 2090 Ilitrosolymitanam
2138 2037 2228 2074 sex
2263 2022 2423 2076 annis
2460 2019 2578 2075 sine
2618 2015 2956 2089 patriarcha.
2996 2014 3120 2068 Haec
3150 2011 3375 2081 quidem
3406 2024 3503 2064 sex

247 2116 527 2155 annorum
562 2102 817 2155 vacantia
861 2108 992 2156 'vera
1029 2118 1139 2156 non
1184 2105 1403 2157 videtur
1436 2123 1448 2157 :
1480 2122 1604 2159 nam
1642 2106 1709 2159 ab
1749 2122 1893 2161 anno
1920 2108 2044 2167 656.
2093 2124 2205 2177 quo
2239 2108 2532 2161 Zacharias
2566 2102 2872 2166 deserendit,
2908 2115 3086 2169 usque
3117 2098 3185 2152 ad
3226 2097 3354 2160 εει,
3389 2110 3502 2166 quo

247 2187 596 2257 Sophronius
636 2188 928 2243 ordinatus
970 2199 1055 2244 est
1094 2190 1599 2263 Hierosolymorum
1655 2197 1968 2264 episcopus,
2010 2210 2103 2249 sex
2154 2197 2399 2263 profecto
2440 2192 2568 2246 anni
2618 2200 2725 2244 non
2758 2194 3083 2247 occurrunt,
3114 2183 3221 2238 'sub
3263 2197 3501 2252 quorum

248 2276 419 2328 etiam
446 2274 741 2329 duratione
780 2277 1009 2330 Modesti
1045 2279 1453 2347 patriarchatus
1480 2282 1638 2335 ﬂuxit
1670 2282 1834 2335 unius
1863 2281 1991 2333 anni
2046 2282 2132 2334 vel
2163 2281 2420 2335 duorum.
2464 2281 2531 2332 At
2581 2277 2820 2345 aliquam
2874 2270 3261 2327 intercessisse
3295 2283 3499 2322 vacan—

251 2360 406 2425 tiam,
446 2376 476 2415 a
507 2361 740 2416 Modesti
767 2364 921 2417 obitu
948 2380 1122 2434 usque
1155 2365 1223 2419 ad
1250 2365 1549 2433 Sophronii
1574 2366 2066 2439 i'naugnrationem,
2105 2366 2338 2420 suadent
2365 2365 2615 2435 quadam
2650 2361 2910 2416 Martini!
2949 2355 3183 2414 Romani
3224 2354 3503 2426 pontiﬁcis

250 2447 419 2502 verba
451 2448 686 2503 inferius
720 2450 1032 2514 referenda,
1070 2466 1192 2519 qua:
1217 2453 1481 2521 leguntur
1512 2452 1566 2505 in
1592 2454 1843 2521 epistolis
1864 2453 1986 2523 ejus
2009 2459 2075 2506 ad
2100 2454 2365 2507 Joannem
2391 2448 2785 2519 Philadelphia:
2806 2447 3152 2517 episcopum,
3178 2452 3233 2498 et
3262 2441 3328 2496 ad
3357 2441 3500 2496 Pan-

248 2536 564 2602 taleonem;
595 2539 809 2592 scilicet
835 2540 984 2593 viros
1011 2541 1226 2610 aliquas
1250 2550 1375 2595 ante
1408 2539 1689 2610 Sophrou'ii
1711 2543 2112 2612 patriai-thiam,
2148 2540 2276 2593 item
2328 2546 2441 2609 post
2475 2539 2590 2608 ejus
2633 2538 2929 2597 decessum,
2965 2548 3073 2586 non
3108 2528 3500 2586 convenienter

254 2622 426 2677 fuisse
456 2624 665 2678 electos
691 2625 746 2678 in
781 2626 1093 2696 episcopos,
1121 2627 1203 2682 vel
1244 2628 1614 2698 presbyteros,
1636 2637 1743 2681 etc.
1775 2629 1976 2683 Prmter
2001 2627 2227 2681 Modesti
2264 2625 2552 2693 epistulam
2585 2624 2654 2678 de
2707 2638 2811 2691 qua
2840 2634 3026 2689 supra,
3068 2625 3255 2670 monet
3304 2613 3504 2685 Pagius

247 2718 386 2763 tom.
418 2709 462 2764 ll
488 2711 607 2764 crit.
638 2712 1081 2768 arznal.'Baronii
1115 2714 1181 2768 ad
1227 2729 1430 2768 annum
1480 2714 1605 2771 63.3.
1632 2731 1689 2767 n.
1723 2715 1755 2769 6
1779 2730 1905 2785 pag.
1946 2715 2067 2779 801,
2101 2716 2207 2769 col.
2236 2715 2281 2774 l,
2315 2713 2499 2767 adhuc
2538 2724 2834 2780 superesse
2858 2706 2997 2762 duas
3034 2705 3155 2775 ejus
3177 2712 3498 2757 orationes:

252 2815 444 2865 unam,
476 2803 533 2855 in
563 2801 810 2856 mulieres
837 2806 1272 2875 unguentifcrqs;
1303 2804 1550 2867 alteram,
1574 2807 1628 2858 in
1655 2820 1931 2859 occursum
1965 2821 1973 2831 ν
2005 2808 2125 2871 dum
2156 2803 2515 2855 recitantur'a
2550 2799 2748 2853 Photio
2774 2797 2829 2851 in
2853 2794 3119 2850 Biblioth.
3147 2789 3340 2845 codice
3368 2790 3497 2844 275.

248 2886 369 2942 Alia
398 2903 617 2958 quoque
642 2890 826 2944 oratio
870 2901 1087 2946 exstare
1127 2891 1355 2955 dicitur,
1388 2890 1498 2945 'sub
1520 2892 1765 2961 ejusdem
1814 2891 2042 2945 Modesti
2096 2890 2336 2952 nomine,
2371 2887 2427 2940 in
2465 2885 2655 2940 codice
2700 2884 2807 2938 ΞΗ
2846 2878 3391 2949 Coisliniano-,part.
3438 2890 3499 2943 ιι,

247 2983 374 3044 pag.
408 2972 535 3041 289,
562 2972 626 3026 de
646 2976 961 3030 dormitione
987 2976 1231 3048 Deipara:
1263 2976 1503 3048 Virginis.

2268 3154 3477 3184 ,Μ

248 3156 1923 3187 mh“

1926 3175 2263 3186 __-__———————

1469 3307 2295 3441 ΜΟΔΕΣΤΟΥ

1303 3532 1865 3587 ΔΡΧΙΕΠΙΣΚΟΠΟΥ
1914 3528 2407 3583 ΙΕΡΟΣΟΛΥΜΩΝ

1239 3699 1412 3784 ΕΙΣ
1484 3699 1690 3784 ΤΑΣ
1763 3696 2540 3784 ΜΥΡΟΦΟΡΟΥΣι

1575 4036 2198 4156 MODESTI

1218 4271 1799 4335 ARCHIEPISCOPI
1839 4256 2549 4333 HIEROSOLYMITANI

687 4441 811 4530 IN
925 4438 1574 4529 UNGUENTA
1684 4436 2298 4525 FERENTES
2411 4436 3061 4527 MULIERES.

1404 4627 1681 4698 (Pliones,
1722 4624 1990 4691 Biblioth.,
2030 4627 2153 4681 cod.
2198 4627 2346 4698 275.)

1848 4790 1922 4801 α’·-

314 4908 420 4973 τδν
447 4914 675 4986 metu»
726 4913 960 4985 ἀριθμὸν
988 4913 1083 4968 καὶ
1127 4916 1220 4968 ἐπὶ
1251 4914 1350 4983 τῆς
1380 4904 1578 4983 ἆριτῆς
1608 4914 1700 4965 καὶ
1728 4912 1824 4963 tet

1992 4915 2299 4986 Septimum
2336 4929 2655 4980 numerum,
2680 4924 2737 4970 et
2769 4912 2837 4971 de
2866 4914 3074 4971 virtute
3100 4922 3156 4969 et
3180 4912 3248 4969 de
3274 4914 3499 4986 peccato

241 5007 343 5078 τῆς
376 5006 577 5070 κακίας
602 5005 931 5077 εὑρίσκομεν
964 5006 1062 5076 τὴν
1099 5003 1321 5071 Γραφὴν
1368 5002 1827 5074 παραλαμωνου-

1922 5006 1976 5060 in
2027 5005 2314 5075 Scriptura
2364 5013 2652 5077 acceptum
2702 5005 3033 5062 invenimus.
3088 5004 3284 5062 lerito
3331 5004 3498 5075 igitur

244 5112 365 5151 σαν.
397 5096 642 5159 Εἰκότως
672 5091 768 5149 οὖν
790 5095 887 5164 τὴν
918 5094 1139 5165 Μαρίαν
1164 5094 1446 5161 ἐκλέγεται
1476 5092 1575 5163 τὴν
1601 5093 1824 5161 Μαγδα-

1920 5094 2086 5166 elegit
2116 5095 2341 5151 Mariam
2378 5096 2749 5167 Ilagdalenam
2791 5094 3063 5159 Salvator,
3094 5110 3126 5149 e
3151 5109 3257 5166 qua
3290 5105 3497 5167 septem

242 5180 411 5256 ληνὴν
443 5188 472 5238 ὁ
503 5174 718 5257 Σωτὴρ,
759 5185 856 5252 ἀφ’
885 5180 950 5255 ἦς
984 5183 1304 5253 ἐκϐεϐλήκει
1339 5183 1594 5250 δαιμόνια
1633 5184 1775 5237 ἑπτά
1799 5199 1814 5213 ·

1925 5186 2193 5241 daemonia
2223 5187 2443 5257 'ejecit,
2472 5195 2536 5241 ut
2556 5185 2859 5257 principem
2894 5185 3105 5257 peccati
3132 5201 3230 5256 per
3261 5185 3405 5242 illam
3430 5187 3500 5241 ab

243 5276 333 5329 ἵνα
365 5276 459 5331 τὸν
486 5275 723 5346 ἄῄχοντα
759 5275 859 5345 τῆς
905 5276 1104 5339 κακίας
1135 5274 1205 5327 δι’
1230 5273 1398 5342 αὐτῆς
1430 5272 1679 5346 ἀπελάσῃ
1716 5274 1814 5342 τῆς

1922 5277 2246 5337 hominibus
2263 5279 2582 5350 expelleret.
2610 5277 2861 5335 Historia
2883 5278 3109 5334 tradunt
3128 5276 3499 5346 Magdalenam

248 5370 596 5442 ἀνθρωπίνης
654 5370 891 5439 φύσεως.
936 5370 1079 5434 Ὅτι,
1125 5368 1312 5439 φησιν,
1354 5370 1412 5420 αἱ
1452 5368 1681 5439 ἱστορίαι
1715 5370 1815 5439 τὴν

1923 5368 2067 5423 hanc
2106 5367 2372 5439 virginem
2416 5367 2608 5431 fuisse,
2642 5377 2701 5423 et
2730 5370 3054 5438 martyrium
3085 5367 3252 5438 hujus
3289 5382 3500 5430 memo-

242 5462 609 5533 Μαγδαληνὴὺ
650 5462 855 5529 ταύτην
894 5462 984 5516 διὰ
1030 5463 1147 5531 βίου
1190 5462 1453 5533 παρθένον
1484 5460 1811 5513 διδάσκουσι.

1922 5468 2077 5514 ratur
2110 5474 2127 5514 :
2158 5458 2253 5516 ubi
2278 5458 2503 5523 dicitur,
2534 5468 2761 5530 prepter
2792 5473 3062 5516 summam
3099 5459 3253 5515 illius
3276 5458 3500 5528 virgini-

245 5551 355 5604 Ιὶαὶ
385 5553 682 5622 μαρτύριον
719 5552 776 5605 δὲ
820 5552 989 5622 αὐτῆς
1031 5552 1278 5621 φέρεται,
1313 5553 1368 5603 ἐν
1395 5543 1440 5618 ᾧ
1480 5550 1695 5618 λέγεται
1727 5550 1815 5604 διὰ

1924 5558 2114 5608 tatem.
2145 5558 2202 5606 et
2238 5549 2553 5615 puritatem,
2586 5550 2734 5605 illam
2765 5560 3027 5620 tanquam
3064 5550 3269 5605 vitrum
3299 5562 3496 5619 purum

314 5709 330 5738 ‘
368 5704 503 5760 Luc.
531 5719 650 5768 vm,
675 5702 730 5757 2.

524 5795 793 5856 ΡΑτιιοι..
839 5796 955 5853 Gn.
993 5794 1334 5855 LXXXVI.

3144 5793 3259 5859 10³
