4076 6330
272 414 412 479 3325

1225 414 1825 476 COMMENTARIUS
1870 413 1950 486 ΙΝ
1989 412 2065 487 ιν
2100 411 2554 475 EVANGELIA.

3396 402 3541 469 3326

270 528 367 584 τοῦ
391 526 575 581 λαϐεῖν
589 526 683 580 τὸν
706 524 889 598 ἄρτον,
910 527 1005 582 καὶ
1025 526 1441 599 εύχαριστῆσαι,
1465 527 1704 582 διδάσκει
1726 542 1852 590 τους

1966 528 2247 600 Accipiens
2280 546 2444 601 porro
2477 516 2671 601 panem
2705 535 2761 582 et
2793 524 2995 597 gratias
3026 538 3213 593 agens.
3241 518 3541 590 discipulos

277 622 525 693 μαθητάς
579 620 922 690 εὐχαριστεῖν
971 616 1054 684 οἷς
1104 619 1418 691 ἰδωρήσατο
1449 621 1536 675 διὰ
1567 619 1661 673 τοῦ
1722 619 1851 673 [δίου

272 714 498 777 πάθους,
519 712 587 767 δι’
609 706 672 767 οὗ
698 712 792 767 καὶ⁵
812 713 879 767 τὰ
903 710 1151 784 σύμϐολα
1170 712 1400 778 γίνεται,
1428 711 1679 781 σώματος
1699 712 1855 781 ἑχόν-

272 822 382 858 των
406 804 624 874 μνήμην
659 803 753 856 καὶ
791 803 1025 874 αἵματος
1057 820 1069 834 ·
1108 802 1188 856 διὸ
1215 802 1387 855 ταῦτα
1415 802 1741 872 παραδιδοὺς
1763 802 1855 854 ἐπὶ

273 889 336 943 τὸ
362 888 530 952 πάθος
560 888 776 954 ἐγένετο
800 904 816 921 ·
844 890 938 943 καὶ
979 889 1088 961 γάρ
1125 890 1218 943 τοῦ
1249 891 1414 960 ἄρτου
1444 890 1690 960 μετέχων
1709 931 1726 955 ,
1758 888 1852 945 τοῦ

279 980 529 1052 σώματος
574 980 669 1036 τοῦ
701 982 905 1055 Κυρίου
943 983 1351 1054 μεταλαμΰάνει
1387 999 1404 1016 ο
1435 984 1496 1036 ού
1528 982 1638 1054 γὰρ
1684 999 1854 1055 προσ-

278 1072 474 1143 έχομεν
501 1075 567 1143 τῇ
604 1071 764 1140 φύσει
811 1073 918 1126 τῶν
967 1072 1242 1140 αἰσθητῶν
1293 1072 1694 1143 προκειμένων,
1740 1071 1854 1126 ἀλλ’

278 1165 553 1233 ἀνάγομεν
593 1164 689 1234 τὴν
733 1162 910 1234 ψυχὴν
957 1162 1046 1217 διὰ
1075 1164 1316 1227 πίστεως
1347 1164 1440 1217 ἐπὶ
1466 1163 1530 1217 τὸ
1553 1164 1649 1217 τοῦ
1679 1163 1855 1231 Λόγου

279 1256 470 1327 σῶμα*
510 1257 571 1310 ού
609 1256 721 1327 γὰρ
749 1251 892 1319 εἷπε,
929 1256 1100 1309 Τοῦτό
1125 1257 1242 1309 ἐστι
1277 1255 1339 1309 τὸ
1384 1254 1674 1326 σύμϐολον,
1699 1254 1853 1315 ἀλλὰ,

283 1348 464 1404 Τοῦτο
503 1348 623 1418 μού
670 1348 803 1402 ἐστι
849 1347 915 1401 τὸ
966 1346 1138 1416 σῶμα
1165 1346 1453 1411 δεικτικῶς
1476 1386 1490 1411 ,
1539 1347 1627 1400 ἵνα
1667 1346 1742 1417 μὴ
1772 1363 1859 1399 νο-

283 1440 415 1511 μὶσῃ
435 1456 520 1503 τις
542 1439 713 1493 τύπον
734 1436 875 1493 εῖναι
896 1439 964 1492 τὰ
991 1438 1314 1509 φαινόμενα·
1334 1437 1505 1493 εἰπὼν
1528 1438 1606 1503 δὲ,
1636 1438 1879 1505 Λάϐετε,

279 1530 516 1599 φάγετε,
565 1531 665 1602 τὴν
698 1530 877 1584 αἰτίαν
906 1530 1147 1584 διδάσκει
1177 1530 1272 1584 τοῦ
1310 1530 1549 1594 πάθους,
1577 1531 1659 1584 ὅτι
1695 1530 1860 1583 ἕνεκα

278 1621 371 1675 τοῦ
407 1621 563 1675 λύσαι
588 1622 687 1692 τὴν
716 1622 985 1692 ἁμαρτίαν
1017 1621 1112 1675 τοῦ
1158 1622 1365 1691 κόσμου
1418 1619 1638 1674 ἔπαθεν.
1663 1621 1856 1675 -Κιιὶ

274 1712 480 1769 ,ταίὼν
494 1713 802 1781 ποτήριον.
823 1714 1221 1784 --⁹Ερμηνεεα.
1254 1713 1525 1776 Ὡσαύτως
1556 1712 1654 1767 καὶ
1682 1712 1742 1766 τὸ
1760 1730 1858 1767 πο-

277 1812 466 1876 τήριον
502 1806 706 1873 λαϐὼν,
738 1806 832 1860 τοῦ
864 1806 1070 1868 πάθους
1105 1806 1270 1859 αὑτοῦ
1303 1807 1735 1875 ὑπομιμνήσκει·
1764 1807 1858 1858 καὶ

277 1871 522 1952 διδάσκει
552 1871 717 1951 πάλιν
749 1898 1111 1967 εὐχαριστῶν,
1143 1899 1225 1951 ὅτι
1261 1898 1379 1966 μετ’
1410 1871 1759 1966 saep-tosta;
1777 1897 1860 1950 δεῖ
1890 1871 1930 1925 Β

279 1990 453 2040 ποιεῖν
484 1989 541 2040 τὸ
574 1988 871 2058 μυστήριον
900 2005 916 2020 ο
948 1990 1005 2040 ὲν
1030 1987 1086 2041 δὲ
1111 1988 1191 2056 τῷ
1219 1986 1396 2057 καιρῷ
1417 1987 1512 2041 τοῦ
1541 1988 1732 2055 Πάσχα
1760 2003 1859 2056 με·

281 2078 528 2131 ταδίδωσι
555 2081 623 2131 τά
650 2076 909 2147 μυστικὰ,
934 2077 1023 2132 ἵνα
1051 2076 1199 2148 δείξῃ
1224 2078 1308 2130 ὅτι
1336 2076 1505 2141 τύπος
1539 2071 1610 2147 ἦν
1649 2078 1857 2142 ἐκεῖνα,

276 2168 440 2222 τοῦτο
460 2168 517 2222 δὲ
548 2167 798 2240 ἀλήθεια·
823 2167 903 2222 διὸ
936 2166 1030 2222 καὶ
1052 2168 1291 2237 ἑσπέρας
1317 2168 1555 2246 ἐγένετο,
1580 2167 1669 2222 ἐπ’
1690 2168 1859 2239 ἐσχά-

279 2277 374 2312 του
408 2259 516 2313 τῶν
569 2259 777 2330 καιρῶν
801 2300 815 2320 .
849 2259 979 2312 ὅταν
1011 2257 1120 2312 ἔδει
1148 2257 1215 2312 τά
1248 2257 1456 2329 νόμιμα
1490 2257 1808 2313 παύσασθαι
1841 2274 1857 2291 ο

280 2351 362 2403 διὸ
392 2350 484 2403 καί
514 2367 668 2420 φησι,
709 2350 889 2405 Τοῦτο
914 2350 1154 2416 ποιεῖτε,
1189 2349 1265 2414 ὡς
1291 2350 1500 2403 ἐκείνου
1544 2350 1695 2420 ἡμᾶς
1750 2351 1858 2405 άπ-

281 2444 346 2508 ἀι
360 2458 455 2496 ων·
498 2442 757 2513 μνησθεὶς
788 2442 845 2495 δὲ
892 2441 1155 2514 διαθήκης
1186 2443 1280 2496 καὶ
1309 2441 1563 2512 αἵματος,
1590 2441 1862 2496 δείκνυσιν

280 2534 365 2583 δτι
404 2520 588 2601 μέλλει
616 2530 896 2600 τελευτᾷν·
927 2532 1020 2583 καὶ
1052 2530 1161 2602 γὰρ
1199 2530 1298 2600 τὴν
1321 2530 1588 2600 διαθήκην
1610 2530 1709 2601 τὴν
1733 2547 1863 2584 και-

280 2626 378 2689 νὴν
400 2622 460 2674 τὸ
489 2616 625 2690 αἷμα
656 2622 823 2675 αὑτοῦ
862 2621 1147 2693 συνίστησι
1182 2638 1196 2652 ·
1223 2621 1299 2684 ὡς
1332 2622 1429 2675 καὶ
1470 2621 1570 2691 rrijv
1599 2624 1859 2689 παλαιάν,

278 2714 343 2766 τὸ
370 2707 512 2782 αἷμα
542 2712 652 2765 τῶν
684 2712 975 2783 προϐάτων
1001 2728 1017 2747 ·
1051 2714 1145 2766 καὶ
1179 2712 1288 2783 γὰρ
1312 2714 1540 2767 κάκεῖνα
1572 2713 1660 2767 διὰ
1690 2713 1863 2769 ταῦτα

281 2806 503 2871 ἐγένετο
526 2820 538 2832 °
573 2804 916 2875 γευσάμενος
942 2805 998 2858 δὲ
1022 2804 1117 2857 τοῦ
1146 2807 1409 2875 ποτηρίου
1434 2846 1450 2871 ,
1492 2806 1862 2861 ἀποτάσσεται

278 2895 362 2963 τῷ
394 2896 691 2967 σωματικῷ
719 2898 924 2963 πόματι
944 2912 956 2925 ·
982 2896 1164 2949 καινὸν
1186 2897 1241 2950 δέ
1274 2914 1398 2949 τινα
1436 2898 1641 2967 τρόπον
1662 2899 1864 2968 εύφρο-

280 2986 452 3053 σ’ὶνης
506 2985 900 3054 ἐπαγγέλλεται
948 2989 1058 3050 τοῖς
1110 2988 1401 3057 μαθηταῖς,
1458 2989 1526 3058 ἢν
1576 2988 1716 3058 μετὰ
1765 2990 1864 3061 τὴν

280 3077 580 3129 ἀνάστασιν
632 3076 827 3141 ἔδειξε,
862 3076 1054 3146 φαγὼν
1109 3079 1205 3132 καὶ
1266 3078 1430 3145 πιὼν,
1486 3082 1672 3136 ούκέτι
1723 3084 1867 3138 κατὰ

1953 620 2114 676 docet
2142 624 2345 693 gratias
2391 637 2549 693 agere
2583 629 2808 690 propter
2852 633 2915 673 ea
2948 632 3069 687 qua:
3105 632 3201 684 per
3233 613 3541 683 passionem

1954 729 2107 769 suam
2138 715 2381 777 donavit,
2409 724 2633 785 propter
2662 727 2822 781 quam
2853 719 2908 765 et
2929 708 3174 780 symbolo
3216 719 3540 776 proponun-

1957 815 2047 860 tur
2070 807 2322 876 corporis
2346 814 2401 859 et
2436 803 2719 874 sanguinis
2752 804 2873 869 ejus
2893 798 3215 854 memoriam
3246 792 3537 884 habentia;

1958 897 2191 967 ideoque
2238 898 2329 952 illa
2368 895 2654 965 discipulis
2702 893 2924 948 tradens
2978 890 3212 960 passioui
3264 888 3540 958 proximus

1956 996 2093 1041 erat.
2143 986 2247 1053 Qui
2288 988 2437 1042 enim
2478 986 2602 1057 pani
2635 985 3028 1048 communicat,
3078 999 3280 1052 corpus
3326 980 3539 1036 Domini

1957 1077 2278 1148 participat;
2312 1094 2418 1132 non
2453 1079 2598 1133 enim
2648 1093 2830 1131 rerum
2867 1076 3212 1131 sensibilium
3250 1091 3369 1143 qua:
3412 1088 3537 1140 prc-

1957 1174 2239 1241 ponuntur
2266 1180 2515 1224 naturam
2546 1169 2905 1233 attendimus,
2938 1169 3033 1222 sed
3067 1167 3132 1221 ad
3169 1168 3347 1236 ipsum
3378 1164 3540 1217 Verbi

1958 1278 2179 1331 corpus,
2213 1278 2311 1336 per
2345 1261 2537 1323 fidem,
2579 1261 2818 1314 animant
2866 1259 3193 1322 attollimus;
3240 1273 3349 1311 non
3394 1256 3541 1309 enim

1958 1355 2116 1419 dixit,
2166 1353 2278 1408 lloc
2310 1362 2392 1407 est
2415 1353 2753 1424 symbolum,
2790 1351 2909 1413 sed,
2948 1366 3146 1421 panem
3182 1349 3541 1420 indignando.

1958 1445 2068 1500 Hoc
2093 1454 2167 1498 est
2200 1461 2406 1515 corpus.
2439 1460 2507 1498 ne
2542 1443 2683 1499 forte
2710 1444 2834 1513 quis
2864 1441 3090 1513 ﬁguram
3142 1457 3262 1495 esse
3309 1449 3543 1503 tantum,

1959 1556 2080 1609 qua:
2113 1540 2229 1595 visu
2255 1539 2740 1609 percipiebantur,
2806 1545 3139 1592 autumaret.
3186 1535 3543 1589 Dicetnloau-

1963 1639 2092 1695 tem,
2125 1632 2386 1699 Accipite,
2412 1630 2747 1693 manducate,
2772 1643 2991 1684 causam
3020 1625 3293 1697 passionis
3318 1622 3542 1683 indicat,

1960 1741 2018 1779 se
2047 1723 2301 1778 videlicet
2341 1722 2465 1776 ideo
2507 1736 2725 1791 passum
2754 1734 2873 1775 esse
2900 1728 2959 1774 ut
2989 1717 3227 1772 solveret
3258 1722 3544 1785 peccatum

1963 1815 2174 1870 tnundi.
2217 1846 2281 1856 ——
2320 1815 2388 1869 Et
2431 1814 2648 1868 calicem
2712 1809 3546 1883 accipiens.—lursarns'ruto.

1962 1906 2228 1962 Similiter
2255 1915 2311 1960 et
2333 1906 2556 1959 calicem
2592 1905 2870 1972 accipiens
2900 1900 3170 1971 passionis
3202 1914 3316 1953 sua:
3352 1897 3547 1951 memi-

1960 1998 2063 2059 nit,
2096 2010 2391 2064 rursusque
2420 2002 2637 2056 monet,
2665 2008 2788 2047 cum
2821 1991 3118 2061 gratiarum
3151 1988 3366 2042 actione
3395 1999 3549 2052 ltera-

1960 2087 2196 2159 gendum
2218 2101 2339 2141 esse
2356 2090 2779 2141 sacramentum.
2793 2081 2851 2135 In
2869 2088 3112 2148 tempore
3129 2086 3310 2131 autem
3329 2073 3549 2128 Pascha:

1961 2174 2246 2245 discipulis
2274 2164 2519 2242 impertit
2537 2178 2900 2232 sacramenta,
2927 2175 2985 2221 ut
3006 2165 3297 2235 signiﬁcet,
3322 2163 3549 2231 antiqua

1962 2266 2212 2322 umbram
2250 2264 2418 2319 fuisse
2448 2272 2683 2325 tantum,
2710 2260 2817 2316 hoc
2843 2266 3025 2314 autem
3060 2272 3182 2312 esse
3211 2254 3502 2309 veritatem
3533 2268 3549 2306 :

1962 2357 2318 2429 quamobrem
2346 2364 2401 2410 et
2435 2369 2686 2425 vespere,
2718 2352 2772 2408 id
2816 2360 2901 2407 est
2945 2351 3001 2405 in
3040 2346 3307 2406 extremis
3337 2353 3550 2414 tempo-

1962 2449 2138 2513 ribus,
2183 2448 2520 2503 celebratum
2566 2454 2685 2509 est,
2736 2460 2860 2500 cum
2897 2444 3006 2514 jam
3055 2446 3339 2510 oporteret
3382 2436 3549 2493 ﬁnem

1963 2538 2214 2609 accipere
2238 2542 2583 2592 sacramenta
2601 2535 2768 2606 legis;
2796 2533 3031 2602 ideoque
3053 2530 3208 2592 dicit,
3237 2529 3345 2583 Hoc
3365 2529 3548 2599 facite,

1963 2619 2352 2688 nosar'idelicet
2393 2644 2423 2683 a
2469 2628 2585 2698 lege
2617 2640 2900 2681 revocans.
2928 2623 3342 2678 Testamentum
3364 2626 3549 2673 autem

1963 2731 2021 2779 et
2063 2722 2389 2791 sanguinem
2442 2732 2788 2781 memorans,
2823 2731 2883 2771 se
2935 2729 3059 2770 mox
3088 2713 3414 2768 moriturum
3461 2710 3550 2765 in-

1965 2815 2125 2869 nuit:
2157 2828 2359 2867 novum
2404 2813 2550 2867 enim
2604 2819 2992 2865 testamentum
3034 2805 3355 2877 sanguinem
3387 2818 3550 2859 suunt

1964 2919 2086 2962 esse
2116 2904 2378 2969 declarat,
2417 2910 2575 2957 vetus
2616 2917 2768 2965 vero,
2818 2899 3140 2971 sanguinem
3180 2896 3548 2960 victimarum,

1967 2997 2236 3065 siquidem
2278 2998 2374 3071 illa.
2398 2994 2664 3050 sacrillcia
2702 3000 2926 3063 propter
2956 2991 3082 3047 novi
3118 2988 3431 3046 testamenti
3461 2990 3551 3043 sa-

1967 3086 2175 3142 crillcia
2207 3086 2457 3141 instituta
2490 3092 2634 3139 sunt.
2669 3082 2900 3138 Gustata
2946 3090 3130 3136 autem
3180 3079 3352 3155 calice
3401 3076 3550 3133 vale-

280 3167 503 3238 γρειαν,
558 3167 695 3221 ἀλλὰ
726 3168 1089 3242 πιστούμενος
1116 3172 1218 3241 τὴν
1253 3171 1430 3243 ἀληθῆ
1482 3172 1577 3228 τοῦ
1611 3173 1863 3245 σώματος

1969 3180 2106 3235 dicit
2144 3178 2391 3234 terrestri
2421 3176 2609 3247 potui;
2658 3189 2973 3243 novumque
3023 3170 3304 3243 quoddam
3349 3168 3555 3226 latitia:

281 3258 444 3323 φύσιν
468 3275 483 3289 '
512 3258 791 3329 βασιλείαν
820 3260 927 3331 γὰρ
956 3261 1090 3315 Θεοῦ
1114 3260 1211 3315 νῦν
1237 3264 1337 3334 τὴν
1368 3265 1664 3320 ἀνάστασιν
1712 3267 1862 3334 λέγει

281 3345 447 3400 αὑτοῦ
474 3360 487 3375 ⁸
511 3348 724 3401 καινὸν
750 3347 806 3401 δέ
840 3367 980 3420 φησι
1013 3350 1103 3405 διὰ
1133 3352 1194 3405 τὸ
1221 3356 1585 3425 καινοπρεπές
1620 3373 1635 3388 θ
1671 3357 1860 3430 ἐπειδὴ

279 3436 563 3508 ἄφθαρτον
593 3437 733 3509 ἔχων
761 3440 947 3494 λοιπὸν
976 3440 1070 3496 τοῦ
1104 3442 1387 3513 μέλλοντος
1418 3447 1614 3510 αἰῶνος
1653 3451 1861 3520 μυστή-

283 3546 398 3600 ριον
424 3546 437 3561 ·
464 3525 530 3603 ἦς
552 3533 601 3585 οῖ
629 3532 776 3600 ἆγιοι
804 3532 1106 3599 τεύξονται,
1128 3530 1196 3606 ἧς
1224 3536 1488 3604 λέγεικαὶ
1518 3540 1712 3592 ἑαυτὸν
1744 3558 1859 3602 κοι-

280 3624 470 3677 νωνεῖν
533 3640 548 3655 ο
608 3624 798 3696 ἐπειδὴ
849 3626 950 3694 τὴν
1004 3627 1282 3699 ἡμετέραν
1335 3631 1610 3700 σωτηρίαν
1654 3634 1861 3705 τροψὴν

280 3715 485 3769 οἶκείαν
503 3714 811 3786 λογίζεται·
838 3719 976 3788 μετὰ
1007 3717 1101 3773 οὖν
1123 3720 1221 3792 τὴν
1250 3722 1519 3795 μυστικὴν
1545 3725 1860 3796 παράδοσιν,

280 3829 335 3864 κ.
366 3825 416 3861 τ.
449 3810 499 3863 λ.

282 3914 387 3971 qua
413 3902 585 3956 sancti
612 3901 885 3969 fruentur,
909 3906 1173 3977 cujusque
1196 3907 1456 3977 seipsum
1524 3907 1756 3969 afﬁrmat
1813 3922 1935 3963 esse
1970 3907 2294 3977 participem
2346 3921 2359 3957 :

1967 3283 2140 3339 genus
2165 3265 2452 3336 discipulis
2479 3264 2792 3334 pollicetur,
2826 3278 3013 3332 quam,
3042 3269 3165 3331 post
3192 3258 3556 3315 resurrectio-

1971 3375 2129 3424 nem,
2165 3356 2562 3421 manilestavit,
2605 3353 2903 3410 comedens
2942 3362 2999 3407 et
3038 3351 3269 3416 bibens,
3306 3365 3413 3404 non
3440 3349 3551 3420 jam

1970 3460 2195 3521 prepter
2237 3447 2658 3509 necessitatem,
2705 3459 2896 3499 verum
2936 3451 2996 3496 ut
3034 3440 3323 3495 veritatem
3370 3438 3555 3494 carnis

1970 3557 2083 3597 suae
2127 3549 2402 3597 assereret
2447 3542 2697 3609 (regnum
2743 3534 2891 3590 enim
2942 3533 3041 3588 Dei
3086 3530 3551 3587 resurrectionem

1972 3642 2164 3698 vocat;
2205 3648 2397 3686 novum
2430 3638 2613 3693 autem
2647 3635 2807 3682 vocat
2835 3625 3060 3681 calicem
3104 3631 3327 3693 propter
3358 3635 3554 3691 super-

1974 3722 2279 3777 naturalent
2310 3720 2428 3791 ejus
2460 3718 2805 3789 dignitatem,
2848 3712 3053 3784 quippe
3094 3726 3219 3769 cum
3267 3711 3554 3778 incorrup-

1976 3814 2128 3870 tibile
2154 3815 2266 3884 jam
2298 3811 2588 3867 habiturus
2619 3809 2691 3865 sit
2716 3805 2936 3862 venturi
2968 3803 3152 3859 seculi
3187 3799 3554 3875 mysterium).

2406 3901 2610 3976 etpnim
2671 3915 2831 3955 suum
2899 3913 3021 3951 esse
3075 3894 3259 3950 cibum
3321 3893 3577 3947 salutim'

281 4006 524 4053 nostram
573 3998 837 4055 declarat.
882 4000 1073 4071 Igitur,
1114 4012 1404 4073 postquam
1441 4004 1628 4060 divina
1675 4014 2015 4060 sacramenta
2062 4000 2345 4071 discipulis
2387 3996 2635 4062 tradidit,
2666 4005 2775 4051 etc.

352 4089 461 4144 Kal
514 4088 843 4144 ἐσθιόντων
893 4090 1200 4145 αὑτῶν.--
1236 4091 1553 4163 Ἐρμηνεεα.
1608 4093 1708 4148 Διὰ
1744 4093 1867 4147 τού-

283 4198 391 4245 των
448 4182 766 4253 παρέδωκεν
835 4183 948 4245 τοῖς
1026 4182 1294 4252 μαθηταῖς
1318 4223 1333 4245 ,
1384 4184 1534 4248 ὅπως
1597 4182 1867 4236 ἐπιτελεῖν

282 4274 480 4340 αὐτοὺς
532 4270 811 4344 προσῆκεν
851 4271 953 4341 τῆς
1004 4273 1199 4342 καινῆς
1245 4273 1511 4345 διαθήκης
1546 4274 1609 4328 τδ
1657 4276 1867 4346 μυστή-

287 4381 403 4433 ριον
431 4380 444 4394 ’
490 4364 580 4418 διὰ
623 4363 733 4436 γάρ
774 4362 932 4417 τοῦτο
980 4364 1277 4441 εὐλόγησεν
1320 4365 1418 4419 κα)⁸
1464 4361 1659 4432 εἶπεν,
1692 4366 1869 4431 διδοὺς

284 4458 467 4523 αὐτοῖς
507 4455 835 4526 μεταλαϐεῖν
881 4456 917 4511 ἃ
962 4457 1238 4526 προσῆκον
1263 4453 1366 4528 ἦν,
1413 4456 1501 4512 τνα
1540 4458 1741 4513 ἐκεῖνοι
1775 4458 1865 4513 διά

288 4549 388 4619 μὲν
431 4549 530 4618 τῆς
578 4548 829 4617 εὐλογίας
880 4549 977 4603 καὶ
1044 4548 1399 4618 εὐχαριστίας
1450 4549 1726 4620 μάθωσιν,
1790 4550 1868 4615 ὣς

290 4640 501 4709 μεγάλα
522 4639 738 4707 άληθῶς
769 4641 865 4694 καὶ
890 4640 1075 4709 πάσης
1114 4640 1471 4712 εὸχαριστεας
1511 4640 1637 4707 ἄξια
1682 4642 1749 4697 τὰ
1781 4641 1871 4696 διὰ

284 4731 378 4784 eo")
409 4730 648 4802 Χριστοῦ
673 4731 882 4795 πάθους
907 4718 1335 4801 οῖριονομηθέντα
1367 4748 1383 4764 ο
1413 4725 1489 4787 ὧν
1514 4732 1570 4786 δὲ
1602 4732 1872 4802 σύμόολον

288 4814 469 4875 ταῦτα
524 4822 895 4877 ἐπιτελεῖσθαι
959 4822 1280 4891 παρέδωκεν
1307 4822 1511 4887 αὐτοῖς.
1562 4822 1660 4876 Διὰ
1689 4823 1746 4876 δὲ
1779 4823 1870 4878 τοῦ

286 4913 483 4979 εἰπεῖν,
517 4912 697 4968 Τοῦτό
724 4914 899 4968 ἐστιν
927 4914 995 4967 τὸ
1025 4911 1200 4983 σῶμά
1227 4932 1369 4983 μου,
1423 4914 1538 4990 καὶ,
1573 4914 1758 4969 Τοῦτο
1802 4914 1872 4969 τὸ

288 5001 431 5072 (ιὲμὰ
462 5022 602 5072 μου,
635 5004 717 5059 ὅτι
748 5005 839 5059 τὸν
872 5006 971 5073 μὲν
1001 5006 1169 5077 ἄρτον
1203 5005 1560 5076 προτιθέντας
1599 5006 1737 5076 μετὰ
1772 5004 1871 5078 τὴν

290 5096 662 5164 εὐχαριστίαν,
696 5099 976 5166 προσῆκεν
1000 5097 1201 5161 αὐτοὺς
1228 5096 1483 5167 σώματος
1510 5096 1753 5166 νομιζειν
1783 5114 1873 5168 με-

288 5185 677 5255 ταλαμϐάνειν,
738 5189 801 5241 τὸ
832 5188 890 5244 δὲ
931 5191 1192 5261 ποτήριον
1236 5190 1294 5243 ὲν
1329 5188 1480 5256 τάξει
1510 5188 1605 5244 τοῦ
1640 5190 1871 5261 αἵματος

288 5281 578 5347 ήγεῖσθαιυ
625 5264 767 5351 περὶ(
798 5279 833 5333 ἃ
881 5282 942 5335 τὸ
996 5281 1168 5346 πάθος
1225 5282 1443 5351 ἐγένετο
1468 5282 1563 5335 ἰπὶ
1594 5286 1749 5354 κοινῇ
1801 5286 1868 5354 τῇ

290 5370 504 5424 τάιτων
551 5373 795 5444 σωτιιρξᾳ.
838 5391 896 5427 τε
935 5375 1026 5427 καὶ
1064 5375 1255 5443 ἀφέσει
1308 5373 1415 5427 τῶν
1463 5376 1871 5446 ἡμαρτημένων

290 5462 473 5522 αὐτοῖς
505 5478 517 5491 ε
557 5463 588 5532 ή
624 5463 732 5531 γὰρ
766 5464 860 5516 ἐπὶ
911 5463 1126 5527 τούτοις
1169 5464 1428 5534 γινομένη
1480 5464 1693 5528 πίστις,
1731 5463 1867 5534 ὁμοῦ

291 5562 347 5598 τε
382 5546 486 5599 τῶν
514 5547 908 5618 πληρωθέντων
930 5551 1221 5621 ὁμολογίαν
1249 5554 1385 5625 ἕχει,
1410 5553 1505 5606 καὶ
1533 5553 1635 5625 τὴν
1672 5570 1868 5624 μετουο

294 5638 414 5691 σἀν
440 5641 534 5709 τῆς
568 5641 820 5709 ἀφέσεως
854 5644 1145 5714 χαρίζεται
1192 5648 1307 5709 τοῖς
1356 5644 1704 5700 πιστεύουσιν
1727 5664 1740 5677 ·
1786 5647 1863 5700 δια

297 5728 475 5783 δασιςει
506 5748 563 5785 τε
595 5734 668 5803 μὴ
715 5735 846 5812 πρὸς
880 5736 977 5807 τὴν
1017 5736 1180 5805 φύσιν
1223 5740 1435 5809 ἁφορᾷν
1482 5737 1591 5791 τῶν
1642 5755 1864 5809 προκεια

299 5823 493 5891 μένων,
531 5823 666 5879 ἀλλὰ
693 5826 779 5881 διὰ
826 5827 921 5898 τῆς
953 5829 1244 5909 γενομένης
1289 5831 1373 5885 ἐπ’
1415 5830 1598 5895 αὐτοῖς
1649 5830 1867 5903 εὐχαρι-

964 5874 974 5899 ἑ

2037 4090 2205 4147 Marc.
2255 4104 2364 4153 xw,
2398 4087 2489 4141 2‘2.
2530 4085 2599 4141 Ει
2632 4084 3077 4155 manducantibus
3120 4083 3250 4138 illis.
3273 4114 3339 4123 -
3363 4082 3555 4136 lam:-

1969 4197 2243 4238 pnsn'rto.
2269 4182 2371 4236 Per
2396 4179 2511 4234 haec
2530 4177 2699 4233 verba
2720 4177 2913 4233 docuit
2933 4176 3253 4245 discipulos,
3280 4174 3558 4244 quomodo

1972 4277 2196 4331 deceret
2249 4271 2377 4327 novi
2431 4270 2746 4325 testamenti
2808 4278 3213 4324 sacramentum
3273 4281 3555 4337 peragere.

1972 4371 2100 4425 Ideo
2145 4369 2294 4425 enim
2339 4366 2657 4431 benedixit,
2714 4366 2993 4435 verbaque
3036 4373 3382 4435 opportuna,
3423 4362 3556 4417 dum

1972 4469 2379 4515 sacramentum
2428 4457 2534 4512 illis
2584 4456 2853 4519 traderet.
2898 4454 3295 4526 pronuntiavit,
3342 4461 3411 4506 ut
3455 4452 3556 4516 illi,

1974 4568 2006 4608 a
2040 4551 2428 4607 benedictione
2460 4558 2517 4605 et
2561 4550 2864 4621 gratiarum
2894 4546 3132 4610 actione,
3166 4545 3555 4616 intelligerent,

1973 4659 2105 4699 vere
2151 4657 2344 4712 magna
2387 4655 2510 4697 esse
2541 4654 2662 4710 qua:
2702 4654 2801 4710 per
2840 4637 3045 4693 Christi
3090 4637 3396 4708 passionem
3442 4634 3558 4689 dis-

1972 4743 2199 4805 pensata
2231 4743 2383 4799 sunt,
2413 4747 2762 4802 quorumque
2789 4730 3119 4803 symbolum.
3158 4729 3274 4785 haec
3299 4729 3557 4800 mysteria

1973 4823 2107 4897 ipsis
2120 4822 2450 4879 celebranda
2468 4821 2712 4877 tradidit.
2730 4822 2927 4878 Dieens
2942 4832 3125 4878 autem
3143 4821 3274 4876 :Hoc
3285 4829 3358 4875 est
3371 4838 3559 4892 corpus

1973 4930 2169 4978 meum,
2210 4923 2286 4979 et,
2321 4912 2419 4967 Hic
2459 4919 2536 4966 est
2568 4912 2789 4983 sanguis
2837 4927 3001 4975 ιιιειιε,
3043 4910 3286 4966 declarat
3316 4908 3558 4979 discipu-

1972 5006 2055 5061 los
2084 5005 2307 5069 debere,
2358 5013 2650 5076 postquam
2699 5019 2894 5076 panem
2940 5003 3280 5074 propositum
3328 5002 3561 5056 benedi-

1972 5095 2174 5158 xerint,
2204 5095 2370 5166 hujus
2398 5096 2557 5166 panis
2581 5095 3027 5150 communionem
3051 5110 3152 5164 pro
3170 5093 3560 5148 connnunioue

1971 5186 2222 5256 corporis
2241 5188 2326 5242 sui
2353 5188 2623 5256 accipere,
2652 5186 2894 5257 itemque
2918 5185 3145 5241 calicem
3172 5200 3273 5254 pro
3293 5184 3559 5255 sanguine

1973 5279 2147 5350 ipsius
2164 5279 2390 5343 habere,
2415 5280 2470 5333 in
2491 5280 2716 5347 quibus,
2744 5294 2911 5334 carne
2935 5276 3193 5332 videlicet
3218 5286 3272 5331 ct
3292 5278 3559 5347 sanguine

1972 5388 2096 5436 suo,
2121 5371 2393 5442 passionis
2458 5371 2780 5441 mysterium
2838 5370 3278 5433 consummavit,
3332 5377 3559 5439 propter

1971 5480 2317 5521 communem
2347 5464 2633 5518 hominum
2664 5464 2896 5518 salutem
2925 5472 2981 5518 et
3031 5461 3409 5517 remissionem
3432 5477 3559 5531 pec-

1975 5567 2222 5613 calorum
2255 5575 2269 5611 :
2308 5558 2444 5612 lides
2471 5556 2621 5612 enim
2668 5556 2785 5612 haec
2830 5556 3158 5626 suscipiens,
3208 5554 3559 5626 impletorum

1976 5650 2364 5718 mysteriorum
2429 5648 2831 5705 confessionem
2900 5648 3101 5711 liabet,
3162 5648 3560 5716 credentesque

1977 5750 2327 5810 rei-ratorum
2374 5739 2715 5796 remissionis
2746 5741 3057 5813 participat.
3092 5742 3262 5797 Docet
3294 5751 3559 5812 pneterta

1980 5851 2085 5897 ῃυιι
2117 5834 2524 5905 propositorum
2568 5844 2819 5892 nat-urant
2856 5835 3163 5902 attendere,
3206 5835 3299 5891 sed
3330 5835 3557 5892 creder-
