4076 6330
537 355 679 421 3327
1769 366 1827 423 S.
1873 365 2096 423 PETRI
2137 362 2546 423 LAODICENI
3665 356 3811 423 3328

541 467 704 540 quod,
750 484 849 541 per
892 472 1188 542 gratiarum
1223 473 1495 528 actionem
1545 489 1709 544 super
1751 475 1862 530 illis
1893 474 2112 540 factam,

2243 478 2375 542 tria;
2407 479 2578 533 ταῦτα
2605 480 2786 539 ἱκεῖνα
2820 476 2962 537 εἷναι
2993 478 3306 533 πιστεύειν·
3343 478 3373 531 ὁ
3406 476 3518 548 γὰρ
3537 475 3806 541 CW

541 575 739 630 corpus
794 569 852 616 et
905 565 1128 633 sanguis
1168 563 1375 619 Christi
1416 564 1556 619 facta
1597 574 1770 620 sunt:
1822 565 2118 622 Vivillcans

2243 569 2314 621 τοῦ
2341 568 2476 624 Θεοῦ
2499 570 2670 638 Λόγος
2696 571 2906 635 ἑνώσας
2931 570 3092 624 αὐτὸν
3120 573 3187 642 τῇ
3220 569 3328 641 ίδίᾳ
3356 567 3528 640 σαρκὶ
3545 609 3561 632 ,
3589 567 3721 620 καθ’
3751 566 3806 620 ὃν

543 650 689 706 enim
731 650 828 707 Dei
857 653 1094 708 Verbum
1119 696 1134 719 ,
1163 656 1404 724 seipsum
1437 653 1671 725 propriae
1719 657 1873 710 carni
1912 658 2112 712 uniens

2243 655 2359 714 ιῖδεν
2393 662 2594 730 τρόπον
2625 661 2808 726 αὐτὸς,
2841 661 3101 725 ξωοποιδν
3128 660 3406 729 ἀπέφηνεν
3461 658 3636 721 αὐτὴν
3665 674 3680 686 ⁸
3702 657 3806 725 ἔφη

1769 366 1827 424 S.
1873 365 2096 423 PETRI
2137 362 2546 426 LAODICENI

545 743 707 798 modo
737 758 900 814 quem
934 747 1049 814 ipse
1078 748 1248 809 novit,
1282 748 1452 816 ipsam
1479 746 1845 802 viviﬁcantem
1877 763 1998 804 esse
2029 749 2124 802 de-

545 829 792 899 claravit,
823 835 1012 903 Panis,
1045 838 1319 906 inquiens,
1350 854 1505 908 quem
1534 853 1626 908 ego
1668 839 1822 902 dabo,
1847 856 1971 893 caro
2008 856 2124 892 mea

546 933 813 994 estquam
863 943 956 996 ego
1012 928 1145 981 dabo
1191 943 1284 995 pro
1327 930 1512 982 mundi
1557 931 1663 982 vita
1693 935 1744 994 ‘;
1779 939 1836 983 et
1883 930 2121 984 iterum:

547 1011 661 1068 Nisi
691 1016 1135 1072 manducaveritis
1178 1020 1390 1089 carnem
1423 1019 1542 1073 Filii
1571 1021 1794 1073 Itominis
1823 1029 1872 1074 et
1897 1021 2126 1086 biberitis

549 1105 663 1172 ejus
686 1107 1019 1174 sanguinem,
1048 1124 1153 1161 non
1182 1110 1434 1162 habebitis
1478 1112 1640 1163 vitam
1661 1121 1914 1164 retentam
1944 1113 1983 1165 ³.
2015 1111 2129 1167 Hoc

551 1194 718 1265 igitur
771 1196 1037 1252 facientes
1093 1200 1260 1252 vitam
1321 1201 1373 1254 in
1439 1201 1598 1256 nobis
1661 1202 1945 1256 habemus.
1984 1204 2130 1258 Dixit

551 1286 697 1339 enim
731 1303 743 1337 :
782 1285 884 1350 Qui
920 1289 1204 1342 manducet
1237 1307 1406 1343 meam
1457 1309 1691 1356 carnem,
1718 1301 1768 1346 et
1795 1293 1919 1346 bibit
1958 1310 2130 1348 meum

550 1378 883 1444 sanguinem,
915 1379 969 1430 in
1002 1393 1083 1431 me
1117 1388 1294 1432 manet
1351 1389 1398 1432 ct
1429 1397 1521 1450 ego
1553 1382 1608 1434 in
1637 1380 1728 1434 illo
1762 1381 1802 1434 ⁸.
1833 1381 2132 1451 Oportebat

551 1466 695 1520 cnim
725 1467 874 1520 illum
908 1453 1128 1537 quidem
1166 1471 1220 1523 in
1258 1469 1418 1525 nobis
1452 1487 1547 1540 per
1586 1479 1835 1526 sanctum
1862 1472 2128 1542 Spiritum

555 1556 716 1611 modo
739 1557 1023 1614 divinitate
1040 1559 1204 1630 digno
1228 1560 1497 1622 habitare,
1515 1561 1841 1630 corporibus
1858 1577 1988 1616 vero
2002 1579 2131 1617 nos—

555 1647 656 1701 tris
681 1663 778 1716 per
803 1658 1046 1703 sanctam
1083 1651 1256 1720 ipsius
1286 1666 1505 1705 carnem
1523 1652 1894 1721 etpretiosum
1911 1655 2133 1725 sangui-

554 1744 681 1792 nem
704 1740 1082 1795 commisceri:
1109 1741 1254 1810 quod
1285 1750 1341 1796 et
1369 1757 1691 1808 concessum
1721 1743 2008 1809 habemus,
2040 1762 2137 1814 per

555 1827 996 1906 benedictionem
1012 1831 1304 1898 viviﬁcam,
1325 1834 1426 1887 sub
1456 1833 1637 1902 specie
1666 1835 1822 1903 panis
1840 1843 1897 1889 et
1914 1835 2049 1900 vini,
2067 1851 2135 1891 ne

557 1917 694 1972 forte
721 1919 1043 1976 hebesceret
1063 1923 1239 1992 pietas
1275 1932 1484 1987 nostra,
1515 1923 1648 1978 dum
1675 1939 1896 1979 carnem
1925 1933 1980 1980 et
2002 1942 2134 1980 san-

557 2011 776 2078 guinem
799 2014 1080 2081 proposita
1112 2015 1359 2069 videmus
1384 2016 1435 2069 in
1459 2017 1814 2071 ecclesiarum
1850 2016 2134 2072 altaribus.

555 2099 1016 2159 Condescendens
1033 2107 1202 2173 enim,
1230 2119 1288 2161 ut
1314 2108 1484 2161 Deum
1513 2108 1692 2173 decet,
1723 2106 2138 2164 inﬁrmitatibus

556 2195 783 2258 nostris,
815 2197 941 2265 pani
975 2197 1159 2251 oblato
1193 2200 1454 2252 virtutem
1499 2200 1623 2253 vitae
1667 2201 1938 2266 immittit,
1984 2211 2041 2255 et
2081 2201 2156 2255 in'

555 2299 710 2339 suam
741 2301 962 2356 carnem
991 2296 1337 2352 transmutat,
1367 2300 1424 2343 ut
1449 2292 1503 2344 in
1531 2293 1975 2347 communionem
2003 2293 2138 2346 vivi—

557 2372 712 2430 ﬂcam
747 2376 902 2430 illum
944 2378 1268 2443 habeamus,
1301 2389 1356 2434 et
1401 2382 1556 2450 quasi
1603 2397 1828 2452 germen
1872 2385 1996 2438 vita:
2044 2384 2138 2438 ﬁat

557 2464 716 2519 nobis
765 2480 968 2536 corpus
1030 2460 1178 2530 vita}.
1226 2467 1361 2523 Cum
1409 2479 1592 2526 autem
1643 2471 1778 2527 dicit
1824 2477 2136 2544 sanguinem

556 2575 713 2612 suum
745 2576 839 2628 pro
867 2559 1049 2614 multis
1077 2561 1316 2629 eﬂ'usum.
1339 2576 1443 2617 nro
1474 2561 1728 2617 omnibus
1753 2562 1987 2618 effusum
2015 2581 2137 2620 esse

554 2648 865 2719 signiﬁcat:
902 2649 1046 2704 Unus
1093 2653 1252 2716 enim,
1288 2653 1464 2721 inquit
1498 2644 1719 2720 Paulus,
1756 2673 1851 2726 pro
1896 2658 2135 2712 omnibus

556 2748 796 2794 mortuus
833 2751 929 2807 est,
961 2751 1017 2794 ut
1036 2744 1158 2812 jam
1194 2760 1297 2796 non
1326 2745 1424 2798 sibi
1446 2746 1648 2810 vivant,
1677 2748 1768 2800 sed
1798 2746 1881 2800 illi
1922 2751 2009 2818 qui
2039 2766 2135 2818 pro

554 2831 682 2896 ipsis
710 2842 943 2887 mortuus
990 2843 1065 2887 est
1112 2843 1162 2887 et
1196 2837 1553 2891 resurrexit‘.
1601 2837 1771 2893 Porro
1831 2842 2134 2896 notandum

557 2935 660 2992 est,
686 2928 835 2996 quod
862 2929 889 2986 Ι
898 2929 1050 2994 udas,
1078 2931 1244 2985 etiam
1275 2940 1398 3002 post
1426 2935 1810 3004 mysteriorum
1842 2938 2137 3008 participa-

557 3018 786 3080 tionem.
827 3021 979 3090 juxta
1022 3021 1184 3077 Luca:
1231 3024 1630 3091 narrationem,
1675 3025 1820 3081 idem
1849 3032 2134 3097 remansit,

2224 752 2352 819 γὰρ,
2399 751 2481 804 ὅτι
2523 751 2586 805 '0
2634 751 2813 820 ἄρτος
2852 751 2922 804 ὃν
2955 751 3070 819 ἐγὼ
3113 749 3324 810 δώσω.
3380 751 3419 816 ἠ
3473 747 3633 815 σάρξ
3689 747 3806 823 μού

2224 838 2418 903 ἐστιν,
2457 839 2536 908 ἤν
2572 841 2688 910 ἐγὼ
2717 840 2888 893 δώσω
2919 840 3071 910 ὑπὲρ
3097 839 3340 906 τῆς-,τοῦ
3374 839 3607 906 κόσμου
3637 835 3803 901 ζωῆς-

2228 931 2322 982 καὶ
2350 931 2529 985 πάλιν
2566 932 2698 986 Ἐὰν
2727 931 2808 1001 μὴ
2835 932 3066 1002 φάγητε
3110 932 3228 999 τὴν
3254 930 3458 1000 σάρκα
3504 930 3614 984 τοῦ
3643 932 3655 940 ’
3674 927 3806 982 rio?)

2228 1021 2332 1074 τοῦ
2377 1022 2726 1090 ἀνθρώπου,
2761 1024 2864 1078 καὶ
2918 1025 3093 1092 πίητε
3131 1023 3317 1077 αὑτοῦ
3355 1022 3424 1076 τὸ
3470 1017 3618 1090 αἷμα
3642 1060 3659 1084 ,
3701 1019 3808 1073 οὐκ

2227 1111 2396 1180 ἐχετε
2449 1112 2604 1180 ζωὴν
2657 1113 2898 1169 αἰώνιον
2946 1128 2962 1143 °
3000 1113 3197 1168 οὐκοῦν
3251 1113 3412 1166 τοῦτο
3471 1110 3763 1174 ποιοῦντες
3792 1152 3806 1172 ,

2231 1203 2374 1270 ζωὴν
2405 1203 2602 1272 ἔχομεν
2631 1204 2694 1258 ἐν
2719 1205 2935 1269 ἑαυτοῖς
2959 1205 3123 1259 αὐτόν
3146 1221 3161 1236 ο
3195 1203 3298 1274 ἔφη
3319 1203 3449 1272 γάρ·
3484 1203 3549 1254 Ὃ
3576 1201 3810 1270 τρώγων

2225 1310 2345 1358 μου
2385 1292 2498 1360 τὴν
2532 1293 2753 1362 σάρκα,
2783 1295 2883 1348 καὶ
2915 1296 3107 1349 πίνων
3134 1311 3263 1364 μου,
3281 1292 3349 1347 τὸ
3374 1287 3520 1360 clpa
3540 1331 3554 1356 ,
3581 1292 3656 1344 ἐν
3683 1291 3807 1359 ἐμοὶ

2226 1384 2411 1451 μένει,
2436 1385 2597 1454 κάγὼ
2624 1387 2695 1438 ἐν
2729 1385 2913 1452 αὐτῷ.
2949 1387 3097 1440 Ἔδει
3127 1387 3238 1456 γὰρ
3261 1385 3424 1439 αὐτὸν
3451 1384 3541 1437 διὰ
3578 1383 3682 1442 μὲν
3715 1380 3807 1433 τοῦ

2236 1475 2390 1541 ἁγίου
2414 1474 2732 1546 Πνεύματος
2763 1479 2821 1529 ἐν
2852 1479 2982 1547 ἡμῖν
3031 1478 3277 1546 γίνεσθαι
3319 1474 3664 1546 Θεοπρεπῶς·
3683 1490 3807 1525 συν-

2236 1565 2630 1635 ανακίρνασοαι
2689 1567 2746 1620 δὲ
2783 1566 2972 1638 ὥσπερ
2993 1569 3106 1630 τοῖς
3136 1567 3425 1637 ἡμετέροις
3454 1564 3704 1635 σώμασιν
3727 1563 3810 1616 διὰ

2237 1656 2526 1726 τῆςάγίας
2570 1655 2737 1711 αὐτοῦ
2779 1658 2981 1727 σαρκὸς
3012 1659 3108 1710 καὶ
3143 1657 3238 1710 τοῦ
3273 1656 3454 1726 τιμίου
3487 1656 3749 1724 αἵματος*
3782 1651 3808 1705 δ

2238 1746 2300 1813 δὴ
2331 1747 2423 1805 καὶ
2453 1747 2767 1817 ὲσχήκαμεν
2797 1748 2877 1810 είς
2906 1748 3155 1816 εὐλογίαν
3175 1746 3436 1811 ζωοποιὺν
3468 1745 3544 1807 ὡς
3565 1746 3622 1796 ὲν
3662 1743 3809 1810 ἄρτῳ

2238 1855 2296 1890 τε
2335 1838 2429 1890 καὶ
2448 1836 2598 1906 οἴνῳ,
2636 1837 2744 1890 ἵνα·
2778 1840 2852 1908 μὴ
2892 1839 3386 1907 ἀποναρκήσωμεν,
3424 1836 3606 1906 σάρκα
3635 1852 3694 1886 τε
3723 1835 3807 1886 καὶ

2238 1919 2375 1991 αἷμα
2408 1925 2742 1994 προκείμενα
2769 1926 3055 1992 βλέποντες
3075 1929 3131 1978 ὲν
3159 1927 3339 1993 ἁγίαις
3374 1926 3682 1996 τραπέζαις
3706 1923 3808 1980 τῶν

2250 2012 2616 2084 Ἐκκλησιῶν·
2687 2014 3190 2082 συγκαθιστάμενος
3242 2015 3350 2085 γὰρ
3385 2013 3462 2076 ὡς
3509 2013 3642 2076 Θεὸς
3696 2015 3810 2076 ταῖς

2237 2103 2533 2171 ἡμετέραις
2560 2104 2866 2166 ἀσθενείαις
2902 2103 3076 2173 ἐνίησι
3111 2106 3225 2167 τοῖς
3253 2102 3634 2172 προκειμένοις
3657 2101 3810 2154 δύνα-

2241 2210 2334 2262 μιν
2362 2191 2530 2263 ζωῆς,
2585 2196 2676 2246 καὶ
2711 2193 3031 2264 μεθίστησιν
3083 2193 3222 2246 αὐτὰ
3254 2193 3390 2262 πρὸς
3421 2194 3706 2262 ἐνέργειαν
3728 2192 3809 2244 διὰ

2239 2283 2337 2356 τῆς
2366 2282 2558 2336 ἑαυτοῦ
2581 2284 2802 2354 σαρκὸς,
2834 2286 2920 2337 ἵνα
2949 2285 3029 2348 είς
3064 2283 3280 2353 μέθεξιν
3309 2284 3575 2361 ζωοποιὺν
3600 2282 3807 2352 ἔχωμεν

2237 2376 2396 2440 αὐτὰ,
2426 2375 2520 2428 καὶ
2547 2369 2657 2428 οἷον
2678 2377 2898 2444 σπέρμα
2919 2374 3204 2440 ζιοοποιὸν,
3221 2374 3418 2444 εὑρεθῇ
3444 2374 3502 2427 τὸ
3525 2375 3690 2444 σῶμα
3715 2378 3806 2444 τῆς

2238 2465 2402 2533 ζωῆς.
2435 2465 2572 2533 Περὶ
2617 2463 2864 2518 statim
2924 2463 2992 2517 δὲ
3046 2465 3462 2534 ὲκχυνόμενον
3512 2463 3690 2532 λέγων
3747 2464 3807 2515 τὸ

2236 2552 2398 2624 uina,
2428 2556 2487 2609 τὸ
2510 2557 2638 2627 περὶ
2672 2558 2888 2609 πάντων
2909 2556 3090 2624 λέγει’
3120 2551 3226 2621 Εἷς
3252 2557 3383 2625 γὰρ,
3416 2554 3491 2619 ὣς
3520 2553 3809 2627 φησιΠαῠ-

2237 2647 2348 2711 λος,
2371 2649 2522 2716 ὑπὲρ
2538 2647 2780 2702 πάντων
2801 2647 3121 2713 ἀπέθανεν,
3157 2649 3257 2701 ἵνα
3281 2651 3334 2702 oi
3366 2646 3588 2714 πάντες
3604 2646 3808 2717 μηκέτι

2237 2737 2473 2806 ἑαυτοῖς
2500 2737 2696 2804 ζῶσιν,
2719 2738 2881 2792 ἀλλὰ
2909 2737 2990 2805 τῷ
3021 2738 3174 2807 ὑπὲρ
3221 2738 3420 2792 αὐτῶν
3450 2739 3808 2793 ἀποθανόντι

2239 2831 2335 2882 καὶ
2376 2828 2690 2898 ἐγερθέντι.
2734 2829 2932 2883 ’ἰστέον
2994 2828 3051 2880 δὲ
3087 2829 3171 2882 ὅτι
3214 2828 3308 2880 καὶ
3348 2827 3455 2881 τῶν
3497 2827 3805 2897 μυστηρίων

2243 2919 2532 2991 μετασχὼν
2566 2923 2594 2973 ὁ
2644 2919 2864 2984 Ἰούδας,
2890 2921 2965 2984 ὡς
2998 2923 3026 2974 ὁ
3060 2924 3274 2984 Λουκᾶς
3299 2937 3486 2991 φησιν,
3547 2919 3807 2989 ἔμεινενὸ

2239 3011 2402 3074 αὑτός
2417 3026 2434 3040 ·
2457 3011 2551 3064 καὶ
2578 3009 2678 3080 τῆς
2700 3009 3147 3081 φρικωδεστάτης
3172 3009 3489 3074 ἀπολαύσας
3513 3010 3806 3078 τραπέζης.

557 3125 737 3180 neque
767 3113 1053 3168 tremenda
1083 3113 1287 3170 fruitus
1322 3131 1509 3171 mensa
1530 3156 1544 3181 ,
1579 3126 1822 3174 mutatus
1853 3129 1938 3176 est
1967 3139 1979 3174 :
2014 3122 2139 3177 Post

2243 3105 2300 3156 οὐ
2364 3101 2717 3174 μετεϐάλετοο
2791 3101 2893 3172 ἔφη
2940 3102 3082 3173 γάρ·
3113 3102 3277 3157 Μετὰ
3327 3101 3504 3156 τοῦτο
3530 3100 3808 3170 εἰσῆλθεν

555 3201 666 3254 hac
692 3201 860 3265 enim,
900 3201 1080 3271 inquit
1108 3205 1465 3274 evangelista,
1493 3206 1725 3262 introivit
1758 3210 1813 3262 in
1840 3225 1958 3264 eum
1979 3209 2138 3266 Sata—

558 3307 655 3345 nas
678 3292 722 3355 ',
779 3292 952 3361 ipsius
980 3294 1192 3349 scilicet
1222 3309 1425 3365 corpus
1447 3296 1606 3351 nihili
1638 3297 1861 3354 faciens.
1890 3299 2141 3358 Christus

556 3391 764 3445 autem,
793 3384 1096 3452 proditoris
1139 3386 1537 3457 impudentiam
1566 3389 1827 3454 irridens,
1852 3407 1960 3448 non
1989 3393 2141 3458 ephi-

562 3472 686 3529 buit
716 3489 864 3535 eum,
902 3478 1155 3545 quamvis
1187 3477 1374 3534 omnia
1419 3480 1618 3545 sciens,
1662 3480 1756 3535 sed
1800 3483 2053 3550 probavit
2081 3501 2139 3539 se

559 3559 700 3617 nihil
728 3579 918 3619 eorum
961 3581 1082 3635 qua:
1119 3566 1188 3621 ad
1235 3569 1636 3624 correctionem
1666 3571 1784 3640 ejus
1816 3572 1996 3627 facere
2040 3589 2140 3642 po-

559 3661 763 3720 terant,
799 3656 1096 3726 negligere.
1132 3657 1445 3713 Secundum
1477 3670 1657 3715 autem
1693 3661 1919 3716 Joannis
1946 3679 2134 3718 narra-

561 3741 789 3808 tionem,
818 3745 988 3801 Judas
1040 3757 1166 3802 ante
1215 3750 1425 3805 exierat
1472 3767 1488 3807 :
1534 3767 1642 3806 non
1694 3754 1842 3807 enim
1877 3755 2135 3823 decebat,

559 3831 764 3891 Christi
787 3839 1080 3893 occisionis
1106 3840 1442 3907 ministrum,
1466 3842 1719 3899 salutaris
1738 3842 2145 3908 eomniunionls

560 3928 880 3995 receptione
931 3931 1242 3984 consecrari
1289 3947 1647 4002 :quanquam
1693 3937 1840 3989 enim
1889 3935 2142 3992 Christus

560 4019 744 4074 omnia
766 4019 869 4072 alia
897 4021 1193 4088 opprobria
1223 4022 1509 4090 sustinuit,
1532 4024 1636 4079 hoc
1665 4033 1844 4081 tamen
1871 4027 1946 4081 illi
1975 4028 2140 4099 inﬂigi

561 4125 669 4164 non
705 4110 1031 4179 permissum
1064 4120 1167 4166 est.

627 4199 760 4255 Luc.
820 4218 952 4264 nu,
1017 4203 1100 4257 l9.
1158 4204 1225 4257 Et
1296 4213 1506 4275 accepto
1575 4223 1712 4276 parte
1773 4211 1978 4278 gratias
2019 4212 2140 4280 egit.

565 4291 1079 4348 —lNTERPnETATIO.
1123 4294 1231 4366 Ego
1265 4313 1382 4349 sum
1419 4299 1576 4365 panis
1608 4299 1770 4363 risus,
1799 4302 1890 4364 qui
1930 4302 1992 4354 de
2021 4302 2144 4355 εωίο

558 4383 838 4438 descendit.
859 4395 906 4435 et
937 4387 1095 4439 vitam
1116 4397 1335 4456 prwstat
1368 4390 1584 4454 mundo,
1613 4389 1748 4444 dicit
1773 4391 1978 4446 alicubi
2015 4391 2146 4446 Sal-

2247 3199 2330 3262 εῑς
2360 3198 2546 3252 αὑτὸν
2575 3199 2606 3251 d
2644 3194 2935 3260 Σατανᾶς,
2969 3193 3133 3247 αὑτοῦ
3173 3194 3422 3264 σώματος
3441 3192 3802 3264 καταφρονῶν.

2261 3287 2421 3340 Ἀλλά
2475 3289 2574 3356 τῆς
2607 3285 2989 3356 ἀναισχυντίας
3041 3285 3355 3353 καταγελῶν
3412 3284 3504 3337 τοῦ
3535 3285 3805 3356 προδότου,

2245 3381 2344 3432 οὐκ
2376 3378 2646 3432 ἐκώλυσεν
2675 3377 2843 3430 αὐτὸν
2872 3378 3186 3448 ὁΧριο-τὸς,
3219 3377 3396 3430 καίτοι
3426 3378 3609 3430 πάντα
3641 3374 3802 3438 cloths,

2244 3465 2570 3532 δεικνὺξὸτι
2601 3468 2751 3520 οὐδὲν
2793 3467 3210 3538 παραλιμπάνει
3270 3467 3378 3522 τῶν
3416 3468 3496 3527 είς
3536 3467 3806 3537 διόρθωσιν

2247 3560 2526 3630 ήκὸκιτωνο
2595 3559 2671 3622 ὡς
2734 3559 2790 3612 δὲ
2833 3559 3086 3628 Ἰωάννης
3134 3560 3318 3630 φησὶν,
3371 3559 3454 3611 ὅτι
3493 3557 3807 3628 προεξῆλθεν

2260 3650 2490 3714 Ἰοὑδαςο
2513 3650 2574 3703 οὐ
2603 3651 2710 3721 γὰρ
2748 3649 2813 3703 ἂν
2845 3647 3066 3716 ἐδέξατο
3097 3649 3197 3719 τῆς
3238 3647 3506 3718 σωτηρίου
3536 3647 3806 3708 κοινωνίας

2247 3743 2335 3794 τὸν
2371 3742 2536 3796 τύπον
2559 3744 2585 3796 ὁ
2614 3743 2712 3813 τῆς
2730 3743 3158 3811 Χριστοκτονίας
3181 3741 3458 3812 ὑπηρέτης
3479 3757 3492 3770 ·
3519 3741 3567 3791 εί
3601 3740 3707 3809 γὰρ
3724 3740 3807 3791 καὶ

2249 3835 2313 3885 τὰ
2339 3834 2472 3887 ἄλλα
2498 3835 2672 3888 πάντα
2700 3835 2928 3904 ἧνεγκεν
2955 3838 2982 3889 ὁ
3007 3833 3262 3905 Χριστὸς,
3297 3832 3431 3887 ἀλλά
3451 3831 3618 3886 τοῦτο
3640 3830 3806 3884 οὐκέτι

2250 3928 2633 3998 συγκεχώρητο
2663 3928 2830 4001 αὐτῷ.

2320 4200 2427 4256 Καὶ
2483 4198 2684 4254 λαϐὼν
2728 4200 2910 4266 ἆρτον
2962 4197 3431 4269 εὐχαριστήσας.
3489 4225 3558 4236 -
3619 4196 3807 4266 Ἐρμηο

2251 4295 2386 4347 νεία.
2449 4291 2597 4362 Ἐγώ
2644 4295 2760 4360 sint
2806 4295 2836 4344 ό
2878 4291 3056 4360 ἄρτος
3097 4296 3130 4346 ό
3171 4288 3303 4353 ζῶν,
3357 4292 3388 4343 ό
3441 4289 3511 4342 ἐκ
3569 4287 3677 4342 τοῦ
3721 4287 3808 4338 οὐν

2246 4368 2436 4453 μινοῦ
2468 4386 2745 4450 καταϐὰς,
2782 4385 2880 4438 καὶ
2900 4381 3052 4451 ζωὴν
3072 4382 3275 4447 διδοὺς
3304 4375 3383 4445 τῷ
3426 4382 3664 4447 κόσμῳ,
3693 4375 3806 4448 φησί

564 4483 762 4530 sator:
799 4476 846 4529 si
877 4476 993 4545 quis
1015 4478 1410 4533 manducaverit
1457 4496 1521 4533 ea:
1569 4481 1663 4535 hoc
1705 4497 1861 4551 pane,
1903 4484 2038 4537 viret
2081 4483 2135 4536 in

2251 4495 2352 4529 που
2384 4479 2412 4530 6
2461 4477 2652 4546 Σωτήρ
2675 4491 2688 4505 ο
2713 4475 2822 4529 ἐάν
2875 4492 2966 4540 τις
3017 4473 3177 4544 statim
3218 4474 3287 4527 ἐκ
3337 4473 3552 4526 τούτου
3583 4470 3689 4525 τοῦ
3719 4469 3808 4534 ἀρ·

561 4575 838 4631 αιετηιιηι,
861 4577 968 4622 etc.
992 4567 1382 4624 Manducantes
1407 4571 1571 4640 igitur
1605 4586 1825 4626 carnem
1850 4571 2148 4630 Salvatoris

563 4660 734 4716 nostri
783 4659 911 4716 Iesu
965 4660 1202 4725 Christi,
1258 4671 1314 4716 et
1362 4662 1617 4718 bibentes
1667 4665 1786 4735 eius
1823 4666 2146 4735 sanguinem

564 4752 730 4806 vitam
779 4751 1047 4807 habemus
1083 4752 1138 4807 in
1175 4752 1450 4809 nobismet
1495 4754 1650 4824 ipsis,
1696 4761 1801 4809 etc.
1837 4754 2010 4811 Porro
2047 4771 2148 4810 ne-

563 4858 715 4899 cesse
746 4852 864 4899 erat
913 4859 1086 4914 genus
1121 4843 1446 4908 humanum,
1485 4845 1648 4907 morti
1682 4844 2003 4911 obnoxium,
2036 4861 2146 4901 non

563 4933 672 4987 alio
732 4934 897 4989 modo
951 4935 1019 4989 ad
1085 4935 1558 5005 incorruptionem
1625 4936 1917 5004 pervenire
1969 4954 1984 4990 :
2038 4952 2148 4992 non

561 5028 708 5083 enim
787 5029 892 5083 hoc
968 5029 1232 5098 possibile
1307 5028 1540 5093 fuisset,
1626 5029 1729 5084 nisi
1805 5029 2150 5100 unigenitum

564 5118 660 5174 Dei
713 5119 988 5185 Verbum,
1040 5137 1240 5191 corpus
1291 5132 1540 5175 nostrum
1591 5136 1748 5174 suum
1803 5119 2043 5186 faciens,
2083 5139 2150 5177 ex

568 5211 797 5266 muliere
848 5213 1152 5268 secundant
1207 5229 1432 5270 carnem
1491 5222 1650 5268 natus
1709 5212 1933 5275 fuisset,
1981 5228 2151 5284 seque

568 5302 747 5371 ipsum
777 5302 939 5358 nobis
972 5304 1288 5370 insevisset,
1314 5320 1478 5360 unam
1507 5320 1741 5359 massam
1767 5306 2150 5374 per-unionem

569 5389 904 5450 indivuisam
951 5391 1195 5450 eﬂiciens
1229 5413 1242 5450 :
1276 5395 1514 5450 Verbum
1555 5396 1738 5458 enim,
1787 5396 1880 5464 qui
1923 5397 2066 5451 Deus
2099 5406 2154 5451 ct

568 5479 679 5536 vita
731 5490 854 5546 est,
901 5485 1055 5539 unita
1112 5486 1216 5541 sibi
1256 5488 1357 5556 ipsi
1407 5503 1572 5543 carne
1613 5488 1866 5552 mortali,
1906 5489 2076 5559 ipsam
2120 5506 2148 5541 a

571 5576 800 5640 mortuis
844 5579 1224 5633 resuscitatam
1255 5581 1448 5636 mortis
1474 5589 1529 5636 et
1561 5579 1932 5649 corruptionis
1958 5580 2162 5633 victui--

645 5752 657 5782 '
697 5751 852 5809 Juan.
887 5770 959 5824 γι,
991 5755 1091 5814 5'3.—
1161 5758 1180 5789 ‘
1217 5756 1351 5818 ibid.
1387 5753 1475 5813 Si.
1554 5759 1570 5788 '
1609 5757 1741 5812 ibid.
1778 5759 1863 5813 57.

2252 4565 2553 4634 του,ζήσει
2577 4569 2663 4633 εὶς
2684 4567 2790 4621 τὸν
2817 4564 3022 4626 αἰῶνα,
3062 4582 3118 4619 κ.
3141 4582 3192 4617 τ.
3225 4562 3274 4618 λ.
3310 4561 3518 4616 οὐκοῦν
3556 4561 3807 4614 ἐσθίοντες

2252 4661 2349 4728 τὴν
2377 4660 2553 4728 σάρκα
2577 4656 2671 4711 τοῦ
2721 4659 2973 4728 Σωτῆρος
3008 4656 3166 4726 ἡμῶν
3212 4653 3384 4726 Ἰησοῦ
3436 4651 3698 4721 Χριστοῦ,
3730 4650 3807 4702 καὶ

2255 4752 2501 4813 πίνοντες
2525 4749 2687 4803 αὐτοῦ
2711 4749 2772 4801 τδ
2789 4743 2952 4818 αἷμα,
2984 4747 3129 4818 ζωὴν
3159 4745 3355 4818 ἔχομεν
3379 4747 3438 4799 ιν
3475 4746 3695 4807 ἑαυτοῖς
3715 4751 3804 4797 elc.

2258 4842 2405 4894 Ἔδει
2434 4841 2611 4893 τοίνυν
2625 4830 2717 4892 τὸν
2729 4839 3011 4908 ἄνθρωπον
3033 4836 3445 4909 κεκρατημένον
3471 4834 3706 4905 θανάτῳ.
3725 4833 3808 4885 οὑκ

2255 4933 2429 4996 ἄλλως
2463 4933 2599 5002 πρὸς
2638 4929 2949 5002 ἀφθαρσίαν
2974 4929 3304 5000 ἀναδραμεῖν
3322 4945 3336 4959 ο
3361 4928 3484 4982 ἐπεὶ
3507 4929 3568 4980 οὐ
3605 4923 3808 4980 δυνατὸν

2253 5018 2342 5092 ἦν,
2383 5023 2431 5074 εί
2465 5022 2540 5092 μὴ
2582 5019 2673 5074 τὸν
2730 5020 3004 5091 μονογενῆ
3046 5021 3140 5074 τοῦ
3179 5018 3313 5072 Θεοῦ
3363 5018 3535 5085 Δόγον
3571 5017 3807 5081 latomia-

2259 5114 2490 5183 σάμενον
2522 5112 2585 5165 τὸ
2611 5110 2771 5181 σῶμα
2795 5113 2974 5182 ἡμῶν,
3006 5109 3334 5181 γεννηθῆναί
3363 5125 3421 5161 τε
3458 5107 3600 5161 κατά
3653 5106 3807 5176 σάρκα

2255 5209 2317 5260 ὲκ
2333 5207 2588 5273 γυναικός
2605 5223 2619 5236 ·
2649 5207 2743 5259 καὶ
2769 5205 2962 5259 ἑαυτὸν
2991 5206 3123 5274 ἡμῖν
3156 5203 3504 5273 ὲμφυτεύσας
3522 5201 3580 5253 ἓν
3603 5201 3806 5271 φύραμα

2256 5298 2506 5366 γενέσθαι
2523 5297 2643 5351 καθ’
2669 5298 2862 5351 ἕνωσιν
2884 5296 3247 5351 ἀδιάσπαστον
3264 5310 3276 5322 ο
3297 5291 3633 5368 ὲνὼσας-γάρ
3651 5285 3804 5352 ἑαντῷ

2259 5392 2359 5458 τὴν
2393 5391 2606 5461 Θανάτῳ
2635 5390 2863 5460 κάτοχον
2912 5388 3091 5459 σάρκα
3125 5387 3259 5450 Θεὸς
3311 5384 3384 5438 ὢν
3419 5386 3448 5437 ὁ
3503 5383 3696 5460 ΛόγοςΙ
3728 5377 3804 5430 καὶ

2259 5482 2394 5552 ζωὴ.
2435 5482 2743 5553 ἀναστήσας
2765 5480 2938 5552 αὐτὴν
2969 5481 3032 5532 ὲκ
3061 5476 3291 5548 νεκρῶν,
3317 5473 3550 5529 θανάτου
3581 5470 3805 5541 #:1980-

2263 5576 2360 5645 ρᾶς
2396 5573 2641 5644 ἀπέφηνε
2669 5574 2976 5645 κρείττονα,
3021 5571 3115 5625 καὶ
3152 5567 3492 5640 ἀπεσόόησεν
3527 5563 3695 5636 αὐτῆς
3725 5557 3804 5631 τὴν

1943 5759 1960 5788 ⁵
1997 5756 2037 5811 ll
2065 5758 2189 5811 (iur.
2229 5773 2277 5820 γ,
2317 5756 2395 5810 15.
2475 5755 2493 5787 ³
2538 5753 2693 5809 Joan.
2721 5764 2833 5818 xm,
2871 5751 2957 5808 :27.
