4076 6330
297 334 438 400 3329

1178 320 1586 393 EXPOSIT’IO
1626 327 1706 389 ΙΝ
1741 325 2192 388 ORATIONEM
2227 324 2682 387 DOMINICAM.

3427 327 3567 392 3330

297 445 524 513 φθορὰν,
565 441 842 514 ἄφθαρτόν
872 457 932 496 τε
993 441 1091 495 καὶ
1143 440 1413 505 ζωοποιδν
1464 439 1872 508 ἀπειργάσατο·

1986 450 2101 491 cem
2154 433 2427 500 reddidit,
2475 435 2706 506 ejusque
2761 432 3066 489 absorbens
3116 432 3565 505 corruptionem,

299 536 422 590 ὶπεὶ
445 535 623 588 τοίνυν
646 534 753 588 ἔδει
779 535 874 588 καὶ
911 533 1000 590 διὰ
1016 532 1111 587 τοῦ
1139 533 1294 601 ἁγίου
1313 531 1626 602 Πνεύματος
1661 530 1718 583 ἐν
1745 531 1876 599 ἡμῖν

300 627 552 695 γενέσθαι
580 625 921 698 θεοπρεπῶς,
957 622 1523 696 συνανακίρνασθαίτε
1549 619 1736 690 ὥσπερ
1765 623 1876 682 τοῖς

300 718 590 792 ἡμετέροις
639 702 878 788 σώμασιν
905 716 996 772 διὰ
1013 715 1110 786 τῆς
1152 717 1314 784 ἁγίας
1349 713 1516 770 αὐτοῦ
1545 712 1748 784 σαρκὸς
1783 712 1878 766 καὶ

299 809 394 862 τοῦ
423 809 604 881 τιμίου
654 809 1024 881 alitum-ﬁte.
1073 806 1256 861 Είπὼν
1293 806 1372 873 δὲ,
1414 805 1598 862 Τοῦτο
1656 805 1878 859 ποιεῖτε

305 903 394 963 εις
423 901 540 966 τὴν
564 899 721 971 ἐμὴν
746 899 1114 969 ἀνάμνησιν,
1144 899 1340 968 ἐξάγει,
1358 897 1557 961 αὐτοὺς
1595 896 1704 950 τῶν
1746 897 1876 948 Ἰου-

299 989 502 1044 δαϊκῶν
517 991 676 1045 ἐθῶν.
703 989 972 1060 Καθάπερ
1003 993 1132 1061 γὰρ,
1159 989 1312 1058 φησὶ,
1344 988 1403 1042 τὸ
1417 986 1511 1041 τοῦ
1539 985 1712 1057 ἀμνοῦ
1727 987 1880 1038 ἐποι-

300 1080 412 1131 εῖτε
434 1081 514 1144 εἰς
550 1079 856 1150 ἀνάμνησιν
898 1079 1006 1132 τῶν
1037 1079 1155 1132 ἐκεῖ
1185 1077 1499 1148 θαυμάτων,
1543 1076 1688 1130 οὕτω
1722 1076 1881 1130 τοῦτο

300 1170 379 1231 τίς
411 1169 509 1239 τὴν
542 1170 680 1240 ἐμὴν
709 1171 1034 1240 ἀνάμνησιν,
1066 1169 1170 1232 ἕως
1192 1169 1259 1222 ἂν
1280 1166 1700 1238 παραγένωμαι.
1747 1165 1881 1220 Ὠσο

297 1259 498 1325 οὕτως
539 1260 639 1314 καὶ
680 1261 746 1315 τὸ
787 1261 1076 1330 ποτήριον
1119 1260 1259 1330 μετὰ
1287 1259 1380 1312 τοῦ
1419 1259 1586 1329 ἄρτου
1617 1259 1882 1328 ἐμφαντι-

302 1351 437 1414 κῶς,
461 1350 547 1402 ῐνα
574 1349 634 1403 τδ
659 1351 1056 1422 προειρημένον
1081 1351 1304 1421 νοήσῃς,
1328 1349 1388 1401 οὐ
1433 1347 1539 1419 μὴν
1565 1346 1694 1402 ἄλλο
1729 1345 1884 1416 παρὰ

303 1437 362 1489 τὸ
396 1437 630 1508 πρῶτον,
667 1433 840 1507 οὗπερ
890 1438 1178 1508 ἐπιτρέπει
1227 1436 1550 1507 μεταλαϐεῖν
1591 1437 1732 1506 μετὰ
1785 1436 1882 1505 τὴν

302 1527 397 1579 τοῦ
435 1529 597 1597 ἄρτου
626 1528 960 1599 μετάληψιν·
995 1529 1024 1582 ὃ
1050 1529 1142 1584 καὶ
1171 1527 1354 1582 λαϐὼν
1375 1525 1527 1580 εἶπεν
1547 1541 1560 1555 ⁸
1598 1527 1780 1582 Τοῦτο
1817 1528 1883 1579 τὸ

301 1615 588 1684 ποτήριον
622 1618 661 1686 ή
691 1618 870 1686 καινὴ
909 1617 1164 1686 διαθήκη
1195 1617 1266 1670 ἐν
1310 1615 1391 1682 τῷ
1418 1615 1628 1685 αἵματί
1643 1631 1786 1684 μου,
1817 1613 1883 1666 τὸ

301 1705 454 1773 ὑπὲρ
479 1705 648 1776 ὑμῶν
673 1709 1105 1778 ἐκχυνόμενον.
1142 1708 1298 1771 Τινὲς
1333 1705 1389 1761 δὲ
1432 1706 1684 1777 δεύτερον
1717 1704 1875 1758 τοῦτο

1983 526 2462 598 incorruptibilem
2505 526 2655 582 illam
2696 535 2752 582 et
2783 525 3057 582 viviticam
3107 527 3382 598 praestitit.
3428 527 3572 595 Quia

1980 617 2147 689 igitur
2202 618 2497 688 oportebat
2547 618 2792 674 Verbum
2856 617 2988 683 Dei,
3056 618 3220 673 modo
3275 619 3568 674 divinitate

1979 708 2167 778 digno,
2190 723 2295 784 per
2323 707 2589 778 Spiritum
2624 718 2873 763 sanctum
2919 707 2974 761 in
3011 707 3174 762 nobis
3208 707 3484 773 habitare,
3511 718 3570 762 et

1979 799 2137 870 quasi
2162 799 2491 870 corporibus
2513 800 2740 866 nostris,
2766 815 2863 869 per
2884 808 3127 854 sane:am
3155 800 3328 869 ipsius
3349 815 3569 854 carnem

1985 899 2043 947 et
2071 892 2374 961 pretiosum
2411 891 2758 963 sanguinem,
2791 892 3158 956 commisceri,
3189 901 3298 947 etc.
3326 893 3570 948 Dicendo

1982 991 2166 1036 autem
2196 998 2209 1034 :
2239 980 2351 1035 Hoc
2405 981 2562 1051 facile
2605 982 2660 1035 in
2691 997 2862 1035 meam
2881 984 3451 1048 commemorationem,
3474 998 3572 1038 eos

1981 1088 2012 1126 a
2043 1071 2291 1128 Judaicis
2320 1072 2520 1128 ritibus
2556 1074 2795 1139 avertit;
2829 1073 2984 1142 quasi
3017 1073 3226 1128 diceret
3257 1072 3570 1140 :Quemadc

1983 1164 2207 1220 modum
2241 1167 2598 1222 cmremonias
2645 1166 2768 1235 agni
2817 1166 3090 1234 paschalia
3133 1165 3482 1237 perageliatis
3515 1166 3569 1220 in

1983 1257 2562 1313 commemorationem
2588 1258 2982 1312 miraculorum
3003 1257 3056 1309 in
3079 1255 3309 1327 Δίωνι)ιο
3333 1266 3575 1327 patrato-

1987 1365 2130 1415 rmn,
2153 1349 2234 1403 sic
2266 1357 2324 1404 et
2357 1348 2463 1404 hoc
2505 1363 2653 1402 nunc
2676 1347 2840 1402 facite
2868 1348 2923 1402 in
2965 1363 3140 1402 meam
3177 1364 3544 1404 commemora

1986 1438 2212 1500 tionem,
2244 1435 2422 1492 donec
2448 1438 2686 1492 veniam.
2727 1435 2984 1491 Similiter
3016 1445 3064 1489 et
3094 1436 3311 1490 calicem
3351 1443 3570 1507 accepit,

1985 1529 2173 1586 calicis
2203 1547 2330 1586 cum
2376 1541 2519 1600 pane
2572 1545 2675 1586 con
2732 1526 3078 1600 junctionem
3117 1530 3464 1598 exprimens,
3514 1540 3574 1584 ut

1988 1620 2278 1688 videlicet,
2327 1623 2396 1677 de
2440 1637 2508 1676 eo
2542 1621 2708 1677 etiam
2758 1637 2906 1676 nunc
2946 1623 3098 1691 loqui
3153 1623 3462 1692 intelligas,
3503 1623 3572 1676 dc

1989 1727 2100 1782 quo
2147 1712 2310 1767 modo
2353 1713 2571 1768 locutus
2614 1722 2719 1777 est,
2779 1727 2959 1782 neque
3022 1713 3173 1767 aliud
3223 1727 3344 1767 esse
3373 1712 3441 1766 ab
3479 1713 3573 1766 illo

301 1796 554 1863 γενέσθαι
581 1799 712 1867 φασί
729 1815 743 1830 ⁶
772 1802 866 1853 καὶ
890 1799 950 1853 τὸ
978 1802 1076 1870 μὲν
1101 1799 1336 1871 πρῶτον,
1362 1799 1620 1870 ποτήριον
1647 1795 1877 1866 δεξάμε-

1986 1803 2134 1874 quod
2189 1805 2428 1875 primum
2460 1805 2825 1865 consecravit,
2863 1805 2996 1860 illud
3047 1820 3169 1860 esse
3231 1803 3476 1874 opineris
3502 1804 3571 1858 ad

299 1906 411 1955 νος,
443 1891 844 1964 εὐχαριστήσας
871 1888 1026 1946 εἶπεν
1045 1911 1058 1924 ·
1097 1893 1319 1948 Λάϐετε
1342 1892 1519 1947 τοῦτο
1563 1891 1664 1946 καί
1689 1892 1881 1959 drape-

293 1980 512 2046 ρίσατε
562 1983 837 2050 ἑαυτοῖς·
867 1985 929 2038 τὸ
967 1985 1020 2038 δὲ
1051 1985 1324 2055 δεύτερον,
1375 1983 1515 2054 μετὰ
1564 1982 1656 2036 τὸν
1718 1983 1882 2052 ἄρτον

301 2071 397 2122 καὶ
422 2073 561 2141 μετὰ
589 2075 650 2126 τὸ
677 2074 982 2147 δειπνῆσαι,
1014 2075 1218 2144 λέγων·
1259 2075 1437 2129 Τοῦτο
1465 2075 1532 2128 τὸ
1572 2072 1882 2140 ποτήριον,

298 2165 411 2212 etc.

1995 1896 2157 1965 cujus
2202 1896 2681 1967 participationem
2734 1897 2929 1952 invitat
2965 1905 3089 1965 post
3120 1897 3569 1951 communionem

1999 1983 2178 2052 panis,
2213 2000 2435 2054 quoque
2485 1994 2709 2055 accepto
2746 1985 2883 2040 dixit
2924 2004 2936 2039 :
2975 1985 3071 2039 Hic
3095 1985 3236 2039 calix
3260 1993 3338 2038 est
3381 2001 3572 2038 novum

1991 2081 2362 2130 testamentum
2429 2079 2484 2130 in
2531 2079 2792 2149 sanguine
2819 2095 2954 2143 meo,
2990 2080 3080 2148 qui
3106 2093 3201 2148 pro
3232 2077 3370 2130 vobis
3409 2076 3574 2147 effun—

1991 2165 2164 2220 detur.
2201 2165 2433 2233 Quidam
2465 2184 2596 2224 vero
2626 2169 2732 2224 hoc
2760 2170 2916 2224 aiunt
2949 2169 3192 2225 secunda
3223 2167 3344 2222 vice
3369 2167 3570 2222 factum

301 2253 494 2317 luisse,
547 2254 702 2325 juxta
743 2272 882 2338 quos
922 2259 1102 2328 primo
1162 2259 1387 2314 calicem
1450 2256 1685 2328 accepit,
1733 2255 1979 2326 actisque
2024 2257 2235 2327 gratiis,
2282 2259 2466 2314 dixit:
2519 2261 2751 2331 Accipite
2794 2269 2844 2314 et
2917 2261 3209 2316 distribuite
3273 2261 3410 2314 inter
3445 2275 3575 2326 vos;

298 2348 546 2404 secundo
575 2359 697 2419 post
725 2352 1194 2408 consecrationem
1225 2353 1403 2423 panis,
1435 2366 1703 2423 omnaque
1728 2351 1842 2422 jam
1876 2349 2018 2406 facta
2050 2351 2232 2407 dixit:
2263 2353 2360 2407 Hic
2388 2355 2549 2416 cali/c,
2586 2363 2696 2409 etc.

373 2443 560 2515 Σιωπᾷ
579 2445 636 2498 δὲ
650 2445 809 2510 αὐτὸς
824 2449 842 2518 (
859 2447 1134 2519 Ἰωάννης)
1153 2448 1331 2518 μόνος,
1347 2449 1534 2510 αὐταῖς
1550 2447 1823 2512 λέξεσι,πε
1832 2444 1884 2516 pi.

298 2533 402 2605 τὴν
421 2534 513 2589 τοῦ
540 2537 838 2606 μυστηρίου
861 2539 1162 2610 παράδοσιν
1179 2557 1236 2594 κ.
1253 2558 1301 2596 τ.
1321 2540 1370 2595 λ.
1396 2541 1507 2610 Οὐχ
1531 2540 1721 2612 (ὅμως)
1745 2540 1886 2593 ἀπα·-

303 2628 652 2698 ρασήμαντον
669 2629 848 2699 ἀφῆκε
868 2631 957 2683 τὸν
977 2632 1103 2703 περὶ
1121 2632 1212 2685 τοῦ
1233 2632 1532 2705 μυστηρίου
1551 2631 1730 2700 λόγον,
1748 2629 1884 2685 ἀλλὰ

297 2717 711 2786 διηγηματικῶς
725 2719 856 2772 αὐτὸ
881 2720 1029 2788 λέγει
1052 2723 1298 2792 εἰρῆσθαι
1316 2724 1468 2792 παρὰ
1492 2723 1582 2776 τοῦ
1610 2724 1881 2794 Σωτῆρος·

315 2807 462 2876 Ἐγώ
492 2811 608 2877 εἰμι
647 2815 681 2864 ό
711 2811 892 2880 ἄρτος
921 2813 1032 2880 τῆς
1062 2813 1211 2880 ζωῆς
1231 2829 1244 2843 °
1278 2817 1372 2867 καὶ
1399 2814 1560 2867 πάλιν
1581 2830 1597 2846 ο
1635 2813 1776 2868 Ἐάν
1793 2833 1882 2880 τις

300 2897 463 2966 φάγῃ
485 2899 551 2952 ἐκ
573 2901 679 2954 τού
693 2917 799 2955 του
826 2902 935 2956 τοῦ
951 2902 1155 2972 ἄρτου,
1178 2903 1416 2970 ζήσεται
1435 2907 1522 2970 είς
1542 2905 1648 2958 τὸν
1665 2903 1878 2958 uidit-a-

302 2991 338 3042 ὀ
365 2989 433 3042 δὲ
461 2989 638 3057 ἄρτος
667 2991 740 3045 ὃν
790 2991 906 3061 ἐγὼ
951 2993 1142 3058 δώσω,
1178 2995 1217 3061 ἡ
1255 2995 1414 3063 σάρξ
1437 2995 1554 3063 μού
1579 2995 1770 3056 ἐστιν,
1805 2992 1884 3060 ἦν

299 3079 418 3149 ἐγὼ
454 3081 626 3136 δώσω
649 3083 802 3152 ὑπὲρ
828 3083 936 3151 τῆς
961 3084 1070 3139 τοῦ
1090 3085 1322 3156 κόσμου
1344 3084 1492 3155 ζωῆς
1510 3101 1525 3118 ⁶
1557 3087 1652 3140 καὶ
1681 3086 1842 3139 πάλιν
1868 3101 1880 3113 ⁸

2058 2445 2123 2500 In
2174 2457 2486 2516 argumento
2519 2447 2591 2501 ad
2633 2447 2857 2502 Joannis
2902 2445 3572 2518 Euangelium.—Solus,

1989 2538 2133 2593 inter
2155 2539 2538 2609 evangelistas,
2571 2555 2682 2594 non
2716 2541 2856 2609 ipsis
2876 2539 3060 2594 verbis
3087 2537 3358 2593 describit
3384 2554 3569 2593 sacra-

1988 2630 2158 2685 menti
2195 2631 2564 2695 traditionem,
2593 2639 2702 2686 etc.
2738 2631 2857 2686 Non
2890 2642 3068 2686 tamen
3108 2631 3217 2685 hoc
3247 2631 3570 2702 mysterium

1990 2729 2221 2776 tractare
2253 2723 2470 2788 omisit;
2505 2723 2600 2778 sed
2647 2723 2762 2777 haec
2793 2721 3136 2777 Salvatorem
3177 2723 3233 2776 in
3268 2722 3570 2791 expositio-

1985 2814 2073 2866 nis
2110 2813 2338 2868 formam
2383 2814 2584 2869 dixisse
2619 2815 2786 2868 refert
2817 2833 2830 2866 :
2862 2813 2972 2882 Ego
3000 2831 3117 2867 sum
3151 2814 3307 2882 panis
3360 2814 3480 2866 vim
3515 2813 3570 2878 ⁶;

1985 2913 2040 2957 et
2069 2904 2271 2958 iterum
2311 2923 2324 2958 :
2355 2903 2413 2960 Si
2443 2907 2558 2976 quis
2593 2907 2989 2958 manducauerit
3022 2905 3086 2957 de
3124 2906 3218 2958 hoc
3250 2919 3406 2973 pane,
3437 2905 3572 2959 vivet

1986 2994 2040 3046 in
2071 3002 2327 3047 wternum
2350 3011 2369 3059 ;
2396 2995 2549 3064 panis
2581 3004 2760 3047 autem
2797 3010 2949 3061 quem
2980 3009 3072 3064 ego
3100 2994 3255 3055 dabo,
3284 3009 3409 3045 caro
3450 3009 3569 3046 mea

1987 3093 2083 3149 est,
2130 3102 2288 3155 quam
2325 3103 2416 3156 ego
2447 3086 2582 3140 dabo
2615 3102 2711 3156 pro
2752 3087 2934 3138 mundi
2969 3087 3074 3139 vita
3107 3087 3158 3150 ’;
3216 3093 3273 3138 et
3315 3083 3514 3139 iterum
3550 3100 3568 3137 :

318 3171 389 3224 ’Π
407 3171 515 3241 γὰρ
538 3173 694 3244 σάρξ
708 3192 828 3244 μου
843 3176 1078 3246 ἀληθής
1099 3178 1229 3231 ἐστι
1249 3177 1504 3246 βρῶσις.
1537 3176 1721 3231 Καὶιτὸ
1742 3172 1883 3244 αἷμά

1988 3175 2124 3231 Caro
2171 3195 2287 3232 mea
2321 3195 2438 3232 vere
2479 3187 2554 3231 est
2599 3178 2762 3243 cibus,
2809 3185 2860 3229 et
2903 3177 3120 3247 sanguis
3161 3193 3306 3230 meus
3336 3191 3453 3230 vero
3492 3181 3569 3230 est

300 3280 438 3330 μου,
461 3265 694 3332 ἀληθής
736 3267 867 3320 ἐστι
899 3269 1098 3334 πόσις.
1126 3269 1327 3322 Deinde
1372 3270 1426 3321 in
1456 3269 1830 3321 dominentario
1863 3283 1880 3320 :

1986 3277 2137 3335 polus
2175 3267 2219 3321 ⁸.
2241 3257 2526 3322 —-Deinde
2570 3270 2624 3323 in
2669 3269 3048 3322 commentario
3073 3283 3094 3323 :
3145 3267 3380 3323 Carnem
3411 3283 3568 3323 suam

304 3355 414 3424 Τὴν
453 3356 630 3425 σάρκα
661 3357 854 3410 ἑαυτοῦ
899 3357 1064 3428 ἄρτον
1112 3359 1271 3412 καλεί
1301 3359 1390 3413 διὰ
1425 3359 1485 3411 τδ
1512 3357 1790 3411 ἐσθίεσθαι
1824 3360 1881 3410 ἐν

305 3448 417 3506 τοῖς
449 3450 748 3515 μυστικοῖς,
798 3459 905 3503 etc.
948 3450 1039 3519 Μὴ
1068 3448 1161 3502 οὖν
1208 3452 1318 3512 τοῖς
1353 3451 1635 3520 σαρκικοῖς
1675 3447 1879 3516 ὀφθαλ-

311 3541 426 3607 μοῖς
443 3539 604 3608 ὁρᾶτε
621 3540 718 3604 τὰς
745 3540 1035 3610 δεδομένας
1059 3541 1190 3611 παρ’
1211 3540 1346 3609 ἐμοῦ
1372 3543 1596 3612 τροφὰς,
1615 3539 1750 3593 ἀλλὰ
1771 3543 1882 3602 τοῖς

310 3633 515 3696 νοητοῖς
535 3647 548 3660 ·
585 3633 618 3701 ἡ
647 3632 756 3703 γὰρ
781 3632 916 3702 σὰρξ
937 3633 1031 3686 τοῦ
1053 3634 1226 3702 Λόγου
1254 3634 1543 3705 ὑπερπηδᾷ
1566 3633 1738 3686 πάντα
1759 3633 1849 3685 νοῦ
1864 3650 1882 3684 θ

308 3721 401 3772 καὶ
430 3719 606 3789 λόγον.

379 3918 400 3949 ⁸
441 3917 596 3974 Joan.
628 3936 701 3988 Vl,
733 3921 821 3976 55.
896 3923 916 3954 "
950 3922 1086 3976 ibid.
1247 3924 1334 3980 52.
1413 3925 1432 3957 ⁸
1468 3924 1603 3980 ibid.
1635 3926 1722 3979 56.

310 4110 849 4142 3m:-

1563 4134 1817 4142 ——-———-—-
1853 4135 1940 4142 -.ο-ο

1945 4135 2290 4146 ——————.—

1986 3375 2180 3426 panem
2221 3369 2380 3415 vocat
2425 3361 2554 3431 quia
2604 3361 2658 3415 in
2708 3360 2982 3432 mysteriis
3024 3359 3415 3421 manducatur,
3453 3367 3566 3414 etc.

1983 3449 2102 3503 Non
2146 3450 2316 3521 igitur
2351 3452 2666 3507 carnalibus
2707 3452 2903 3518 oculis,
2945 3451 3040 3506 sed
3078 3449 3563 3513 intellectualibus,

1983 3540 2168 3594 cibum
2212 3558 2377 3613 quem
2407 3559 2508 3612 ego
2554 3543 2809 3613 impertio
2841 3543 3187 3598 considerate
3215 3559 3228 3596 :
3254 3557 3384 3597 caro
3416 3540 3565 3595 enim

1985 3634 2150 3688 Verbi
2206 3650 2368 3690 omne
2434 3636 2662 3691 verbum
2707 3650 3038 3707 omnemque
3085 3635 3425 3690 intellectum
3468 3649 3566 3688 su-

1988 3733 2162 3793 perat.

1319 4288 1662 4375 PETRI
1769 4286 2564 4378 LAODICENSIS

1100 4506 1504 4569 EXPOSITIO
1559 4504 1639 4567 IN
1707 4509 2158 4571 ORATIONEM
2199 4509 2636 4578 DOMINICAM
2664 4508 2761 4576 (11·

1398 4659 1673 4730 (Bibliolh.
1718 4657 1946 4714 Patrum
1984 4669 2024 4714 t.
2065 4659 2179 4726 xu,
2223 4677 2276 4732 ι).
2310 4662 2464 4734 222.)

780 4960 968 5032 Πάτερ
1003 4963 1172 5033 ἡμῶν
1201 4965 1300 5036 (2).

379 5053 509 5107 Τότε
539 5053 726 5124 Πατὴρ
754 5054 912 5125 ἡμῶν
950 5057 977 5108 ὁ
1009 5056 1142 5120 Θεὸς
1177 5056 1506 5127 χρηματίζει
1533 5059 1612 5112 ὅτι
1661 5056 1748 5110 διὰ
1780 5057 1878 5127 τῆς

308 5141 400 5195 τοῦ
427 5144 738 5213 Πνεύματος
785 5147 1178 5213 έπιφοιτήσεως
1205 5147 1306 5217 τῆς
1338 5149 1608 5212 υἱοθεσίας
1637 5148 1879 5212 ἀξιωθῶ-

311 5252 410 5305 μεν
429 5251 443 5266 ο
468 5238 497 5289 ὸ
517 5239 623 5308 γὰρ
657 5238 873 5308 Πατέρα
902 5238 1078 5292 καλῶν
1123 5239 1212 5292 τὸν
1237 5241 1370 5294 Θεὸν
1408 5241 1608 5312 ὀφείλει
1647 5240 1883 5312 καθαρὸς

380 5373 456 5442 (Ι)
487 5374 662 5446 Hujus
683 5376 934 5446 opusculi
979 5383 1158 5430 textus
1187 5376 1414 5431 Grmcus
1453 5377 1779 5446 desumptus
1801 5387 1886 5432 est

307 5460 375 5500 ex
397 5445 712 5514 Appendice
743 5454 870 5498 tom.
916 5445 936 5499 1
981 5446 1233 5514 Origenis
1280 5448 1520 5514 ()pcrum
1573 5445 1709 5501 edit.
1740 5448 1888 5501 Mau-

1906 4981 1960 5040 D

2366 4961 2529 5015 Pater
2559 4970 2755 5027 noster,
2783 4963 2874 5031 qui
2895 4977 2947 5014 es
2965 4963 3019 5015 in
3047 4961 3206 5016 caelis.

2058 5055 2212 5108 Tunc
2240 5053 2462 5108 demum
2495 5068 2553 5107 se
2590 5053 2737 5107 Deus
2764 5053 2978 5108 Patrem
3003 5065 3254 5108 nostrum
3284 5053 3392 5108 dici
3424 5055 3562 5121 vult,

1987 5163 2113 5201 eum
2156 5145 2397 5216 Spiritus
2455 5153 2676 5200 sanctus
2721 5143 3042 5208 adveniens,
3082 5143 3287 5200 Christi
3339 5162 3441 5200 nos
3471 5147 3565 5200 ad-

1990 5240 2212 5308 optione
2245 5240 2523 5312 dignatur.
2546 5237 2809 5307 Quisquis
2836 5237 2984 5292 enim
3020 5237 3191 5291 Deum
3222 5238 3435 5292 Patrem
3469 5255 3565 5292 vo-

2060 5377 2132 5444 (2)
2159 5378 2286 5432 Hzec
2300 5378 2506 5432 scholia
2531 5392 2560 5431 e
2594 5377 2785 5431 codice
2809 5375 2997 5430 Italico
3028 5373 3324 5442 descripta,
3352 5373 3564 5444 primus

1986 5448 2159 5502 edidit
2182 5447 2307 5502 Fed.
2356 5448 2614 5503 Morellus
2641 5463 2729 5500 an.
2781 5446 2904 5500 1601
2934 5463 2948 5503 :
2995 5444 3199 5512 quibus
3231 5453 3288 5496 ut
3323 5443 3561 5510 pretium

311 5518 420 5587 riu.
445 5530 567 5584 pag.
593 5515 714 5587 999,
752 5516 844 5569 ubi
879 5515 1201 5587 inscribitur
1227 5518 1329 5570 sub
1357 5518 1460 5571 hoc
1491 5519 1688 5572 titulo:
1730 5521 1888 5570 Ἀνω-
1987 5527 2294 5586 arrogaret,
2324 5533 2424 5587 pro
2468 5516 2707 5585 Origenis
2749 5519 2828 5568 vel
2885 5516 3105 5587 alterius
3155 5515 3377 5566 doctoris
3416 5529 3561 5587 cur-

309 5583 478 5656 νυμου
513 5583 720 5656 σχόλια
755 5587 833 5648 εἰς
862 5585 1025 5656 εὐχὴν
1057 5588 1365 5655 Κυριακήν.
1399 5589 1542 5642 Εοιτ.
1570 5589 1715 5643 Petri
1753 5588 1889 5642 Lao-

309 5652 833 5725 dicensis'episcopi
870 5652 1227 5725 espositiu'in
1259 5652 1578 5712 Orationem
1641 5659 1887 5713 Domini-

315 5737 456 5778 eam.

1988 5576 2182 5654 χρὸνὸυ
2202 5576 2591 5641 ίρῑιι’1ιαι)οηὰἓί
2618 5587 2852 5640 censuit.
2878 5586 2945 5639 At
2969 5586 3043 5639 illi
3068 5599 3267 5656 parum
3301 5576 3564 5656 credulus

1991 5653 2227 5710 Huetius
2253 5657 2307 5711 in
2334 5657 2643 5724 Origenian.
2683 5657 2962 5710 inferioris
2999 5653 3156 5724 longe
3213 5654 3313 5708 ιρι-ἰ
3352 5653 3564 5724 parenti

1993 5743 2052 5781 ea
2089 5727 2384 5798 adjudicat,
2419 5723 2582 5783 Petro
2620 5727 2832 5782 scilicrt
2862 5726 3186 5783 Laodicensi
3239 5723 3562 5794 scptimi,ut
