4076 6520
261 374 425 444 2345

1820 390 1986 451 νΙΤΑ
1998 441 2010 454 .

3392 409 3535 475 2346

260 498 480 569 λόγιον,
523 519 548 553 ο
569 501 770 564 Διαδάς
789 500 871 564 εἷς
900 500 1240 556 Μακεδονίαν
1269 500 1347 574 (d)
1369 501 1635 576 βοήθησον
1656 506 1805 576 ἡμῖν,
1832 526 1848 557 ι

1961 511 2261 577 cedouiam,
2293 512 2487 581 adjuva
2511 531 2611 570 nos
2641 516 2721 570 ":
2757 534 2777 568 ι
2806 516 3068 586 quoniam
3101 516 3273 574 farina
3292 518 3404 590 jam
3438 522 3534 575 de-

251 592 346 645 ὅτι
369 594 483 666 ἤδη
497 594 561 648 τὺ
575 594 804 664 ἄλευρον
822 595 885 647 ἐκ
907 595 1015 649 τῶν
1041 594 1279 663 ἀγγείων
1294 595 1561 659 ἐξέλιπεν,
1589 599 1683 651 καὶ
1706 600 1856 652 πᾶσα

1961 603 2351 670 fecitiuarcis,
2376 612 2429 658 et
2446 620 2571 675 spes
2605 606 2780 663 victus
2824 607 2984 663 nobis
3023 611 3306 681 adimitur.
3344 615 3411 667 At
3444 615 3535 670 illo
3604 652 3605 655 η

251 684 438 747 ἐλπὶς
464 688 836 756 περιαιρεῖται
861 684 955 738 τοῦ
986 683 1256 748 σώζεσθαι
1284 688 1457 756 ἡμᾶς.
1505 688 1565 759 '_O
1597 688 1653 741 δὲ
1688 688 1856 759 μηδὲν

256 777 565 841 ἐνδοιάσας
586 779 618 847 ἧ
651 779 1041 849 ὑπερθέμενος,
1061 777 1278 850 θαρρῶν
1299 781 1379 842 εἰς
1413 757 1540 843 τοὺς
1556 757 1858 844 ¹πλουσίους

254 870 603 939 οὶκτιρμοὺς
630 870 725 923 τοῦ
754 870 913 936 Θεοῦ,
942 871 1276 942 παρεγένετο
1329 872 1409 932 εἰς
1441 871 1503 924 τὸ
1545 872 1854 942 κελλάριον,

258 966 320 1018 ἐν
360 958 415 1032 ᾧ
471 967 523 1018 0i.
584 967 781 1036 σάρποι
832 964 1005 1035 βραχὺ
1042 946 1258 1035 ἔχοντες
1321 963 1546 1034 ἄλευρον
1597 965 1854 1019 ἵσταντο·

264 1058 363 1110 καί
402 1057 646 1127 ποιήσας
672 1057 856 1126 εὐχὴν,
892 1055 1262 1127 παρήγγειλεν
1310 1058 1423 1118 τοῖς
1455 1056 1721 1119 διακόνοις
1769 1056 1856 1108 λέ-

267 1163 407 1214 γων,
428 1148 517 1199 ὅτι
539 1147 699 1200 Ὅσον
741 1147 1009 1217 παρέχετε
1032 1148 1146 1209 τοῖς
1166 1144 1356 1216 χρείαν
1383 1144 1616 1215 ἔχουσιν,
1635 1145 1776 1215 ὑπὲρ
1798 1145 1860 1198 τὸ

266 1238 563 1291 διπλάσιον
619 1240 845 1308 χορηγεῖ
893 1237 1096 1305 Κύριος
1143 1239 1170 1290 6
1207 1236 1338 1301 Θεὸς
1380 1236 1556 1308 ήμῶν.
1613 1235 1860 1292 Πιστεύω

263 1328 380 1399 γὰρ
434 1328 521 1381 ὅτι
575 1326 650 1389 ὡς
710 1326 811 1379 οὐκ
864 1326 1113 1390 ἐξέλιπεν
1147 1328 1214 1380 ἐκ
1249 1327 1348 1397 τῆς
1387 1327 1578 1397 ὑδρίας
1630 1327 1760 1381 ποτέ
1797 1326 1861 1378 τὸ

258 1418 529 1490 ἄλευρον,
564 1418 686 1471 οὐδὲ
752 1417 845 1470 νῦν
886 1417 1150 1486 ἐκλείψει,
1186 1418 1280 1471 καὶ
1310 1419 1361 1470 εί
1388 1416 1595 1471 ἔκλινεν
1633 1418 1697 1469 ἐκ
1732 1414 1858 1470 τού-

260 1528 363 1566 του
399 1514 486 1575 εἰς
512 1510 689 1576 τοῦτο,
720 1509 1001 1564 τουτέστιν
1030 1510 1139 1562 ἀπὸ
1166 1509 1260 1561 τού
1286 1510 1549 1579 γέμοντος
1582 1510 1660 1570 εἰς
1684 1510 1743 1561 τὸ
1767 1526 1861 1561 κει·

258 1605 385 1670 νὺν,
420 1604 569 1672 πλὴν
594 1605 622 1656 6
648 1602 875 1674 τρυγίας
899 1602 1063 1655 αὑτοῦ
1107 1602 1207 1654 οὐκ
1258 1600 1693 1672 ἐκκενωθήσεται
1712 1642 1725 1665 ,
1753 1601 1859 1669 φάσ

258 1715 471 1765 γονται
496 1698 556 1750 δέ
582 1698 800 1760 πάντες,
825 1696 922 1749 καὶ
945 1684 1430 1766 χορτασθήσονται,
1454 1695 1549 1746 καὶ
1580 1695 1853 1745 αἰνέσουσι

259 1790 491 1861 Κύριον
528 1789 621 1842 τὸν
679 1788 813 1841 Θεὸν
871 1786 1050 1859 ἡμῶν.
1086 1788 1241 1840 Μετὰ
1305 1784 1502 1855 πολλῆς
1541 1783 1633 1836 οὖν
1684 1783 1859 1852 χαρᾶς

260 1883 369 1935 καὶ
396 1882 712 1953 προθυμίας
736 1885 784 1935 οί
812 1882 1196 1935 εὐλαδέστατοι
1239 1877 1468 1949 μοναχοὶ
1508 1877 1567 1929 τὸ
1613 1892 1858 1944 προστα-
1892 1874 1931 1926 Β

263 1977 411 2048 χθέν
455 1980 637 2040 αὐτοῖς
668 1975 961 2047 ἐπλήρουν,
1008 1972 1234 2041 ἀνενδεῆ
1283 1973 1380 2041 τὴν
1438 1968 1703 2040 χορηγίαν
1751 1967 1859 2021 τῶν

263 2070 466 2141 ἄρτων
523 2070 855 2140 παρέχοντες
901 2069 1034 2121 πᾶσι
1070 2067 1183 2128 τοῖς
1232 2063 1569 2135 ἐρχομένοις.
1612 2061 1736 2114 Ἐπὶ
1763 2076 1860 2112 πο-

265 2162 375 2215 λὺν
426 2156 521 2214 οὖν
574 2161 764 2231 χρόνον
810 2157 969 2211 τοῦτο
1026 2154 1338 2218 ποιοῦντες,
1374 2152 1540 2205 πολὺν
1592 2148 1863 2202 πεινῶντα

275 2255 413 2308 λαὸν
463 2254 781 2324 ἐχόρτασαν.
848 2251 940 2303 Ἐκ
1011 2248 1201 2302 τούτου
1268 2245 1324 2298 δέ
1394 2243 1557 2296 πλέον
1615 2241 1859 2312 ἐγνώσθη

280 2348 343 2401 τὸ
409 2347 612 2415 θαῦμα,
644 2346 709 2398 ἐκ
771 2344 864 2396 τοῦ
920 2343 995 2413 μὴ
1042 2338 1296 2404 δέξασθαι
1358 2338 1674 2407 προσθήκην
1701 2334 1861 2387 ἀλεύ-

277 2455 375 2508 pou
435 2438 574 2509 πρὸς
629 2436 729 2506 τὴν
753 2434 852 2505 ήδη
902 2431 995 2484 τοῦ
1043 2428 1291 2484 ἐνιαυτοῦ
1348 2428 1632 2495 γεγονυῖαν
1686 2426 1863 2477 εἰσκο-

276 2528 481 2601 μιδήν·
521 2527 585 2580 ού
633 2526 795 2597 μόνον
825 2525 882 2576 δέ
921 2522 1098 2587 τοῦτο,
1131 2520 1268 2575 ἀλλά
1310 2518 1576 2588 τοσαύτης
1619 2516 1859 2587 ύπερδα-

270 2624 466 2692 πάνης
494 2616 888 2688 γεγενημένης,
918 2616 1013 2668 καὶ
1056 2614 1193 2684 μετά
1213 2614 1272 2665 τὸ
1299 2609 1715 2681 εἰσκομισθῆναι
1768 2609 1859 2689 τὸν

270 2720 405 2773 νέον
428 2717 674 2787 ἄλευρον,
705 2712 798 2766 ἐπὶ
828 2712 1017 2783 χρόνον
1055 2709 1239 2762 ἱκανὸν
1258 2707 1329 2760 τὸ
1353 2706 1587 2758 παλαιὸν
1614 2705 1860 2775 ἐπήρκε-

274 2828 402 2873 σεν,
451 2809 645 2880 μᾶλλον
699 2805 756 2859 δέ
805 2807 893 2859 διὰ
943 2804 1143 2867 παντὸς
1189 2802 1322 2855 αὐτὸ
1351 2799 1777 2872 ἐπαρκεῖ,κατὰ
1801 2797 1862 2851 τὸ

272 2901 698 2974 γεγραμμένον,
736 2916 756 2950 ι
794 2896 1036 2964 Φάγεσθε
1083 2895 1288 2947 παλαιὰ
1327 2893 1421 2945 ἐπὶ
1470 2891 1736 2957 παλαιῶν,
1768 2892 1862 2943 καὶ

274 2996 495 3051 παλαιά
525 2997 590 3047 ἐκ
623 2989 916 3062 προσώπου
943 2989 1077 3041 νέων
1120 2987 1375 3052 ἐξοίσετε’
1416 3004 1434 3036 ι
1468 2984 1862 3055 ἀμεταμέλητα

275 3088 393 3160 γάρ
422 3086 520 3139 τοῦ
547 3083 680 3137 Θεοῦ
713 3084 781 3136 τὰ
815 3082 1149 3153 χαρίσματα.

352 3178 455 3247 ξγ⁹.
488 3179 598 3229 Καὶ
629 3175 757 3246 περὶ⁸
787 3175 883 3245 μὲν
911 3171 1018 3225 τῶν
1054 3171 1158 3224 ὑπὸ
1179 3169 1273 3224 τοῦ
1306 3169 1463 3237 ἁγίου
1493 3169 1684 3238 ἀνδρὸς
1729 3168 1861 3222 θαυ-

507 3243 831 3338 γεγονὸτων,
866 3265 1077 3318 πολλῶν
1107 3264 1278 3317 ὄντων
1309 3265 1404 3317 καὶ
1442 3262 1695 3333 μεγάλων
1720 3302 1734 3325 ,
1761 3263 1860 3333 ὰρ-
1890 3243 1933 3302 C

282 3364 527 3424 κούντως
554 3362 612 3427 ἐξ
644 3357 824 3412 αὐτῶν
848 3358 1042 3426 ὀλίγων
1070 3354 1578 3426 ἐμνημονεύσαμεν,
1606 3354 1674 3407 τὰ
1696 3352 1861 3406 λοιπὰ

283 3460 393 3520 sui;
447 3453 792 3526 βουλομένοις
843 3452 970 3520 περὶ
1034 3448 1199 3502 αὐτοῦ
1253 3447 1435 3518 ζητεῖν
1480 3448 1577 3500 καὶ
1627 3445 1861 3516 γράφειν

282 3546 633 3620 ὑψηλοτέροις
680 3544 1199 3614 παραχωρήσαντες.
1263 3540 1459 3605 Ἀξιον
1507 3540 1563 3591 δέ
1616 3540 1674 3592 τὸ
1725 3536 1861 3608 μηδέ

287 3642 365 3702 είς
392 3638 560 3691 αὐτὸν
585 3635 805 3704 γεγονὸς
840 3634 1027 3703 θαῦμα
1053 3633 1436 3702 παραδραμεῖν
1482 3629 1858 3694 ἀνεξέταστον.

289 3732 443 3784 Ποῖον
480 3728 547 3798 δὴ
599 3725 759 3779 τούτο
793 3720 902 3796 ἦν;
940 3724 1013 3776 T6
1062 3723 1162 3793 τῆς
1221 3720 1482 3774 ἐπανόδου
1541 3719 1704 3790 φημὶ,
1738 3718 1859 3789 ἦτοι

285 3822 784 3881 ἀποκαταστάσεως
817 3818 917 3885 τῆς
955 3817 1033 3879 εἰς
1058 3815 1150 3868 τὸν
1180 3815 1379 3867 οἰκεῖον
1407 3812 1617 3883 θρόνον,
1646 3812 1703 3864 δν
1731 3810 1857 3864 οὔτε

286 3913 567 3969 ἀπολιπὼν
611 3911 959 3965 παντάπασιν
1002 3906 1373 3963 ἀπολέλοιπεν.
1402 3906 1611 3968 Μείνας
1643 3899 1737 3958 οὖν
1770 3904 1860 3957 τὸν

287 4007 588 4076 δωδεκαέτη
622 4006 717 4058 καὶ
748 4004 883 4073 πρὸς
902 4002 1095 4074 χρόνον
1128 4003 1191 4054 ἐν
1220 3999 1298 4069 τῷ
1322 4000 1412 4053 ὑπ’
1434 3996 1600 4052 αὑτοῦ
1629 3996 1861 4050 συστάν-

284 4118 335 4153 τι
376 4100 740 4171 μοναστηρίῳ,
764 4098 863 4160 τάς
894 4114 953 4149 τε
986 4095 1378 4167 προλεχθείσας
1411 4091 1860 4163 θαυματουργίας

285 4193 418 4245 ἄλλα
446 4210 504 4245 τε
532 4189 830 4261 πάμπολλα
862 4189 1154 4261 συνεργείᾳ
1181 4187 1320 4252 ,Θεοῦ
1352 4184 1771 4244 ἐπιτελέσαντος
1799 4183 1859 4234 ἐν

283 4283 433 4351 αὐτῷ
483 4282 642 4352 ἔργα,
673 4281 967 4349 κεφάλαιον
997 4280 1089 4333 ἐπὶ
1109 4280 1220 4341 τοῖς
1257 4276 1571 4347 λεγομένοις
1602 4273 1695 4327 καὶ
1726 4270 1858 4340 παρ’

285 4373 451 4427 αὑτοῦ
508 4374 800 4442 πραχθεῖσι
846 4372 1116 4425 δείκνυσιν
1147 4370 1175 4424 6
1202 4370 1334 4433 Θεὸς
1395 4368 1495 4439 τὴν
1529 4367 1694 4421 αὑτοῦ
1724 4366 1858 4419 θαυ-

289 4466 625 4536 ματουργίαν
676 4465 768 4516 καλ¹
821 4465 900 4526 εἰς
958 4462 1139 4516 αὐτόν.
1181 4461 1256 4514 Οὐ
1292 4460 1402 4530 γὰρ
1459 4458 1725 4531 πρέσϐυς,
1758 4458 1860 4510 οὐκ

284 4557 535 4624 ἄγγελος,
567 4554 681 4608 ἀλλ’
708 4554 869 4617 αὐτὸς
901 4555 929 4607 ὀ
959 4551 1161 4621 Κύριος
1186 4592 1199 4615 ,
1238 4554 1266 4604 6
1298 4551 1386 4603 διὰ
1442 4550 1705 4610 λαίλαπος
1758 4546 1857 4627 καὶἶ

283 4646 463 4716 νεφῶν
523 4645 870 4716 χρηματίσας
903 4644 981 4713 τῷ
1025 4643 1168 4704 Ἰὼϐ,
1195 4644 1223 4695 6
1282 4641 1482 4711 βραδὺς
1514 4643 1594 4701 εἰς
1632 4639 1851 4692 κόλασιν

285 4742 379 4792 καὶ
398 4740 567 4807 ταχὺς
600 4740 679 4799 εἰς
707 4736 1009 4805 ἀντίληψιν,
1037 4738 1064 4789 6
1098 4736 1172 4804 μὴ
1213 4732 1491 4795 παντελῶς
1548 4732 1726 4799 ἀφιεὶς
1759 4729 1853 4801 pti-

286 4829 407 4879 ὁδον
433 4827 771 4899 ἁμαρτωλῶν
798 4826 889 4878 ἐπὶ
914 4828 1006 4878 τὸν
1036 4825 1237 4895 κλῆρον
1262 4824 1506 4885 δικαίων,
1529 4823 1616 4874 ἴνα
1649 4821 1723 4891 μὴ
1755 4837 1857 4873 κα-

279 4923 403 4977 κίαν
435 4921 631 4972 δίκαιοι
664 4917 909 4989 μάθωσιν
942 4935 957 4948 ·
987 4917 1077 4969 ἐπὶ
1107 4917 1248 4969 τέλει
1276 4915 1384 4968 τῶν
1435 4914 1611 4967 ἄθλων
1652 4915 1856 4980 ἀναγοο

284 5012 432 5084 ρεύει
476 5010 567 5063 τὸν
606 5008 862 5080 ἀθλητὴν,
903 5006 1139 5076 λαμπρῴ
1172 5004 1249 5076 τῷ
1293 5005 1607 5075 κηρύγματι
1646 5003 1851 5069 λέγων·

282 5118 306 5156 ι
344 5101 520 5153 Ζῶσαι
575 5098 763 5168 ῶσπερ
810 5096 951 5167 ἀνὴρ
994 5095 1093 5166 τὴν
1139 5095 1310 5164 ὀσφύν
1349 5111 1464 5158 σου,
1505 5095 1767 5163 ἐρωτήσω
1793 5092 1850 5144 δέ

280 5210 362 5257 σε,
388 5192 450 5244 σὺ
478 5191 533 5243 δὲ
572 5191 861 5261 ἀπόκριναι
879 5204 893 5217 ⁸
929 5187 1032 5241 οἴει
1054 5187 1111 5239 δέ
1147 5205 1214 5258 με
1239 5187 1416 5249 ἄλλως
1455 5204 1538 5239 σοι
1565 5201 1850 5256 κεχρημα-

278 5284 505 5346 τικέναι,
532 5281 565 5352 ἢ
594 5282 680 5335 ἵνα
722 5283 1004 5351 ἀναφανῇς
1032 5279 1240 5343 δίκαιος
1264 5296 1278 5345 ;
1312 5298 1331 5330 ι
1360 5278 1533 5332 Τοῦτο
1557 5279 1667 5332 τῶν
1693 5296 1855 5350 τραυ-

1960 694 2111 748 nulla
2151 696 2477 764 interposita
2510 712 2659 750 mora
2701 698 2952 767 nihilque
3011 699 3295 765 dubitans,
3326 701 3421 755 sed
3463 701 3531 755 fi-

1958 784 2095 839 dens
2125 787 2404 855 opulenta:
2433 788 2827 843 misericordiae
2858 788 2975 851 Dei,
3013 789 3295 857 ingressus
3327 791 3380 845 in
3403 808 3531 846 eum

1958 877 2140 931 locum
2162 879 2217 932 in
2249 895 2358 948 quo
2389 889 2723 946 erantarcaz,
2755 881 2866 951 jam
2900 882 3302 951 propemodum
3348 883 3523 937 farina

1958 986 2169 1027 vacuae.
2200 980 2323 1040 post
2351 972 2499 1026 fusas
2522 972 2590 1027 ad
2622 973 2793 1026 Deum
2826 990 3019 1043 preces
3072 975 3283 1028 solatus
3310 984 3395 1029 est
3423 976 3528 1028 mi-

1959 1062 2186 1125 nistros,
2221 1063 2390 1127 Bono,
2428 1063 2705 1131 inquiens,
2730 1073 2907 1117 estote
2939 1064 3125 1117 animo
3154 1083 3165 1117 :
3200 1065 3346 1133 quod
3381 1066 3530 1133 enim

1958 1156 2251 1226 egentibus
2280 1154 2593 1225 impartitis,
2632 1156 2900 1210 Dominus
2949 1158 3094 1211 Deus
3142 1165 3328 1211 uoster
3369 1158 3534 1211 resti-

1962 1256 2077 1303 tuet
2111 1249 2477 1318 duplicatum.
2515 1250 2691 1320 Spero
2714 1250 2882 1313 enim,
2913 1249 3378 1319 quemadmodum
3400 1251 3532 1304 olim

1959 1352 2026 1391 ex
2054 1338 2247 1408 hydria
2271 1339 2445 1393 farina
2478 1354 2586 1391 non
2618 1338 2839 1403 defecit,
2874 1338 2948 1391 ita
2974 1355 3125 1393 nunc
3175 1339 3405 1394 minime
3434 1339 3536 1394 de-

1960 1429 2225 1484 futuram.
2266 1432 2400 1485 Nam
2448 1432 2576 1485 licet
2605 1431 3004 1485 inclinaveritis
3028 1448 3094 1485 ex
3122 1433 3226 1487 hoc
3277 1433 3332 1485 in
3369 1433 3527 1499 illud,

1960 1530 2021 1574 ut
2049 1530 2134 1575 est
2185 1522 2239 1574 in
2269 1523 2483 1576 Psalmo
2513 1522 2721 1576 dictum
2759 1523 2823 1588 ⁸³,
2862 1522 2968 1577 hoc
2999 1531 3084 1576 est
3130 1538 3160 1576 a
3200 1524 3361 1592 pleno
3384 1524 3451 1577 ad
3478 1524 3535 1578 id

1961 1614 2109 1684 quod
2141 1623 2226 1668 est
2250 1615 2447 1680 inane;
2478 1623 2657 1667 tamrn
2699 1614 2800 1668 faex
2822 1615 2941 1684 ejus
2967 1631 3075 1668 non
3097 1616 3204 1668 erit
3231 1616 3531 1680 exinanita,

1963 1708 2059 1761 sed
2103 1708 2274 1761 edent
2317 1723 2512 1761 omnes
2544 1716 2601 1761 et
2649 1707 3069 1771 saturabuntur,
3128 1715 3183 1762 et
3232 1709 3535 1764 laudabunt

1966 1798 2269 1853 Dominum
2289 1798 2460 1852 Deum
2507 1807 2778 1852 nostrum.
2808 1799 2906 1853 His
2965 1798 3151 1853 verbis
3203 1800 3402 1868 gaudio
3445 1817 3536 1855 re-

1962 1892 2094 1960 pleti
2118 1890 2517 1960 religiosissimi
2556 1890 2836 1955 monachi,
2864 1891 3124 1946 alacriter
3152 1893 3536 1961 exsequeban-

1962 1990 2054 2036 tur
2108 1982 2396 2047 mandata,
2457 1998 2664 2052 panem
2728 1982 3066 2038 sufﬁcienter
3140 1984 3534 2038 distribuentcs

1960 2074 2217 2129 amnibus
2242 2076 2664 2141 accedentibus;
2690 2091 2867 2146 eoque
2890 2076 3051 2131 modo
3069 2093 3319 2147 magnam
3342 2078 3534 2147 populi

1972 2168 2215 2225 turbam.
2250 2168 2393 2222 fame
2424 2168 2791 2233 laborantem,
2825 2169 2919 2224 diu
2965 2170 3344 2233 nutriveruut;
3381 2178 3534 2223 tanto

1962 2256 2154 2326 majori
2184 2258 2476 2319 miraculo,
2509 2258 2657 2327 quod
2689 2274 2814 2312 cum
2850 2258 3041 2314 farina:
3090 2259 3144 2313 in
3197 2276 3401 2313 annum
3439 2276 3536 2330 pa-

1966 2358 2095 2404 rata:
2124 2350 2263 2404 nihil
2287 2350 2608 2416 adderetur,
2631 2361 2686 2405 et
2710 2358 2922 2404 tantum
2953 2352 3208 2420 quotidie
3238 2368 3535 2407 consume-

1962 2450 2119 2495 retur
2139 2483 2153 2507 ,
2194 2452 2376 2496 tamen
2405 2460 2515 2497 non
2543 2443 2720 2497 solum
2758 2458 2867 2496 non
2903 2443 3125 2508 defecit,
3153 2459 3346 2498 verum
3369 2445 3534 2498 etiam

1961 2541 2250 2601 postquam
2280 2548 2419 2587 nova
2450 2532 2626 2586 farina
2655 2542 2801 2587 esset
2832 2532 3003 2594 illata,
3034 2532 3209 2587 farina
3229 2545 3387 2589 vetus
3413 2534 3533 2600 diu,

1964 2628 2075 2683 imo
2100 2645 2320 2699 semper
2341 2629 2475 2684 satis
2502 2628 2643 2695 fuit,
2664 2631 2809 2683 sicut
2833 2631 3101 2698 scriptum
3137 2639 3254 2685 est:
3292 2650 3309 2681 ι
3333 2630 3503 2686 Come
3530 2662 3536 2670 ι

1963 2723 2109 2777 detis
2139 2723 2519 2777 vetustissima
2542 2732 2816 2783 veterum,
2841 2733 2897 2777 et
2927 2733 3116 2779 vetera
3147 2724 3305 2779 novis
3335 2740 3533 2794 super—

1962 2816 2317 2871 venientibus
2348 2816 2657 2887 projicietis
2685 2817 2770 2883 “;
2802 2835 2820 2868 ι
2867 2815 2989 2870 sine
3029 2818 3355 2886 pmnilentia
3385 2817 3534 2873 enim

1962 2918 2095 2964 sunt
2130 2909 2273 2963 dona
2305 2910 2424 2963 Dei.

2033 3175 2121 3229 65.
2170 3176 2248 3229 Ac
2287 3175 2354 3229 de
2384 3175 2666 3230 miraculis
2691 3176 2939 3245 quidem,
2979 3192 3100 3245 quze
3130 3191 3160 3230 a
3194 3185 3385 3231 sancto
3413 3176 3535 3231 viro

1965 3276 2115 3336 gesta
2145 3275 2291 3331 sunt,
2336 3267 2471 3321 satis
2501 3268 2574 3322 sit
2617 3267 2877 3321 retulisse
2911 3268 3028 3323 haec
3068 3283 3261 3336 pauca,
3319 3268 3535 3338 reliqua

1966 3355 2310 3411 dimittentes
2358 3356 2427 3410 iis
2475 3357 2569 3426 qui
2616 3357 2685 3412 de
2734 3357 2855 3427 ipso
2886 3358 3183 3413 sublimius
3216 3358 3452 3413 scrutari
3477 3369 3537 3415 et

1964 3448 2207 3503 scribere
2253 3450 2578 3504 voluerint:
2653 3466 2764 3504 non
2816 3459 2999 3505 tamen
3046 3451 3155 3506 erit
3196 3451 3437 3506 alienum
3486 3450 3533 3506 si

1962 3541 2109 3611 quod
2134 3541 2188 3594 in
2235 3539 2473 3610 ipsomet
2500 3542 2706 3597 factum
2741 3551 2825 3598 est
2858 3559 3270 3599 recenseamus.
3303 3543 3533 3614 Ecquod

1963 3640 2149 3686 autem
2219 3632 2368 3687 istud
2421 3635 2549 3688 est?
2599 3633 2739 3688 Illud
2798 3635 3087 3697 nimirum,
3145 3634 3294 3704 quod
3356 3636 3533 3705 perti-

1963 3733 2057 3779 net
2084 3725 2151 3779 ad
2179 3727 2299 3796 ejus
2320 3725 2561 3780 reditum
2584 3726 2639 3779 in
2666 3726 2941 3795 propriam
2965 3725 3173 3790 sedem,
3198 3742 3362 3795 quam
3392 3742 3535 3780 nun-

1962 3833 2126 3889 quam
2158 3818 2388 3872 omnino
2439 3818 2831 3888 dereliquerat.
2876 3818 3013 3874 Cum
3040 3818 3209 3888 igitur
3239 3818 3530 3873 duodecim

1961 3923 2235 3962 annorum
2262 3907 2373 3979 (46)
2408 3908 2587 3978 spatio
2612 3916 2777 3977 atque
2806 3923 2874 3962 eo
2890 3909 3128 3978 amplius
3150 3908 3207 3962 in
3250 3915 3533 3963 monaste-

1965 4000 2050 4055 rio
2082 4015 2114 4054 a
2164 4015 2223 4055 se
2270 4001 2574 4055 constituto
2619 4000 2933 4065 mansisset,
2963 4009 3017 4054 et
3045 4014 3135 4054 res
3179 3999 3532 4055 admirabiles

1962 4092 2232 4146 hactenus
2284 4101 2742 4147 commemoratas
2777 4101 2943 4161 atque
2995 4092 3135 4147 alias
3186 4093 3389 4147 multas
3430 4094 3529 4150 Del

1961 4186 2165 4241 auxilio
2211 4185 2559 4256 perfecisset,
2610 4200 2827 4239 summa
2882 4184 3276 4238 miraculorum
3333 4185 3403 4239 ab
3463 4200 3530 4241 eo

1961 4287 2240 4349 gestorum
2276 4292 2341 4332 ea
2382 4276 2488 4330 fuit
2524 4277 2720 4346 gratia,
2753 4291 2918 4346 quam
2946 4276 3097 4329 circa
3156 4276 3334 4345 ipsum
3383 4278 3529 4332 Deus

1961 4370 2365 4424 ostendit.Non
2401 4370 2549 4423 enim
2574 4370 2812 4437 legatus,
2853 4384 2963 4423 non
2988 4369 3241 4438 angelus,
3264 4368 3361 4423 sed
3411 4370 3528 4439 ipse

1960 4461 2129 4523 Deus,
2160 4460 2252 4530 qui
2283 4475 2384 4529 per
2414 4459 2672 4513 nebulam
2694 4468 2750 4514 et
2807 4459 3090 4512 turbinem
3118 4458 3221 4514 Job
3256 4457 3531 4513 fueratal-

1961 4554 2198 4616 loeutus,
2225 4553 2319 4623 qui
2368 4552 2559 4607 tardus
2614 4560 2701 4606 est
2744 4551 2811 4605 ad
2844 4551 3146 4605 vindictam
3176 4559 3232 4605 et
3271 4551 3419 4605 celer
3459 4550 3528 4604 ad

1961 4649 2489 4709 remunerationem,
2525 4645 2622 4714 qui
2673 4660 2781 4698 non
2818 4644 3085 4713 relinquit
3139 4644 3368 4698 omnino
3416 4644 3531 4697 vir-

1957 4752 2079 4807 gam
2134 4746 2486 4807 peccatorum
2525 4752 2693 4805 super
2726 4746 2931 4791 sonem
2959 4737 3262 4807 justornm,
3307 4743 3366 4787 ut
3416 4750 3529 4788 non

1955 4828 2172 4883 discant
2208 4827 2475 4882 malitiam
2511 4828 2666 4899 justi,
2702 4828 2758 4882 in
2807 4828 2913 4883 fine
2947 4827 3312 4882 certaminum
3366 4825 3528 4894 pugi-

1957 4919 2063 4972 lem
2127 4935 2287 4973 suum
2336 4920 2484 4973 clare
2531 4919 2865 4989 alloquitur:
2906 4918 3188 4989 «Accinge
3238 4917 3382 4971 sicut
3441 4917 3528 4971 vir

1956 5008 2175 5063 lumbos
2206 5010 2719 5080 tuos,interrogabo
2751 5020 2827 5077 te,
2856 5018 2913 5063 tu
2937 5019 3116 5063 autem
3143 5007 3274 5062 mihi
3296 5023 3525 5077 respon-

1959 5100 2139 5154 debis.
2170 5100 2497 5170 Opinarisne
2534 5117 2620 5156 me
2650 5102 2812 5156 aliter
2840 5110 3024 5156 tecum
3058 5100 3231 5170 loqui,
3272 5115 3435 5170 quam
3469 5106 3527 5154 ut

1955 5190 2143 5261 justus
2176 5192 2594 5261 appareas"?i
2650 5192 2764 5247 Hoc
2805 5200 2889 5247 est
2936 5192 3227 5245 vulnerum
3280 5190 3530 5244 medica-

1962 5290 2231 5347 mentum,
2266 5282 2381 5338 hac
2424 5282 2748 5338 certaminis
2806 5297 3031 5346 corona,
3092 5280 3207 5336 haec
3247 5277 3531 5350 patientiae

348 5439 391 5469 ⁶²
415 5440 535 5495 Act.
560 5454 669 5503 XVl,
691 5438 744 5493 9.
824 5437 869 5468 ⁸³
893 5435 1033 5491 Psal.
1087 5451 1265 5499 Lxxw,
1320 5434 1384 5489 19
1483 5434 1528 5465 ⁸³
1558 5433 1734 5489 Levit.
1766 5451 1861 5491 xxv

1961 5434 2026 5489 .0.
2107 5435 2152 5467 “
2189 5434 2294 5490 Job
2324 5452 2411 5502 XL,
2435 5435 2490 5503 2,
2521 5436 2578 5490 3.

352 5599 428 5673 (di)
468 5598 863 5673 Videntur_hic
900 5598 1281 5673 Macedoniam
1303 5599 1593 5673 nominare
1660 5611 1763 5668 pro
1796 5598 2117 5673 regionibus
2155 5600 2391 5672 Europe
2422 5609 2577 5655 trans
2601 5599 2856 5665 Pontum,
2884 5597 2937 5653 in
2970 5595 3174 5667 quibus
3208 5594 3395 5666 procul
3460 5590 3531 5647 ab

276 5668 514 5731 hostium
546 5678 695 5723 metu
730 5669 917 5741 fruges
937 5678 1068 5724 tunc
1097 5668 1382 5724 abundare
1411 5669 1801 5725 credebantur.

367 5830 454 5903 46)
488 5828 573 5887 ΑΙ)
596 5845 745 5886 anno
775 5829 878 5885 565
915 5828 984 5884 ad
1012 5829 1135 5883 577.

667 5921 936 5983 PATBOL.
982 5920 1102 5985 Gn.
1148 5921 1496 5987 LXXXVI.

3094 5917 3164 5978 Ἧι
