4080 6538
577 386 716 451 2317

1631 389 1693 449 S.
1732 388 2097 448 EUTYCHII
2134 387 2645 447 PATRIARCIL'E
2691 388 2802 450 ΟΡ.

3683 392 3823 455 2348

576 500 970 564 remuneratio,
997 500 1104 555 hoc
1138 500 1337 570 pignus
1384 502 1655 557 mercedis
1704 503 1935 558 futurae:
1991 504 2135 558 idem

2252 506 2435 572 μάτων
2488 502 2548 554 τὸ
2587 502 2898 573 φάρμακον,
2930 495 3086 565 οὗτος
3130 502 3233 572 τῆς
3297 504 3531 573 ἀγωνίας
3559 508 3590 559 6
3621 509 3827 577 στέφα-

574 597 671 668 qui
703 595 891 650 dolere
923 594 1073 658 facit,
1093 608 1315 649 rursum
1340 602 1569 649 recreat.

641 867 730 922 64.
768 866 945 921 Nemo
995 870 1155 935 putet
1202 878 1328 917 eum
1365 863 1486 917 sine
1520 864 1923 919 tentationibus
1958 874 2015 918 et
2060 865 2144 918 af-

573 959 915 1015 ﬂictionibus
954 958 1327 1029 gravibusque
1384 957 1647 1026 periculis
1702 966 1876 1012 totum
1926 967 2146 1027 tempus

573 1052 909 1122 transegisse
951 1050 1005 1104 in
1041 1049 1379 1103 monasterio
1430 1065 1559 1103 suo:
1590 1064 1701 1103 non
1733 1050 1885 1103 enim
1914 1050 2145 1104 deerant

571 1148 759 1201 hostes
794 1144 1045 1199 visibiles
1073 1153 1131 1198 et
1156 1143 1488 1207 invisibiles,
1522 1142 1616 1212 qui
1647 1143 1989 1212 conjicerent
2015 1157 2142 1196 eum

571 1241 626 1294 in
714 1239 991 1293 caminum
1071 1237 1479 1298 tentationum,
1552 1236 2143 1304 pcrturbationumqne

572 1332 847 1385 ﬂammam
877 1328 1259 1391 incenderent,
1285 1336 1341 1382 et
1380 1327 1669 1381 doloribus
1702 1327 1824 1396 ejus
1871 1325 2146 1380 adderent

571 1424 998 1484 incrementum,
1028 1428 1085 1473 ut
1134 1419 1288 1473 illum
1325 1418 1528 1472 Psalmi
1558 1432 1778 1471 versum
1825 1426 2013 1485 posset
2061 1416 2145 1469 di-

570 1529 694 1568 eare
720 1531 742 1579 :
777 1531 794 1563 ι
822 1512 999 1580 Super
1023 1511 1268 1564 dolorem
1296 1510 1593 1563 vulnerum
1626 1524 1873 1563 meorum
1910 1507 2142 1562 addide-

571 1614 702 1659 runt
729 1606 793 1659 ⁸⁸.
824 1624 841 1656 ι
869 1603 1074 1659 Omnes
1109 1612 1291 1657 autem
1338 1611 1590 1657 sanctum
1640 1600 2040 1655 monasterium
2066 1599 2141 1655 ita

570 1697 866 1760 vexabant,
893 1707 953 1750 ut
982 1694 1210 1749 taederet
1238 1711 1338 1749 nos
1357 1695 1524 1749 etiam
1550 1694 1757 1758 vivere,
1787 1693 1891 1747 nisi
1911 1693 2140 1762 angelus

2253 613 2363 658 νος,
2399 595 2538 665 αὖτη
2592 596 2692 663 τῆς
2735 596 3014 665 ὑπομονῆς
3044 598 3076 665 ή
3104 596 3393 661 ἀντίδοσις,
3423 599 3515 650 καὶ
3567 601 3825 671 ἀρραϐὼν

2249 688 2349 752 τῆς
2412 685 2712 757 μελλούσης
2771 686 3216 755 μισθαποδοσίας,
3282 688 3366 740 ὃτι
3423 689 3588 753 αὐτὸς
3640 692 3827 761 ἀλγεῖν

2251 783 2415 843 ποιεῖ,
2448 780 2543 831 καὶ
2567 780 2731 832 πάλιν
2762 778 3217 850 ἀποκαθίστησιν.

2322 870 2412 935 ξδ’.
2446 872 2537 941 Μὴ
2567 872 2676 940 γάρ
2715 888 2797 934 τις
2856 870 3122 924 ὑπολάϐοι
3171 873 3254 925 ὅτι
3294 873 3450 935 ἐκτὸς
3481 878 3828 947 πειρασμῶν,

2248 965 2285 1034 ἢ
2316 963 2568 1032 θλίψεων,
2602 964 2635 1035 ἦ
2660 963 2922 1017 κινδύνων
2945 963 3198 1033 χαλεπῶν
3223 965 3411 1034 διῆγεν
3435 968 3493 1018 ὲν
3517 968 3594 1037 τῷ
3627 970 3827 1023 ἑαυτοῦ

2254 1054 2603 1124 μοναστηρίῳ
2638 1054 2730 1106 τὸν
2755 1053 2971 1107 ἅπαντα
2993 1054 3183 1123 χρόνον
3222 1070 3237 1083 ·
3270 1056 3331 1107 ού
3358 1056 3467 1126 γὰρ
3508 1058 3746 1113 διέλιπον
3776 1062 3829 1114 οἱ

2252 1145 2613 1213 ἐμϐάλλοντες
2643 1144 2805 1197 αύτδν
2838 1146 2917 1207 είς
2936 1145 3037 1216 τήν
3061 1146 3293 1214 κάμινον
3324 1148 3434 1200 τῶν
3462 1154 3788 1220 πειρασμῶν
3808 1191 3827 1216 ,

2247 1235 2431 1304 ὁρατοί
2471 1253 2533 1287 τε
2585 1237 2680 1287 καὶ
2729 1236 2952 1306 ἀόρατοι
2982 1237 3188 1306 ἐχθροὶ,
3220 1238 3469 1303 καίοντες
3526 1240 3626 1312 τὴν
3656 1242 3831 1312 φλόγα

2247 1322 2357 1374 τῶν
2411 1323 2781 1392 παθημάτων,
2836 1326 2927 1375 καὶ
2980 1325 3298 1394 προσθήκας
3350 1327 3657 1397 ἀλγηδόνων
3679 1331 3830 1402 αύτῷ

2246 1414 2599 1483 παρέχοντες.
2630 1413 2773 1468 κατὰ
2796 1415 2856 1468 τὸ
2889 1416 3160 1487 ψαλμικδν
3182 1416 3384 1484 λόγιον,
3424 1436 3443 1469 ι
3482 1420 3593 1472 Καὶ
3628 1421 3727 1473 ἐπὶ
3767 1423 3831 1475 τὸ

2244 1505 2411 1572 ἄλγος
2441 1504 2551 1557 τῶν
2577 1506 2909 1575 τραυμάτων
2938 1523 3041 1577 μου
3070 1506 3418 1578 προσέθηκαν
3450 1523 3464 1538 ⁸
3504 1528 3524 1560 ι
3558 1509 3829 1578 πολυτρό-

2243 1614 2362 1659 πως
2390 1596 2574 1650 αὐτῶν
2604 1615 2663 1649 τε
2690 1598 2783 1651 καὶ
2815 1598 2885 1650 δι’
2919 1599 3103 1652 αὐτῶν
3132 1598 3195 1652 τὸ
3230 1599 3426 1667 εὐαγὲς
3474 1600 3829 1665 κακώσαντες

2245 1691 2621 1758 μοναστήριον,
2655 1690 2795 1743 ὥστε
2823 1690 3225 1761 ἐξαπορηθῆναι
3278 1693 3425 1762 ἡμᾶς
3447 1692 3661 1745 καὶτοῦ
3704 1693 3827 1762 ζῇν,

572 1787 787 1841 Domini
820 1786 1228 1849 descendisset,
1259 1794 1316 1840 et
1342 1785 1614 1839 ﬂammam
1674 1784 1815 1854 ignis
1847 1783 2140 1838 discussis-

2248 1782 2288 1832 ει
2319 1781 2393 1851 μὴ
2415 1784 2442 1833 6
2462 1781 2691 1849 ἄγγελος
2720 1784 2922 1854 Κυρίου
2956 1783 3287 1853 συγκατέϐη,
3317 1785 3412 1837 καὶ
3432 1782 3701 1848 ἐξετίναξε
3728 1784 3831 1855 τὴν

571 1889 673 1944 set,
725 1877 1058 1949 fecissetque
1086 1878 1330 1933 medium
1386 1876 1635 1931 fornacis
1685 1876 1841 1945 quasi
1903 1885 2129 1931 ventum

2248 1872 2408 1940 φλόγα
2436 1873 2528 1926 τοῦ
2557 1875 2747 1946 πυρὸς,
2779 1876 2872 1928 καῖ⁵
2904 1875 3124 1941 ἐποίησε
3149 1874 3211 1928 τὸ
3242 1875 3403 1944 μέσον
3451 1875 3551 1945 τῆς
3580 1876 3830 1945 ’καμίνου

573 1972 717 2025 roris
760 1972 1004 2027 ﬂantem.
1040 1970 1310 2036 Quoniam
1360 1969 1529 2039 igitur
1583 1969 1876 2038 oportebat
1941 1985 2139 2025 aurum

572 2064 861 2133 probatum
888 2078 920 2118 e
959 2063 1180 2118 fornace
1207 2064 1397 2127 eximi,
1453 2072 1513 2117 ut
1545 2064 1891 2133 splendidius
1923 2066 2143 2121 videre-

574 2162 665 2208 tur
721 2155 941 2223 (taliter
986 2155 1134 2209 enim
1190 2164 1319 2209 sunt
1350 2155 1549 2220 sancti,
1583 2156 1681 2224 qui
1729 2165 2016 2212 transeunt
2046 2174 2143 2227 per

577 2246 926 2311 tentationcs,
982 2262 1217 2315 quorum
1284 2247 1386 2300 sub
1443 2262 1683 2317 persona
1744 2248 1880 2304 dicit
1934 2249 2140 2304 David:

585 2338 1000 2391 «Transivimus
1023 2353 1120 2407 per
1151 2339 1331 2408 ignem
1362 2346 1419 2392 et
1453 2354 1674 2408 aquam,
1696 2339 2011 2393 eteduxisti
2044 2354 2145 2393 nos

577 2430 633 2484 in
667 2430 1010 2500 refrigerium
1060 2430 1101 2461 ⁸⁷
1130 2448 1148 2481 ι
1176 2430 1216 2499 ),
1253 2431 1417 2483 etiam
1469 2440 1829 2501 pugnatorem
1860 2433 2140 2501 egregium

574 2522 767 2577 eduxit
792 2521 846 2575 in
883 2520 1230 2591 refrigerium
1278 2522 1445 2587 Deus,
1484 2524 1579 2592 qui
1638 2524 1970 2578 tcntationcs
2024 2523 2144 2577 dis-

577 2614 771 2668 solvit:
809 2632 827 2663 ι
850 2612 969 2668 Non
1005 2621 1081 2679 te,
1124 2614 1408 2683 inquiens,
1442 2613 1695 2668 deseram
1747 2630 1928 2682 neque
1976 2614 2142 2668 dere-

577 2706 821 2775 linquam
868 2704 943 2759 ⁶⁸ε
980 2724 998 2757 ι
1062 2704 1527 2775 quemadmodum
1576 2714 1632 2760 et
1681 2705 1978 2775 Apostolus
2028 2703 2141 2758 ait:

576 2816 601 2848 ηι
623 2796 832 2851 Fidelis
856 2804 939 2850 est
971 2804 1156 2850 autem
1174 2796 1339 2857 Deus,
1380 2796 1475 2865 qui
1500 2812 1605 2849 non
1629 2796 1871 2865 patietur
1903 2811 2000 2849 vos
2021 2803 2145 2849 ten-

580 2888 683 2943 tari
719 2903 888 2957 supra
919 2887 975 2941 id
1005 2888 1149 2957 quod
1184 2887 1434 2957 potestis,
1467 2888 1561 2944 sed
1597 2887 1764 2942 faciet
1812 2902 1935 2942 cum
1968 2895 2146 2941 tenta-

577 2982 727 3036 tionc
748 2988 1080 3047 proventum
1108 2979 1174 3033 “.
1208 2999 1225 3031 ι
1261 2981 1462 3033 Verum
1495 2980 1672 3049 qualis
1716 2979 1968 3034 liberatio
1996 2980 2136 3049 ejus,

576 3072 700 3141 quis
722 3069 932 3125 reditus
954 3070 1140 3134 fuerit,
1177 3070 1422 3125 breviter
1465 3070 1767 3125 videamus.

2243 1964 2327 2027 ὡς
2350 1964 2569 2033 πνεῦμα
2600 1964 2792 2034 δρόσου
2819 1963 3152 2033 διασυρίζον.
3206 1965 3357 2017 Ἐπεὶ
3386 1960 3479 2019 οὖν
3502 1964 3610 2018 ἔδει
3636 1965 3830 2019 λοιπὸν

2242 2056 2335 2107 τὸν
2357 2056 2697 2125 χωνευθὲντα
2742 2055 2943 2125 χρυσὸν
2963 2055 3309 2126 ἐξαιρεθῆναι
3334 2056 3434 2123 τῆς
3457 2057 3709 2126 χωνείας,
3736 2057 3831 2110 ἴνα

2246 2152 2386 2219 φανῇ
2442 2148 2824 2219 λαμπρότερος
2850 2147 3105 2219 (τοιοῦτοι
3145 2149 3254 2219 γὰρ
3288 2149 3336 2201 οἱ
3380 2148 3467 2202 διὰ
3499 2150 3831 2219 πειρασμῶν

2243 2241 2574 2311 διερχόμενοι
2624 2241 2792 2309 ἅγιοι,
2818 2234 2892 2294 ὧν
2921 2242 3016 2293 καὶ
3049 2240 3109 2293 τὸ
3152 2240 3444 2309 πρόσωπον
3474 2238 3763 2294 ἀναλαϐὼν
3799 2242 3831 2294 ὁ

2244 2332 2301 2383 Ψ
2305 2332 2477 2384 ἀλλων
2524 2332 2731 2399 ἔλεγεν,
2763 2314 2782 2383 ι
2821 2332 3123 2402 Διήλθομεν
3151 2332 3236 2385 διὰ
3267 2333 3436 2404 πυρὸς
3463 2337 3557 2387 καὶ
3606 2334 3830 2401 ὕδατος,

2244 2420 2340 2470 καὶ
2373 2420 2637 2487 ἐξήγαγες
2662 2422 2810 2488 ἡμᾶς
2851 2422 2931 2482 εἰς
2959 2419 3240 2489 ἀναψυχὴν
3275 2440 3293 2472 ι
3321 2423 3365 2491 ),
3389 2423 3572 2490 ἐξάγει
3606 2427 3701 2477 καὶ
3730 2425 3833 2479 τὸν

2247 2510 2414 2562 καλὸν
2460 2510 2699 2579 ἀθλητὴν
2728 2511 2807 2573 είς
2838 2510 3121 2581 ἀναψυχὴν
3150 2514 3179 2565 6
3209 2512 3316 2565 τῶν
3345 2515 3668 2585 πειρασμῶν
3720 2533 3831 2569 κα-

2244 2602 2479 2671 ταλυτὴε
2509 2602 2659 2665 Θεὸς,
2699 2603 2726 2653 6
2759 2602 2955 2670 λέγων,
2986 2622 3004 2655 ι
3050 2603 3124 2655 Ού
3154 2604 3231 2675 μή
3262 2621 3319 2656 σε
3349 2605 3553 2675 ἀνήσω,
3611 2606 3719 2658 οὐδ’
3756 2607 3831 2660 οὗ

2248 2691 2321 2760 μή
2381 2709 2441 2743 σε
2472 2692 2541 2760 (e)
2591 2692 2965 2759 ἐγκαταλίπω,
3011 2711 3029 2744 ι
3064 2693 3248 2757 καθὼς
3293 2696 3384 2747 καὶ
3428 2697 3457 2748 6
3499 2680 3831 2762 Ἀπόστολός

2246 2799 2431 2852 φησιν,
2473 2804 2490 2833 ι
2534 2785 2728 2847 Πιστὸς
2761 2784 2818 2837 δέ
2847 2786 2994 2838 ἐστιν
3024 2787 3052 2838 6
3085 2786 3239 2849 Θεὸς,
3272 2787 3329 2850 ὃς
3362 2788 3461 2841 οὐκ
3501 2789 3649 2842 ἐάσει
3678 2791 3831 2860 ὑμᾶς

2247 2874 2611 2943 πειρασθῆναι
2640 2874 2782 2944 ὑπὲρ
2803 2875 2830 2927 ὃ
2862 2874 3090 2929 δύνασθε
3124 2877 3468 2947 ὑπενεγκεῖν,
3500 2880 3639 2933 ἀλλὰ
3668 2882 3832 2938 ποιή-

2250 2981 2331 3016 σει
2363 2965 2459 3017 σὺν
2480 2964 2558 3033 τῷ
2582 2965 2879 3035 πειρασμῷ
2906 2967 2997 3018 καὶ
3028 2967 3124 3038 τὴν
3154 2968 3378 3022 ἔκϐασιν
3404 2972 3467 3023 ὲκ
3495 2970 3588 3023 τοῦ
3624 2989 3827 3043 πειρα-

2250 3055 2411 3124 σμοῦ.
2436 3076 2454 3108 ι
2492 3056 2587 3118 Τίς
2613 3056 2669 3108 δὲ
2693 3059 2785 3109 καὶ
2816 3057 2943 3109 ποία
2978 3060 3011 3127 ή
3041 3059 3229 3113 τούτου
3259 3061 3502 3127 ἔκϐασις,
3535 3064 3655 3132 ἦτοι
3685 3064 3827 3117 καθ-

2245 3149 2479 3219 αίρεσις,
2502 3148 2823 3221 ἀκούσωμεν
2849 3152 2915 3205 δι’
2944 3152 3157 3220 ὀλίγων.

649 3253 737 3305 65.
766 3250 902 3306 Cum
931 3251 998 3314 is,
1030 3251 1124 3320 qui
1157 3250 1211 3304 in
1234 3249 1420 3305 sedem
1449 3249 1615 3320 hujus
1649 3248 1899 3320 generosi
1930 3246 2143 3318 magni-

2323 3240 2415 3305 ξε’.
2456 3242 2747 3305 Μεταστὰς
2777 3242 2930 3297 τοῦδε
2957 3244 3049 3297 τοῦ
3080 3245 3193 3313 βίου
3220 3246 3248 3298 6
3279 3246 3591 3300 ύπεσελθὼν
3620 3248 3703 3311 είς
3730 3247 3825 3301 τὸν

573 3359 685 3412 que
710 3343 813 3396 viri
870 3343 1185 3411 irrepserat,
1233 3342 1523 3410 migrasset
1580 3339 1691 3410 (47)
1748 3355 1815 3393 ex
1874 3338 1977 3392 hac
2034 3336 2145 3391 vita

570 3446 763 3503 (quem
794 3433 849 3486 in
880 3434 1083 3494 locum,
1118 3432 1273 3486 novit
1294 3432 1340 3484 is
1363 3432 1455 3500 qui
1480 3431 1533 3484 id
1560 3431 1780 3484 arcanis
1814 3429 2145 3499 quibusdam

572 3525 645 3579 de
674 3525 856 3579 causis
906 3524 1157 3594 permisit
1202 3522 1375 3591 fieri),
1407 3523 1530 3591 pius
1585 3521 1825 3591 populus
1868 3529 2146 3591 pastorem

579 3617 975 3686 (foetoremque
1015 3630 1172 3669 suum
1202 3628 1520 3684 reposcens,
1548 3611 1615 3665 ad
1655 3611 2016 3680 imperatores
2053 3611 2149 3665 Ju-

578 3711 783 3765 stinum
814 3716 870 3762 et
896 3707 1199 3767 Tiberium.
1226 3705 1606 3775 imprimisque
1647 3702 1716 3757 ad
1751 3704 2147 3773 imperatorum

578 3816 643 3855 ac
681 3815 868 3870 regum
925 3798 1169 3851 omnium
1199 3813 1390 3850 verum
1423 3796 1815 3864 imperatorem
1865 3810 1930 3850 ac
1963 3809 2146 3865 regem

578 3892 747 3945 Deum
773 3898 1023 3945 nostrum
1055 3889 1365 3944 exclamare
1396 3888 1585 3956 cwpit,
1640 3896 1700 3940 ut
1732 3886 1837 3941 sibi
1881 3886 2146 3941 reddere-

579 3992 670 4037 tur
706 3983 833 4037 ﬁdei
878 3993 1084 4045 custos,
1123 3980 1411 4033 Trinitatis
1460 3978 1811 4043 buccinator,
1875 3987 2148 4048 rectazque

580 4072 865 4142 religionis
886 4072 1163 4135 defensor,
1196 4070 1289 4140 qui
1323 4071 1509 4125 omnia
1574 4071 1833 4125 omnibus
1873 4070 2040 4125 fiebat
2087 4080 2148 4124 ut

578 4166 767 4236 plures
795 4165 1164 4218 lucrifaceret.
1215 4164 1295 4217 Illi
1340 4172 1549 4227 autem,
1586 4179 1726 4233 quos
1776 4178 1925 4217 nunc
1982 4163 2141 4217 beata

578 4256 827 4311 continet
849 4256 1094 4323 requies,
1122 4271 1247 4309 cum
1278 4254 1473 4309 eadem
1516 4256 1811 4319 sentirent,
1844 4254 2149 4323 suscipien-

580 4353 660 4397 tes
681 4342 926 4397 divinum
959 4343 1150 4412 populi
1210 4342 1515 4396 fidelissimi
1550 4343 1794 4397 studium
1826 4352 1882 4398 et
1911 4344 2148 4398 charita-

580 4432 651 4485 tis
676 4431 952 4497 ardorem,
975 4432 1201 4501 quoipsi
1229 4448 1449 4502 quoque
1473 4434 1583 4503 jam
1620 4433 1829 4503 pridem
1860 4449 1987 4503 erga
2017 4449 2145 4487 san-

579 4532 731 4579 ctum
745 4525 923 4578 virum
949 4524 1275 4595 ﬂagrabant,
1296 4534 1691 4579 concesserunt
1713 4526 1858 4594 quod
1874 4526 2143 4595 rogaban-

582 4626 693 4680 tur,
752 4618 1011 4687 quodque
1060 4617 1281 4684 ipsimet
1334 4626 1657 4687 optaverant
1721 4633 1973 4686 semper,
2014 4626 2146 4671 ‘tum

582 4710 767 4764 multis
793 4710 916 4763 aliis
938 4709 1006 4763 de
1035 4708 1236 4772 causis,
1270 4718 1385 4761 tum
1423 4709 1492 4761 ob
1530 4724 1649 4761 eam
1678 4709 1970 4777 praecipue,
2000 4708 2146 4776 quod

578 4819 674 4858 eos
730 4803 1089 4871 imperatores
1149 4801 1368 4856 futuros
1418 4801 1766 4871 praedixerat.
1795 4801 1869 4855 De
1921 4801 2144 4870 quibus,

581 4891 829 4960 quamvis
860 4908 889 4945 a
920 4906 1212 4961 progressu
1243 4890 1494 4945 cohiberi
1544 4890 1670 4944 ideo
1722 4905 1825 4945 nos
1869 4899 2142 4959 Oporteat,

582 4992 765 5036 tamen
827 4997 951 5035 cum
1002 4991 1218 5051 tempus
1279 4982 1383 5037 hoc
1448 4982 1650 5051 exigat,
1698 4997 1871 5051 pauca
1907 4982 2144 5037 dicenda

582 5081 710 5128 Stml.
734 5090 747 5125 :
770 5087 838 5126 ne
862 5072 1009 5128 illius
1028 5074 1338 5143 periculum
1373 5074 1468 5143 qui
1506 5074 1773 5127 talentum
1831 5073 2140 5141 defoderat,

651 5251 697 5284 “
749 5251 892 5307 Psal.
919 5266 1102 5316 min,
1141 5250 1233 5304 27.
1308 5251 1353 5282 ⁸⁷
1390 5251 1535 5305 Psal.
1574 5267 1696 5317 va,
1739 5250 1824 5304 l2.
1902 5251 1947 5283 εθ
1974 5250 2138 5307 Josue

2257 5250 2319 5316 5;
2360 5251 2527 5305 Hebr.
2570 5268 2687 5318 xm,
2724 5252 2813 5308 15.

654 5427 723 5497 (e)
764 5426 1044 5495 Scriptum
1075 5436 1214 5489 erat,
1266 5424 1377 5497 άνῶ
1412 5424 1536 5497 ﬁxa!
1591 5423 1991 5497 ὲγκαταλείπω,
2043 5423 2137 5497 sed

578 5494 1049 5570 patetcorrectio
1078 5512 1144 5549 ex
1179 5496 1366 5570 verbis
1398 5496 1826 5570 _Dcuteronomii
1875 5510 2020 5570 irriti,
2084 5494 2139 5570 β,

583 5564 676 5623 inhi
714 5568 781 5622 de
811 5568 923 5622 Deo
944 5566 1152 5621 dicitur
1198 5566 1256 5620 in
1288 5566 1447 5620 tertia
1477 5580 1734 5635 persona,
1769 5565 1916 5634 quod
1963 5564 2055 5618 hic
2085 5564 2142 5619 in

710 5742 763 5812 7)
786 5742 1061 5797 Mortuum
1090 5758 1211 5797 esse
1243 5742 1300 5795 5i
1331 5740 1586 5809 Augusti.
1623 5740 1818 5794 indict.
1869 5741 1953 5805 10,
1998 5758 2144 5796 anno

741 5816 1007 5869 Joannem
1060 5814 1385 5869 enisconum
1424 5812 1527 5867 Cl’.
1570 5811 1736 5865 tradit
1765 5812 2144 5869 Thconhanes.

653 5745 763 5812 (ἅτ)
787 5745 1061 5797 Mortuum
1090 5758 1211 5797 esse
1243 5745 1300 5795 51
1331 5745 1586 5809 Augusti.
1623 5745 1818 5794 indict.
1869 5745 1953 5805 10,
1998 5758 2144 5796 anno

584 5813 707 5879 557,
741 5816 1007 5869 Joannem
1060 5814 1385 5884 episcopum
1424 5812 1527 5867 Cl’.
1570 5811 1736 5865 tradit
1765 5812 2150 5882 Thcoiihanes.

2251 3333 2439 3403 θρόνον
2469 3334 2899 3413 τοῦξπολυὰθλου
2929 3339 3022 3391 καὶ
3056 3338 3293 3407 μεγάλου
3328 3338 3517 3410 ἀνδρὸς
3549 3341 3629 3409 (ὲν
3660 3334 3706 3409 ᾧ
3735 3341 3825 3394 τό-

2250 3442 2338 3494 πῳ
2369 3421 2511 3477 οἶδεν
2549 3427 2577 3478 6
2622 3426 2708 3480 διά
2736 3445 2886 3490 τινας
2915 3430 3261 3499 ἀπορρήτους
3312 3432 3445 3501 ἡμῖν
3483 3433 3662 3495 αἰτίας
3692 3451 3825 3503 συγ-

2249 3516 2446 3586 χωρῶν
2465 3517 2692 3573 τοιαῦτα
2726 3521 2975 3588 γίνεσθαι
3008 3521 3195 3591 Θεὸς),
3227 3523 3321 3575 καὶ
3347 3524 3441 3576 τοῦ
3476 3525 3826 3596 φιλοχρίστου

2248 3608 2379 3662 λαοῦ
2411 3609 2700 3680 ζητοῦντος
2724 3614 2816 3665 τὸν
2843 3614 3051 3666 ἑαυτῶν
3085 3616 3315 3683 ποιμένα
3345 3616 3440 3668 καὶ
3461 3616 3787 3672 διδάσκαλον
3808 3661 3825 3681 ,

2251 3700 2466 3763 καὶτὰς
2498 3701 2784 3770 ἐκϐοήσεις
2828 3703 3161 3771 ποιουμένου
3199 3704 3357 3776 [πρὸς
3388 3706 3536 3776 τοὺς]
3572 3707 3634 3777 (f)
3668 3708 3831 3779 βασι-

2250 3790 2363 3855 λεῖς
2407 3792 2693 3845 Ἰουστίνον
2758 3795 2854 3847 καὶ
2906 3794 3178 3865 Τιϐέριον,
3205 3797 3298 3849 καὶ
3350 3798 3455 3866 πρό
3506 3815 3567 3866 γε
3605 3799 3831 3852 πάντων

2249 3882 2342 3936 τὸν
2371 3883 2603 3938 Βασιλέα
2630 3885 2737 3938 τῶν
2780 3886 3173 3954 βασιλευόντων
3194 3927 3208 3951 ,
3237 3890 3329 3941 καὶ
3354 3889 3558 3960 Κύριον
3590 3890 3698 3943 τῶν
3724 3909 3830 3943 κυ-

2228 3976 2537 4045 ¹ριευόντων
2563 3977 2798 4045 Χριστὸν
2823 3978 2914 4031 τὸν
2956 3979 3206 4047 ἀληθινὸν
3243 3980 3373 4034 Θεὸν
3410 3982 3593 4052 ἡμῶν,
3627 3984 3831 4036 ἀποδοο

2252 4065 2409 4134 θῆναι
2440 4067 2637 4131 αὑτοῖς
2668 4068 2759 4120 τὸν
2788 4068 3002 4137 φύλακα
3027 4070 3124 4140 τῆς
3174 4071 3427 4136 πίστεως,
3458 4073 3549 4126 τὸν
3604 4074 3832 4144 νήρυκα

2249 4158 2349 4227 τῆς
2409 4158 2657 4228 Τριάδος,
2686 4160 2778 4213 τὸν
2826 4162 3146 4234 ύπέρμαχον
3190 4164 3290 4232 τῆς
3339 4164 3668 4234 ὀρθοδοξίας,
3733 4166 3830 4218 τὸν

2251 4249 2428 4302 πάντα
2456 4251 2622 4303 πᾶσιν
2648 4251 2939 4320 γενόμενον
2971 4254 3057 4306 ἵνα
3082 4254 3208 4315 τοὺς
3252 4253 3499 4317 πλείονας
3557 4255 3826 4329 κερδήσῃ.

2251 4339 2435 4393 Ταυτὰ
2455 4340 2718 4404 παθόντες
2747 4343 2794 4394 οἱ
2821 4344 2878 4395 ὲν
2910 4342 3124 4395 εὐσεϐεῖ
3154 4346 3219 4414 τῇ
3250 4345 3456 4416 μνήμῃ,
3488 4344 3829 4415 ἀποδεξάμε-

2250 4448 2330 4485 νοι
2358 4433 2450 4484 τὸν
2480 4433 2661 4486 ἔνθεον
2695 4435 2875 4506 ζῆλον,
2914 4436 3009 4489 καὶ
3042 4437 3101 4489 τὸ
3133 4436 3333 4508 θερμὸν
3358 4439 3458 4506 τῆς
3487 4441 3707 4511 ἀγάπης
3730 4441 3828 4496 τοῦ

2252 4525 2577 4579 πιστοτάτου
2606 4526 2759 4591 λαοῦ,
2792 4527 2850 4580 ὃν
2876 4527 3034 4599 ἔσχον
3070 4529 3165 4581 καὶ
3191 4530 3346 4584 αὐτοὶ
3387 4531 3620 4585 ἔκπαλαι
3660 4534 3829 4586 πόθον

2253 4614 2333 4677 είς
2392 4614 2484 4668 τὸν
2537 4616 2681 4669 ὅσιον
2736 4617 2904 4687 ἄνδρα
2943 4619 3314 4689 ὲφανέρωσαν,
3366 4621 3445 4691 τῷ
3495 4622 3831 4693 φιλοχρίστῳ

2254 4704 2369 4774 λαῷ
2416 4708 2790 4777 παρασχόντες
2841 4710 2941 4779 τὴν
2990 4712 3149 4780 χάριν
3182 4728 3197 4742 θ
3244 4713 3331 4763 ἀεὶ
3376 4712 3485 4784 γὰρ
3532 4714 3830 4782 ἠϐούλοντο

2253 4796 2507 4863 γενέσθαι
2541 4796 2719 4860 τοῦτο,
2758 4797 2845 4852 διὰ
2898 4799 3067 4851 πολλὰ
3124 4801 3241 4871 μὲν,
3274 4802 3570 4871 ἐξεραίτως
3620 4803 3675 4855 δὲ
3738 4805 3833 4858 διὰ

2249 4890 2311 4942 τὸ
2343 4892 2661 4957 προσειπεῖν
2719 4890 2881 4942 αὐτὸν
2934 4892 3115 4955 αὐτοῖς
3144 4892 3211 4945 τὰ
3269 4895 3367 4963 τῆς
3410 4894 3688 4963 βασιλείας
3719 4897 3833 4967 πρὸ

2249 4986 2348 5055 τῆς
2382 4983 2675 5053 βασιλείας.
2723 4984 2861 5053 Περὶ
2908 4978 2982 5036 ὧν
3021 4984 3169 5047 ἄξιόν
3218 4987 3385 5049 ἐστιν,
3434 4987 3624 5059 καιροῦ
3667 4988 3833 5041 καλέ-

2250 5090 2463 5136 σαντος,
2492 5071 2560 5125 δι’
2590 5073 2787 5140 ὀλίγων
2829 5073 3217 5143 ἐξηγήσασθαι,
3250 5074 3351 5127 κᾶν
3382 5076 3430 5127 εἰ
3486 5077 3581 5129 τοῦ
3639 5079 3833 5149 πρόσω

2895 5255 2938 5286 ⁶⁰
2977 5254 3144 5311 lCor.
3180 5272 3234 5322 x,
3277 5256 3364 5311 l5.

2245 5424 2576 5510 prima-‘06::
2610 5428 2801 5510 ἀνήσει
2824 5447 2905 5492 σε,
2936 5431 3069 5510 οὐδὲ.
3090 5434 3164 5502 μή
3222 5450 3281 5485 σε
3310 5435 3669 5505 ἐγκαταλίπῃ.

2254 5564 2283 5635 β
2319 5497 2416 5618 (fi
2441 5498 2678 5584 [tursum
2741 5500 2798 5553 in
2853 5497 3127 5572 ccgrapho
3153 5497 3421 5570 erratum,
3469 5497 3828 5573 ποιουμένους

2289 5584 2383 5618 ασι
2420 5584 2522 5630 εις.

2254 5743 2330 5884 ἓξ
2383 5742 2703 5868 οᾶἓεὴηυε
2746 5744 2808 5798 21
2846 5746 3133 5804 Februarii
3207 5750 3353 5804 inter
3397 5751 3827 5816 Prartermissos,

2332 5831 2385 5884 ε.
2449 5836 2479 5868 ο
2521 5854 2535 5868 .

2332 5831 2385 5884 g.
2410 5831 2535 5868 τοο.
