4028 6486
311 418 471 482 2249

1856 406 2049 466 VITA.

3432 405 3572 471 2350

317 532 644 603 εἰργώμεθα
683 542 698 559 ⁶
730 529 792 582 ού
816 527 926 598 γὰρ
960 525 1119 596 θέμις
1149 524 1249 594 τὴν
1281 521 1375 577 τοῦ
1409 521 1545 575 Θεοῦ
1570 520 1728 591 χάριν
1757 520 1896 593 λήθῃ

1998 519 2055 572 in
2088 517 2247 571 nobis
2274 532 2498 587 quoque
2554 517 2738 572 locum
2767 516 2988 573 habeat.
3040 518 3173 586 Quae
3229 520 3395 592 igitur
3460 524 3570 579 illis

321 625 727 696 παραδραμεῖν,
759 623 846 675 ἶνα
896 620 970 688 μὴ
1009 620 1040 671 6
1084 617 1328 685 κίνδυνος
1384 616 1476 669 τοῦ
1527 616 1803 685 χώσαντος
1836 615 1897 666 τὸ

310 719 610 779 τάλαντον,
636 715 777 788 λάϐῃ
812 715 933 768 καθ’
968 712 1125 783 ἡμῶν
1148 711 1356 782 χώραν.
1398 709 1554 774 Λέξω
1580 707 1674 762 οῦν
1705 707 1775 762 τὰ
1800 725 1897 761 και

308 812 385 863 τὰ
419 809 736 880 πρόγνωσιν
760 806 943 869 αὐτοῖς
968 804 1261 876 εἰρημένα.

389 901 504 966 ξςη
528 899 639 970 Πρὸ
681 897 905 968 τριῶνῆ
940 898 1036 950 καὶ
1068 895 1205 967 πρὸς
1249 894 1459 965 χρόνων
1484 893 1583 963 τῆς
1617 890 1897 960 βασιλείας

328 992 649 1053 ’1ουστίνου,
682 985 1040 1058 ἀπεκαλύφθη
1100 984 1178 1055 τῷ
1228 984 1480 1054 βλέποντι
1536 984 1631 1035 καὶ
1676 980 1899 1051 μεγάλῳ

321 1084 594 1155 ἀρχιερεῖ,
640 1083 722 1135 ὅτι
769 1080 951 1151 μέλλει
988 1076 1325 1151 βασιλεύειν.
1355 1078 1450 1139 Ὃς
1483 1075 1648 1145 μηδὲν
1706 1072 1901 1145 μελλήσω

322 1196 439 1239 σας,
480 1177 650 1230 θέλων
673 1175 835 1229 αὐτὸν
866 1172 1116 1245 στηρίξαι
1140 1173 1219 1234 εἰς
1254 1170 1345 1223 τὸν
1386 1169 1549 1238 φόϐον
1592 1168 1686 1221 τοῦ
1736 1165 1896 1231 Θεοῦ,

318 1271 413 1321 καὶ
462 1268 866 1338 ἀσφαλέστερον
927 1266 1152 1336 ποιῆσαι
1190 1266 1287 1319 τοῦ
1356 1264 1737 1336 ἐπιμελεῖσθαι
1796 1264 1898 1333 τῆς

322 1360 518 1414 ἑαυτοῦ
575 1360 717 1413 κατὰ
745 1359 879 1412 Θεὸν
922 1360 1090 1429 ζωῆς,
1124 1358 1182 1411 ὲν
1239 1359 1339 1428 μιᾷ
1375 1357 1559 1427 ἡμέρᾳ
1596 1355 1897 1426 προκένσου

318 1456 474 1517 ὄντος
502 1455 561 1505 ὲν
594 1455 713 1515 ταῖς
753 1453 1200 1514 Ἰουκούνδιαναῖς
1226 1451 1324 1521 (g),
1356 1449 1546 1502 ἔλαϐεν
1576 1448 1665 1501 τὸν
1682 1448 1901 1500 Ἰουστῖ-

316 1564 405 1598 νον
439 1547 501 1598 ἐν
533 1545 788 1609 ἰδιάζοντι
811 1545 961 1615 τόπῳ
985 1545 1015 1597 6
1045 1543 1141 1597 τοῦ
1162 1542 1298 1596 Θεοῦ
1334 1541 1588 1613 θεράπων
1614 1539 1898 1608 Εὑτύχιος,

314 1641 373 1690 ἐν
479 1638 572 1690 καὶ
613 1636 769 1708 Θυρὶς
789 1633 856 1707 ἦν
889 1635 1069 1706 (τοῦτο
1096 1635 1207 1705 γὰρ
1240 1634 1301 1687 τὸ
1346 1636 1593 1703 σημεῖον,
1622 1633 1698 1695 ὡς
1726 1632 1897 1684 πάλαι

313 1728 449 1781 ποτὲ
498 1729 527 1780 6
561 1728 747 1796 βουνὸς
793 1728 1024 1799 μάρτυς,
1078 1724 1557 1798 παρελαμϐάνετο)
1598 1726 1693 1778 καὶ
1749 1724 1898 1792 λέγει

312 1818 493 1888 αὐτῷ’
536 1820 824 1880 Ἄκουσον,
852 1818 979 1888 κῦρι
1025 1820 1053 1871 6
1094 1815 1535 1886 κουροπαλάτης,
1568 1816 1616 1868 εὶ
1660 1812 1755 1868 καὶ
1800 1830 1899 1866 τα·-

306 1910 523 1975 πεινὸς,
555 1910 741 1973 δοῦλος
772 1909 868 1963 καὶ
937 1909 1116 1980 ἱερεύς
1143 1911 1257 1979 εἰμι
1284 1907 1380 1962 τοῦ
1411 1906 1547 1961 Θεοῦ
1570 1925 1583 1939 ·
1615 1906 1897 1961 ἀπεκάλυ-

296 2003 411 2069 ψέν
450 2020 541 2071 μοι
563 2003 649 2055 ὃτι
682 2018 767 2055 σοι
807 2001 1012 2074 μένειὴ
1045 2000 1295 2071 βασιλεία
1328 1999 1466 2071 μετὰ
1509 1994 1607 2072 τὴν
1635 2000 1898 2070 κοίμησιν

302 2094 409 2147 τοῦ
439 2094 589 2148 θείου
618 2112 712 2148 σου
745 2113 760 2127 ο
792 2096 885 2149 καὶ
919 2095 1082 2165 βλέπε
1119 2095 1194 2163 μὴ
1224 2092 1532 2164 ἀσχοληθῇς
1560 2085 1663 2146 ὧδε
1690 2093 1852 2146 κάκεῖ
1877 2134 1895 2160 ,

312 2187 457 2239 ἀλλὰ
487 2188 721 2259 πρόσεχε
746 2188 980 2259 σεαυτῷ,
1014 2189 1109 2242 καὶ
1145 2188 1306 2257 γενοῦ
1337 2188 1485 2254 ἄξιος
1520 2188 1601 2249 είς
1628 2187 1687 2240 τὸ
1722 2189 1897 2241 ποιεῖν

315 2282 384 2332 τὸ
414 2281 620 2351 θέλημα
653 2282 747 2335 τοῦ
770 2281 927 2336 Θεοῦ.
957 2280 1175 2334 Τούτων
1227 2279 1467 2343 ἀκούσας
1516 2279 1625 2332 τῶν
1673 2278 1847 2344 λόγων
1868 2279 1898 2332 6

332 2374 632 2437 Ὶουστίνος,
665 2375 1069 2445 ηὐχαρξστησεν
1098 2373 1175 2443 τῷ
1203 2373 1345 2443 Θεῷ,
1377 2374 1472 2426 καὶ
1504 2369 1658 2425 εἶπεν
1684 2371 1763 2442 τῷ
1792 2388 1891 2442 με-

302 2468 490 2538 γάλῳ,
518 2468 576 2521 ὐ
591 2468 722 2532 Θεὸς
739 2467 960 2531 ἀξιώσει
984 2483 1048 2537 με
1076 2465 1219 2520 κατὰ
1237 2465 1297 2518 τὸ
1320 2464 1534 2534 θέλημα
1554 2463 1719 2517 αὐτοῦ
1742 2463 1897 2517 πολι-

296 2561 636 2626 τεύσασθαι,
672 2562 767 2613 καὶ
797 2560 903 2613 ὑπὸ
935 2560 1027 2614 σοῦ
1047 2559 1391 2614 διοικεῖσθαι.
1427 2560 1538 2613 Καὶ
1580 2559 1755 2613 ταῦτα
1797 2559 1895 2629 μὲν

295 2653 369 2701 ἐν
415 2650 653 2713 τούτοις.
685 2651 855 2703 Ὅταν
880 2649 935 2702 δὲ
963 2645 1031 2720 ἦν
1067 2649 1096 2702 6
1128 2650 1301 2719 μέγας
1346 2651 1405 2701 έν
1441 2651 1509 2719 τῇ
1542 2650 1692 2718 νήσῳ
1717 2651 1784 2719 τῇ
1808 2649 1894 2702 λε-

299 2740 529 2811 γομένῃ
558 2742 908 2811 Πριγχίππῳ,
953 2741 1251 2812 διηγήσατο
1292 2741 1425 2809 ἡμῖν
1458 2743 1516 2794 ὲν
1553 2742 1653 2811 μιᾷ
1705 2741 1893 2811 ἡμέρα

297 2835 517 2901 λέγων,
541 2835 621 2887 ὅτι
664 2835 756 2887 Ἐν
781 2835 1018 2906 ὁράματι
1045 2838 1144 2905 τῆς
1171 2833 1364 2896 νυκτὸς
1413 2833 1630 2903 σπάθην
1682 2852 1771 2903 μοι
1810 2834 1896 2887 δέ·

298 2925 491 2977 ἱωκέν
540 2942 647 2989 τις,
697 2926 926 2996 ἔχουσαν
973 2926 1243 2996 πηθάρια
1292 2927 1405 2980 τῶν
1450 2925 1543 2979 δύο
1606 2926 1894 2979 Ἰουστίνου

301 3018 410 3072 καὶ
452 3017 659 3087 Σοφίας
717 3020 815 3090 τῆς
858 3017 1024 3072 αὐτοῦ
1066 3017 1301 3085 συζύγου
1328 3035 1342 3049 ⁸
1392 3018 1486 3072 καὶ
1538 3018 1896 3090 προσεγέλων

305 3127 433 3179 μοι,
461 3108 560 3161 καὶ
588 3108 640 3159 τί
671 3108 781 3179 ἄρα
808 3092 1062 3179 σημαίνει
1089 3110 1284 3174 τοῦτο;
1317 3109 1427 3162 Καί
1446 3126 1532 3173 τις
1583 3109 1695 3162 τῶν
1744 3125 1890 3181 παρ-

2001 611 2365 681 prmiiuntiata
2388 610 2615 676 fuerint,
2667 613 3133 668 commemorabo.

2071 901 2159 955 66.
2196 900 2373 955 Annis
2406 900 2627 954 circiter
2665 899 2845 954 tribus
2876 909 3002 955 ante
3063 899 3358 971 imperium
3394 899 3573 957 Justi-

2000 992 2055 1045 ni
2094 992 2228 1061 (48),
2264 1006 2462 1061 magno
2490 1001 2544 1045 et
2572 991 2756 1045 futura
2790 990 3147 1060 prospicienti
3194 992 3439 1060 pontiﬁci
3472 1010 3569 1062 pa-
3658 1042 3661 1045 .

2000 1083 2263 1137 tefactum
2301 1084 2424 1147 fuit,
2471 1084 2649 1153 ipsum
2682 1083 3105 1153 imperaturum.
3144 1084 3247 1149 Qui
3300 1086 3449 1138 nulla
3480 1086 3569 1138 in-

2003 1176 2263 1245 terposita
2290 1192 2463 1239 mora,
2501 1186 2561 1230 ut
2588 1191 2715 1230 emn
2743 1176 2795 1229 in
2822 1177 2919 1229 Dei
2947 1177 3149 1229 timore
3196 1175 3571 1239 conﬁrmaret,

2000 1268 2316 1337 faceretque
2366 1284 2494 1322 eum
2527 1269 2827 1323 sollicitius
2856 1269 3023 1322 vitam
3060 1285 3126 1322 ex
3149 1269 3355 1338 pietate
3413 1268 3575 1323 insti—

2004 1370 2180 1424 tuere,
2239 1376 2365 1415 cum
2414 1360 2471 1414 in
2522 1359 2885 1415 Jucundianis
2937 1375 3232 1430 processus
3278 1370 3569 1431 ageretur,

2001 1452 2239 1521 quodam
2290 1452 2401 1516 die,
2461 1452 2641 1521 ipsum
2697 1453 2753 1507 in
2794 1462 3071 1507 secretum
3136 1453 3436 1517 scvocavit,
3476 1454 3571 1508 ubi

2000 1543 2379 1599 eratfenestra
2411 1544 2539 1615 (hoc
2575 1544 2722 1599 enim
2758 1546 2972 1615 signum
3029 1545 3435 1608 assumebatur,
3488 1548 3570 1599 uti

2000 1634 2246 1704 lapidum
2279 1636 2535 1691 cumulus
2553 1636 2682 1689 olim
2712 1636 3089 1689 testimonium
3112 1636 3328 1706 fuit),et
3356 1656 3368 1689 :
3405 1637 3570 1702 Audi,

2004 1727 2206 1797 inquit,
2247 1726 2471 1783 domine
2505 1725 2871 1797 curopalates,
2898 1727 3151 1797 quamvis
3175 1728 3402 1783 humilis
3443 1744 3569 1799 ego,

2002 1834 2194 1875 servus
2228 1829 2409 1873 tamen
2443 1827 2500 1873 et
2525 1819 2785 1873 sacerdos
2808 1819 2903 1873 Dei
2936 1835 3080 1883 sum,
3116 1820 3207 1874 cui
3241 1821 3358 1890 ipse
3405 1821 3575 1893 signi-

2002 1909 2207 1974 ﬁcavit,
2246 1919 2297 1963 te
2324 1917 2447 1978 post
2467 1909 2799 1963 avunculum
2860 1918 3012 1963 tuum
3049 1909 3440 1980 imperatorem
3482 1912 3571 1966 fu-

2001 2012 2207 2057 turum.
2243 2002 2420 2067 Quare
2447 2001 2575 2055 vide
2604 2017 2674 2055 ne
2708 2001 2816 2056 huc
2866 2002 2996 2057 illuc
3013 2000 3350 2059 distraharis
3398 2020 3570 2059 occu-

1996 2094 2357 2165 pationibus;
2391 2094 2485 2149 sed
2538 2094 2763 2149 attende
2813 2094 2932 2158 tibi,
2972 2104 3030 2150 et
3086 2111 3311 2165 operam
3365 2096 3456 2157 da,
3510 2106 3574 2151 ut

1997 2187 2198 2257 dignus
2222 2187 2425 2241 evadas
2464 2187 2557 2255 qui
2598 2187 2857 2257 perlicias
2890 2187 2987 2241 Dei
3044 2188 3411 2243 voluntatem.
3475 2190 3572 2245 llis

1996 2281 2225 2344 auditis,
2260 2281 2466 2351 gratias
2494 2280 2608 2351 egit
2639 2281 2752 2335 Deo
2773 2280 3052 2344 Justinus,
3109 2290 3166 2336 et
3204 2283 3325 2336 viro
3371 2298 3571 2357 magno

1998 2372 2053 2425 in
2088 2372 2237 2427 hunc
2276 2372 2501 2427 modum
2539 2372 2827 2443 respondit
2859 2391 2872 2427 :
2931 2374 3077 2428 Deus
3109 2390 3195 2429 me
3230 2375 3455 2445 dignum
3486 2375 3568 2431 fa—

1994 2464 2125 2526 ciat,
2160 2474 2220 2519 ut
2248 2465 2515 2523 voluntati
2539 2466 2660 2537 ejus
2694 2466 3095 2536 obtemperem,
3132 2484 3329 2538 meque
3362 2470 3565 2540 guber-

1995 2572 2121 2611 nem
2146 2565 2201 2611 et
2226 2571 2409 2628 regam
2430 2556 2663 2611 arbitrio
2691 2567 2803 2612 tuo.
2832 2558 3009 2629 Atque
3048 2560 3165 2615 haac
3211 2562 3439 2630 quidem
3484 2564 3570 2619 sic

1996 2656 2119 2703 acta
2142 2657 2290 2704 sunt.
2330 2648 2466 2705 Cum
2488 2659 2675 2705 autem
2714 2651 2799 2705 vir
2825 2666 3057 2723 magnus
3094 2665 3243 2709 esset
3290 2654 3345 2709 in
3391 2654 3573 2711 insula

1996 2757 2119 2811 quae
2146 2741 2425 2811 Principis
2451 2741 2678 2805 dicitur,
2703 2742 2940 2812 quodam
2976 2744 3067 2799 die
3105 2746 3428 2817 colloquens
3474 2766 3573 2804 no-

1996 2834 2113 2889 bis:
2149 2835 2207 2889 In
2240 2835 2473 2899 visione,
2495 2835 2695 2905 inquit,
2714 2836 2892 2891 noctis
2922 2837 3145 2907 quidam
3170 2841 3304 2895 mihi
3330 2842 3571 2912 gladium

1995 2926 2173 2991 dedit,
2230 2928 2608 2983 continentem
2661 2929 2932 2999 imagines
2981 2931 3183 2987 Justini
3235 2943 3291 2988 et
3352 2933 3573 3005 Sophia

1997 3019 2246 3089 conjugis
2278 3021 2418 3090 ejus,
2454 3019 2548 3088 qui
2610 3022 2745 3075 mihi
2795 3022 3160 3078 arridebant:
3201 3026 3334 3095 quid
3384 3038 3571 3083 autem

1995 3110 2104 3165 hoc
2149 3109 2328 3165 dicam
2378 3111 2731 3181 significare?
2776 3112 3011 3180 Quidam
3069 3131 3203 3171 vero
3266 3120 3573 3173 astantiuni

307 3199 628 3270 ισταμένων
661 3198 981 3269 ἀποκριθεὶς
1032 3195 1212 3263 εἶπεν,
1259 3200 1371 3269 Τὴν
1423 3200 1599 3270 τομὴν
1662 3200 1781 3270 ἢτοι
1832 3198 1893 3251 τὸ

1997 3201 2339 3271 respondens
2362 3203 2533 3258 dixit:
2565 3204 2912 3261 Decisionem
2941 3208 3058 3262 sive
3084 3207 3246 3263 liuent
3277 3210 3398 3280 ejus
3420 3212 3573 3281 quod

302 3294 469 3355 τέλος
495 3294 593 3362 τῆς
614 3291 958 3359 κατασκευῆς
985 3290 1081 3343 τοῦ
1104 3292 1428 3361 πράγματος
1460 3288 1796 3362 ἑθεώρησας.
1838 3289 1897 3344 ’0

303 3386 366 3437 δὲ
388 3381 572 3449 εἶπεν,
604 3385 715 3438 Οὐκ
740 3383 888 3436 ἐστιν
909 3381 1101 3445 οὕτως,
1120 3383 1255 3437 ἀλλὰ
1284 3384 1441 3437 αὐτοὶ
1463 3382 1895 3453 βασιλεύσουσιν,

305 3478 409 3529 καὶ
462 3474 772 3530 ὲκὸικοῦσίν
815 3491 917 3543 με·
959 3473 1247 3545 βασιλικὴν
1294 3474 1404 3545 γὰρ
1453 3474 1724 3544 ἀμφίασιν
1758 3470 1898 3527 εἶδον

306 3570 517 3631 αὐτοὺς
538 3568 858 3638 φοροῦντας.
874 3568 982 3620 Καὶ
997 3568 1079 3620 ὅτι
1107 3566 1205 3637 μὲν
1222 3568 1599 3631 ἐϐασίλευσαν,
1618 3565 1796 3635 δῆλονο
1816 3567 1897 3619 ὅτι

311 3663 373 3715 δὲ
431 3664 531 3715 καὶ
588 3660 907 3731 ἐξεδίκησαν
962 3661 1159 3715 αὐτόν·
1228 3660 1455 3722 πολλοὺς
1518 3660 1627 3731 γὰρ
1673 3658 1897 3721 ἐπεξελ-

313 3756 429 3807 θεῖν
461 3755 537 3823 (h)
561 3752 672 3805 τῶν
702 3753 818 3805 κατ’
841 3752 1004 3806 αὑτοῦ
1040 3754 1370 3823 γενομένων,
1402 3754 1494 3807 ἐπὶ
1524 3756 1591 3823 τῇ
1623 3751 1787 3805 αὑτοῦ
1813 3754 1898 3804 έκ-

308 3846 473 3917 ϐολῇ,
493 3846 589 3898 καὶ
614 3844 815 3907 πάντες
830 3845 1072 3914 οἴδαμεν.
1092 3844 1251 3898 Ἀλλὰ
1277 3863 1343 3897 πε
1356 3844 1409 3915 pl
1438 3846 1645 3899 τούτων
1668 3842 1896 3897 τοιαῦτα

315 3942 417 3993 καὶ
457 3937 811 4009 προεμηνύθη
870 3937 966 3990 καὶ
1020 3938 1471 4006 ἀπετελέσθη.Τί
1512 3938 1568 3991 δὲ
1618 3937 1713 3992 καὶ
1765 3938 1895 4008 περὶ

315 4034 594 4103 Τιϐερῖου,
642 4030 738 4085 τοῦ
779 4032 836 4083 ἐν
891 4030 1109 4084 εὐσεϐεῖ
1162 4033 1229 4101 τῇ
1301 4033 1515 4104 μνήμῃ,
1572 4031 1893 4102 προεῖπενό

310 4127 486 4189 ὅσιος,
513 4125 731 4193 ἴδωμεν.
1183 4116 1191 4124 ’

388 4216 489 4284 ξξν.
519 4217 740 4287 Πρῶτον
773 4217 870 4287 μὲν
898 4217 978 4269 ὅτι
1012 4216 1173 4270 αὑτὸν
1202 4216 1293 4269 τὸν
1336 4217 1611 4288 Τιϐέριον,
1647 4218 1894 4290 νοτὰριον

308 4313 468 4377 ὄντα,
522 4312 791 4383 παρέθετο
825 4308 902 4379 τῷ
956 4309 1232 4379 ἰουστίνῳ
1280 4309 1385 4379 πρὸ
1418 4313 1516 4381 τῆς
1546 4309 1711 4362 αὐτοῦ
1741 4308 1895 4378 βασι-

309 4405 487 4467 λείας.
526 4404 723 4457 Λοιπὸν
755 4403 811 4456 δὲ
859 4396 1134 4469 διάγοντος
1182 4384 1436 4471 Τιϐερίου
1486 4402 1543 4454 ὲν
1584 4401 1663 4471 τῷ
1682 4402 1895 4471 Σιρμίῳ

308 4493 504 4545 ’ἐνεκεν
545 4491 639 4543 τοῦ
693 4489 980 4561 Ἀϐαρικοῦ
1034 4490 1295 4559 πολέμου,
1351 4490 1590 4561 ἔγραψεν
1656 4490 1806 4560 αὐτῷ
1864 4492 1894 4543 6

311 4583 622 4653 θαυμάσιος
657 4583 982 4653 προφάσεως
1019 4581 1394 4651 ἀνακυψέισης·
1462 4584 1494 4649 ἡ
1526 4581 1582 4633 δὲ
1618 4581 1893 4652 πρόφασις

310 4678 386 4749 ἦν
416 4678 591 4748 αῦτη·
644 4677 925 4748 τριϐοῦνός
968 4694 1050 4740 τις
1095 4675 1188 4729 τοῦ
1240 4675 1613 4744 καθεζομένου
1654 4674 1891 4745 ἀριθμοῦ

312 4770 683 4841 ἐνἈμασείᾳ,
718 4768 888 4820 θέλων
916 4767 1005 4820 διὰ
1036 4767 1400 4838 συγκρότησιν
1438 4768 1533 4819 καὶ
1556 4765 1894 4835 προστασίαν
1944 4832 1947 4835 ἰ

310 4862 665 4932 οἱκειωθῆναι
693 4860 769 4930 τῷ
799 4860 1056 4930 Τιϐερίῳ,
1089 4862 1392 4930 γράμματα
1420 4858 1602 4911 λαϐὼν
1654 4858 1762 4910 ἀπὸ
1797 4857 1891 4910 τοῦ

310 4955 490 5014 ὁσίου,
529 4950 825 5022 προθύμως
858 4952 1101 5021 ἀπῆλθεν
1151 4954 1288 5022 πρὸς
1342 4949 1507 5003 αὐτὸν
1544 4952 1623 5012 εἰς
1654 4949 1717 5001 τὸ
1764 4949 1891 5018 Σίρ-

312 5064 463 5117 μιον.
489 5046 596 5099 Καὶ
626 5046 654 5097 6
684 5046 783 5113 μὲν
809 5046 1007 5108 σκοπὸς
1036 5045 1136 5113 τῆς
1172 5043 1455 5115 ὁρωμένης
1502 5042 1797 5110 ἐπιστολῆς
1825 5038 1893 5112 ἦν

310 5130 472 5200 οὗτος
494 5155 507 5167 ο
542 5130 649 5205 εἶχε
676 5136 731 5188 δὲ
750 5137 807 5189 ὲν
839 5136 977 5205 αὐτῇ
1004 5136 1097 5188 καὶ
1132 5134 1229 5205 τὴν
1264 5134 1568 5206 πρόρρησιν
1603 5133 1701 5201 τῆς
1735 5132 1892 5201 βασι-

307 5229 490 5293 λείας·
517 5229 822 5299 περιείχετο
837 5228 945 5299 γὰρ
972 5228 1107 5296 μετὰ
1138 5227 1198 5280 τδ
1228 5230 1510 5297 προοίμιον
1546 5226 1646 5295 τῆς
1673 5228 1891 5279 ἐπιστο-

394 5371 475 5442 (g)
512 5370 897 5435 Jucundianaa,
934 5380 1071 5427 teste
1113 5372 1382 5440 Procopio
1429 5388 1550 5441 cap.
1580 5372 1705 5432 ult.,
1731 5372 1889 5427 locus

310 5451 471 5496 extra
494 5443 708 5500 urbem.
743 5443 1138 5511 angustissimo
1158 5444 1361 5513 palatio
1386 5458 1484 5512 per
1510 5442 1887 5497 Justinianum

308 5522 602 5568 CXSll‘llClO
632 5520 827 5566 ornatu
837 5528 884 5567 Γ.

384 5644 500 5715 (48)
523 5647 670 5717 Ergo
706 5646 855 5701 circa
880 5663 1017 5717 anu.
1070 5646 1205 5717 565;
1242 5656 1462 5717 mortuo
1513 5645 1661 5701 enim
1707 5644 1882 5702 Justi-

306 5715 480 5769 niano
503 5715 756 5780 an.'566,
793 5716 1224 5782 “Novembris,
1268 5716 1522 5772 Justinus
1574 5733 1642 5772 ex
1696 5730 1889 5772 sorore

310 5786 608 5855 Vigilantia
643 5803 837 5856 nepos,
862 5787 1149 5842 successit.

391 5858 502 5921 (49)
541 5854 907 5923 Theophanes
960 5856 1027 5912 ad
1079 5870 1280 5912 annum
1330 5856 1529 5913 Justini
1567 5858 1619 5924 9,
1680 5854 1886 5912 Christi

1999 3310 2150 3351 nunc
2179 3295 2415 3350 struitur
2446 3298 2656 3368 negotii
2678 3298 2888 3353 vidisti.
2916 3301 2987 3355 At
3018 3301 3151 3358 ille:
3205 3303 3451 3368 Minime,
3486 3306 3575 3359 in-

1998 3386 2162 3456 quit,
2209 3386 2305 3443 sed
2360 3386 2416 3442 hi
2469 3388 2600 3459 ipsi‘
2639 3391 2971 3461 regnabunt,
3001 3402 3168 3449 etme
3186 3395 3572 3465 vindicabunt;

2000 3477 2356 3548 imperatorio
2377 3478 2526 3533 enim
2543 3480 2733 3535 habitu
2754 3482 2978 3538 indutos
2994 3486 3275 3555 conspexi.
3290 3487 3448 3554 Quod
3475 3489 3578 3542 im-

2001 3571 2319 3639 peraverint
2358 3572 2712 3643 perspicuum
2771 3582 2878 3633 est.
2925 3585 2982 3631 et
3027 3578 3175 3646 quod
3227 3580 3403 3648 ipsum
3463 3581 3576 3635 sint

2000 3658 2136 3712 ulti:
2167 3675 2291 3713 nam
2319 3661 2778 3717 condemnavisse
2807 3666 3011 3719 multos
3027 3683 3221 3721 eorum
3247 3669 3341 3738 qui
3371 3671 3424 3724 in
3451 3672 3573 3741 ejus

1997 3750 2269 3820 ejectione
2311 3762 2503 3808 contra
2536 3754 2715 3823 ipsum
2757 3755 2996 3821 fuerant,
3043 3774 3237 3813 omnes
3292 3761 3572 3817 novimus.

1999 3845 2188 3915 Itaque
2213 3845 2325 3899 luec
2357 3846 2426 3899 ab
2462 3845 2554 3899 illo
2591 3848 3057 3915 utprzenuntiata,
3103 3849 3184 3904 sic
3232 3861 3289 3905 et
3330 3852 3575 3921 perfecta

2000 3945 2150 3990 sunt.
2178 3936 2319 4003 Quid
2349 3953 2522 4006 porro
2562 3937 2630 3993 de
2656 3939 2761 4008 pia:
2812 3940 3089 3995 memoria:
3112 3941 3339 3997 Tiberio
3367 3944 3571 4013 praedi-

2001 4030 2166 4093 xerit,
2204 4028 2509 4083 videamus.

2068 4210 2157 4264 67.
2184 4209 2426 4263 Primum
2450 4208 2673 4279 quidem
2701 4210 2879 4279 ipsum
2906 4210 3215 4273 Tiberium.
3252 4222 3382 4269 tunc
3415 4223 3575 4271 nota-

1997 4303 2165 4367 rium,
2190 4301 2332 4370 apud
2364 4300 2665 4363 Justinum,
2691 4312 2988 4371 antequam
3046 4312 3193 4357 esset
3248 4304 3572 4374 imperator,

1997 4394 2329 4450 collocavit:
2355 4394 2556 4447 deinde
2596 4408 2719 4447 cum
2749 4394 2891 4462 apud
2924 4394 3185 4449 Sirmium
3214 4398 3325 4467 (49)
3355 4399 3573 4456 Avarici

1997 4489 2128 4543 belli
2157 4502 2322 4543 causa
2346 4495 2558 4557 ageret,
2588 4486 2813 4555 scripsit
2837 4486 2903 4539 ad
2948 4503 3075 4542 eum
3129 4489 3212 4543 vir
3268 4490 3576 4548 admirabi-

1925 4558 1968 4612 D
1998 4583 2106 4637 lis:
2174 4578 2454 4635 scribendi
2514 4588 2699 4633 autem
2743 4579 3093 4634 occasionem
3146 4581 3289 4637 hanc
3334 4584 3570 4641 habuit:

2003 4675 2260 4729 tribunus
2289 4672 2511 4743 quidam
2554 4672 2786 4725 militum
2811 4672 3055 4727 Amaseae
3085 4678 3571 4744 commorantium,

2001 4767 2230 4837 cupiens
2281 4764 2424 4835 apud
2457 4764 2740 4817 Tiberium
2789 4764 2927 4819 inire
2980 4766 3235 4835 gratiam,
3268 4773 3510 4841 acceptis
3540 4790 3573 4828 ιι

1998 4867 2189 4913 sancto
2216 4858 2336 4911 viro
2366 4856 2831 4911 commendatitiis
2889 4857 3114 4922 litteris,
3142 4860 3402 4918 Sirmium
3453 4867 3572 4921 ala-

2002 4951 2170 5005 criter
2216 4958 2302 5003 est
2335 4948 2634 5018 profectus.
2686 4947 2946 5016 Epistolas
3001 4965 3134 5005 vero
3181 4967 3571 5024 argumentum

1997 5039 2468 5110 erathujusmodi,
2495 5038 2785 5107 utimperii
2814 5055 3033 5109 quoque
3054 5046 3571 5109 pnenuntiationem

1998 5132 2340 5195 contineret;
2375 5138 2497 5199 post
2530 5130 2857 5197 prommium
2883 5130 3027 5183 enim
3059 5134 3433 5201 sequebantur
3457 5138 3572 5194 hmo

1998 5224 2166 5279 verba
2194 5242 2206 5277 :
2240 5222 2399 5278 Nunc
2421 5222 2642 5291 quidem
2676 5222 2728 5275 in
2750 5230 2905 5291 parte
2936 5223 3251 5293 reipublicaa
3297 5230 3570 5300 guberna-

2068 5369 2141 5439 (h)
2176 5371 2254 5442 Ita
2285 5370 2525 5442 correxi,
2550 5386 2653 5441 pro
2674 5384 2741 5424 eo
2758 5369 2905 5440 quod
2918 5371 3184 5442 scriptum
3198 5370 3569 5440 ετοι,πολλοῐς

1995 5438 2104 5513 γὰρ
2126 5438 2459 5507 ἐπεξελθὼν.

1990 5645 2119 5727 574,
2145 5645 2775 5727 aitAvares_grassatos
2806 5714 2817 5725 _
2843 5644 2898 5698 in
2948 5644 3268 5727 provincias
3282 5644 3568 5727 mDanubio

1997 5716 2374 5770 conterminas
2401 5715 2521 5785 (ubi
2542 5726 2629 5771 est
2653 5715 2916 5770 Sirmium
2946 5715 3159 5784 situm),
3193 5727 3249 5770 et
3282 5715 3567 5771 Tiberium

1993 5785 2385 5867 excubitorum
2414 5787 2675 5845 comitem
2701 5785 2969 5843 adversus
2996 5801 3092 5842 eos
3137 5788 3207 5844 ab
3235 5786 3568 5857 imperatore

1993 5871 2246 5912 missum.
