4080 6570
535 460 670 522 2351

1591 459 1652 518 S.
1693 455 2053 519 EUTYCHII
2094 455 2597 516 l’ATRIARCH/E
2637 457 2748 516 ΟΡ.

3649 455 3791 520 2352

531 571 717 625 culum
749 568 845 623 tibi
884 568 1161 623 commisit
1190 569 1355 635 Deus,
1389 585 1513 625 mox
1545 579 1730 623 autent
1778 567 1910 621 illud
1968 582 2097 620 con-

2214 567 2300 628 λῆς
2321 565 2514 630 οὕτως,
2550 566 2670 618 Νῦν
2691 560 2785 618 οὖν
2819 565 2877 617 ὲν
2925 565 3080 636 μέρει
3106 566 3232 628 τοὺς
3265 565 3456 627 οἴακας
3493 566 3592 637 τῆς
3640 569 3793 622 πολι-

532 659 690 714 cedet
724 658 778 711 in
807 657 1038 728 integro.
1064 657 1236 712 Nemo
1271 667 1521 713 nostrum
1554 656 1608 710 id
1659 665 1792 710 tunc
1848 653 2104 709 animad—

529 749 738 806 vertit:
780 749 876 803 sed
900 749 994 803 ubi
1015 748 1196 804 Caesar
1231 749 1342 822 (50)
1373 761 1592 804 creatus
1625 754 1708 804 est
1738 749 1978 818 primum
2015 747 2105 800 in-

536 841 877 896 telleximus:
926 840 1216 909 epistolam
1256 841 1404 894 enim
1451 839 1730 908 accipiens
1777 839 2104 902 asscrvavit,

534 942 596 986 ut
623 939 811 1002 postea
837 931 1213 1001 cognovimus.
1245 932 1322 985 Ac
1363 931 1431 984 de
1471 931 1707 984 duorum
1731 929 1957 999 quidem
1997 929 2106 983 im-

535 1031 853 1095 peratorum
884 1021 1242 1092 przedictione
1277 1022 1414 1076 satis
1440 1021 1650 1075 dictum
1686 1020 1792 1074 sit:
1827 1018 1959 1089 quid
2006 1034 2110 1072 au-

536 1125 644 1169 tem
680 1123 735 1170 et
769 1114 835 1168 de
865 1114 1120 1184 praesenti
1150 1113 1408 1168 Mauritio
1435 1113 1642 1169 Christi
1702 1110 2109 1166 studiosissimo

535 1207 944 1278 praenuntiarit,
990 1207 1354 1276 explicemus.

605 1384 693 1440 68.
745 1385 884 1437 Ante
929 1397 1105 1436 annos
1159 1380 1468 1435 octodecim
1513 1390 1569 1435 et
1628 1379 1957 1450 priusquam
2012 1379 2105 1434 ille

540 1484 813 1547 regnaret,
839 1489 962 1530 cum
987 1475 1201 1528 viveret
1229 1482 1454 1526 sanctus
1500 1472 1555 1525 in
1613 1476 1980 1535 monasterio,
2031 1473 2107 1526 ita

540 1571 748 1624 ferente
781 1582 966 1621 rerum
988 1573 1450 1620 commutaturum
1488 1564 1912 1629 vicissitudine;
1962 1564 2110 1619 acci-

540 1657 623 1712 dit
656 1665 717 1711 ut
745 1657 783 1710 ii
810 1670 1001 1710 omnes
1026 1655 1121 1723 qui
1157 1655 1314 1708 Ponti
1362 1653 1706 1723 provinciam
1755 1653 2108 1707 administra-

537 1751 693 1814 bant,
726 1758 1029 1820 quaestores
1055 1747 1189 1818 (fil),
1227 1747 1470 1815 inquam.
1503 1753 1559 1799 et
1589 1753 1978 1814 procuratores
2008 1759 2108 1814 pe-
2141 1782 2144 1784 -

540 1841 716 1898 cunize
754 1839 1009 1910 publicae,
1050 1855 1154 1893 nec
1196 1854 1306 1892 non
1361 1838 1399 1891 ii
1459 1837 1663 1908 quibus
1716 1837 2109 1892 Moderatiana:

2207 661 2359 723 τείας
2385 661 2768 714 ἐνεπίττευσέν
2801 678 2882 714 σοι
2909 663 2937 714 ὁ
2957 661 3113 727 Θεὸς,
3145 663 3376 732 παρέξει
3399 662 3458 716 δὲ
3483 666 3580 716 καὶ
3608 664 3672 717 τὸ
3705 667 3795 718 τέ-

2208 755 2371 806 λειον.
2403 753 2568 806 Ἀλλά
2595 753 2718 806 τότε
2765 754 2865 825 μὲν
2889 754 3065 818 οὐδεὶς
3100 755 3161 819 ἐξ
3209 754 3368 826 ἡμῶν
3409 756 3706 823 ἐγίνωσκεν
3738 758 3794 810 τί

2210 845 2464 914 σημαίνει
2493 848 2555 897 τὸ
2589 846 2762 916 ῥῆμα·
2795 846 2884 899 ὅτε
2907 847 2968 898 δὲ
3000 848 3222 914 γέγονεν
3263 849 3498 918 Καῖσαρ,
3541 850 3602 901 τὸ
3642 867 3796 919 τηνι-

2210 937 2339 988 κάδε
2365 937 2527 990 πάλιν
2552 937 2798 1007 ἐγνώσθη
2818 955 2833 968 ο
2867 941 2963 990 καὶ
2992 939 3099 1008 γὰρ
3120 938 3218 1008 τὴν
3259 939 3546 1008 ἐπιστολὴν
3574 940 3796 1011 ἐκείνην

2208 1027 2498 1098 δεξάμενος
2525 1027 2845 1096 ἐφύλαττεν,
2881 1029 2956 1091 ὼς
2996 1029 3243 1098 ἔγνωμεν
3300 1030 3545 1101 ὕστερον.
3583 1034 3690 1085 Καὶ
3723 1033 3796 1085 τὰ

2214 1119 2312 1188 μὲν
2341 1118 2439 1188 τῆς
2468 1120 2822 1190 προρρήσεως
2857 1119 2966 1172 τῶν
3003 1121 3097 1173 δύο
3133 1121 3396 1191 βασιλέοιν
3451 1123 3649 1186 ἱκανῶς
3715 1124 3792 1176 εί-

2214 1227 2372 1282 ρηται
2393 1227 2405 1240 ο
2426 1211 2550 1263 τίδὲ
2579 1211 2670 1263 καὶ
2687 1212 2814 1281 περὶ
2831 1211 2924 1264 τοῦ
2949 1213 3066 1264 νυνὶ
3095 1213 3446 1284 φιλοχρίστου
3471 1215 3793 1286 Μαυρικίου

2211 1305 2493 1372 προεῖπεν,
2527 1303 2805 1373 μάθωμεν.

2284 1391 2386 1464 En’.
2421 1393 2534 1463 Πρὸ
2553 1391 2834 1446 δεκαοκτὼ
2861 1398 3072 1463 χρόνων
3104 1395 3201 1446 καὶ
3233 1395 3337 1465 πρὸ
3363 1397 3463 1466 τῆς
3501 1396 3668 1450 αὐτοῦ
3692 1397 3795 1468 βα-

2212 1483 2437 1546 σιλείας,
2493 1484 2773 1552 διάγοντος
2819 1485 2916 1537 τοῦ
2973 1485 3120 1538 ὁσίου
3168 1487 3228 1539 ὲν
3277 1472 3356 1558 τῷ
3419 1490 3793 1560 μοναστηρίῳ,

2211 1576 2308 1627 καὶ
2331 1575 2444 1628 τῶν
2473 1575 2816 1645 πραγμάτων
2849 1575 3170 1646 ὗπαλλαγῆς
3189 1615 3192 1620 ι
3214 1576 3389 1640 οὕτως
3429 1578 3794 1649 μεταϐληθεί-

2212 1680 2334 1734 σης,
2372 1664 2569 1734 συνέϐη
2625 1665 2835 1729 πάντας
2881 1664 3008 1728 τοὺς
3032 1665 3131 1737 τὴν
3157 1667 3428 1736 ἐπαρχίαν
3454 1667 3548 1720 τοῦ
3576 1669 3796 1736 ,Πόντου

2208 1753 2563 1822 διοικοῦντας,
2615 1757 2954 1826 τρακτευτάς
3009 1775 3151 1828 φημι
3183 1759 3274 1811 καὶ
3315 1760 3515 1822 ἀνυτάς
3545 1760 3654 1812 τῶν
3691 1760 3792 1830 δη-

2214 1848 2437 1918 μοσίων,
2471 1848 2550 1901 ἔτι
2579 1865 2643 1915 γε
2677 1849 2784 1918 μὴν
2812 1850 2906 1902 καὶ
2935 1849 3002 1902 τά
3033 1851 3133 1920 τῆς
3162 1850 3567 1922 Μοδερατιανῆς
3586 1852 3796 1917 τάξεως

539 1933 772 2003 legionis
798 1931 1085 1986 commissa
1119 1939 1235 1986 erat
1287 1945 1438 1993 cura,
1486 1931 1831 1984 venirentex
1881 1929 2110 1984 Arabisl-

2214 1940 2545 2007 έμπεπιστευ
2552 1939 2764 2007 μένους,
2783 1937 3054 2006 ὁρμᾶσθαι
3073 1940 3196 2000 τοὺς
3217 1940 3425 2000 πάντας
3441 1941 3504 1992 ἐκ
3518 1940 3616 2010 τῆς
3630 1941 3689 1993 Ἀ
3699 1958 3797 2011 ρα-

539 2045 600 2080 so
627 2025 758 2096 ('52),
788 2024 934 2079 unde
967 2040 1158 2078 eorum
1187 2023 1408 2093 quidam
1445 2022 1665 2078 oriundi
1711 2029 1895 2084 erant,
1939 2021 2107 2090 iique

539 2118 728 2174 alllncs
766 2127 824 2173 ct
882 2116 1176 2187 propinqui
1235 2115 1400 2169 modo
1453 2115 1736 2184 regnantis
1788 2113 2102 2168 ﬁdelissimi

543 2211 913 2281 imperatoris.
947 2209 1012 2263 lli
1068 2209 1239 2278 igitur
1269 2223 1480 2271 omnes,
1512 2216 1574 2261 ut
1616 2205 1869 2267 decebat,
1914 2205 2107 2260 venie-

543 2306 675 2358 b'ant
705 2302 770 2356 ad
794 2298 1036 2364 beatum,
1087 2300 1314 2352 multam
1341 2315 1408 2354 ex
1433 2314 1500 2353 eo
1529 2299 1743 2368 capturi
1769 2300 2066 2354 utilitatem
2089 2337 2104 2354 .

545 2396 614 2452 Ut
648 2404 829 2448 autem
854 2394 908 2446 in
943 2391 1236 2460 colloquiis
1257 2391 1584 2460 plerumque
1601 2391 1741 2445 solet
1763 2392 2105 2461 contingere,

544 2487 636 2539 alii
673 2485 894 2554 quidem
918 2485 1088 2553 ipsam
1119 2481 1418 2536 laudabant
1442 2482 1808 2551 provinciam,
1827 2482 1920 2536 alii
1942 2481 2108 2536 aliam

546 2579 844 2648 regionem.
881 2576 1032 2630 Talia
1087 2590 1212 2629 cum
1243 2574 1374 2628 hinc
1407 2574 1534 2628 inde
1584 2582 1962 2638 moverentur,
2023 2574 2112 2629 vir

546 2669 640 2725 Dei
672 2683 901 2739 magnus
926 2667 1097 2722 facete
1124 2666 1370 2736 quidem,
1406 2665 1486 2721 sic
1517 2676 1699 2721 tamen
1727 2676 1791 2721 ut
1819 2673 2112 2737 appareret

547 2761 772 2815 minime
806 2757 1162 2827 contemptim
1193 2773 1321 2812 eum
1358 2757 1532 2826 loqui,
1569 2757 1636 2812 de
1679 2758 1798 2827 ipsa
1846 2757 2110 2813 Arabisso

546 2865 856 2909 sermonem
894 2850 1098 2915 intulit,
1127 2851 1358 2921 ejusque
1380 2851 1570 2904 laudes
1599 2852 1873 2921 exposuit.
1905 2853 1974 2907 Et
2017 2853 2110 2908 ille

546 2944 768 3015 quidem
799 2943 960 2996 nobis
990 2949 1154 3012 atque
1193 2941 1318 2996 aliis
1360 2939 1606 2995 indidem
1653 2941 1911 2998 oriundis
1941 2943 2110 2998 urbaé

547 3036 736 3091 nitatis
761 3044 925 3105 atque
950 3034 1230 3089 societatis
1249 3049 1415 3089 causa
1443 3034 1572 3088 talia
1591 3033 1778 3089 dicere
1794 3035 2120 3090 videbatur:-

2209 2028 2478 2098 6ισσηνῶν
2510 2027 2738 2093 πόλεως,
2762 2027 2819 2093 ἐξ
2840 2021 2908 2082 ὧι
2937 2028 3280 2092 τινεςάὐτῶν
3309 2029 3402 2082 καὶ
3427 2032 3787 2100 ἀγχιστεύον-

2205 2136 2298 2182 τες
2358 2119 2602 2190 ὑπῆρχον
2633 2118 2729 2172 καὶ
2793 2121 2929 2172 είσὶν
2982 2120 3076 2172 τοῦ
3126 2120 3220 2173 νῦν
3275 2123 3599 2177 πιστοτάτου
3633 2123 3800 2194 βασι-

2206 2211 2362 2275 λέως.
2394 2212 2626 2272 Εἰκότως
2659 2206 2752 2264 οὖν
2799 2204 2945 2265 οὗτοι
2999 2212 3200 2274 πάντες
3247 2214 3474 2283 ἦρχοντο
3524 2215 3660 2283 πρὸς
3692 2215 3788 2268 τὸν

2211 2301 2510 2372 μακάριον,
2563 2300 2632 2354 τά
2681 2302 2892 2370 μεγάλα
2939 2302 3519 2374 εὐεργετηθησόμενοι.
3553 2304 3663 2358 Καὶ
3704 2301 3802 2360 οἷα.

2208 2392 2410 2462 ὀφείλει
2438 2392 2681 2460 γίνεσθαι
2699 2393 2955 2455 πολλάκις
2984 2395 3041 2444 ὲν
3077 2395 3410 2462 συντυχίαις,
3443 2398 3491 2448 οί
3541 2397 3639 2466 μὲν
3687 2401 3795 2450 ἐπ-

2210 2484 2372 2555 ῄνουν
2406 2483 2566 2552 τήνδε
2593 2485 2690 2553 τὴν
2730 2484 3020 2555 ἐπαρχίαν,
3049 2484 3196 2537 ἄλλοι
3231 2484 3396 2556 ἄλλην
3430 2486 3642 2557 χώραν.
3673 2490 3802 2541 Τοι-

2208 2575 2380 2628 ούτων
2404 2575 2535 2642 γοῦν
2592 2577 2864 2646 διαφόρων
2917 2576 3090 2644 λόγων
3143 2579 3500 2647 κινουμένων,
3552 2579 3581 2630 ὁ
3618 2579 3799 2650 μέγας

2210 2663 2498 2735 ἄνθρωπος
2551 2663 2647 2718 τοῦ
2681 2663 2841 2729 Θεοῦ,
2899 2667 3393 2736 χαριεντιζόμενος,
3454 2664 3608 2722 εἶπεν
3656 2671 3802 2740 πρὸς

2209 2757 2426 2821 αὐτοὺς,
2485 2757 2574 2809 καὶ
2607 2756 2695 2811 ἵνα
2739 2757 2814 2828 μή
2849 2775 2933 2821 τις
2982 2758 3367 2824 ὑπεροπτικῶς
3427 2761 3588 2814 αὑτὸν
3623 2763 3801 2831 φθέγ-

2209 2848 2401 2916 γεσθαι
2434 2849 2727 2918 νομίσειεν,
2759 2849 2883 2911 τοὺς
2911 2851 3040 2922 περὶ
3097 2851 3194 2920 τῆς
3225 2851 3797 2924 πόλεως-Ἀραὸισσοῦ

2210 2937 2400 3006 λόγους
2448 2953 2511 2990 τε
2541 2940 2635 2998 καὶ
2669 2939 2925 3003 ἐπαίνους
2971 2940 3239 3010 διεξέστη.
3290 2942 3399 2994 Καὶ
3433 2943 3507 3006 ὡς
3537 2947 3636 3014 μὲν
3665 2945 3801 3014 ἡμῖν

2213 3031 2306 3084 καὶ
2326 3031 2438 3092 τοῖς
2461 3029 2520 3093 ἐξ
2537 3029 2703 3097 αὐτῆς
2728 3031 3068 3100 ὁρμωμένοις
3087 3031 3280 3093 ἐδόκει,
3300 3032 3365 3085 τὰ
3376 3032 3801 3110 λεγόμεναπρὸς

548 3130 642 3185 sed
676 3130 801 3184 linis
827 3126 1072 3182 ostendit
1099 3124 1393 3180 verborum
1423 3131 1705 3177 eventum.
1731 3122 1991 3189 Quaenam
2016 3139 2113 3178 au-

2214 3123 2371 3192 χάριν
2421 3121 2515 3174 καὶ
2551 3122 2841 3190 συντυχίας
2895 3122 3057 3176 ἕνεκα
3118 3123 3358 3192 λέγεται,
3390 3125 3452 3177 τὸ
3509 3125 3564 3178 δὲ
3618 3126 3798 3196 πέρας

550 3231 661 3277 tem
683 3229 740 3277 et
769 3219 951 3291 qualia
985 3226 1116 3272 sunt
1139 3230 1264 3286 qua
1293 3213 1362 3268 de
1409 3229 1472 3267 ea
1502 3213 1590 3267 vir.
1619 3223 1845 3268 sanctus
1871 3212 2109 3283 prophe-

2216 3212 2415 3278 ἔδειξεν
2447 3211 2556 3264 τῶν
2588 3211 2849 3282 ῥημάτων
2869 3213 2966 3284 τὴν
2999 3213 3246 3270 ἔκϐασιν.
3277 3217 3409 3268 Ποῖα
3460 3215 3516 3268 δὲ
3545 3217 3640 3269 καὶ
3667 3218 3795 3270 τίνα

549 3315 726 3369 tavit?
756 3311 982 3378 Quoties
1005 3308 1343 3364 mentionem
1383 3305 1618 3360 faciebat
1663 3305 1932 3370 Arabissi,
1964 3303 2113 3358 dice-

2219 3304 2369 3373 παρὰ
2395 3302 2490 3356 τοῦ
2530 3303 2677 3356 θείου
2709 3304 2902 3374 ἀνδρὸς
2951 3305 3398 3376 προφητευθέντα
3425 3302 3529 3378 ἧν;
3569 3307 3798 3373 Ὀσάκις

549 3404 644 3458 bat
691 3403 950 3474 gratiose,
999 3400 1158 3454 nobis
1216 3396 1474 3453 omnibus
1533 3404 1588 3449 et
1639 3395 1984 3466 principibus
2019 3394 2113 3464 qui

2222 3396 2446 3465 μνήμην
2474 3395 2711 3447 ἐποιεῖτο
2743 3395 2844 3464 τῆς
2898 3396 3309 3468 Ἀραϐισσηνῶν
3337 3397 3566 3460 πόλεως,
3619 3398 3798 3463 οὕτως

556 3493 684 3550 inde
707 3501 864 3548 erant
885 3491 1109 3545 oriundi
1133 3489 1519 3544 audientibus:
1541 3488 1728 3556 llagna
1767 3497 1852 3543 est
1875 3489 2007 3544 urbs
2023 3505 2113 3544 ve-

2215 3487 2400 3554 ιλεγεν
2430 3486 2746 3558 χαριέντως,
2781 3487 3088 3542 ἀκουόντων
3111 3490 3331 3543 πάντων
3357 3490 3537 3560 ἡμῶν.
3566 3491 3662 3544 καὶ
3687 3490 3800 3545 τῶν

549 3594 698 3638 stra:
729 3585 961 3652 ideoque
983 3582 1051 3637 de
1075 3583 1190 3652 ipsa
1218 3581 1422 3636 dicitur
1447 3599 1461 3634 :
1499 3599 1517 3631 ι
1539 3581 1617 3634 Ex
1644 3580 1914 3635 Nazarcth
1938 3589 2113 3651 potest

2217 3576 2429 3632 ικεῐθεν
2480 3576 2817 3647 ὁρμωμένων
2898 3576 3212 3648 ἀρχόντων·
3273 3579 3502 3651 Μεγάλη
3557 3582 3707 3635 ἐστὶν
3761 3584 3797 3654 ἠ

551 3677 757 3747 aliquid
789 3677 916 3730 boni
947 3690 1070 3730 esse
1107 3673 1189 3726 "°?
1218 3692 1236 3725 ι
1262 3673 1380 3728 Non
1408 3673 1550 3728 dixit
1574 3682 1781 3734 autem,
1816 3673 1930 3744 Ego
1962 3673 2111 3736 dico,

2218 3669 2371 3731 πόλις
2397 3668 2574 3738 ὑμῶν,
2601 3668 2689 3722 διὰ
2725 3666 2884 3721 τοῦτο
2915 3667 3128 3740 εἴρηται
3161 3673 3292 3742 περὶ
3313 3672 3504 3744 αὐτῆς,
3556 3673 3652 3726 Ἐκ
3678 3673 3798 3726 Να-

551 3785 620 3824 ne
647 3783 705 3823 se
731 3768 1022 3822 sublimem
1041 3765 1386 3825 ostenderet,
1439 3763 1533 3818 sed
1588 3763 1892 3818 humilem:
1935 3784 1952 3816 ι
1987 3763 2113 3820 0m-

2214 3759 2386 3829 ζαρὲτ
2411 3757 2630 3810 δύναταί
2653 3773 2708 3809 τι
2739 3755 2941 3825 ἀγαθὸν
2971 3754 3152 3825 εἶναι;
3187 3761 3281 3813 καὶ
3344 3762 3443 3814 οὐκ
3469 3761 3678 3830 ἔλεγεν,
3712 3763 3800 3816 ὁτι

539 3859 642 3912 nis
693 3858 843 3912 enim
881 3857 1061 3926 quise
1109 3856 1313 3911 exaltat
1361 3853 1770 3916 ltumiliabitur,
1815 3863 1873 3908 et
1916 3855 2012 3924 qui
2053 3867 2114 3910 se

553 3947 1160 4005 humiliat-exaltabitur
1203 3945 1273 3998 τ’.
1295 3965 1313 3995 ι

625 4125 710 4178 69.
741 4124 805 4177 Et
829 4123 944 4176 haec
973 4121 1195 4192 quidem
1229 4122 1473 4174 Amascae
1500 4119 1760 4188 praedicta
1793 4130 1938 4175 sunt.
1979 4119 2116 4176 Cum

529 4226 737 4271 'autcm
760 4215 1056 4286 placuisset
1081 4215 1301 4276 Deo,'ut
1327 4212 1571 4266 insuam
1613 4213 1800 4267 sedem
1856 4213 2118 4268 restitue-

530 4315 732 4366 «retur,
763 4305 995 4359 biennio
1024 4304 1134 4374 (55)
1153 4313 1298 4357 ante
1325 4303 1536 4357 obitum
1565 4301 1774 4356 Tiberii
1819 4303 2116 4372 imperato—

531 4398 656 4459 -ris.
685 4395 913 4466 contigit
943 4404 1004 4449 ut
1024 4395 1140 4464 ipse
1166 4393 1431 4448 Tiberius
1455 4392 1508 4446 in
1540 4391 1794 4447 morbum
1815 4392 2116 4448 incideret:

555 4499 612 4544 et
637 4489 825 4543 invisit
867 4501 994 4542 cum
1025 4488 1118 4541 Dei
1176 4491 1391 4551 servus,
1440 4493 1604 4554 atque
1660 4485 1981 4540 convaluit:
2022 4503 2120 4557 per

2220 3849 2364 3916 Ἐγὼ
2390 3848 2554 3916 λέγω,
2587 3848 2675 3901 διὰ
2697 3848 2758 3902 τὸ
2793 3850 2869 3921 μὴ
2897 3850 3164 3905 δεικνύειν
3192 3853 3385 3906 ἑαυτὸν
3413 3853 3635 3924 ὑψηλὸν,
3660 3854 3802 3908 ἀλλά

2219 3939 2472 4002 ταπεινόν
2492 3955 2505 3969 ·
2536 3957 2556 3991 ι
2595 3940 2708 4001 Πᾶς
2725 3941 2834 4011 γὰρ
2853 3943 2881 3994 ὁ
2910 3941 3059 4011 ὑψῶν
3081 3944 3271 3997 ἑαυτὸν
3299 3945 3801 4016 ταπεινωθήσεται,

2217 4034 2246 4084 ό
2272 4031 2330 4084 δὲ
2351 4029 2623 4082 ταπεινῶν
2647 4031 2836 4085 ἑαυτὸν
2863 4033 3238 4103 ὑψωθήσεται.
3275 4053 3294 4084 ι

2290 4121 2385 4185 ξθ¹.
2407 4122 2512 4174 Kal.
2535 4119 2705 4174 ταῦτα
2737 4123 2835 4191 μὲν
2859 4124 2918 4175 ἐν
2953 4107 3216 4194 Ἀμασείᾳ
3253 4125 3634 4196 προλεχθέντα.
3664 4127 3804 4182 Ὅτε

2219 4212 2276 4266 δὲ
2296 4212 2594 4284 ηὐδόκησεν
2631 4214 2659 4264 ὀ
2683 4212 2814 4275 Θεὸς
2852 4213 2946 4266 καὶ
2974 4214 3322 4285 ἀπεκατέστη
3357 4216 3437 4278 είς
3465 4216 3555 4268 τὸν
3597 4216 3798 4269 ἑαυτοῦ

2204 4304 2430 4374 θρόνον,
2464 4303 2567 4374 πρὸ
2609 4303 2702 4356 δύο
2750 4304 2889 4358 ἐτῶν
2922 4305 3023 4374 τῆς
3046 4305 3307 4374 τελευτῆς
3347 4306 3442 4359 τοῦ
3492 4309 3548 4359 ὲν
3578 4308 3804 4361 εὐσεϐεῖ

2220 4400 2285 4468 τῇ
2320 4397 2508 4470 μνήμῃ
2534 4397 2575 4448 Τ
2583 4397 2808 4464 ιὸερίου,
2843 4397 3038 4468 συνέϐη
3072 4398 3328 4469 ἀσθενείᾳ
3359 4402 3678 4470 περιπεσεῖν
3704 4400 3802 4452 τὸν

2219 4489 2382 4542 αὑτὸν
2413 4488 2682 4559 Τιϐέριον,
2715 4489 2809 4541 καὶ
2835 4487 2899 4557 δὴ
2928 4489 3268 4557 ἐπεσκέψατο
3295 4490 3456 4542 αὑτὸν
3490 4493 3518 4543 ὁ
3541 4489 3800 4558 θεράπων

529 4583 734 4637 -visum
753 4582 906 4636 enim
935 4580 1301 4642 intellexerat,
1329 4593 1455 4632 eum
1483 4586 1613 4633 tunc
1643 4591 1755 4634 non
1781 4592 1903 4634 esse
1949 4580 2113 4633 mori-

2220 4579 2313 4631 τοῦ
2339 4577 2496 4642 Θεοῦ,
2528 4580 2623 4632 καὶ
2657 4578 2838 4641 καλῶς
2866 4578 3052 4649 ἔσχεν·
3085 4574 3155 4649 ἦν
3190 4581 3299 4649 γὰρ
3334 4581 3428 4633 καὶ
3457 4581 3639 4652 ὅραμα
3669 4581 3800 4634 θεα-

560 4683 753 4729 turum
769 4681 866 4737 ;,et
885 4670 1072 4724 multis
1095 4667 1468 4738 quaerentibus
1490 4667 1558 4725 de
1572 4682 1912 4733 successore,
1933 4669 1976 4722 si
1989 4669 2121 4738 quid

555 4767 606 4820 ei
661 4763 980 4822 humanitus
1033 4759 1386 4831 contigisset,
1437 4759 1657 4816 dicebat
1706 4759 1792 4813 vir
1837 4775 2110 4831 magnus:

623 4893 667 4934 ⁴¹⁰
691 4893 854 4957 Ἰοδιι.
879 4916 918 4966 1,
959 4898 1048 4952 46.
1086 4915 1090 4919 ·
1127 4898 1170 4977 ⁷.¹
1218 4891 1408 4953 Matth.
1466 4911 1612 4959 xxm,
1651 4893 1736 4949 12.

630 5055 742 5123 (50)
791 5054 1075 5108 Tiberium
1127 5051 1444 5120 adoptatum
1478 5066 1528 5123 _a
1559 5049 1791 5123 _Justino
1837 5047 2008 5103 lilium
2065 5055 2122 5102 et

557 5119 826 5180 (La-sarem
871 5119 1265 5177 renuntiatum.
1293 5130 1348 5174 et
1376 5121 1522 5188 paris
1559 5119 1786 5172 honoris
1809 5128 2117 5172 consortem

563 5201 819 5320 effectum
851 5194 1227 5268 annoitnpcrii
1257 5193 1342 5254 l0,
1365 5191 1567 5244 Christi
1595 5190 1719 5254 575,
1754 5189 1917 5242 tradit
1939 5189 2120 5241 Theo-

563 5285 594 5320 n
620 5280 788 5319 tancs.

581 5280 788 5319 )IHIIICS.

581 5285 788 5320 manes.

632 5337 756 5410 (51)Δ
788 5333 971 5410 Graeca
1020 5333 1362 5403 τρακτευτάς
1414 5347 1561 5410 φημι
1620 5331 1713 5381 καὶ
1765 5328 1966 5410 ἀνυτᾲς
2016 5327 2125 5410 τῶν

525 5397 1120 5477 ⁸δημοσίωνμίειιειιιίιι·
1164 5419 1262 5472 per
1317 5397 1692 5477 conjecturam
1737 5416 1769 5477 a_
1825 5397 1984 5452 nobis
2025 5397 2127 5452 La»

566 5470 680 5530 tiiie
737 5473 946 5529 reddita
991 5489 1109 5528 esse
1138 5470 1328 5538 {sunt
1365 5470 1511 5526 cnim
1543 5470 1806 5523 vocabula
1841 5483 1951 5522 non
1992 5483 2127 5537 pure

564 5547 772 5602 Graeca.
821 5544 1088 5598 Meursius
1147 5545 1202 5596 in
1261 5539 1736 5597 Graeco-barbaris
1788 5539 2123 5608 τρακτευτὰς

511 5661 517 5670 .
567 5625 884 5672 tractatores
903 5614 1090 5677 vertit,
1113 5614 1268 5683 quasi
1291 5629 1319 5666 a
1355 5619 1522 5665 tracto
1541 5607 1797 5683 ξ-’ᾼνυταί
1813 5607 1942 5663 vero
1971 5609 2121 5683 ducti

567 5685 828 5742 videntur
854 5686 921 5739 ab
953 5678 1146 5747 ἀνύω,’
1165 5683 1377 5753 expedio
1398 5722 1411 5742 ,
1438 5680 1673 5748 conﬁcio.
1716 5678 1884 5753 Zinus
1914 5679 2119 5742 omnia,

565 5759 693 5826 quia
742 5757 845 5811 sibi
879 5756 1134 5814 obscura,
1176 5748 1254 5808 sic
1310 5753 1362 5826 in
1395 5767 1562 5820 pauca
1613 5748 1906 5826 contraxit,
1956 5761 2120 5826 sensu

567 5817 709 5878 haud
746 5827 939 5883 leviter
960 5827 1214 5878 turbato:
1266 5843 1282 5873 ι
1306 5817 1442 5878 Cum
1475 5821 1763 5892 ageretvir
1793 5827 2014 5892 sanctus
2045 5817 2108 5892 in

566 5897 920 5960 monasterio,
957 5897 1009 5948 in
1045 5912 1107 5950 ea
1157 5909 1338 5949 rerum
1399 5888 1811 5962 perturbatione
1855 5888 2105 5959 contigit,

2223 4671 2475 4739 σάμενος,
2503 4670 2586 4724 ὅτι
2615 4670 2714 4724 οὐκ
2744 4669 3078 4740 ἀποθνήσκει
3111 4669 3226 4724 νῦν.
3260 4671 3477 4724 Πολλῶν
3520 4667 3614 4725 οὖν
3639 4689 3798 4740 τηνι-

2223 4761 2398 4814 καῦτα
2429 4761 2734 4817 λαλούντων
2751 4778 2810 4814 τε
2838 4761 2935 4814 καὶ
2950 4761 3316 4829 λαλουμένων,
3343 4765 3426 4817 ὅτι
3461 4762 3585 4816 Ἐὰν
3611 4763 3796 4833 συμϐῇ

2228 5058 2290 5104 ιιι
2325 5063 2522 5120 omnes
2547 5049 2642 5118 qui
2676 5049 2834 5105 Ponti
2880 5049 3220 5120 provinciam
3251 5052 3588 5116 inco.eoant,
3634 5054 3796 5107 veni-

2228 5127 2350 5172 rent
2392 5119 2458 5173 ad
2491 5131 2740 5174 sanctum
2790 5119 2937 5174 hunc
2982 5121 3184 5182 virum,
3221 5137 3469 5191 magnam
3524 5139 3589 5177 ex
3647 5124 3798 5177 illius

2229 5204 2482 5262 sermone
2531 5191 2824 5244 utilitatem
2886 5193 3221 5260 percepturi.
3253 5211 3270 5241 ›
3317 5193 3424 5246 Sed
3472 5203 3527 5247 et
3580 5195 3794 5262 reliqua

2229 5273 2357 5327 pars
2387 5259 2550 5328 hujus
2575 5261 2787 5314 numeri
2818 5259 2928 5314 tota
2956 5259 3236 5316 contracta
3263 5271 3367 5315 est.

2301 5329 2411 5402 g5?)
2442 5330 2692 5402 Arabians
2721 5331 2835 5384 sive
2875 5332 3199 5402 iArabyssus,
3225 5332 3500 5385 Armeniae
3555 5331 3792 5402 minoris

2232 5399 2364 5470 urbs
2389 5401 2719 5469 episcopalis
2748 5402 2851 5456 sub
2874 5399 3130 5456 Melitena
3161 5411 3274 5456 tnet
3288 5404 3487 5470 ropoli.
3507 5401 3796 5470 Cappado-

2228 5469 2327 5542 cia:
2353 5470 2890 5542 ascribit‘Evagrius,
2924 5471 3022 5525 lib.
3055 5489 3108 5537 v,
3141 5487 3264 5542 cap.
3313 5469 3400 5536 19,
3449 5473 3540 5527 ubi
3588 5469 3798 5526 scribit

2227 5539 2540 5594 Mauritium
2573 5540 2649 5594 ibi
2678 5539 2865 5595 natum
2900 5542 3091 5596 fuisse.
3197 5591 3203 5598 .

2299 5611 2409 5679 (55)
2439 5611 2578 5680 Ergo
2617 5627 2764 5666 anno
2792 5613 2912 5666 580.
2947 5612 3082 5666 Nam
3125 5630 3269 5667 anno
3294 5612 3417 5678 58%,
3467 5611 3664 5666 indict.
3703 5608 3792 5670 15,

2228 5678 2576 5750 “Augusti,
2609 5681 2662 5735 in
2712 5681 2893 5736 tabem
2925 5681 3112 5751 lapsus
3143 5683 3420 5747 Tiberius,
3473 5680 3792 5736 Mauritium

2225 5764 2490 5819 generum
2516 5753 2854 5805 renuntiavit
2887 5752 3302 5822 imperatorem,
3352 5761 3412 5808 et
3455 5753 3604 5808 intro
3645 5752 3795 5807 rela-

2229 5829 2318 5876 tus
2357 5822 2679 5892 exspiravit.
2711 5822 2790 5877 lta
2812 5822 3197 5892 Tthphanes.
