4028 6494
253 413 413 478 3353

1711 453 1716 458 -
1805 414 1996 473 VITA.

3382 407 3522 470 2354

259 523 616 596 ἀνθρώπινόν
663 523 819 595 τιτῷ
863 523 1091 595 βασιλεῖ,
1127 524 1209 589 τίς
1239 524 1275 580 ἄ
1308 543 1378 596 ρα
1427 525 1728 597 διαδέχεται
1757 528 1854 598 τὴν

1961 526 2083 580 Νοιι
2116 526 2419 590 morietur;
2457 523 2875 578 nominantibus
2916 532 3100 578 autem
3146 524 3416 585 diversos,
3443 528 3525 578 ui-

261 617 587 686 βασιλείαν;
617 616 764 684 λέγει
793 617 821 668 6
868 616 1062 685 μέγαςο
1123 617 1236 670 Οὐκ
1264 616 1601 686 ἀποθνήσκει
1634 619 1661 670 6
1697 617 1851 686 βασι-

254 707 418 770 λεύς.
463 707 745 777 Διαφόρων
770 709 947 762 τοίνυν
999 708 1279 778 ὀνομάτων
1326 711 1599 781 ἀρχόντων
1632 712 1851 782 μνήμης

255 802 586 868 γεγονυίας,
613 801 766 856 οὐδὲν
794 801 1129 873 ἁπεκρίνατο
1147 805 1174 856 ὁ
1205 803 1473 872 μακάριος
1511 819 1522 832 ·
1556 804 1644 856 ὅτε
1673 803 1730 856 δὲ
1759 803 1852 857 τοῦ

254 893 362 946 νῦν
401 893 792 946 εὐσεϐεστάτου
815 892 1198 963 ἐμνημονεύθη
1227 893 1286 946 τὸ
1312 893 1619 963 Μαυρίκιος
1654 893 1846 964 ὄνομα,

266 987 326 1038 ἐν
364 985 551 1054 ἐαυτῷ
581 983 838 1053 γεγονὼς,
884 984 952 1036 τὰ
983 984 1082 1054 ήδη
1127 984 1552 1054 προεγνωσμένα
1582 984 1731 1054 αύτῷ
1758 988 1854 1038 καὶ

267 1075 643 1144 ⁸ξιρολεχθένιτα
668 1074 1033 1146 ἐφανέρωσεν,
1064 1074 1235 1132 οὕτως
1260 1074 1450 1139 εἰπὼν,
1490 1077 1696 1138 Ὄντως
1726 1077 1853 1130 οὕτε

266 1167 420 1235 ἔχεις
443 1165 626 1225 ἄλλον,
658 1166 717 1218 τὸ
745 1165 936 1218 πιστὸν
962 1165 1055 1216 τοῦ
1083 1165 1404 1235 πράγματος
1425 1166 1513 1220 διὰ
1561 1166 1655 1219 τοῦ
1686 1167 1850 1235 ὅρκου

268 1255 608 1326 βεϐαιώσας.
645 1255 960 1327 Τηνικαῦτα
987 1251 1079 1309 οὖν
1099 1257 1522 1327 ἐπεμνήσθημεν
1547 1258 1639 1310 καὶ
1665 1258 1773 1310 τῶν
1793 1259 1853 1310 ἐν

280 1349 340 1400 Ἀ
350 1366 490 1416 μασε
503 1349 556 1418 ia
570 1348 1099 1420 λεχθέντων.Μηδεὶς
1114 1349 1168 1402 δὲ
1191 1336 1517 1419 ἀμφιϐολίαν
1535 1353 1704 1419 ἐχέτω
1721 1352 1848 1419 περὶ

263 1439 479 1491 ⁴τούτων
499 1457 514 1470 ο
547 1438 635 1492 διὰ
661 1439 770 1508 γὰρ
807 1438 965 1492 τοῦτο
1013 1439 1300 1508 πρόσωπα,
1351 1441 1444 1493 καὶ
1474 1441 1721 1510 χρόνους,
1755 1440 1848 1494 καὶ

264 1532 492 1594 τόπους,
519 1531 930 1600 καὶπροφάσεις
970 1530 1225 1597 εὐλόγους
1259 1532 1598 1602 ἐγράψαμεν,
1646 1532 1731 1584 ἵνα
1767 1533 1844 1602 μή

262 1637 354 1683 τις
389 1623 538 1689 ὑμᾶς
567 1621 855 1692 λογίσηται
889 1621 1023 1692 πρὸς
1054 1622 1113 1674 τὸ
1133 1623 1531 1694 κεχαρισμένον
1560 1621 1638 1694 τῷ
1692 1623 1846 1692 ἀνδρὶ

266 1712 649 1782 φθέγξασθαι·
683 1716 712 1766 6
751 1714 859 1784 γὰρ
892 1713 1085 1783 χωρῶν
1114 1714 1379 1784 χωρείτω,
1420 1715 1514 1769 καὶ
1541 1717 1568 1768 6
1597 1716 1845 1768 ἀπιστῶν

1957 617 2034 672 hil
2055 616 2422 686 respondebat
2462 615 2701 681 beatus;
2732 615 2826 668 ubi
2860 631 2989 669 vero
3018 614 3328 684 piissimum
3379 614 3527 668 hunc

1954 710 2347 779 imperatorem
2377 708 2691 762 Mauritium
2721 707 3023 761 nominavit
3045 706 3268 777 aliquis,
3322 707 3436 776 ipse
3467 723 3526 761 se

1923 877 1928 882 _
1954 802 2239 868 colligens,
2259 801 2478 869 aperuit
2498 799 2674 868 palam
2698 814 2818 868 quae
2840 808 2964 852 ante
2990 806 3322 870 cognoverat
3362 809 3525 867 atque

1955 891 2324 963 praedixerat:
2351 892 2493 946 Vere
2527 907 2637 945 non
2678 891 2848 944 habes
2879 890 3071 954 alium,
3131 889 3408 958 inquiens,
3437 889 3523 943 id-

1925 972 2061 1051 que
2115 981 2479 1053 jurejurando
2541 981 2836 1035 aﬁirmans.
2878 979 3032 1034 Tunc
3081 980 3246 1049 igitur
3295 989 3350 1034 et
3405 997 3525 1049 quae

1957 1071 2205 1126 Amasene
2239 1071 2389 1126 dicta
2427 1071 2652 1126 fuerant
2675 1061 3045 1135 meminimus;
3079 1087 3248 1137 quare
3273 1088 3434 1125 nemo
3457 1073 3525 1126 de

1953 1165 2042 1219 his
2070 1165 2289 1219 dubitet
2336 1181 2351 1221 :
2415 1173 2470 1220 et
2511 1164 2634 1218 ideo
2687 1179 2972 1233 personas,
3027 1165 3437 1234 tempora.loca
3470 1181 3528 1220 et

1951 1257 2272 1312 occasiones
2305 1257 2698 1327 expressimus,
2718 1271 2786 1311 ne
2817 1258 2943 1326 quis
2993 1272 3094 1310 nos
3145 1264 3366 1325 putaret
3410 1256 3528 1330 hzec

1929 1347 2011 1422 in
2040 1349 2159 1417 ejus
2179 1347 2414 1418 gratiam
2451 1347 2812 1404 conﬁnxisse.
2841 1347 2945 1414 Qui
2976 1349 3143 1418 capit,
3191 1347 3371 1416 capiat
3398 1365 3413 1411 ;
3463 1357 3513 1403 et

1927 1439 2045 1510 qui
2076 1454 2185 1493 non
2217 1440 2334 1494 vult
2358 1439 2608 1501 credere,
2642 1455 2710 1493 ne
2744 1439 2965 1494 credat:
3003 1439 3137 1509 quid
3187 1440 3336 1493 enim
3383 1437 3518 1492 mihi

1952 1531 2128 1588 dehis
2153 1531 2248 1602 qui
2283 1530 2419 1585 foris
2461 1531 2910 1601 sunt‘judicare?
2948 1531 3052 1586 Sed
3087 1547 3155 1585 eo
3184 1541 3525 1586 revertamur

1953 1624 2100 1679 unde
2127 1624 2358 1695 digressi
2383 1639 2597 1690 sumus,
2621 1639 2744 1678 cum
2764 1624 2832 1678 de
2852 1623 2953 1677 viri
2981 1624 3157 1678 sancti
3179 1623 3528 1698 revocatione

1954 1714 2334 1784 loqueremur.

263 1803 592 1856 ἀπιστείτωο
627 1801 678 1855 τί
728 1803 837 1874 γάρ
869 1820 958 1872 μοι
1008 1803 1101 1854 καὶ
1124 1805 1248 1866 τοὺς
1277 1800 1382 1868 ἔξω
1409 1803 1616 1876 κρίνειν
1638 1803 1816 1868 ;’Δλλ’
1856 1803 2236 1874 ἐπανέλθωμεν
2286 1804 2406 1857 ὃθεν
2441 1805 2509 1858 τὰ
2558 1805 2656 1875 τῆς
2694 1805 3187 1868 ἀποκαταστάσεως
3244 1801 3527 1876 ἠρξάμεθα

263 1895 583 1966 διηγεῖσθαι
617 1894 712 1949 τοῦ
741 1895 889 1949 ὁσίου
914 1895 1126 1967 ἀνδρός.

341 1996 407 2044 0’.
449 1988 537 2052 Ὡς
565 1984 660 2042 οὖν
714 1988 812 2052 τὰς
847 1989 1135 2059 ἐκϐοήσεις
1183 1989 1278 2044 τοῦ
1328 1990 1678 2062 φιλοχρίστου
1715 1990 1845 2046 λαοῦ

2019 1985 2104 2042 70.
2145 1987 2447 2056 Postquam
2476 1985 2644 2057 igitur
2693 1984 3152 2040 Christianissimi
3192 1986 3378 2054 populi
3407 1987 3522 2040 cla-

271 2080 529 2144 ἐδέξαντο
569 2082 620 2133 οί
667 2079 904 2149 βασιλεῖς
939 2078 1217 2144 Ἰουστῖνος
1264 2082 1360 2134 καλ¹
1391 2082 1662 2152 Τιϐέριος,
1694 2081 1855 2144 εὐθὺς

269 2171 370 2225 καὶ
403 2170 745 2240 παραχρῆμα
785 2170 882 2222 σὺν
920 2169 1100 2240 πολλῷ
1128 2170 1208 2240 τῷ
1241 2171 1397 2243 τάχει
1445 2173 1539 2225 καὶ
1582 2173 1726 2244 χαρᾷ
1760 2189 1856 2242 με-

278 2263 418 2333 γάλῃ
437 2261 716 2314 ἐστείλατο
745 2261 868 2324 τοὺς
918 2263 1330 2329 γενναιοτάτους
1377 2263 1684 2336 σκρίϐωνας
1713 2264 1850 2336 πρὸς

276 2353 366 2406 τὸν
412 2355 584 2416 ὅσιον,
632 2352 720 2404 ἴνα
748 2351 853 2405 κᾶν
879 2351 952 2423 μὴ
977 2351 1211 2425 βουληθῇ
1240 2353 1501 2418 ἑκουσίως
1525 2354 1852 2422 ὑπακοῦσαι,

270 2446 365 2499 καὶ
392 2446 468 2516 μὴ
506 2443 834 2515 βουλόμενον
866 2444 1031 2497 αὐτὸν
1060 2447 1343 2513 ἀγάγωσιν
1364 2447 1446 2509 εἰς
1477 2447 1576 2517 τὴν
1607 2446 1854 2516 βασιλίδα

263 2536 382 2589 τῶν
416 2537 639 2590 πόλεων.
667 2535 730 2588 Οἳ
761 2535 854 2588 καὶ
883 2536 1316 2607 παραγενόμενοι
1351 2538 1488 2610 πρὸς
1533 2539 1716 2600 αὑτὸν,
1746 2540 1854 2590 ἀπ-

268 2631 492 2684 έδωκαν
549 2629 696 2697 αὐτῷ
731 2629 792 2680 τὸ
833 2629 1109 2698 βασιλικὸν
1151 2631 1406 2700 γράμμα.
1465 2630 1635 2683 Τοῦτο
1675 2630 1855 2684 λαϐὼν

274 2723 421 2792 μετὰ
441 2724 642 2790 χεῖρας,
677 2719 982 2789 ἀναϐλέψας
1012 2738 1070 2772 τε
1106 2723 1245 2790 πρδς
1285 2721 1378 2774 τὸν
1407 2717 1566 2784 Θεὸν,
1595 2721 1690 2774 καλ⁵
1718 2721 1848 2775 σύν-

255 2813 481 2881 -δακρυς
507 2814 814 2882 γενόμενος,
838 2813 1241 2882 ηὐχαρίστησεν
1266 2812 1361 2864 καὶ
1393 2810 1602 2865 εἷπενῚ
1625 2814 1756 2867 ’ἰδοὺ
1785 2812 1854 2866 τὰ

265 2903 429 2973 χείλη
468 2921 568 2974 μου
592 2905 654 2956 οὐ
689 2903 762 2974 μὴ
793 2903 1042 2967 κωλύσω,
1068 2906 1150 2958 ὅτι
1202 2905 1266 2959 σὺ
1297 2905 1468 2973 ἔγνως
1497 2905 1624 2968 τοὺς
1679 2904 1857 2959 διαλο-

249 2995 511 3066 ’γισμούς
545 3013 644 3066 μου
677 2996 787 3048 ἀπὸ
818 2998 1123 3067 μακρόθεν·
1156 2997 1254 3067 τὴν
1283 2997 1470 3067 τρίϐον
1503 3013 1603 3066 μου
1633 2997 1726 3050 καὶ
1754 2995 1855 3068 τὴν

271 3088 490 3158 σχοῖνόν
523 3105 624 3157 μου
657 3087 723 3140 σὺ
755 3087 1083 3158 ἐξιχνίασας,
1111 3089 1206 3142 καὶ
1237 3088 1417 3152 πάσας
1449 3088 1546 3150 τὰς
1569 3087 1720 3151 ὁδούς
1751 3105 1853 3158 μου

269 3179 559 3249 προεῖδεςο
603 3179 998 3251 ἐθαυμαστώθη
1030 3181 1126 3233 καὶ
1163 3179 1221 3246 ἐξ
1279 3178 1413 3250 ἐμοῦ
1445 3180 1478 3248 ὴ
1504 3178 1704 3247 γνῶσίς
1739 3195 1854 3242 σου,

1957 2097 2138 2137 mores
2182 2079 2602 2136 exaudivisseut
2645 2078 2899 2134 Justinus
2931 2088 2989 2133 et
3035 2079 3294 2133 Tiberius
3346 2080 3523 2148 impe-

1955 2184 2169 2230 ratores
2192 2175 2326 2243 (54),
2360 2188 2555 2244 magna
2576 2172 2760 2227 statim
2787 2187 2910 2226 cum
2935 2173 3219 2226 celeritate
3243 2182 3298 2226 et
3323 2173 3524 2242 gaudio

1956 2268 2226 2322 miserunt
2250 2253 2702 2336 generosissimos
2723 2264 3014 2318 scribones
3038 2264 3147 2330 (55)
3173 2263 3240 2318 ad
3274 2273 3522 2319 sanctum

1954 2359 2156 2423 virum,
2199 2367 2261 2412 ut
2314 2373 2442 2412 eum
2476 2357 2561 2410 vel
2595 2356 2828 2410 invitum
2860 2371 2924 2409 ac
2969 2367 3318 2410 recusantem
3353 2357 3522 2410 redu-

1955 2462 2147 2506 cerent
2187 2449 2255 2503 ad
2294 2449 2501 2518 regiam
2551 2447 2852 2501 civitatem.
2900 2445 2964 2499 Hi
3020 2447 3089 2501 ad
3141 2462 3271 2501 eum
3321 2462 3521 2516 pervo-

1954 2541 2174 2596 nientes
2208 2539 2572 2594 reddiderunt
2607 2539 2818 2592 litteras
2848 2538 3242 2607 imperatorum
3277 2556 3290 2590 :
3320 2538 3524 2608 quibus

1955 2631 2048 2686 ille
2089 2631 2372 2701 perlectis,
2409 2629 2718 2700 suspiciens
2762 2627 2818 2682 in
2859 2628 3058 2682 etelum
3101 2639 3157 2682 et
3197 2628 3522 2699 lacrymans,

1937 2722 2065 2793 egit
2111 2722 2317 2793 gratias
2362 2721 2542 2774 Deozt
2569 2722 2726 2785 Ecce,
2762 2720 3040 2790 inquiens,
3087 2719 3339 2779 Domine.
3381 2721 3525 2774 labia

1953 2830 2074 2870 mea
2127 2831 2236 2868 non
2286 2813 2621 2884 prohibebo,
2653 2813 2913 2880 quoniam
2969 2820 3026 2866 tu
3081 2811 3398 2867 intellexisti
3430 2828 3525 2866 co-

1954 2905 2252 2977 gitationes
2297 2919 2449 2959 meas
2492 2902 2560 2956 de
2598 2904 2779 2973 longe,
2839 2903 3093 2957 semitam
3142 2918 3317 2957 meam
3347 2912 3403 2957 et
3434 2902 3524 2957 fu-

1954 2996 2205 3051 niculum
2243 3010 2429 3050 meum
2476 2993 2841 3062 investigasti,
2883 3002 2941 3048 et
2984 3009 3178 3048 omnes
3216 2994 3334 3048 vias
3376 3009 3528 3048 meas

1955 3087 2257 3157 previdisti
2291 3103 2306 3140 :
2334 3085 2607 3140 mirabilis
2642 3085 2783 3139 facta
2814 3094 2899 3139 est
2922 3085 3156 3139 scientia
3193 3094 3283 3140 tua
3317 3101 3380 3139 ex
3415 3100 3524 3147 me,

1947 3172 2270 3229 conﬁrmata
2319 3179 2422 3233 est,
2451 3177 2507 3223 et
2553 3183 2660 3221 non
2697 3176 2886 3237 potero
2917 3167 2982 3220 ad
3008 3184 3152 3224 eam.
3188 3167 3324 3232 Quis
3378 3171 3528 3222 novit

247 3268 646 3340 ‘lxpatattbﬁq,
674 3272 735 3324 ού
764 3271 837 3342 μὴ
863 3271 1105 3342 δύνωμαι
1143 3271 1278 3340 πρὸς
1317 3271 1514 3342 αὑτήνο
1551 3289 1570 3322 ι
1610 3269 1707 3332 Τίς
1739 3269 1848 3340 γὰρ

1954 3273 2186 3321 mentem
2233 3262 2471 3328 Domini,
2524 3273 2620 3316 aut
2661 3262 2788 3332 quis
2831 3261 3179 3316 consiliarius
3223 3263 3340 3330 ejus
3372 3261 3526 3316 fuit?

269 3329 417 3429 ἔγνω
441 3361 568 3416 νοῦν
596 3329 882 3434 Ιξυρίου,’ἦ
907 3363 991 3426 τίς
1008 3329 1326 3434 ’σύμϐουλος
1351 3329 1516 3417 αὐτοῦ
1551 3329 1766 3431 ἐγένετο
1785 3377 1800 3428 ;
1820 3329 1849 3414 ἰ

1954 3360 2086 3428 Quis
2123 3357 2415 3426 dissipabit
2454 3372 2518 3410 ea
2544 3329 2948 3425 quat—decrevit
2995 3329 3356 3410 Altissimus?
3386 3354 3524 3411 Num

269 3453 308 3508 ἃ
329 3455 445 3523 γάρ
477 3455 506 3506 6
537 3454 668 3518 Θεὸς
704 3455 732 3506 6
761 3453 912 3522 ἅγιος
947 3454 1292 3524 βεϐούλευται
1358 3456 1439 3518 τίς
1470 3455 1852 3520 διασκεδάσει;

276 3549 350 3620 μὴ
382 3549 504 3620 ἐρεῖ
524 3549 586 3600 τὸ
607 3547 831 3617 πλάσμα
852 3547 931 3618 τῷ
957 3548 1245 3611 πλάσαντι,
1277 3548 1343 3600 Τί
1371 3564 1442 3616 με
1464 3545 1637 3609 οὕτως
1661 3546 1851 3616 ἐποίη-

279 3659 414 3707 σαςς
457 3643 696 3713 Ἀκήκοα
729 3641 827 3712 τὴν
855 3642 1026 3710 ἀκοήν
1047 3658 1162 3702 σου,
1194 3639 1389 3709 Κύριε,
1441 3639 1533 3691 καὶ
1561 3637 1856 3708 ἐφοϐήθην,

279 3736 592 3801 κατενόησα
619 3735 685 3786 τὰ
707 3733 841 3803 ἔργα
872 3749 966 3785 σου
994 3733 1085 3785 καὶ
1111 3732 1361 3800 ἐξέστην,
1397 3730 1480 3783 ὅτι
1521 3728 1750 3799 φοϐερὸς
1783 3721 1854 3793 εἴ,

274 3826 373 3878 καὶ
411 3825 497 3887 τίς
546 3823 929 3893 ἀντιστήσεται
969 3819 1408 3885 σοι;»Τοιούτοις
1465 3818 1557 3872 καὶ
1614 3817 1858 3870 πλείοσιν

279 3915 715 3986 ιῦχαριστηρίοις
734 3915 1081 3985 χρησάμενος
1104 3911 1305 3979 λόγοις,
1331 3910 1426 3963 καὶ
1445 3908 1738 3971 ἐκτελέσας
1760 3906 1857 3977 τὴν

282 4009 434 4062 θείαν
453 4007 817 4078 λειτουργίαν,
849 4007 928 4068 είς
950 4003 1011 4058 τὸ
1045 4003 1242 4071 εὐαγὲς
1275 4004 1660 4072 μοναστήριον,
1723 3999 1858 4052 καθ-

278 4097 464 4160 εσθεὶς
485 4098 582 4149 καὶ
607 4097 664 4149 ἐν
687 4094 764 4165 τῷ
792 4093 968 4165 θρόνῳ
993 4093 1350 4163 (συνέφθασεν
1369 4090 1478 4160 γὰρ
1507 4091 1600 4143 καὶ
1621 4089 1653 4158 ἡ
1678 4087 1860 4158 ἡμέρα

275 4187 552 4257 Κυριακὴ,
576 4185 694 4256 μεθ’
714 4185 782 4256 ἢν
803 4185 900 4237 καὶ
922 4185 1021 4254 τὴν
1050 4184 1270 4254 μνήμην
1291 4181 1386 4234 τοῦ
1410 4179 1674 4243 ζωοποιοῦ
1700 4195 1863 4232 σταυ-

279 4276 379 4347 ροῦ
441 4279 507 4347 τῇ
537 4275 1112 4348 τεσσαρεσκαιδεκάτῃ
1147 4271 1241 4325 τοῦ
1289 4269 1662 4340 Σεπτεμϐρίου
1695 4268 1864 4339 μηνὸς

279 4369 524 4440 φαιδρῶς
551 4347 933 4440 ἐορτάσαμεν),
960 4366 1264 4434 εὐλογήσας
1282 4363 1346 4416 τὸ
1377 4364 1741 4432 μοναστήριον
1770 4361 1866 4414 καὶ

277 4461 411 4524 τοὺς
429 4461 485 4512 ἐν
506 4459 676 4529 αὐτῷ,
708 4458 789 4511 ἔτι
818 4474 883 4526 γε
941 4457 1047 4528 μὴν
1079 4457 1174 4509 καὶ¹
1206 4457 1389 4509 πᾶσαν
1427 4453 1526 4526 τὴν
1557 4453 1734 4517 πόλιν,
1769 4455 1864 4506 καὶ

1949 3453 2096 3507 dicet
2127 3452 2445 3522 ﬁgmentum
2473 3451 2521 3504 ei
2550 3450 2718 3519 quise
2741 3449 2916 3512 tinxit,
2941 3448 3053 3504 Cur
3073 3465 3160 3504 me
3198 3450 3370 3505 fecisti
3393 3450 3473 3507 sic
3502 3451 3526 3504 ‘.'

1937 3547 2148 3605 Audivi
2180 3544 2514 3600 auditionem
2543 3552 2714 3601 tuam.
2745 3552 2800 3597 et
2827 3545 2982 3597 timui
3012 3561 3026 3607 ;
3077 3543 3312 3608 cogitavi
3360 3561 3525 3611 opera

1945 3636 2084 3706 ‘tua,
2122 3642 2174 3688 et
2217 3635 2408 3702 expavi
2450 3636 2516 3686 ".
2554 3655 2571 3684 ο
2629 3635 2722 3690 His
2771 3643 2826 3689 et
2869 3631 2992 3686 aliis
3037 3631 3220 3686 verbis
3263 3631 3537 3686 similibus

1961 3724 2150 3778 multis
2177 3739 2298 3777 eum
2326 3725 2530 3790 gratias
2552 3727 2773 3792 egisset,
2804 3736 2859 3777 et
2890 3724 2942 3775 in
2975 3733 3166 3776 sancto
3204 3723 3538 3778 monasterii

1960 3828 2126 3882 supra
2176 3811 2439 3866 thronum
2487 3807 2758 3870 residens,
2784 3805 3032 3859 divinum
3062 3801 3394 3857 sacriﬁcium
3430 3800 3530 3854 ob-

1961 3902 2179 3957 tulisset
2211 3900 2352 3968 (dies
2377 3898 2526 3953 enim
2550 3895 2836 3950 Dominica
2869 3903 2992 3948 erat
3023 3902 3149 3962 post
3172 3907 3333 3960 quam
3366 3890 3533 3944 etiam

1961 3992 2255 4048 salutifera:
2299 3989 2481 4044 crucis
2508 3986 2829 4043 memoriam
2865 3984 2976 4054 (56)
3008 3981 3350 4052 Septembris
3380 3995 3535 4033 men-

1961 4087 2039 4143 sis
2055 4086 2143 4140 die
2165 4083 2379 4138 decima
2399 4091 2596 4152 quarta
2613 4078 2901 4148 splendide
2944 4073 3389 4140 celebravimus),
3413 4086 3532 4124 m0-

1963 4175 2208 4232 nasterio
2243 4183 2298 4228 et
2328 4171 2589 4227 omnibus
2623 4170 2679 4223 in
2719 4183 2786 4223 eo
2823 4166 3200 4222 habitantibus
3228 4161 3534 4224 benedixit,

1965 4270 2347 4336 universaeque
2391 4263 2635 4327 civitati;
2667 4270 2722 4316 et
2758 4275 2954 4314 omnes
2977 4259 3087 4312 Deo
3117 4252 3534 4314 commendans,

1965 4364 2074 4417 iter
2122 4361 2388 4429 suscepit,
2419 4356 2842 4424 archiepisc0po
2891 4351 2960 4406 ad
3002 4365 3174 4419 usque
3221 4347 3424 4417 regiam
3453 4345 3535 4400 ci-

1964 4453 2192 4507 vitatem
2242 4450 2560 4504 comitante.

277 4553 664 4624 παραθέμενος
705 4553 911 4613 πάντας
949 4548 1085 4620 όμοῦ
1143 4548 1222 4618 τῷ
1267 4547 1407 4617 Θεῷ,
1442 4545 1724 4618 ἀπήρξατο
1752 4547 1850 4617 τῆς
1886 4545 2040 4599 ὁδοῦο
2106 4543 2388 4596 συνείπετο
2446 4540 2503 4593 δὲ
2533 4539 2682 4610 αὐτῷ
2717 4541 2808 4591 καὶ
2839 4537 2867 4587 6
2894 4536 2992 4605 τῆς
3023 4535 3190 4602 αὐτῆς
3213 4531 3417 4593 πόλεως
3439 4529 3538 4598 ἀρ-

278 4647 642 4720 χιεπίσκοπος
675 4645 837 4716 μέχρι
865 4644 964 4710 τῆς
989 4641 1402 4712 βασιλευούσης.

354 4741 456 4795 οα’.
491 4742 597 4792 Καὶ
707 4714 834 4792 ἰδεῖν
867 4737 1034 4801 ὅντως
1082 4737 1233 4802 ξένον
1264 4733 1443 4804 θέαμα
1497 4733 1592 4786 καὶ
1649 4731 1854 4802 πρέπον

2031 4727 2118 4779 7|.
2162 4725 2362 4779 Videre
2395 4731 2524 4777 tunc
2545 4721 2700 4776 licuit
2724 4735 2925 4774 novum
2962 4717 3124 4787 plane
3163 4714 3538 4783 spectaculum

278 4835 350 4902 τῇ
382 4833 504 4903 θείᾳ
526 4832 710 4904 ἐκείνῃ
743 4830 910 4900 ψυχῇ,
944 4828 1260 4898 μεμιγμένα
1287 4825 1355 4878 τὰ
1385 4825 1625 4888 ἐναντία,
1679 4823 1857 4893 λύπην

279 4926 381 4979 καὶ
400 4926 598 4994 χαρὰν,
624 4922 834 4992 δάκρυα
860 4921 954 4973 καὶ
976 4917 1338 4990 εὐφροσύνην,
1369 4916 1478 4970 τῶν
1507 4918 1604 4988 μὲν
1628 4915 1721 4968 τὸν
1762 4914 1858 4968 ἀπ’

278 5013 452 5070 αὐτοῦ
482 5013 791 5085 σωματικὸν
826 5012 1105 5082 χωρισμὸν
1131 5010 1490 5079 ὀδυρομένων,
1542 5008 1650 5060 τῶν
1681 5007 1738 5060 δέ
1761 5006 1860 5077 τὴν

277 5103 545 5161 ἐπάνοδον
603 5102 1006 5174 ἑορταζόντων·
1045 5101 1096 5154 οἱ
1153 5099 1436 5168 ἑκατέρων
1485 5097 1546 5151 δὲ
1588 5096 1861 5168 ὀφθαλμοὶ

1965 4826 2021 4873 et
2052 4817 2236 4871 divina
2295 4816 2442 4870 illius
2474 4816 2654 4869 anima
2684 4812 2946 4883 dignum;
3003 4809 3162 4862 mista
3205 4805 3418 4860 scilicet
3450 4805 3537 4858 in-

1967 4918 2051 4962 ter
2092 4925 2149 4964 se
2180 4907 2482 4970 contraria,
2525 4906 2770 4959 dolorem
2817 4914 2872 4958 et
2915 4901 3198 4973 gaudium,
3249 4901 3460 4953 luctum
3484 4905 3540 4951 et

1965 5001 2232 5056 laetitiam.
2280 5000 2416 5055 Cum
2463 5000 2612 5052 enim
2658 4998 2748 5052 alii
2799 4997 3023 5068 quidem
3075 4995 3145 5048 ob
3179 4996 3298 5064 ejus
3327 4993 3540 5048 disces-

1966 5110 2089 5150 sum
2143 5093 2416 5155 dolerent,
2465 5091 2557 5144 alii
2627 5099 2856 5160 propter
2905 5088 3080 5158 ipsius
3129 5084 3538 5141 revocationem

363 5274 409 5304 ⁷⁸
441 5271 586 5328 Psal.
619 5287 809 5337 χχιιι,
846 5271 944 5340 iO;
979 5285 1216 5329 cxxxvin
1251 5268 1385 5334 5-6;
1417 5265 1462 5320 ll
1492 5266 1618 5321 Cor.
1650 5262 1804 5329 11,16
1831 5277 1850 5329 ς
1881 5259 2044 5316 Rom.
2079 5275 2153 5328 ix,
2187 5257 2283 5325 20;
2325 5259 2528 5316 llabac.
2560 5275 2642 5324 ιιι,
2671 5260 2728 5314 2.

360 5464 475 5533 (54)
508 5462 624 5517 lmo
675 5459 924 5516 Justinus
949 5457 1294 5533 _imperat0r,
1339 5461 1397 5508 et
1429 5450 1687 5507 Tiberius
1729 5459 1862 5505 tunc

284 5527 470 5594 solum
493 5533 694 5590 Camer.
735 5540 922 5601 postea
949 5527 1267 5602 imperator.
1442 5593 1475 5602 __
1529 5593 1540 5602 _
1745 5599 1753 5602 _
1830 5590 1862 5602 η

363 5605 476 5676 (55)
509 5593 840 5676 Σκρίϐωὗας,
891 5597 1185 5676 praeiectos
1238 5593 1492 5676 satellitii'
1527 5593 1866 5676 imperatorii

219 5724 237 5742 ,
281 5662 484 5734 Latine
511 5662 618 5727 dici
648 5662 842 5726 auct0r
869 5662 956 5722 e'st
1010 5665 1233 5742 suidas,
1257 5673 1320 5742 et
1344 5662 1855 5742 conﬁrmanttlaca

288 5731 514 5803 allataa
565 5743 836 5805 Meursio;
889 5746 944 5792 et
969 5737 1062 5806 qui
1115 5735 1205 5789 hic
1256 5734 1390 5806 ipsis
1434 5734 1597 5806 datur
1637 5731 1858 5806 __titulus

289 5802 702 5889 generosissimi.
751 5802 920 5865 linus
969 5802 1134 5862 vertit
1188 5805 1387 5859 scribas
1425 5821 1442 5860 :
1490 5803 1584 5859 sed
1619 5802 1868 5860 diversus

1961 5457 2081 5503 erat
2127 5447 2350 5516 σκρίϐα,
2407 5446 2550 5502 idem
2586 5448 2797 5502 scilicet
2851 5447 2945 5516 qui
2981 5448 3257 5514 γραφεὺς,
3292 5445 3536 5516 scriptor.

2036 5519 2146 5586 (56)
2181 5515 2278 5574 Est
2315 5518 2518 5573 Graecis
2558 5518 2738 5572 adhuc
2783 5515 2983 5572 festum
3012 5515 3372 5571 Exaltationis
3401 5529 3535 5586 san-

1967 5583 2068 5644 cta:
2098 5583 2284 5643 crucis
2313 5603 2343 5642 a
2366 5587 2725 5642 Constantino
2765 5589 2956 5656 Magno
2983 5586 3158 5652 facte,
3199 5597 3256 5640 et
3303 5583 3526 5656 incide-

1965 5668 2050 5713 rat
2105 5659 2158 5712 in
2213 5659 2403 5713 feriam
2461 5659 2713 5713 tertiam:
2774 5655 3022 5725 adeoque
3076 5657 3194 5710 dies
3247 5655 3530 5725 Dominica

1970 5729 2305 5800 priet-edens,
2328 5745 2450 5800 qua:
2481 5728 2568 5783 hic
2588 5724 3056 5800 commemo_ra_tur
3077 5770 3091 5793 ,
3132 5729 3312 5781 fuerat
3347 5724 3435 5780 die
3470 5724 3537 5777 l2

1973 5796 2550 5869 Septembris—littera
2585 5797 2909 5854 Dominicali
2942 5796 3004 5850 C.
