4080 6528
622 425 767 494 2355

1681 443 1742 501 S.
1785 443 2149 505 EUTYCIIII
2187 447 2688 508 PATRIARCHAE
2726 449 2833 510 ΕΡ.

3730 454 3856 522 23ξῶ

620 541 960 609 laetarentur,
1000 543 1249 601 diversas
1295 563 1490 603 eorum
1540 551 1682 605 oculi
1725 553 2084 610 effundebant
2110 557 2180 610 la-

2291 557 2546 626 διὰφορον
2624 558 2861 629 δάκρυον
2924 558 3250 631 προέφερον,
3307 560 3373 615 τὸ
3471 561 3572 631 μὲν
3610 569 3852 637 Αυπηρὸνι

618 647 857 704 crymas,
905 635 1105 705 partim
1148 639 1422 702 mmroris,
1475 642 1676 710 partim
1729 645 1914 714 gaudii
1969 647 2194 717 plenas;

616 721 733 778 imo
777 739 908 778 vero
961 724 1033 779 ob
1075 726 1304 781 nimiam
1331 731 1753 788 exsultationem
1793 735 1899 789 illae
1936 737 2196 793 omnibus

617 817 1000 885 erumpebant.
1026 817 1304 890 Lacrymaa
1353 837 1610 892 namque,
1643 832 1703 878 ut
1747 826 1929 882 sciunt
1979 843 2192 894 omnes,

614 908 781 962 etiam
821 925 889 961 ex
934 909 1140 980 ingenti
1191 912 1536 981 praecedente
1586 916 1788 986 gaudio
1841 919 2195 988 oboriuntur,»

614 1015 740 1069 qua:
781 1015 878 1054 cor
913 1017 1024 1054 non
1084 1003 1352 1074 aﬁligunt,
1403 1007 1449 1060 si
1481 1021 1594 1061 non
1632 1009 1934 1078 procedant
1961 1027 2028 1066 ex
2055 1028 2190 1068 con-

617 1090 859 1146 torsione
905 1092 1181 1148 viscerum
1215 1106 1272 1151 et
1298 1097 1466 1151 animi
1497 1098 1684 1154 labore
1705 1139 1720 1154 .
1746 1097 1849 1154 Ubi
1887 1101 2034 1157 enim
2058 1118 2190 1173 pec-

615 1189 798 1235 eatum
829 1198 941 1237 non
984 1187 1281 1243 antecessit
1329 1199 1522 1244 contra
1556 1190 1610 1244 id
1649 1191 1798 1262 quod
1832 1193 2054 1259 licebat,
2084 1209 2188 1250 nec

614 1272 836 1328 dolores
889 1285 1324 1345 consequuntur.
1373 1281 1701 1338 Peccaverat
1747 1285 2008 1356 princeps
2053 1302 2186 1358 apo-

613 1364 904 1430 stolorum,
951 1366 1077 1422 ideo
1125 1383 1309 1425 amare
1355 1370 1573 1429 ﬂevisse
1643 1375 1872 1432 dicitur.
1927 1378 2086 1445 Quod
2138 1380 2184 1435 si

613 1455 798 1511 desint
820 1468 1067 1526 peccata,
1096 1459 1331 1518 ﬂuentes
1353 1463 1624 1536 lacrymm,
1649 1483 1758 1523 non
1797 1479 1905 1524 tam
1933 1471 2184 1544 lacrymae

611 1561 777 1615 quam
839 1549 1043 1605 laetitia:
1102 1553 1265 1607 rivuli
1327 1557 1665 1626 appellandae
1721 1570 1870 1617 sunt.
1922 1563 2184 1620 Videmus

613 1646 905 1708 utrumque
956 1641 1074 1697 ﬁeri
1132 1644 1187 1699 in
1227 1646 1375 1714 vite;
1409 1665 1532 1716 quae
1573 1667 1698 1706 cum
1739 1664 1964 1723 putatur
1989 1665 2044 1710 et
2072 1657 2182 1712 cir-

609 1731 968 1794 cumfoditur.
1005 1736 1341 1806 laerymatur
1393 1749 1454 1795 ut
1485 1741 1712 1810 dolens;
1748 1760 1780 1801 e
1818 1757 2008 1802 contra
2049 1764 2182 1805 vero

609 1834 736 1874 cum
762 1823 1006 1881 luxuriat
1027 1836 1083 1882 et
1117 1845 1364 1886 racemos
1391 1833 1634 1903 undique
1655 1836 1963 1905 pendentes
1990 1839 2177 1899 habet.

2293 647 2357 700 τὸ
2393 648 2450 700 δὲ
2489 650 2797 719 χαροποιδν,
2839 651 2872 720 ἢ
2926 652 3124 721 μᾶλλον
3175 651 3236 717 ἐξ
3286 653 3558 723 ἑκατέρου
3603 657 3853 726 ὄμματος,

2293 739 2365 792 δι’
2399 741 2842 812 ὑπερϐάλλουσαν
2871 744 3214 812 ἀγαλλίασιν,
3243 747 3510 817 κατέρρει
3552 748 3728 802 τοῦτο.
3762 751 3853 803 Κι-

2294 832 2507 887 νοῦνται
2529 835 2657 905 γὰρ,
2685 836 2760 898 ὡς
2804 835 3044 906 οἴδαμεν,
3083 837 3293 908 δάκρυα
3319 839 3419 892 καὶ
3466 841 3642 908 χαρᾶς
3663 840 3853 908 ἀφάτου

2293 927 2733 996 προηγουμένης,
2768 927 2910 998 ἆπερ
2938 929 3059 982 οὐδὲ
3109 929 3453 1000 περιθλίὸειν
3485 931 3589 1002 τὴν
3639 933 3854 1002 καρδίαν

2289 1013 2448 1082 οἶδεν,
2503 1019 2552 1071 εί
2607 1019 2682 1088 μὴ
2733 1020 2797 1072 ἐκ
2854 1020 3058 1083 πάθους
3085 1022 3194 1074 τῶν
3222 1021 3554 1091 σπλάγχνων
3575 1023 3669 1075 καὶ
3704 1027 3851 1077 πόνου

2286 1108 2462 1178 ψυχῆς
2489 1110 2900 1180 ἀναπέμπεται.
2930 1111 3104 1164 Ὅπου
3135 1112 3239 1184 γὰρ
3267 1112 3522 1182 ἁμαρτία
3551 1113 3628 1182 μὴ
3668 1131 3848 1183 προτε-

2289 1199 2438 1268 ρεύει
2471 1201 2611 1254 κατὰ
2634 1200 2695 1254 τὸ
2723 1201 3092 1272 ἐνδεχόμενον,
3140 1203 3260 1256 οὐδὲ
3281 1202 3470 1256 ὀδύναι
3527 1205 3848 1274 παρέπονται

2286 1292 2430 1364 (ὅθεν
2479 1295 2625 1346 καὶὸ
2657 1296 2952 1364 κορυφαῖος
2998 1293 3108 1347 τῶν
3158 1293 3482 1348 ἀποστόλων
3517 1296 3844 1366 ἁμαρτήσας,

2283 1385 2501 1453 λέγεται
2533 1384 2766 1439 κλαῦσαι
2821 1384 3054 1455 πικρῶς)
3075 1404 3087 1417 ·
3117 1385 3320 1439 τούτων
3349 1387 3408 1439 δὲ
3449 1387 3526 1457 μὴ
3555 1386 3745 1450 οὐσῶν,
3791 1390 3846 1442 τὸ

2283 1476 2636 1548 ὲξερχόμενον
2677 1477 2913 1548 δάκρυον
2945 1477 3044 1530 οὐκ
3088 1477 3154 1531 ἄν
3189 1495 3272 1542 τις
3305 1477 3557 1546 εὐλόγως
3603 1479 3843 1550 δάκρυον,

2283 1567 2399 1622 ἀλλ’
2437 1568 2776 1638 εὐφροσύνης
2807 1568 3298 1640 προσαγορεύσειεν
3327 1569 3552 1641 βότρυν.
3576 1568 3730 1623 Οὕτω
3750 1574 3848 1640 γὰρ

2284 1661 2378 1714 καὶ
2407 1661 2500 1714 ἐπὶ
2527 1665 2626 1730 τῆς
2650 1659 2894 1731 ἀμπέλου
2953 1661 3245 1730 γενόμενον
3293 1661 3651 1731 εὑρίσκομεν,
3693 1662 3768 1715 ὅτ’
3789 1663 3848 1717 ἂν

2281 1749 2544 1820 τέμνηται
2599 1751 2692 1803 καὶ
2725 1749 3217 1821 περικαθαίρηται,
3261 1751 3388 1804 τότε
3454 1751 3551 1805 καὶ
3599 1751 3843 1822 δακρύει·

2282 1839 2470 1910 ὥσπερ
2491 1841 2584 1894 καὶ
2629 1841 2690 1894 τὸ
2723 1840 2979 1910 ἔμπαλιν,
3026 1841 3154 1896 ὅταν
3205 1842 3428 1913 κομάζῃ
3490 1841 3585 1894 καὶ
3630 1841 3846 1912 τοὺς

608 1911 813 1968 laatitiaa
849 1926 1014 1986 atque
1066 1919 1362 1978 hilaritatis
1409 1924 1677 1996 lacrymas
1717 1928 1942 1984 exhibet
1983 1930 2053 1986 iis
2086 1931 2180 2001 qui

2281 1949 2451 2003 τρυας
2481 1931 2580 2002 ἔχῃ
2609 1932 3140 2001 περικρεμαμένους,
3192 1911 3540 2001 εὐφροσύνην
3577 1911 3843 2001 χαρίζεται

607 2017 729 2056 eam
772 2005 1089 2064 inciderint.
1115 2009 1231 2066 lloe
1259 2013 1428 2083 igitur
1451 2015 1616 2070 modo
1648 2017 1743 2073 Dei
1777 2035 1969 2075 servus
2000 2038 2180 2079 omnes

2279 2026 2392 2086 τοῖς
2428 2024 2634 2095 ταύτην
2657 2022 3066 2094 ἐργαζομένοις.
3099 2023 3287 2086 Οὕτως
3315 2019 3412 2076 οῦν
3434 2023 3530 2076 καὶ
3555 2026 3583 2077 ὁ
3605 2024 3698 2078 τοῦ
3720 2023 3841 2076 Θεοῦ

609 2095 851 2152 civitatis
873 2099 1082 2156 incolas
1101 2104 1287 2159 laetitia
1309 2107 1579 2165 alliciebat
1599 2119 1656 2165 et
1680 2112 1910 2182 gaudio;
1945 2129 2180 2186 cumque

2280 2115 2540 2186 θεράπων
2593 2115 2802 2178 πάντας
2853 2113 3148 2184 εὐφράνας,
3213 2114 3431 2178 πάντας
3486 2116 3838 2187 χαροποιήσας

610 2183 734 2240 illos
779 2189 1012 2245 Domino
1062 2194 1527 2268 commendasset,
1570 2201 1663 2257 vix
1712 2203 1933 2260 tandem
1989 2205 2058 2261 ab
2110 2207 2180 2264 iis

2279 2205 2404 2267 τοὺς
2433 2205 2775 2267 ἐνοικοῦντας
2803 2203 2901 2274 τὴν
2938 2203 3112 2266 πόλιν,
3143 2205 3526 2276 παραθέμενος
3556 2205 3749 2267 αὐτοὺς
3772 2203 3841 2269 τῷ

608 2276 796 2336 divelli
828 2282 1010 2352 potuit
1041 2299 1107 2341 ac
1140 2288 1433 2357 proﬁcisci.
2043 2317 2048 2322 '

2279 2296 2491 2367 Κυρίῳ,
2534 2296 2686 2366 μόλις
2720 2295 2851 2348 ποτὲ
2875 2295 3252 2360 ἀποσπασθεὶς
3279 2298 3377 2352 ἀπ’
3403 2296 3584 2351 αὐτῶν
3613 2299 3710 2364 τὴν
3753 2295 3834 2349 τοῦ

2279 2387 2466 2458 πρόσω
2503 2389 2727 2460 πορείαν
2754 2388 3005 2442 ἐποιεῖτο.

2036 2595 2261 2654 CAPUT
2301 2598 2434 2654 Vlll.

983 2693 1268 2766 Regressus
1298 2698 1813 2774 Constantinopolim
1845 2707 1917 2760 ad
1942 2710 2364 2778 patriarchalum
2392 2729 2410 2767 :
2444 2711 2715 2782 prwclarae
2745 2710 2977 2783 corporis
3006 2717 3056 2764 et
3095 2709 3264 2765 animi
3289 2710 3462 2764 dotes.

677 2804 763 2857 τε.
801 2804 934 2869 Quis
975 2821 1038 2858 ea
1068 2822 1190 2875 quae
1228 2816 1359 2864 tunc
1398 2811 1744 2869 admirabilia
1799 2817 2172 2888 contigerunt,

2349 2821 2448 2890 οβ’.
2478 2819 2574 2883 Τίς
2603 2819 2712 2890 ἄρα
2757 2818 3077 2890 διηγήσεται
3105 2815 3271 2881 ἀξίως
3299 2814 3372 2868 τὰ.
3409 2829 3698 2884 σύμπαντα
3743 2826 3830 2878 τη-

603 2893 785 2948 valeat
831 2895 1105 2963 explicare
1157 2913 1258 2966 pro
1293 2899 1601 2969 dignitate?
1649 2922 1772 2976 qua:
1818 2908 2001 2980 lingua
2025 2911 2173 2966 suﬁi-

2279 2910 2514 2966 νικαῦτα
2565 2910 2886 2982 θαυμάσια;
2940 2908 3072 2962 ποία
3118 2905 3342 2974 γλῶσσα.
3395 2904 3683 2974 δυνήσεται
3710 2916 3828 2970 πρε-

603 2984 712 3038 ciat
767 3000 1027 3041 enarrare
1079 2990 1331 3046 assiduos
1384 2995 1677 3066 variosque
1720 3014 2008 3066 occursus,
2033 3005 2171 3061 alios

2279 3004 2484 3067 πόντως
2519 3002 2798 3075 ἱστορῆσαι
2821 3002 2918 3066 τὰς
2941 3000 3183 3069 συνεχεῖς
3217 2997 3313 3052 καὶ
3339 2995 3630 3067 διαφόρους
3674 2993 3827 3045 ὑπαν-

603 3072 674 3126 ab
703 3074 827 3129 aliis
873 3077 1165 3146 splendore
1191 3081 1591 3154 discrepantes,
1640 3091 2169 3165 acclamationesque

603 3166 810 3190 l'..------
868 3170 1010 3190 -..-..ε
1039 3188 1048 3190 _
1076 3189 1102 3190 η
1489 3179 1500 3190 .
1835 3185 1870 3190 --
2007 3187 2018 3190 -

2279 3097 2481 3170 τήσεις,
2518 3072 2710 3168 ἐτέρας
2741 3095 2946 3164 ἑτέρων
2973 3091 3335 3164 διαφερούσας
3369 3089 3720 3190 φαιδρότηξι,
3739 3084 3824 3190 τὰς

603 3166 812 3222 faustas
863 3170 1132 3237 omnium,
1188 3190 1294 3228 una
1338 3192 1405 3232 ac
1454 3179 1600 3234 clara
1647 3198 1782 3238 voce
1816 3185 2117 3242 dicentium
2155 3207 2169 3244 :

2279 3166 2431 3253 ξένας
2459 3166 2742 3257 ὲκὸοῆσεις
2786 3186 2882 3242 καὶ
2934 3183 3245 3255 εὐφημίας;
3279 3181 3590 3252 συμφώνως
3620 3177 3678 3230 δὲ
3709 3175 3826 3228 πάν·

611 3277 630 3308 ι
661 3257 992 3316 Benedictus
1045 3264 1140 3332 qui
1192 3267 1342 3322 venit
1387 3268 1442 3322 in
1483 3273 1706 3328 nomine
1762 3275 1978 3332 Domini
2016 3280 2095 3346 ⁷³;
2145 3299 2165 3334 ι

763 3370 767 3371 ί
807 3351 895 3371 ,,._
941 3354 951 3364 .
1027 3355 1038 3366 .
1255 3359 1267 3371 .
1304 3359 1316 3370 .
1381 3361 1417 3371 λ
1643 3365 1654 3371 -

2279 3295 2383 3332 των
2462 3275 2799 3349 κραζόντων,
2832 3293 2853 3328 ι
2914 3271 3292 3342 Εὐλογημένος
3437 3267 3726 3371 ἐρχόμενος
3775 3265 3827 3371 ὲν

602 3359 703 3405 et:
751 3370 769 3403 ι
805 3351 987 3408 Gloria
1025 3355 1080 3409 in
1117 3359 1350 3415 excelsis
1380 3361 1513 3426 Deo,
1538 3372 1596 3419 et
1641 3365 1696 3420 in
1733 3375 1880 3424 terra
1916 3387 2020 3440 pax
2041 3373 2108 3426 ⁷⁸.
2145 3392 2165 3425 ι

2279 3371 2493 3441 ὗνόματι
2525 3369 2730 3441 Κυρίου
2757 3384 2771 3399 ο
2808 3387 2828 3420 ι
2860 3368 2972 3430 καὶ,
3005 3387 3025 3420 ι
3046 3367 3183 3433 Δόξα
3214 3367 3272 3418 ἐν
3311 3364 3560 3435 ὑψίστοις
3583 3358 3719 3430 Θεῷ,
3743 3357 3825 3411 καί

605 3443 868 3502 Seiebant
902 3456 1175 3518 quotquot
1220 3451 1298 3506 ita
1350 3454 1663 3512 clamabant
1703 3458 1916 3515 dictum
1965 3479 2086 3518 esse
2139 3481 2171 3520 a

2279 3463 2368 3517 ἐπὶ
2398 3464 2502 3533 γῆς
2526 3463 2739 3534 είρήνη.
2778 3479 2798 3512 ι
2845 3460 3174 3527 Ἐγίνωσκον
3206 3456 3316 3528 γὰρ
3335 3458 3387 3510 οἱ
3411 3455 3582 3510 ταῦτα
3597 3452 3822 3518 λέγοντες

605 3532 840 3590 Domino
877 3555 892 3590 :
938 3557 954 3588 ι
987 3538 1090 3604 Qui
1140 3556 1239 3596 vos
1288 3543 1509 3613 recipit,
1543 3562 1630 3601 me
1682 3550 1925 3619 recipit:
1977 3561 2034 3608 et
2077 3555 2172 3624 qui

603 3627 802 3697 recipit
848 3629 1057 3700 justum
1110 3630 1164 3684 in
1215 3634 1438 3689 nomine
1479 3637 1637 3707 justi,
1691 3644 2000 3699 mercedem
2038 3647 2171 3718 justi

603 3720 839 3790 accipiet
867 3723 934 3776 ⁷³.
968 3743 986 3775 ι
1017 3723 1337 3780 Aﬁ‘erebant
1355 3735 1540 3784 autem
1564 3729 1811 3789 inﬁrmos
1833 3736 1984 3806 juxta
2006 3738 2171 3805 viam,

604 3823 665 3865 ut
709 3813 794 3868 vel
832 3814 1024 3869 umbra
1057 3815 1161 3870 viri
1206 3817 1366 3874 fortis
1413 3835 1510 3875 eos
1537 3823 1860 3894 attingeret;
1896 3837 1952 3882 et
1986 3829 2041 3883 hi
2073 3847 2174 3900 pro

603 3903 816 3958 ratione
851 3905 974 3960 ﬁdei
1020 3922 1133 3961 sua;
1159 3908 1421 3964 auxilium
1445 3913 1788 3984 accipiebant
1815 3933 1846 3971 a
1879 3919 2009 3974 Deo.
2037 3921 2173 3976 Nam

601 4011 726 4048 eum
813 3996 882 4050 ab
931 3997 1216 4054 Euchaitis
1265 4001 1378 4071 (57)
1439 4002 1751 4062 discederet
1803 4009 1889 4063 vir
1929 4023 2172 4080 sanctus,

602 4086 803 4141 mulier
849 4089 1097 4157 quaidam
1131 4107 1256 4145 cum
1305 4093 1419 4149 ﬁlio
1449 4107 1748 4167 :egrolante
1796 4104 2171 4172 progrediens,

603 4179 834 4248 impulsa
878 4189 962 4234 est
984 4197 1014 4235 a
1037 4184 1390 4242 multitudine
1423 4198 1480 4242 ct
1507 4191 1705 4247 cecidit
1734 4193 1930 4253 subtus
1947 4197 2169 4265 jumen-

605 4275 680 4330 ιιι,
710 4267 783 4322 ita
840 4277 899 4322 ut
926 4269 994 4324 de
1031 4271 1202 4341 ipsius
1236 4276 1415 4346 deque
1460 4278 1556 4333 ﬁlii
1604 4281 1737 4346 vita,
1785 4291 2041 4353 tanquam
2060 4289 2173 4356 jam

603 4368 970 4427 mortuorum,
992 4379 1184 4421 omnes
1207 4366 1565 4437 desperarent
1589 4387 1602 4424 :
1625 4372 1743 4442 ipsa
1771 4382 1950 4430 tamen
1975 4381 2174 4434 mansit

601 4452 917 4517 incolumis,
951 4465 1008 4510 et
1047 4472 1080 4512 a
1131 4474 1306 4530 puero
1355 4461 1612 4518 discessit
1661 4465 1890 4523 morbus
1939 4487 2049 4540 quo
2095 4481 2174 4528 te-

599 4547 858 4604 nebatur.
908 4552 1088 4622 Atque
1144 4554 1218 4610 ita
1273 4566 1446 4612 totum
1496 4568 1748 4616 nostrum
1794 4562 1901 4619 iter
1941 4566 2174 4635 perfeci-

599 4657 740 4697 mus.

665 4821 755 4876 75.
794 4823 930 4891 Cum
982 4837 1168 4883 autem
1216 4828 1286 4883 ad
1333 4830 1837 4891 Nicomediensium
1889 4846 2168 4907 metropo-

597 4913 692 4966 lim
742 4918 1208 4984 pervenissemus,
1259 4923 1586 4980 videbamur
1631 4927 1791 4983 nobis
1839 4929 2055 4984 venisse
2112 4931 2196 4985 in‘

595 5005 765 5059 alium
817 5009 1118 5074 mundum,
1169 5023 1226 5068 et
1275 5023 1530 5084 tanquam
1588 5018 1658 5073 de
1701 5035 1895 5074 somno
1948 5023 2168 5077 excitati

596 5097 977 5168 cogitabamus
1007 5115 1195 5160 utrum
1227 5123 1354 5164 vera
1383 5122 1569 5165 essent
1603 5128 1724 5181 quae
1770 5113 2004 5180 fiebant;
2035 5115 2178 5171 sicut

669 5237 716 5268 ⁷³
740 5237 932 5297 Matth.
973 5260 1086 5310 χχι,
1118 5246 1172 5301 9.
1250 5249 1297 5280 ⁷⁸
1343 5249 1477 5306 Luc.
1520 5267 1581 5318 ιι,
1611 5253 1697 5306 14.
1777 5253 1821 5285 ⁷⁸
1846 5252 2038 5308 Matth.
2068 5270 2123 5320 κ,
2143 5253 2234 5309 40.

671 5377 999 5456 (ἱλΒόρδων
1049 5382 1236 5446 burdo,
1273 5387 1478 5447 mulus,
1527 5387 1768 5456 primum
1825 5389 2036 5446 Latinis
2081 5406 2172 5446 se-

599 5449 1174 5527 quiprjusreculottum
1206 5463 1260 5508 et
1284 5456 1489 5511 Graecis
1513 5449 1837 5527 usurpatum
1862 5477 1875 5513 :
1913 5461 2172 5515 dissimu-

597 5517 735 5601 lavit
756 5519 944 5586 Zinus,
965 5521 1094 5592 quia
1124 5524 1264 5601 forte
1288 5542 1400 5601 no_n_
1425 5528 1559 5581 satis
1583 5517 1942 5601 intelligebat.
1970 5531 2172 5586 Exem-

601 5590 689 5712 plla
719 5590 1012 5716 aucéorum
1042 5595 1330 5664 utriusque
1364 5596 1565 5666 lingua:
1607 5590 2084 5668 apudVMeursium
2113 5609 2168 5656 et

601 5673 628 5710 υ
652 5674 736 5713 nos
762 5677 814 5713 Vl
855 5677 908 5716 e.

597 5673 736 5713 31108
762 5673 908 5716 vme.

676 5798 792 5866 (57)
819 5799 1211 5877 Euchaitaﬂnn
1242 5803 1485 5877 civitas,”
1517 5805 1619 5877 sul)
1663 5809 1952 5877 metropoli
2002 5807 2166 5862 Ama—

597 5880 849 5938 seorum,
881 5871 1048 5927 etiam
1079 5872 1524 5944 Theodoropolis
1543 5876 1689 5932 dicta
1717 5887 1820 5946 est,
1843 5871 1912 5935 de
1934 5895 2041 5950 qua
2063 5881 2170 5936 late

2272 3556 2372 3627 τὴν
2411 3555 2503 3609 τοῦ
2539 3553 2744 3626 Κυρίου
2767 3552 2950 3623 φωνὴν
2978 3551 3078 3622 τὴν
3105 3549 3395 3618 λέγουσαν,
3429 3549 3512 3602 ὅτι
3542 3564 3563 3598 ι
3595 3546 3656 3596 '0
3691 3539 3824 3609 δεχό⁶

2278 3663 2438 3719 μενος
2460 3648 2605 3718 ὑμᾶς
2623 3647 2726 3717 ἐμὲ
2752 3646 2991 3716 δέχεται,
3029 3643 3174 3698 καὶὸ
3211 3643 3503 3713 δεχόμενος
3530 3638 3730 3693 δίκαιον
3753 3633 3822 3692 είς

2273 3739 2444 3810 ὄνομα
2501 3738 2709 3792 δικαίου
2767 3737 2958 3808 μισθὸν
2999 3734 3210 3789 δικαίου
3242 3735 3501 3804 λήψεται.
3541 3749 3561 3783 ι
3585 3727 3823 3798 Φέροντες

2236 3846 2238 3848 ·
2273 3831 2328 3884 δὲ
2374 3830 2467 3883 καὶ
2493 3827 2758 3894 ἀσθενεῖς,
2791 3827 3001 3880 ἐτίθουν
3030 3826 3182 3897 παρὰ
3224 3823 3327 3896 τὴν
3355 3825 3500 3885 ὁδὸν,
3541 3821 3610 3873 ἶν’
3644 3820 3676 3886 ἡ
3708 3814 3822 3867 σκιὰ

2273 3922 2366 3976 τοῦ
2396 3920 2697 3974 πολυάθλου
2723 3918 2915 3989 ἀνδρὸς
2945 3917 3240 3988 ὲπισκιάσῃ
3272 3917 3380 3971 τινὶ
3415 3912 3625 3977 αὐτῶν,
3653 3909 3700 3962 οἳ
3745 3922 3824 3958 κα·

2275 4015 2342 4068 τὰ
2363 4015 2464 4084 τὴν
2494 4014 2678 4066 πίστιν
2702 4012 2882 4066 αὐτῶν
2915 4011 3161 4082 ἠξιοῦντο
3187 4011 3286 4081 τῆς
3317 4007 3572 4080 βοηθείας
3603 3999 3821 4095 Κυρίουί

2275 4106 2467 4175 γέγονε
2493 4106 2602 4177 γὰρ
2633 4105 2730 4160 καὶ
2756 4104 2942 4174 θαῦμα
2973 4101 3296 4173 παράδοξον.
3342 4095 3721 4170 Ἐξερχομένου
3740 4104 3822 4140 του

2274 4199 2426 4253 ὁσίου
2463 4198 2574 4252 ἀπὸ
2638 4197 2941 4267 Εὐχαῖτῶν,
2974 4195 3114 4264 γυνή
3151 4210 3235 4256 τις
3267 4192 3409 4262 μετὰ
3439 4186 3650 4243 παιδίου
3680 4179 3821 4235 ἀσθε-

2273 4287 2401 4352 νοῦς
2417 4286 2811 4357 προσελθοῦσα,
2832 4283 3039 4354 ὠθίσθη
3068 4283 3174 4336 ὑπὸ
3195 4281 3289 4335 τοῦ
3316 4281 3503 4352 ὄχλου,
3528 4279 3620 4330 καὶ
3647 4275 3823 4326 ἔπεσεν

2275 4381 2536 4434 ὑποκάτω
2559 4380 2668 4434 τῶν
2700 4378 2763 4449 (i)
2792 4377 3077 4448 βορδόνων,
3110 4376 3206 4430 καὶ
3237 4375 3461 4428 πάντων
3495 4366 3822 4434 ἀπογνόντων

2273 4473 2348 4536 ὡς
2387 4472 2491 4543 ἤδη
2542 4469 2873 4541 τεθνηκυίας
2913 4469 3086 4538 αὐτῆς
3111 4467 3320 4520 καὶτοῦ
3352 4463 3587 4556 παιδίου,
3626 4457 3822 4556 ἔμεινεν

2273 4564 2537 4636 ἀϐλαϐὴς.
2568 4562 2858 4635 ἀπηλλάγη
2882 4561 2939 4616 δὲ
2970 4562 3062 4614 καὶ
3086 4559 3170 4632 [τὸ
3191 4556 3425 4630 παιδίον]
3457 4555 3557 4624 τῆς
3589 4555 3820 4615 συνεχού-

2280 4675 2379 4730 σης
2440 4657 2572 4710 αὐτὸ
2605 4656 2681 4725 (It)
2742 4655 2919 4710 νόσου.
2980 4653 3168 4716 Οὕτως
3222 4653 3320 4724 μὲν
3371 4647 3469 4705 οὖν
3515 4641 3821 4714 διηνύσαμεν

2204 4711 2248 4766 D
2284 4711 2467 4806 ﬁdem
2511 4711 2622 4817 'r'hv‘
2664 4711 2808 4802 δδὸν.

2345 4846 2446 4909 ογθ.
2463 4839 2771 4902 Φθάσαντες
2789 4838 2846 4891 δὲ
2869 4837 2967 4909 τὴν
2985 4837 3094 4890 τῶν
3115 4834 3470 4905 Νικομηδέων
3488 4821 3817 4902 μητρόπολιν,

2274 4933 2352 4997 ὡς
2369 4934 2448 4997 είς
2473 4932 2631 4986 ἄλλον
2649 4927 2792 5003 ἦμεν
2809 4931 3011 5000 κόσμον
3033 4930 3129 4983 καὶ
3141 4928 3269 4982 λαὸν
3285 4928 3495 4998 ἕτερον,
3508 4922 3639 4992 πρὸς
3659 4917 3714 4969 ὃν
3731 4912 3816 4982 ἤδη

2280 5023 2739 5096 παρεληλύθαμεν
2765 5039 2779 5053 ·
2806 5022 2920 5088 καὶ,
2952 5021 3020 5076 ἶν’
3048 5020 3221 5085 οὕτως
3241 5020 3401 5084 εῐπω,
3424 5018 3500 5080 ὼς
3553 5011 3626 5108 ἐξ-
3665 5006 3816 5108 ὖῖτῗίξυ

2286 5117 2677 5188 διεγερθέντες,
2707 5116 3029 5186 ἐπέγνωμεν
3081 5111 3176 5168 τοῦ
3228 5111 3548 5183 πράγματος
3580 5105 3674 5174 τὴν
3702 5095 3816 5161 dli.”

2355 5391 2431 5459 (ιε)
2464 5391 2638 5447 sensu
2669 5391 2754 5466 id_
2780 5391 3032 5466 exigente
3059 5387 3306 5466 ευρῐιπονί
3349 5397 3535 5466 vacem
3555 5373 3812 5466 .‘!"'2_'.'.‘_:.§f

2281 5445 2406 5516 loco
2416 5445 2622 5532 ἀύτήν,
2649 5445 2846 5530 scripsi
2866 5445 3026 5538 ξἀρτό
3047 5477 3076 5538 -_
3114 5445 3267 5538 alias.
3286 5445 3811 5538 corrige".d3,__fg',ssii

2279 5547 2406 5616 pars
2428 5518 2828 5616 prior,'et_loco
2855 5529 3113 5616 ἀσθενοῦς
3139 5518 3492 5583 scribendum
3515 5518 3748 5580 ἀσθενής,
3768 5519 3808 5556 5|

2278 5600 2396 5672 ipsa
2429 5600 2613 5656 'mater
2647 5602 2946 5656 advenerat
2975 5600 3211 5654 inﬁrma.

2276 5810 2488 5879 egimus
2520 5810 2549 5862 7
2578 5809 2884 5876 Februarii,
2920 5808 2989 5865 ad
3032 5808 3209 5866 Vitam
3265 5807 3318 5866 S,
3351 5794 3612 5862 Theodori
3648 5789 3804 5845 ducis.

2280 5880 2334 5937 in
2352 5897 2416 5935 ea
2444 5880 2582 5936 nati.
