4080 6548
286 390 449 455 ῗῖδῗ
1838 408 1882 465 ν
1891 409 2031 468 ΙΤΑ.
3412 406 3558 470 2358

289 509 461 602 (litati
492 520 508 533 ’
535 504 685 557 καὶὸ
735 506 958 576 φησινή
1013 506 1217 578 ιστορια
1273 509 1402 579 περὶ
1453 510 1546 563 τοῦ
1591 516 1889 582 κορυφαίου

2001 517 2059 569 de
2079 517 2449 586 apostolorum
2474 519 2721 587 principe
2750 530 2934 570 narrat
2957 516 3207 579 historia,
3232 516 3377 585 quod
3408 532 3558 585 post-

290 594 413 693 τῶν
445 594 792 658 ἀποστόλων,
846 597 927 648 ὅτι
972 597 1219 661 πατάξας
1275 600 1304 649 6
1336 600 1566 667 ἄγγελος
1607 602 1703 670 τὴν
1730 603 1891 655 πλευ-

2001 624 2154 668 quam
2183 609 2409 671 angelus
2431 609 2575 663 Petri
2604 610 2749 663 latus
2776 609 2974 679 tetigit,
3012 608 3256 675 dixitque
3281 609 3331 661 ei
3367 625 3379 660 :
3406 626 3423 657 ι
3452 608 3556 661 Ac-

290 681 403 750 ράν
426 681 530 734 τοῦ
567 685 800 754 Πέτρου,
834 681 987 739 εἶπεν
1006 689 1177 760 αὐτῷ,
1205 710 1223 741 ι
1254 690 1458 754 Ζῶσαι,
1497 694 1595 746 καὶ
1626 694 1891 763 ὑπόδησαι

2001 694 2205 764 :iugcre
2252 701 2308 746 et
2356 693 2536 746 calcea
2575 701 2625 744 te
2665 692 3031 759 caligastuas,
3075 699 3129 744 et
3174 703 3404 756 sequere
3452 703 3554 741 me.

286 773 363 827 τὰ
420 777 694 831 σανδάλιά
735 796 848 843 σου,
876 782 970 831 καὶ
998 780 1280 834 ἀκολούθει
1317 800 1429 852 μοι.
1478 784 1786 849 Διελθόντες
1833 788 1892 840 δὲ

2001 786 2357 840 l‘ranseuntes
2395 785 2625 854 primam
2671 792 2727 837 et
2765 783 3057 838 secundam
3098 781 3425 845 custodiam,
3470 795 3561 834 ve-

300 866 447 933 μίαν
485 869 586 921 καὶ
617 868 883 939 δευτέραν
914 870 1116 940 ῥύμην,
1151 868 1314 941 ἦλθον
1343 874 1436 925 ἐπὶ
1470 876 1568 944 τὴν
1594 876 1768 942 πύλην
1795 877 1893 947 τὴν

2001 887 2185 931 ierunt
2213 876 2279 931 ad
2315 885 2525 946 portam
2550 875 2803 939 ferream,
2822 891 2941 944 qua:
2959 874 3102 927 ultro
3133 882 3317 940 aperta
3343 871 3558 935 esteis;

1984 970 2181 1025 Petrus
2231 983 2411 1025 autem
2458 969 2811 1024 existimabat
2846 983 2906 1023 se
2955 966 3132 1020 visum
3180 965 3364 1020 videre
3407 966 3475 1020 ".
3535 981 3555 1015 ι

2001 1063 2094 1118 Sic
2141 1071 2198 1116 et
2239 1078 2435 1133 magno
2475 1062 2745 1133 Eutycbio
2789 1060 3038 1130 contigit.
3072 1060 3141 1113 Et
3185 1058 3557 1112 Nicomediam

2000 1155 2384 1225 pervenientes
2416 1170 2544 1209 vere
2571 1153 2945 1224 cognovimus,
3003 1152 3132 1220 quia
3180 1150 3330 1203 misit
3373 1148 3563 1206 Domi-

2001 1261 2108 1299 nus
2147 1245 2399 1316 angelum
2444 1260 2628 1305 suum,
2691 1252 2747 1298 et
2793 1243 2939 1297 Petri
2982 1242 3311 1295 imitatorem
3359 1238 3564 1307 eripuit

1999 1338 2068 1392 de
2100 1353 2262 1390 manu
2285 1337 2529 1391 omnium
2555 1337 2647 1406 qui
2683 1336 2733 1390 ei
2766 1334 2995 1389 insidias
3016 1342 3347 1388 struxerant.
3373 1331 3564 1399 Neque

1999 1428 2147 1481 enim
2182 1428 2445 1481 duntaxat
2485 1425 2660 1481 ﬁdelis
2708 1436 2765 1481 et
2806 1424 3154 1480 Christianus
3185 1422 3439 1493 populus,
3474 1435 3563 1476 re-

1999 1519 2119 1589 gale
2152 1518 2542 1580 sacerdotium,
2582 1532 2713 1587 gens
2738 1526 2946 1579 sancta,
2981 1514 3180 1568 edebat
3216 1510 3563 1567 acclamatio.

2001 1627 2099 1664 nes
2127 1625 2396 1679 congruas
2413 1618 2469 1663 et
2491 1610 2693 1679 gratias
2714 1608 2908 1678 agebat
2934 1608 3074 1661 Deo:
3101 1606 3194 1661 sed
3218 1603 3563 1658 incredulum

2008 1703 2177 1756 etiam
2199 1711 2255 1755 et
2275 1717 2305 1756 a
2325 1718 2487 1771 grege
2515 1710 2707 1755 nostro
2729 1701 2967 1754 alienum
2993 1698 3189 1767 vulgus
3208 1696 3562 1750 Hebraeorum

2000 1792 2397 1861 prepemodum
2420 1806 2623 1861 pueros
2652 1792 2775 1844 illos
2795 1791 3035 1851 imitans,
3071 1786 3375 1841 clamabat:
3419 1806 3434 1834 ι
3462 1786 3564 1839 Be-

300 959 571 1028 σιδηρᾶν,
606 959 731 1029 ἥτις
762 962 1085 1031 αὐτομάτως
1110 964 1332 1033 ἠνοίχθη
1367 967 1551 1029 αὐτοῖς
1571 984 1586 997 ο
1611 968 1816 1021 τούτων
1834 969 1890 1022 δὲ

299 1048 645 1117 γενομένων,
669 1050 839 1103 ἐδόκει
858 1053 886 1103 6
902 1053 1296 1123 Πέτροςδραμα
1314 1056 1817 1123 βλέπεινδτοιοῦτό
1841 1077 1892 1113 τι

304 1138 533 1202 γέγονεν
558 1139 655 1190 καὶ
687 1140 778 1191 ἐπὶ
802 1140 877 1208 τῷ
907 1141 1124 1211 μεγάλῳ
1146 1144 1390 1214 Εὑτυχίῳ
1448 1146 1636 1198 Ἡνίκα
1662 1149 1767 1217 γὰρ
1796 1150 1893 1216 ἐφ-

303 1228 561 1297 θάσαμεν
593 1231 694 1295 τὴν
716 1232 1104 1301 Νικομήδειαν,
1133 1234 1377 1304 ἔγνωμεν
1399 1238 1611 1307 ἀληθῶς
1628 1241 1705 1293 ὅτι
1727 1242 1895 1306 ἐξαπο

300 1320 555 1371 ἔστειλεν
581 1323 612 1373 ὁ
642 1321 776 1385 Θεὸς
828 1324 917 1374 τὸν
947 1325 1177 1391 ἄγγελον
1212 1327 1396 1391 αὑτοῦ,
1429 1329 1524 1381 καὶ
1551 1330 1784 1394 ἐξείλετο
1806 1334 1895 1386 τὸν

298 1408 563 1478 ζηλωτὴν
602 1410 813 1477 Πέτρου
848 1414 912 1465 ἐκ
939 1414 1122 1484 χειρὸς
1143 1416 1360 1470 πάντων
1384 1418 1491 1470 τῶν
1517 1420 1895 1475 ἐπιϐουλευόν-

293 1516 407 1550 των
438 1500 620 1569 αὐτῷ.
654 1503 730 1554 Οὐ
783 1504 943 1572 μόνον
972 1505 1083 1574 γὰρ
1127 1508 1155 1559 6
1196 1508 1387 1571 πιστὸς
1429 1510 1522 1561 καὶ
1552 1511 1894 1581 φιλόχριστος

295 1587 455 1649 λαὸς,
487 1589 551 1640 τὸ
583 1589 856 1658 βασίλειον
883 1593 1203 1664 ἱεράτευμα,
1236 1596 1298 1648 τὸ
1322 1598 1473 1661 ἔθνος
1502 1600 1564 1652 τὸ
1591 1600 1768 1667 ἅγιον,
1797 1604 1898 1665 τὰς

297 1679 636 1748 πρεπούσας
675 1682 957 1752 ἐπιϐοήσεις
984 1686 1244 1748 ἐποιεῖτο,
1272 1690 1368 1740 καὶ
1410 1690 1509 1752 τὰς
1542 1692 1898 1763 εὐχαριστίας

292 1770 631 1839 ἀνέπεμπεν
662 1772 740 1841 τῷ
787 1775 923 1844 Θεῷ,
948 1776 1064 1830 ἀλλ’
1088 1779 1170 1829 ἑτι
1202 1778 1307 1850 μὴν
1345 1782 1437 1834 καὶ
1463 1784 1491 1834 6
1514 1783 1621 1834 τῶν
1650 1784 1895 1838 ἀπίστων

297 1861 397 1912 καὶ
430 1861 541 1924 ἔξω
581 1861 682 1931 τῆς
735 1865 1011 1934 ἡμετέρας
1064 1868 1233 1939 αὐλῆς
1278 1870 1448 1941 δῆμος
1489 1872 1778 1943 Ἐϐραίων,
1806 1893 1894 1945 μισ

2001 1882 2252 1937 nedictus
2280 1883 2373 1951 qui
2403 1882 2628 1936 venitin
2654 1880 2875 1936 nomine
2899 1877 3142 1942 Domini;
3166 1896 3182 1927 ι
3208 1887 3261 1931 et
3293 1892 3307 1930 :
3340 1874 3565 1929 Crescat

297 1952 439 2023 κροῦ
460 1953 577 2007 δεῖν
601 1956 726 2017 τοὺς
747 1957 940 2019 παῖδας
964 1959 1307 2030 μιμούμενοι,
1338 1964 1398 2016 τὸ
1417 1981 1436 2014 ι
1469 1964 1841 2034 Εὐλογημένος
1865 1970 1894 2021 6

300 2045 610 2115 ἐρχόμενος
662 2048 721 2099 ἐν
767 2047 990 2117 ὀνόματι
1052 2053 1326 2122 Κυρίου.»
1384 2057 1499 2119 καὶ,
1552 2056 1696 2129 Αὕξῃ
1730 2062 1791 2130 (Ι)
1852 2063 1885 2131 ὴ

305 2138 490 2199 πίστις
541 2138 653 2192 τῶν
715 2141 1072 2211 Χριστιανῶν,
1123 2144 1306 2214 ἔλεγον
1336 2149 1646 2218 κράζοντες.

386 2227 477 2282 (ιδ’.
506 2230 666 2283 Μετά
694 2232 947 2302 τοιαύτης
966 2234 1143 2288 τοίνυν
1172 2239 1335 2307 τιμῆς
1372 2241 1665 2306 ἐπάνεισιν,
1695 2246 1775 2307 είς
1799 2244 1895 2315 τὴν

324 2318 561 2389 βασιλίδα
594 2322 705 2375 τῶν
730 2324 935 2378 πόλεων
962 2328 1027 2380 ὲκ
1050 2331 1149 2399 τῆς
1176 2330 1349 2401 καλῆς
1370 2334 1498 2402 ὲκδη
1508 2335 1655 2403 μίας,
1679 2336 1708 2387 6
1749 2336 1896 2401 ἀγω-

320 2410 528 2479 νιστὴς,
555 2411 633 2475 ὡς
661 2413 837 2467 πάλαι
859 2415 988 2469 ποτὲ
1009 2417 1038 2468 6
1072 2419 1366 2483 πολύαθλος
1396 2422 1488 2473 καὶ
1527 2424 1698 2492 μέγας
1739 2426 1896 2478 Ἀθα-

311 2500 498 2563 νάσιος
523 2504 605 2566 είς
625 2503 724 2573 τὴν
757 2504 1100 2576 Ἀλεξάνδρου
1130 2510 1302 2563 πόλιν·
1324 2512 1545 2565 τοιαῦτα
1570 2516 1677 2585 γὰρ
1704 2516 1733 2567 ὀ
1756 2515 1898 2579 θεῖος

308 2590 616 2662 Γρηγόριος
643 2596 772 2665 περὶ
800 2597 964 2652 αὑτοῦ
994 2603 1363 2672 συγγραφεται
1390 2620 1403 2634 ·
1432 2607 1614 2670 Πῶλος
1645 2610 1742 2679 μὲν
1761 2606 1897 2681 ἦγεν

308 2685 404 2736 τὸν
424 2685 595 2754 ἄνδρα
612 2685 704 2757 (ιη)
725 2687 844 2759 (καὶ
866 2691 940 2760 μή
961 2709 1048 2762 μοι
1065 2694 1163 2764 τῆς
1180 2696 1434 2762 ἀπονοίας
1457 2700 1766 2773 μέμψησθε)

307 2775 404 2828 τὸν
422 2777 560 2847 ἐμὸν
575 2779 779 2851 Ἰησοῦν
798 2784 825 2834 6
840 2783 1012 2847 πῶλος
1034 2787 1258 2853 ἐκεῖνος,
1278 2790 1467 2845 εἴτόὖν
1490 2793 1546 2859 ἐξ
1565 2794 1731 2847 ἐθνῶν
1747 2796 1893 2863 λαδς,

307 2865 369 2920 δν
386 2865 449 2922 εὖ
472 2871 645 2924 ποιῶν
659 2872 946 2938 ἐπιϐαίνει,
958 2876 1063 2930 τῶν
1078 2881 1174 2950 τῆς
1186 2880 1368 2945 ἀνοίας
1387 2883 1601 2954 δεσμῶν
1619 2885 1893 2958 λυόμενον,

308 2961 429 3012 εἴτε
477 2978 535 3014 τι
568 2962 696 3017 ἄλλο
732 2965 979 3033 βούλεται
1014 2970 1404 3042 παραδηλοῦνό
1441 2975 1655 3050 λόγος.]
1700 2978 1893 3033 κλάδοι

2001 1972 2135 2027 ﬁdes
2165 1972 2620 2028 Christianorum.

2078 2246 2166 2300 74.
2189 2246 2361 2315 [gitur
2404 2259 2529 2298 cum
2553 2242 2728 2296 nihilo
2753 2239 2950 2296 minori
2974 2241 3182 2295 honore
3202 2238 3349 2309 pugil
3378 2247 3563 2292 noster

2001 2352 2285 2408 regressus
2322 2346 2407 2391 est
2444 2336 2501 2388 in
2535 2334 2759 2388 urbium
2805 2334 3070 2404 reginam,
3101 2348 3130 2386 a
3164 2347 3265 2385 suo
3304 2331 3563 2399 przeclaro

2000 2426 2395 2495 exsilio,quam
2419 2425 2473 2479 in
2501 2423 2883 2480 Alexandriam
2906 2436 3133 2492 magnus
3152 2419 3241 2473 illc
3269 2418 3563 2485 nmltisque

2000 2514 2396 2570 certaminibus
2432 2522 2595 2568 nutus
2624 2510 2970 2573 Athanasius,
3005 2509 3073 2563 de
3105 2523 3217 2577 quo
3256 2506 3335 2560 sic
3375 2505 3566 2559 scribit

2002 2606 2225 2663 divinus
2262 2606 2561 2676 Gregorius
2592 2604 2700 2676 (58)
2745 2602 2976 2657 :Pullus
3023 2599 3243 2671 quidem
3295 2612 3419 2652 eum
3470 2613 3563 2649 ve-

2002 2702 2169 2756 hebat
2216 2711 2273 2754 et
2328 2700 2441 2754 fere
2486 2697 2655 2768 (quod
2685 2711 2870 2766 quaeso
2916 2710 2985 2749 ne
3016 2693 3338 2762 insipienter
3367 2703 3566 2757 arguar

2002 2790 2253 2857 dixisse),
2296 2789 2432 2853 fere,
2466 2789 2714 2857 inquam,
2764 2786 2908 2841 sicut
2956 2784 3141 2839 Jesum
3172 2796 3353 2836 meum
3385 2780 3566 2849 pullus

2001 2881 2115 2945 ille,
2149 2879 2465 2950 signiﬁcans
2496 2879 2579 2933 vel
2619 2878 2879 2947 populum
2918 2875 3166 2945 gentium
3197 2887 3358 2942 quem
3386 2887 3414 2924 a
3443 2870 3565 2923 vin-

2001 2973 2144 3028 culis
2191 2971 2509 3042 ignorantize
2556 2970 2793 3023 solutum
2829 2964 3225 3022 bcncl‘aciendo
3253 2961 3568 3019 conciliavit

310 3050 370 3102 δὲ
411 3052 581 3105 αὑτὸν
617 3054 965 3126 ὑποδέχονται
998 3060 1092 3113 καὶ
1119 3061 1383 3131 στρώσεις
1407 3066 1639 3135 ἱματίων
1675 3068 1895 3123 πολυαν-

2001 3072 2163 3130 atque
2215 3062 2557 3124 conscendit,
2605 3061 2689 3115 vel
2715 3059 2986 3129 quidquid
3025 3056 3171 3111 aliud
3204 3057 3305 3109 sub
3328 3070 3395 3109 eo
3418 3069 3566 3123 sym-

314 3141 430 3197 θῶν
465 3147 862 3203 καὶ’ποικίλων
897 3149 916 3221 [
942 3155 1467 3226 προρῤιπτουμένων
1498 3177 1557 3212 τε
1601 3160 1695 3213 καὶ
1722 3161 1891 3231 ὐποῤ-

319 3235 731 3305 ῥιπτουμένων,
760 3241 992 3297 ἐνταῦθα
1026 3245 1184 3314 μόνον
1217 3248 1607 3318 ἀτιμασθέντος
1636 3251 1730 3305 τοῦ
1757 3253 1894 3323 ὑψη-

313 3325 410 3379 λοῦ
466 3330 563 3382 καὶ
611 3330 937 3396 πολυτελοῦς
976 3339 1068 3388 καὶ
1090 3336 1152 3389 τὸ
1186 3337 1298 3391 ἴσον
1334 3341 1408 3411 μὴ
1434 3340 1645 3409 ἔχοντος
1682 3359 1697 3376 ο
1732 3343 1895 3397 εἰκὼν

317 3420 415 3472 καὶ
436 3420 580 3490 αὕτη
598 3423 697 3489 τῆς
724 3424 1016 3494 ἐπιδημίας
1039 3428 1326 3502 Χριστοῦ’]
1355 3433 1447 3485 καὶ⁴
1471 3435 1519 3485 οἱ
1550 3434 1894 3503 προϐοῶντες

319 3511 413 3562 καὶ
464 3513 915 3583 προχορεύοντες.
944 3518 1082 3589 πλὴν
1133 3521 1255 3573 ὅσον
1313 3524 1375 3575 οὐ
1436 3526 1644 3579 παίδων
1710 3528 1895 3597 ὅμιλος

330 3602 483 3669 μόνον
521 3603 582 3656 τὸ
622 3605 1036 3678 εὐφημούμενον
1065 3606 1156 3682 ἦν,
1181 3612 1317 3666 ἀλλά
1344 3614 1437 3667 καὶ
1472 3617 1623 3670 πᾶσα
1652 3618 1895 3685 γλῶσσα,

332 3694 633 3763 συμφώνως
673 3699 768 3750 καί
820 3699 1109 3766 ἀντιθέτως
1162 3706 1317 3775 νικᾷν
1371 3706 1631 3773 ἀλλήλους
1679 3710 1895 3778 ἐπειγο-

324 3786 526 3851 μένων.
573 3787 678 3840 Ἐῶ
703 3789 811 3859 γὰρ
832 3790 1007 3858 λέγειν
1031 3794 1254 3865 κρότους
1287 3796 1658 3857 παντοδαποὺς
1675 3799 1770 3852 καὶ
1800 3800 1894 3852 θυ-

326 3877 623 3945 μιαμάτων
656 3878 967 3945 ἐκκαύσεις,
994 3881 1070 3945 ὡς
1105 3885 1285 3937 πᾶσαν
1303 3885 1533 3955 δρᾶσθαι
1567 3888 1897 3957 καπνιζομέ-

323 3986 421 4037 νην
455 3970 555 4022 καὶ
579 3972 719 4038 φωτὶ
749 3977 1314 4046 καταστραπτομένην
1342 3979 1441 4049 τὴν
1470 3979 1648 4041 πόλιν,
1678 3980 1774 4032 καὶ
1805 3980 1897 4050 δη-

326 4062 524 4130 μοσίας
552 4064 825 4129 ἑστιάσεις
856 4068 951 4119 καὶ
974 4069 1218 4132 οίκιδίας,
1245 4071 1337 4122 καὶ
1362 4071 1502 4134 ὅσοις
1534 4073 1588 4124 αἱ
1630 4072 1811 4136 πόλεις
1836 4073 1898 4125 τὸ

322 4152 555 4223 φαιδρὸν
604 4153 1076 4225 ἐπισημαίνουσιν,
1139 4160 1270 4213 αὑτό
1319 4178 1378 4212 τε
1430 4160 1546 4230 μεθ’
1596 4162 1899 4233 ὑπερϐολῆς

324 4245 524 4315 ἐκείνῳ
559 4247 655 4299 καὶ
689 4247 838 4316 παρὰ
865 4249 925 4302 τὺ
976 4250 1125 4312 είκὸς
1159 4251 1458 4321 ἐχαρίζετο.
1491 4252 1593 4305 Τὸν
1618 4254 1780 4306 αὑτὸν
1806 4250 1899 4307 οὖν

326 4340 535 4404 τρόπον
574 4338 668 4389 καὶ
720 4338 814 4391 νῦν
857 4340 956 4411 τὴν
1003 4339 1198 4394 ἑαυτοῦ
1228 4340 1381 4395 πόλιν
1413 4342 1441 4394 6
1477 4342 1777 4411 θαυμάσιος
1804 4342 1899 4396 καὶ

1995 3156 2121 3210 bolo
2151 3155 2393 3208 volueris
2424 3154 2726 3221 intelligere
2756 3169 2769 3204 :
2828 3150 2963 3204 rami
2997 3162 3128 3204 vero
3161 3162 3286 3201 eum
3322 3145 3566 3214 excipie-

1995 3247 2127 3301 bant
2170 3245 2517 3314 vestiumque
2566 3245 2837 3297 variarum
2893 3256 2957 3295 ac
2999 3238 3389 3308 multiplicium
3437 3244 3564 3289 ante

1994 3348 2049 3393 et
2078 3338 2276 3393 subtus
2289 3339 2559 3408 jactarum
2578 3334 2969 3405 prostrationes
2993 3335 3139 3399 (cum
3167 3331 3223 3384 in
3253 3329 3359 3383 hoc
3388 3328 3564 3381 solum

1995 3430 2260 3499 inglorius
2292 3436 2600 3499 appareret,
2621 3425 2713 3495 qui
2746 3438 2995 3479 summus
3032 3430 3089 3476 et
3133 3420 3565 3492 perfectissimus

1995 3533 2080 3579 est
2106 3536 2287 3591 neque
2314 3534 2503 3590 parem
2530 3518 2715 3573 habet.
2753 3518 2858 3571 Sed
2890 3524 2947 3570 et
2975 3512 3334 3584 ingredientis
3357 3508 3563 3564 Christi

1997 3614 2175 3683 imago
2226 3610 2476 3681 quaedam
2540 3616 2742 3671 erant),
2779 3616 2908 3661 ante
2953 3620 3081 3659 cum
3144 3604 3444 3658 clamantes
3487 3613 3569 3653 sa-

1996 3707 2326 3774 lientesque,
2374 3703 2482 3757 nisi
2516 3701 2663 3771 quod
2702 3716 2810 3753 non
2862 3698 3040 3753 solum
3074 3708 3372 3766 puerorum
3408 3692 3565 3746 turba

1995 3814 2119 3853 eum
2135 3795 2490 3867 gloriﬁcabat,
2503 3793 2597 3847 sed
2615 3792 2790 3848 omnis
2807 3792 2988 3860 lingua
3005 3783 3568 3843 concorditerdiscors

1998 3886 2234 3941 invidem
2277 3902 2337 3941 se
2379 3898 2639 3954 superare
2691 3880 3036 3936 volentium:
3091 3888 3147 3933 et
3210 3877 3326 3931 lucc
3377 3874 3567 3928 dicens

1997 3978 2249 4048 publicos
2294 3977 2517 4046 plausus
2547 3984 2837 4044 praetereo,
2892 3980 3165 4041 unguenta
3193 3971 3438 4030 incensa,
3463 3980 3565 4018 no-

1999 4080 2117 4126 ctes
2153 4070 2469 4139 pervigiles,
2505 4077 2786 4135 totamque
2820 4065 3029 4118 lumine
3058 4060 3430 4116 collustratain
3477 4072 3567 4109 ur-

1998 4162 2145 4226 bem,
2170 4170 2227 4215 et
2249 4174 2568 4215 communes
2597 4157 2947 4227 privatasque
2979 4152 3190 4222 epulas,
3213 4160 3379 4218 atque
3405 4162 3566 4201 omne

2001 4253 2054 4307 id
2086 4253 2230 4322 quod
2256 4252 2308 4305 in
2333 4250 2755 4304 ostentationem
2779 4246 2982 4301 latitia;
3008 4242 3271 4298 adhibent
3296 4239 3565 4299 civitates,

2004 4356 2127 4410 quae
2160 4338 2422 4393 universa
2449 4332 2838 4405 superabunde
2858 4342 2914 4388 et
2945 4346 3086 4401 pene
3142 4330 3285 4383 ultra
3342 4324 3565 4379 modum

331 4428 510 4497 μέγας
565 4429 846 4501 Εὐτύχιος,
878 4403 1015 4501 μυετά
1065 4432 1318 4503 τοιαύτης
1370 4403 1779 4505 καταλαμὸὁινει
1802 4434 1896 4503 τῆς

2006 4403 2253 4487 exhibita
2280 4437 2429 4484 sunt.
2453 4403 2533 4482 Ad
2578 4427 2727 4480 hunc
2748 4440 2875 4495 ergo
2901 4423 3125 4477 modum
3174 4421 3340 4475 etiam
3387 4417 3442 4469 in
3478 4430 3566 4467 ur-

328 4522 717 4592 πανηγύρεως,
741 4522 880 4577 ὥστε
906 4525 1117 4578 πολλῶν
1147 4525 1403 4591 πολλάκις
1436 4527 1529 4579 καὶ
1548 4526 1774 4591 πολλοὺς
1801 4526 1901 4597 ἥδη

330 4614 718 4684 γεγενημένων
766 4617 832 4669 ἐκ
881 4615 975 4669 τοῦ
1028 4617 1227 4682 παντὸς
1284 4618 1474 4688 χρόνου
1514 4617 1686 4688 τιμῶν
1716 4635 1777 4672 τε
1809 4618 1906 4672 καὶ

398 4727 487 4761 ’⁸³⁸
514 4730 747 4795 Act.xu,
790 4731 950 4786 8-10.

405 4842 868 4917 (l)rl'_3cgraphum
917 4841 1103 4917 αὔξει,
1131 4842 1304 4897 Zinus
1336 4841 1616 4917 (tanquam
1639 4842 1684 4896 si
1735 4842 1901 4917 l‘egisv

332 4912 425 4972 set
448 4912 709 4984 αὐξήσει)
733 4913 969 4984 vertitin
998 4913 1204 4978 futuro,
1231 4921 1443 4966 crescet.
1473 4912 1893 4984 Subjunctivum

335 4983 838 5064 modum’nrequirit
868 4998 1136 5064 'sensus:
1174 4998 1277 5036 nec
1326 4999 1581 5051 magnum
1622 4983 1815 5063 fuisset
1844 4998 1895 5064 .a

331 5056 543 5115 Judazis
579 5052 705 5108 ﬁdei
753 5052 1077 5108 Christianae
1166 5060 1522 5124 augmentum
1574 5052 1894 5123 praesagiri;

403 5171 519 5243 (58)
554 5170 802 5243 Gregorii
836 5170 1163 5243 Nazianzeni
1197 5170 1504 5243 orationem
1545 5171 1613 5226 de
1641 5171 1907 5243 SrAtha-

334 5240 1024 5299 naSio'illustrabimusdie
1051 5242 1085 5295 2
1107 5242 1264 5294 Maii:
1296 5242 1512 5296 interim
1541 5258 1603 5296 ex
1621 5258 1683 5295 ea
1706 5242 1796 5295 hic
1822 5246 1907 5294 in-

336 5324 619 5381 tegramus
671 5320 1025 5369 contextum.
1079 5327 1241 5380 quem
1295 5327 1427 5365 mss.
1487 5311 1675 5367 Grieca
1742 5312 1906 5366 nobis

334 5383 602 5439 exhibent
625 5390 960 5451 truncatum.
994 5395 1104 5435 non
1136 5381 1409 5436 Eustathii
1441 5382 1726 5451 scriptoris
1767 5381 1904 5435 vitio

338 5454 455 5518 (hic
515 5452 669 5506 enim
728 5450 1005 5521 integram
1070 5451 1115 5505 si
1185 5468 1295 5505 non
1333 5450 1658 5521 periodum,
1724 5460 1906 5506 tamen

2002 4525 2131 4579 bem
2164 4536 2448 4593 regressus
2478 4527 2563 4574 est
2621 4532 2852 4587 magnus
2893 4522 2951 4570 et
3001 4509 3345 4569 admirabilis
3393 4505 3567 4573 Euty-

2008 4616 2191 4679 cbius,
2240 4628 2365 4667 cum
2428 4625 2606 4679 eaque
2662 4607 3004 4671 celebritate,
3059 4613 3120 4658 ut
3147 4603 3277 4657 licet
3306 4598 3374 4653 ab
3416 4593 3565 4650 omni

2011 4840 2106 4895 sed
2131 4856 2161 4894 a
2184 4835 2691 4909 congratulantihus
2716 4834 2908 4889 iisdem
2939 4845 3052 4901 prae
3085 4826 3288 4885 latitia:
3339 4840 3567 4881 excessu

2000 4912 2165 4967 etiam
2191 4910 2685 4979 optari,imagnum
2723 4920 2911 4979 revera
2953 4909 3092 4979 erat:

2073 4982 2169 5051 (m)
2200 4968 2495 5051 L'ocus—hic
2519 4968 2573 5029 in
2604 4970 3130 5051 mss._abbreviando
3160 4981 3452 5042 corruptus
3479 4968 3567 5021 in-

2002 5046 2158 5122 tegre
2183 5051 2347 5105 datur
2376 5064 2446 5102 ex
2476 5047 2594 5115 ipso
2630 5046 2852 5099 Basilio.

2008 5180 2100 5225 tur
2124 5170 2308 5225 omnia
2338 5168 2538 5238 quibus
2564 5165 2841 5238 indicatur
2874 5162 3221 5238 comparatio
3256 5176 3379 5238 cum
3403 5159 3566 5215 Chri-

2011 5250 2117 5305 sto,
2149 5250 2205 5294 et
2246 5232 2427 5292 tamen
2475 5237 2640 5305 hujus
2701 5235 2873 5305 solius
2924 5232 3351 5305 comparationis
3401 5246 3563 5305 causa

2013 5301 2352 5378 usurpantur
2396 5323 2426 5361 a
2477 5301 2679 5360 Basilio
2705 5345 2719 5367 ,
2765 5304 3025 5378 adeoque
3057 5301 3132 5357 'et
3173 5302 3241 5378 ab
3289 5301 3567 5378 E_ustra_tio

2011 5372 2459 5434 transcribuntur
2505 5378 2619 5431 haec
2663 5375 2852 5437 verba,
2890 5372 2962 5445 μή
3006 5391 3106 5445 ,μοι
3154 5374 3253 5441 τῆς
3311 5372 3565 5445 ἀπονοίας

2015 5449 2357 5519 mitti/11003,:
2378 5445 2721 5517 quodqumso
2746 5461 2815 5499 ne
2841 5439 3179 5519 insipienter
3210 5439 3309 5519 ine
3361 5439 3565 5519 dixisse

337 5508 674 5603 sententiam
704 5508 990 5603 dedisset).
1017 5521 1111 5575 sed
1161 5508 1555 5591 praecipitantis
1594 5508 1827 5603 librarii,
1853 5529 1910 5603 et
2005 5508 2433 5603 argumenti.
2487 5508 2987 5603 δίιὲιιοιιιιιιωιιὶίιὶιόι
3016 5511 3311 5603 perfectius
3359 5509 3412 5603 in
3454 5508 3566 5603 .bac

338 5593 618 5661 disparata
652 5591 815 5644 verba
847 5591 925 5644 sic
952 5584 1260 5660 incongrue
1282 5584 1906 5661 connectentis,Kalpl]
2005 5584 2160 5658 parte
2190 5584 2352 5659 qitam
2384 5589 2724 5646 Vaticanum,
2749 5585 2942 5637 Zinum
2972 5584 3088 5636 haec
3112 5584 3562 5648 interpretantem

352 5664 362 5674 η
518 5662 529 5674 ι
677 5662 687 5674 ι
753 5659 764 5674 ο
857 5661 880 5674 Α
1014 5660 1065 5674 «I‘
1208 5661 1220 5674 ι
1291 5658 1315 5674 l‘
1482 5664 1492 5674 ι
1562 5664 1581 5674 υ
1627 5662 1647 5674 ει
1812 5662 1825 5673 η
1860 5661 1869 5674 ρ
2011 5660 2021 5671 ο
2164 5661 2218 5674 ιο.
2331 5671 2340 5674 _
2455 5659 2510 5674 ,⁸.
2672 5657 2682 5674 I
2741 5671 2791 5674 __-
2836 5664 2946 5674 .A..._
2974 5652 3187 5674 _----:---.
3222 5656 3558 5674 ιιι-...ιη-ΙΑ-Λι

340 5658 599 5723 ἀπονοίας
622 5662 688 5729 μέ
700 5659 933 5730 μψησθε.
963 5658 1147 5724 πῶλος
1166 5661 1264 5730 μὲν
1288 5658 1422 5731 ἦγεν
1446 5664 1536 5713 τὸν
1553 5662 1742 5731 ἄνδρα,
1775 5658 1908 5713 κλάέ

1677 5718 1908 5798 ἱματίων
2008 5718 2461 5784 οόἈιΙιςίηιιείιίιιι
2493 5729 2607 5781 sive
2634 5725 2959 5798 Eutychiutn
2984 5722 3056 5775 ita
3091 5720 3368 5775 scribens:
3411 5737 3429 5769 ι
3454 5718 3561 5773 Nc-

342 5734 424 5802 δοι
473 5731 745 5802 δὲᾷαὺτδν
802 5731 1122 5802 ὑπεδέχοντο
1180 5732 1272 5784 καὶ
1344 5733 1606 5802 στρώσεις

345 5800 680 5866 πολυανθῶν,
718 5802 808 5854 καὶ
838 5803 887 5854 οἱ
926 5801 1279 5872 προϐοῶντες.
1326 5800 1607 5857 ιῐιιιιιιῑοιιι
1644 5800 1908 5875 omittun-

2010 5652 2245 5730 impulit,
2289 5671 2348 5713 ut
2382 5659 2607 5730 petitam
2634 5657 2703 5730 ab
2727 5664 2951 5730 auctore
2974 5652 3562 5730 venialnconvcrteret

2009 5818 2114 5870 quc
2143 5802 2337 5870 aliquis
2364 5792 2824 5867 arrogantiam'ci
2857 5792 3086 5847 tribuat.
3122 5810 3138 5842 ι
