  <div class='ocr_page' id='page_1' title='image "/cluster/home/n/w/nwhite01/storage/ocr_20150623/86:2/hvd.32044012719696/309.png"; bbox 0 0 4080 6550; ppageno 0'>
   <div class='ocr_carea' id='block_1_1' title="bbox 570 367 709 432">
    <p class='ocr_par' dir='ltr' id='par_1_1' title="bbox 570 367 709 432">
     <span class='ocr_line' id='line_1_1' title="bbox 570 367 709 432; baseline 0.007 -1"><span class='ocrx_word' id='word_1_1' title='bbox 570 367 709 432; x_wconf 70' lang='lat'><strong>2359</strong></span> 
     </span>
    </p>
   </div>
   <div class='ocr_carea' id='block_1_2' title="bbox 1633 367 2782 431">
    <p class='ocr_par' dir='ltr' id='par_1_2' title="bbox 1633 367 2782 431">
     <span class='ocr_line' id='line_1_2' title="bbox 1633 367 2782 431; baseline 0.001 -1"><span class='ocrx_word' id='word_1_2' title='bbox 1633 370 1694 430; x_wconf 90' lang='lat' dir='ltr'><strong>S.</strong></span> <span class='ocrx_word' id='word_1_3' title='bbox 1736 368 2098 430; x_wconf 85' lang='lat' dir='ltr'><strong>EUTYCHII</strong></span> <span class='ocrx_word' id='word_1_4' title='bbox 2134 367 2636 428; x_wconf 67' lang='grc' dir='ltr'><strong>ΡΑΤΒΙΑΒΟΗιΕ</strong></span> <span class='ocrx_word' id='word_1_5' title='bbox 2672 367 2782 431; x_wconf 85' lang='lat' dir='ltr'><strong>CP.</strong></span> 
     </span>
    </p>
   </div>
   <div class='ocr_carea' id='block_1_3' title="bbox 570 470 2125 549">
    <p class='ocr_par' dir='ltr' id='par_1_3' title="bbox 570 478 2125 549">
     <span class='ocr_line' id='line_1_3' title="bbox 570 478 2125 549; baseline -0.001 -16"><span class='ocrx_word' id='word_1_6' title='bbox 570 490 721 533; x_wconf 89' lang='lat' dir='ltr'><strong>retro</strong></span> <span class='ocrx_word' id='word_1_7' title='bbox 752 489 998 549; x_wconf 88' lang='lat' dir='ltr'><strong>tempore</strong></span> <span class='ocrx_word' id='word_1_8' title='bbox 1053 478 1240 534; x_wconf 69' lang='lat' dir='ltr'><strong>multa:</strong></span> <span class='ocrx_word' id='word_1_9' title='bbox 1275 488 1572 534; x_wconf 69' lang='lat' dir='ltr'><strong>multorum</strong></span> <span class='ocrx_word' id='word_1_10' title='bbox 1614 480 1933 534; x_wconf 60' lang='lat' dir='ltr'><strong>honoriﬁca:</strong></span> <span class='ocrx_word' id='word_1_11' title='bbox 1974 493 2125 535; x_wconf 78' lang='lat' dir='ltr'><strong>exce-</strong></span> 
     </span>
    </p>
   </div>
   <div class='ocr_carea' id='block_1_4' title="bbox 2229 470 3862 549">
    <p class='ocr_par' dir='ltr' id='par_1_4' title="bbox 2238 470 3862 548">
     <span class='ocr_line' id='line_1_4' title="bbox 2238 470 3862 548; baseline -0.001 -18"><span class='ocrx_word' id='word_1_12' title='bbox 2238 478 2589 548; x_wconf 81' lang='grc' dir='ltr'>ὑπαντήσεων</span> <span class='ocrx_word' id='word_1_13' title='bbox 2617 516 2631 539; x_wconf 92' lang='grc'><strong>,</strong></span> <span class='ocrx_word' id='word_1_14' title='bbox 2662 478 2759 530; x_wconf 89' lang='grc' dir='ltr'><strong>οὑκ</strong></span> <span class='ocrx_word' id='word_1_15' title='bbox 2809 476 3033 547; x_wconf 79' lang='grc' dir='ltr'>ἄρχουσι</span> <span class='ocrx_word' id='word_1_16' title='bbox 3093 474 3259 546; x_wconf 87' lang='grc' dir='ltr'>μόνον</span> <span class='ocrx_word' id='word_1_17' title='bbox 3315 470 3675 544; x_wconf 85' lang='grc' dir='ltr'>δημοσίοις,</span> <span class='ocrx_word' id='word_1_18' title='bbox 3725 472 3862 529; x_wconf 74' lang='grc' dir='ltr'>ἀλλὰ</span> 
     </span>
    </p>
   </div>
   <div class='ocr_carea' id='block_1_5' title="bbox 566 570 2131 641">
    <p class='ocr_par' dir='ltr' id='par_1_5' title="bbox 566 570 2131 641">
     <span class='ocr_line' id='line_1_5' title="bbox 566 570 2131 641; baseline 0.001 -18"><span class='ocrx_word' id='word_1_19' title='bbox 566 570 783 640; x_wconf 83' lang='lat' dir='ltr'><strong>ptiones</strong></span> <span class='ocrx_word' id='word_1_20' title='bbox 804 570 956 625; x_wconf 73' lang='lat' dir='ltr'><strong>facta:</strong></span> <span class='ocrx_word' id='word_1_21' title='bbox 972 572 1101 633; x_wconf 90' lang='lat' dir='ltr'><strong>sint,</strong></span> <span class='ocrx_word' id='word_1_22' title='bbox 1124 588 1233 625; x_wconf 90' lang='lat' dir='ltr'><strong>non</strong></span> <span class='ocrx_word' id='word_1_23' title='bbox 1257 572 1432 625; x_wconf 89' lang='lat' dir='ltr'><strong>solum</strong></span> <span class='ocrx_word' id='word_1_24' title='bbox 1456 572 1823 641; x_wconf 85' lang='lat' dir='ltr'><strong>principibus,</strong></span> <span class='ocrx_word' id='word_1_25' title='bbox 1847 571 1941 626; x_wconf 86' lang='lat' dir='ltr'><strong>sed</strong></span> <span class='ocrx_word' id='word_1_26' title='bbox 1964 571 2131 626; x_wconf 91' lang='lat' dir='ltr'><strong>etiam</strong></span> 
     </span>
    </p>
   </div>
   <div class='ocr_carea' id='block_1_6' title="bbox 566 662 2131 733">
    <p class='ocr_par' dir='ltr' id='par_1_6' title="bbox 566 662 2131 733">
     <span class='ocr_line' id='line_1_6' title="bbox 566 662 2131 733; baseline 0.001 -18"><span class='ocrx_word' id='word_1_27' title='bbox 566 662 953 716; x_wconf 74' lang='lat' dir='ltr'><strong>sacerdotibus</strong></span> <span class='ocrx_word' id='word_1_28' title='bbox 984 670 1040 717; x_wconf 91' lang='lat' dir='ltr'><strong>et</strong></span> <span class='ocrx_word' id='word_1_29' title='bbox 1070 664 1325 733; x_wconf 74' lang='lat' dir='ltr'><strong>palatinis</strong></span> <span class='ocrx_word' id='word_1_30' title='bbox 1365 664 1782 728; x_wconf 87' lang='lat' dir='ltr'><strong>illustrioribus,</strong></span> <span class='ocrx_word' id='word_1_31' title='bbox 1831 663 1979 716; x_wconf 89' lang='lat' dir='ltr'><strong>nulla</strong></span> <span class='ocrx_word' id='word_1_32' title='bbox 2018 662 2131 716; x_wconf 57' lang='lat' dir='ltr'><strong>fre-</strong></span> 
     </span>
    </p>
   </div>
   <div class='ocr_carea' id='block_1_7' title="bbox 563 749 2133 822">
    <p class='ocr_par' dir='ltr' id='par_1_7' title="bbox 563 749 2133 822">
     <span class='ocr_line' id='line_1_7' title="bbox 563 749 2133 822; baseline -0.001 -17"><span class='ocrx_word' id='word_1_33' title='bbox 563 752 827 821; x_wconf 89' lang='lat' dir='ltr'><strong>quentior</strong></span> <span class='ocrx_word' id='word_1_34' title='bbox 861 762 956 807; x_wconf 87' lang='lat' dir='ltr'><strong>aut</strong></span> <span class='ocrx_word' id='word_1_35' title='bbox 988 754 1279 822; x_wconf 77' lang='lat' dir='ltr'><strong>gloriosior</strong></span> <span class='ocrx_word' id='word_1_36' title='bbox 1304 753 1471 807; x_wconf 82' lang='lat' dir='ltr'><strong>fuisse</strong></span> <span class='ocrx_word' id='word_1_37' title='bbox 1504 761 1861 813; x_wconf 87' lang='lat' dir='ltr'><strong>memoretur,</strong></span> <span class='ocrx_word' id='word_1_38' title='bbox 1886 749 1983 805; x_wconf 88' lang='lat' dir='ltr'><strong>sed</strong></span> <span class='ocrx_word' id='word_1_39' title='bbox 2012 750 2133 819; x_wconf 83' lang='lat' dir='ltr'><strong>ipsa</strong></span> 
     </span>
    </p>
   </div>
   <div class='ocr_carea' id='block_1_8' title="bbox 567 841 2131 913">
    <p class='ocr_par' dir='ltr' id='par_1_8' title="bbox 567 841 2131 913">
     <span class='ocr_line' id='line_1_8' title="bbox 567 841 2131 913; baseline 0 -17"><span class='ocrx_word' id='word_1_40' title='bbox 567 846 679 897; x_wconf 82' lang='lat' dir='ltr'><strong>sola</strong></span> <span class='ocrx_word' id='word_1_41' title='bbox 707 846 983 913; x_wconf 64' lang='lat' dir='ltr'><strong>praecellat</strong></span> <span class='ocrx_word' id='word_1_42' title='bbox 1008 854 1063 898; x_wconf 91' lang='lat' dir='ltr'><strong>et</strong></span> <span class='ocrx_word' id='word_1_43' title='bbox 1092 846 1436 913; x_wconf 74' lang='lat' dir='ltr'><strong>superaverit</strong></span> <span class='ocrx_word' id='word_1_44' title='bbox 1469 860 1698 898; x_wconf 87' lang='lat' dir='ltr'><strong>omnes:</strong></span> <span class='ocrx_word' id='word_1_45' title='bbox 1725 844 1863 897; x_wconf 93' lang='lat' dir='ltr'><strong>adeo</strong></span> <span class='ocrx_word' id='word_1_46' title='bbox 1888 852 1947 897; x_wconf 90' lang='lat' dir='ltr'><strong>ut</strong></span> <span class='ocrx_word' id='word_1_47' title='bbox 1996 841 2131 896; x_wconf 90' lang='lat' dir='ltr'><strong>illud</strong></span> 
     </span>
    </p>
   </div>
   <div class='ocr_carea' id='block_1_9' title="bbox 567 931 2133 1002">
    <p class='ocr_par' dir='ltr' id='par_1_9' title="bbox 567 931 2133 1002">
     <span class='ocr_line' id='line_1_9' title="bbox 567 931 2133 1002; baseline -0.001 -16"><span class='ocrx_word' id='word_1_48' title='bbox 567 933 900 1002; x_wconf 77' lang='lat' dir='ltr'><strong>magniloqui</strong></span> <span class='ocrx_word' id='word_1_49' title='bbox 928 933 1079 986; x_wconf 72' lang='lat' dir='ltr'><strong>Isaiae</strong></span> <span class='ocrx_word' id='word_1_50' title='bbox 1110 935 1309 986; x_wconf 86' lang='lat' dir='ltr'><strong>merito</strong></span> <span class='ocrx_word' id='word_1_51' title='bbox 1344 934 1475 986; x_wconf 84' lang='lat' dir='ltr'><strong>huic</strong></span> <span class='ocrx_word' id='word_1_52' title='bbox 1499 934 1620 986; x_wconf 90' lang='lat' dir='ltr'><strong>loco</strong></span> <span class='ocrx_word' id='word_1_53' title='bbox 1647 948 1949 1001; x_wconf 83' lang='lat' dir='ltr'><strong>congruere</strong></span> <span class='ocrx_word' id='word_1_54' title='bbox 1978 931 2133 984; x_wconf 74' lang='lat' dir='ltr'><strong>dixe-</strong></span> 
     </span>
    </p>
   </div>
   <div class='ocr_carea' id='block_1_10' title="bbox 566 1022 2133 1085">
    <p class='ocr_par' dir='ltr' id='par_1_10' title="bbox 566 1022 2133 1085">
     <span class='ocr_line' id='line_1_10' title="bbox 566 1022 2133 1085; baseline -0.001 -8"><span class='ocrx_word' id='word_1_55' title='bbox 566 1027 660 1078; x_wconf 90' lang='lat' dir='ltr'><strong>ris.</strong></span> <span class='ocrx_word' id='word_1_56' title='bbox 702 1026 771 1078; x_wconf 86' lang='lat' dir='ltr'><strong>Et</strong></span> <span class='ocrx_word' id='word_1_57' title='bbox 807 1024 1300 1079; x_wconf 81' lang='lat' dir='ltr'><strong>adducentfratres</strong></span> <span class='ocrx_word' id='word_1_58' title='bbox 1323 1040 1515 1078; x_wconf 93' lang='lat' dir='ltr'><strong>eorum</strong></span> <span class='ocrx_word' id='word_1_59' title='bbox 1551 1024 1625 1085; x_wconf 90' lang='lat' dir='ltr'><strong>(id</strong></span> <span class='ocrx_word' id='word_1_60' title='bbox 1675 1033 1760 1078; x_wconf 88' lang='lat' dir='ltr'><strong>cst</strong></span> <span class='ocrx_word' id='word_1_61' title='bbox 1814 1024 2004 1079; x_wconf 92' lang='lat' dir='ltr'><strong>ﬁdeles</strong></span> <span class='ocrx_word' id='word_1_62' title='bbox 2030 1022 2133 1077; x_wconf 86' lang='lat' dir='ltr'><strong>Le—</strong></span> 
     </span>
    </p>
   </div>
   <div class='ocr_carea' id='block_1_11' title="bbox 562 1115 2131 1185">
    <p class='ocr_par' dir='ltr' id='par_1_11' title="bbox 562 1115 2131 1185">
     <span class='ocr_line' id='line_1_11' title="bbox 562 1115 2131 1185; baseline 0.001 -17"><span class='ocrx_word' id='word_1_63' title='bbox 562 1116 690 1169; x_wconf 68' lang='lat' dir='ltr'><strong>vita:</strong></span> <span class='ocrx_word' id='word_1_64' title='bbox 716 1124 768 1168; x_wconf 88' lang='lat' dir='ltr'><strong>et</strong></span> <span class='ocrx_word' id='word_1_65' title='bbox 812 1116 1148 1185; x_wconf 76' lang='lat' dir='ltr'><strong>sacerdotes)</strong></span> <span class='ocrx_word' id='word_1_66' title='bbox 1181 1116 1385 1169; x_wconf 89' lang='lat' dir='ltr'><strong>donum</strong></span> <span class='ocrx_word' id='word_1_67' title='bbox 1425 1115 1677 1179; x_wconf 89' lang='lat' dir='ltr'><strong>Domino,</strong></span> <span class='ocrx_word' id='word_1_68' title='bbox 1711 1126 1767 1170; x_wconf 89' lang='lat' dir='ltr'><strong>et</strong></span> <span class='ocrx_word' id='word_1_69' title='bbox 1805 1116 1863 1170; x_wconf 85' lang='lat' dir='ltr'><strong>in</strong></span> <span class='ocrx_word' id='word_1_70' title='bbox 1914 1116 2131 1171; x_wconf 88' lang='lat' dir='ltr'><strong>lecticis</strong></span> 
     </span>
    </p>
   </div>
   <div class='ocr_carea' id='block_1_12' title="bbox 566 1208 2129 1262">
    <p class='ocr_par' dir='ltr' id='par_1_12' title="bbox 566 1208 2129 1262">
     <span class='ocr_line' id='line_1_12' title="bbox 566 1208 2129 1262; baseline 0 -1"><span class='ocrx_word' id='word_1_71' title='bbox 566 1208 841 1261; x_wconf 90' lang='lat' dir='ltr'><strong>mulorum</strong></span> <span class='ocrx_word' id='word_1_72' title='bbox 874 1224 998 1261; x_wconf 85' lang='lat' dir='ltr'><strong>cum</strong></span> <span class='ocrx_word' id='word_1_73' title='bbox 1049 1208 1386 1261; x_wconf 85' lang='lat' dir='ltr'><strong>umbraculis</strong></span> <span class='ocrx_word' id='word_1_74' title='bbox 1443 1208 1509 1261; x_wconf 88' lang='lat' dir='ltr'><strong>ad</strong></span> <span class='ocrx_word' id='word_1_75' title='bbox 1556 1210 1835 1262; x_wconf 87' lang='lat' dir='ltr'><strong>civitatem</strong></span> <span class='ocrx_word' id='word_1_76' title='bbox 1882 1218 2129 1262; x_wconf 86' lang='lat' dir='ltr'><strong>sanctam</strong></span> 
     </span>
    </p>
   </div>
   <div class='ocr_carea' id='block_1_13' title="bbox 562 1300 2130 1369">
    <p class='ocr_par' dir='ltr' id='par_1_13' title="bbox 562 1300 2130 1369">
     <span class='ocr_line' id='line_1_13' title="bbox 562 1300 2130 1369; baseline -0.001 -14"><span class='ocrx_word' id='word_1_77' title='bbox 562 1300 864 1355; x_wconf 88' lang='lat' dir='ltr'><strong>Jerusalem</strong></span> <span class='ocrx_word' id='word_1_78' title='bbox 888 1300 953 1353; x_wconf 77' lang='grc'><strong>⁷⁸.</strong></span> <span class='ocrx_word' id='word_1_79' title='bbox 974 1300 1246 1369; x_wconf 86' lang='lat' dir='ltr'><strong>Numquid</strong></span> <span class='ocrx_word' id='word_1_80' title='bbox 1280 1300 1425 1353; x_wconf 80' lang='lat' dir='ltr'><strong>enim</strong></span> <span class='ocrx_word' id='word_1_81' title='bbox 1452 1318 1558 1354; x_wconf 90' lang='lat' dir='ltr'><strong>non</strong></span> <span class='ocrx_word' id='word_1_82' title='bbox 1590 1302 1666 1354; x_wconf 89' lang='lat' dir='ltr'><strong>ita</strong></span> <span class='ocrx_word' id='word_1_83' title='bbox 1696 1301 1833 1355; x_wconf 78' lang='lat' dir='ltr'><strong>fuit?</strong></span> <span class='ocrx_word' id='word_1_84' title='bbox 1855 1301 1969 1355; x_wconf 92' lang='lat' dir='ltr'><strong>lmo</strong></span> <span class='ocrx_word' id='word_1_85' title='bbox 1998 1316 2130 1355; x_wconf 85' lang='lat' dir='ltr'><strong>vero</strong></span> 
     </span>
    </p>
   </div>
   <div class='ocr_carea' id='block_1_14' title="bbox 568 1387 2130 1461">
    <p class='ocr_par' dir='ltr' id='par_1_14' title="bbox 568 1387 2130 1461">
     <span class='ocr_line' id='line_1_14' title="bbox 568 1387 2130 1461; baseline 0.001 -17"><span class='ocrx_word' id='word_1_86' title='bbox 568 1387 786 1444; x_wconf 82' lang='lat' dir='ltr'><strong>Patrem</strong></span> <span class='ocrx_word' id='word_1_87' title='bbox 813 1404 877 1444; x_wconf 88' lang='lat' dir='ltr'><strong>ac</strong></span> <span class='ocrx_word' id='word_1_88' title='bbox 910 1402 1180 1459; x_wconf 90' lang='lat' dir='ltr'><strong>pastorem</strong></span> <span class='ocrx_word' id='word_1_89' title='bbox 1202 1398 1258 1444; x_wconf 89' lang='lat' dir='ltr'><strong>et</strong></span> <span class='ocrx_word' id='word_1_90' title='bbox 1285 1392 1604 1460; x_wconf 81' lang='lat' dir='ltr'><strong>magistrum</strong></span> <span class='ocrx_word' id='word_1_91' title='bbox 1635 1407 1794 1444; x_wconf 90' lang='lat' dir='ltr'><strong>suum</strong></span> <span class='ocrx_word' id='word_1_92' title='bbox 1830 1390 2007 1446; x_wconf 89' lang='lat' dir='ltr'><strong>ﬁdelis</strong></span> <span class='ocrx_word' id='word_1_93' title='bbox 2031 1407 2130 1461; x_wconf 91' lang='lat' dir='ltr'><strong>po-</strong></span> 
     </span>
    </p>
   </div>
   <div class='ocr_carea' id='block_1_15' title="bbox 563 1481 2129 1551">
    <p class='ocr_par' dir='ltr' id='par_1_15' title="bbox 563 1481 2129 1551">
     <span class='ocr_line' id='line_1_15' title="bbox 563 1481 2129 1551; baseline 0.002 -17"><span class='ocrx_word' id='word_1_94' title='bbox 563 1482 727 1551; x_wconf 91' lang='lat' dir='ltr'><strong>pulus</strong></span> <span class='ocrx_word' id='word_1_95' title='bbox 749 1481 905 1535; x_wconf 82' lang='lat' dir='ltr'><strong>duxit</strong></span> <span class='ocrx_word' id='word_1_96' title='bbox 932 1483 986 1536; x_wconf 90' lang='lat' dir='ltr'><strong>in</strong></span> <span class='ocrx_word' id='word_1_97' title='bbox 1012 1493 1255 1538; x_wconf 86' lang='lat' dir='ltr'><strong>sanctam</strong></span> <span class='ocrx_word' id='word_1_98' title='bbox 1283 1483 1583 1547; x_wconf 86' lang='lat' dir='ltr'><strong>civitatem,</strong></span> <span class='ocrx_word' id='word_1_99' title='bbox 1609 1498 1803 1537; x_wconf 87' lang='lat' dir='ltr'><strong>novam</strong></span> <span class='ocrx_word' id='word_1_100' title='bbox 1826 1483 2129 1537; x_wconf 83' lang='lat' dir='ltr'><strong>Jerusalem</strong></span> 
     </span>
    </p>
   </div>
   <div class='ocr_carea' id='block_1_16' title="bbox 564 1572 2129 1643">
    <p class='ocr_par' dir='ltr' id='par_1_16' title="bbox 564 1572 2129 1643">
     <span class='ocr_line' id='line_1_16' title="bbox 564 1572 2129 1643; baseline 0 -17"><span class='ocrx_word' id='word_1_101' title='bbox 564 1582 727 1642; x_wconf 87' lang='lat' dir='ltr'><strong>atque</strong></span> <span class='ocrx_word' id='word_1_102' title='bbox 746 1574 965 1627; x_wconf 84' lang='lat' dir='ltr'><strong>urbium</strong></span> <span class='ocrx_word' id='word_1_103' title='bbox 996 1573 1407 1643; x_wconf 83' lang='lat' dir='ltr'><strong>reginam.Quis</strong></span> <span class='ocrx_word' id='word_1_104' title='bbox 1440 1572 1674 1627; x_wconf 89' lang='lat' dir='ltr'><strong>dicendo</strong></span> <span class='ocrx_word' id='word_1_105' title='bbox 1692 1582 1875 1643; x_wconf 88' lang='lat' dir='ltr'><strong>posset</strong></span> <span class='ocrx_word' id='word_1_106' title='bbox 1907 1572 2129 1642; x_wconf 84' lang='lat' dir='ltr'><strong>assequi</strong></span> 
     </span>
    </p>
   </div>
   <div class='ocr_carea' id='block_1_17' title="bbox 563 1664 2129 1734">
    <p class='ocr_par' dir='ltr' id='par_1_17' title="bbox 563 1664 2129 1734">
     <span class='ocr_line' id='line_1_17' title="bbox 563 1664 2129 1734; baseline 0 -17"><span class='ocrx_word' id='word_1_107' title='bbox 563 1676 651 1719; x_wconf 87' lang='lat' dir='ltr'><strong>rcs</strong></span> <span class='ocrx_word' id='word_1_108' title='bbox 684 1665 1051 1728; x_wconf 86' lang='lat' dir='ltr'><strong>admirandas,</strong></span> <span class='ocrx_word' id='word_1_109' title='bbox 1083 1665 1218 1718; x_wconf 91' lang='lat' dir='ltr'><strong>mari</strong></span> <span class='ocrx_word' id='word_1_110' title='bbox 1244 1674 1502 1734; x_wconf 86' lang='lat' dir='ltr'><strong>terraque</strong></span> <span class='ocrx_word' id='word_1_111' title='bbox 1541 1672 1679 1719; x_wconf 88' lang='lat' dir='ltr'><strong>tunc</strong></span> <span class='ocrx_word' id='word_1_112' title='bbox 1734 1664 1958 1731; x_wconf 80' lang='lat' dir='ltr'><strong>gestas?</strong></span> <span class='ocrx_word' id='word_1_113' title='bbox 1990 1679 2129 1733; x_wconf 91' lang='lat' dir='ltr'><strong>quo-</strong></span> 
     </span>
    </p>
   </div>
   <div class='ocr_carea' id='block_1_18' title="bbox 562 1754 2127 1824">
    <p class='ocr_par' dir='ltr' id='par_1_18' title="bbox 562 1754 2127 1824">
     <span class='ocr_line' id='line_1_18' title="bbox 562 1754 2127 1824; baseline 0.001 -19"><span class='ocrx_word' id='word_1_114' title='bbox 562 1754 728 1807; x_wconf 89' lang='lat' dir='ltr'><strong>modo</strong></span> <span class='ocrx_word' id='word_1_115' title='bbox 748 1756 961 1809; x_wconf 89' lang='lat' dir='ltr'><strong>scilicet</strong></span> <span class='ocrx_word' id='word_1_116' title='bbox 992 1764 1308 1809; x_wconf 90' lang='lat' dir='ltr'><strong>constratus</strong></span> <span class='ocrx_word' id='word_1_117' title='bbox 1338 1754 1411 1809; x_wconf 91' lang='lat' dir='ltr'><strong>sit</strong></span> <span class='ocrx_word' id='word_1_118' title='bbox 1463 1762 1683 1824; x_wconf 88' lang='lat' dir='ltr'><strong>pontus,</strong></span> <span class='ocrx_word' id='word_1_119' title='bbox 1721 1763 1978 1824; x_wconf 81' lang='lat' dir='ltr'><strong>tergaque</strong></span> <span class='ocrx_word' id='word_1_120' title='bbox 2030 1770 2127 1808; x_wconf 91' lang='lat' dir='ltr'><strong>sua</strong></span> 
     </span>
    </p>
   </div>
   <div class='ocr_carea' id='block_1_19' title="bbox 564 1844 2125 1915">
    <p class='ocr_par' dir='ltr' id='par_1_19' title="bbox 564 1844 2125 1915">
     <span class='ocr_line' id='line_1_19' title="bbox 564 1844 2125 1915; baseline -0.001 -15"><span class='ocrx_word' id='word_1_121' title='bbox 564 1846 799 1900; x_wconf 83' lang='lat' dir='ltr'><strong>navibus</strong></span> <span class='ocrx_word' id='word_1_122' title='bbox 852 1846 1154 1915; x_wconf 88' lang='lat' dir='ltr'><strong>subjiciens</strong></span> <span class='ocrx_word' id='word_1_123' title='bbox 1210 1845 1392 1900; x_wconf 87' lang='lat' dir='ltr'><strong>telluri</strong></span> <span class='ocrx_word' id='word_1_124' title='bbox 1444 1846 1621 1899; x_wconf 81' lang='lat' dir='ltr'><strong>factus</strong></span> <span class='ocrx_word' id='word_1_125' title='bbox 1676 1844 1841 1898; x_wconf 80' lang='lat' dir='ltr'><strong>fuerit</strong></span> <span class='ocrx_word' id='word_1_126' title='bbox 1902 1845 2125 1908; x_wconf 86' lang='lat' dir='ltr'><strong>similis,</strong></span> 
     </span>
    </p>
   </div>
   <div class='ocr_carea' id='block_1_20' title="bbox 562 1936 2129 2006">
    <p class='ocr_par' dir='ltr' id='par_1_20' title="bbox 562 1936 2129 2006">
     <span class='ocr_line' id='line_1_20' title="bbox 562 1936 2129 2006; baseline -0.001 -15"><span class='ocrx_word' id='word_1_127' title='bbox 562 1937 703 1991; x_wconf 82' lang='lat' dir='ltr'><strong>adeo</strong></span> <span class='ocrx_word' id='word_1_128' title='bbox 747 1946 805 1991; x_wconf 92' lang='lat' dir='ltr'><strong>ut</strong></span> <span class='ocrx_word' id='word_1_129' title='bbox 842 1937 961 1990; x_wconf 89' lang='lat' dir='ltr'><strong>sine</strong></span> <span class='ocrx_word' id='word_1_130' title='bbox 1017 1936 1413 2006; x_wconf 84' lang='lat' dir='ltr'><strong>impedimento</strong></span> <span class='ocrx_word' id='word_1_131' title='bbox 1444 1945 1668 2006; x_wconf 89' lang='lat' dir='ltr'><strong>possent</strong></span> <span class='ocrx_word' id='word_1_132' title='bbox 1710 1951 1904 1990; x_wconf 90' lang='lat' dir='ltr'><strong>omnes</strong></span> <span class='ocrx_word' id='word_1_133' title='bbox 1961 1951 2129 2005; x_wconf 89' lang='lat' dir='ltr'><strong>super</strong></span> 
     </span>
    </p>
   </div>
   <div class='ocr_carea' id='block_1_21' title="bbox 561 2026 2131 2098">
    <p class='ocr_par' dir='ltr' id='par_1_21' title="bbox 561 2026 2131 2098">
     <span class='ocr_line' id='line_1_21' title="bbox 561 2026 2131 2098; baseline 0.001 -16"><span class='ocrx_word' id='word_1_134' title='bbox 561 2026 741 2097; x_wconf 83' lang='lat' dir='ltr'><strong>ipsum</strong></span> <span class='ocrx_word' id='word_1_135' title='bbox 774 2026 1052 2092; x_wconf 79' lang='lat' dir='ltr'><strong>incedere,</strong></span> <span class='ocrx_word' id='word_1_136' title='bbox 1078 2038 1133 2083; x_wconf 92' lang='lat' dir='ltr'><strong>et</strong></span> <span class='ocrx_word' id='word_1_137' title='bbox 1162 2043 1323 2082; x_wconf 90' lang='lat' dir='ltr'><strong>nemo</strong></span> <span class='ocrx_word' id='word_1_138' title='bbox 1374 2044 1485 2098; x_wconf 73' lang='lat' dir='ltr'><strong>pra:</strong></span> <span class='ocrx_word' id='word_1_139' title='bbox 1545 2028 1899 2083; x_wconf 88' lang='lat' dir='ltr'><strong>multitudine</strong></span> <span class='ocrx_word' id='word_1_140' title='bbox 1952 2028 2131 2083; x_wconf 86' lang='lat' dir='ltr'><strong>homi-</strong></span> 
     </span>
    </p>
   </div>
   <div class='ocr_carea' id='block_1_22' title="bbox 562 2118 2127 2189">
    <p class='ocr_par' dir='ltr' id='par_1_22' title="bbox 562 2118 2127 2189">
     <span class='ocr_line' id='line_1_22' title="bbox 562 2118 2127 2189; baseline 0.001 -17"><span class='ocrx_word' id='word_1_141' title='bbox 562 2134 695 2173; x_wconf 87' lang='lat' dir='ltr'><strong>num</strong></span> <span class='ocrx_word' id='word_1_142' title='bbox 723 2134 919 2188; x_wconf 91' lang='lat' dir='ltr'><strong>aquam</strong></span> <span class='ocrx_word' id='word_1_143' title='bbox 954 2119 1023 2173; x_wconf 88' lang='lat' dir='ltr'><strong>ab</strong></span> <span class='ocrx_word' id='word_1_144' title='bbox 1058 2120 1227 2173; x_wconf 88' lang='lat' dir='ltr'><strong>humo</strong></span> <span class='ocrx_word' id='word_1_145' title='bbox 1262 2118 1627 2181; x_wconf 89' lang='lat' dir='ltr'><strong>discerneret.</strong></span> <span class='ocrx_word' id='word_1_146' title='bbox 1678 2130 1909 2189; x_wconf 90' lang='lat' dir='ltr'><strong>utraque</strong></span> <span class='ocrx_word' id='word_1_147' title='bbox 1940 2127 2127 2173; x_wconf 92' lang='lat' dir='ltr'><strong>autem</strong></span> 
     </span>
    </p>
   </div>
   <div class='ocr_carea' id='block_1_23' title="bbox 559 2210 2127 2280">
    <p class='ocr_par' dir='ltr' id='par_1_23' title="bbox 559 2210 2127 2280">
     <span class='ocr_line' id='line_1_23' title="bbox 559 2210 2127 2280; baseline -0.001 -14"><span class='ocrx_word' id='word_1_148' title='bbox 559 2219 707 2266; x_wconf 85' lang='lat' dir='ltr'><strong>esset</strong></span> <span class='ocrx_word' id='word_1_149' title='bbox 734 2211 939 2265; x_wconf 93' lang='lat' dir='ltr'><strong>labium</strong></span> <span class='ocrx_word' id='word_1_150' title='bbox 977 2226 1145 2265; x_wconf 93' lang='lat' dir='ltr'><strong>unum</strong></span> <span class='ocrx_word' id='word_1_151' title='bbox 1172 2225 1385 2280; x_wconf 83' lang='lat' dir='ltr'><strong>voxque</strong></span> <span class='ocrx_word' id='word_1_152' title='bbox 1417 2210 1605 2265; x_wconf 82' lang='lat' dir='ltr'><strong>divina</strong></span> <span class='ocrx_word' id='word_1_153' title='bbox 1634 2221 1691 2266; x_wconf 87' lang='lat' dir='ltr'><strong>et</strong></span> <span class='ocrx_word' id='word_1_154' title='bbox 1734 2212 1979 2266; x_wconf 66' lang='lat' dir='ltr'><strong>caalestis</strong></span> <span class='ocrx_word' id='word_1_155' title='bbox 2005 2227 2127 2267; x_wconf 92' lang='lat' dir='ltr'><strong>om-</strong></span> 
     </span>
    </p>
   </div>
   <div class='ocr_carea' id='block_1_24' title="bbox 560 2302 2126 2373">
    <p class='ocr_par' dir='ltr' id='par_1_24' title="bbox 560 2302 2126 2373">
     <span class='ocr_line' id='line_1_24' title="bbox 560 2302 2126 2373; baseline 0 -17"><span class='ocrx_word' id='word_1_156' title='bbox 560 2302 739 2367; x_wconf 87' lang='lat' dir='ltr'><strong>nium,</strong></span> <span class='ocrx_word' id='word_1_157' title='bbox 771 2302 990 2358; x_wconf 88' lang='lat' dir='ltr'><strong>Domini</strong></span> <span class='ocrx_word' id='word_1_158' title='bbox 1012 2311 1069 2358; x_wconf 91' lang='lat' dir='ltr'><strong>et</strong></span> <span class='ocrx_word' id='word_1_159' title='bbox 1100 2302 1381 2358; x_wconf 87' lang='lat' dir='ltr'><strong>Creatoris</strong></span> <span class='ocrx_word' id='word_1_160' title='bbox 1413 2303 1499 2358; x_wconf 90' lang='lat' dir='ltr'><strong>sui</strong></span> <span class='ocrx_word' id='word_1_161' title='bbox 1549 2303 1779 2373; x_wconf 80' lang='lat' dir='ltr'><strong>gloriam</strong></span> <span class='ocrx_word' id='word_1_162' title='bbox 1831 2303 2126 2358; x_wconf 87' lang='lat' dir='ltr'><strong>celebran-</strong></span> 
     </span>
    </p>
   </div>
   <div class='ocr_carea' id='block_1_25' title="bbox 562 2394 723 2449">
    <p class='ocr_par' dir='ltr' id='par_1_25' title="bbox 562 2394 723 2449">
     <span class='ocr_line' id='line_1_25' title="bbox 562 2394 723 2449; baseline 0 0"><span class='ocrx_word' id='word_1_163' title='bbox 562 2394 723 2449; x_wconf 86' lang='lat' dir='ltr'><strong>tium.</strong></span> 
     </span>
    </p>
   </div>
   <div class='ocr_carea' id='block_1_26' title="bbox 632 2570 2123 2642">
    <p class='ocr_par' dir='ltr' id='par_1_26' title="bbox 632 2570 2123 2642">
     <span class='ocr_line' id='line_1_26' title="bbox 632 2570 2123 2642; baseline 0 -16"><span class='ocrx_word' id='word_1_164' title='bbox 632 2570 721 2626; x_wconf 86' lang='lat'><strong>75.</strong></span> <span class='ocrx_word' id='word_1_165' title='bbox 755 2574 935 2641; x_wconf 87' lang='lat' dir='ltr'><strong>Atque</strong></span> <span class='ocrx_word' id='word_1_166' title='bbox 956 2571 1075 2626; x_wconf 68' lang='lat' dir='ltr'><strong>haec</strong></span> <span class='ocrx_word' id='word_1_167' title='bbox 1103 2588 1170 2627; x_wconf 92' lang='lat' dir='ltr'><strong>eo</strong></span> <span class='ocrx_word' id='word_1_168' title='bbox 1192 2571 1339 2627; x_wconf 91' lang='lat' dir='ltr'><strong>dicta</strong></span> <span class='ocrx_word' id='word_1_169' title='bbox 1373 2571 1505 2636; x_wconf 89' lang='lat' dir='ltr'><strong>sint,</strong></span> <span class='ocrx_word' id='word_1_170' title='bbox 1544 2580 1603 2625; x_wconf 93' lang='lat' dir='ltr'><strong>ut</strong></span> <span class='ocrx_word' id='word_1_171' title='bbox 1632 2571 2001 2626; x_wconf 87' lang='lat' dir='ltr'><strong>recordentur</strong></span> <span class='ocrx_word' id='word_1_172' title='bbox 2026 2571 2123 2642; x_wconf 91' lang='lat' dir='ltr'><strong>qui</strong></span> 
     </span>
    </p>
   </div>
   <div class='ocr_carea' id='block_1_27' title="bbox 557 2663 2119 2734">
    <p class='ocr_par' dir='ltr' id='par_1_27' title="bbox 557 2663 2119 2734">
     <span class='ocr_line' id='line_1_27' title="bbox 557 2663 2119 2734; baseline 0 -15"><span class='ocrx_word' id='word_1_173' title='bbox 557 2664 764 2730; x_wconf 81' lang='lat' dir='ltr'><strong>sciunt,</strong></span> <span class='ocrx_word' id='word_1_174' title='bbox 814 2675 870 2718; x_wconf 91' lang='lat' dir='ltr'><strong>et</strong></span> <span class='ocrx_word' id='word_1_175' title='bbox 908 2665 1121 2719; x_wconf 86' lang='lat' dir='ltr'><strong>discant</strong></span> <span class='ocrx_word' id='word_1_176' title='bbox 1179 2665 1273 2734; x_wconf 90' lang='lat' dir='ltr'><strong>qui</strong></span> <span class='ocrx_word' id='word_1_177' title='bbox 1304 2664 1578 2718; x_wconf 89' lang='lat' dir='ltr'><strong>nesciunt.</strong></span> <span class='ocrx_word' id='word_1_178' title='bbox 1616 2663 1756 2729; x_wconf 88' lang='lat' dir='ltr'><strong>Quid</strong></span> <span class='ocrx_word' id='word_1_179' title='bbox 1802 2680 1989 2733; x_wconf 88' lang='lat' dir='ltr'><strong>porro,</strong></span> <span class='ocrx_word' id='word_1_180' title='bbox 2049 2681 2119 2719; x_wconf 90' lang='lat' dir='ltr'><strong>an</strong></span> 
     </span>
    </p>
   </div>
   <div class='ocr_carea' id='block_1_28' title="bbox 557 2754 2123 2824">
    <p class='ocr_par' dir='ltr' id='par_1_28' title="bbox 557 2754 2123 2824">
     <span class='ocr_line' id='line_1_28' title="bbox 557 2754 2123 2824; baseline -0.001 -14"><span class='ocrx_word' id='word_1_181' title='bbox 557 2764 753 2810; x_wconf 72' lang='lat' dir='ltr'><strong>czetera</strong></span> <span class='ocrx_word' id='word_1_182' title='bbox 773 2756 1300 2824; x_wconf 77' lang='lat' dir='ltr'><strong>prretermittemus?</strong></span> <span class='ocrx_word' id='word_1_183' title='bbox 1322 2755 1543 2808; x_wconf 79' lang='lat' dir='ltr'><strong>Minime</strong></span> <span class='ocrx_word' id='word_1_184' title='bbox 1563 2771 1711 2809; x_wconf 80' lang='lat' dir='ltr'><strong>vero.</strong></span> <span class='ocrx_word' id='word_1_185' title='bbox 1740 2754 1849 2809; x_wconf 89' lang='lat' dir='ltr'><strong>Sed</strong></span> <span class='ocrx_word' id='word_1_186' title='bbox 1874 2771 2123 2824; x_wconf 65' lang='lat' dir='ltr'><strong>quaenam</strong></span> 
     </span>
    </p>
   </div>
   <div class='ocr_carea' id='block_1_29' title="bbox 560 2847 2127 2910">
    <p class='ocr_par' dir='ltr' id='par_1_29' title="bbox 560 2847 2127 2910">
     <span class='ocr_line' id='line_1_29' title="bbox 560 2847 2127 2910; baseline 0.001 -9"><span class='ocrx_word' id='word_1_187' title='bbox 560 2848 709 2902; x_wconf 85' lang='lat' dir='ltr'><strong>ista?</strong></span> <span class='ocrx_word' id='word_1_188' title='bbox 740 2848 935 2901; x_wconf 81' lang='lat' dir='ltr'><strong>Divino</strong></span> <span class='ocrx_word' id='word_1_189' title='bbox 958 2848 1190 2902; x_wconf 90' lang='lat' dir='ltr'><strong>consilio</strong></span> <span class='ocrx_word' id='word_1_190' title='bbox 1221 2848 1421 2901; x_wconf 84' lang='lat' dir='ltr'><strong>factum</strong></span> <span class='ocrx_word' id='word_1_191' title='bbox 1452 2856 1554 2910; x_wconf 89' lang='lat' dir='ltr'><strong>est,</strong></span> <span class='ocrx_word' id='word_1_192' title='bbox 1585 2857 1646 2900; x_wconf 91' lang='lat' dir='ltr'><strong>ut</strong></span> <span class='ocrx_word' id='word_1_193' title='bbox 1667 2847 1813 2901; x_wconf 90' lang='lat' dir='ltr'><strong>unde</strong></span> <span class='ocrx_word' id='word_1_194' title='bbox 1845 2848 2127 2902; x_wconf 88' lang='lat' dir='ltr'><strong>discessus</strong></span> 
     </span>
    </p>
   </div>
   <div class='ocr_carea' id='block_1_30' title="bbox 558 2940 2127 3009">
    <p class='ocr_par' dir='ltr' id='par_1_30' title="bbox 558 2940 2127 3009">
     <span class='ocr_line' id='line_1_30' title="bbox 558 2940 2127 3009; baseline 0.001 -17"><span class='ocrx_word' id='word_1_195' title='bbox 558 2940 893 3009; x_wconf 87' lang='lat' dir='ltr'><strong>principium</strong></span> <span class='ocrx_word' id='word_1_196' title='bbox 924 2940 1045 3005; x_wconf 83' lang='lat' dir='ltr'><strong>fuit,</strong></span> <span class='ocrx_word' id='word_1_197' title='bbox 1069 2940 1195 2995; x_wconf 90' lang='lat' dir='ltr'><strong>inde</strong></span> <span class='ocrx_word' id='word_1_198' title='bbox 1223 2940 1389 2994; x_wconf 86' lang='lat' dir='ltr'><strong>etiam</strong></span> <span class='ocrx_word' id='word_1_199' title='bbox 1421 2940 1682 2993; x_wconf 88' lang='lat' dir='ltr'><strong>habuerit</strong></span> <span class='ocrx_word' id='word_1_200' title='bbox 1734 2941 1950 2994; x_wconf 91' lang='lat' dir='ltr'><strong>initium</strong></span> <span class='ocrx_word' id='word_1_201' title='bbox 1978 2941 2127 2994; x_wconf 89' lang='lat' dir='ltr'><strong>redi-</strong></span> 
     </span>
    </p>
   </div>
   <div class='ocr_carea' id='block_1_31' title="bbox 558 3032 2124 3093">
    <p class='ocr_par' dir='ltr' id='par_1_31' title="bbox 558 3032 2124 3093">
     <span class='ocr_line' id='line_1_31' title="bbox 558 3032 2124 3093; baseline 0.002 -8"><span class='ocrx_word' id='word_1_202' title='bbox 558 3041 668 3086; x_wconf 74' lang='lat' dir='ltr'><strong>tus.</strong></span> <span class='ocrx_word' id='word_1_203' title='bbox 702 3032 837 3089; x_wconf 89' lang='lat' dir='ltr'><strong>Cum</strong></span> <span class='ocrx_word' id='word_1_204' title='bbox 889 3033 1037 3086; x_wconf 87' lang='lat' dir='ltr'><strong>enim</strong></span> <span class='ocrx_word' id='word_1_205' title='bbox 1091 3034 1211 3088; x_wconf 85' lang='lat' dir='ltr'><strong>dies</strong></span> <span class='ocrx_word' id='word_1_206' title='bbox 1254 3033 1428 3087; x_wconf 83' lang='lat' dir='ltr'><strong>festus</strong></span> <span class='ocrx_word' id='word_1_207' title='bbox 1477 3034 1651 3087; x_wconf 91' lang='lat' dir='ltr'><strong>sancti</strong></span> <span class='ocrx_word' id='word_1_208' title='bbox 1706 3034 2012 3093; x_wconf 83' lang='lat' dir='ltr'><strong>Timothei,</strong></span> <span class='ocrx_word' id='word_1_209' title='bbox 2069 3035 2124 3088; x_wconf 92' lang='lat' dir='ltr'><strong>in</strong></span> 
     </span>
    </p>
   </div>
   <div class='ocr_carea' id='block_1_32' title="bbox 2235 565 3866 641">
    <p class='ocr_par' dir='ltr' id='par_1_32' title="bbox 2235 565 3866 641">
     <span class='ocr_line' id='line_1_32' title="bbox 2235 565 3866 641; baseline -0.003 -19"><span class='ocrx_word' id='word_1_210' title='bbox 2235 570 2331 623; x_wconf 82' lang='grc' dir='ltr'><strong>καὶ</strong></span> <span class='ocrx_word' id='word_1_211' title='bbox 2354 570 2555 641; x_wconf 81' lang='grc' dir='ltr'>ἱερεῦσι</span> <span class='ocrx_word' id='word_1_212' title='bbox 2584 568 2808 622; x_wconf 77' lang='grc' dir='ltr'>καὶτῶν</span> <span class='ocrx_word' id='word_1_213' title='bbox 2829 570 3044 622; x_wconf 78' lang='grc' dir='ltr'><strong>οἰκείων</strong></span> <span class='ocrx_word' id='word_1_214' title='bbox 3064 572 3175 632; x_wconf 81' lang='grc' dir='ltr'>τοῖς</span> <span class='ocrx_word' id='word_1_215' title='bbox 3198 565 3736 637; x_wconf 72' lang='grc' dir='ltr'>ἐπιφανεστάτοις,</span> <span class='ocrx_word' id='word_1_216' title='bbox 3764 584 3866 637; x_wconf 66' lang='grc' dir='ltr'>μη.</span> 
     </span>
    </p>
   </div>
   <div class='ocr_carea' id='block_1_33' title="bbox 2235 660 3865 733">
    <p class='ocr_par' dir='ltr' id='par_1_33' title="bbox 2235 660 3865 733">
     <span class='ocr_line' id='line_1_33' title="bbox 2235 660 3865 733; baseline -0.001 -18"><span class='ocrx_word' id='word_1_217' title='bbox 2235 662 2427 731; x_wconf 87' lang='grc' dir='ltr'>δεμίαν</span> <span class='ocrx_word' id='word_1_218' title='bbox 2476 662 2683 733; x_wconf 84' lang='grc' dir='ltr'>ταύτης</span> <span class='ocrx_word' id='word_1_219' title='bbox 2746 662 3180 733; x_wconf 81' lang='grc' dir='ltr'><strong>μνημονεύεσθαι</strong></span> <span class='ocrx_word' id='word_1_220' title='bbox 3244 660 3865 732; x_wconf 73' lang='grc' dir='ltr'><strong>πολυανθρωποτέραν</strong></span> 
     </span>
    </p>
   </div>
   <div class='ocr_carea' id='block_1_34' title="bbox 2234 754 3866 826">
    <p class='ocr_par' dir='ltr' id='par_1_34' title="bbox 2234 754 3866 826">
     <span class='ocr_line' id='line_1_34' title="bbox 2234 754 3866 826; baseline -0.002 -17"><span class='ocrx_word' id='word_1_221' title='bbox 2234 757 2328 809; x_wconf 81' lang='grc' dir='ltr'><strong>καὶ</strong></span> <span class='ocrx_word' id='word_1_222' title='bbox 2375 756 2793 826; x_wconf 58' lang='grc' dir='ltr'>λαμπροτέραν</span> <span class='ocrx_word' id='word_1_223' title='bbox 2826 755 2941 809; x_wconf 78' lang='grc' dir='ltr'>ἀλλ’</span> <span class='ocrx_word' id='word_1_224' title='bbox 2977 755 3111 826; x_wconf 79' lang='grc' dir='ltr'>αὕτη</span> <span class='ocrx_word' id='word_1_225' title='bbox 3159 757 3305 825; x_wconf 87' lang='grc' dir='ltr'>μόνη</span> <span class='ocrx_word' id='word_1_226' title='bbox 3364 754 3735 824; x_wconf 77' lang='grc' dir='ltr'><strong>ὑπέρκειται</strong></span> <span class='ocrx_word' id='word_1_227' title='bbox 3771 756 3866 806; x_wconf 77' lang='grc' dir='ltr'>καὶ</span> 
     </span>
    </p>
   </div>
   <div class='ocr_carea' id='block_1_35' title="bbox 2236 844 3867 918">
    <p class='ocr_par' dir='ltr' id='par_1_35' title="bbox 2236 844 3867 918">
     <span class='ocr_line' id='line_1_35' title="bbox 2236 844 3867 918; baseline -0.002 -18"><span class='ocrx_word' id='word_1_228' title='bbox 2236 847 2508 918; x_wconf 80' lang='grc' dir='ltr'><strong>ὑπερῆρεν</strong></span> <span class='ocrx_word' id='word_1_229' title='bbox 2556 848 2755 909; x_wconf 82' lang='grc' dir='ltr'>πάσας.</span> <span class='ocrx_word' id='word_1_230' title='bbox 2814 846 3131 915; x_wconf 81' lang='grc' dir='ltr'>Ἀρμόσειεν</span> <span class='ocrx_word' id='word_1_231' title='bbox 3185 847 3228 898; x_wconf 81' lang='grc' dir='ltr'>δ’</span> <span class='ocrx_word' id='word_1_232' title='bbox 3304 847 3381 900; x_wconf 79' lang='grc' dir='ltr'><strong>ἄν</strong></span> <span class='ocrx_word' id='word_1_233' title='bbox 3436 862 3536 907; x_wconf 91' lang='grc' dir='ltr'><strong>τις</strong></span> <span class='ocrx_word' id='word_1_234' title='bbox 3615 844 3867 912; x_wconf 75' lang='grc' dir='ltr'>εὐλόγως</span> 
     </span>
    </p>
   </div>
   <div class='ocr_carea' id='block_1_36' title="bbox 2235 936 3863 1004">
    <p class='ocr_par' dir='ltr' id='par_1_36' title="bbox 2235 936 3863 1004">
     <span class='ocr_line' id='line_1_36' title="bbox 2235 936 3863 1004; baseline -0.001 -14"><span class='ocrx_word' id='word_1_235' title='bbox 2235 938 2465 991; x_wconf 78' lang='grc' dir='ltr'>ἐνταῦθα</span> <span class='ocrx_word' id='word_1_236' title='bbox 2510 937 2602 989; x_wconf 75' lang='grc' dir='ltr'>καὶ</span> <span class='ocrx_word' id='word_1_237' title='bbox 2638 937 2697 988; x_wconf 86' lang='grc' dir='ltr'><strong>τὸ</strong></span> <span class='ocrx_word' id='word_1_238' title='bbox 2717 936 2823 989; x_wconf 79' lang='grc' dir='ltr'><strong>ὑπὸ</strong></span> <span class='ocrx_word' id='word_1_239' title='bbox 2867 937 3059 988; x_wconf 80' lang='grc' dir='ltr'>ἰσατου</span> <span class='ocrx_word' id='word_1_240' title='bbox 3092 938 3185 988; x_wconf 81' lang='grc' dir='ltr'>τοῦ</span> <span class='ocrx_word' id='word_1_241' title='bbox 3224 936 3668 1004; x_wconf 80' lang='grc' dir='ltr'>μεγαλοφώνου</span> <span class='ocrx_word' id='word_1_242' title='bbox 3712 938 3863 1004; x_wconf 73' lang='grc' dir='ltr'>εἰρη-</span> 
     </span>
    </p>
   </div>
   <div class='ocr_carea' id='block_1_37' title="bbox 2238 1025 3866 1100">
    <p class='ocr_par' dir='ltr' id='par_1_37' title="bbox 2238 1025 3866 1100">
     <span class='ocr_line' id='line_1_37' title="bbox 2238 1025 3866 1100; baseline -0.002 -17"><span class='ocrx_word' id='word_1_243' title='bbox 2238 1031 2396 1100; x_wconf 83' lang='grc' dir='ltr'>μένον</span> <span class='ocrx_word' id='word_1_244' title='bbox 2428 1069 2442 1092; x_wconf 92' lang='grc'><strong>,</strong></span> <span class='ocrx_word' id='word_1_245' title='bbox 2469 1030 2550 1082; x_wconf 85' lang='grc' dir='ltr'>ὅτι</span> <span class='ocrx_word' id='word_1_246' title='bbox 2593 1028 2958 1099; x_wconf 76' lang='grc' dir='ltr'>Προσάξουσιν</span> <span class='ocrx_word' id='word_1_247' title='bbox 2988 1029 3066 1099; x_wconf 82' lang='grc' dir='ltr'><strong>(η)</strong></span> <span class='ocrx_word' id='word_1_248' title='bbox 3096 1030 3145 1080; x_wconf 78' lang='grc' dir='ltr'><strong>οἱ</strong></span> <span class='ocrx_word' id='word_1_249' title='bbox 3182 1028 3431 1097; x_wconf 70' lang='grc' dir='ltr'>ἀδελφοὶ</span> <span class='ocrx_word' id='word_1_250' title='bbox 3459 1025 3685 1091; x_wconf 80' lang='grc' dir='ltr'>αὐτῶν,</span> <span class='ocrx_word' id='word_1_251' title='bbox 3709 1045 3866 1080; x_wconf 86' lang='grc' dir='ltr'>τουτ-</span> 
     </span>
    </p>
   </div>
   <div class='ocr_carea' id='block_1_38' title="bbox 2233 1118 3864 1189">
    <p class='ocr_par' dir='ltr' id='par_1_38' title="bbox 2233 1118 3864 1189">
     <span class='ocr_line' id='line_1_38' title="bbox 2233 1118 3864 1189; baseline -0.002 -15"><span class='ocrx_word' id='word_1_252' title='bbox 2233 1123 2381 1174; x_wconf 88' lang='grc' dir='ltr'>έστιν</span> <span class='ocrx_word' id='word_1_253' title='bbox 2413 1122 2463 1174; x_wconf 81' lang='grc' dir='ltr'><strong>οἱ</strong></span> <span class='ocrx_word' id='word_1_254' title='bbox 2513 1122 2693 1172; x_wconf 76' lang='grc' dir='ltr'>πιστοὶ</span> <span class='ocrx_word' id='word_1_255' title='bbox 2721 1122 2975 1182; x_wconf 79' lang='grc' dir='ltr'><strong>Λευῖται,</strong></span> <span class='ocrx_word' id='word_1_256' title='bbox 3028 1121 3123 1172; x_wconf 68' lang='grc' dir='ltr'>καὶ</span> <span class='ocrx_word' id='word_1_257' title='bbox 3175 1121 3360 1189; x_wconf 77' lang='grc' dir='ltr'><strong>ἱερεῖς</strong></span> <span class='ocrx_word' id='word_1_258' title='bbox 3412 1120 3480 1170; x_wconf 80' lang='grc' dir='ltr'><strong>ὲν</strong></span> <span class='ocrx_word' id='word_1_259' title='bbox 3535 1118 3864 1188; x_wconf 80' lang='grc' dir='ltr'>λαμπήναις</span> 
     </span>
    </p>
   </div>
   <div class='ocr_carea' id='block_1_39' title="bbox 2232 1211 3863 1284">
    <p class='ocr_par' dir='ltr' id='par_1_39' title="bbox 2232 1211 3863 1284">
     <span class='ocr_line' id='line_1_39' title="bbox 2232 1211 3863 1284; baseline -0.001 -19"><span class='ocrx_word' id='word_1_260' title='bbox 2232 1215 2471 1284; x_wconf 78' lang='grc' dir='ltr'><strong>ἡμιόνων</strong></span> <span class='ocrx_word' id='word_1_261' title='bbox 2515 1214 2651 1282; x_wconf 84' lang='grc' dir='ltr'><strong>μετά</strong></span> <span class='ocrx_word' id='word_1_262' title='bbox 2708 1214 2964 1266; x_wconf 81' lang='grc' dir='ltr'>σκιαδίων</span> <span class='ocrx_word' id='word_1_263' title='bbox 2993 1215 3073 1274; x_wconf 86' lang='grc' dir='ltr'>είς</span> <span class='ocrx_word' id='word_1_264' title='bbox 3108 1212 3205 1281; x_wconf 82' lang='grc' dir='ltr'>τὴν</span> <span class='ocrx_word' id='word_1_265' title='bbox 3242 1213 3433 1279; x_wconf 80' lang='grc' dir='ltr'><strong>ἁγίαν</strong></span> <span class='ocrx_word' id='word_1_266' title='bbox 3472 1211 3646 1263; x_wconf 78' lang='grc' dir='ltr'>πόλιν</span> <span class='ocrx_word' id='word_1_267' title='bbox 3688 1212 3863 1281; x_wconf 85' lang='grc' dir='ltr'>δῶρον</span> 
     </span>
    </p>
   </div>
   <div class='ocr_carea' id='block_1_40' title="bbox 2231 1300 3861 1376">
    <p class='ocr_par' dir='ltr' id='par_1_40' title="bbox 2231 1300 3861 1376">
     <span class='ocr_line' id='line_1_40' title="bbox 2231 1300 3861 1376; baseline -0.002 -17"><span class='ocrx_word' id='word_1_268' title='bbox 2231 1306 2308 1375; x_wconf 81' lang='grc' dir='ltr'>τῷ</span> <span class='ocrx_word' id='word_1_269' title='bbox 2344 1306 2555 1376; x_wconf 80' lang='grc' dir='ltr'><strong>Κυρίῳ.</strong></span> <span class='ocrx_word' id='word_1_270' title='bbox 2590 1306 2659 1357; x_wconf 84' lang='grc' dir='ltr'>Ἣ</span> <span class='ocrx_word' id='word_1_271' title='bbox 2690 1305 2788 1373; x_wconf 81' lang='grc' dir='ltr'><strong>οὐχ</strong></span> <span class='ocrx_word' id='word_1_272' title='bbox 2835 1305 3007 1366; x_wconf 80' lang='grc' dir='ltr'>οὑτως</span> <span class='ocrx_word' id='word_1_273' title='bbox 3040 1321 3054 1369; x_wconf 87' lang='grc'><strong>;</strong></span> <span class='ocrx_word' id='word_1_274' title='bbox 3092 1304 3301 1373; x_wconf 79' lang='grc' dir='ltr'>μᾶλλον</span> <span class='ocrx_word' id='word_1_275' title='bbox 3345 1302 3414 1354; x_wconf 77' lang='grc' dir='ltr'>δὲ</span> <span class='ocrx_word' id='word_1_276' title='bbox 3472 1303 3581 1355; x_wconf 74' lang='grc' dir='ltr'>καὶ</span> <span class='ocrx_word' id='word_1_277' title='bbox 3627 1300 3776 1372; x_wconf 73' lang='grc' dir='ltr'>ὑπὲρ</span> <span class='ocrx_word' id='word_1_278' title='bbox 3800 1305 3861 1357; x_wconf 69' lang='grc' dir='ltr'>τὸ</span> 
     </span>
    </p>
   </div>
   <div class='ocr_carea' id='block_1_41' title="bbox 2231 1396 3864 1467">
    <p class='ocr_par' dir='ltr' id='par_1_41' title="bbox 2231 1396 3864 1467">
     <span class='ocr_line' id='line_1_41' title="bbox 2231 1396 3864 1467; baseline -0.002 -15"><span class='ocrx_word' id='word_1_279' title='bbox 2231 1400 2391 1452; x_wconf 83' lang='grc' dir='ltr'>πλέον</span> <span class='ocrx_word' id='word_1_280' title='bbox 2445 1399 2534 1452; x_wconf 76' lang='grc' dir='ltr'><strong>τὸν</strong></span> <span class='ocrx_word' id='word_1_281' title='bbox 2590 1398 2799 1451; x_wconf 79' lang='grc' dir='ltr'>ἑαυτῶν</span> <span class='ocrx_word' id='word_1_282' title='bbox 2856 1399 3085 1467; x_wconf 80' lang='grc' dir='ltr'><strong>πατέρα,</strong></span> <span class='ocrx_word' id='word_1_283' title='bbox 3122 1397 3371 1466; x_wconf 83' lang='grc' dir='ltr'>ποιμένα</span> <span class='ocrx_word' id='word_1_284' title='bbox 3409 1414 3478 1448; x_wconf 85' lang='grc' dir='ltr'>τε</span> <span class='ocrx_word' id='word_1_285' title='bbox 3536 1398 3642 1448; x_wconf 77' lang='grc' dir='ltr'><strong>καὶ</strong></span> <span class='ocrx_word' id='word_1_286' title='bbox 3696 1396 3864 1449; x_wconf 75' lang='grc' dir='ltr'>διδά-</span> 
     </span>
    </p>
   </div>
   <div class='ocr_carea' id='block_1_42' title="bbox 2233 1487 3858 1558">
    <p class='ocr_par' dir='ltr' id='par_1_42' title="bbox 2233 1487 3858 1558">
     <span class='ocr_line' id='line_1_42' title="bbox 2233 1487 3858 1558; baseline -0.002 -16"><span class='ocrx_word' id='word_1_287' title='bbox 2233 1490 2454 1553; x_wconf 77' lang='grc' dir='ltr'>σκαλον,</span> <span class='ocrx_word' id='word_1_288' title='bbox 2472 1492 2500 1542; x_wconf 94' lang='lat'><strong>6</strong></span> <span class='ocrx_word' id='word_1_289' title='bbox 2520 1490 2705 1551; x_wconf 80' lang='grc' dir='ltr'>πιστὸς</span> <span class='ocrx_word' id='word_1_290' title='bbox 2720 1489 2853 1551; x_wconf 75' lang='grc' dir='ltr'>λαὸς</span> <span class='ocrx_word' id='word_1_291' title='bbox 2881 1491 3174 1558; x_wconf 82' lang='grc' dir='ltr'>είσήγαγεν</span> <span class='ocrx_word' id='word_1_292' title='bbox 3200 1490 3286 1551; x_wconf 87' lang='grc' dir='ltr'>είς</span> <span class='ocrx_word' id='word_1_293' title='bbox 3322 1488 3439 1558; x_wconf 80' lang='grc' dir='ltr'><strong>τὴν</strong></span> <span class='ocrx_word' id='word_1_294' title='bbox 3468 1488 3649 1554; x_wconf 82' lang='grc' dir='ltr'>ἁγίαν</span> <span class='ocrx_word' id='word_1_295' title='bbox 3679 1487 3858 1549; x_wconf 84' lang='grc' dir='ltr'>πόλιν,</span> 
     </span>
    </p>
   </div>
   <div class='ocr_carea' id='block_1_43' title="bbox 2228 1579 3863 1652">
    <p class='ocr_par' dir='ltr' id='par_1_43' title="bbox 2228 1579 3863 1652">
     <span class='ocr_line' id='line_1_43' title="bbox 2228 1579 3863 1652; baseline -0.002 -18"><span class='ocrx_word' id='word_1_296' title='bbox 2228 1583 2330 1652; x_wconf 83' lang='grc' dir='ltr'><strong>τὴν</strong></span> <span class='ocrx_word' id='word_1_297' title='bbox 2356 1581 2480 1634; x_wconf 87' lang='grc' dir='ltr'>νέαν</span> <span class='ocrx_word' id='word_1_298' title='bbox 2514 1581 2870 1652; x_wconf 82' lang='grc' dir='ltr'>Ἰερουσαλὴμ</span> <span class='ocrx_word' id='word_1_299' title='bbox 2897 1582 2991 1633; x_wconf 78' lang='grc' dir='ltr'><strong>καὶ</strong></span> <span class='ocrx_word' id='word_1_300' title='bbox 3017 1580 3261 1650; x_wconf 77' lang='grc' dir='ltr'>βασιλίδα</span> <span class='ocrx_word' id='word_1_301' title='bbox 3289 1580 3417 1632; x_wconf 81' lang='grc' dir='ltr'>τῶν</span> <span class='ocrx_word' id='word_1_302' title='bbox 3454 1579 3713 1632; x_wconf 87' lang='grc' dir='ltr'>πόλεων.</span> <span class='ocrx_word' id='word_1_303' title='bbox 3740 1580 3863 1642; x_wconf 78' lang='grc' dir='ltr'><strong>Πῶς</strong></span> 
     </span>
    </p>
   </div>
   <div class='ocr_carea' id='block_1_44' title="bbox 2230 1672 3858 1743">
    <p class='ocr_par' dir='ltr' id='par_1_44' title="bbox 2230 1672 3858 1743">
     <span class='ocr_line' id='line_1_44' title="bbox 2230 1672 3858 1743; baseline -0.002 -16"><span class='ocrx_word' id='word_1_304' title='bbox 2230 1674 2295 1727; x_wconf 84' lang='grc' dir='ltr'>ἄν</span> <span class='ocrx_word' id='word_1_305' title='bbox 2326 1690 2410 1736; x_wconf 88' lang='grc' dir='ltr'><strong>τις</strong></span> <span class='ocrx_word' id='word_1_306' title='bbox 2438 1672 2581 1726; x_wconf 86' lang='grc' dir='ltr'>κατὰ</span> <span class='ocrx_word' id='word_1_307' title='bbox 2626 1672 2784 1740; x_wconf 87' lang='grc' dir='ltr'>λόγον</span> <span class='ocrx_word' id='word_1_308' title='bbox 2812 1672 3134 1743; x_wconf 84' lang='grc' dir='ltr'>διηγήσεται</span> <span class='ocrx_word' id='word_1_309' title='bbox 3178 1673 3246 1724; x_wconf 73' lang='grc' dir='ltr'>τὰ</span> <span class='ocrx_word' id='word_1_310' title='bbox 3290 1673 3431 1725; x_wconf 89' lang='grc' dir='ltr'>τότε</span> <span class='ocrx_word' id='word_1_311' title='bbox 3492 1672 3858 1741; x_wconf 77' lang='grc' dir='ltr'>γεγενημένα</span> 
     </span>
    </p>
   </div>
   <div class='ocr_carea' id='block_1_45' title="bbox 2232 1763 3858 1833">
    <p class='ocr_par' dir='ltr' id='par_1_45' title="bbox 2232 1763 3858 1833">
     <span class='ocr_line' id='line_1_45' title="bbox 2232 1763 3858 1833; baseline 0 -16"><span class='ocrx_word' id='word_1_312' title='bbox 2232 1764 2513 1833; x_wconf 84' lang='grc' dir='ltr'>θαυμάσια</span> <span class='ocrx_word' id='word_1_313' title='bbox 2572 1764 2712 1817; x_wconf 85' lang='grc' dir='ltr'><strong>κατά</strong></span> <span class='ocrx_word' id='word_1_314' title='bbox 2766 1764 2869 1833; x_wconf 80' lang='grc' dir='ltr'>γῆν</span> <span class='ocrx_word' id='word_1_315' title='bbox 2915 1780 2973 1815; x_wconf 93' lang='grc' dir='ltr'><strong>τε</strong></span> <span class='ocrx_word' id='word_1_316' title='bbox 3006 1763 3097 1816; x_wconf 74' lang='grc' dir='ltr'><strong>καὶ</strong></span> <span class='ocrx_word' id='word_1_317' title='bbox 3136 1763 3439 1816; x_wconf 80' lang='grc' dir='ltr'>θάλασσαν</span> <span class='ocrx_word' id='word_1_318' title='bbox 3472 1781 3488 1829; x_wconf 91' lang='grc'><strong>;</strong></span> <span class='ocrx_word' id='word_1_319' title='bbox 3531 1763 3661 1825; x_wconf 85' lang='grc' dir='ltr'><strong>πῶς</strong></span> <span class='ocrx_word' id='word_1_320' title='bbox 3695 1764 3729 1833; x_wconf 78' lang='grc' dir='ltr'><strong>ἡ</strong></span> <span class='ocrx_word' id='word_1_321' title='bbox 3762 1763 3858 1817; x_wconf 79' lang='grc' dir='ltr'>θά-</span> 
     </span>
    </p>
   </div>
   <div class='ocr_carea' id='block_1_46' title="bbox 2231 1856 3855 1927">
    <p class='ocr_par' dir='ltr' id='par_1_46' title="bbox 2231 1856 3855 1927">
     <span class='ocr_line' id='line_1_46' title="bbox 2231 1856 3855 1927; baseline -0.001 -17"><span class='ocrx_word' id='word_1_322' title='bbox 2231 1858 2404 1911; x_wconf 87' lang='grc' dir='ltr'>λασσα</span> <span class='ocrx_word' id='word_1_323' title='bbox 2429 1858 2767 1927; x_wconf 80' lang='grc' dir='ltr'>χερσωθεῖσα</span> <span class='ocrx_word' id='word_1_324' title='bbox 2798 1856 2998 1926; x_wconf 82' lang='grc' dir='ltr'>τρόπον</span> <span class='ocrx_word' id='word_1_325' title='bbox 3045 1856 3167 1909; x_wconf 71' lang='grc' dir='ltr'>τινὰ</span> <span class='ocrx_word' id='word_1_326' title='bbox 3196 1856 3295 1909; x_wconf 74' lang='grc' dir='ltr'><strong>καὶ</strong></span> <span class='ocrx_word' id='word_1_327' title='bbox 3332 1856 3449 1926; x_wconf 79' lang='grc' dir='ltr'><strong>τὴν</strong></span> <span class='ocrx_word' id='word_1_328' title='bbox 3487 1857 3723 1924; x_wconf 81' lang='grc' dir='ltr'>γείτονα</span> <span class='ocrx_word' id='word_1_329' title='bbox 3752 1857 3855 1927; x_wconf 85' lang='grc' dir='ltr'>γῆν</span> 
     </span>
    </p>
   </div>
   <div class='ocr_carea' id='block_1_47' title="bbox 2233 1947 3854 2019">
    <p class='ocr_par' dir='ltr' id='par_1_47' title="bbox 2233 1947 3854 2019">
     <span class='ocr_line' id='line_1_47' title="bbox 2233 1947 3854 2019; baseline 0 -19"><span class='ocrx_word' id='word_1_330' title='bbox 2233 1950 2613 2019; x_wconf 80' lang='grc' dir='ltr'><strong>μιμησαμένη,</strong></span> <span class='ocrx_word' id='word_1_331' title='bbox 2644 1948 2789 2001; x_wconf 81' lang='grc' dir='ltr'>νῶτα</span> <span class='ocrx_word' id='word_1_332' title='bbox 2843 1951 2963 2001; x_wconf 58' lang='lat' dir='ltr'><strong>toti:</strong></span> <span class='ocrx_word' id='word_1_333' title='bbox 3009 1949 3201 2002; x_wconf 74' lang='grc' dir='ltr'>ὁλκάσι</span> <span class='ocrx_word' id='word_1_334' title='bbox 3245 1950 3351 2001; x_wconf 71' lang='grc' dir='ltr'><strong>καὶ</strong></span> <span class='ocrx_word' id='word_1_335' title='bbox 3384 1950 3518 2010; x_wconf 80' lang='grc' dir='ltr'>τοῖς</span> <span class='ocrx_word' id='word_1_336' title='bbox 3552 1947 3854 2019; x_wconf 82' lang='grc' dir='ltr'>πορθμίοις</span> 
     </span>
    </p>
   </div>
   <div class='ocr_carea' id='block_1_48' title="bbox 2228 2039 3852 2110">
    <p class='ocr_par' dir='ltr' id='par_1_48' title="bbox 2228 2039 3852 2110">
     <span class='ocr_line' id='line_1_48' title="bbox 2228 2039 3852 2110; baseline -0.001 -16"><span class='ocrx_word' id='word_1_337' title='bbox 2228 2040 2524 2104; x_wconf 79' lang='grc' dir='ltr'><strong>ἀκωλύτως</strong></span> <span class='ocrx_word' id='word_1_338' title='bbox 2574 2041 2855 2104; x_wconf 82' lang='grc' dir='ltr'>ὑποθεῖσα,</span> <span class='ocrx_word' id='word_1_339' title='bbox 2882 2042 2997 2103; x_wconf 81' lang='grc' dir='ltr'>τοῖς</span> <span class='ocrx_word' id='word_1_340' title='bbox 3030 2040 3349 2110; x_wconf 83' lang='grc' dir='ltr'>ἀνθρώποις</span> <span class='ocrx_word' id='word_1_341' title='bbox 3385 2039 3654 2110; x_wconf 81' lang='grc' dir='ltr'>βαδίζειν</span> <span class='ocrx_word' id='word_1_342' title='bbox 3708 2056 3852 2110; x_wconf 85' lang='grc' dir='ltr'>παρ-</span> 
     </span>
    </p>
   </div>
   <div class='ocr_carea' id='block_1_49' title="bbox 2230 2128 3851 2203">
    <p class='ocr_par' dir='ltr' id='par_1_49' title="bbox 2230 2128 3851 2203">
     <span class='ocr_line' id='line_1_49' title="bbox 2230 2128 3851 2203; baseline -0.001 -18"><span class='ocrx_word' id='word_1_343' title='bbox 2230 2134 2449 2203; x_wconf 79' lang='grc' dir='ltr'>είχετος</span> <span class='ocrx_word' id='word_1_344' title='bbox 2492 2133 2627 2186; x_wconf 76' lang='grc' dir='ltr'>Οὐδὲ</span> <span class='ocrx_word' id='word_1_345' title='bbox 2662 2134 2770 2200; x_wconf 82' lang='grc' dir='ltr'>γὰρ</span> <span class='ocrx_word' id='word_1_346' title='bbox 2822 2128 2888 2201; x_wconf 78' lang='grc' dir='ltr'><strong>ἧν</strong></span> <span class='ocrx_word' id='word_1_347' title='bbox 2917 2135 2945 2186; x_wconf 93' lang='lat'><strong>6</strong></span> <span class='ocrx_word' id='word_1_348' title='bbox 2998 2132 3291 2200; x_wconf 88' lang='grc' dir='ltr'>διακρίνων</span> <span class='ocrx_word' id='word_1_349' title='bbox 3328 2132 3442 2202; x_wconf 82' lang='grc' dir='ltr'>τὴν</span> <span class='ocrx_word' id='word_1_350' title='bbox 3506 2132 3694 2203; x_wconf 85' lang='grc' dir='ltr'>ὑγρὰν</span> <span class='ocrx_word' id='word_1_351' title='bbox 3745 2132 3851 2184; x_wconf 76' lang='grc' dir='ltr'><strong>ἀπὸ</strong></span> 
     </span>
    </p>
   </div>
   <div class='ocr_carea' id='block_1_50' title="bbox 2228 2215 3849 2297">
    <p class='ocr_par' dir='ltr' id='par_1_50' title="bbox 2228 2215 3849 2297">
     <span class='ocr_line' id='line_1_50' title="bbox 2228 2215 3849 2297; baseline -0.004 -18"><span class='ocrx_word' id='word_1_352' title='bbox 2228 2229 2327 2296; x_wconf 80' lang='grc' dir='ltr'><strong>τῆς</strong></span> <span class='ocrx_word' id='word_1_353' title='bbox 2364 2225 2536 2297; x_wconf 78' lang='grc' dir='ltr'>ξηρᾶς</span> <span class='ocrx_word' id='word_1_354' title='bbox 2592 2226 2655 2277; x_wconf 85' lang='grc' dir='ltr'>ὲκ</span> <span class='ocrx_word' id='word_1_355' title='bbox 2698 2224 2792 2277; x_wconf 83' lang='grc' dir='ltr'><strong>τοῦ</strong></span> <span class='ocrx_word' id='word_1_356' title='bbox 2822 2223 3059 2294; x_wconf 77' lang='grc' dir='ltr'>πλήθους</span> <span class='ocrx_word' id='word_1_357' title='bbox 3080 2224 3188 2275; x_wconf 83' lang='grc' dir='ltr'><strong>τῶν</strong></span> <span class='ocrx_word' id='word_1_358' title='bbox 3215 2222 3551 2293; x_wconf 82' lang='grc' dir='ltr'>ἀνθρώπων</span> <span class='ocrx_word' id='word_1_359' title='bbox 3582 2238 3599 2253; x_wconf 71' lang='grc' dir='ltr'><strong><em>υ</em></strong></span> <span class='ocrx_word' id='word_1_360' title='bbox 3627 2220 3751 2274; x_wconf 78' lang='grc' dir='ltr'>ἀλλ’</span> <span class='ocrx_word' id='word_1_361' title='bbox 3781 2215 3849 2292; x_wconf 76' lang='grc' dir='ltr'>ἦν</span> 
     </span>
    </p>
   </div>
   <div class='ocr_carea' id='block_1_51' title="bbox 2226 2298 3848 2387">
    <p class='ocr_par' dir='ltr' id='par_1_51' title="bbox 2226 2298 3848 2387">
     <span class='ocr_line' id='line_1_51' title="bbox 2226 2298 3848 2387; baseline -0.006 -16"><span class='ocrx_word' id='word_1_362' title='bbox 2226 2317 2297 2387; x_wconf 85' lang='grc' dir='ltr'>γῆ</span> <span class='ocrx_word' id='word_1_363' title='bbox 2351 2333 2412 2369; x_wconf 87' lang='grc' dir='ltr'><strong>τε</strong></span> <span class='ocrx_word' id='word_1_364' title='bbox 2443 2318 2591 2369; x_wconf 79' lang='grc' dir='ltr'>πᾶσα</span> <span class='ocrx_word' id='word_1_365' title='bbox 2628 2318 2802 2386; x_wconf 78' lang='grc' dir='ltr'>χεῖλος</span> <span class='ocrx_word' id='word_1_366' title='bbox 2834 2315 2914 2378; x_wconf 79' lang='grc' dir='ltr'>ἓν,</span> <span class='ocrx_word' id='word_1_367' title='bbox 2945 2315 3096 2384; x_wconf 79' lang='grc' dir='ltr'>φωνὴ</span> <span class='ocrx_word' id='word_1_368' title='bbox 3129 2314 3249 2385; x_wconf 88' lang='grc' dir='ltr'>μία,</span> <span class='ocrx_word' id='word_1_369' title='bbox 3283 2314 3420 2367; x_wconf 85' lang='grc' dir='ltr'>Θεία</span> <span class='ocrx_word' id='word_1_370' title='bbox 3452 2298 3519 2366; x_wconf 80' lang='grc' dir='ltr'><strong>τε</strong></span> <span class='ocrx_word' id='word_1_371' title='bbox 3552 2312 3654 2365; x_wconf 78' lang='grc' dir='ltr'><strong>καὶ</strong></span> <span class='ocrx_word' id='word_1_372' title='bbox 3682 2311 3848 2379; x_wconf 76' lang='grc' dir='ltr'>οὑιρα-</span> 
     </span>
    </p>
   </div>
   <div class='ocr_carea' id='block_1_52' title="bbox 2227 2402 3843 2477">
    <p class='ocr_par' dir='ltr' id='par_1_52' title="bbox 2227 2402 3843 2477">
     <span class='ocr_line' id='line_1_52' title="bbox 2227 2402 3843 2477; baseline -0.003 -17"><span class='ocrx_word' id='word_1_373' title='bbox 2227 2410 2338 2470; x_wconf 88' lang='grc' dir='ltr'>νία,</span> <span class='ocrx_word' id='word_1_374' title='bbox 2376 2408 2594 2461; x_wconf 82' lang='grc' dir='ltr'>πάντων</span> <span class='ocrx_word' id='word_1_375' title='bbox 2613 2407 2750 2477; x_wconf 83' lang='grc' dir='ltr'>ὁμοῦ</span> <span class='ocrx_word' id='word_1_376' title='bbox 2780 2406 3115 2473; x_wconf 76' lang='grc' dir='ltr'>δοξαζόντων</span> <span class='ocrx_word' id='word_1_377' title='bbox 3143 2406 3233 2459; x_wconf 83' lang='grc' dir='ltr'>τὸν</span> <span class='ocrx_word' id='word_1_378' title='bbox 3284 2404 3521 2459; x_wconf 80' lang='grc' dir='ltr'>ἑαυτῶν</span> <span class='ocrx_word' id='word_1_379' title='bbox 3553 2402 3843 2473; x_wconf 80' lang='grc' dir='ltr'>Δεσπότην</span> 
     </span>
    </p>
   </div>
   <div class='ocr_carea' id='block_1_53' title="bbox 2226 2492 2873 2570">
    <p class='ocr_par' dir='ltr' id='par_1_53' title="bbox 2226 2492 2873 2570">
     <span class='ocr_line' id='line_1_53' title="bbox 2226 2492 2873 2570; baseline 0 -17"><span class='ocrx_word' id='word_1_380' title='bbox 2226 2501 2321 2553; x_wconf 78' lang='grc' dir='ltr'><strong>καὶ</strong></span> <span class='ocrx_word' id='word_1_381' title='bbox 2348 2492 2690 2570; x_wconf 78' lang='grc' dir='ltr'>Δημιουργδν</span> <span class='ocrx_word' id='word_1_382' title='bbox 2720 2498 2873 2553; x_wconf 88' lang='grc' dir='ltr'>Θεόν.</span> 
     </span>
    </p>
   </div>
   <div class='ocr_carea' id='block_1_54' title="bbox 2296 2586 3837 2660">
    <p class='ocr_par' dir='ltr' id='par_1_54' title="bbox 2296 2586 3837 2660">
     <span class='ocr_line' id='line_1_54' title="bbox 2296 2586 3837 2660; baseline -0.006 -14"><span class='ocrx_word' id='word_1_383' title='bbox 2296 2598 2386 2646; x_wconf 80' lang='lat' dir='ltr'><strong>oe&#39;.</strong></span> <span class='ocrx_word' id='word_1_384' title='bbox 2453 2590 2636 2644; x_wconf 81' lang='grc' dir='ltr'>Ταῦτα</span> <span class='ocrx_word' id='word_1_385' title='bbox 2691 2591 2789 2660; x_wconf 71' lang='grc' dir='ltr'>μὲν</span> <span class='ocrx_word' id='word_1_386' title='bbox 2839 2592 2954 2651; x_wconf 86' lang='grc' dir='ltr'>τοῖς</span> <span class='ocrx_word' id='word_1_387' title='bbox 3022 2589 3121 2658; x_wconf 81' lang='grc' dir='ltr'>μὲν</span> <span class='ocrx_word' id='word_1_388' title='bbox 3174 2588 3379 2641; x_wconf 82' lang='grc' dir='ltr'><strong>εἰδόσιν</strong></span> <span class='ocrx_word' id='word_1_389' title='bbox 3432 2586 3837 2656; x_wconf 71' lang='grc' dir='ltr'>ὑπομνήματα,</span> 
     </span>
    </p>
   </div>
   <div class='ocr_carea' id='block_1_55' title="bbox 2223 2677 3838 2750">
    <p class='ocr_par' dir='ltr' id='par_1_55' title="bbox 2223 2677 3838 2750">
     <span class='ocr_line' id='line_1_55' title="bbox 2223 2677 3838 2750; baseline -0.005 -14"><span class='ocrx_word' id='word_1_390' title='bbox 2223 2685 2336 2747; x_wconf 88' lang='grc' dir='ltr'>τοῖς</span> <span class='ocrx_word' id='word_1_391' title='bbox 2362 2683 2643 2750; x_wconf 81' lang='grc' dir='ltr'>ἀγνοοῦσιν</span> <span class='ocrx_word' id='word_1_392' title='bbox 2670 2682 2725 2735; x_wconf 83' lang='grc' dir='ltr'>δὲ</span> <span class='ocrx_word' id='word_1_393' title='bbox 2769 2680 3085 2735; x_wconf 80' lang='grc' dir='ltr'>διδασκαλία</span> <span class='ocrx_word' id='word_1_394' title='bbox 3117 2680 3352 2749; x_wconf 85' lang='grc' dir='ltr'>γίνεται.</span> <span class='ocrx_word' id='word_1_395' title='bbox 3390 2678 3462 2731; x_wconf 87' lang='grc' dir='ltr'>Τί</span> <span class='ocrx_word' id='word_1_396' title='bbox 3490 2678 3621 2743; x_wconf 74' lang='grc' dir='ltr'>οὗνς</span> <span class='ocrx_word' id='word_1_397' title='bbox 3654 2677 3717 2730; x_wconf 83' lang='grc' dir='ltr'><strong>τδ</strong></span> <span class='ocrx_word' id='word_1_398' title='bbox 3745 2677 3838 2743; x_wconf 77' lang='grc' dir='ltr'><strong>ἑφ-</strong></span> 
     </span>
    </p>
   </div>
   <div class='ocr_carea' id='block_1_56' title="bbox 2225 2766 3836 2844">
    <p class='ocr_par' dir='ltr' id='par_1_56' title="bbox 2225 2766 3836 2844">
     <span class='ocr_line' id='line_1_56' title="bbox 2225 2766 3836 2844; baseline -0.006 -16"><span class='ocrx_word' id='word_1_399' title='bbox 2225 2776 2392 2844; x_wconf 83' lang='grc' dir='ltr'><strong>εξῆς;</strong></span> <span class='ocrx_word' id='word_1_400' title='bbox 2443 2775 2796 2840; x_wconf 82' lang='grc' dir='ltr'>ἀνεξέταστον</span> <span class='ocrx_word' id='word_1_401' title='bbox 2841 2773 3238 2841; x_wconf 72' lang='grc' dir='ltr'>καταλείψομεν</span> <span class='ocrx_word' id='word_1_402' title='bbox 3270 2788 3285 2834; x_wconf 89' lang='lat'><strong>;</strong></span> <span class='ocrx_word' id='word_1_403' title='bbox 3322 2770 3634 2839; x_wconf 79' lang='grc' dir='ltr'>Θὺδαμῶς.</span> <span class='ocrx_word' id='word_1_404' title='bbox 3670 2768 3738 2820; x_wconf 80' lang='grc' dir='ltr'>Τί</span> <span class='ocrx_word' id='word_1_405' title='bbox 3781 2766 3836 2819; x_wconf 73' lang='grc' dir='ltr'>δὲ</span> 
     </span>
    </p>
   </div>
   <div class='ocr_carea' id='block_1_57' title="bbox 2223 2860 3834 2933">
    <p class='ocr_par' dir='ltr' id='par_1_57' title="bbox 2223 2860 3834 2933">
     <span class='ocr_line' id='line_1_57' title="bbox 2223 2860 3834 2933; baseline -0.006 -13"><span class='ocrx_word' id='word_1_406' title='bbox 2223 2867 2382 2921; x_wconf 82' lang='grc' dir='ltr'>τοῦτό</span> <span class='ocrx_word' id='word_1_407' title='bbox 2413 2868 2591 2931; x_wconf 87' lang='grc' dir='ltr'>ὲστιν;</span> <span class='ocrx_word' id='word_1_408' title='bbox 2623 2866 2811 2928; x_wconf 85' lang='grc' dir='ltr'><strong>Ὅπως</strong></span> <span class='ocrx_word' id='word_1_409' title='bbox 2839 2864 2900 2917; x_wconf 73' lang='grc' dir='ltr'>ἐκ</span> <span class='ocrx_word' id='word_1_410' title='bbox 2929 2882 3071 2926; x_wconf 86' lang='grc' dir='ltr'>τινος</span> <span class='ocrx_word' id='word_1_411' title='bbox 3093 2863 3435 2933; x_wconf 74' lang='grc' dir='ltr'>οἰκονομίας,</span> <span class='ocrx_word' id='word_1_412' title='bbox 3464 2862 3595 2915; x_wconf 85' lang='grc' dir='ltr'>ὅθεν</span> <span class='ocrx_word' id='word_1_413' title='bbox 3633 2862 3667 2930; x_wconf 75' lang='grc' dir='ltr'><strong>ἡ</strong></span> <span class='ocrx_word' id='word_1_414' title='bbox 3735 2860 3834 2928; x_wconf 80' lang='grc' dir='ltr'>ἀρ·-</span> 
     </span>
    </p>
   </div>
   <div class='ocr_carea' id='block_1_58' title="bbox 2225 2950 3827 3029">
    <p class='ocr_par' dir='ltr' id='par_1_58' title="bbox 2225 2950 3827 3029">
     <span class='ocr_line' id='line_1_58' title="bbox 2225 2950 3827 3029; baseline -0.006 -18"><span class='ocrx_word' id='word_1_415' title='bbox 2225 2962 2294 3029; x_wconf 82' lang='grc' dir='ltr'><strong>χὴ</strong></span> <span class='ocrx_word' id='word_1_416' title='bbox 2348 2957 2451 3026; x_wconf 76' lang='grc' dir='ltr'>τῆς</span> <span class='ocrx_word' id='word_1_417' title='bbox 2511 2956 2779 3027; x_wconf 82' lang='grc' dir='ltr'>ἐκδημίας</span> <span class='ocrx_word' id='word_1_418' title='bbox 2832 2954 2927 3008; x_wconf 84' lang='grc' dir='ltr'><strong>τοῦ</strong></span> <span class='ocrx_word' id='word_1_419' title='bbox 2968 2955 3112 3008; x_wconf 83' lang='grc' dir='ltr'>θείου</span> <span class='ocrx_word' id='word_1_420' title='bbox 3157 2954 3377 3024; x_wconf 74' lang='grc' dir='ltr'>ἀνδρὸς,</span> <span class='ocrx_word' id='word_1_421' title='bbox 3414 2953 3642 3006; x_wconf 70' lang='grc' dir='ltr'>ἐκεῖθεν</span> <span class='ocrx_word' id='word_1_422' title='bbox 3668 2950 3827 3019; x_wconf 72' lang='grc' dir='ltr'>καὶή</span> 
     </span>
    </p>
   </div>
   <div class='ocr_carea' id='block_1_59' title="bbox 2226 3040 3827 3118">
    <p class='ocr_par' dir='ltr' id='par_1_59' title="bbox 2226 3040 3827 3118">
     <span class='ocr_line' id='line_1_59' title="bbox 2226 3040 3827 3118; baseline -0.007 -14"><span class='ocrx_word' id='word_1_423' title='bbox 2226 3049 2674 3111; x_wconf 83' lang='grc' dir='ltr'>ἀποκατάστασις</span> <span class='ocrx_word' id='word_1_424' title='bbox 2729 3049 2961 3118; x_wconf 86' lang='grc' dir='ltr'>γίνεται.</span> <span class='ocrx_word' id='word_1_425' title='bbox 3019 3046 3303 3111; x_wconf 81' lang='grc' dir='ltr'>Συνάξεως</span> <span class='ocrx_word' id='word_1_426' title='bbox 3358 3046 3478 3117; x_wconf 76' lang='grc' dir='ltr'>γὰρ</span> <span class='ocrx_word' id='word_1_427' title='bbox 3526 3044 3705 3114; x_wconf 72' lang='grc' dir='ltr'>οὔσης</span> <span class='ocrx_word' id='word_1_428' title='bbox 3737 3040 3827 3094; x_wconf 74' lang='grc' dir='ltr'>τοῦ</span> 
     </span>
    </p>
   </div>
   <div class='ocr_carea' id='block_1_60' title="bbox 559 3124 2125 3212">
    <p class='ocr_par' dir='ltr' id='par_1_60' title="bbox 559 3124 2121 3196">
     <span class='ocr_line' id='line_1_60' title="bbox 559 3124 2121 3196; baseline 0 -17"><span class='ocrx_word' id='word_1_429' title='bbox 559 3125 762 3196; x_wconf 80' lang='lat' dir='ltr'><strong>palatio</strong></span> <span class='ocrx_word' id='word_1_430' title='bbox 808 3124 1132 3188; x_wconf 71' lang='lat' dir='ltr'><strong>Hormisdze,</strong></span> <span class='ocrx_word' id='word_1_431' title='bbox 1180 3134 1242 3179; x_wconf 85' lang='lat' dir='ltr'><strong>ut</strong></span> <span class='ocrx_word' id='word_1_432' title='bbox 1276 3137 1402 3180; x_wconf 88' lang='lat' dir='ltr'><strong>ante</strong></span> <span class='ocrx_word' id='word_1_433' title='bbox 1434 3126 1694 3190; x_wconf 80' lang='lat' dir='ltr'><strong>diximus,</strong></span> <span class='ocrx_word' id='word_1_434' title='bbox 1724 3126 2121 3191; x_wconf 89' lang='lat' dir='ltr'><strong>celebraretur,</strong></span> 
     </span>
    </p>
   </div>
   <div class='ocr_carea' id='block_1_61' title="bbox 2229 3124 3829 3212">
    <p class='ocr_par' dir='ltr' id='par_1_61' title="bbox 2229 3139 3829 3212">
     <span class='ocr_line' id='line_1_61' title="bbox 2229 3139 3829 3212; baseline -0.005 -16"><span class='ocrx_word' id='word_1_435' title='bbox 2229 3144 2381 3212; x_wconf 78' lang='grc' dir='ltr'>ἀγίου</span> <span class='ocrx_word' id='word_1_436' title='bbox 2419 3143 2686 3212; x_wconf 79' lang='grc' dir='ltr'>Τιμοθέου</span> <span class='ocrx_word' id='word_1_437' title='bbox 2712 3143 2770 3195; x_wconf 85' lang='grc' dir='ltr'>ὲν</span> <span class='ocrx_word' id='word_1_438' title='bbox 2823 3146 2934 3205; x_wconf 86' lang='grc' dir='ltr'>τοῖς</span> <span class='ocrx_word' id='word_1_439' title='bbox 2978 3141 3263 3212; x_wconf 84' lang='grc' dir='ltr'>Ὀρμισδᾶ,</span> <span class='ocrx_word' id='word_1_440' title='bbox 3289 3140 3484 3203; x_wconf 85' lang='grc' dir='ltr'>καθὼς</span> <span class='ocrx_word' id='word_1_441' title='bbox 3524 3139 3630 3210; x_wconf 77' lang='grc' dir='ltr'>ήδη</span> <span class='ocrx_word' id='word_1_442' title='bbox 3697 3152 3829 3207; x_wconf 81' lang='grc' dir='ltr'>προ-</span> 
     </span>
    </p>
   </div>
   <div class='ocr_carea' id='block_1_62' title="bbox 560 3213 2124 3287">
    <p class='ocr_par' dir='ltr' id='par_1_62' title="bbox 560 3213 2124 3287">
     <span class='ocr_line' id='line_1_62' title="bbox 560 3213 2124 3287; baseline 0 -15"><span class='ocrx_word' id='word_1_443' title='bbox 560 3213 714 3273; x_wconf 81' lang='lat' dir='ltr'><strong>illinc</strong></span> <span class='ocrx_word' id='word_1_444' title='bbox 741 3218 824 3271; x_wconf 83' lang='lat' dir='ltr'><strong>vir</strong></span> <span class='ocrx_word' id='word_1_445' title='bbox 848 3218 972 3287; x_wconf 89' lang='lat' dir='ltr'><strong>pius</strong></span> <span class='ocrx_word' id='word_1_446' title='bbox 1010 3219 1258 3272; x_wconf 86' lang='lat' dir='ltr'><strong>sublatus</strong></span> <span class='ocrx_word' id='word_1_447' title='bbox 1295 3228 1379 3273; x_wconf 89' lang='lat' dir='ltr'><strong>est</strong></span> <span class='ocrx_word' id='word_1_448' title='bbox 1425 3218 1753 3272; x_wconf 87' lang='lat' dir='ltr'><strong>sacriﬁcium</strong></span> <span class='ocrx_word' id='word_1_449' title='bbox 1787 3217 2012 3279; x_wconf 81' lang='lat' dir='ltr'><strong>faciens,</strong></span> <span class='ocrx_word' id='word_1_450' title='bbox 2067 3230 2124 3272; x_wconf 89' lang='lat' dir='ltr'><strong>et</strong></span> 
     </span>
    </p>
   </div>
   <div class='ocr_carea' id='block_1_63' title="bbox 560 3308 2126 3377">
    <p class='ocr_par' dir='ltr' id='par_1_63' title="bbox 560 3308 2126 3377">
     <span class='ocr_line' id='line_1_63' title="bbox 560 3308 2126 3377; baseline 0 -14"><span class='ocrx_word' id='word_1_451' title='bbox 560 3325 627 3363; x_wconf 87' lang='lat' dir='ltr'><strong>ca</strong></span> <span class='ocrx_word' id='word_1_452' title='bbox 660 3324 782 3377; x_wconf 80' lang='lat' dir='ltr'><strong>quae</strong></span> <span class='ocrx_word' id='word_1_453' title='bbox 804 3308 1201 3377; x_wconf 84' lang='lat' dir='ltr'><strong>descripsimus</strong></span> <span class='ocrx_word' id='word_1_454' title='bbox 1222 3309 1518 3364; x_wconf 76' lang='lat' dir='ltr'><strong>toleravit:</strong></span> <span class='ocrx_word' id='word_1_455' title='bbox 1575 3326 1698 3363; x_wconf 92' lang='lat' dir='ltr'><strong>cum</strong></span> <span class='ocrx_word' id='word_1_456' title='bbox 1756 3318 1940 3363; x_wconf 90' lang='lat' dir='ltr'><strong>autem</strong></span> <span class='ocrx_word' id='word_1_457' title='bbox 1997 3325 2126 3363; x_wconf 74' lang='lat' dir='ltr'><strong>cur-</strong></span> 
     </span>
    </p>
   </div>
   <div class='ocr_carea' id='block_1_64' title="bbox 561 3399 2125 3468">
    <p class='ocr_par' dir='ltr' id='par_1_64' title="bbox 561 3399 2125 3468">
     <span class='ocr_line' id='line_1_64' title="bbox 561 3399 2125 3468; baseline 0.003 -17"><span class='ocrx_word' id='word_1_458' title='bbox 561 3411 683 3451; x_wconf 89' lang='lat' dir='ltr'><strong>sum</strong></span> <span class='ocrx_word' id='word_1_459' title='bbox 721 3413 881 3451; x_wconf 89' lang='lat' dir='ltr'><strong>suum</strong></span> <span class='ocrx_word' id='word_1_460' title='bbox 932 3399 1224 3467; x_wconf 82' lang='lat' dir='ltr'><strong>explesset,</strong></span> <span class='ocrx_word' id='word_1_461' title='bbox 1279 3407 1541 3468; x_wconf 85' lang='lat' dir='ltr'><strong>tanquam</strong></span> <span class='ocrx_word' id='word_1_462' title='bbox 1585 3401 1687 3461; x_wconf 85' lang='lat' dir='ltr'><strong>sol,</strong></span> <span class='ocrx_word' id='word_1_463' title='bbox 1729 3402 2024 3462; x_wconf 77' lang='lat' dir='ltr'><strong>exsultavit</strong></span> <span class='ocrx_word' id='word_1_464' title='bbox 2064 3411 2125 3456; x_wconf 90' lang='lat' dir='ltr'><strong>ut</strong></span> 
     </span>
    </p>
   </div>
   <div class='ocr_carea' id='block_1_65' title="bbox 560 3487 2126 3558">
    <p class='ocr_par' dir='ltr' id='par_1_65' title="bbox 560 3487 2126 3558">
     <span class='ocr_line' id='line_1_65' title="bbox 560 3487 2126 3558; baseline 0.002 -18"><span class='ocrx_word' id='word_1_465' title='bbox 560 3487 732 3558; x_wconf 84' lang='lat' dir='ltr'><strong>gigas.</strong></span> <span class='ocrx_word' id='word_1_466' title='bbox 757 3503 986 3542; x_wconf 91' lang='lat' dir='ltr'><strong>currens</strong></span> <span class='ocrx_word' id='word_1_467' title='bbox 1018 3488 1155 3540; x_wconf 85' lang='lat' dir='ltr'><strong>viam</strong></span> <span class='ocrx_word' id='word_1_468' title='bbox 1191 3503 1392 3541; x_wconf 84' lang='lat' dir='ltr'><strong>suama</strong></span> <span class='ocrx_word' id='word_1_469' title='bbox 1428 3503 1643 3541; x_wconf 90' lang='lat' dir='ltr'><strong>summo</strong></span> <span class='ocrx_word' id='word_1_470' title='bbox 1668 3489 1791 3542; x_wconf 69' lang='grc' dir='ltr'><strong>θα·ιί</strong></span> <span class='ocrx_word' id='word_1_471' title='bbox 1833 3496 1890 3543; x_wconf 93' lang='lat' dir='ltr'><strong>et</strong></span> <span class='ocrx_word' id='word_1_472' title='bbox 1929 3505 2126 3544; x_wconf 81' lang='lat' dir='ltr'><strong>occur-</strong></span> 
     </span>
    </p>
   </div>
   <div class='ocr_carea' id='block_1_66' title="bbox 560 3580 2121 3649">
    <p class='ocr_par' dir='ltr' id='par_1_66' title="bbox 560 3580 2121 3649">
     <span class='ocr_line' id='line_1_66' title="bbox 560 3580 2121 3649; baseline 0.001 -16"><span class='ocrx_word' id='word_1_473' title='bbox 560 3595 693 3633; x_wconf 86' lang='lat' dir='ltr'><strong>rens</strong></span> <span class='ocrx_word' id='word_1_474' title='bbox 724 3594 895 3648; x_wconf 86' lang='lat' dir='ltr'><strong>usque.</strong></span> <span class='ocrx_word' id='word_1_475' title='bbox 934 3580 1001 3631; x_wconf 89' lang='lat' dir='ltr'><strong>ad</strong></span> <span class='ocrx_word' id='word_1_476' title='bbox 1022 3588 1327 3633; x_wconf 72' lang='lat' dir='ltr'><strong>extremum</strong></span> <span class='ocrx_word' id='word_1_477' title='bbox 1359 3581 1497 3649; x_wconf 83' lang='lat' dir='ltr'><strong>ejus.</strong></span> <span class='ocrx_word' id='word_1_478' title='bbox 1527 3580 1812 3649; x_wconf 78' lang='lat' dir='ltr'><strong>Siquidem</strong></span> <span class='ocrx_word' id='word_1_479' title='bbox 1840 3582 1896 3634; x_wconf 86' lang='lat' dir='ltr'><strong>in</strong></span> <span class='ocrx_word' id='word_1_480' title='bbox 1926 3582 2121 3635; x_wconf 89' lang='lat' dir='ltr'><strong>iisdem</strong></span> 
     </span>
    </p>
   </div>
   <div class='ocr_carea' id='block_1_67' title="bbox 559 3672 2125 3743">
    <p class='ocr_par' dir='ltr' id='par_1_67' title="bbox 559 3672 2125 3743">
     <span class='ocr_line' id='line_1_67' title="bbox 559 3672 2125 3743; baseline 0.002 -17"><span class='ocrx_word' id='word_1_481' title='bbox 559 3672 864 3727; x_wconf 71' lang='lat' dir='ltr'><strong>Hormisdze</strong></span> <span class='ocrx_word' id='word_1_482' title='bbox 898 3673 1114 3743; x_wconf 87' lang='lat' dir='ltr'><strong>palatiis</strong></span> <span class='ocrx_word' id='word_1_483' title='bbox 1140 3673 1433 3727; x_wconf 87' lang='lat' dir='ltr'><strong>restitutus</strong></span> <span class='ocrx_word' id='word_1_484' title='bbox 1456 3683 1541 3727; x_wconf 89' lang='lat' dir='ltr'><strong>est</strong></span> <span class='ocrx_word' id='word_1_485' title='bbox 1594 3684 1851 3743; x_wconf 87' lang='lat' dir='ltr'><strong>tanquam</strong></span> <span class='ocrx_word' id='word_1_486' title='bbox 1891 3690 2125 3743; x_wconf 89' lang='lat' dir='ltr'><strong>sponsus</strong></span> 
     </span>
    </p>
   </div>
   <div class='ocr_carea' id='block_1_68' title="bbox 559 3766 2126 3836">
    <p class='ocr_par' dir='ltr' id='par_1_68' title="bbox 559 3766 2126 3836">
     <span class='ocr_line' id='line_1_68' title="bbox 559 3766 2126 3836; baseline 0.001 -16"><span class='ocrx_word' id='word_1_487' title='bbox 559 3766 864 3835; x_wconf 88' lang='lat' dir='ltr'><strong>procedens</strong></span> <span class='ocrx_word' id='word_1_488' title='bbox 899 3767 951 3819; x_wconf 90' lang='lat' dir='ltr'><strong>in</strong></span> <span class='ocrx_word' id='word_1_489' title='bbox 976 3767 1276 3821; x_wconf 86' lang='lat' dir='ltr'><strong>thalamum</strong></span> <span class='ocrx_word' id='word_1_490' title='bbox 1306 3782 1487 3829; x_wconf 84' lang='lat' dir='ltr'><strong>suum.</strong></span> <span class='ocrx_word' id='word_1_491' title='bbox 1515 3783 1618 3821; x_wconf 90' lang='lat' dir='ltr'><strong>nec</strong></span> <span class='ocrx_word' id='word_1_492' title='bbox 1648 3768 1751 3821; x_wconf 78' lang='lat' dir='ltr'><strong>fuit</strong></span> <span class='ocrx_word' id='word_1_493' title='bbox 1776 3768 1869 3836; x_wconf 91' lang='lat' dir='ltr'><strong>qui</strong></span> <span class='ocrx_word' id='word_1_494' title='bbox 1918 3784 1975 3821; x_wconf 88' lang='lat' dir='ltr'><strong>se</strong></span> <span class='ocrx_word' id='word_1_495' title='bbox 1998 3768 2126 3821; x_wconf 85' lang='lat' dir='ltr'><strong>abs-</strong></span> 
     </span>
    </p>
   </div>
   <div class='ocr_carea' id='block_1_69' title="bbox 559 3857 2123 3928">
    <p class='ocr_par' dir='ltr' id='par_1_69' title="bbox 559 3857 2123 3928">
     <span class='ocr_line' id='line_1_69' title="bbox 559 3857 2123 3928; baseline 0 -17"><span class='ocrx_word' id='word_1_496' title='bbox 559 3857 827 3911; x_wconf 86' lang='lat' dir='ltr'><strong>conderet</strong></span> <span class='ocrx_word' id='word_1_497' title='bbox 853 3874 881 3911; x_wconf 92' lang='lat' dir='ltr'><strong>a</strong></span> <span class='ocrx_word' id='word_1_498' title='bbox 915 3858 1094 3911; x_wconf 86' lang='lat' dir='ltr'><strong>calore</strong></span> <span class='ocrx_word' id='word_1_499' title='bbox 1128 3859 1269 3928; x_wconf 81' lang='lat' dir='ltr'><strong>ejus,</strong></span> <span class='ocrx_word' id='word_1_500' title='bbox 1294 3873 1471 3927; x_wconf 86' lang='lat' dir='ltr'><strong>eoque</strong></span> <span class='ocrx_word' id='word_1_501' title='bbox 1508 3875 1615 3912; x_wconf 90' lang='lat' dir='ltr'><strong>non</strong></span> <span class='ocrx_word' id='word_1_502' title='bbox 1654 3859 1955 3913; x_wconf 82' lang='lat' dir='ltr'><strong>frueretur.</strong></span> <span class='ocrx_word' id='word_1_503' title='bbox 1994 3858 2123 3914; x_wconf 85' lang='lat' dir='ltr'><strong>Om-</strong></span> 
     </span>
    </p>
   </div>
   <div class='ocr_carea' id='block_1_70' title="bbox 559 3948 2123 4018">
    <p class='ocr_par' dir='ltr' id='par_1_70' title="bbox 559 3948 2123 4018">
     <span class='ocr_line' id='line_1_70' title="bbox 559 3948 2123 4018; baseline 0 -16"><span class='ocrx_word' id='word_1_504' title='bbox 559 3963 660 4002; x_wconf 91' lang='lat' dir='ltr'><strong>nes</strong></span> <span class='ocrx_word' id='word_1_505' title='bbox 687 3964 920 4016; x_wconf 90' lang='lat' dir='ltr'><strong>namque</strong></span> <span class='ocrx_word' id='word_1_506' title='bbox 953 3948 1142 4002; x_wconf 85' lang='lat' dir='ltr'><strong>ﬁdeles</strong></span> <span class='ocrx_word' id='word_1_507' title='bbox 1177 3949 1486 4002; x_wconf 88' lang='lat' dir='ltr'><strong>sanctitatis</strong></span> <span class='ocrx_word' id='word_1_508' title='bbox 1509 3958 1564 4001; x_wconf 89' lang='lat' dir='ltr'><strong>et</strong></span> <span class='ocrx_word' id='word_1_509' title='bbox 1614 3949 1805 4017; x_wconf 75' lang='lat' dir='ltr'><strong>gratize</strong></span> <span class='ocrx_word' id='word_1_510' title='bbox 1844 3950 1964 4016; x_wconf 82' lang='lat' dir='ltr'><strong>ejus</strong></span> <span class='ocrx_word' id='word_1_511' title='bbox 1993 3966 2123 4018; x_wconf 91' lang='lat' dir='ltr'><strong>par-</strong></span> 
     </span>
    </p>
   </div>
   <div class='ocr_carea' id='block_1_71' title="bbox 559 4038 2121 4108">
    <p class='ocr_par' dir='ltr' id='par_1_71' title="bbox 559 4038 2121 4108">
     <span class='ocr_line' id='line_1_71' title="bbox 559 4038 2121 4108; baseline 0.001 -17"><span class='ocrx_word' id='word_1_512' title='bbox 559 4038 757 4106; x_wconf 86' lang='lat' dir='ltr'><strong>ticipes</strong></span> <span class='ocrx_word' id='word_1_513' title='bbox 782 4039 1115 4092; x_wconf 75' lang='lat' dir='ltr'><strong>exstiterunt</strong></span> <span class='ocrx_word' id='word_1_514' title='bbox 1156 4054 1254 4106; x_wconf 91' lang='lat' dir='ltr'><strong>per</strong></span> <span class='ocrx_word' id='word_1_515' title='bbox 1312 4038 1489 4092; x_wconf 89' lang='lat' dir='ltr'><strong>visum</strong></span> <span class='ocrx_word' id='word_1_516' title='bbox 1548 4039 1634 4092; x_wconf 91' lang='lat' dir='ltr'><strong>vel</strong></span> <span class='ocrx_word' id='word_1_517' title='bbox 1692 4055 1791 4108; x_wconf 91' lang='lat' dir='ltr'><strong>per</strong></span> <span class='ocrx_word' id='word_1_518' title='bbox 1872 4049 2121 4105; x_wconf 87' lang='lat' dir='ltr'><strong>tactum,</strong></span> 
     </span>
    </p>
   </div>
   <div class='ocr_carea' id='block_1_72' title="bbox 560 4128 2124 4198">
    <p class='ocr_par' dir='ltr' id='par_1_72' title="bbox 560 4128 2124 4198">
     <span class='ocr_line' id='line_1_72' title="bbox 560 4128 2124 4198; baseline 0.001 -16"><span class='ocrx_word' id='word_1_519' title='bbox 560 4130 719 4182; x_wconf 90' lang='lat' dir='ltr'><strong>multi</strong></span> <span class='ocrx_word' id='word_1_520' title='bbox 747 4129 912 4183; x_wconf 84' lang='lat' dir='ltr'><strong>etiam</strong></span> <span class='ocrx_word' id='word_1_521' title='bbox 942 4145 1040 4198; x_wconf 91' lang='lat' dir='ltr'><strong>per</strong></span> <span class='ocrx_word' id='word_1_522' title='bbox 1086 4129 1469 4182; x_wconf 88' lang='lat' dir='ltr'><strong>salutationem</strong></span> <span class='ocrx_word' id='word_1_523' title='bbox 1506 4139 1561 4183; x_wconf 89' lang='lat' dir='ltr'><strong>et</strong></span> <span class='ocrx_word' id='word_1_524' title='bbox 1609 4128 1826 4183; x_wconf 90' lang='lat' dir='ltr'><strong>dulcem</strong></span> <span class='ocrx_word' id='word_1_525' title='bbox 1866 4144 2124 4197; x_wconf 74' lang='lat' dir='ltr'><strong>congres-</strong></span> 
     </span>
    </p>
   </div>
   <div class='ocr_carea' id='block_1_73' title="bbox 558 4218 2123 4291">
    <p class='ocr_par' dir='ltr' id='par_1_73' title="bbox 558 4218 2123 4291">
     <span class='ocr_line' id='line_1_73' title="bbox 558 4218 2123 4291; baseline 0.001 -17"><span class='ocrx_word' id='word_1_526' title='bbox 558 4234 715 4287; x_wconf 86' lang='lat' dir='ltr'><strong>sum;</strong></span> <span class='ocrx_word' id='word_1_527' title='bbox 743 4220 835 4273; x_wconf 87' lang='lat' dir='ltr'><strong>alii</strong></span> <span class='ocrx_word' id='word_1_528' title='bbox 872 4236 969 4289; x_wconf 92' lang='lat' dir='ltr'><strong>per</strong></span> <span class='ocrx_word' id='word_1_529' title='bbox 1016 4220 1263 4273; x_wconf 90' lang='lat' dir='ltr'><strong>auditum</strong></span> <span class='ocrx_word' id='word_1_530' title='bbox 1321 4218 1760 4285; x_wconf 86' lang='lat' dir='ltr'><strong>delectabantur,</strong></span> <span class='ocrx_word' id='word_1_531' title='bbox 1804 4222 1932 4291; x_wconf 89' lang='lat' dir='ltr'><strong>quia</strong></span> <span class='ocrx_word' id='word_1_532' title='bbox 1978 4222 2123 4276; x_wconf 80' lang='lat' dir='ltr'><strong>fama</strong></span> 
     </span>
    </p>
   </div>
   <div class='ocr_carea' id='block_1_74' title="bbox 558 4312 2121 4383">
    <p class='ocr_par' dir='ltr' id='par_1_74' title="bbox 558 4312 2121 4383">
     <span class='ocr_line' id='line_1_74' title="bbox 558 4312 2121 4383; baseline 0.001 -16"><span class='ocrx_word' id='word_1_533' title='bbox 558 4314 678 4383; x_wconf 85' lang='lat' dir='ltr'><strong>ejus</strong></span> <span class='ocrx_word' id='word_1_534' title='bbox 711 4313 788 4366; x_wconf 88' lang='lat' dir='ltr'><strong>rei</strong></span> <span class='ocrx_word' id='word_1_535' title='bbox 819 4312 983 4382; x_wconf 89' lang='lat' dir='ltr'><strong>paulo</strong></span> <span class='ocrx_word' id='word_1_536' title='bbox 1038 4321 1162 4383; x_wconf 88' lang='lat' dir='ltr'><strong>post</strong></span> <span class='ocrx_word' id='word_1_537' title='bbox 1212 4327 1310 4382; x_wconf 89' lang='lat' dir='ltr'><strong>per</strong></span> <span class='ocrx_word' id='word_1_538' title='bbox 1352 4327 1570 4366; x_wconf 90' lang='lat' dir='ltr'><strong>omnem</strong></span> <span class='ocrx_word' id='word_1_539' title='bbox 1601 4320 1805 4367; x_wconf 90' lang='lat' dir='ltr'><strong>terram</strong></span> <span class='ocrx_word' id='word_1_540' title='bbox 1833 4324 1919 4369; x_wconf 92' lang='lat' dir='ltr'><strong>est</strong></span> <span class='ocrx_word' id='word_1_541' title='bbox 1961 4314 2121 4383; x_wconf 83' lang='lat' dir='ltr'><strong>diva-</strong></span> 
     </span>
    </p>
   </div>
   <div class='ocr_carea' id='block_1_75' title="bbox 557 4412 703 4475">
    <p class='ocr_par' dir='ltr' id='par_1_75' title="bbox 557 4412 703 4475">
     <span class='ocr_line' id='line_1_75' title="bbox 557 4412 703 4475; baseline 0.007 -17"><span class='ocrx_word' id='word_1_542' title='bbox 557 4412 703 4475; x_wconf 72' lang='lat' dir='ltr'><strong>gata;</strong></span> 
     </span>
    </p>
   </div>
   <div class='ocr_carea' id='block_1_76' title="bbox 632 4513 2124 4584">
    <p class='ocr_par' dir='ltr' id='par_1_76' title="bbox 632 4513 2124 4584">
     <span class='ocr_line' id='line_1_76' title="bbox 632 4513 2124 4584; baseline 0.001 -13"><span class='ocrx_word' id='word_1_543' title='bbox 632 4516 719 4571; x_wconf 87' lang='lat'><strong>76.</strong></span> <span class='ocrx_word' id='word_1_544' title='bbox 735 4515 904 4571; x_wconf 80' lang='lat' dir='ltr'><strong>Nocte</strong></span> <span class='ocrx_word' id='word_1_545' title='bbox 950 4514 1207 4584; x_wconf 68' lang='lat' dir='ltr'><strong>posthaec</strong></span> <span class='ocrx_word' id='word_1_546' title='bbox 1228 4514 1282 4568; x_wconf 91' lang='lat' dir='ltr'><strong>in</strong></span> <span class='ocrx_word' id='word_1_547' title='bbox 1309 4513 1513 4584; x_wconf 88' lang='lat' dir='ltr'><strong>templo</strong></span> <span class='ocrx_word' id='word_1_548' title='bbox 1542 4514 1805 4584; x_wconf 66' lang='lat' dir='ltr'><strong>praedicto</strong></span> <span class='ocrx_word' id='word_1_549' title='bbox 1822 4523 2124 4583; x_wconf 84' lang='lat' dir='ltr'><strong>transacta,</strong></span> 
     </span>
    </p>
   </div>
   <div class='ocr_carea' id='block_1_77' title="bbox 559 4606 2121 4677">
    <p class='ocr_par' dir='ltr' id='par_1_77' title="bbox 559 4606 2121 4677">
     <span class='ocr_line' id='line_1_77' title="bbox 559 4606 2121 4677; baseline 0.001 -14"><span class='ocrx_word' id='word_1_550' title='bbox 559 4609 795 4677; x_wconf 83' lang='lat' dir='ltr'><strong>sumpsit</strong></span> <span class='ocrx_word' id='word_1_551' title='bbox 825 4606 1299 4677; x_wconf 77' lang='lat' dir='ltr'><strong>superhumerale,</strong></span> <span class='ocrx_word' id='word_1_552' title='bbox 1335 4606 1480 4675; x_wconf 92' lang='lat' dir='ltr'><strong>quod</strong></span> <span class='ocrx_word' id='word_1_553' title='bbox 1515 4607 1632 4675; x_wconf 91' lang='lat' dir='ltr'><strong>ipse</strong></span> <span class='ocrx_word' id='word_1_554' title='bbox 1678 4621 1895 4677; x_wconf 88' lang='lat' dir='ltr'><strong>semper</strong></span> <span class='ocrx_word' id='word_1_555' title='bbox 1935 4624 2121 4665; x_wconf 91' lang='lat' dir='ltr'><strong>secum</strong></span> 
     </span>
    </p>
   </div>
   <div class='ocr_carea' id='block_1_78' title="bbox 556 4692 2122 4771">
    <p class='ocr_par' dir='ltr' id='par_1_78' title="bbox 556 4692 2122 4771">
     <span class='ocr_line' id='line_1_78' title="bbox 556 4692 2122 4771; baseline 0 -16"><span class='ocrx_word' id='word_1_556' title='bbox 556 4692 839 4771; x_wconf 74' lang='lat' dir='ltr'><strong>gestabat;</strong></span> <span class='ocrx_word' id='word_1_557' title='bbox 870 4706 925 4752; x_wconf 93' lang='lat' dir='ltr'><strong>et</strong></span> <span class='ocrx_word' id='word_1_558' title='bbox 962 4714 1087 4753; x_wconf 91' lang='lat' dir='ltr'><strong>cum</strong></span> <span class='ocrx_word' id='word_1_559' title='bbox 1149 4706 1340 4752; x_wconf 90' lang='lat' dir='ltr'><strong>sancto</strong></span> <span class='ocrx_word' id='word_1_560' title='bbox 1390 4698 1539 4752; x_wconf 89' lang='lat' dir='ltr'><strong>clero</strong></span> <span class='ocrx_word' id='word_1_561' title='bbox 1581 4714 1679 4752; x_wconf 91' lang='lat' dir='ltr'><strong>suo</strong></span> <span class='ocrx_word' id='word_1_562' title='bbox 1725 4698 1792 4752; x_wconf 93' lang='lat' dir='ltr'><strong>ad</strong></span> <span class='ocrx_word' id='word_1_563' title='bbox 1834 4709 2122 4769; x_wconf 82' lang='lat' dir='ltr'><strong>augustam</strong></span> 
     </span>
    </p>
   </div>
   <div class='ocr_carea' id='block_1_79' title="bbox 554 4790 2124 4846">
    <p class='ocr_par' dir='ltr' id='par_1_79' title="bbox 554 4790 2124 4846">
     <span class='ocr_line' id='line_1_79' title="bbox 554 4790 2124 4846; baseline 0.001 -1"><span class='ocrx_word' id='word_1_564' title='bbox 554 4790 730 4845; x_wconf 66' lang='lat' dir='ltr'><strong>aedem</strong></span> <span class='ocrx_word' id='word_1_565' title='bbox 765 4796 969 4844; x_wconf 67' lang='lat' dir='ltr'><strong>sanctae</strong></span> <span class='ocrx_word' id='word_1_566' title='bbox 1002 4799 1059 4844; x_wconf 91' lang='lat' dir='ltr'><strong>et</strong></span> <span class='ocrx_word' id='word_1_567' title='bbox 1079 4790 1441 4844; x_wconf 64' lang='lat' dir='ltr'><strong>immaculata:</strong></span> <span class='ocrx_word' id='word_1_568' title='bbox 1474 4790 1719 4844; x_wconf 69' lang='lat' dir='ltr'><strong>Domina:</strong></span> <span class='ocrx_word' id='word_1_569' title='bbox 1774 4801 1978 4845; x_wconf 66' lang='lat' dir='ltr'><strong>nostra:</strong></span> <span class='ocrx_word' id='word_1_570' title='bbox 2022 4793 2124 4846; x_wconf 77' lang='lat' dir='ltr'><strong>Dei</strong></span> 
     </span>
    </p>
   </div>
   <div class='ocr_carea' id='block_1_80' title="bbox 558 4880 2123 4952">
    <p class='ocr_par' dir='ltr' id='par_1_80' title="bbox 558 4880 2123 4952">
     <span class='ocr_line' id='line_1_80' title="bbox 558 4880 2123 4952; baseline 0.003 -17"><span class='ocrx_word' id='word_1_571' title='bbox 558 4880 857 4936; x_wconf 84' lang='lat' dir='ltr'><strong>Genitricis</strong></span> <span class='ocrx_word' id='word_1_572' title='bbox 882 4891 935 4937; x_wconf 87' lang='lat' dir='ltr'><strong>et</strong></span> <span class='ocrx_word' id='word_1_573' title='bbox 959 4897 1176 4951; x_wconf 89' lang='lat' dir='ltr'><strong>semper</strong></span> <span class='ocrx_word' id='word_1_574' title='bbox 1212 4881 1451 4952; x_wconf 80' lang='lat' dir='ltr'><strong>virginis</strong></span> <span class='ocrx_word' id='word_1_575' title='bbox 1486 4882 1666 4937; x_wconf 69' lang='lat' dir='ltr'><strong>Mariae</strong></span> <span class='ocrx_word' id='word_1_576' title='bbox 1699 4883 1753 4936; x_wconf 91' lang='lat' dir='ltr'><strong>in</strong></span> <span class='ocrx_word' id='word_1_577' title='bbox 1800 4882 2123 4939; x_wconf 89' lang='lat' dir='ltr'><strong>Blachernis</strong></span> 
     </span>
    </p>
   </div>
   <div class='ocr_carea' id='block_1_81' title="bbox 556 4971 2125 5042">
    <p class='ocr_par' dir='ltr' id='par_1_81' title="bbox 556 4971 2125 5042">
     <span class='ocr_line' id='line_1_81' title="bbox 556 4971 2125 5042; baseline 0.003 -17"><span class='ocrx_word' id='word_1_578' title='bbox 556 4985 615 5025; x_wconf 88' lang='lat' dir='ltr'><strong>se</strong></span> <span class='ocrx_word' id='word_1_579' title='bbox 641 4973 905 5025; x_wconf 88' lang='lat' dir='ltr'><strong>contulit:</strong></span> <span class='ocrx_word' id='word_1_580' title='bbox 939 4987 1064 5026; x_wconf 90' lang='lat' dir='ltr'><strong>nam</strong></span> <span class='ocrx_word' id='word_1_581' title='bbox 1114 4971 1225 5025; x_wconf 92' lang='lat' dir='ltr'><strong>illic</strong></span> <span class='ocrx_word' id='word_1_582' title='bbox 1253 4980 1411 5027; x_wconf 90' lang='lat' dir='ltr'><strong>erant</strong></span> <span class='ocrx_word' id='word_1_583' title='bbox 1458 4972 1824 5042; x_wconf 87' lang='lat' dir='ltr'><strong>imperatores</strong></span> <span class='ocrx_word' id='word_1_584' title='bbox 1873 4975 2125 5029; x_wconf 85' lang='lat' dir='ltr'><strong>Justinus</strong></span> 
     </span>
    </p>
   </div>
   <div class='ocr_carea' id='block_1_82' title="bbox 550 5062 2126 5133">
    <p class='ocr_par' dir='ltr' id='par_1_82' title="bbox 550 5062 2126 5133">
     <span class='ocr_line' id='line_1_82' title="bbox 550 5062 2126 5133; baseline 0.003 -16"><span class='ocrx_word' id='word_1_585' title='bbox 550 5071 611 5117; x_wconf 81' lang='lat' dir='ltr'><strong>et</strong></span> <span class='ocrx_word' id='word_1_586' title='bbox 668 5062 945 5128; x_wconf 87' lang='lat' dir='ltr'><strong>Tiberius,</strong></span> <span class='ocrx_word' id='word_1_587' title='bbox 1003 5065 1096 5133; x_wconf 91' lang='lat' dir='ltr'><strong>qui</strong></span> <span class='ocrx_word' id='word_1_588' title='bbox 1139 5073 1387 5118; x_wconf 90' lang='lat' dir='ltr'><strong>sanctum</strong></span> <span class='ocrx_word' id='word_1_589' title='bbox 1436 5066 1621 5119; x_wconf 85' lang='lat' dir='ltr'><strong>virum</strong></span> <span class='ocrx_word' id='word_1_590' title='bbox 1677 5066 1841 5120; x_wconf 90' lang='lat' dir='ltr'><strong>hilari</strong></span> <span class='ocrx_word' id='word_1_591' title='bbox 1880 5068 2033 5121; x_wconf 86' lang='lat' dir='ltr'><strong>vultu</strong></span> <span class='ocrx_word' id='word_1_592' title='bbox 2070 5077 2126 5122; x_wconf 92' lang='lat' dir='ltr'><strong>et</strong></span> 
     </span>
    </p>
   </div>
   <div class='ocr_carea' id='block_1_83' title="bbox 554 5158 2124 5228">
    <p class='ocr_par' dir='ltr' id='par_1_83' title="bbox 554 5158 2124 5228">
     <span class='ocr_line' id='line_1_83' title="bbox 554 5158 2124 5228; baseline 0.003 -17"><span class='ocrx_word' id='word_1_593' title='bbox 554 5171 755 5225; x_wconf 78' lang='lat' dir='ltr'><strong>magno</strong></span> <span class='ocrx_word' id='word_1_594' title='bbox 790 5172 912 5209; x_wconf 91' lang='lat' dir='ltr'><strong>cum</strong></span> <span class='ocrx_word' id='word_1_595' title='bbox 969 5158 1177 5212; x_wconf 89' lang='lat' dir='ltr'><strong>honore</strong></span> <span class='ocrx_word' id='word_1_596' title='bbox 1215 5158 1576 5227; x_wconf 77' lang='lat' dir='ltr'><strong>excipientes,</strong></span> <span class='ocrx_word' id='word_1_597' title='bbox 1628 5174 1690 5213; x_wconf 89' lang='lat' dir='ltr'><strong>ac</strong></span> <span class='ocrx_word' id='word_1_598' title='bbox 1738 5160 1971 5228; x_wconf 85' lang='lat' dir='ltr'><strong>tempori</strong></span> <span class='ocrx_word' id='word_1_599' title='bbox 2026 5161 2124 5215; x_wconf 85' lang='lat' dir='ltr'><strong>tali</strong></span> 
     </span>
    </p>
   </div>
   <div class='ocr_carea' id='block_1_84' title="bbox 557 5250 2123 5325">
    <p class='ocr_par' dir='ltr' id='par_1_84' title="bbox 557 5250 2123 5325">
     <span class='ocr_line' id='line_1_84' title="bbox 557 5250 2123 5325; baseline 0.002 -22"><span class='ocrx_word' id='word_1_600' title='bbox 557 5264 802 5319; x_wconf 87' lang='lat' dir='ltr'><strong>congrua</strong></span> <span class='ocrx_word' id='word_1_601' title='bbox 833 5250 1021 5309; x_wconf 86' lang='lat' dir='ltr'><strong>locuti.</strong></span> <span class='ocrx_word' id='word_1_602' title='bbox 1055 5250 1386 5305; x_wconf 90' lang='lat' dir='ltr'><strong>dimiserunt</strong></span> <span class='ocrx_word' id='word_1_603' title='bbox 1431 5266 1580 5315; x_wconf 92' lang='lat' dir='ltr'><strong>eum,</strong></span> <span class='ocrx_word' id='word_1_604' title='bbox 1613 5251 1742 5319; x_wconf 87' lang='lat' dir='ltr'><strong>quia</strong></span> <span class='ocrx_word' id='word_1_605' title='bbox 1794 5252 1914 5325; x_wconf 88' lang='lat' dir='ltr'><strong>dies</strong></span> <span class='ocrx_word' id='word_1_606' title='bbox 1935 5253 2123 5307; x_wconf 88' lang='lat' dir='ltr'><strong>Domi-</strong></span> 
     </span>
    </p>
   </div>
   <div class='ocr_carea' id='block_1_85' title="bbox 560 5340 2121 5413">
    <p class='ocr_par' dir='ltr' id='par_1_85' title="bbox 560 5340 2121 5413">
     <span class='ocr_line' id='line_1_85' title="bbox 560 5340 2121 5413; baseline 0.003 -20"><span class='ocrx_word' id='word_1_607' title='bbox 560 5340 683 5394; x_wconf 91' lang='lat' dir='ltr'><strong>nica</strong></span> <span class='ocrx_word' id='word_1_608' title='bbox 714 5351 856 5404; x_wconf 88' lang='lat' dir='ltr'><strong>erat,</strong></span> <span class='ocrx_word' id='word_1_609' title='bbox 879 5351 934 5395; x_wconf 92' lang='lat' dir='ltr'><strong>et</strong></span> <span class='ocrx_word' id='word_1_610' title='bbox 952 5342 1199 5397; x_wconf 80' lang='lat' dir='ltr'><strong>divinum</strong></span> <span class='ocrx_word' id='word_1_611' title='bbox 1231 5343 1563 5397; x_wconf 86' lang='lat' dir='ltr'><strong>sacriﬁcium</strong></span> <span class='ocrx_word' id='word_1_612' title='bbox 1591 5344 1810 5397; x_wconf 75' lang='lat' dir='ltr'><strong>volebat</strong></span> <span class='ocrx_word' id='word_1_613' title='bbox 1835 5359 2121 5413; x_wconf 87' lang='lat' dir='ltr'><strong>peragere.</strong></span> 
     </span>
    </p>
   </div>
   <div class='ocr_carea' id='block_1_86' title="bbox 560 5416 2120 5504">
    <p class='ocr_par' dir='ltr' id='par_1_86' title="bbox 560 5416 2120 5504">
     <span class='ocr_line' id='line_1_86' title="bbox 560 5416 2120 5504; baseline 0.004 -22"><span class='ocrx_word' id='word_1_614' title='bbox 560 5416 697 5496; x_wconf 69' lang='lat' dir='ltr'><strong>Quis</strong></span> <span class='ocrx_word' id='word_1_615' title='bbox 719 5430 810 5484; x_wconf 84' lang='lat' dir='ltr'><strong>hic</strong></span> <span class='ocrx_word' id='word_1_616' title='bbox 843 5448 951 5485; x_wconf 93' lang='lat' dir='ltr'><strong>non</strong></span> <span class='ocrx_word' id='word_1_617' title='bbox 983 5442 1294 5504; x_wconf 85' lang='lat' dir='ltr'><strong>opportune</strong></span> <span class='ocrx_word' id='word_1_618' title='bbox 1334 5442 1563 5502; x_wconf 90' lang='lat' dir='ltr'><strong>usurpet</strong></span> <span class='ocrx_word' id='word_1_619' title='bbox 1589 5432 1679 5486; x_wconf 86' lang='lat' dir='ltr'><strong>illa</strong></span> <span class='ocrx_word' id='word_1_620' title='bbox 1707 5433 2120 5500; x_wconf 82' lang='lat' dir='ltr'><strong>Psalmiverba,</strong></span> 
     </span>
    </p>
   </div>
   <div class='ocr_carea' id='block_1_87' title="bbox 628 5544 1112 5605">
    <p class='ocr_par' dir='ltr' id='par_1_87' title="bbox 628 5544 1112 5605">
     <span class='ocr_line' id='line_1_87' title="bbox 628 5544 1112 5605; baseline 0.006 -8"><span class='ocrx_word' id='word_1_621' title='bbox 628 5544 673 5575; x_wconf 83' lang='lat'>&quot;</span> <span class='ocrx_word' id='word_1_622' title='bbox 704 5545 804 5599; x_wconf 84' lang='lat' dir='ltr'><strong>lsa.</strong></span> <span class='ocrx_word' id='word_1_623' title='bbox 846 5562 986 5605; x_wconf 78' lang='lat' dir='ltr'><strong>um,</strong></span> <span class='ocrx_word' id='word_1_624' title='bbox 1021 5546 1112 5600; x_wconf 71' lang='lat'><strong>20.</strong></span> 
     </span>
    </p>
   </div>
   <div class='ocr_carea' id='block_1_88' title="bbox 634 5658 2121 5730">
    <p class='ocr_par' dir='ltr' id='par_1_88' title="bbox 634 5658 2121 5730">
     <span class='ocr_line' id='line_1_88' title="bbox 634 5658 2121 5730; baseline 0.002 -17"><span class='ocrx_word' id='word_1_625' title='bbox 634 5660 710 5728; x_wconf 80' lang='grc' dir='ltr'><strong>(η)</strong></span> <span class='ocrx_word' id='word_1_626' title='bbox 744 5662 828 5715; x_wconf 85' lang='lat' dir='ltr'><strong>lsa</strong></span> <span class='ocrx_word' id='word_1_627' title='bbox 876 5676 1016 5724; x_wconf 71' lang='lat' dir='ltr'><strong>LXVI,</strong></span> <span class='ocrx_word' id='word_1_628' title='bbox 1057 5661 1149 5721; x_wconf 75' lang='grc'><strong>20.</strong></span> <span class='ocrx_word' id='word_1_629' title='bbox 1199 5661 1273 5715; x_wconf 83' lang='lat' dir='ltr'><strong>ita</strong></span> <span class='ocrx_word' id='word_1_630' title='bbox 1332 5658 1557 5730; x_wconf 82' lang='lat' dir='ltr'><strong>legitur,</strong></span> <span class='ocrx_word' id='word_1_631' title='bbox 1616 5661 1712 5713; x_wconf 79' lang='grc' dir='ltr'>καὶ</span> <span class='ocrx_word' id='word_1_632' title='bbox 1768 5661 1954 5726; x_wconf 77' lang='grc' dir='ltr'>ἄξουσι</span> <span class='ocrx_word' id='word_1_633' title='bbox 1994 5664 2121 5725; x_wconf 81' lang='grc' dir='ltr'>τοὺς</span> 
     </span>
    </p>
   </div>
   <div class='ocr_carea' id='block_1_89' title="bbox 559 5728 2119 5801">
    <p class='ocr_par' dir='ltr' id='par_1_89' title="bbox 559 5728 2119 5801">
     <span class='ocr_line' id='line_1_89' title="bbox 559 5728 2119 5801; baseline 0.006 -20"><span class='ocrx_word' id='word_1_634' title='bbox 559 5728 821 5801; x_wconf 73' lang='grc' dir='ltr'>ἀδελφοὺς</span> <span class='ocrx_word' id='word_1_635' title='bbox 845 5733 1002 5801; x_wconf 82' lang='grc' dir='ltr'>ἡμῶν</span> <span class='ocrx_word' id='word_1_636' title='bbox 1037 5733 1100 5785; x_wconf 81' lang='grc' dir='ltr'>ὲκ</span> <span class='ocrx_word' id='word_1_637' title='bbox 1138 5732 1353 5785; x_wconf 83' lang='grc' dir='ltr'>πάντων</span> <span class='ocrx_word' id='word_1_638' title='bbox 1381 5728 1490 5801; x_wconf 78' lang='grc' dir='ltr'><strong>τῶν</strong></span> <span class='ocrx_word' id='word_1_639' title='bbox 1515 5730 1886 5801; x_wconf 83' lang='grc' dir='ltr'>ὲθνῶν,δῶρον</span> <span class='ocrx_word' id='word_1_640' title='bbox 1906 5732 2119 5801; x_wconf 80' lang='grc' dir='ltr'>Κυρίῳ.</span> 
     </span>
    </p>
   </div>
   <div class='ocr_carea' id='block_1_90' title="bbox 566 5751 2121 5874">
    <p class='ocr_par' dir='ltr' id='par_1_90' title="bbox 566 5751 2121 5874">
     <span class='ocr_line' id='line_1_90' title="bbox 566 5751 2119 5801; baseline 0.001 -20"><span class='ocrx_word' id='word_1_641' title='bbox 566 5751 821 5799; x_wconf 74' lang='grc' dir='ltr'>αοεΛφους</span> <span class='ocrx_word' id='word_1_642' title='bbox 845 5751 876 5799; x_wconf 91' lang='grc' dir='ltr'><strong>η</strong></span> <span class='ocrx_word' id='word_1_643' title='bbox 888 5751 1002 5801; x_wconf 87' lang='grc' dir='ltr'><strong>μων</strong></span> <span class='ocrx_word' id='word_1_644' title='bbox 1037 5751 1100 5785; x_wconf 86' lang='grc' dir='ltr'>εκ</span> <span class='ocrx_word' id='word_1_645' title='bbox 1138 5751 1353 5785; x_wconf 84' lang='grc' dir='ltr'>παντων</span> <span class='ocrx_word' id='word_1_646' title='bbox 1381 5751 1490 5783; x_wconf 81' lang='grc' dir='ltr'><strong>των</strong></span> <span class='ocrx_word' id='word_1_647' title='bbox 1515 5751 1886 5801; x_wconf 83' lang='grc' dir='ltr'>ευνων,οωρον</span> <span class='ocrx_word' id='word_1_648' title='bbox 1908 5751 2049 5799; x_wconf 64' lang='grc' dir='ltr'>λυρι</span> <span class='ocrx_word' id='word_1_649' title='bbox 2106 5773 2119 5790; x_wconf 84' lang='grc'><strong>,</strong></span> 
     </span>
     <span class='ocr_line' id='line_1_91' title="bbox 566 5751 2121 5874; baseline 0.003 -23"><span class='ocrx_word' id='word_1_650' title='bbox 566 5798 683 5869; x_wconf 73' lang='grc' dir='ltr'>μεθ’</span> <span class='ocrx_word' id='word_1_651' title='bbox 718 5799 898 5855; x_wconf 71' lang='grc' dir='ltr'>ἵππων</span> <span class='ocrx_word' id='word_1_652' title='bbox 927 5805 1021 5856; x_wconf 69' lang='grc' dir='ltr'>καὶ</span> <span class='ocrx_word' id='word_1_653' title='bbox 1047 5802 1309 5874; x_wconf 80' lang='grc' dir='ltr'>ἁρμάτων</span> <span class='ocrx_word' id='word_1_654' title='bbox 1330 5804 1389 5855; x_wconf 84' lang='grc' dir='ltr'><strong>ὲν</strong></span> <span class='ocrx_word' id='word_1_655' title='bbox 1425 5800 1739 5873; x_wconf 82' lang='grc' dir='ltr'>λαμπήναις</span> <span class='ocrx_word' id='word_1_656' title='bbox 1772 5802 2029 5873; x_wconf 81' lang='grc' dir='ltr'><strong>ἡμιόνων·</strong></span> <span class='ocrx_word' id='word_1_657' title='bbox 2050 5751 2121 5857; x_wconf 49' lang='grc' dir='ltr'><strong>ἔτ</strong></span> 
     </span>
    </p>
   </div>
   <div class='ocr_carea' id='block_1_91' title="bbox 2226 3228 3826 3306">
    <p class='ocr_par' dir='ltr' id='par_1_91' title="bbox 2226 3228 3826 3306">
     <span class='ocr_line' id='line_1_92' title="bbox 2226 3228 3826 3306; baseline -0.006 -17"><span class='ocrx_word' id='word_1_658' title='bbox 2226 3235 2540 3306; x_wconf 86' lang='grc' dir='ltr'>δεδήλωται,</span> <span class='ocrx_word' id='word_1_659' title='bbox 2573 3238 2692 3288; x_wconf 78' lang='grc' dir='ltr'>ἐκεῖ</span> <span class='ocrx_word' id='word_1_660' title='bbox 2738 3234 2837 3305; x_wconf 83' lang='grc' dir='ltr'>τὴν</span> <span class='ocrx_word' id='word_1_661' title='bbox 2883 3234 3033 3287; x_wconf 82' lang='grc' dir='ltr'>θείαν</span> <span class='ocrx_word' id='word_1_662' title='bbox 3091 3233 3444 3304; x_wconf 76' lang='grc' dir='ltr'>λειτουργίαν</span> <span class='ocrx_word' id='word_1_663' title='bbox 3496 3229 3699 3291; x_wconf 86' lang='grc' dir='ltr'>ποιῶν,</span> <span class='ocrx_word' id='word_1_664' title='bbox 3728 3228 3826 3280; x_wconf 81' lang='grc' dir='ltr'>κά-</span> 
     </span>
    </p>
   </div>
   <div class='ocr_carea' id='block_1_92' title="bbox 2228 3324 3821 3397">
    <p class='ocr_par' dir='ltr' id='par_1_92' title="bbox 2228 3324 3821 3397">
     <span class='ocr_line' id='line_1_93' title="bbox 2228 3324 3821 3397; baseline -0.006 -15"><span class='ocrx_word' id='word_1_665' title='bbox 2228 3328 2408 3382; x_wconf 88' lang='grc' dir='ltr'>κεῖθεν</span> <span class='ocrx_word' id='word_1_666' title='bbox 2439 3328 2699 3397; x_wconf 71' lang='grc' dir='ltr'>ἐπαρθεὶς</span> <span class='ocrx_word' id='word_1_667' title='bbox 2732 3330 2760 3381; x_wconf 97' lang='lat'><strong>6</strong></span> <span class='ocrx_word' id='word_1_668' title='bbox 2794 3329 2941 3389; x_wconf 86' lang='grc' dir='ltr'>ὅσιος</span> <span class='ocrx_word' id='word_1_669' title='bbox 2966 3370 2980 3391; x_wconf 88' lang='grc'><strong>,</strong></span> <span class='ocrx_word' id='word_1_670' title='bbox 3032 3326 3241 3397; x_wconf 79' lang='grc' dir='ltr'>ὑπέστη</span> <span class='ocrx_word' id='word_1_671' title='bbox 3291 3326 3447 3396; x_wconf 80' lang='grc' dir='ltr'>ἅπερ</span> <span class='ocrx_word' id='word_1_672' title='bbox 3483 3324 3784 3392; x_wconf 79' lang='grc' dir='ltr'>ὑπέμεινεν</span> <span class='ocrx_word' id='word_1_673' title='bbox 3808 3334 3821 3348; x_wconf 79' lang='grc'><strong><em>⁸</em></strong></span> 
     </span>
    </p>
   </div>
   <div class='ocr_carea' id='block_1_93' title="bbox 2227 3415 3823 3492">
    <p class='ocr_par' dir='ltr' id='par_1_93' title="bbox 2227 3415 3823 3492">
     <span class='ocr_line' id='line_1_94' title="bbox 2227 3415 3823 3492; baseline -0.004 -19"><span class='ocrx_word' id='word_1_674' title='bbox 2227 3420 2524 3492; x_wconf 84' lang='grc' dir='ltr'>πληρώσας</span> <span class='ocrx_word' id='word_1_675' title='bbox 2550 3421 2605 3474; x_wconf 80' lang='grc' dir='ltr'><strong>δὲ</strong></span> <span class='ocrx_word' id='word_1_676' title='bbox 2632 3420 2723 3473; x_wconf 85' lang='grc' dir='ltr'><strong>τὸν</strong></span> <span class='ocrx_word' id='word_1_677' title='bbox 2751 3420 2969 3490; x_wconf 78' lang='grc' dir='ltr'>δρόμον,</span> <span class='ocrx_word' id='word_1_678' title='bbox 2995 3418 3184 3489; x_wconf 82' lang='grc' dir='ltr'>ὥσπερ</span> <span class='ocrx_word' id='word_1_679' title='bbox 3213 3420 3241 3471; x_wconf 93' lang='lat'><strong>6</strong></span> <span class='ocrx_word' id='word_1_680' title='bbox 3267 3417 3451 3489; x_wconf 77' lang='grc' dir='ltr'>ἥλιος,</span> <span class='ocrx_word' id='word_1_681' title='bbox 3486 3415 3823 3486; x_wconf 73' lang='grc' dir='ltr'>ἠγαλλιάσα-</span> 
     </span>
    </p>
   </div>
   <div class='ocr_carea' id='block_1_94' title="bbox 2225 3504 3822 3583">
    <p class='ocr_par' dir='ltr' id='par_1_94' title="bbox 2225 3504 3822 3583">
     <span class='ocr_line' id='line_1_95' title="bbox 2225 3504 3822 3583; baseline -0.007 -15"><span class='ocrx_word' id='word_1_682' title='bbox 2225 3533 2287 3568; x_wconf 90' lang='grc' dir='ltr'><strong>το</strong></span> <span class='ocrx_word' id='word_1_683' title='bbox 2333 3513 2557 3583; x_wconf 87' lang='grc' dir='ltr'>δραμὼν</span> <span class='ocrx_word' id='word_1_684' title='bbox 2606 3512 2682 3575; x_wconf 85' lang='grc' dir='ltr'><strong>ὡς</strong></span> <span class='ocrx_word' id='word_1_685' title='bbox 2734 3511 2891 3581; x_wconf 67' lang='grc' dir='ltr'>γίγας</span> <span class='ocrx_word' id='word_1_686' title='bbox 2919 3511 3057 3574; x_wconf 83' lang='grc' dir='ltr'>ὁδὸν,</span> <span class='ocrx_word' id='word_1_687' title='bbox 3088 3511 3180 3563; x_wconf 80' lang='grc' dir='ltr'>ἀπ’</span> <span class='ocrx_word' id='word_1_688' title='bbox 3210 3511 3386 3581; x_wconf 76' lang='grc' dir='ltr'>ἄκρου</span> <span class='ocrx_word' id='word_1_689' title='bbox 3435 3511 3537 3563; x_wconf 83' lang='grc' dir='ltr'><strong>τοῦ</strong></span> <span class='ocrx_word' id='word_1_690' title='bbox 3568 3504 3822 3579; x_wconf 77' lang='grc' dir='ltr'>οὐρανοῦ,</span> 
     </span>
    </p>
   </div>
   <div class='ocr_carea' id='block_1_95' title="bbox 2227 3593 3819 3671">
    <p class='ocr_par' dir='ltr' id='par_1_95' title="bbox 2227 3593 3819 3671">
     <span class='ocr_line' id='line_1_96' title="bbox 2227 3593 3819 3671; baseline -0.008 -13"><span class='ocrx_word' id='word_1_691' title='bbox 2227 3606 2321 3658; x_wconf 73' lang='grc' dir='ltr'><strong>καὶ</strong></span> <span class='ocrx_word' id='word_1_692' title='bbox 2371 3604 2432 3658; x_wconf 77' lang='grc' dir='ltr'><strong>τὸ</strong></span> <span class='ocrx_word' id='word_1_693' title='bbox 2487 3602 2815 3671; x_wconf 81' lang='grc' dir='ltr'>κατάντημα</span> <span class='ocrx_word' id='word_1_694' title='bbox 2861 3600 3025 3652; x_wconf 85' lang='grc' dir='ltr'>αὑτοῦ</span> <span class='ocrx_word' id='word_1_695' title='bbox 3058 3599 3161 3661; x_wconf 71' lang='grc' dir='ltr'>ἕως</span> <span class='ocrx_word' id='word_1_696' title='bbox 3188 3598 3361 3669; x_wconf 83' lang='grc' dir='ltr'>ἄκρου</span> <span class='ocrx_word' id='word_1_697' title='bbox 3401 3596 3576 3650; x_wconf 80' lang='grc' dir='ltr'>αὑτοῦ</span> <span class='ocrx_word' id='word_1_698' title='bbox 3616 3612 3630 3624; x_wconf 91' lang='grc'><strong>·</strong></span> <span class='ocrx_word' id='word_1_699' title='bbox 3662 3593 3819 3646; x_wconf 77' lang='grc' dir='ltr'>πάλιν</span> 
     </span>
    </p>
   </div>
   <div class='ocr_carea' id='block_1_96' title="bbox 2226 3684 3819 3765">
    <p class='ocr_par' dir='ltr' id='par_1_96' title="bbox 2226 3684 3819 3765">
     <span class='ocr_line' id='line_1_97' title="bbox 2226 3684 3819 3765; baseline -0.009 -17"><span class='ocrx_word' id='word_1_700' title='bbox 2226 3695 2338 3765; x_wconf 84' lang='grc' dir='ltr'>γὰρ</span> <span class='ocrx_word' id='word_1_701' title='bbox 2396 3697 2453 3747; x_wconf 77' lang='grc' dir='ltr'>ἓν</span> <span class='ocrx_word' id='word_1_702' title='bbox 2494 3696 2608 3756; x_wconf 85' lang='grc' dir='ltr'>τοῖς</span> <span class='ocrx_word' id='word_1_703' title='bbox 2651 3690 2918 3762; x_wconf 70' lang='grc' dir='ltr'>Ὀρμισδᾶ</span> <span class='ocrx_word' id='word_1_704' title='bbox 2941 3690 3290 3759; x_wconf 80' lang='grc' dir='ltr'>ἀπεκατέστη</span> <span class='ocrx_word' id='word_1_705' title='bbox 3329 3690 3410 3752; x_wconf 85' lang='grc' dir='ltr'>ὡς</span> <span class='ocrx_word' id='word_1_706' title='bbox 3435 3687 3679 3757; x_wconf 71' lang='grc' dir='ltr'>νυμφίος</span> <span class='ocrx_word' id='word_1_707' title='bbox 3708 3684 3819 3736; x_wconf 83' lang='grc' dir='ltr'>είσ-</span> 
     </span>
    </p>
   </div>
   <div class='ocr_carea' id='block_1_97' title="bbox 2226 3775 3814 3856">
    <p class='ocr_par' dir='ltr' id='par_1_97' title="bbox 2226 3775 3814 3856">
     <span class='ocr_line' id='line_1_98' title="bbox 2226 3775 3814 3856; baseline -0.008 -18"><span class='ocrx_word' id='word_1_708' title='bbox 2226 3785 2593 3856; x_wconf 74' lang='grc' dir='ltr'>πορευόμενος</span> <span class='ocrx_word' id='word_1_709' title='bbox 2618 3783 2709 3835; x_wconf 83' lang='grc' dir='ltr'><strong>τὸν</strong></span> <span class='ocrx_word' id='word_1_710' title='bbox 2734 3782 2938 3835; x_wconf 73' lang='grc' dir='ltr'>παστὸν</span> <span class='ocrx_word' id='word_1_711' title='bbox 2966 3780 3151 3845; x_wconf 80' lang='grc' dir='ltr'>αὑτοῦ,</span> <span class='ocrx_word' id='word_1_712' title='bbox 3179 3783 3270 3833; x_wconf 70' lang='grc' dir='ltr'>καὶ</span> <span class='ocrx_word' id='word_1_713' title='bbox 3295 3781 3402 3833; x_wconf 87' lang='grc' dir='ltr'><strong>οὑκ</strong></span> <span class='ocrx_word' id='word_1_714' title='bbox 3420 3775 3495 3851; x_wconf 81' lang='grc' dir='ltr'>ἦν</span> <span class='ocrx_word' id='word_1_715' title='bbox 3522 3780 3552 3831; x_wconf 88' lang='lat'><strong>6</strong></span> <span class='ocrx_word' id='word_1_716' title='bbox 3575 3780 3814 3844; x_wconf 83' lang='grc' dir='ltr'>ἀποκρυ-</span> 
     </span>
    </p>
   </div>
   <div class='ocr_carea' id='block_1_98' title="bbox 2227 3871 3815 3947">
    <p class='ocr_par' dir='ltr' id='par_1_98' title="bbox 2227 3871 3815 3947">
     <span class='ocr_line' id='line_1_99' title="bbox 2227 3871 3815 3947; baseline -0.008 -15"><span class='ocrx_word' id='word_1_717' title='bbox 2227 3880 2361 3944; x_wconf 70' lang='grc' dir='ltr'>ϐεἱς,</span> <span class='ocrx_word' id='word_1_718' title='bbox 2393 3879 2486 3932; x_wconf 78' lang='grc' dir='ltr'>καὶ</span> <span class='ocrx_word' id='word_1_719' title='bbox 2522 3880 2593 3947; x_wconf 82' lang='grc' dir='ltr'><strong>μὴ</strong></span> <span class='ocrx_word' id='word_1_720' title='bbox 2624 3876 2936 3942; x_wconf 82' lang='grc' dir='ltr'>ἀπολαύσας</span> <span class='ocrx_word' id='word_1_721' title='bbox 2968 3873 3133 3927; x_wconf 76' lang='grc' dir='ltr'>αὑτοῦ</span> <span class='ocrx_word' id='word_1_722' title='bbox 3159 3874 3257 3942; x_wconf 83' lang='grc' dir='ltr'><strong>τῆς</strong></span> <span class='ocrx_word' id='word_1_723' title='bbox 3284 3872 3525 3943; x_wconf 86' lang='grc' dir='ltr'>θέρμης.</span> <span class='ocrx_word' id='word_1_724' title='bbox 3556 3871 3815 3928; x_wconf 79' lang='grc' dir='ltr'>Ἕκαστος</span> 
     </span>
    </p>
   </div>
   <div class='ocr_carea' id='block_1_99' title="bbox 2224 3958 3810 4043">
    <p class='ocr_par' dir='ltr' id='par_1_99' title="bbox 2224 3958 3810 4043">
     <span class='ocr_line' id='line_1_100' title="bbox 2224 3958 3810 4043; baseline -0.011 -15"><span class='ocrx_word' id='word_1_725' title='bbox 2224 3975 2333 4043; x_wconf 84' lang='grc' dir='ltr'>γὰρ</span> <span class='ocrx_word' id='word_1_726' title='bbox 2397 3973 2504 4025; x_wconf 78' lang='grc' dir='ltr'><strong>τῶν</strong></span> <span class='ocrx_word' id='word_1_727' title='bbox 2535 3971 2739 4024; x_wconf 82' lang='grc' dir='ltr'>πιστῶν</span> <span class='ocrx_word' id='word_1_728' title='bbox 2763 3968 2863 4022; x_wconf 79' lang='grc' dir='ltr'><strong>,τοῦ</strong></span> <span class='ocrx_word' id='word_1_729' title='bbox 2906 3966 3179 4039; x_wconf 82' lang='grc' dir='ltr'>ἁγιασμοῦ</span> <span class='ocrx_word' id='word_1_730' title='bbox 3213 3966 3309 4019; x_wconf 59' lang='grc' dir='ltr'><strong>καλ⁵</strong></span> <span class='ocrx_word' id='word_1_731' title='bbox 3332 3966 3436 4035; x_wconf 85' lang='grc' dir='ltr'>τῆς</span> <span class='ocrx_word' id='word_1_732' title='bbox 3474 3964 3697 4035; x_wconf 81' lang='grc' dir='ltr'>χάριτος</span> <span class='ocrx_word' id='word_1_733' title='bbox 3717 3958 3810 4011; x_wconf 80' lang='grc' dir='ltr'>αὑ-</span> 
     </span>
    </p>
   </div>
   <div class='ocr_carea' id='block_1_100' title="bbox 2223 4047 3810 4132">
    <p class='ocr_par' dir='ltr' id='par_1_100' title="bbox 2223 4047 3810 4132">
     <span class='ocr_line' id='line_1_101' title="bbox 2223 4047 3810 4132; baseline -0.011 -15"><span class='ocrx_word' id='word_1_734' title='bbox 2223 4063 2317 4117; x_wconf 83' lang='grc' dir='ltr'>τοῦ</span> <span class='ocrx_word' id='word_1_735' title='bbox 2368 4062 2793 4132; x_wconf 77' lang='grc' dir='ltr'>μετελάμϐανον,</span> <span class='ocrx_word' id='word_1_736' title='bbox 2821 4061 2930 4114; x_wconf 77' lang='grc' dir='ltr'>εἴτε</span> <span class='ocrx_word' id='word_1_737' title='bbox 2976 4060 3063 4113; x_wconf 86' lang='grc' dir='ltr'><strong>διά</strong></span> <span class='ocrx_word' id='word_1_738' title='bbox 3123 4059 3221 4126; x_wconf 82' lang='grc' dir='ltr'>τῆς</span> <span class='ocrx_word' id='word_1_739' title='bbox 3265 4056 3540 4127; x_wconf 71' lang='grc' dir='ltr'>ὁράσεως,</span> <span class='ocrx_word' id='word_1_740' title='bbox 3593 4053 3701 4106; x_wconf 78' lang='grc' dir='ltr'>εἴτε</span> <span class='ocrx_word' id='word_1_741' title='bbox 3728 4047 3810 4102; x_wconf 69' lang='grc' dir='ltr'>διὰ</span> 
     </span>
    </p>
   </div>
   <div class='ocr_carea' id='block_1_101' title="bbox 2224 4137 3806 4226">
    <p class='ocr_par' dir='ltr' id='par_1_101' title="bbox 2224 4137 3806 4226">
     <span class='ocr_line' id='line_1_102' title="bbox 2224 4137 3806 4226; baseline -0.004 -19"><span class='ocrx_word' id='word_1_742' title='bbox 2224 4156 2324 4226; x_wconf 80' lang='grc' dir='ltr'>τῆς</span> <span class='ocrx_word' id='word_1_743' title='bbox 2359 4155 2522 4224; x_wconf 80' lang='grc' dir='ltr'>ἁφῆς,</span> <span class='ocrx_word' id='word_1_744' title='bbox 2567 4152 2751 4205; x_wconf 77' lang='grc' dir='ltr'>πολλοὶ</span> <span class='ocrx_word' id='word_1_745' title='bbox 2779 4151 2835 4204; x_wconf 80' lang='grc' dir='ltr'>δὲ</span> <span class='ocrx_word' id='word_1_746' title='bbox 2862 4152 2956 4204; x_wconf 62' lang='grc' dir='ltr'><strong>καὶ¹</strong></span> <span class='ocrx_word' id='word_1_747' title='bbox 2984 4150 3071 4203; x_wconf 81' lang='grc' dir='ltr'>διὰ</span> <span class='ocrx_word' id='word_1_748' title='bbox 3096 4148 3190 4202; x_wconf 80' lang='grc' dir='ltr'>τοῦ</span> <span class='ocrx_word' id='word_1_749' title='bbox 3222 4147 3467 4218; x_wconf 85' lang='grc' dir='ltr'>μήκοθεν</span> <span class='ocrx_word' id='word_1_750' title='bbox 3496 4137 3806 4211; x_wconf 63' lang='grc' dir='ltr'>ἀσπασμοῦ,</span> 
     </span>
    </p>
   </div>
   <div class='ocr_carea' id='block_1_102' title="bbox 2226 4231 3803 4316">
    <p class='ocr_par' dir='ltr' id='par_1_102' title="bbox 2226 4231 3803 4316">
     <span class='ocr_line' id='line_1_103' title="bbox 2226 4231 3803 4316; baseline -0.011 -15"><span class='ocrx_word' id='word_1_751' title='bbox 2226 4250 2318 4301; x_wconf 77' lang='grc' dir='ltr'><strong>καὶ</strong></span> <span class='ocrx_word' id='word_1_752' title='bbox 2341 4246 2441 4316; x_wconf 80' lang='grc' dir='ltr'><strong>τῆς</strong></span> <span class='ocrx_word' id='word_1_753' title='bbox 2473 4246 2726 4313; x_wconf 81' lang='grc' dir='ltr'>γλυκείας</span> <span class='ocrx_word' id='word_1_754' title='bbox 2755 4242 3047 4307; x_wconf 77' lang='grc' dir='ltr'>ἐντεύξεως</span> <span class='ocrx_word' id='word_1_755' title='bbox 3073 4240 3236 4295; x_wconf 81' lang='grc' dir='ltr'>αὑτοῦ</span> <span class='ocrx_word' id='word_1_756' title='bbox 3262 4240 3643 4310; x_wconf 81' lang='grc' dir='ltr'>ὠσφραίνοντο</span> <span class='ocrx_word' id='word_1_757' title='bbox 3668 4251 3683 4264; x_wconf 91' lang='grc'><strong>·</strong></span> <span class='ocrx_word' id='word_1_758' title='bbox 3713 4231 3803 4286; x_wconf 82' lang='grc' dir='ltr'>ἀλ-</span> 
     </span>
    </p>
   </div>
   <div class='ocr_carea' id='block_1_103' title="bbox 2224 4326 3805 4407">
    <p class='ocr_par' dir='ltr' id='par_1_103' title="bbox 2224 4326 3805 4407">
     <span class='ocr_line' id='line_1_104' title="bbox 2224 4326 3805 4407; baseline -0.011 -15"><span class='ocrx_word' id='word_1_759' title='bbox 2224 4338 2305 4392; x_wconf 88' lang='grc' dir='ltr'><strong>λοι</strong></span> <span class='ocrx_word' id='word_1_760' title='bbox 2324 4338 2381 4392; x_wconf 81' lang='grc' dir='ltr'><strong>δὲ</strong></span> <span class='ocrx_word' id='word_1_761' title='bbox 2398 4338 2483 4390; x_wconf 75' lang='grc' dir='ltr'><strong>διὰ</strong></span> <span class='ocrx_word' id='word_1_762' title='bbox 2507 4337 2605 4407; x_wconf 80' lang='grc' dir='ltr'><strong>τῆς</strong></span> <span class='ocrx_word' id='word_1_763' title='bbox 2635 4335 2804 4404; x_wconf 83' lang='grc' dir='ltr'>ἀκοῆς</span> <span class='ocrx_word' id='word_1_764' title='bbox 2833 4327 3167 4404; x_wconf 73' lang='grc' dir='ltr'>ἠγαλλιῶντο</span> <span class='ocrx_word' id='word_1_765' title='bbox 3198 4331 3456 4402; x_wconf 82' lang='grc' dir='ltr'>μεγάλως</span> <span class='ocrx_word' id='word_1_766' title='bbox 3484 4348 3499 4360; x_wconf 88' lang='grc'><strong>·</strong></span> <span class='ocrx_word' id='word_1_767' title='bbox 3522 4330 3602 4389; x_wconf 81' lang='grc' dir='ltr'>εἰς</span> <span class='ocrx_word' id='word_1_768' title='bbox 3632 4326 3805 4377; x_wconf 72' lang='grc' dir='ltr'>πᾶσαν</span> 
     </span>
    </p>
   </div>
   <div class='ocr_carea' id='block_1_104' title="bbox 2228 4412 3798 4501">
    <p class='ocr_par' dir='ltr' id='par_1_104' title="bbox 2228 4412 3798 4501">
     <span class='ocr_line' id='line_1_105' title="bbox 2228 4412 3798 4501; baseline -0.012 -17"><span class='ocrx_word' id='word_1_769' title='bbox 2228 4428 2337 4501; x_wconf 79' lang='grc' dir='ltr'>γὰρ</span> <span class='ocrx_word' id='word_1_770' title='bbox 2356 4432 2453 4500; x_wconf 78' lang='grc' dir='ltr'>τὴν</span> <span class='ocrx_word' id='word_1_771' title='bbox 2487 4429 2589 4498; x_wconf 81' lang='grc' dir='ltr'>γῆν</span> <span class='ocrx_word' id='word_1_772' title='bbox 2620 4427 2839 4495; x_wconf 76' lang='grc' dir='ltr'>ἐξῆλθεν</span> <span class='ocrx_word' id='word_1_773' title='bbox 2864 4425 3064 4496; x_wconf 77' lang='grc' dir='ltr'>μικρὸν</span> <span class='ocrx_word' id='word_1_774' title='bbox 3098 4422 3324 4493; x_wconf 78' lang='grc' dir='ltr'>ὕστερον</span> <span class='ocrx_word' id='word_1_775' title='bbox 3354 4424 3386 4491; x_wconf 84' lang='grc' dir='ltr'>ἡ</span> <span class='ocrx_word' id='word_1_776' title='bbox 3425 4423 3586 4491; x_wconf 77' lang='grc' dir='ltr'>φήμη</span> <span class='ocrx_word' id='word_1_777' title='bbox 3622 4412 3798 4470; x_wconf 83' lang='grc' dir='ltr'>αὑτοῦ.</span> 
     </span>
    </p>
   </div>
   <div class='ocr_carea' id='block_1_105' title="bbox 2302 4503 3799 4587">
    <p class='ocr_par' dir='ltr' id='par_1_105' title="bbox 2302 4503 3799 4587">
     <span class='ocr_line' id='line_1_106' title="bbox 2302 4503 3799 4587; baseline -0.007 -15"><span class='ocrx_word' id='word_1_778' title='bbox 2302 4518 2405 4585; x_wconf 82' lang='grc' dir='ltr'>ος’.</span> <span class='ocrx_word' id='word_1_779' title='bbox 2429 4517 2892 4587; x_wconf 83' lang='grc' dir='ltr'>Διανυκτερεύσας</span> <span class='ocrx_word' id='word_1_780' title='bbox 2917 4516 3098 4568; x_wconf 77' lang='grc' dir='ltr'>τοίνυν</span> <span class='ocrx_word' id='word_1_781' title='bbox 3133 4517 3188 4566; x_wconf 79' lang='grc' dir='ltr'>ὲν</span> <span class='ocrx_word' id='word_1_782' title='bbox 3215 4514 3293 4583; x_wconf 80' lang='grc' dir='ltr'>τῷ</span> <span class='ocrx_word' id='word_1_783' title='bbox 3321 4513 3475 4582; x_wconf 82' lang='grc' dir='ltr'>αὑτῷ</span> <span class='ocrx_word' id='word_1_784' title='bbox 3504 4513 3639 4579; x_wconf 73' lang='grc' dir='ltr'>οἴκῳ</span> <span class='ocrx_word' id='word_1_785' title='bbox 3662 4548 3675 4567; x_wconf 86' lang='grc'><strong>,</strong></span> <span class='ocrx_word' id='word_1_786' title='bbox 3712 4503 3799 4557; x_wconf 81' lang='grc' dir='ltr'>καὶ</span> 
     </span>
    </p>
   </div>
   <div class='ocr_carea' id='block_1_106' title="bbox 2225 4592 3797 4678">
    <p class='ocr_par' dir='ltr' id='par_1_106' title="bbox 2225 4592 3797 4678">
     <span class='ocr_line' id='line_1_107' title="bbox 2225 4592 3797 4678; baseline -0.011 -15"><span class='ocrx_word' id='word_1_787' title='bbox 2225 4610 2463 4678; x_wconf 80' lang='grc' dir='ltr'>φορέσας</span> <span class='ocrx_word' id='word_1_788' title='bbox 2492 4608 2659 4661; x_wconf 74' lang='grc' dir='ltr'>ἕωθεν</span> <span class='ocrx_word' id='word_1_789' title='bbox 2676 4608 2737 4661; x_wconf 82' lang='grc' dir='ltr'><strong>τὸ</strong></span> <span class='ocrx_word' id='word_1_790' title='bbox 2767 4607 3094 4677; x_wconf 81' lang='grc' dir='ltr'>ὠμοφόριον,</span> <span class='ocrx_word' id='word_1_791' title='bbox 3125 4607 3262 4677; x_wconf 78' lang='grc' dir='ltr'>ὅπερ</span> <span class='ocrx_word' id='word_1_792' title='bbox 3315 4608 3411 4658; x_wconf 76' lang='grc' dir='ltr'>καὶ</span> <span class='ocrx_word' id='word_1_793' title='bbox 3469 4603 3588 4673; x_wconf 79' lang='grc' dir='ltr'>μεθ’</span> <span class='ocrx_word' id='word_1_794' title='bbox 3614 4592 3797 4652; x_wconf 78' lang='grc' dir='ltr'>ἑαυτοῦ</span> 
     </span>
    </p>
   </div>
   <div class='ocr_carea' id='block_1_107' title="bbox 2223 4684 3795 4772">
    <p class='ocr_par' dir='ltr' id='par_1_107' title="bbox 2223 4684 3795 4772">
     <span class='ocr_line' id='line_1_108' title="bbox 2223 4684 3795 4772; baseline -0.006 -17"><span class='ocrx_word' id='word_1_795' title='bbox 2223 4702 2402 4755; x_wconf 75' lang='grc' dir='ltr'>λαϐὼν</span> <span class='ocrx_word' id='word_1_796' title='bbox 2434 4698 2577 4772; x_wconf 84' lang='grc' dir='ltr'>εἶχεν</span> <span class='ocrx_word' id='word_1_797' title='bbox 2601 4700 2708 4763; x_wconf 67' lang='grc' dir='ltr'>ἀεὶ,</span> <span class='ocrx_word' id='word_1_798' title='bbox 2732 4700 3063 4770; x_wconf 83' lang='grc' dir='ltr'>παρεγένετο</span> <span class='ocrx_word' id='word_1_799' title='bbox 3101 4698 3239 4769; x_wconf 79' lang='grc' dir='ltr'><strong>μετά</strong></span> <span class='ocrx_word' id='word_1_800' title='bbox 3262 4698 3355 4751; x_wconf 75' lang='grc' dir='ltr'><strong>τοῦ</strong></span> <span class='ocrx_word' id='word_1_801' title='bbox 3380 4694 3615 4763; x_wconf 81' lang='grc' dir='ltr'>εὑαγοῦς</span> <span class='ocrx_word' id='word_1_802' title='bbox 3641 4684 3795 4743; x_wconf 71' lang='grc' dir='ltr'>αὐτοῦ</span> 
     </span>
    </p>
   </div>
   <div class='ocr_carea' id='block_1_108' title="bbox 2227 4778 3793 4863">
    <p class='ocr_par' dir='ltr' id='par_1_108' title="bbox 2227 4778 3793 4863">
     <span class='ocr_line' id='line_1_109' title="bbox 2227 4778 3793 4863; baseline -0.008 -16"><span class='ocrx_word' id='word_1_803' title='bbox 2227 4793 2326 4863; x_wconf 52' lang='lat' dir='ltr'><strong>alii</strong></span> <span class='ocrx_word' id='word_1_804' title='bbox 2337 4780 2429 4863; x_wconf 14' lang='grc' dir='ltr'>ρονυ</span> <span class='ocrx_word' id='word_1_805' title='bbox 2466 4792 2546 4855; x_wconf 89' lang='grc' dir='ltr'>είς</span> <span class='ocrx_word' id='word_1_806' title='bbox 2568 4791 2658 4844; x_wconf 83' lang='grc' dir='ltr'><strong>τὸν</strong></span> <span class='ocrx_word' id='word_1_807' title='bbox 2680 4791 2989 4843; x_wconf 83' lang='grc' dir='ltr'>πάνσεπτον</span> <span class='ocrx_word' id='word_1_808' title='bbox 3008 4785 3155 4842; x_wconf 84' lang='grc' dir='ltr'>οῐκον</span> <span class='ocrx_word' id='word_1_809' title='bbox 3171 4792 3271 4858; x_wconf 80' lang='grc' dir='ltr'><strong>τῆς</strong></span> <span class='ocrx_word' id='word_1_810' title='bbox 3298 4788 3573 4855; x_wconf 82' lang='grc' dir='ltr'>παναγίας</span> <span class='ocrx_word' id='word_1_811' title='bbox 3602 4778 3793 4851; x_wconf 79' lang='grc' dir='ltr'>ἀχράν-</span> 
     </span>
    </p>
   </div>
   <div class='ocr_carea' id='block_1_109' title="bbox 2226 4870 3791 4952">
    <p class='ocr_par' dir='ltr' id='par_1_109' title="bbox 2226 4870 3791 4952">
     <span class='ocr_line' id='line_1_110' title="bbox 2226 4870 3791 4952; baseline -0.009 -15"><span class='ocrx_word' id='word_1_812' title='bbox 2226 4900 2322 4937; x_wconf 85' lang='grc' dir='ltr'><strong>του</strong></span> <span class='ocrx_word' id='word_1_813' title='bbox 2343 4884 2645 4952; x_wconf 86' lang='grc' dir='ltr'>Δεσποίνης</span> <span class='ocrx_word' id='word_1_814' title='bbox 2668 4882 2827 4952; x_wconf 75' lang='grc' dir='ltr'>ἡμῶν</span> <span class='ocrx_word' id='word_1_815' title='bbox 2851 4874 3122 4935; x_wconf 84' lang='grc' dir='ltr'>Θεοτόκου</span> <span class='ocrx_word' id='word_1_816' title='bbox 3148 4881 3242 4933; x_wconf 72' lang='grc' dir='ltr'>καὶ</span> <span class='ocrx_word' id='word_1_817' title='bbox 3261 4881 3349 4932; x_wconf 73' lang='grc' dir='ltr'><strong>ἀεὶ</strong></span> <span class='ocrx_word' id='word_1_818' title='bbox 3384 4876 3654 4949; x_wconf 86' lang='grc' dir='ltr'>παρθένου</span> <span class='ocrx_word' id='word_1_819' title='bbox 3678 4870 3791 4925; x_wconf 83' lang='grc' dir='ltr'><strong>Μα-</strong></span> 
     </span>
    </p>
   </div>
   <div class='ocr_carea' id='block_1_110' title="bbox 2232 4964 3789 5045">
    <p class='ocr_par' dir='ltr' id='par_1_110' title="bbox 2232 4964 3789 5045">
     <span class='ocr_line' id='line_1_111' title="bbox 2232 4964 3789 5045; baseline 0 -18"><span class='ocrx_word' id='word_1_820' title='bbox 2232 4976 2374 5045; x_wconf 86' lang='grc' dir='ltr'>ρίας,</span> <span class='ocrx_word' id='word_1_821' title='bbox 2405 4976 2496 5028; x_wconf 85' lang='grc' dir='ltr'><strong>τὸν</strong></span> <span class='ocrx_word' id='word_1_822' title='bbox 2523 4976 2829 5045; x_wconf 85' lang='grc' dir='ltr'>τιμώμενον</span> <span class='ocrx_word' id='word_1_823' title='bbox 2852 4974 2909 5027; x_wconf 82' lang='grc' dir='ltr'><strong>ὲν</strong></span> <span class='ocrx_word' id='word_1_824' title='bbox 2945 4973 3277 5043; x_wconf 78' lang='grc' dir='ltr'>Βλαχέρναις</span> <span class='ocrx_word' id='word_1_825' title='bbox 3300 4988 3315 5003; x_wconf 76' lang='grc' dir='ltr'><strong><em>ο</em></strong></span> <span class='ocrx_word' id='word_1_826' title='bbox 3345 4972 3465 5024; x_wconf 76' lang='grc' dir='ltr'>ἐκεῖ</span> <span class='ocrx_word' id='word_1_827' title='bbox 3484 4969 3594 5037; x_wconf 71' lang='grc' dir='ltr'>γὰρ</span> <span class='ocrx_word' id='word_1_828' title='bbox 3615 4964 3789 5032; x_wconf 78' lang='grc' dir='ltr'>διῆγον</span> 
     </span>
    </p>
   </div>
   <div class='ocr_carea' id='block_1_111' title="bbox 2227 5047 3787 5138">
    <p class='ocr_par' dir='ltr' id='par_1_111' title="bbox 2227 5047 3787 5138">
     <span class='ocr_line' id='line_1_112' title="bbox 2227 5047 3787 5138; baseline -0.01 -14"><span class='ocrx_word' id='word_1_829' title='bbox 2227 5072 2278 5124; x_wconf 85' lang='grc' dir='ltr'><strong>οἰ</strong></span> <span class='ocrx_word' id='word_1_830' title='bbox 2315 5072 2371 5123; x_wconf 80' lang='grc' dir='ltr'>ἐν</span> <span class='ocrx_word' id='word_1_831' title='bbox 2405 5068 2617 5121; x_wconf 79' lang='grc' dir='ltr'>εὑσεόεῐ</span> <span class='ocrx_word' id='word_1_832' title='bbox 2651 5070 2716 5138; x_wconf 83' lang='grc' dir='ltr'>τῇ</span> <span class='ocrx_word' id='word_1_833' title='bbox 2753 5054 2940 5138; x_wconf 80' lang='grc' dir='ltr'>μνήμῃ</span> <span class='ocrx_word' id='word_1_834' title='bbox 2985 5066 3268 5127; x_wconf 85' lang='grc' dir='ltr'>Ἰουστῖνος</span> <span class='ocrx_word' id='word_1_835' title='bbox 3297 5064 3389 5116; x_wconf 72' lang='grc' dir='ltr'><strong>καὶ</strong></span> <span class='ocrx_word' id='word_1_836' title='bbox 3420 5060 3669 5129; x_wconf 76' lang='grc' dir='ltr'>Τιϐέριος</span> <span class='ocrx_word' id='word_1_837' title='bbox 3690 5067 3702 5079; x_wconf 90' lang='grc'><strong>·</strong></span> <span class='ocrx_word' id='word_1_838' title='bbox 3742 5047 3787 5103; x_wconf 82' lang='grc' dir='ltr'>οἶ</span> 
     </span>
    </p>
   </div>
   <div class='ocr_carea' id='block_1_112' title="bbox 2228 5144 3784 5225">
    <p class='ocr_par' dir='ltr' id='par_1_112' title="bbox 2228 5144 3784 5225">
     <span class='ocr_line' id='line_1_113' title="bbox 2228 5144 3784 5225; baseline -0.008 -14"><span class='ocrx_word' id='word_1_839' title='bbox 2228 5159 2324 5211; x_wconf 72' lang='grc' dir='ltr'><strong>καὶ</strong></span> <span class='ocrx_word' id='word_1_840' title='bbox 2354 5157 2635 5225; x_wconf 77' lang='grc' dir='ltr'>δεξάμενοι</span> <span class='ocrx_word' id='word_1_841' title='bbox 2682 5157 2773 5209; x_wconf 70' lang='grc' dir='ltr'>τὸν</span> <span class='ocrx_word' id='word_1_842' title='bbox 2809 5157 2974 5215; x_wconf 84' lang='grc' dir='ltr'>ὅσιον,</span> <span class='ocrx_word' id='word_1_843' title='bbox 3015 5154 3153 5225; x_wconf 85' lang='grc' dir='ltr'><strong>μετά</strong></span> <span class='ocrx_word' id='word_1_844' title='bbox 3182 5152 3387 5222; x_wconf 81' lang='grc' dir='ltr'>πολλῆς</span> <span class='ocrx_word' id='word_1_845' title='bbox 3442 5144 3784 5218; x_wconf 78' lang='grc' dir='ltr'>φαιδρότητος</span> 
     </span>
    </p>
   </div>
   <div class='ocr_carea' id='block_1_113' title="bbox 2232 5236 3784 5319">
    <p class='ocr_par' dir='ltr' id='par_1_113' title="bbox 2232 5236 3784 5319">
     <span class='ocr_line' id='line_1_114' title="bbox 2232 5236 3784 5319; baseline -0.012 -17"><span class='ocrx_word' id='word_1_846' title='bbox 2232 5250 2328 5303; x_wconf 64' lang='grc' dir='ltr'><strong>καί⁵</strong></span> <span class='ocrx_word' id='word_1_847' title='bbox 2352 5252 2452 5319; x_wconf 80' lang='grc' dir='ltr'><strong>τῆς</strong></span> <span class='ocrx_word' id='word_1_848' title='bbox 2475 5247 2795 5319; x_wconf 81' lang='grc' dir='ltr'>πρεπούσης</span> <span class='ocrx_word' id='word_1_849' title='bbox 2826 5248 3012 5317; x_wconf 75' lang='grc' dir='ltr'>τιμῆς,</span> <span class='ocrx_word' id='word_1_850' title='bbox 3043 5246 3113 5299; x_wconf 80' lang='grc' dir='ltr'>τὰ</span> <span class='ocrx_word' id='word_1_851' title='bbox 3147 5246 3431 5317; x_wconf 76' lang='grc' dir='ltr'>πρόσφορα</span> <span class='ocrx_word' id='word_1_852' title='bbox 3455 5246 3548 5295; x_wconf 74' lang='grc' dir='ltr'><strong>καὶ</strong></span> <span class='ocrx_word' id='word_1_853' title='bbox 3577 5236 3648 5307; x_wconf 80' lang='grc' dir='ltr'><strong>τῷ</strong></span> <span class='ocrx_word' id='word_1_854' title='bbox 3675 5248 3784 5284; x_wconf 79' lang='grc' dir='ltr'>και-</span> 
     </span>
    </p>
   </div>
   <div class='ocr_carea' id='block_1_114' title="bbox 2235 5323 3779 5409">
    <p class='ocr_par' dir='ltr' id='par_1_114' title="bbox 2235 5323 3779 5409">
     <span class='ocr_line' id='line_1_115' title="bbox 2235 5323 3779 5409; baseline -0.025 1"><span class='ocrx_word' id='word_1_855' title='bbox 2235 5339 2314 5409; x_wconf 71' lang='grc' dir='ltr'>ρῷ</span> <span class='ocrx_word' id='word_1_856' title='bbox 2371 5342 2653 5409; x_wconf 71' lang='grc' dir='ltr'>πρέποντα</span> <span class='ocrx_word' id='word_1_857' title='bbox 2713 5339 3216 5408; x_wconf 82' lang='grc' dir='ltr'>συντετυχηκότες,</span> <span class='ocrx_word' id='word_1_858' title='bbox 3288 5338 3565 5391; x_wconf 84' lang='grc' dir='ltr'>ἀπέλυσαν</span> <span class='ocrx_word' id='word_1_859' title='bbox 3632 5323 3779 5381; x_wconf 81' lang='grc' dir='ltr'>αὑτὸν</span> 
     </span>
    </p>
   </div>
   <div class='ocr_carea' id='block_1_115' title="bbox 2228 5418 3777 5505">
    <p class='ocr_par' dir='ltr' id='par_1_115' title="bbox 2228 5418 3777 5505">
     <span class='ocr_line' id='line_1_116' title="bbox 2228 5418 3777 5505; baseline -0.001 -18"><span class='ocrx_word' id='word_1_860' title='bbox 2228 5433 2513 5503; x_wconf 76' lang='grc' dir='ltr'>ὀφείλοντα</span> <span class='ocrx_word' id='word_1_861' title='bbox 2565 5434 2666 5505; x_wconf 83' lang='grc' dir='ltr'>τὴν</span> <span class='ocrx_word' id='word_1_862' title='bbox 2702 5433 2851 5488; x_wconf 86' lang='grc' dir='ltr'>θείαν</span> <span class='ocrx_word' id='word_1_863' title='bbox 2891 5431 3171 5486; x_wconf 77' lang='grc' dir='ltr'>ἐκτελέσαι</span> <span class='ocrx_word' id='word_1_864' title='bbox 3196 5430 3533 5501; x_wconf 83' lang='grc' dir='ltr'>λειτουργίαν</span> <span class='ocrx_word' id='word_1_865' title='bbox 3556 5442 3571 5458; x_wconf 80' lang='grc'><strong><em>⁸</em></strong></span> <span class='ocrx_word' id='word_1_866' title='bbox 3622 5418 3777 5492; x_wconf 75' lang='grc' dir='ltr'>ἡγὰρ</span> 
     </span>
    </p>
   </div>
   <div class='ocr_carea' id='block_1_116' title="bbox 2229 5645 3773 5747">
    <p class='ocr_par' dir='ltr' id='par_1_116' title="bbox 2229 5645 3773 5747">
     <span class='ocr_line' id='line_1_117' title="bbox 2229 5645 3773 5747; baseline -0.002 -31"><span class='ocrx_word' id='word_1_867' title='bbox 2229 5663 2491 5747; x_wconf 49' lang='lat' dir='ltr'><strong>adducent</strong></span> <span class='ocrx_word' id='word_1_868' title='bbox 2519 5664 2713 5747; x_wconf 76' lang='lat' dir='ltr'><strong>[ratres</strong></span> <span class='ocrx_word' id='word_1_869' title='bbox 2749 5673 2946 5746; x_wconf 69' lang='lat' dir='ltr'><strong>uestros</strong></span> <span class='ocrx_word' id='word_1_870' title='bbox 3002 5679 3068 5747; x_wconf 72' lang='lat' dir='ltr'><strong>ex</strong></span> <span class='ocrx_word' id='word_1_871' title='bbox 3102 5660 3340 5747; x_wconf 63' lang='lat' dir='ltr'><strong>omnibus</strong></span> <span class='ocrx_word' id='word_1_872' title='bbox 3394 5645 3773 5747; x_wconf 46' lang='lat' dir='ltr'><strong>qeqtilftltn‘ff:</strong></span> 
     </span>
    </p>
   </div>
   <div class='ocr_carea' id='block_1_117' title="bbox 2228 5714 3766 5808">
    <p class='ocr_par' dir='ltr' id='par_1_117' title="bbox 2228 5714 3766 5808">
     <span class='ocr_line' id='line_1_118' title="bbox 2228 5714 3766 5808; baseline -0.006 -22"><span class='ocrx_word' id='word_1_873' title='bbox 2228 5749 2354 5787; x_wconf 85' lang='lat' dir='ltr'><strong>num</strong></span> <span class='ocrx_word' id='word_1_874' title='bbox 2382 5714 2753 5801; x_wconf 71' lang='lat' dir='ltr'><strong>Domino,cum</strong></span> <span class='ocrx_word' id='word_1_875' title='bbox 2798 5736 2942 5808; x_wconf 76' lang='lat' dir='ltr'><strong>equis</strong></span> <span class='ocrx_word' id='word_1_876' title='bbox 2966 5742 3013 5789; x_wconf 87' lang='lat' dir='ltr'><strong>et</strong></span> <span class='ocrx_word' id='word_1_877' title='bbox 3037 5734 3281 5789; x_wconf 62' lang='lat' dir='ltr'><strong>curribus</strong></span> <span class='ocrx_word' id='word_1_878' title='bbox 3313 5734 3370 5788; x_wconf 83' lang='lat' dir='ltr'><strong>in</strong></span> <span class='ocrx_word' id='word_1_879' title='bbox 3394 5714 3581 5787; x_wconf 66' lang='grc' dir='ltr'>ἶεοείείο</span> <span class='ocrx_word' id='word_1_880' title='bbox 3610 5714 3766 5779; x_wconf 65' lang='lat' dir='ltr'><strong>mtth</strong></span> 
     </span>
    </p>
   </div>
   <div class='ocr_carea' id='block_1_118' title="bbox 2231 5812 2513 5867">
    <p class='ocr_par' dir='ltr' id='par_1_118' title="bbox 2231 5812 2513 5867">
     <span class='ocr_line' id='line_1_119' title="bbox 2231 5812 2513 5867; baseline 0.004 -11"><span class='ocrx_word' id='word_1_881' title='bbox 2231 5818 2371 5867; x_wconf 84' lang='lat' dir='ltr'><strong>rum,</strong></span> <span class='ocrx_word' id='word_1_882' title='bbox 2407 5812 2513 5859; x_wconf 89' lang='lat' dir='ltr'><strong>etc.</strong></span> 
     </span>
    </p>
   </div>
  </div>
