4028 6492
217 375 357 442 231

1754 388 1952 450 VITA.

3328 391 3483 456 2362‘

221 490 412 560 ἡμέρα
453 483 522 561 ἦν
551 490 826 564 Κυριακή.
860 494 957 558 Τίς
988 493 1090 548 οὐκ
1138 495 1204 550 ἂν
1253 497 1531 568 εὐκαίρως
1561 499 1656 554 καὶ
1701 500 1798 555 νῦν

1909 523 1926 556 ι
1952 502 2080 556 Dies
2128 500 2240 556 diei
2276 508 2494 564 eructat
2521 501 2777 569 verbum,
2819 510 2876 558 et
2901 517 3009 557 nox
3059 500 3208 557 nocti
3262 501 3471 564 indicat

226 583 657 652 μνημονεύσειεν
702 585 766 638 τὸ
817 586 1094 656 ψαλμικὸν
1141 587 1322 658 λόγιον
1355 631 1370 654 ,
1418 608 1440 642 ι
1489 591 1702 662 Ἡμέρα
1735 595 1802 664 τῇ

223 674 414 745 ἡμέρᾳ
429 674 710 745 ἐρεύγεται
736 677 907 748 ῥῆμα,
934 679 1025 732 καὶ
1046 679 1143 745 νὺξ
1161 681 1317 734 νυκτὶ
1331 682 1654 751 ἀναγγέλλει
1667 683 1808 752 γνῶ-

225 784 358 833 σιν;
399 788 421 820 ι
456 768 517 821 Ei
555 770 661 840 γάρ
687 788 772 834 τις
821 771 883 824 τὸ
911 772 1307 843 ἡμερονύκτιον
1364 776 1463 846 τῆς
1513 777 1803 846 χειμασίας

222 857 318 910 καὶ
355 857 456 910 τοῦ
507 861 812 930 πειρασμοῦ
863 861 985 932 ἦτοι
1021 863 1287 932 διωγμοῦ,
1316 864 1394 935 τῷ
1425 868 1806 938 ἡμερονυκτίῳ

227 949 323 1017 τῆς
349 950 847 1016 ἀποκαταστάσεως
883 955 977 1007 καὶ
1023 955 1140 1024 τῆς¹
1165 955 1386 1026 βαθείας
1429 960 1654 1029 εἰρήνης
1710 960 1806 1013 καὶ

232 1038 476 1107 γαλήνης
510 1043 811 1111 συγκρίνει,
837 1043 1035 1115 πολλὴν
1071 1047 1264 1114 σοφίαν
1290 1064 1350 1100 τε
1378 1050 1474 1102 καὶ
1502 1049 1706 1116 γνῶσιν
1739 1053 1805 1104 ὲν

237 1127 563 1199 ἀμφοτέροις
605 1132 716 1194 τοῖς
753 1137 963 1202 καιροῖς
998 1135 1091 1188 καὶ
1143 1139 1258 1202 τοῖς
1292 1139 1613 1207 πράγμασιν
1641 1141 1804 1211 εὑρή-

237 1234 313 1270 eo:
333 1235 346 1250 ·
392 1219 514 1282 πῶς
539 1222 598 1272 ὲν
624 1222 701 1292 τῷ
734 1226 912 1294 καιρῷ
942 1225 1040 1296 μὲν
1060 1227 1154 1282 τοῦ
1187 1231 1496 1301 πειρασμοῦ
1528 1232 1804 1287 Σάδδατον

231 1303 298 1378 ἦν
321 1313 422 1363 καὶ
459 1311 666 1381 χειμών
689 1330 703 1344 ο
775 1315 1102 1390 Ἰανουαρίου
1143 1321 1253 1390 γὰρ
1300 1321 1564 1396 [εἰκοστῇ]
1591 1325 1664 1394 (ο)
1688 1325 1808 1378 δευ-

229 1399 360 1470 τέρᾳ
388 1403 420 1454 ὁ
452 1404 779 1475 πειρασμὸς,
812 1407 930 1478 ἦτοι
954 1411 986 1480 ἡ
1009 1411 1204 1483 ὲκὸολὴ
1257 1413 1348 1467 τοῦ
1371 1415 1563 1486 ἀνδρὸς
1581 1417 1806 1488 γεγένη-

226 1507 349 1546 ται·
389 1491 511 1557 πῶς
533 1494 579 1548 δ’
608 1492 674 1550 αὖ
700 1496 916 1570 πάλινή
945 1501 1426 1572 ἀποκατάστασιςς
1479 1507 1566 1560 Ἐν
1620 1509 1806 1579 ἡμέρᾳ

225 1581 512 1675 κυριακῇ,
540 1589 632 1639 καὶ
658 1590 786 1659 μηνὶ
808 1591 1124 1664 Ὀκτωϐρίῳ
1143 1595 1302 1667 τρίτῃ
1328 1598 1645 1669 γεγένηται,
1688 1601 1745 1652 ἐν
1769 1593 1804 1675 ᾖ

222 1673 319 1725 καὶ
350 1675 406 1727 oi
437 1677 537 1747 τὴν
580 1681 701 1732 κατ’
733 1681 898 1735 αὐτοῦ
958 1686 1233 1756 συσκευὴν
1295 1689 1662 1759 τυρεύσαντες
1699 1673 1809 1744 dit-

217 1767 576 1836 ετμήθησαν,
597 1771 865 1842 Αίθέριος,
894 1777 1059 1847 φημὶ,
1080 1777 1176 1830 καὶ
1204 1779 1461 1843 ’Δδδαίος.
1490 1781 1547 1835 Ὁ
1570 1782 1668 1852 μὲν
1696 1783 1806 1854 γὰρ

1906 591 2196 647 scientiam
2227 592 2296 645 ".
2325 610 2344 643 ι
2373 590 2429 646 Si
2453 592 2580 662 quis
2604 593 2751 647 enim
2791 593 2938 648 illam
3001 597 3343 666 tempestatis
3370 613 3467 652 seu

1906 684 2229 739 tentationis
2257 684 2406 740 diem
2431 699 2495 739 ac
2528 693 2770 748 noctem,
2793 701 2917 740 cum
2945 686 3049 742 hac
3097 691 3468 744 revocationis

1905 791 1969 831 ac
1999 776 2211 830 reditus
2235 777 2376 846 ejus.
2413 791 2753 846 summaeque
2777 777 2929 846 pacis
2962 793 3026 832 ac
3053 781 3472 848 tranquillitatis

1905 876 2206 937 comparet,
2263 883 2513 938 magnam
2573 869 2900 938 sapientiam
2959 877 3016 922 et
3067 870 3353 924 scientiam
3412 871 3477 929 in

1904 965 2141 1024 utroque
2169 964 2416 1023 tempore
2437 965 2492 1009 et
2518 957 2740 1025 negotio
2772 955 3032 1024 reperiet.
3053 957 3185 1010 Nam
3222 967 3474 1027 tempore

1905 1045 1999 1100 illo
2034 1045 2330 1102 Sabbatum
2369 1056 2425 1100 et
2468 1046 2646 1099 hiems
2687 1054 2804 1100 erat
2826 1045 2960 1116 (59),
3007 1045 3283 1115 siquidem
3322 1048 3472 1101 vice-

1906 1136 2041 1190 sima
2072 1137 2313 1192 secunda
2339 1137 2586 1192 Januarii
2625 1146 2868 1192 tentatus
2899 1137 2982 1190 vir
3009 1145 3239 1192 sanctus
3265 1147 3320 1193 et
3356 1140 3472 1209 eje-

1906 1243 2030 1284 ctus
2054 1229 2189 1285 fuit:
2214 1230 2501 1285 restitutus
2524 1239 2807 1284 estautem
2839 1229 3001 1283 tertia
3035 1229 3318 1294 Octobris,
3348 1246 3470 1302 qua!

1905 1323 2190 1377 Dominica
2250 1331 2372 1378 erat
2403 1340 2418 1377 :
2456 1339 2564 1392 qua
2594 1323 2816 1392 quidem
2875 1326 2963 1378 die
2994 1333 3050 1378 et
3105 1323 3186 1378 illi
3243 1324 3336 1393 qui
3369 1322 3474 1392 ipsi

1906 1414 2136 1469 insidias
2158 1421 2495 1477 struxerant,
2529 1429 2765 1483 eumque
2790 1415 3067 1483 ejecerant
3104 1413 3160 1466 in
3187 1413 3472 1476 exsilium,

1902 1504 2188 1561 Etherius
2212 1515 2268 1560 et
2295 1505 2550 1569 Addteus,
2583 1505 2676 1560 hic
2700 1506 2856 1561 urbis
2878 1506 3192 1576 praefectus,
3249 1506 3346 1562 ille
3378 1521 3476 1575 pa-

1904 1597 2166 1652 latiorum
2208 1597 2471 1652 Antiochi
2501 1598 2776 1652 dictorum
2834 1607 3058 1652 curalor
3085 1596 3220 1665 (60),
3265 1596 3470 1652 mortui

1907 1695 2083 1743 sunt:
2139 1698 2191 1742 et
2235 1685 2696 1756 quemadmodum
2751 1685 2916 1740 ambo
2965 1685 3144 1738 vir-um
3209 1693 3472 1740 .sanctum

1908 1779 2222 1850 pellendum
2243 1788 2299 1834 et
2318 1777 2686 1833 adulterinam
2718 1775 3126 1832 ordinationem
3161 1774 3469 1829 faciendam

229 1857 482 1923 ’Δδδαῢος
537 1860 778 1934 ἔπαρχος
818 1866 1027 1930 πόλεως
1060 1863 1150 1939 ἦν,
1175 1869 1424 1942 Δίθέριος
1461 1871 1516 1924 δὲ
1540 1873 1648 1926 τῶν
1684 1874 1801 1927 Ἀν-

1906 1880 2256 1935 curaverant,
2291 1871 2367 1926 ita
2390 1869 2646 1926 meritam
2673 1869 2836 1926 ambo
2899 1867 3212 1921 mercedem
3247 1881 3476 1935 recepe-

215 1950 408 2020 τιόχου
429 1954 740 2026 κουράτωρ·
792 1957 887 2010 καὶ
920 1958 1108 2032 ὥσπερ
1138 1961 1440 2034 ἀμφότεροι
1466 1963 1567 2035 τὴν
1595 1981 1801 2018 σκαιωο

219 2041 374 2111 ρίαν,
406 2043 529 2114 ἦτοι
563 2045 814 2118 ἐκϐολὴν,
841 2048 937 2102 τοῦ
971 2050 1120 2102 ὁσίου
1160 2054 1258 2105 καὶ
1282 2055 1384 2123 τὴν
1425 2053 1660 2109 ἄτακτον
1687 2073 1802 2126 χει-

219 2135 469 2203 ροτονίαν
525 2141 910 2210 πεποιήκασιν,
942 2141 1116 2206 οὕτως
1147 2144 1313 2215 ἄμφω
1333 2147 1474 2218 περὶ
1508 2139 1583 2200 ὧν
1611 2149 1801 2219 εἰργάς-

225 2239 395 2279 σαντο
435 2230 525 2281 καὶ
570 2231 699 2293 τοὺς
753 2232 978 2301 μισθοὺς
1029 2225 1445 2307 ἐκαρπώσαντο.
1491 2239 1579 2297 Ἐν
1629 2240 1804 2314 ταύτῃ

227 2315 362 2383 γοῦν
384 2322 445 2389 τῇ
474 2319 660 2393 ἡμέρᾳ⁵
673 2316 828 2387 οὗτος
848 2328 944 2394 μὲν
963 2326 992 2378 ό
1023 2327 1354 2400 πανάριστος
1376 2329 1468 2383 τὸν
1494 2329 1681 2400 θρόνον
1706 2332 1803 2385 καὶ

221 2406 324 2479 τὴν
340 2410 546 2464 ἑαυτοῦ
568 2413 868 2469 κατέλαϐεν
890 2417 1236 2488 Ἐκκλησίαν,
1268 2422 1489 2476 αὑτοὶδὲ
1519 2421 1620 2492 τῆς
1655 2422 1803 2493 ζωῆς

213 2500 598 2574 ὶστερήθησαν
645 2509 752 2578 πρὸ
785 2509 996 2563 πολλῶν
1024 2513 1232 2581 χρόνων
1267 2513 1366 2584 τῆς
1413 2515 1802 2570 ἀποκαταστά-

213 2607 363 2656 σεως
388 2595 487 2648 τοῦ
523 2597 670 2650 ὁσίου
695 2614 710 2629 ο
740 2600 961 2654 κάκεῖνο
988 2602 1045 2655 δὲ
1069 2603 1129 2657 τὸ
1149 2605 1485 2675 προφητικὸν
1507 2604 1685 2674 λόγιον
1701 2606 1803 2660 οὐκ

209 2683 475 2749 amnti»;
509 2690 962 2760 μνημονεύσαιτω
998 2711 1016 2744 ι
1046 2695 1158 2749 Καὶ
1186 2695 1341 2749 ἐσται
1372 2697 1430 2750 ὲν
1456 2695 1532 2767 τῷ
1558 2698 1710 2768 τόπῳ
1740 2694 1802 2752 οὗ

209 2773 452 2844 ἐρρέθη,
478 2779 551 2830 Ού
572 2779 696 2841 λαός
722 2797 823 2850 μου
849 2783 1026 2847 ὑμεῖς,
1043 2803 1061 2834 ι
1091 2783 1231 2837 κατὰ
1251 2785 1312 2837 τὸ
1327 2784 1484 2849 δόξαν
1501 2786 1805 2856 τηνικαῦτά

209 2881 388 2930 ⁴τισιν,
422 2887 442 2919 ι
474 2859 980 2943 ἑκεῖκληθήσεσθε,
1031 2878 1137 2930 uici.
1190 2876 1326 2930 Θεοῦ
1377 2877 1606 2942 ζῶντος.
1647 2899 1664 2932 ι
1713 2880 1800 2933 Ἐν

208 2961 334 3021 τοῖς
369 2958 640 3031 Ὄρμισδᾶ
667 2965 796 3036 γὰρ,
830 2965 904 3028 ὡς
933 2967 1167 3039 εἴρηται,
1191 2970 1417 3038 γέγονεν
1450 2973 1483 3041 ἠ
1521 2971 1804 3026 ἀποκατά-

213 3067 560 3116 στασις......
590 3057 654 3110 ού
671 3059 777 3129 γὰρ
803 3058 1024 3130 ᾔδεισαν
1053 3063 1103 3114 οί
1130 3065 1199 3116 τὰ
1218 3063 1410 3118 στάδια
1437 3063 1800 3135 λογιζόμενοι,

209 3142 300 3208 τὸ,
336 3163 357 3197 ι
390 3147 670 3219 Μακάριοι
702 3152 752 3204 οί
791 3153 1142 3225 δεδιωγμένοι
1196 3155 1382 3210 ἕνεκεν
1436 3156 1800 3228 δικαιοσύνης,

1905 1974 2054 2022 runt.
2084 1965 2141 2019 ln
2170 1964 2274 2018 hac
2302 1964 2470 2033 igitur
2489 1961 2578 2018 die
2605 1970 2662 2018 et
2699 1962 2785 2016 vir
2805 1960 3050 2030 optimus
3067 1975 3224 2013 suam
3262 1957 3475 2028 recepit

1905 2056 2230 2118 Ecclesiam,
2263 2063 2320 2109 et
2353 2053 2459 2123 ipsi
2509 2053 2621 2108 vita
2670 2050 2870 2122 Privati
2909 2059 3037 2105 sunt
3061 2048 3252 2111 multis
3312 2048 3475 2102 annis

1908 2149 2224 2220 priusquam
2281 2146 2396 2215 ipse
2443 2153 2800 2199 revocaretur
2855 2140 2989 2211 (6|).
3046 2138 3470 2194 Accommodari

1906 2242 2016 2296 huc
2043 2239 2206 2294 etiam
2227 2244 2458 2308 possunt
2483 2237 2650 2290 verba
2677 2235 2770 2289 illa
2803 2232 3129 2304 prophetica
3164 2248 3178 2285 :
3213 2249 3232 2281 ι
3273 2231 3342 2285 Et
3365 2229 3476 2283 erit

1905 2331 1962 2386 in
1988 2331 2111 2384 loco
2144 2328 2237 2383 ubi
2273 2327 2489 2381 dicetur
2537 2342 2553 2380 :
2599 2325 2720 2380 Non
2764 2323 2998 2394 populus
3031 2336 3188 2376 meus
3209 2319 3310 2390 (uti
3352 2318 3474 2387 qui-

1903 2423 2136 2478 busdam
2167 2418 2755 2489 videbatur),dicetur:
2794 2416 2916 2472 Filii
2939 2415 3036 2470 Dei
3080 2411 3322 2468 viventis
3355 2411 3424 2463 7'.
3449 2427 3467 2460 ι

1903 2517 1962 2572 ln
1983 2513 2292 2570 Hormisdte
2311 2514 2458 2567 enim
2483 2512 2707 2582 palatio,
2739 2520 2800 2565 ut
2833 2509 3042 2564 dictum
3064 2515 3171 2569 est,
3211 2505 3356 2560 facta
3384 2513 3472 2558 est

1905 2606 2303 2662 restitutio.....
2362 2603 2481 2658 Non
2543 2601 2692 2656 enim
2749 2600 2841 2669 qui
2873 2597 3308 2653 considerabant
3365 2601 3475 2648 sta-

1907 2701 1997 2756 dia
2036 2695 2170 2767 (62),
2225 2694 2608 2765 intelligebant
2637 2691 2796 2757 illud,
2834 2710 2853 2742 ι
2877 2689 3030 2744 Beati
3062 2689 3157 2759 qui
3211 2699 3474 2756 persecu-

1907 2793 2113 2848 tionem
2136 2775 2424 2859 patitintur
2443 2782 2979 2855 propterjustitiam,
3016 2779 3276 2850 quoniam
3321 2777 3474 2846 ipso-

1883 2889 2032 2938 ‘rum
2056 2889 2143 2936 est
2167 2893 2406 2950 regnum.
2447 2877 2739 2932 omlorum.
2763 2873 2914 2928 Beati
2944 2875 3081 2926 estis
3137 2885 3260 2925 cum
3307 2865 3476 2920 male-

1905 2973 2148 3030 dixerint
2172 2970 2334 3024 vobis
2371 2968 2648 3031 homines,
2693 2977 2750 3022 et
2803 2964 3083 3036 persecuti
3110 2979 3208 3016 vos
3239 2959 3470 3023 fuerint,

1904 3075 1962 3123 et
1989 3064 2234 3119 dixerint
2257 3077 2421 3116 omne
2453 3061 2655 3114 malum
2690 3059 2985 3112 adversum
3036 3070 3158 3120 vos,
3199 3051 3473 3106 mentien-

1907 3168 2014 3222 tes,
2052 3152 2282 3227 pr0pter
2307 3169 2428 3208 me:
2478 3152 2710 3222 gaudete
2756 3159 2814 3206 et
2863 3149 3156 3211 exsultate,
3215 3141 3475 3214 quoniam

210 3235 302 3289 ὅτι
331 3238 519 3294 αὐτῶν
547 3242 694 3296 ἐστιν
720 3247 754 3316 ἡ
775 3244 1018 3315 βασιλεία
1040 3247 1148 3302 τῶν
1171 3248 1442 3320 οὐρανῶν.
1475 3269 1494 3302 ι
1531 3251 1807 3322 Μακάριοι

1909 3265 2121 3307 merces
2140 3256 2325 3303 vestra
2345 3247 2564 3316 c0piosa
2591 3254 2676 3300 est
2693 3245 2748 3298 in
2773 3243 2928 3298 cretis
2963 3243 3034 3296 ".
3062 3260 3080 3292 ι

212 3331 346 3384 ἐστε
403 3334 534 3386 ὃταν
581 3335 915 3392 ὀνειδίσωσιν
961 3341 1107 3411 ὑμᾶς
1159 3344 1255 3396 καὶ
1319 3343 1607 3410 διώξωσιν,
1677 3345 1774 3399 καὶ
1813 3343 2040 3398 εἴπωσιν
2101 3345 2210 3398 πᾶν
2277 3342 2512 3414 πονηρὸν
2581 3340 2734 3410 ῥῆμα
2775 3335 2897 3391 καθ’
2961 3333 3113 3405 ὑμῶν
3160 3329 3480 3401 ψευδόμενοι

211 3426 412 3480 ἓνεκεν
436 3429 593 3497 ἐμοῦο
623 3431 841 3500 χαίρετε
896 3435 992 3486 καὶ
1021 3433 1374 3499 ἀγαλλιᾶσθε,
1403 3437 1486 3491 ὅτι
1513 3438 1542 3490 ό
1592 3437 1782 3508 μισθὸς
1822 3436 1976 3508 ὑμῶν
2007 3439 2064 3489 ὲν
2085 3441 2196 3500 τοῖς
2228 3437 2496 3505 οὐρανοῖς.
2537 3452 2556 3484 ι

220 3575 226 3578 .
292 3519 391 3585 οξ.
429 3518 600 3590 Οἶμαι
654 3523 710 3576 δὲ
743 3528 1037 3594 ἀναγκαῖον
1067 3525 1208 3584 εἶναι
1239 3530 1395 3599 ὀλίγα
1439 3532 1804 3601 διηγήσασθαι

215 3613 323 3663 καὶ
349 3615 600 3683 περὶτοῦ
625 3616 960 3688 ὠμοφορίου,
999 3621 1148 3685 ὅπως
1187 3623 1288 3676 οὐκ
1331 3624 1544 3695 ἐπήρθη
1579 3626 1673 3678 ἀπ’
1709 3624 1806 3678 αὐέ-

221 3705 324 3758 τοῦ
355 3709 436 3770 είς
457 3707 560 3777 τὴν
586 3709 843 3780 τοιαύτην
888 3713 1253 3785 κατασκευὴν,
1286 3714 1400 3768 ἀλλ’
1431 3715 1645 3787 ἔμεινεν
1676 3715 1806 3787 παρ’

223 3799 400 3868 αὐτῷ.
427 3800 589 3859 Τινὲς
607 3801 718 3872 γὰρ
748 3804 857 3856 τῶν
885 3804 1159 3874 κληρικῶν
1189 3807 1510 3876 εἰσηγοῦντο
1535 3806 1614 3878 τῷ
1649 3808 1809 3860 Attis-

224 3889 337 3959 ρίῳ
367 3893 575 3963 ἐπᾶραι
604 3893 736 3948 αὐτὸ
765 3895 872 3948 ἀπὸ
920 3895 1015 3949 τοῦ
1047 3897 1193 3950 ὁσίου
1220 3915 1234 3928 ·
1268 3901 1295 3951 ό
1315 3899 1372 3952 δὲ
1396 3899 1807 3971 περιφρονήσας

223 3981 348 4034 τῶν
379 3984 802 4056 εἰσηγουμένων,
829 3987 981 4040 οὐδὲν
1007 3979 1081 4040 ὧν
1110 3988 1294 4057 ἔλεγον
1321 3990 1596 4061 ἐποίησεν.
1635 3991 1804 4044 Ὅταν

217 4068 329 4128 οὖν
376 4069 445 4144 ἦν
503 4077 611 4130 ὑπὸ
671 4078 1043 4148 ἀγανάκτησιν
1073 4082 1103 4133 ό
1137 4080 1403 4150 Αίθέριος,
1471 4081 1655 4152 ἔλεγεν
1696 4085 1808 4146 τοῖς

218 4167 633 4238 ἀπερχομένοις
656 4172 736 4235 είς
770 4171 1057 4240 ἐπίσκεψιν
1089 4174 1255 4227 αὐτοῦ
1296 4174 1805 4245 ἐξομολογούμενος,

218 4260 313 4314 ὅτι
331 4261 478 4314 Ὅσα
499 4263 736 4334 ἐποίησα
756 4265 834 4336 τῷ
863 4284 931 4319 κυ
941 4267 1018 4337 ρῷ
1039 4267 1303 4338 Εὐτυχίῳ.
1328 4267 1467 4336 μετὰ
1488 4268 1810 4339 προσθήκης

220 4353 542 4408 ἀπέλαὸον·
580 4356 670 4410 διὰ
717 4359 827 4411 τῶν
855 4357 1161 4431 ἀνθρώπων
1215 4361 1381 4414 αὐτοῦ
1427 4359 1810 4414 κατεσκεύασα

222 4444 406 4517 αὐτῷ,
454 4447 543 4502 διὰ
585 4449 695 4502 τῶν
727 4451 1030 4522 ἀνθρώπων
1089 4470 1192 4522 μου
1227 4451 1674 4522 κατεσκευάσθην
1695 4468 1708 4483 ο
1739 4452 1810 4505 τὰ

206 4532 428 4608 ’ἱμάτια
451 4539 616 4594 αὐτοῦ
653 4543 854 4614 ὲπῆρα,
884 4543 954 4595 τὰ
981 4544 1282 4614 πράγματά
1315 4560 1414 4613 μου
1435 4543 1610 4597 πάντα
1634 4545 1811 4615 ἐπήρ-

1900 3553 1902 3556 ·
1979 3532 2066 3584 77.
2108 3531 2226 3586 Jam
2258 3529 2402 3583 etde
2423 3523 2867 3596 superhumerali
2928 3519 3230 3577 dicendum
3267 3525 3353 3572 est
3375 3516 3478 3571 ali-

1900 3622 2066 3694 quid,
2101 3621 2247 3691 quod
2277 3620 2356 3673 illi
2393 3620 2448 3672 in
2471 3634 2569 3672 sua
2603 3615 2912 3687 dejectione
2937 3621 3189 3682 ereptum
3221 3625 3331 3664 non
3352 3609 3478 3670 fuit,

1901 3717 2004 3772 sed
2031 3713 2178 3785 apud
2212 3729 2340 3767 eum
2373 3710 2592 3766 mansit.
2620 3709 2758 3765 Cum
2776 3708 2935 3762 enim
2978 3721 3047 3760 ex
3077 3702 3300 3759 clericis
3349 3701 3478 3770 qui-

1909 3807 2033 3862 dam
2063 3804 2360 3860 suaderent
2388 3801 2637 3856 IEtherio
2660 3809 2724 3855 ut
2754 3799 2939 3868 ipsum
2969 3803 3162 3852 sancto
3215 3793 3334 3847 viro
3361 3791 3484 3845 adi-

1911 3903 2108 3959 meret,
2143 3895 2258 3956 ille,
2285 3892 2554 3963 neglectis
2583 3905 2776 3946 eorum
2798 3888 3005 3952 verbis,
3031 3881 3292 3939 facereid
3319 3895 3486 3934 recu-

1913 3991 2074 4046 savit.
2100 3989 2292 4058 Itaque
2324 3987 2440 4055 ipse
2481 3999 2607 4039 eum
2649 3981 3084 4052 indignationem
3133 3970 3487 4042 imperatoris

1913 4079 2266 4144 incurrisset,
2299 4077 2367 4132 ad
2401 4090 2461 4130 se
2481 4073 2773 4128 visendum
2811 4067 3164 4125 venientibus
3201 4061 3488 4118 confessus

1915 4184 2022 4242 est,
2053 4174 2276 4230 dicens:
2312 4170 2445 4237 Quae
2503 4167 2609 4222 feci
2660 4166 2890 4220 domino
2928 4158 3223 4230 Eutychio,
3294 4152 3481 4210 omnia

1914 4268 1972 4323 in
2003 4282 2090 4321 me
2117 4263 2394 4320 cumulate
2421 4259 2776 4316 reciderunt:
2812 4272 2910 4328 per
2953 4253 3207 4308 homines
3235 4250 3357 4320 ejus
3381 4261 3486 4315 op-

1913 4357 2150 4428 pugnavi
2167 4371 2316 4420 eum,
2350 4370 2449 4424 per
2472 4354 2729 4407 homines
2765 4363 2918 4403 meos
2949 4351 3302 4419 oppugnatus
3323 4354 3446 4394 sum
3469 4354 3487 4390 :

1911 4449 2246 4505 vestimenta
2294 4449 2418 4517 ejus
2444 4445 2676 4514 diripui,
2709 4441 2890 4497 omnia
2925 4454 3042 4493 mea
3082 4437 3299 4505 direpta
3322 4439 3487 4486 sunt:

1914 4558 2088 4598 unum
2121 4549 2335 4595 tantum
2365 4555 2476 4594 nou
2514 4537 2719 4600 ademi,
2747 4534 2800 4589 id
2837 4532 2973 4587 mihi
3015 4543 3237 4599 quoque
3279 4534 3363 4578 est
3403 4540 3490 4576 re-

227 4631 441 4702 θησαψ
476 4632 535 4688 ἓν
566 4634 728 4705 μόνον
791 4636 852 4690 οὐ
885 4636 1166 4707 πεποίηκα
1218 4635 1389 4707 αὐτῷ,
1438 4636 1596 4690 τοῦτο
1645 4637 1808 4706 κάμοὶ

1919 4636 2114 4690 lietum
2135 4631 2533 4700 ;.hortantibus
2550 4629 2699 4686 enim
2734 4642 2822 4682 me
2851 4622 3071 4680 clericis
3098 4629 3160 4675 ut
3215 4616 3492 4688 superbu-

304 4792 355 4828 "
371 4793 523 4850 Psal.
562 4809 714 4880 xviii,
738 4795 794 4849 5.
864 4793 908 4827 ⁷⁸
934 4795 1075 4850 Osee
1109 4809 1147 4859 ι,
1191 4792 1279 4847 10.
1356 4793 1398 4825 ⁷⁸
1425 4793 1613 4848 Matth.
1641 4811 1699 4858 .v,
1724 4794 1811 4862 10,
1868 4796 1958 4852 Η.

372 4948 450 5016 (ο)
477 4949 556 5004 Ita
589 4948 643 5005 in
669 4966 774 5012 ms.
796 4951 1005 5007 Veneto
1029 4934 1207 5020 Zinus
1238 4929 1464 5020 reperit,
1494 4966 1597 5005 nec
1653 4951 1818 5020 dubi-

1889 4925 2088 5021 :supra
2115 4949 2324 5021 dicitur»
2351 4955 2535 5021 tentus
2581 4939 2811 5021 Sanctus
2845 4942 2898 5021 in
2927 4941 3069 5021 festo
3099 4937 3157 4992 S.
3191 4929 3486 4994 Timothei,

225 5013 417 5077 tamus
430 5013 730 5077 restituere
750 5022 899 5093 quod
917 5022 1108 5078 deerat
1138 5013 1642 5093 ecgraphonostro,
1685 5019 1818 5091 quia
1889 5016 1896 5021 ’
1924 5013 2073 5092 quod
2098 5036 2130 5074 a
2158 5019 2357 5074 Graecis
2388 5017 2459 5072 22
2488 5017 2611 5072 Jan.
2651 5013 3052 5070 celebrabatur.

301 5177 420 5246 (59)
468 5175 700 5243 Quando
746 5177 959 5233 scilicet
993 5177 1330 5232 ad-insulam
1380 5176 1698 5246 Principem
1727 5185 1814 5232 est

227 5256 485 5310 avectus,
525 5255 793 5318 utisupra
829 5264 983 5318 num.
1009 5248 1078 5302 £0
1104 5248 1416 5310 indicatur;
1463 5248 1546 5302 vel
1589 5247 1810 5318 quando

229 5328 363 5388 post
384 5327 499 5388 tres
525 5317 864 5388 hebomadas
885 5317 1097 5388 missus,
1111 5325 1195 5372 est
1215 5319 1524 5388 Amaseam,
1551 5317 1641 5388 die
1667 5317 1700 5371 6
1721 5320 1808 5373 vel

227 5387 300 5442 26
324 5387 614 5442 Februarii
639 5405 652 5440 :
680 5387 800 5442 dies
830 5396 1014 5442 autem
1039 5387 1108 5440 22
1127 5387 1395 5451 Januarii,
1423 5403 1529 5456 qua
1548 5387 1810 5444 detentus

228 5466 338 5522 est,
376 5467 438 5512 ut
457 5458 665 5513 dicitur
695 5473 851 5512 num.
871 5458 959 5518 57,
991 5473 1138 5511 anno
1165 5458 1288 5521 565,
1319 5474 1426 5510 non
1446 5467 1567 5512 erat
1593 5457 1807 5514 Sabba-

226 5538 372 5588 tum,
406 5529 501 5582 sed
524 5528 660 5582 feria
679 5528 892 5596 quinta,
924 5527 1108 5582 littera
1141 5527 1463 5581 Dominicali
1495 5528 1556 5583 C.

304 5597 418 5668 (60)
451 5599 624 5652 Zinus
638 5607 798 5652 vocat
817 5607 1112 5651 curatorem
1130 5599 1418 5651 Antiochiae
1441 5615 1459 5651 :
1498 5599 1592 5652 sed
1618 5597 1805 5668 Graece

229 5667 320 5724 est
370 5669 480 5721 τῶν
518 5669 815 5737 Ἀντιόχου,
849 5681 949 5738 per
981 5683 1104 5737 qua:
1159 5683 1280 5738 non?
1314 5683 1609 5736 possumus
1655 5667 1804 5721 aliud

231 5738 546 5810 intelligere
570 5737 879 5810 quamipsa
906 5739 996 5792 illa
1026 5737 1244 5807 palatia,
1271 5737 1339 5810 in
1360 5739 1564 5808 quibus
1598 5739 1806 5810 positas

230 5808 436 5866 sancto
459 5809 694 5866 insidias
711 5809 918 5864 dictum
941 5817 1079 5874 erat,
1111 5824 1265 5862 num.
1292 5808 1373 5861 57.

1989 5173 2102 5246 (6i)
2137 5168 2578 5246 Utpotemortui
2615 5183 2760 5246 anno
2815 5166 2959 5246 569,.
2999 5163 3054 5218 id
3080 5169 3185 5246 _est
3237 5160 3486 5246 proxime

1913 5229 2167 5314 sequenti
2199 5229 2458 5314 exsilium
2482 5240 2656 5314 sancti
2707 5235 2986 5314 Eutychii,
3037 5243 3097 5288 ut
3129 5229 3489 5314 .mati‘iicstior

1911 5300 2210 5384 appareret
2236 5311 2399 5384 ultio,
2435 5325 2546 5379 quo
2579 5300 3033 5384 celerior':_solu_s
3054 5303 3202 5384 enim
3263 5300 3354 5352 hic
3384 5316 3486 5384 an-

1911 5371 2018 5440 n'us
2037 5402 2103 5439 ex
2135 5371 2395 5437 omnibus
2449 5371 2572 5448 post
2603 5377 2810 5449 secutis
2855 5377 3065 5449 habuit
3095 5374 3335 5449 litteram
3389 5371 3487 5449 lto-

1910 5439 2223 5510 minicalem
2257 5451 2319 5518 C,
2344 5439 2594 5519 adeoque
2626 5447 2842 5503 tertiam
2903 5444 3158 5501 Octobris
3208 5441 3263 5494 in
3298 5439 3482 5492 Domi-

1911 5541 2057 5580 mea.

1987 5577 2097 5665 (62)
2141 5594 2334 5665 Zinus_
2370 5588 2754 5665 explicationis
2795 5582 3211 5665 causa_scripsit
3242 5599 3260 5630 ‹
3285 5577 3484 5665 stadii}.

1912 5653 2198 5734 equitatus
2237 5668 2292 5734 et
2323 5653 2633 5734 hujusmodi
2665 5675 2838 5734 reszo
2880 5656 2978 5712 sed
3035 5653 3486 5734 arbitror_‘e1tci-

1912 5725 2060 5788 disse
2085 5732 2333 5800 aliquid,
2383 5725 2617 5799 ideoque
2655 5727 2940 5784 malui.....
2989 5731 3194 5797 puncta
3243 5725 3480 5774 notare:

1911 5820 2014 5860 nec
2040 5803 2189 5859 enim
2216 5808 2344 5873 apta
2372 5800 2642 5857 connexio
2664 5806 2769 5854 est.
