3970 6506
489 472 503 490 Ι
607 381 750 445 2363

1674 389 1731 449 S.
1770 389 2132 451 EUTYCHII
2174 387 2676 449 PATRIARCHZE
2712 387 2820 447 CP.

3646 414 3652 420 -
3709 378 3830 440 2361

608 494 812 548 mei-ale
837 493 1130 560 auferrem,
1172 495 1224 549 id
1255 512 1365 550 non
1419 496 1558 554 feci:
1608 508 1666 552 et
1715 514 1845 553 ecce
1899 499 2068 553 etiam
2117 499 2171 552 in

2275 497 2547 568 ἐφυλάχθη
2570 515 2585 528 ·
2614 496 2724 549 τῶν
2751 496 2859 564 γάρ
2888 491 3165 562 κληρικῶν
3185 489 3483 556 λεγόντων,
3508 487 3650 550 ὅπως
3666 489 3832 558 ὲπάρω

607 583 711 636 hac
748 585 1056 640 calamitate
1083 588 1500 642 remansitmihi
1533 604 1668 642 zona
1701 605 1826 643 cum
1864 589 2175 659 insignibus

605 673 955 743 dignitatum.
1022 677 1147 732 llaec
1197 679 1288 732 ille
1339 679 1560 748 quidem
1619 679 1842 735 diccbat
1891 695 2171 744 maerens;

606 773 825 836 tempus
885 776 1068 823 tamen
1098 770 1436 838 ptenitentire
1492 786 1604 826 non
1653 771 1886 838 invenit,
1917 771 2175 842 quamvis

607 873 733 912 cum
762 859 1014 930 lacrymis
1066 871 1338 931 qumreret
1370 878 1512 917 eam.
1553 863 1632 917 Ac
1667 863 1737 918 de
1800 864 1888 919 bis
1935 864 2172 934 quidem

611 951 784 1005 satis:
814 951 882 1006 ad
921 953 1291 1008 narrationem
1318 954 1626 1009 institutam
1660 966 2035 1010 revertamur.

680 1220 770 1275 78.
794 1220 1086 1290 Postquam
1119 1222 1205 1276 v-ir
1237 1231 1480 1288 sanctus,
1513 1230 1574 1277 ut
1625 1223 1830 1278 dictum
1860 1231 1965 1288 est,
2033 1237 2170 1277 con-

607 1326 828 1380 gressus
855 1327 980 1364 cum
1008 1312 1454 1380 imperatoribus,
1477 1314 1546 1368 ab
1575 1314 1769 1368 iisdem
1797 1330 1940 1384 :egre
1992 1313 2173 1367 divul-

608 1417 703 1456 sus
735 1411 907 1468 esset;
942 1403 1137 1458 videns
1162 1406 1444 1474 populum,
1467 1405 1675 1462 Christi
1715 1407 1911 1476 suique
1936 1407 2170 1476 pastoris

609 1494 937 1558 studiosum,
970 1495 1171 1565 gratias
1194 1497 1304 1550 Deo
1339 1497 1681 1552 incessanter
1703 1513 1885 1568 agere,
1911 1508 2170 1567 precatus

606 1591 695 1637 est
721 1599 1064 1640 communem
1095 1587 1407 1653 Dominum,
1429 1595 1490 1642 ut
1510 1589 1625 1658 ipse
1650 1604 1842 1644 eorum
1864 1589 2029 1642 vellet
2049 1604 2169 1643 esse

607 1685 1040 1732 remunerator:
1085 1687 1250 1747 atque
1307 1679 1388 1733 ita
1448 1694 1573 1733 cum
1622 1679 1881 1734 universa
1923 1679 2166 1733 ﬁdelium

607 1769 772 1822 turba
802 1768 1086 1838 ingressus
1119 1780 1206 1825 est
1247 1771 1304 1824 in
1349 1771 1662 1836 ecclesiam,
1711 1771 1878 1841 idque
1910 1776 2166 1840 tanquam

2273 591 2334 644 τὸ
2351 591 2660 661 ὼμοφόριον
2686 590 2780 643 ἀπ’
2813 587 3002 652 αὐτοῦ,
3033 585 3190 652 τοῦτο
3215 585 3281 637 οὐ
3316 583 3602 651 πέπραχά,
3626 584 3714 633 καὶ
3736 584 3830 634 ἰδοὺ

2274 684 2331 735 ὲν
2359 683 2488 752 ποίᾳ
2520 682 2637 751 εἰμὶ
2679 681 3018 752 περιστάσει,
3075 677 3170 730 καὶ
3201 676 3308 744 τῆς
3362 672 3564 743 ζώνης,
3604 675 3713 743 ἦτοι
3739 673 3832 726 τῶν

2274 775 2600 843 ἀξιωμάτων
2645 792 2768 844 μου,
2809 773 3101 841 ἀφαίρεσις
3127 770 3188 821 οὐ
3215 769 3473 838 γέγονεν.
3516 766 3724 819 Κλαίων
3752 763 3834 818 οὖν

2271 861 2441 915 ταῦτα
2497 863 2751 932 διηγεῖτο,
2803 860 2918 914 ἀλλ’
2945 860 3043 929 οὐχ
3102 852 3264 928 εὗρεν
3308 856 3509 925 καιρὸν
3549 855 3830 924 μετανοίας,

2272 955 2473 1024 καίπερ
2520 954 2657 1024 μετὰ
2686 952 2936 1024 δακρύων
2990 950 3196 1020 ταύτην
3227 949 3500 1018 ζητήσας.
3533 948 3640 1011 Κᾳὶ
3680 947 3832 999 ταῦτα

2275 1045 2376 1114 μὲν
2405 1045 2533 1115 περὶ
2569 1044 2776 1098 τούτων
2798 1059 2812 1074 ·
2845 1041 2961 1099 ἀλλ’
2991 1040 3384 1109 ἐπανέλθωμεν
3413 1038 3509 1092 ἐπὶ
3534 1037 3604 1089 τὰ
3627 1038 3831 1108 προκεί-

2279 1150 2439 1204 μενα.

2339 1233 2440 1296 οη’.
2459 1222 2876 1295 Συντετυχηκὼς
2899 1227 2928 1278 ό
2952 1224 3098 1286 ὅσιος
3119 1225 3231 1285 τοῖς
3258 1220 3598 1291 βασιλεῦσιν,
3619 1219 3691 1280 ὡς
3704 1220 3834 1287 είρηο

2270 1335 2381 1382 ται,
2395 1318 2490 1370 καὶ
2501 1317 2653 1388 μόλις
2663 1315 3057 1379 ἀποσπασθεὶς,
3073 1314 3300 1384 ἐξῆλθεν
3321 1313 3419 1367 ἀπ’
3429 1312 3630 1373 αὐτῶν,
3647 1311 3833 1380 βλέπων

2270 1410 2526 1480 χαίροντα
2551 1409 2640 1461 τὸν
2660 1408 3002 1478 φιλόχριστον
3034 1408 3129 1460 καὶ
3178 1405 3549 1475 φιλοποίμενα
3573 1403 3714 1464 λαὸν,
3752 1404 3832 1455 καὶ

2269 1501 2367 1570 τὴν
2383 1500 2673 1552 ἁδιάκοπον
2693 1499 3045 1568 εὐχαριστίαν
3073 1497 3463 1568 προσφέροντα
3478 1494 3557 1564 τῷ
3584 1495 3717 1563 Θεῷ,
3742 1509 3833 1545 πα·

2271 1593 2489 1662 ρεκάλει
2515 1590 2677 1643 αὐτὸν
2697 1588 2952 1658 γενέσθαι
2980 1589 3164 1651 αὐτοῖς
3183 1587 3396 1656 ἀγαθὸν
3424 1585 3828 1656 μισθαποδότην.

2270 1681 2454 1744 Οὕτως
2469 1678 2562 1734 οὖν
2583 1683 2679 1734 σὺν
2699 1682 2863 1734 παντὶ
2889 1681 2970 1751 τῷ
2999 1680 3112 1749 λαῷ
3141 1680 3219 1751 τῷ
3256 1679 3442 1748 πιστῷ
3470 1680 3553 1740 είς
3579 1676 3674 1748 τὴν
3691 1677 3831 1743 ἁγίαν

2271 1773 2368 1827 τοῦ
2398 1773 2534 1827 Θεοῦ
2563 1774 2821 1844 Μεγάλην
2879 1773 3174 1840 ἐκκλησίαν
3196 1771 3477 1841 εἰσῆλθεν,
3503 1770 3604 1822 οὐκ
3621 1769 3833 1838 ἀμογητὶ

607 1859 664 1912 in
701 1873 927 1929 regnum
975 1860 1096 1915 Dei.
1153 1875 1265 1914 non
1319 1861 1439 1915 sine
1502 1861 1690 1916 labore
1731 1878 1746 1915 :
1787 1860 1921 1930 quia
1973 1874 2166 1929 magna

2275 1866 2390 1935 μὲν,
2406 1865 2565 1936 [πλὴν
2583 1865 2657 1929 ὡς
2677 1867 2756 1928 είς
2772 1865 3046 1936 βασιλείαν
3065 1864 3250 1936 Θεοῦ,]
3271 1864 3516 1934 ἠδυνήθη
3539 1862 3625 1916 διὰ
3646 1860 3830 1915 πολλῶν

605 1951 892 2021 premebat
922 1951 1240 2015 multitudo,
1265 1967 1386 2021 quae
1410 1952 1658 2006 divinum
1692 1953 1961 2022 templum
1997 1968 2168 2007 occu-

605 2050 788 2110 parat.
846 2041 1329 2099 Ascenditdeinde
1375 2045 1428 2098 in
1459 2045 1773 2109 ambonem,
1831 2045 1976 2100 sicut
2035 2046 2168 2100 olim

605 2132 819 2204 Moyses
855 2135 908 2188 in
943 2144 1181 2188 montem
1211 2135 1398 2200 Sinai;
1433 2135 1621 2205 ibique
1649 2135 1879 2190 sublatis
1903 2135 1971 2190 ad
1998 2136 2167 2191 Deum

607 2224 863 2278 manibus
909 2225 1098 2293 pepuli
1156 2239 1349 2293 preces
1390 2235 1446 2279 et
1479 2225 1910 2296 supplicationes
1955 2226 2167 2282 caelesti

605 2313 720 2368 Deo
770 2329 836 2369 ac
881 2315 1031 2370 Patri
1094 2315 1318 2380 offerre,
1351 2315 1581 2385 ejusque
1626 2316 2063 2371 misericordiam
2099 2316 2170 2370 ad

607 2407 826 2476 plebem
855 2406 1150 2461 videbatur
1175 2407 1488 2472 deducere;
1543 2423 1723 2475 neque
1752 2406 1901 2460 enim
1943 2415 2168 2477 pr0ptcr

606 2497 1022 2553 multitudinem
1055 2499 1218 2553 aliter
1245 2499 1363 2554 fieri
1389 2507 1628 2570 poterat.
1662 2498 1931 2554 Tonitrua
1983 2510 2168 2554 autem

606 2604 664 2650 et
695 2610 950 2650 crescens
973 2595 1330 2649 buccinarum
1351 2610 1539 2657 sonus,
1572 2594 1626 2648 id
1647 2604 1733 2650 est
1782 2602 1924 2664 apta:
1949 2593 2171 2650 divino-

609 2700 731 2740 rum
763 2685 1108 2739 oraculorum
1125 2685 1414 2746 lectiones,
1441 2685 1646 2739 clarius
1677 2693 1735 2740 et
1784 2685 2172 2739 vehementius

608 2775 997 2845 pronuntiata,
1022 2789 1147 2830 cum
1178 2775 1374 2829 timore
1406 2782 1463 2828 et
1504 2789 1697 2845 magna
1747 2775 2171 2844 compunctione

606 2863 1036 2932 peragebantur.
1103 2863 1352 2932 Denique
1424 2863 1612 2918 divina
1665 2863 1840 2934 caligo
1909 2873 2161 2918 sanctum

608 2953 787 3006 altare
833 2953 1085 3021 operuit:
1118 2968 1284 3022 super
1335 2970 1444 3024 quo
1496 2970 1623 3009 cum
1669 2953 2025 3008 incruentum
2075 2971 2166 3010 sa-

608 3043 879 3097 crificium
911 3043 1222 3109 obtulisset,
1251 3046 1372 3116 ejus
1391 3045 1839 3100 communionem
1885 3046 2172 3102 distribuit

609 3131 755 3186 Iideli
791 3133 1015 3202 populo,
1059 3134 1128 3189 ab
1154 3135 1292 3189 hora
1324 3137 1487 3191 tertia
1511 3152 1686 3206 usque
1719 3137 1787 3192 ad
1823 3153 2060 3192 nonam:
2102 3154 2170 3194 eo

609 3224 760 3294 quod
815 3225 984 3296 ipsam
1030 3242 1223 3283 omnes
1272 3229 1478 3284 vellent
1532 3231 1600 3286 de
1651 3231 1903 3302 manibus
1931 3232 2050 3302 ejus
2075 3247 2170 3287 ac~

607 3317 815 3386 cipere.
1698 3301 1704 3307 ’

679 3405 766 3459 79.
805 3406 940 3461 Nam
1007 3407 1443 3480 quotiescunque
1508 3411 1877 3471 distribuebat
1925 3433 2174 3475 commu-

609 3495 854 3563 nionem,
877 3513 1067 3554 omnes
1094 3499 1160 3553 ad
1187 3515 1335 3564 eum,
1368 3502 1514 3557 sicut
1546 3504 1601 3558 in
1636 3508 1932 3578 principio,
1966 3510 2175 3582 absque

607 3589 860 3644 satietate
906 3593 1310 3648 concurrebant
1339 3611 1353 3648 :
1384 3597 1511 3666 quia
1548 3596 1753 3654 intuitu
1783 3603 1904 3672 ejus
1927 3620 2039 3659 non
2071 3622 2173 3676 po-

609 3688 788 3735 terant
811 3683 1046 3737 saturari
1089 3685 1405 3755 quicunque
1453 3689 1705 3745 solebant
1749 3703 1896 3748 recte
1924 3697 2126 3751 sentire
2159 3716 2172 3753 :

606 3771 703 3826 sed
739 3783 1006 3842 quantum
1047 3776 1172 3844 quis
1201 3777 1252 3830 ei
1303 3777 1550 3834 haerebat
1600 3782 1789 3852 magis,
1826 3794 1976 3840 tanto
2007 3788 2174 3843 vehe-

608 3864 848 3919 mentius
900 3867 1306 3931 attrahebatur,
1349 3871 1543 3925 eodem
1581 3887 1710 3943 erga
1753 3875 1908 3930 illum
1947 3878 2177 3936 affectus

608 3952 794 4018 modo,
828 3969 938 4022 quo
972 3971 1098 4025 erga
1131 3967 1436 4028 magnetem
1468 3961 1708 4030 lapidem
1759 3963 1989 4030 ferrum,
2029 3970 2176 4037 quod

609 4057 808 4096 arcana
832 4045 1064 4113 quadam
1085 4047 1138 4100 vi
1174 4049 1499 4104 naturaliter
1530 4052 1767 4106 trahitur
1792 4071 1804 4106 :
1834 4054 1908 4109 ita
1939 4072 2175 4134 namque

609 4134 696 4186 vir
727 4134 1067 4190 admirabilis
1125 4153 1319 4194 ninnes
1373 4157 1494 4196 sese
1534 4145 1884 4212 aSpicientes,
1931 4160 2178 4205 amanter

608 4225 902 4281 alliciebat.
926 4228 1058 4282 Erat
1082 4229 1230 4284 enim
1253 4239 1367 4286 toto
1392 4232 1584 4289 habitu
1615 4238 1908 4306 gratiosus,
1933 4250 1988 4296 et
2009 4242 2176 4296 animi

609 4330 676 4370 ac
707 4318 957 4384 corporis
983 4320 1393 4388 pulchritudine
1423 4324 1685 4393 decorus;
1718 4330 1968 4385 sublimis
1986 4348 2174 4402 opere,

610 4419 776 4461 sensu
813 4408 1058 4474 humilis,
1089 4411 1292 4467 virtute
1332 4417 1697 4480 venerandus,
1743 4435 2039 4491 congressu
2077 4423 2173 4478 be-

610 4497 808 4568 nignus
859 4509 1024 4571 atque
1075 4503 1353 4571 affabilis,
1403 4518 1763 4574 mansuetus,
1816 4512 2170 4581 misericors;

609 4604 862 4647 sermone
896 4592 1092 4658 dulcis,
1133 4595 1230 4650 sed
1260 4598 1507 4654 moribus
1539 4599 1779 4668 dulcior;
1820 4614 2042 4673 aspectu
2078 4621 2177 4660 an-

610 4681 838 4750 gelicus,
885 4685 980 4738 sed
1033 4685 1216 4741 animo
1249 4691 1440 4759 magis.

681 4775 770 4830 80.
810 4776 1036 4848 Nequeo
1081 4796 1273 4837 omnes
1321 4784 1470 4840 illius
1517 4794 1634 4840 tum
1681 4786 1998 4857 spirituales
2052 4806 2177 4845 cum

610 4879 904 4936 corporeas
955 4868 1112 4927 dotes
1159 4875 1458 4942 explicare,
1502 4877 1875 4932 membrorum
1933 4881 2178 4936 omnium

612 4952 1101 5012 conformationem
1156 4969 1357 5029 aptam,
1397 4965 1540 5019 unde
1585 4966 1821 5022 interior
1859 4969 2024 5024 homo
2059 4971 2177 5040 ple-

615 5056 846 5112 rumque
873 5046 1238 5116 dignoscitur;
1276 5053 1460 5108 vultus
1491 5055 1821 5112 hilaritatem
1843 5069 1900 5114 et
1927 5063 2180 5130 gratiam,

616 5131 686 5186 de
717 5150 826 5203 quo
857 5135 1109 5194 Salomon
1140 5142 1220 5195 ait
1251 5159 1265 5196 :
1297 5162 1315 5193 ι
1349 5144 1456 5199 Cor
1489 5147 1734 5216 gaudens
1765 5151 1898 5219 (Deo
1934 5153 2181 5224 'scilicct)

613 5224 884 5281 exhilarat
905 5229 1097 5284 faciem
1125 5233 1171 5264 ⁸ο
1199 5249 1214 5299 ;
1254 5253 1271 5285 ι
1304 5237 1495 5292 oculos
1517 5239 1670 5294 lmtos
1691 5249 1748 5295 et
1775 5242 2010 5312 pupillas
2040 5245 2180 5300 bene

616 5313 941 5377 custoditus,
981 5318 1115 5374 tales
1147 5322 1293 5376 enim
1326 5326 1603 5394 aspiciunt
1652 5338 1800 5384 recta
1840 5341 1897 5386 et
1930 5342 2183 5388 annuunt

611 5401 789 5474 justa;
831 5405 1026 5463 dentes
1086 5413 1371 5477 candidos,
1426 5418 1554 5486 quia
1612 5435 1786 5489 purus
1833 5432 1888 5477 et
1940 5425 2183 5482 caelestis

613 5502 703 5548 est
742 5497 1014 5566 justorum
1048 5502 1227 5569 cibus,
1261 5505 1428 5576 ignita
1457 5508 1626 5574 labra,
1661 5527 1690 5566 a
1726 5514 1930 5582 quibus
1960 5531 2096 5585 pura
2127 5525 2183 5572 et

692 5638 737 5668 ⁸ο
768 5638 926 5694 Prov.
965 5658 1051 5706 xv,
1086 5643 1171 5699 15.

2271 1957 2505 2024 θλίψεων
2530 1957 2682 2018 ἐντὸς
2710 1944 2966 2025 γενέσθαί
2990 1957 3082 2010 τοῦ
3107 1957 3255 2009 θείου
3288 1954 3454 2007 ναοῦ·
3488 1954 3584 2007 καὶ
3618 1952 3830 2006 ἀνελθὼν

2269 2052 2348 2114 εἰς
2372 2050 2461 2103 τὸν
2486 2050 2734 2121 ἄμϐωνα,
2781 2050 2859 2113 ὡς
2913 2050 3081 2103 πάλαι
3146 2050 3379 2118 Μωσῆς,
3414 2049 3496 2111 εἰς
3534 2048 3596 2100 τὸ
3631 2048 3821 2100 Σιναῖον

2267 2144 2412 2215 ὅρος,
2437 2143 2539 2207 τὰς
2567 2146 2752 2214 χεῖρας
2786 2144 2927 2212 πρὸς
2950 2143 3042 2196 τὸν
3095 2143 3230 2196 Θεὸν
3258 2140 3574 2205 ἀνατείνας,
3605 2139 3828 2208 ἐφαίνετο

2267 2234 2347 2304 τῷ
2376 2234 2509 2304 λαῷ,
2544 2235 2642 2298 τὰς
2677 2235 2774 2304 μὲν
2799 2234 2964 2303 εὐχάς
2994 2234 3088 2287 τοῦ
3113 2233 3246 2286 λαοῦ
3310 2232 3412 2286 καὶ
3467 2230 3676 2291 ἱκεσίας
3717 2230 3827 2282 ἀνα-

2268 2326 2501 2394 πέμπων
2532 2325 2668 2394 πρὸς
2690 2325 2781 2378 τὸν
2816 2327 2873 2377 ἐν
2906 2323 3156 2394 οὐρανοῖς
3194 2323 3426 2392 Πατέρα
3456 2321 3556 2374 καὶ
3587 2320 3732 2382 Θεὸν,
3775 2317 3826 2369 τὸ

2267 2417 2324 2471 δὲ
2353 2416 2500 2480 ἕλεος
2542 2415 2708 2470 αὐτοῦ
2741 2415 2910 2470 αἰτῶν
2943 2414 3307 2484 καταπέμψαι
3340 2415 3434 2466 ἐπὶ
3461 2412 3554 2465 τὸν
3599 2411 3720 2464 λαὸν
3743 2409 3824 2462 αὺ-

2267 2507 2360 2560 τοῦ
2387 2507 2526 2575 (οὐδὲ
2573 2506 2681 2577 γὰρ
2713 2485 2982 2577 ’.ἠδυνήθη
3015 2505 3103 2557 διὰ
3138 2505 3198 2557 τὸ
3255 2503 3465 2574 πλῆθος
3502 2502 3673 2562 ἄλλως
3695 2499 3824 2560 ἐντὸς

2269 2597 2520 2663 γενέσθαι
2546 2598 2639 2650 τοῦ
2664 2596 2979 2666 ίερατείου)·
3014 2596 3069 2647 αἱ
3104 2594 3161 2647 δὲ
3191 2592 3421 2663 βρονταὶ
3440 2592 3536 2644 καὶ
3557 2591 3822 2657 σάλπιγγες

2270 2689 2684 2760 προϐαίνουσαι,
2744 2687 3043 2750 τουτέστιν,
3102 2687 3158 2739 αῖ
3206 2685 3322 2740 τῶν
3371 2683 3589 2737 σεπτῶν
3639 2680 3821 2748 Λογίων

2271 2780 2570 2851 πρόσφοροι
2597 2779 2956 2848 ἀναγνώσεις,
3012 2777 3362 2848 ἰσχυρότεραι
3400 2775 3543 2846 μετά
3578 2791 3715 2834 τινος
3740 2773 3820 2840 φό-

2273 2871 2492 2930 ϐουκαὶ
2525 2870 2723 2941 πολλῆς
2742 2870 3087 2934 κατανύξεως
3125 2867 3505 2922 ἐπετελοῦντο.
3539 2865 3603 2918 Τί
3644 2864 3698 2916 δὲ
3724 2863 3818 2915 λοι-

2271 2961 2413 3026 ἰιόνς⁴
2452 2961 2510 3013 '0
2531 2961 2672 3023 θεῖος
2697 2960 2895 3030 γνόφος
2919 2961 3080 3013 αὐτὸν
3113 2960 3433 3026 ὑπεδέξατο,
3477 2957 3540 3011 τὸ
3567 2957 3713 3025 ἅγιον
3745 2954 3821 3007 θυ-

2272 3053 2606 3122 σιαστήριον,
2638 3055 2696 3107 ὲν
2719 3046 2764 3121 ᾧ
2792 3053 2888 3107 καὶ
2916 3053 3017 3122 τὴν
3045 3052 3386 3122 ἀναίμακτον
3413 3048 3723 3111 ἐπιτελέσας
3745 3047 3819 3099 θυ-

2274 3143 2412 3208 σίαν,
2442 3144 2742 3214 μετέδωκεν
2771 3141 2974 3210 ταύτην
3022 3143 3100 3212 τῷ
3149 3142 3332 3212 πιστῷ
3379 3141 3516 3211 λαῷ,
3545 3140 3819 3210 ἀρξάμενος

2273 3235 2382 3289 ἀπὸ
2409 3234 2599 3306 τρίτης
2627 3234 2775 3305 ὥρας
2799 3234 2992 3304 μέχρις
3019 3235 3272 3302 ὲννάτης,
3299 3232 3391 3287 διὰ
3408 3232 3470 3286 τὸ
3502 3232 3699 3294 πάντας
3721 3230 3820 3281 ἑπι-

2276 3327 2467 3396 θυμεῖν
2498 3325 2627 3396 παρ’
2651 3324 2817 3379 αὑτοῦ
2846 3324 3308 3395 μεταλαμϐάνειν.

2345 3415 2442 3471 οϐ’,
2489 3415 2710 3480 Ὁσάκις
2747 3415 2855 3484 γάρ
2899 3415 2964 3469 ἂν
3009 3415 3312 3485 μετεδίδου,
3347 3417 3443 3492 ,ὡς
3489 3418 3546 3470 ὲν
3593 3411 3816 3483 πρώτοις,

2274 3506 2422 3578 αὐτῷ
2449 3505 2762 3576 ἀκορέστως
2803 3505 3002 3568 πάντες
3036 3506 3407 3578 προσέτρεχον
3429 3524 3442 3538 ·
3492 3503 3612 3559 οὔτε
3639 3503 3736 3571 γὰρ
3752 3495 3817 3552 el-

2274 3615 2371 3670 χεν
2398 3599 2558 3668 κόρον
2580 3595 2958 3668 θεωρούμενος
2990 3599 3140 3665 παρὰ
3168 3597 3280 3650 τῶν
3317 3598 3454 3669 ὀρθὰ
3487 3598 3698 3668 φρονεῖν
3715 3593 3818 3644 είω-

2276 3690 2466 3754 θότων,
2505 3689 2619 3742 ἀλλ’
2645 3689 2768 3742 ὅσον
2804 3688 2868 3740 ἄν
2906 3705 2988 3752 τις
3023 3687 3171 3759 αὐτῷ
3227 3690 3544 3758 προσεῖχεν,
3597 3682 3818 3737 τοσοῦτον

2277 3782 2437 3834 πλέον
2465 3781 2557 3834 ὑπ’
2609 3779 2772 3834 αὐτοῦ
2817 3781 3129 3832 ἐπεσπᾶτο·
3185 3781 3355 3833 ταυτὸ
3391 3779 3632 3848 πάσχων,
3673 3768 3819 3826 οἷονὸ

2276 3871 2490 3941 σίδηρος
2524 3869 2661 3939 πρὸς
2679 3869 2780 3940 τὴν
2813 3870 3081 3938 μαγνῆτιν
3101 3869 3272 3929 λίθον,
3304 3872 3425 3941 ἥτις
3480 3868 3693 3940 ἀρρήτῳ
3735 3860 3817 3928 φύ-

2277 3979 2413 4024 σεως
2471 3959 2560 4030 βίᾳ
2591 3958 2776 4014 τοῦτον
2821 3960 3054 4015 ἕλκουσα
3097 3961 3410 4015 δείκνυται·
3443 3960 3642 4030 ὁμοίως
3682 3951 3818 4007 καὶὸ

2277 4052 2578 4122 θαυμάσιος
2601 4050 2807 4113 πάντας
2842 4052 2969 4114 τοὺς
2992 4051 3243 4114 θέλοντας
3288 4053 3424 4124 ὁρᾷν
3451 4048 3607 4103 αὐτὸν
3633 4046 3817 4111 ἀγαπη-

2275 4145 2441 4206 τικῶς
2470 4137 2649 4196 εἷλκεν
2676 4143 2814 4214 πρὸς
2843 4143 3058 4198 ἑαυτόν.
3095 4143 3255 4207 Ὅλος
3286 4144 3395 4216 γὰρ
3427 4138 3495 4214 ἦν
3551 4148 3817 4208 κεχαριτωο

2279 4237 2438 4307 μένος
2465 4237 2521 4288 ἐν
2555 4235 2735 4306 στολῇ,
2760 4234 2956 4305 ὡραῖος
2987 4235 3170 4288 κάλλει
3196 4234 3414 4307 ψυχικῷ
3465 4250 3523 4286 τε
3548 4232 3636 4286 καὶ
3669 4237 3818 4294 σωμα-

2276 4327 2434 4398 τικῷ,
2475 4326 2675 4397 ὑψηλὸς
2701 4329 2815 4388 τοῖς
2847 4324 3052 4396 ἔργοις,
3100 4328 3357 4390 ταπεινὸς
3401 4324 3479 4396 τῷ
3517 4319 3814 4392 φρονήματι.

2277 4417 2371 4470 καὶ
2399 4416 2495 4486 τὴν
2531 4416 2627 4486 μὲν
2652 4415 2851 4487 ἀρετὴν
2879 4417 3191 4485 ἀπρόσιτος,
3225 4416 3326 4488 τὴν
3370 4412 3646 4483 συντυχίαν
3672 4406 3722 4460 δὲ
3743 4401 3818 4455 καὶ

2276 4507 2396 4560 λίαν
2417 4507 2757 4578 εὐπρόσιτος,
2781 4507 2978 4576 πρᾶος,
3023 4506 3313 4576 ἁόργητος,
3351 4499 3656 4574 συμπαθὴς,
3713 4491 3818 4562 ἡδὺς

2281 4601 2374 4653 τὸν
2410 4601 2588 4669 λόγον,
2631 4599 2890 4670 ὴδὺτερος
2913 4598 3004 4651 τὸν
3032 4600 3255 4669 τρόπον,
3287 4593 3575 4668 ἁγγελικὸς
3603 4587 3659 4643 τὸ
3679 4579 3816 4643 εἶδος.

2281 4689 2715 4760 ἀγγελικώτερος
2745 4689 2841 4760 τὴν
2875 4689 3128 4742 διάνοιαν.

2351 4791 2425 4840 π’.
2450 4785 2525 4838 Οὐ
2553 4784 2662 4856 γὰρ
2692 4783 2876 4847 ἱκανός
2904 4784 3021 4853 εἰμι
3050 4782 3170 4837 κατ’
3201 4781 3363 4850 ἀξίαν
3401 4771 3743 4850 διηγήσασθαι
3761 4761 3818 4856 τὰ

2284 4877 2467 4931 πάντα
2484 4876 2579 4930 τοῦ
2614 4875 2806 4948 ἀνδρὸς
2833 4876 3042 4946 ψυχικά
3074 4893 3134 4929 τε
3168 4875 3263 4929 καὶ
3322 4867 3601 4944 σωματικά
3642 4855 3816 4952 rvmpi:

2287 4987 2488 5041 σματα,
2515 4968 2614 5038 τὴν
2638 4967 2807 5032 θέσιν,
2838 4967 2934 5039 τὴν
2954 4966 3243 5021 διάπλασιν
3269 4966 3378 5019 τῶν
3403 4960 3574 5034 μελῶν
3601 4954 3712 5009 ὅλου
3737 4960 3818 4998 του

2288 5060 2557 5131 σώματος,
2572 5059 2631 5124 ἐξ
2654 5054 2728 5112 ὧν
2753 5060 2781 5112 ὁ
2803 5059 2967 5121 ·ὲντὸς
2983 5057 3270 5129 ἄνθρωπος
3296 5058 3371 5119 ὡς
3393 5054 3459 5108 τὰ
3482 5046 3644 5105 πολλὰ
3669 5051 3815 5131 χαρᾶς

2287 5123 2626 5223 κτῆρίζεται·
2652 5153 2714 5206 τὸ
2737 5152 2941 5223 ἱλαρὸν,
2963 5151 3022 5205 τὸ
3041 5123 3231 5222 χαρίεν
3250 5149 3346 5203 τοῦ
3370 5141 3673 5220 προσώπου,
3701 5123 3812 5195 ’περὶ

2285 5236 2348 5295 οὗ
2374 5242 2736 5311 κα“ιΣολομών
2774 5259 2958 5312 φησιν,
3003 5259 3022 5292 ι
3071 5241 3311 5312 Καρδίας
3342 5228 3809 5324 εὐφραινομένηςο.ξ

2280 5335 2437 5405 δῆλον
2467 5337 2548 5388 ὅτι
2577 5336 2675 5406 τῆς
2700 5336 2842 5388 κατὰ
2869 5335 3023 5402 Θεὸν,
3053 5353 3072 5385 ι
3104 5333 3393 5406 πρόσωπον
3422 5325 3629 5382 θάλλει·
3657 5336 3677 5368 ι
3705 5321 3812 5406 τοὺς

2282 5403 2607 5498 χαροποιοὺς
2632 5403 2641 5406 Ἴ
2663 5426 2998 5497 ὀφθαλμοὺς,
3035 5403 3159 5490 τὰς-
3184 5425 3373 5480 τούτου
3429 5403 3810 5486 πεφυλαγμένοις

2284 5521 2471 5591 κόρας,
2494 5520 2728 5574 τοιοῦτοι
2757 5521 2866 5591 γὰρ
2891 5521 2941 5573 οἱ
2965 5518 3253 5590 βλέποντες
3274 5517 3408 5590 ὀρθά
3432 5512 3522 5568 καὶ
3543 5499 3808 5560 ἐννείοντες

700 5753 812 5822 (65)
843 5753 1045 5813 Textus
1067 5758 1289 5815 Graccus
1326 5762 1626 5818 secundum
1661 5761 1836 5818 LXX;
1867 5762 2023 5818 Cordi
2066 5762 2172 5818 [ivli
2211 5765 2374 5835 facies
2402 5765 2573 5836 ﬂoret.
