4028 6506
188 407 377 476 2265
1769 431 1791 490 i

1895 433 1965 490 ‘A.
3335 433 3475 496 2366

194 519 425 574 δίκαια
448 536 461 549 ·
490 522 612 584 τοὺς
638 520 864 589 λευκοὺς
893 525 1130 594 ὀδόντας,
1191 531 1406 604 καθαρὰ
1429 537 1536 606 γὰρ
1590 537 1684 590 καὶ
1715 539 1791 590 od-

1907 537 2155 594 ardentia
2186 537 2355 594 verba
2389 537 2683 609 gratiaeque
2724 538 3038 606 stillabant;
3079 549 3394 597 contractas
3419 550 3475 596 ct

200 612 534 713 pardi-cibi:
562 613 785 713 δικαίων
817 618 1042 690 ήτροφή
1064 638 1078 653 ⁶
1102 621 1171 675 τὰ
1210 624 1508 694 πυρίζοντα
1541 627 1715 698 χείλη,
1745 629 1791 682 τί

1906 639 2085 685 rectas
2131 645 2311 692 aures,
2356 630 2424 684 ad
2485 645 2703 684 omnem
2759 630 3002 684 divinam
3060 647 3247 687 vocem
3295 632 3473 686 susci-

200 703 489 768 πυρῶδες
524 705 619 756 καὶ
649 706 891 777 καθαρὸν
920 711 1013 764 τοῦ
1044 710 1227 781 λόγου,
1260 715 1480 780 καὶτὰς
1508 718 1602 769 ἀπ’
1625 719 1791 772 αύτῶι

1903 722 2158 793 piendam
2195 723 2448 790 idoneas;
2471 723 2694 788 collum,
2723 731 2783 775 ut
2811 722 3033 777 Davidis
3056 731 3262 777 turrem
3300 724 3471 778 aediﬁ-

199 792 655 898 irzoatatodcac
679 795 929 865 χάριτας,
957 801 1027 854 τὰ
1069 803 1475 874 συνεσταλμένα
1509 807 1604 860 καὶ
1647 807 1791 878 ὄρθια

1904 792 2110 879 catum,
2132 825 2297 884 atque
2325 815 2392 869 ad
2413 814 2696 869 ferendum
2725 814 2930 869 Christi
2959 814 3265 884 divinaeque
3291 815 3472 869 chari-

197 886 366 948 ὢτα,
417 886 497 948 ὡς
529 889 709 940 πᾶσαν
753 888 904 942 θείαν
951 893 1134 963 φωνὴν
1176 894 1575 966 ὑποδεξάμεναο
1608 898 1700 950 τὸν
1729 899 1791 960 ὡς

1905 907 2031 962 tatis
2056 907 2339 978 spirituale
2356 908 2546 978 jugum
2570 907 3012 962 etEcclesiarum
3038 907 3469 961 sollicitudinem

205 981 446 1067 -πῡργον
477 981 574 1031 τοῦ
601 981 761 1035 Δαυῒδ
786 982 1203 1054 ᾠκοδομημένον
1257 987 1554 1058 τράχηλον,
1602 990 1791 1059 βαστά·

1903 998 2413 1064 accommodatum;
2457 998 2674 1053 niveam
2730 998 2874 1054 sacri
2924 998 3118 1067 capitis
3165 1013 3374 1052 comam
3415 1005 3471 1052 et

213 1065 390 1168 ζοντα
421 1067 667 1133 δυνατῶς
689 1073 779 1125 τὸν
820 1075 1055 1144 Χριστὸν
1103 1077 1197 1131 καὶ
1239 1082 1608 1149 πνευματικὸν
1642 1081 1791 1148 ζυγὸι

1901 1089 2149 1154 barbam,
2191 1089 2474 1145 Aaronica:
2506 1089 2761 1151 similem,
2806 1105 2912 1159 qua
2955 1065 3080 1143 vita:
3124 1088 3383 1158 splendor
3415 1098 3472 1142 ct

211 1158 328 1266 ἐἷς
355 1158 514 1266 δείας
547 1162 787 1234 χάριτος,
829 1166 949 1236 ἥτις
998 1163 1124 1239 ἦνή
1187 1171 1428 1241 μέριμνα
1476 1173 1666 1227 πασῶν
1696 1175 1791 1227 τῶι

1903 1183 2170 1254 perfectio
2217 1182 2662 1253 signiﬁcabatur;
2694 1158 2883 1236 adhaec
2923 1181 3172 1250 corporis
3218 1180 3466 1248 fragran-

245 1248 586 1322 Εκκλησιῶν
614 1272 629 1285 ·
661 1257 758 1328 τὴν
785 1255 1222 1332 λελευκασμένην
1243 1263 1406 1332 τρίχα
1431 1263 1531 1333 τῆς
1560 1281 1620 1316 τε
1650 1265 1791 1334 ἱερᾶς

1903 1248 2057 1336 iiam,
2085 1248 2345 1344 tanquam
2371 1283 2711 1346 unguentum
2744 1273 2892 1343 quod
2917 1248 3205 1327 descendit
3232 1270 3287 1324 in
3318 1286 3469 1324 oram

207 1345 527 1446 κεφαλῆς,-
547 1347 642 1400 καὶ
695 1349 797 1419 τῆς
831 1352 1228 1421 παραπλησίως
1273 1354 1501 1425 ἐχούσης
1533 1357 1791 1424 γενειάδος

1902 1365 2214 1421 vestimenti
2298 1364 2707 1429 sacerdotalis;
2760 1363 2938 1418 (etatis
3010 1361 3466 1425 moderationem,

203 1436 316 1528 τοῦ
355 1436 578 1509 ⁹Ααρὼν
603 1437 881 1510 πώγωνος,
915 1442 1285 1516 σημαινούσης
1317 1445 1377 1499 τὸ
1407 1444 1661 1520 λαμπρὸν
1706 1447 1791 1501 τοῦ

1900 1473 2022 1528 qua)
2068 1473 2188 1511 eam
2225 1455 2526 1511 secundum
2556 1455 2836 1511 Christum
2865 1453 3161 1524 perfectam
3211 1452 3471 1506 ostende-

209 1527 343 1597 βίου
373 1529 477 1582 καὶ
504 1531 730 1587 τέλειον.
776 1534 921 1605 Πρὸς
948 1535 1158 1611 τούτοις
1187 1537 1248 1590 τὸ
1264 1538 1462 1601 εὐῶδες
1483 1538 1578 1592 τοῦ
1612 1539 1791 1610 σώμα-

1900 1527 2021 1615 bat;
2052 1549 2186 1604 latas
2215 1563 2428 1612 manus,
2461 1547 2814 1617 amplissimae
2840 1545 3187 1601 liberalitatis
3224 1545 3466 1608 iudices;

200 1637 332 1684 τος,
351 1621 435 1685 ὠς
457 1622 520 1676 τὸ
556 1622 726 1693 μύρον
740 1623 802 1677 τὸ
830 1626 1157 1681 καταϐαῖνον
1186 1629 1280 1681 ἐπὶ
1298 1630 1396 1700 τὴν
1419 1629 1533 1684 ῶαν
1551 1630 1646 1683 τοῦ
1671 1633 1791 1704 ἁρχ-

1899 1652 2174 1708 congruos
2211 1645 2478 1706 aptosque
2522 1635 2727 1704 digitos
2755 1635 2824 1690 ad
2854 1649 3139 1690 sermones
3171 1633 3390 1688 divinos
3413 1642 3472 1686 et

206 1714 509 1784 ιερατικοῦ
571 1717 866 1787 ἐνδύματος
887 1735 902 1749 ·
953 1719 1016 1773 τὸ
1044 1720 1320 1794 ἔμμετρον
1350 1725 1451 1795 τῆς
1469 1726 1791 1795 φαινομένης

1899 1742 2031 1782 sana
2082 1726 2334 1795 dogmata
2395 1723 2838 1788 conscribenda;
2889 1735 3071 1778 rectos
3132 1722 3358 1776 omnino
3405 1736 3471 1774 ac

199 1805 465 1875 ἡλικίας,
490 1809 754 1878 ἐμφαῖνον
771 1810 872 1878 τὴν
904 1813 1045 1866 κατὰ
1059 1814 1294 1883 Χριστὸν
1313 1816 1527 1872 τελείαν
1552 1816 1791 1889 ήλικίαψ

1903 1816 2090 1871 ﬁrmos
2133 1816 2321 1885 pedes,
2357 1830 2461 1870 nec
2499 1815 2568 1869 ad
2597 1815 2902 1878 dexteram,
2950 1828 3056 1868 nec
3097 1812 3165 1867 ad
3188 1813 3468 1867 sinistram

199 1899 316 1960 τὰς
352 1898 717 1970 εὐπαλάμους
744 1905 952 1974 χεῖρας,
981 1904 1248 1976 δηλούσας
1275 1907 1336 1960 τὸ
1357 1907 1562 1970 πλάτος
1589 1909 1688 1978 τῆς
1715 1909 1791 1961 εὐ-

1902 1907 2258 1968 decliuantes,
2312 1905 2410 1960 sed
2456 1905 2774 1960 incedentes
2802 1919 2901 1974 per
2959 1903 3141 1958 tritam
3171 1911 3228 1956 et
3262 1901 3468 1971 regiam

201 1989 560 2059 προσδέκτω
605 1992 981 2062 μεταδόσεως·
1021 1996 1146 2060 τοὺς
1201 1997 1546 2068 συμμέτρους
1593 1981 1791 2052 δακτύ-

1895 1997 2060 2059 viam,
2115 2011 2280 2066 quam
2313 1995 2414 2050 bos
2461 2004 2518 2050 et
2544 1995 2753 2059 asinus,
2803 1992 2860 2047 id
2911 2002 2998 2049 est
3036 1993 3272 2062 populus
3311 1991 3470 2046 Chri-

202 2078 369 2145 λους,
393 2082 742 2153 ἐπιτηδείους
768 2085 927 2148 ὄντας
951 2088 1287 2158 συγγράφειν
1312 2089 1429 2142 θεῖα
1452 2088 1605 2156 λόγιά
1619 2107 1680 2141 τε
1701 2089 1791 2141 καὶ

1895 2088 2106 2143 stianus
2135 2103 2204 2143 ex
2245 2087 2450 2143 Judazis
2478 2096 2534 2141 et
2581 2086 2839 2157 gentibus
2881 2085 3166 2147 collectus,
3199 2083 3396 2138 calcat.

209 2175 502 2245 δόγματαο
529 2177 661 2240 τοὺς
693 2179 836 2232 κατὰ
864 2180 1040 2234 πάντα
1068 2181 1264 2253 ὀρθοὺς
1300 2183 1397 2236 καὶ
1435 2183 1682 2252 ἑδραίους
1709 2182 1897 2245 πόδας.
1956 2182 2030 2251 μὴ
2098 2181 2446 2244 ἐκκλίνοντας
2469 2179 2620 2244 δεξιὰ
2659 2180 2692 2250 ἢ
2755 2178 3038 2250 ἀριστερὰ,
3073 2178 3384 2247 βαδίζοντας
3411 2179 3467 2230 δέ

214 2265 324 2336 τὴν
349 2267 717 2337 τετριμμένην
767 2270 864 2324 καὶ
919 2270 1203 2342 βασιλικὴν
1238 2273 1378 2338 ὁδὸν,
1434 2273 1501 2343 ἣν
1555 2271 1682 2343 βοῦς
1725 2271 1821 2325 καὶ
1858 2271 1979 2334 δνος
2013 2272 2196 2335 πατεῖ,
2235 2271 2540 2334 τουτέστιν,
2568 2270 2598 2322 ὁ
2655 2269 2716 2336 ἐξ
2757 2268 3026 2322 Ἰουδαίων
3059 2264 3155 2319 καὶ
3197 2266 3255 2332 ἐξ
3299 2267 3468 2320 ἐθνῶν

217 2360 408 2423 πιστὸς
425 2359 576 2422 λαός.

283 2448 401 2502 παε
419 2449 516 2511 Τίς
539 2449 907 2523 ὑπογράψειεν
927 2449 1246 2519 πρεπόντως
1265 2449 1328 2502 τὸ
1343 2447 1606 2503 εὔτακτον
1631 2449 1780 2520 βάδι-

207 2555 351 2610 σμα,
374 2541 441 2593 τὸ
458 2540 744 2611 εὐκίνητον
761 2540 884 2594 ὅλου
899 2541 994 2594 τοῦ
1018 2539 1300 2611 σώματοςς
1319 2541 1540 2613 τοιαύτη
1559 2542 1668 2613 γάρ
1681 2541 1789 2595 τῶν

207 2633 447 2702 πραέων
461 2633 680 2686 καὶτῶν
707 2633 925 2705 ὡραίων
945 2634 1124 2688 ποδῶν
1155 2636 1188 2701 ὴ
1223 2635 1459 2703 κίνησις,
1489 2635 1599 2689 τῶν
1619 2636 1788 2702 εὐαγ-

206 2722 586 2795 γελιζομένων
598 2725 960 2796 είρήνην,τῶν
980 2724 1481 2796 εὐαγγελιζομένων
1495 2725 1562 2779 τὰ
1585 2724 1788 2794 ἀγαθά,

211 2816 272 2883 ἐξ
298 2810 378 2869 ὧν
394 2815 728 2870 ἐνδείκνυται
742 2820 840 2887 τῆς
862 2815 1070 2869 ἐαυτῶν
1085 2817 1262 2887 ψυχῆς
1273 2817 1334 2869 τὸ
1347 2816 1578 2879 Θεοειδὲς
1597 2817 1790 2886 ἀκίνη-

211 2906 464 2968 τον.11ῶς
478 2906 666 2959 ἐπαινέ
674 2922 750 2959 σω
767 2907 864 2974 τὴν
878 2906 1266 2977 ἐπανθήσασαν
1289 2907 1438 2978 αὐτῷ
1453 2907 1547 2961 τοῦ
1568 2906 1790 2979 προσὼ-

215 3016 318 3052 που
332 2997 649 3068 ὠχρότητα,
671 2998 746 3060 ὡς
768 2997 870 3068 τῆς
891 2998 1020 3068 ῥόας
1039 2999 1102 3052 τὺ
1120 2997 1414 3070 λέπυρον,ἢ
1433 2997 1526 3052 τοῦ
1547 2998 1716 3070 μήλου
1731 2999 1793 3053 τὺ

215 3090 449 3162 ἐρυθρὸν
470 3091 568 3145 καὶ
584 3089 802 3157 εὑῶδες
820 3091 1060 3155 τοιοῦτος
1079 3089 1186 3162 γάρ
1206 3094 1234 3146 ὁ
1247 3091 1356 3145 τῶν
1374 3091 1517 3146 κατὰ
1532 3092 1792 3163 ἀλήθειαν

217 3181 506 3253 ἐγκρατῶν
526 3182 623 3236 καὶ
643 3183 1177 3256 κατεσκληρωκότων
1203 3183 1281 3254 (p)
1317 3182 1433 3254 βίος
1445 3184 1710 3254 κρυπτὸς,
1732 3185 1792 3236 τὸ

218 3274 394 3341 γλυκὺ
418 3274 530 3328 τῶν
550 3275 808 3328 ποικίλων
839 3275 934 3329 καὶ
977 3275 1255 3346 ἐδωδίμων
1289 3277 1522 3346 καρπῶν
1555 3276 1792 3348 ἐχόντων

218 3367 276 3419 ἐν
322 3369 454 3429 ταῖς
503 3365 714 3420 ἑαυτῶν
774 3369 1177 3436 πνευματικαῖς
1233 3366 1558 3438 άποθήκαις,
1617 3383 1794 3437 πυρα-

219 3455 422 3520 ζάντων
459 3456 517 3510 δὲ
541 3457 636 3510 καὶ
656 3457 1056 3522 εὐωδιαζόντων
1083 3458 1182 3529 (q),
1218 3457 1360 3510 κατὰ
1391 3458 1452 3509 τὸ
1477 3457 1791 3527 εἰρημένον,

220 3544 313 3612 Οἷς
336 3550 440 3620 μὲν
458 3549 606 3620 ὀσμὴ
633 3550 863 3605 Θανάτου
895 3553 975 3614 εἰς
999 3550 1250 3615 θάνατον,
1277 3546 1360 3615 οἷς
1385 3551 1440 3605 δὲ
1470 3551 1614 3621 ὀσμὴ
1646 3551 1794 3620 ζωῆς

228 3643 303 3704 εἰς
331 3642 502 3712 ζωὴν,
533 3643 832 3712 γινομένων
863 3644 1000 3714 πρὸς
1028 3644 1126 3714 τὴν
1170 3646 1399 3698 ἐκάστου
1453 3645 1792 3716 προαίρεσιν.

229 3735 319 3798 Τίς
372 3737 477 3789 οὐκ
520 3735 588 3789 ἂν
644 3739 976 3805 θαυμάσειεν
1021 3737 1110 3791 τὸν
1139 3739 1374 3807 ἔμμονον
1419 3740 1511 3790 καὶ
1545 3736 1794 3790 σύντονον

227 3827 315 3879 καὶ
364 3828 702 3898 ἀδιάτμητον
751 3829 850 3897 τῆς
903 3829 1254 3892 διδασκαλίας
1305 3827 1470 3882 αὑτοῦ
1521 3829 1699 3897 λόγον,
1735 3829 1795 3882 ὃν

225 3919 419 3982 νυκτὸς
456 3921 552 3973 καὶ
576 3921 789 3991 ἡμέρας
835 3921 1136 3992 ίερουργῶν
1179 3922 1239 3974 ού
1298 3921 1646 3991 διελίμπανεν
1673 3937 1688 3985 ;
1719 3922 1794 3984 ὡς

230 4010 322 4062 καὶ
354 4012 677 4082 ἐπιτιμῆσαι
710 4013 980 4084 γαληνῶς,
1003 4013 1185 4076 καθώς
1220 4030 1385 4084 φησιν
1416 4015 1446 4065 ὁ
1485 4013 1626 4076 Θεῖος
1654 4014 1794 4082 Γρη-

226 4102 410 4172 γὸριος
454 4104 583 4173 περὶ⁸
630 4105 723 4157 τοῦ
765 4105 1003 4175 μεγάλου
1041 4104 1322 4158 Βασιλέίου
1345 4145 1359 4168 ,
1386 4104 1483 4158 καὶ
1511 4106 1794 4159 ἐπαινέσαι

225 4194 610 4259 παιδεῡτικῶς,
641 4196 735 4249 καὶ
794 4197 914 4267 μηδ’
946 4196 1121 4266 ἐτὲρῳ
1149 4199 1215 4265 τῇ
1258 4195 1496 4265 ἀμετρίᾳ
1550 4195 1794 4266 λυμήνα-

228 4287 374 4352 σθαι,
407 4287 546 4339 ἀλλὰ
597 4288 821 4357 ποιῆσαι
877 4289 973 4340 καὶ
1022 4287 1124 4356 τὴν
1150 4287 1468 4359 ἐπιτίμησιν
1496 4288 1792 4359 πατρικὴν,

225 4380 314 4432 καὶ
352 4379 448 4431 τὸν
474 4378 695 4433 ἔπαινον
725 4379 973 4450 ἀρχικὸν,
1008 4381 1146 4450 μήτε
1202 4377 1264 4432 τὸ
1289 4378 1500 4432 ἁπαλὸν
1529 4378 1752 4432 ἔκλυτον
1776 4419 1793 4446 ,

1963 2447 2052 2503 81.
2091 2447 2226 2514 Quis
2269 2447 2636 2517 compositum
2665 2446 2786 2515 ejus
2817 2446 3092 2500 incessum
3123 2454 3180 2500 et
3209 2445 3468 2515 pulchros

1896 2538 2065 2595 totius
2096 2540 2348 2609 corporis
2396 2547 2580 2593 motus
2624 2537 2950 2592 describat?
3011 2536 3092 2592 sic
3142 2537 3289 2592 enim
3321 2537 3469 2590 ince-

1894 2631 2034 2686 dunt
2065 2631 2301 2686 modesti
2360 2631 2706 2701 speciosique
2754 2629 2922 2700 pedes
2971 2629 3465 2699 evangelizantium

1896 2739 2109 2794 pacem,
2168 2724 2658 2794 evangelizantium
2700 2724 2844 2779 bona
2899 2723 3031 2792 (64),
3066 2722 3210 2777 unde
3247 2720 3470 2774 divinus

1897 2825 2306 2885 perpetuusque
2359 2824 2541 2869 motus
2584 2815 2895 2869 animorum
2946 2813 3294 2882 intelligitur.
3335 2809 3470 2876 Quis

1897 2923 1999 2978 pro
2030 2907 2297 2979 dignitate
2349 2907 2596 2961 laudabit
2634 2907 2922 2976 pallorem,
2983 2905 3058 2959 ita
3096 2905 3152 2958 in
3183 2904 3303 2974 eius
3331 2902 3468 2956 l'acie

1897 3001 2301 3066 ﬂorescentem,
2338 3009 2398 3055 ut
2425 3001 2553 3054 mali
2588 2999 2775 3070 punici
2804 3007 2994 3055 cortex
3033 3005 3129 3053 aut
3161 2997 3466 3068 cuiuspiam

1897 3094 2124 3149 alterius
2154 3093 2302 3164 pomi
2332 3093 2586 3163 pallentis
2615 3093 2766 3147 color
2793 3093 2933 3147 solet
2957 3106 3083 3145 cum
3112 3091 3265 3145 suavi
3298 3101 3468 3144 onore

1895 3187 2250 3257 conjunctus?
2267 3184 2417 3239 Talis
2438 3185 2688 3254 profecto
2711 3199 2841 3238 vere
2861 3181 3284 3252 temperantium
3301 3189 3468 3251 atque

1893 3280 2292 3335 obduratorum
2324 3286 2410 3334 est
2444 3279 2579 3342 vita,
2627 3293 2822 3333 eorum
2858 3277 2953 3347 qui
2983 3277 3264 3332 variorum
3300 3284 3468 3346 atque

1893 3373 2226 3441 optimorum
2251 3370 2530 3426 fructuum
2553 3369 2901 3426 dulcedinem
2930 3369 3218 3424 continent
3235 3369 3289 3422 in
3311 3368 3470 3423 cellis

1894 3461 2292 3531 Spiritualibus,
2348 3460 2691 3530 rutilantque
2738 3468 2796 3514 et
2830 3461 3038 3529 spirant
3067 3459 3191 3514 aliis
3219 3459 3465 3529 quidem,

1895 3557 1973 3610 uti
2022 3555 2287 3624 scriptum
2313 3556 2481 3620 est“,
2506 3555 2734 3610 odorem
2757 3555 2952 3610 mortis
2985 3554 3040 3608 iu
3066 3563 3321 3616 mortem,
3343 3553 3469 3607 aliis

1894 3656 2077 3704 autem
2127 3648 2352 3702 odorem
2408 3647 2534 3701 vita:
2567 3647 2622 3700 in
2669 3647 2861 3711 vitam,
2901 3646 3031 3700 facti
3065 3661 3167 3716 pro
3201 3647 3468 3716 cujusque

1895 3740 2196 3794 voluntate.
2245 3737 2380 3805 Quis
2409 3755 2520 3793 non
2556 3737 2862 3792 admiretur
2904 3738 3173 3792 doctrinm
3219 3738 3340 3806 ejus
3375 3738 3468 3791 ﬁr-

1896 3848 2068 3895 mum,
2097 3831 2350 3887 stabilem
2384 3841 2548 3900 atque
2575 3839 2916 3885 constantem
2945 3845 3278 3894 sermonem,
3303 3844 3466 3898 quem

1894 3931 2056 3979 nocte
2081 3934 2137 3978 et
2165 3923 2255 3977 die
2294 3922 2472 3977 facere
2500 3937 2611 3977 non
2645 3921 2951 3986 desinebat,
2986 3931 3042 3976 ut
3075 3921 3467 3990 (quemadmo-

1896 4016 2027 4072 dum
2059 4015 2128 4071 de
2162 4030 2356 4086 magno
2386 4014 2588 4069 Basilio
2617 4014 2780 4069 divus
2818 4014 3118 4084 Gregorius
3163 4013 3242 4068 ait
3273 4013 3384 4084 (65)
3411 4022 3468 4068 et

1897 4118 2183 4162 mansuete
2238 4105 2755 4176 reprehendereth
2803 4106 3052 4160 laudaret
3099 4105 3463 4174 discipliuate.

1896 4215 2079 4269 neque
2133 4199 2400 4253 alterutro
2427 4213 2528 4268 per
2561 4197 3037 4253 immoderantiam
3081 4207 3344 4262 noceret;
3371 4198 3464 4250 sed

1895 4293 2237 4348 correctione
2259 4299 2510 4346 uteretur
2530 4300 2774 4361 paterna,
2799 4290 3113 4345 laudatione
3137 4290 3464 4360 magistrali;

1897 4400 2080 4453 neque
2119 4383 2423 4438 dissolutus
2479 4382 2536 4436 in
2586 4382 2826 4445 lenibus,
2877 4398 3058 4452 neque
3103 4393 3357 4436 austerus
3409 4380 3464 4434 iu

229 4473 363 4543 μήτε
398 4473 462 4525 τὸ
490 4473 689 4541 στυφὸν
741 4473 1012 4544 αὐστηρόν
1044 4489 1059 4504 ο
1113 4471 1248 4525 ἀλλὰ
1281 4473 1342 4524 τὺ
1373 4473 1470 4542 μὲν
1500 4475 1791 4545 ἐπιεικείᾳ,

1901 4473 2199 4545 gravibus;
2257 4473 2353 4528 sed
2403 4473 2491 4527 his
2518 4471 2935 4536 discretionem,
2970 4472 3090 4526 istis
3117 4471 3464 4542 prudentiam

145 4589 158 4597 -
224 4568 283 4622 τὸ
305 4567 363 4620 δὲ
391 4569 657 4637 φρονήσει
703 4567 799 4619 καὶ
844 4563 1133 4635 φιλοσοφίᾳ
1161 4563 1231 4633 (r)
1253 4603 1267 4626 ,
1296 4563 1584 4636 ἀμφύτερα
1610 4565 1791 4635 ἐλάχι-

1895 4564 2204 4626 adhiberet,
2262 4571 2492 4632 utraque
2524 4578 2662 4618 vero
2695 4563 2752 4617 in
2785 4579 2853 4618 eo
2901 4570 3090 4618 essent
3123 4563 3306 4617 inﬁma
3331 4564 3462 4632 (66).

228 4681 324 4716 στα
375 4664 479 4734 μὲν
523 4663 684 4732 λόγου
737 4661 966 4732 δεόμενα
1025 4662 1114 4714 διὰ
1157 4660 1249 4712 τὸν
1299 4661 1522 4730 τρόπον,
1555 4662 1705 4730 ὅμως
1738 4661 1796 4714 δὲ

1892 4657 1937 4711 si
1973 4655 2198 4724 ﬁguram
2235 4653 2496 4709 dictionis
2525 4653 2795 4718 attendas,
2828 4653 3154 4708 sufﬁcientia
3183 4662 3362 4707 tamen
3393 4653 3460 4706 ad

228 4757 498 4828 ἀρκοῦντα
523 4757 659 4828 πρὸς
687 4753 1086 4824 παιδαγωγίαν,
1118 4751 1376 4821 ἐλάχιστα
1404 4751 1460 4806 δὲ
1490 4752 1686 4823 ῥάϐδου
1709 4753 1791 4806 διὰ

1895 4749 2355 4813 instructionem;
2393 4757 2452 4804 et
2488 4747 2779 4802 minimum
2811 4747 3034 4818 quidem
3087 4747 3357 4801 baberent
3393 4745 3462 4800 de

290 4892 334 4924 ⁸¹
361 4893 408 4947 ll
433 4893 563 4949 Cor.
591 4910 648 4959 ιι,
685 4894 772 4948 15.

299 5013 378 5081 (ρ)
410 5013 691 5082 Scriptum
715 5023 837 5067 erat
856 5011 1284 5082 κατεσκληκώς·
1310 5007 1613 5082 apparebat
1633 5021 1798 5060 unam

1973 5006 2045 5075 (r)
2071 5005 2303 5060 Videtur
2330 5006 2504 5061 Zinus
2529 5005 2584 5060 in
2617 5021 2722 5060 ms.
2750 5005 2960 5061 Veneto
2992 5006 3109 5061 haec
3156 5005 3237 5060 sic
3264 5006 3463 5073 divisa,

229 5092 290 5138 ut
310 5076 607 5154 minimum
664 5083 929 5154 syllabam
963 5076 1287 5145 desiderari,
1322 5076 1608 5154 lit—Graeca
1651 5084 1801 5132 esset
1897 5091 1963 5154 ac
2001 5076 2241 5154 denique
2289 5078 2492 5154 mutila
2533 5076 2831 5154 invenisse,
2859 5077 2919 5154 τὸ
2946 5077 3045 5146 μὲν
3088 5078 3352 5154 ἐπιεικίᾳ,
3402 5080 3466 5154 τὸ

227 5169 368 5208 vox:
400 5152 586 5206 addidi
619 5149 786 5207 etiam
811 5154 1062 5212 alteram.
1088 5162 1149 5207 ut
1176 5167 1374 5205 sensus
1407 5149 1760 5203 subsisteret.

302 5222 378 5291 (q)
410 5221 509 5275 llic
534 5239 754 5292 quoque
805 5238 944 5292 opus
976 5222 1080 5276 fuit
1102 5221 1483 5292 correctione;
1533 5219 1612 5272 sic
1647 5216 1794 5292 enim

232 5288 517 5362 legebatur
553 5288 878 5362 ’πυράζοντα
908 5293 1003 5346 καὶ
1031 5291 1415 5356 εὐωδιάζυντα,
1446 5297 1503 5344 ct
1538 5303 1663 5343 mox
1703 5288 1791 5340 in-

234 5362 330 5426 ira,
355 5363 662 5432 γινόμενον.

301 5495 424 5579 (.65).
443 5495 522 5551 Ita
553 5509 748 5552 sensus
769 5498 1112 5579 requirit,_et
1129 5499 1202 5553 ita
1228 5498 1396 5579 Zinus
1416 5497 1602 5560 vertit,
1628 5495 1798 5579 credo

233 5569 466 5639 quiaiin
529 5582 632 5621 suo
678 5583 782 5624 ms.
826 5569 906 5622 sic
949 5569 1121 5639 legit:
1183 5570 1515 5638 ecgraphum
1546 5577 1797 5639 nostrum

236 5637 516 5704 mendose,
537 5639 646 5690 τῶν
693 5637 1198 5710 εὐαγγελιζομένων
1249 5637 1357 5692 τῶν
1421 5639 1643 5707 ἀγαθῶν
1705 5637 1803 5708 τὴν

237 5712 470 5777 εἰρήνην.

1893 5147 1950 5200 δὲ
1982 5148 2265 5270 φρονῖγσει,
2291 5148 2384 5200 καὶ
2418 5148 2720 5230 φιλοσοφίᾳ,
2746 5147 3030 5230 ἀμφότερα
3051 5163 3066 5176 °
3100 5146 3195 5229 sed
3248 5146 3318 5200 si’
3339 5148 3466 5202 reli-

1893 5233 2003 5270 uua
2053 5217 2119 5270 ad
2162 5232 2262 5270 as.
2315 5225 2545 5270 aunaret
2597 5231 2856 5270 εοιιιιιιιιιι
2918 5217 3122 5270 debere
3181 5233 3236 5270 in
3292 5234 3463 5270 unum

1893 5233 2003 5287 qua
2042 5217 2262 5301 Iaddas,
2315 5225 2545 5301 apparet
2597 5217 2856 5301 conjungi
2918 5217 3122 5301 debere
3168 5217 3254 5301 Ain‘
3292 5234 3463 5301 unum

1893 5287 2204 5342 membrum
2263 5289 2522 5358 φρονήσει
2577 5287 2676 5341 καὶ
2706 5287 3020 5358 φιλοσοφίᾳ
3050 5330 3064 5354 ,
3129 5297 3187 5342 et
3242 5290 3467 5341 tertium

1891 5357 2202 5414 membrum
2229 5357 2433 5422 facere,
2464 5359 2750 5429 ἀμφότερα
2770 5358 3045 5429 ἐλάχιστα.

1903 5495 2024 5549 nii:
2066 5494 2163 5550 sed
2187 5494 2243 5549 in
2280 5510 2345 5550 ea
2370 5511 2478 5549 non
2514 5495 2794 5565 reperitur
2848 5494 2972 5549 talis
2999 5494 3292 5554 sententia,
3327 5491 3468 5547 adeo

1907 5575 1968 5619 ut
1991 5575 2245 5634 oporteat
2274 5567 2366 5621 hic
2394 5566 2660 5620 memoria
2694 5567 2906 5634 lapsum
2930 5565 3100 5617 fuisse
3159 5574 3464 5634 auctorem.

1970 5633 2218 5707 (66)Quaz
2229 5647 2537 5704 sequuntur
2549 5633 2828 5690 defuerint
2847 5633 3466 5707 In_s.i’._eiieto:siquideni

1900 5704 2068 5761 Zinus
2089 5707 2163 5762 ita
2185 5709 2351 5762 vertit
2372 5717 2428 5760 et
2458 5707 2574 5759 linit
2612 5707 2752 5758 hanc
2794 5704 3079 5772 periodum
3105 5721 3118 5756 :
3149 5724 3168 5754 ι
3196 5715 3254 5757 ut
3286 5721 3464 5773 neque

303 5779 410 5846 (65)
440 5777 912 5846 Scripsitquidcm
940 5779 1315 5833 Nazianzenus
1336 5780 1599 5848 prolixam
1625 5778 1798 5831 sancti
1900 5779 2118 5832 bonitas
2169 5777 2455 5848 dissoluta,
2515 5792 2617 5830 nec
2671 5776 2911 5843 gravitas
2965 5790 3156 5848 aspera
3175 5792 3195 5848 ;_
3239 5777 3332 5830 sed
3370 5777 3462 5831 illa

239 5849 417 5905 Basilii
444 5848 841 5918 laudationem,
881 5849 1263 5905 illustrandum
1315 5869 1343 5904 ιι
1399 5850 1560 5905 nobis
1616 5849 1680 5903 li
1705 5849 1799 5904 Ju-

1895 5849 2160 5918 prudens,
2180 5847 2294 5904 haec
2322 5848 2587 5914 modesta,
2603 5855 2834 5915 utraque
2865 5845 3087 5915 sapiens
3110 5845 3408 5904 videretur.
3436 5868 3457 5900 ι
