3970 6498
604 371 747 436 2367

1672 381 1733 441 S.
1774 380 2139 457 EUTYCHII
2175 382 2678 443 PATRIARCHIE
2718 383 2829 444 CP.

3734 382 3862 449 9.368

602 486 780 553 virga,
820 491 1047 552 propter
1085 481 1414 538 modestiam
1454 487 1979 551 sermonis;minus
2014 488 2178 542 etiam

2283 490 2371 541 τὸν
2415 488 2597 556 λόγον,
2629 489 2709 542 ἔτι
2742 490 2801 542 δὲ
2846 487 3052 541 ἐλάττω
3086 486 3269 558 τομῆς
3297 484 3397 540 διά
3430 486 3543 557 τὴν
3561 483 3751 556 ῥάϐδον
3778 508 3860 559 με·

582 575 673 629 .de
700 575 968 639 sectione,
1003 583 1226 644 propter
1247 576 1421 645 ipsius
1451 576 1618 647 virgae
1668 578 2170 633 moderatissimum

602 680 708 720 11⁸11
716 682 765 719 ll]
774 704 789 719 .

675 756 763 809 82.
804 756 945 822 Quid
974 758 1130 812 vobis
1151 756 1461 812 describam
1490 758 1710 811 virum?
1737 758 1854 814 Jam
1878 769 2004 815 ante
2034 761 2177 815 Pau-

603 847 692 902 lus
733 863 857 901 eum
887 850 1171 918 exprimit.
1207 851 1372 920 idque
1400 866 1523 905 cum
1564 867 1818 921 magnum
1854 852 2005 905 illum
2036 869 2176 923 pon-

606 938 809 993 tificem
863 942 1032 994 caelos
1092 950 1468 1010 penetrantem
1536 942 1740 1017 laudat.
1832 941 1967 996 Illuc
2028 943 2175 997 enim

605 1044 780 1098 usque
815 1031 981 1086 audet
1019 1032 1197 1086 oratio
1237 1033 1561 1094 ascendere,
1602 1033 1875 1102 siquidem
1930 1032 2179 1088 Christos

604 1136 726 1175 esse
769 1122 940 1178 didici
997 1140 1113 1189 eos,
1165 1125 1258 1194 qui
1313 1124 1621 1179 secundum
1660 1126 1864 1181 Christi
1905 1136 2177 1195 praecepta

604 1212 819 1267 vivunt.
858 1214 954 1268 llic
990 1224 1137 1270 totus
1186 1225 1306 1270 erat
1337 1216 1535 1277 dulcis.
1586 1225 1735 1271 totus
1763 1217 2049 1272 amabilis:
2081 1218 2178 1288 qui

605 1318 731 1357 cum
778 1305 958 1359 adhuc
1009 1316 1157 1360 esset
1196 1307 1252 1361 in
1285 1317 1428 1362 terra
1461 1308 1660 1377 Spiritu
1703 1309 1949 1364 sublatus
1977 1319 2177 1364 terram

604 1395 924 1465 reliquerat,
976 1406 1031 1451 et
1088 1408 1241 1452 extra
1286 1416 1507 1453 carnem
1555 1416 1621 1455 ac
1648 1401 1916 1455 mundum
1963 1417 2187 1471 semper,

604 1495 744 1549 erat,
781 1487 1057 1557 vitamque
1091 1490 1287 1559 agebat
1320 1491 1406 1545 his
1451 1492 1765 1547 visibilibus
1812 1495 2179 1563 superiorem,

606 1579 823 1634 divinas
874 1581 994 1635 illas
1033 1581 1237 1637 formas
1271 1585 1599 1653 suscipiens,
1634 1602 1757 1655 quae
1790 1600 1915 1641 cum
1952 1586 2180 1640 inferio-

607 1670 765 1726 ribus
797 1680 871 1735 et_
894 1674 1380 1729 commutabilibus
1411 1676 1531 1729 istis
1574 1692 1682 1729 non
1705 1676 2135 1731 commiscentur
2163 1695 2176 1731 :

607 1766 705 1831 qui
750 1779 949 1833 purum
988 1765 1215 1819 Deitatis
1246 1766 1529 1835 speculum
1561 1782 1778 1835 semper
1807 1766 1934 1829 fuit,
1983 1766 2177 1821 lumini

2275 580 2444 651 τρίως
2474 582 2709 651 πλήττου
2718 598 2836 634 σαν.

2272 718 2275 719 ν
2347 756 2461 827 πβ’·
2498 756 2563 809 Τί
2602 756 2668 810 ἂν
2698 756 2826 825 ὑμῖν
2854 754 3321 825 ἀναζωγραφοίην
3351 753 3454 806 τὸν
3482 753 3698 822 ἄνδρα;
3734 755 3863 809 Παῦ-

2277 847 2365 911 λος
2411 849 2699 920 προλαϐὼν
2736 848 3005 920 ἔγραψεν,
3047 848 3204 900 τοῦτο
3242 847 3374 917 μὲν,
3414 848 3475 899 ἐν
3515 842 3600 909 οἷς
3623 847 3711 899 τὸν
3739 850 3862 919 ἀρχ-

2281 942 2432 1011 ιερέα
2463 942 2552 993 τὸν
2619 941 2791 1011 μέγαν
2816 980 2831 1003 ,
2864 940 2955 993 τὸν
2997 939 3364 1008 διεληλυθότα
3425 938 3560 1001 τοὺς
3592 940 3859 1008 οὐρανοὺς,

2277 1032 2836 1104 ἀνυμνεῖ’τολμήσει
2891 1032 2999 1102 γάρ
3067 1048 3156 1101 μοι
3211 1032 3316 1084 καὶ
3391 1031 3565 1100 μέχρι
3611 1030 3859 1084 τούτωνό

2276 1122 2430 1191 λόγος
2472 1164 2486 1184 ,
2540 1124 2727 1193 ἐπειδὴ
2776 1120 3186 1194 Χριστοὺς(ε)
3257 1118 3415 1174 οἶδεν
3481 1121 3613 1183 τοὺς
3673 1121 3858 1185 ζῶντας

2278 1214 2421 1268 κατὰ
2487 1214 2720 1285 Χριστὸν
2748 1254 2762 1274 ,
2818 1215 2908 1266 τὸν
2971 1214 3090 1267 ὅλον
3157 1211 3496 1281 γλυκασμδν
3522 1251 3539 1275 ,
3606 1210 3696 1265 τὸν
3750 1212 3855 1264 ὅλον

2279 1309 2571 1379 ἐπιθυμίαν
2640 1309 2985 1378 ὑπάρχοντα,
3039 1308 3131 1359 τὸν
3193 1308 3277 1359 ἔτι
3354 1306 3509 1373 ὑπὲρ
3583 1304 3687 1373 γῆν
3746 1306 3856 1357 ὄντα

2279 1400 2647 1453 καταλιπόντα
2697 1398 2795 1469 τὴν
2854 1400 2993 1469 γῆν,
3051 1399 3145 1451 καὶ
3215 1397 3328 1450 ὑπὸ
3399 1396 3504 1448 τοῦ
3562 1395 3857 1465 Πνεύματος

2270 1492 2391 1549 ἄνευ
2421 1490 2751 1561 τεθειμένον,
2781 1490 2873 1543 τὸν
2906 1490 3008 1556 ἔξω
3041 1490 3243 1561 σαρκὸς
3271 1491 3375 1542 καὶ
3408 1490 3629 1559 κόσμου
3670 1490 3755 1542 ἀεὶ
3780 1506 3857 1557 γε·

2281 1584 2526 1653 νόμενον,
2556 1584 2797 1653 ζήσαντα
2850 1583 2989 1653 ὑπὲρ
3024 1582 3097 1651 τὰ
3119 1581 3410 1653 ὁρώμενα,
3445 1583 3548 1635 καὶ¹
3580 1581 3680 1643 τὰς
3727 1582 3858 1645 θείας

2280 1677 2552 1747 ἐμφάσεις
2582 1676 2896 1746 δεξάμενον,
2927 1676 3135 1747 ἀμιγὴς
3168 1675 3280 1727 τῶν
3314 1675 3475 1727 κάτω
3510 1673 3854 1744 χαρακτήρων

2268 1771 2375 1821 καὶ
2412 1769 2800 1838 πλανωμένων,
2828 1768 2998 1831 ὅντως
3026 1769 3297 1838 ἔσοπτρον
3334 1766 3687 1844 άκηλίδωτον
3715 1766 3852 1829 Θεοῦ,

606 1856 794 1910 lumen
848 1857 1151 1928 adjungens
1181 1859 1351 1912 etiam
1412 1858 1665 1913 debiliori
1700 1857 1917 1912 obtutui
1972 1859 2185 1928 perspi-

2283 1861 2379 1914 καὶ
2414 1861 2542 1913 ὅντα
2570 1860 2665 1914 καὶ
2701 1861 2788 1914 ἀεὶ
2818 1860 3137 1930 γενόμενον,
3175 1860 3323 1929 φωτὶ
3372 1858 3854 1930 προσλαμϐάνοντα

602 1960 767 2000 cuum
802 1964 814 1999 :
851 1948 945 2016 qui
977 1948 1300 2003 versabatur
1334 1964 1459 2003 cum
1508 1949 1741 2018 angelis,
1775 1964 1899 2003 cum
1947 1950 2180 2004 archan-

604 2040 742 2107 gelis
782 2039 1072 2093 Dominum
1127 2040 1495 2102 collaudabat,
1547 2056 1670 2094 cum
1719 2041 1834 2095 Deo
1870 2042 2181 2096 sacerdotio

603 2130 959 2201 fungebatur,
1007 2141 1063 2186 et
1098 2133 1438 2201 superiorem
1493 2132 1717 2186 creabat
1764 2132 2031 2187 mundum
2086 2150 2184 2202 per

604 2232 856 2275 sanctum
892 2223 1163 2290 baptisma
1199 2222 1418 2291 aliaque
1458 2238 1689 2277 munera
1720 2223 2010 2292 spiritalia.
2050 2224 2184 2289 Quis

606 2309 724 2363 haec
753 2320 808 2363 et
836 2311 1037 2364 similia
1060 2311 1127 2364 de
1167 2311 1355 2364 divino
1404 2313 1522 2366 viro
1561 2328 1663 2382 pro
1700 2312 1967 2382 dignitate
1991 2330 2184 2368 recen-

604 2402 794 2456 sebit?
843 2402 977 2468 Quis
1027 2413 1235 2465 orator,
1278 2406 1413 2473 quis
1468 2406 1847 2459 narrationum
1903 2421 2181 2460 sacrarum

594 2495 844 2563 scriptor
875 2495 1000 2555 ista,
1033 2506 1094 2550 ut
1132 2496 1310 2558 decet,
1343 2497 1739 2565 persequetur?
1769 2496 1989 2551 Utinam
2022 2497 2182 2551 ades-

604 2594 691 2639 set
738 2586 898 2639 divus
927 2586 1246 2656 Gregorius,
1292 2596 1352 2640 ut
1388 2602 1538 2642 nunc
1574 2587 1738 2641 etiam
1773 2604 2030 2657 magnum
2081 2588 2182 2642 Ba-

606 2677 789 2730 silium
846 2678 1126 2732 laudaret!
1184 2694 1309 2732 nam
1379 2679 1545 2748 hujus
1600 2680 1773 2733 sancti
1828 2678 1931 2732 viri
1994 2680 2183 2734 multa:

605 2782 925 2837 magiueque
949 2770 1185 2824 virtutes
1216 2777 1367 2833 sunt,
1408 2786 1529 2839 qum
1553 2770 1619 2824 ad
1652 2771 1834 2823 Basilii
1870 2787 2181 2824 mensuram

607 2858 923 2913 accedunt:
968 2859 1167 2915 suﬂicit
1220 2870 1403 2915 autem
1445 2861 1739 2930 discipulo,
1788 2862 1865 2915 ait
1897 2863 2181 2926 Dominus,

606 2949 653 3004 si
693 2952 765 3004 sit
801 2951 943 3006 sicut
998 2953 1256 3021 magister
1301 2954 1443 3023 ejus.
1485 2953 1686 3008 Beatus
1737 2954 2023 3008 enimvero
2090 2955 2182 3025 qui

607 3058 702 3096 eas
743 3043 906 3113 digne
950 3045 1276 3113 explicuerit
1311 3062 1323 3097 :
1357 3049 1450 3099 sed
1498 3060 1606 3101 non
1647 3060 1776 3115 ego,
1829 3046 1922 3114 qui
1952 3062 2055 3099 nec
2104 3047 2187 3101 di-

609 3136 773 3190 cendi
807 3136 1066 3191 facultate
1094 3152 1197 3191 nec
1231 3136 1461 3191 scientia
1488 3137 1667 3199 valeo,
1700 3136 1931 3191 idoneus
1955 3154 2074 3192 sum
2117 3137 2184 3191 ad

608 3227 714 3282 viri
759 3227 933 3281 divini
988 3238 1162 3292 actus,
1195 3229 1340 3283 sicut
1380 3230 1549 3284 scribi
1606 3244 1702 3284 eos
1739 3245 1837 3298 par
1889 3240 1993 3293 est,
2024 3246 2185 3285 enar-
2211 3210 2252 3264 ί)

608 3318 835 3372 randos.
887 3319 1105 3374 Veritus
1168 3330 1349 3375 tamen
1384 3338 1454 3375 ne
1508 3322 1705 3377 similis
1738 3321 2187 3391 deprehenderer

610 3423 770 3463 servo
832 3410 1094 3464 talentum
1147 3412 1441 3480 accipienti
1498 3422 1663 3481 atque
1726 3413 2069 3481 defodienti.
2127 3414 2180 3468 in

612 3497 866 3568 idemque
919 3516 1044 3554 cum
1082 3500 1175 3554 illo
1217 3501 1522 3569 periculum
1577 3503 1898 3566 inciderem,
1933 3505 2041 3558 illis
2089 3520 2181 3557 ar-

611 3597 930 3658 gumentum
970 3592 1365 3660 materiamque
1387 3594 1654 3663 suggessi,
1680 3595 1775 3663 qui
1803 3610 1893 3649 res
1924 3610 1952 3648 a
1981 3594 2182 3650 Sancto

612 3691 792 3750 gestas
826 3682 1087 3743 valebunt
1130 3683 1473 3738 describere.

2285 1954 2399 2023 φῶς
2426 1954 2518 2007 καὶ
2535 1952 2893 2025 ἀμαυροτέρῳ
2929 1952 3272 2023 τρανότερον,
3304 1952 3403 2005 τὸν
3449 1953 3576 2021 μετ’
3630 1951 3853 2019 ἀγγέλων

2285 2046 2549 2099 σταθέντα
2600 2048 2696 2099 καὶ
2754 2046 2892 2115 μετὰ
2957 2045 3320 2117 άρχαγγέλων
3402 2044 3726 2119 δοξάζοντα,
3774 2043 3852 2096 καὶ

2282 2138 2402 2209 Θεῷ
2459 2138 2969 2210 συνιερατεύσαντα,
3002 2140 3095 2192 καὶ
3124 2140 3214 2190 τὸν
3267 2139 3389 2192 ἄνω
3418 2138 3630 2209 κόσμον
3662 2138 3724 2209 (t)
3770 2137 3851 2206 δη-

2286 2234 2694 2303 μιουργήσαντα
2726 2232 2815 2285 διὰ
2860 2231 2954 2283 τοῦ
2990 2230 3373 2301 βαπτίσματος
3424 2229 3522 2284 τοῦ
3574 2230 3727 2297 ἁγίου
3771 2230 3849 2281 καὶ

2282 2324 2393 2376 τῶν
2422 2324 2595 2377 ἄλλων
2626 2323 2883 2376 ἁπάντων
2916 2324 3315 2392 πνευματικῶν
3350 2322 3741 2393 χαρισμάτων.
3769 2320 3847 2382 Τίς

2274 2410 2458 2470 ’ταῦτα
2508 2416 2603 2468 καὶ
2651 2415 3009 2487 παραπλήσια
3059 2414 3271 2478 τούτοις
3302 2414 3567 2485 περὶτοῦ
3602 2413 3738 2467 θείου
3766 2414 3845 2466 ἀν-

2284 2509 2407 2578 δρὸς
2436 2508 2602 2572 ἀξίως
2623 2508 2943 2576 διηγήσεται
2979 2523 2994 2573 ;
3032 2510 3184 2570 ποῖος
3214 2509 3411 2577 ῥήτωρ
3448 2507 3482 2576 ἢ
3520 2503 3845 2576 συγγραφεὺς

2286 2598 2444 2651 θείων
2474 2597 2865 2667 διηγημάτων;
2905 2597 3028 2649 Εἴθε
3054 2592 3122 2666 ἦν
3153 2598 3181 2649 6
3212 2596 3362 2659 θεῖος
3400 2597 3738 2667 Γρηγόριος,
3777 2595 3843 2647 ἵνα

2285 2691 2380 2742 καὶ
2409 2689 2504 2741 νῦν
2532 2691 2623 2743 τὸν
2661 2690 2833 2759 μέγαν
2866 2689 3149 2741 Βασίλειον
3193 2689 3554 2742 ἐπαινέσειεν
3585 2706 3600 2719 ·
3629 2687 3719 2742 τοῦ
3764 2687 3843 2756 μὲν

2284 2783 2393 2853 γάρ
2443 2782 2596 2836 ὁσίου
2635 2782 2827 2852 ἀνδρὸς
2864 2782 3059 2852 ἀρεταὶ
3096 2780 3294 2835 πολλαὶ
3343 2783 3444 2834 καὶ
3483 2779 3741 2848 μεγάλαι,
3765 2778 3841 2831 καὶ

2285 2874 2365 2935 είς
2422 2874 2622 2942 μέτρον
2674 2871 2974 2940 φθάνουσαι
3027 2871 3313 2925 Βασιλείω
3346 2872 3444 2925 τοῦ
3474 2872 3660 2940 ἁγίου,
3691 2868 3769 2922 διὰ
3792 2868 3841 2920 τὸ

2285 2965 2570 3034 εἰρηκέναι
2623 2965 2714 3016 τὸν
2757 2963 2980 3033 Κύριον,
3009 2964 3090 3016 ὅτι
3123 2962 3389 3035 Ἀρκετδν
3431 2962 3513 3032 τῷ
3542 2962 3748 3032 μαθητῇ
3772 2960 3840 3012 ἵνα

2283 3058 2510 3129 γένηται
2539 3056 2613 3120 ὡς
2648 3059 2676 3110 6
2698 3055 3015 3119 διδάσκαλος
3041 3055 3344 3116 αὑτοῦ.“ος
3371 3056 3416 3107 δ’
3442 3056 3512 3107 ἂν
3550 3052 3712 3118 ἀξίως
3734 3049 3838 3102 ταύ·

2284 3166 2385 3211 τας
2430 3148 2714 3215 ἐξαγγελεῖ
2762 3148 3137 3218 μακαριστός’
3177 3147 3300 3200 οὐδὲ
3351 3147 3464 3217 γὰρ
3503 3144 3617 3214 ἐγὼ
3665 3140 3766 3205 οίός
3790 3158 3835 3192 τε

2288 3235 2550 3305 γέγοναῆ
2594 3236 2731 3304 εἰμὶ.
2760 3236 2836 3298 ὡς
2887 3235 3063 3288 ἔνεστι
3118 3235 3553 3306 συγγράψασθαι
3618 3234 3712 3295 τὰς
3757 3229 3834 3282 τοῦ

2260 3324 2433 3376 θείου
2484 3323 2675 3394 ἀνδρὸς
2721 3323 2943 3395 ἀρετάς,
2979 3323 3193 3392 ἰδιώτης
3253 3322 3404 3393 λόγῳ
3440 3339 3497 3375 τε
3544 3320 3641 3373 καὶ
3668 3315 3836 3385 γνώσει

2262 3416 2569 3485 ,τυγχάνων
2599 3432 2615 3447 ·
2647 3415 2794 3485 φόϐῳ
2838 3415 2895 3467 δὲ
2952 3417 3341 3486 κατεχόμενος,
3366 3415 3456 3468 ἵνα
3497 3414 3575 3483 μὴ
3601 3414 3627 3464 6
3652 3408 3737 3463 τοῦ
3760 3408 3834 3458 λα-

2288 3507 2474 3569 6όντος
2506 3507 2566 3558 τὸ
2592 3505 2845 3577 δηνάριον
2873 3505 2969 3558 καὶ
3006 3506 3164 3558 τοῦτο
3197 3504 3623 3574 καταχώσαντος
3679 3496 3835 3550 κίνδυ·

2294 3612 2383 3657 νος
2433 3595 2632 3665 ἐπέλθῃ
2676 3612 2790 3666 μοι,
2842 3597 3097 3667 ἀφορμὴν
3133 3596 3343 3648 δέδωκα
3408 3598 3523 3658 τοῖς
3546 3594 3613 3675 τά
3652 3591 3830 3644 ἐκείνου

2291 3687 2710 3758 συγγράψασθαι
2744 3689 3141 3761 κατορθώματα
3175 3688 3524 3759 δυναμένοις.

2080 3914 2305 3975 CAPUT
2333 3915 2425 3973 IX.

1394 4030 1656 4085 Miracula
1688 4030 2149 4104 Constantinopoli
2182 4044 2438 4106 patrata:
2464 4034 2705 4088 doctrina
2735 4038 3090 4104 propugnatd‘.

684 4147 771 4201 85.
801 4146 1209 4201 Verum-adhuc
1232 4146 1298 4199 ad
1339 4146 1823 4225 radicem'montis
1874 4147 2186 4215 haeremus;
2254 4200 2259 4203 _

614 4255 842 4294 necesse
871 4249 958 4293 est
986 4248 1168 4293 autem
1201 4247 1261 4292 ut
1283 4255 1624 4308 exponamus
1651 4256 1773 4308 quae
1803 4239 1889 4293 vir
1943 4241 2189 4310 optimus

614 4332 787 4402 gessit
810 4339 931 4398 post
961 4330 1225 4393 reditum,
1263 4347 1481 4383 rursum
1520 4331 1836 4399 usurpando
1864 4332 2031 4386 verba
2065 4348 2186 4401 qua:

613 4421 683 4476 de
711 4436 907 4489 magno
931 4420 1234 4474 Athanasio
1275 4420 1499 4489 scripsit.
1554 4420 1928 4489 prmlaudatus
1981 4419 2188 4490 Grego-

612 4515 752 4569 rius.
781 4515 920 4569 Num
951 4514 1176 4571 forsitan
1214 4514 1329 4583 ipse
1360 4513 1582 4583 quidem
1617 4512 1690 4566 ita
1719 4513 1855 4567 vixit
1887 4513 2034 4567 sicut
2058 4528 2189 4567 con-

2365 4154 2478 4217 πγ’.
2523 4148 2661 4201 Ἀλλ’
2683 4146 2766 4200 ἐτι
2802 4147 2900 4216 μὲν
2950 4146 3078 4216 περὶ
3111 4146 3199 4199 τὸν
3231 4146 3369 4199 πόδα
3388 4144 3484 4199 τοῦ
3514 4144 3667 4215 ὄρους
3694 4144 3825 4207 στρε⁸

2298 4241 2534 4311 φόμεθα,
2583 4239 2657 4303 ὦς
2694 4257 2860 4309 φησιν
2903 4240 2936 4308 ἡ
2985 4237 3251 4309 παροιμία
3277 4254 3290 4268 ·
3357 4239 3483 4291 ποῖα
3522 4235 3576 4287 δέ
3617 4229 3705 4284 καὶ
3726 4226 3825 4279 τίνα

2291 4334 2433 4402 ἅπερ
2491 4332 2584 4384 καὶ
2642 4331 2781 4400 μετὰ
2817 4332 2915 4398 τὴν
2964 4329 3218 4381 ἐπάνοδον
3257 4329 3432 4399 ζήσας
3463 4328 3491 4379 6
3534 4322 3825 4390 πανάριστος

2292 4422 2811 4493 ἐπραγματεύσατο,
2852 4422 2918 4475 δι’
2951 4421 3148 4487 ὀλίγων
3198 4422 3496 4489 ἀναγκαῖον
3551 4414 3750 4487 μαθεῖν,
3777 4405 3823 4469 ἐξ

2293 4508 2368 4568 ὧν
2405 4517 2432 4567 ό
2466 4514 2608 4578 θεῖος
2652 4513 2952 4584 Γρηγὸριος
2996 4513 3157 4566 πάλιν
3210 4512 3550 4584 συνέγραψεν
3595 4504 3712 4571 περὶ
3744 4495 3821 4551 τοῦ

611 4605 871 4660 veniebat
907 4622 1003 4660 eos
1054 4606 1149 4675 qui
1177 4615 1330 4661 tanto
1387 4605 1592 4673 populo
1624 4612 1812 4658 essent
1873 4603 2184 4672 praefuturi,

2293 4609 2527 4678 μεγάλου
2586 4606 2926 4660 Ἀθανασίου.
2973 4602 3102 4675 'Ap'
3158 4602 3251 4659 οὖν
3307 4606 3438 4657 ἐὸίω
3493 4602 3613 4673 μὲν.
3664 4595 3822 4657 ὧσπερ

611 4714 723 4754 non
754 4708 935 4754 autem
962 4698 1153 4754 docuit
1181 4697 1523 4753 sicutvixit?
1551 4707 1646 4749 aut
1668 4711 1776 4749 non
1803 4697 2193 4750 certavitsicut

613 4766 839 4847 docdit?
874 4793 956 4846 vel
982 4793 1161 4845 minus
1195 4791 1538 4860 periclitatus
1561 4801 1644 4843 est
1682 4788 1803 4842 aliis
1842 4791 1933 4857 qui
1960 4803 2060 4858 pro
2099 4787 2194 4842 do-

613 4885 789 4937 ctrina
808 4885 986 4950 ali'iua
1011 4884 1231 4936 subiere
1252 4891 1651 4944 certamen,aut
1669 4898 1733 4933 ex
1752 4881 1871 4949 ipso
1888 4879 2189 4934 certamine

614 4976 799 5028 minus
832 4975 1013 5027 laudis
1047 4974 1270 5027 retulit?
1306 4982 1399 5025 aut
1432 4971 1669 5040 denique
1700 4986 1892 5024 eorum
1925 4986 2047 5039 quae
2081 4970 2184 5023 sub

614 5064 923 5134 ingressum
949 5073 1095 5134 gesta
1132 5072 1260 5117 sunt
1291 5062 1641 5132 splendorem
1676 5062 1993 5115 obscuravit
2022 5060 2186 5130 quid-

614 5157 761 5226 piam
792 5167 978 5224 postea
1004 5157 1220 5210 actum?
1253 5157 1643 5225 Nequaquam;
1683 5155 1865 5209 omnia
1897 5154 2004 5208 sibi
2046 5154 2189 5207 invi-

612 5264 731 5304 cem
759 5250 1161 5317 congruebant.
1200 5259 1455 5318 tanquam
1492 5251 1546 5303 in
1579 5251 1791 5303 cithara
1825 5265 1933 5302 una
1960 5247 2187 5303 eadem-

613 5356 720 5411 que
747 5340 1094 5411 symphonia,
1118 5342 1249 5401 vita,
1279 5340 1551 5402 doctrina,
1590 5341 1916 5401 certamina,
1942 5337 2189 5408 pericula

615 5433 855 5489 reditum
900 5444 1213 5487 consecuta.
1274 5434 1447 5487 Simul
1499 5433 1646 5487 enim
1689 5443 1853 5502 atque
1898 5432 1965 5485 ad
2001 5430 2186 5485 cccle-

692 5594 757 5662 (δ)
785 5593 1130 5663 Ecgraplium
1157 5600 1405 5645 nostrum
1435 5591 1724 5659 χρηστούς,
1776 5587 2139 5663 bonos._ut_iles
2167 5605 2185 5642 :

618 5664 712 5716 sed
740 5660 809 5716 ea
841 5660 941 5717 vox
965 5660 1204 5717 inentem
1232 5663 1476 5716 auctoris
1517 5677 1623 5714 non
1653 5662 1834 5729 explet
1890 5660 1983 5727 qui
2036 5661 2184 5711 hunc

619 5732 877 5801 loquendi
906 5735 1126 5788 modum
1152 5733 1363 5801 accepit
1413 5748 1477 5784 ex
1526 5728 1866 5785 Nazianzeno
1902 5730 1968 5784 de
2013 5728 2183 5801 Atha-

620 5798 1082 5875 naSio,Xptszo‘J;
1106 5801 1211 5857 οἶδε
1240 5798 1420 5857 καλεῖν
1443 5802 1631 5873 Γραφη
1655 5804 1779 5866 τοὺς
1813 5802 2017 5865 ζῶντας
2046 5798 2185 5852 κατὰ

2288 4698 2435 4762 εἰκὸς
2459 4700 2584 4760 τοὺς
2610 4696 2741 4750 λαοῦ
2759 4697 3014 4749 τοσούτου
3041 4695 3534 4766 προστησομένους,
3566 4685 3754 4748 ἐδίδαξε
3776 4678 3822 4731 δὲ

2290 4790 2388 4859 οὐχ
2427 4789 2501 4852 ὼς
2556 4789 2839 4859 βεϐίωκεν,
2872 4787 3171 4857 ἠγώνισται
3210 4788 3265 4839 δὲ
3313 4788 3410 4856 οὐχ
3458 4784 3531 4846 ὡς
3580 4774 3818 4837 ἐδίδαξεν,

2293 4880 2638 4932 ἐκινδύνευσε
2675 4878 2731 4930 δὲ
2758 4878 2865 4929 τῶν
2888 4878 3028 4946 ὑπὲρ
3050 4877 3146 4929 τοῦ
3176 4878 3338 4943 λόγου
3383 4874 3524 4937 τινὸς
3550 4860 3820 4939 ἡγωνισμέ-

2292 4990 2398 5026 νων
2415 4974 2640 5036 ἐλάττω,
2663 4972 2948 5040 τετίμηται
2972 4972 3026 5022 ἑὲ
3044 4965 3116 5023 ὧν
3142 4970 3435 5040 ἠγώνισται
3458 4967 3619 5037 μεῖον,
3642 4955 3817 5024 κατῇσ’

2294 5078 2422 5131 χυνε
2462 5061 2516 5114 δέ
2546 5062 2727 5112 τιτῶν
2748 5064 2845 5129 τῆς
2866 5060 3069 5111 εἰσόδου
3094 5062 3227 5127 μετὰ
3244 5062 3342 5125 τὴν
3359 5056 3579 5115 εἴσοδον;
3599 5041 3818 5112 οὐδαμῶς

2296 5155 2472 5206 πάντα
2486 5154 2542 5204 δὲ
2562 5151 2804 5221 ἀλλήλων
2818 5152 3067 5221 ἐχόμενα,
3084 5151 3268 5223 ὥσπερ
3285 5152 3341 5204 ἐν
3368 5149 3502 5218 λύρα
3524 5143 3613 5216 μιᾷ
3638 5132 3813 5199 καὶτῆῖ

2292 5245 2462 5314 αὐτῆς
2493 5244 2777 5315 ἁρμονίας,
2813 5246 2841 5297 ὁ
2870 5243 3004 5313 βίος,
3034 5245 3062 5296 6
3090 5242 3271 5311 λόγος,
3301 5244 3349 5295 oi
3379 5239 3577 5308 ἀγῶνες
3601 5230 3675 5296 ,οί
3715 5224 3813 5319 κίνί

2289 5338 2453 5402 δυνοι,
2488 5340 2558 5391 τὰ
2586 5338 2683 5406 τῆς
2715 5337 2994 5399 ἐπανόδου,
3017 5336 3086 5388 τά
3118 5337 3252 5404 μετὰ
3276 5334 3374 5404 τὴν
3406 5318 3808 5384 ἐπάνοδον⁶ὁμ⁰⁰

2293 5447 2352 5481 τε
2384 5430 2492 5500 γάρ
2542 5429 2640 5499 τὴν
2676 5426 3004 5498 Ἐκκλησίαν
3059 5426 3479 5496 καταλαμϐάνει,
3515 5416 3593 5490 [οὐ
3641 5410 3809 5473 πάσχει

2290 5590 2683 5787 “item,
2713 5659 2788 5731 τῷ
2834 5659 2945 5713 ἄνω
2978 5656 3187 5729 κόσμῳ,
3226 5654 3372 5727 quod
3402 5646 3695 5708 mendosum
3735 5627 3807 5685 νὶ-

2326 5741 2469 5787 etur.

2326 5741 2415 5786 οιυ
2425 5748 2469 5787 Γ.
