3970 6492
154 415 309 478 869

1701 417 1895 479 νιΤΑ.

3266 398 3409 487 2370'

147 528 371 582 ταυτὸν
393 528 504 591 τοῖς
534 526 607 580 δι’
640 528 908 597 ἀμετρίαν
937 526 1107 599 ὀργῆς
1156 526 1533 595 τυφλώττουσι
1586 528 1687 581 καῖ
1718 530 1746 582 ὃ

1859 529 1985 582 siam
2013 526 2266 598 pervenit
2298 526 2440 597 (non
2475 528 2549 583 ita
2580 528 2812 586 aﬂ‘ectus
2840 540 2958 587 erat
2991 539 3051 586 ut
3081 510 3280 598 solent,
3314 532 3412 604 qui

144 638 205 675 τι
226 621 300 674 ἂν
333 619 631 692 παραπέσῃ
649 620 809 673 τοῦτο
836 619 1053 690 πρῶτον
1076 619 1405 689 περιωθοῦσι
1431 619 1465 685 ἢ
1486 621 1703 674 παίουσι
1721 661 1738 685 ,

146 713 329 767 πᾶντι
353 710 459 764 τῶν
484 710 704 779 φειδοῦς
740 711 904 777 ἀξίων
935 710 994 762 ὃν
1020 709 1192 780 τύχοι.
1233 711 1392 763 Ἀλλὰ
1423 712 1611 764 τοῦτον
1641 711 1743 782 μά-

147 804 319 856 λιστα
388 804 798 872 εὐδοκιμήσεως
851 803 1002 872 αὐτῷ
1062 804 1253 874 καιρὸν
1307 800 1446 858 εἶναι
1493 806 1740 876 νομίσας,

154 896 352 965 ἐπειδὴ
383 897 446 948 τὸ
471 897 574 966 μὲν
603 896 812 964 πάσχον
846 896 1035 957 κακῶς
1064 897 1150 949 ἀεὶ
1188 896 1573 969 μετριώτερον,
1598 898 1659 951 τὸ
1686 900 1741 952 δὲ

163 991 220 1041 ὲν
294 987 523 1056 ἐξουσία
613 986 705 1039 τοῦ
780 988 1036 1058 άντιδρᾷν
1108 990 1511 1059 ἀκρατέστερον
1571 988 1739 1063 (uiti

169 1077 300 1130 οὕτω
325 1076 558 1147 πραέως
585 1078 680 1129 καὶ
709 1076 887 1145 ἠπίως
913 1078 981 1129 τὰ
1013 1076 1122 1129 τῶν
1155 1074 1542 1149 λελυπηκότων
1574 1097 1743 1149 μετα-

170 1165 489 1236 χειρίζεται,
541 1166 619 1227 ὡς
670 1166 803 1234 μηδὲ
875 1169 1056 1231 αὐτοῖς
1099 1167 1348 1231 ἐκείνοις,
1409 1171 1456 1221 εί
1505 1164 1615 1222 οἷόν
1683 1185 1741 1223 τε

174 1260 319 1312 τοῦτο
371 1259 551 1311 εἰπεῖν
578 1298 592 1320 ,
621 1258 758 1329 ἀηδῆ
789 1258 1041 1325 γενέσθαι
1086 1259 1178 1311 τοῦ
1209 1260 1401 1330 ἀνδρὸς
1434 1261 1534 1331 τὴν
1580 1262 1746 1314 ἐπάν-

166 1351 299 1403 οδον.
318 1349 487 1402 Ἀλλά
512 1348 686 1401 ταῦτα
711 1352 806 1418 μὲν
831 1348 980 1402 ἄλλοι
999 1349 1428 1419 θαυμαζέτωσάν
1452 1369 1509 1405 τε
1535 1353 1627 1405 καὶ
1652 1354 1749 1423 ὐμ-

169 1443 451 1507 νείτωσαν,
478 1436 561 1504 οἷς
589 1442 750 1512 σχολὴ
771 1442 839 1494 τά
870 1442 1041 1512 μικρά
1063 1443 1170 1495 τῶν
1194 1444 1403 1496 ἐκείνου
1424 1444 1743 1515 θαυμάζειν,

166 1535 341 1605 μικρά
403 1535 461 1586 δὲ
502 1534 633 1587 ὅταν
665 1536 821 1597 είπω,
855 1535 1016 1585 αὐτὸν
1047 1534 1218 1603 ἑαυτῷ
1249 1536 1553 1605 συγκρίνων
1582 1536 1744 1604 λέγω,

164 1625 253 1676 καὶ
277 1624 354 1676 τὰ
380 1624 597 1675 ἐκείνου
638 1624 747 1685 τοῖς
781 1623 987 1675 ἐκείνου
1020 1624 1373 1692 παρεξετάζω
1400 1641 1413 1653 ·
1441 1629 1499 1678 οὐ
1528 1629 1634 1697 γάρ
1662 1627 1749 1679 δε-

162 1713 419 1779 δᾶξασται
448 1712 528 1783 τῷ
545 1713 943 1781 δεδοξασμένῳ,
976 1713 1079 1765 κᾶν
1177 1715 1293 1766 λίαν
1330 1716 1745 1787 ὑπέρλαμπρον,

163 1808 353 1859 ένεκεν
394 1808 499 1875 τῆς
524 1804 965 1875 ὑπερϐαλλούσης
997 1806 1173 1875 δόξης,
1194 1806 1381 1875 ὥσπερ
1408 1809 1743 1879 ἠκούσαμεν,

167 1902 289 1952 ἐπεὶ
354 1900 451 1952 καὶ
497 1898 656 1964 ὀλίγα
696 1896 804 1948 τῶν
842 1898 1033 1949 τούτου
1082 1900 1289 1968 ἑτέροις
1324 1900 1573 1971 αὐτάρκη
1607 1902 1741 1971 πρὸς

168 1994 542 2061 εὐδοκίμησιν.
563 1992 698 2043 Τίνα
719 1986 811 2043 οὖν
831 1992 969 2059 άπερ
991 1990 1083 2041 καὶ
1109 1992 1245 2059 μετὰ
1261 1992 1358 2059 τὴν
1378 1992 1631 2045 ἐπάνοδον
1648 1988 1742 2045 τοῦ

174 2086 294 2139 νέου
336 2082 664 2137 ’Δθανασίου
690 2081 983 2151 εἰργάσατο
1009 2084 1036 2133 ὁ
1066 2081 1192 2143 Θεὸς
1218 2083 1283 2133 δι’
1310 2083 1498 2145 αὑτοῦ,
1523 2085 1742 2154 ἴδωμεν.

181 2173 334 2247 ’Δρα
357 2177 426 2245 μὴ
454 2192 545 2237 τις
583 2160 821 2244 μείωσις
840 2177 1059 2242 γέγονεν
1090 2174 1196 2226 τῶν
1231 2176 1615 2244 πνευματικῶν
1643 2195 1743 2247 χα-

197 2270 480 2339 ρισμάτων,
515 2265 549 2336 ἢ
579 2266 942 2334 ἐλαττόνησαν
987 2260 1146 2319 αὗται
1201 2268 1263 2319 ἐκ
1310 2267 1409 2337 τῆς
1462 2268 1746 2339 συμϐάσης

192 2362 297 2414 τῶν
348 2359 690 2430 πραγμάτων
742 2358 1093 2426 σνγχύσεως;
1134 2359 1428 2429 θύδαμῶς·
1464 2360 1608 2423 εἰκὸς
1640 2362 1746 2431 γὰρ

186 2450 590 2519 δωνθυμείσθαι
632 2446 789 2500 τοῦτό
838 2464 1010 2509 τινας.
1060 2448 1377 2501 Τοὺναντίον
1406 2448 1503 2519 μὲν
1528 2444 1619 2501 οὖν
1656 2450 1748 2502 καὶ

184 2542 495 2613 προσθῆκαι
546 2539 753 2593 τούτων
806 2540 1109 2607 γεγόνασιν,
1140 2538 1214 2601 ὦς
1282 2541 1477 2609 φησιό
1521 2540 1745 2610 Κύριος,

181 2632 258 2686 δτι
297 2652 315 2683 ι
353 2632 464 2684 Καὶ
505 2630 724 2699 μείζονα
766 2632 1015 2700 ποιήσετε
1037 2629 1261 2696 τούτων,
1299 2648 1317 2681 ι
1358 2630 1476 2695 ἐξὸν
1503 2633 1652 2702 ἡμᾶς
1686 2632 1748 2683 ἐκ

180 2724 393 2779 πολλῶν
420 2722 625 2791 γνῶναι
663 2721 817 2790 ὀλίγα
835 2724 1021 2785 καλὸν,
1047 2723 1134 2775 διὰ
1160 2722 1259 2793 τὴν
1284 2723 1625 2793 συμμετρίαν
1652 2720 1747 2774 τοῦ

178 2817 360 2885 λόγου.

1844 619 2135 674 immodica
2218 620 2407 673 czecati
2459 618 2784 685 iracundia,
2843 622 3114 693 quidquid
3166 626 3412 696 primum

1844 712 2149 767 occurrerit
2172 711 2508 781 protrudunt
2542 722 2639 767 aut
2667 716 3007 784 percutiunt,
3057 720 3412 786 quantumvis

1844 804 2070 873 dignum
2090 818 2118 856 a
2138 818 2247 870 quo
2265 818 2461 857 manus
2477 803 2810 868 abstineant,
2832 805 3020 860 furore
3039 809 3251 863 scilicet
3272 826 3413 879 pra:-

1844 893 2181 948 dominante.
2202 894 2309 949 Sed
2328 895 2431 949 hoc
2445 894 2788 963 potiSsimum
2814 906 3030 965 tempus
3043 899 3125 951 sui
3145 899 3412 967 probandi

1844 1001 1965 1039 esse
1993 986 2208 1040 censuit
2241 988 2339 1055 (tit
2378 989 2526 1041 enim
2563 989 2885 1056 plerumque
2918 996 2979 1041 ut
3026 990 3256 1043 adversa
3287 993 3414 1060 quis

1845 1078 2057 1148 patiens
2085 1078 2420 1132 moderatior
2442 1080 2533 1142 sit,
2557 1087 2885 1149 potestatem
2912 1090 3095 1135 autem
3114 1083 3417 1137 referenda:

1846 1172 2059 1241 injuria:
2110 1180 2303 1224 nactus
2351 1171 2677 1225 insolentius
2734 1189 2791 1225 se
2830 1176 3029 1242 gerat),
3083 1181 3189 1226 tam
3218 1174 3416 1227 leniter

1846 1273 2067 1334 tamque
2099 1275 2386 1319 mansuete
2418 1265 2565 1319 circa
2591 1281 2688 1319 eos
2718 1266 2829 1335 egit
2881 1284 2909 1320 a
2946 1267 3150 1336 quibus
3184 1268 3417 1321 aﬂlictus

1846 1368 1985 1422 erat,
2013 1369 2165 1413 utne
2194 1358 2301 1412 illis
2332 1359 2464 1427 ipsis
2488 1358 2737 1427 quidem,
2769 1366 2829 1411 ut
2858 1359 2941 1413 sic
2976 1359 3192 1428 loquar,
3225 1360 3418 1413 insua-

1845 1452 1930 1504 vis
1959 1460 2106 1506 esset
2133 1452 2235 1504 viri
2272 1451 2502 1505 reditus.
2543 1452 2743 1505 Verum
2775 1451 2892 1505 inec
2922 1451 3014 1504 alii
3071 1452 3419 1505 admirentur

1847 1552 1902 1597 et
1927 1543 2150 1598 laudent
2190 1543 2395 1612 quibus
2422 1542 2595 1595 otium
2621 1551 2705 1595 est
2734 1558 2822 1595 res
2846 1542 3013 1595 etiam
3034 1558 3230 1611 parvas
3259 1542 3327 1595 ab
3350 1556 3417 1596 eo

1848 1644 2027 1705 gestas
2059 1635 2399 1704 przedicare:
2434 1649 2560 1687 cum
2592 1642 2775 1687 autem
2814 1648 3015 1703 parvas
3056 1632 3201 1697 dico,
3236 1634 3417 1702 ipsum

1849 1742 1972 1780 cum
2014 1742 2071 1780 se
2108 1727 2248 1795 ipso,
2283 1741 2482 1794 resque
2512 1724 2683 1794 ipsius
2709 1726 2855 1779 inter
2878 1741 2936 1779 se
2971 1740 3267 1793 comparo;
3307 1740 3417 1778 non

1849 1820 1995 1871 enim
2032 1818 2275 1886 glorioso
2308 1817 2387 1871 illi
2423 1819 2542 1871 viro
2598 1818 2793 1872 cedere
2833 1817 2897 1870 ad
2957 1816 3183 1887 gloriam
3240 1817 3420 1886 potuit

1849 1910 2176 1979 quidquam,
2213 1919 2705 1979 quantumcunque
2734 1910 2943 1963 illustre
2982 1908 3036 1961 id
3074 1918 3243 1971 esset,
3292 1924 3420 1977 pro-

1848 2012 1971 2071 pter
2024 2001 2557 2069 supercxcellentem
2620 2001 2767 2053 illius
2815 2000 3080 2069 gloriam,
3131 2000 3414 2069 quoniam,

1852 2090 1994 2144 sicut
2044 2090 2377 2151 audivimus,
2428 2090 2595 2144 etiam
2654 2090 2880 2143 minima
2930 2098 2985 2143 et
3036 2090 3222 2142 tenuia
3269 2089 3419 2144 illius

1850 2181 1985 2236 satis
2047 2190 2235 2234 essent
2284 2182 2444 2234 alteri
2480 2184 2589 2233 non‘
2637 2197 2829 2250 parum
2888 2180 3231 2234 illustrando.
3290 2180 3421 2246 Qum

1848 2271 2022 2341 igitur
2050 2287 2146 2340 per
2173 2286 2371 2324 novum
2410 2271 2555 2325 hunc
2584 2271 2967 2335 Athanasium,
2994 2280 3123 2339 post
3152 2272 3424 2325 reversio-

1854 2376 1976 2415 nem
2008 2363 2128 2431 ejus
2156 2360 2378 2415 ifecerit
2411 2362 2578 2426 Deus,
2640 2361 2942 2414 videamus.
2991 2361 3129 2414 Num
3182 2362 3321 2415 forte
3354 2376 3423 2415 ex

1853 2453 2128 2521 praeterita
2159 2452 2585 2505 conturbatione
2630 2467 2818 2505 rerum
2867 2452 3107 2521 aliquam
3155 2451 3420 2521 spiritua-

1853 2542 1984 2597 lium
2016 2542 2286 2596 honorum
2315 2543 2447 2597 fecit
2467 2543 2737 2612 jacturam
2766 2552 2860 2597 aut
2884 2545 3056 2610 gratia
3080 2543 3129 2595 ei
3160 2557 3422 2597 concessa

1854 2634 2141 2694 divinitus.
2203 2632 2309 2688 fuit
2355 2633 2535 2703 aliqua
2590 2635 2800 2687 ratione
2832 2634 3164 2688 imminuta?
3198 2634 3422 2703 Nequa-

1857 2739 2044 2793 quam,
2096 2733 2154 2777 ut
2222 2724 2387 2793 aliqui
2447 2734 2668 2792 possent
2726 2725 3001 2793 cogitare:
3054 2723 3147 2778 sed
3179 2731 3423 2777 econtra

1861 2824 2021 2869 aucta
2055 2817 2445 2885 cumulataque
2482 2814 2533 2869 ei
2561 2815 2788 2868 fuerunt
2817 2815 2938 2877 ista,
2959 2815 3102 2867 sicut
3160 2814 3425 2869 Dominus

181 2912 281 2965 ait;
316 2932 338 2963 ι
382 2912 453 2965 Et
499 2912 701 2981 majora
771 2908 877 2961 illis
910 2903 1124 2958 facietis
1145 2904 1222 2967 8';
1268 2922 1283 2951 ι
1325 2908 1386 2955 ut
1440 2916 1505 2953 ex
1537 2900 1602 2955 iis
1634 2917 1755 2970 qua:
1784 2918 1957 2973 pauca
1984 2905 2053 2959 de
2081 2908 2273 2961 multis
2295 2904 2877 2966 commemorabimus,
2910 2918 3074 2957 nosse.
3100 2904 3248 2958 licet.

248 3004 357 3055 πᾶ.
389 3004 599 3064 Πάντες
628 3003 739 3054 ὅσοι
774 3001 871 3069 τὴν
896 2996 1151 3049 ἐπάνοδον
1183 2993 1462 3064 μέμνησθε
1487 2994 1580 3047 τοῦ
1601 2995 1746 3047 ὁσίου

182 3096 395 3166 ἀνδρὸς,
428 3096 529 3148 οὐκ
571 3096 809 3160 ἀγνοεῖτε
858 3089 1073 3151 πάντως
1120 3086 1216 3158 τὴν
1244 3082 1410 3138 οὖσαν
1450 3083 1750 3156 τηνικαῦτα

1932 2997 2019 3053 81.
2046 2998 2163 3052 Non
2190 2998 2475 3068 ignoratis,
2500 3005 2769 3067 quotquot
2795 2996 3031 3049 reditum
3073 2996 3193 3065 ejus
3226 2997 3425 3052 tenetis

1858 3091 2155 3156 memoria,
2209 3089 2600 3143 mortalitatem
2662 3101 2911 3157 magnam
2981 3094 3037 3138 et
3104 3086 3423 3139 diuturnam

188 3187 433 3257 μεγάλην
476 3180 956 3255 άνθρωποθνησίαν
976 3220 991 3245 ,
1030 3178 1153 3248 ἥτις
1182 3176 1348 3229 πολὺν
1376 3176 1748 3246 ἐπεκράτησεν

1859 3183 2026 3239 fuisse
2052 3192 2347 3253 antequam
2382 3189 2775 3243 reverteretur,
2807 3195 2926 3247 qua:
2955 3192 3171 3231 onmem
3217 3179 3426 3246 promi-

186 3281 375 3349 χρόνον
407 3277 518 3347 πρὸ
570 3276 667 3343 τῆς
702 3272 865 3327 αὑτοῦ
900 3270 1219 3341 παρουσίας,
1262 3267 1337 3331 ὼς
1389 3268 1568 3320 πᾶσαν
1619 3267 1754 3335 ὁμοῦ

185 3370 406 3441 ἠλικίαν
452 3369 800 3437 ἀνάρπαστον
854 3362 1200 3432 ἐπαίρεσθαι,
1254 3362 1305 3412 εί
1366 3359 1441 3429 μὴ
1490 3359 1698 3427 φθάσας
1728 3361 1758 3412 ὁ

190 3459 441 3520 ἐκλεκτὸς
494 3455 590 3508 τοῦ
650 3454 782 3507 Θεοῦ
809 3453 960 3522 ἔστη,
986 3452 1059 3514 ὡς
1089 3450 1255 3504 πάλαι
1283 3451 1409 3502 ποτὲ
1434 3449 1640 3511 Φινεὲς,
1666 3449 1759 3501 καὶ

194 3553 492 3617 ἱξιὶάσατο,
520 3549 615 3601 καὶ
643 3549 909 3600 ἐκόπασεν
939 3547 971 3614 ἡ
1004 3542 1250 3613 θραῦσις.
1286 3541 1382 3603 Τίς
1410 3540 1467 3593 δέ
1498 3541 1588 3594 καὶ
1610 3544 1759 3603 ποῖος

202 3642 515 3710 ἐξιλασμό;;
588 3640 654 3691 Ἦ
703 3638 959 3705 γεγονυῖα
1016 3633 1138 3702 λιτὴ
1193 3632 1323 3703 παρ’
1359 3630 1524 3684 αὑτοῦ
1570 3648 1629 3683 τε
1667 3631 1761 3683 καὶ

202 3736 286 3789 τοῦ
309 3732 657 3803 φιλοχρίστου
679 3729 807 3782 λαοῦ
860 3726 1064 3795 ταύτης
1095 3724 1258 3777 ἓνεκα
1284 3724 1381 3793 τῆς
1412 3722 1759 3793 προφάσεως,

196 3829 294 3879 ἀπὸ
314 3827 414 3893 τῆς
448 3821 756 3892 ἁγιωτάτης
784 3818 1041 3887 Μεγάλης
1082 3814 1376 3885 ἐκκλησίας
1402 3814 1507 3877 ἐως
1561 3812 1657 3866 τοῦ
1680 3812 1762 3865 oi-

194 3938 281 3973 κου
321 3919 424 3987 τῆς
480 3915 643 3984 άγίας
689 3915 953 3983 ἀχράντου
983 3908 1281 3978 Δεσποίνης
1306 3906 1463 3978 ἡμῶν
1493 3906 1758 3959 Θεοτόκου

194 4015 282 4065 καὶ
312 4012 403 4064 ἀεὶ
441 4007 710 4079 παρθένου
738 4004 976 4074 Μαρίας,
998 4000 1093 4055 τοῦ
1118 4003 1427 4070 τιμωμένου
1449 4001 1506 4051 ἐν
1528 3999 1765 4069 Βλαχέρο

193 4119 334 4165 ναις.
383 4099 583 4153 Ἠνίκα
615 4092 707 4149 οὖν
740 4096 797 4148 ai
850 4095 1051 4147 ίκεσῖαι
1100 4096 1236 4164 πρὸς
1268 4094 1360 4147 τὸν
1380 4095 1437 4161 ἐξ
1480 4096 1647 4164 αὐτῆς
1672 4095 1766 4147 καὶ

194 4192 512 4261 Πνεὺματος
544 4186 699 4255 ἁγίου
732 4184 1081 4257 σαρκωθέντα
1128 4185 1225 4237 καὶ
1275 4184 1766 4255 ὲνανθρωπήσαντα

191 4285 431 4355 Χριστὸν
460 4280 554 4333 τὸν
591 4278 723 4332 θεὸν
779 4277 938 4347 ἡμῶν
992 4275 1447 4346 ἀνεπέμφθησαν,
1503 4276 1765 4343 ἐφείσατο

191 4376 280 4431 τοῦ
315 4374 475 4438 λαοῦ,
515 4372 720 4442 στήσας
744 4370 834 4423 τὸν
860 4370 1048 4439 ἔχοντα
1074 4369 1174 4438 τὴν
1197 4369 1471 4437 ῥομφαίαν
1514 4368 1764 4437 ἄγγελον,

191 4471 467 4523 κόπτοντα
492 4465 588 4519 καὶ
614 4462 689 4535 μὴ
712 4463 1023 4533 φειδόμενον
1046 4462 1144 4531 τῆς
1175 4461 1399 4522 πόλεως.
1459 4460 1767 4530 Ἐμιμήσα-

1860 3291 1989 3331 scue
2015 3276 2325 3330 sustulisset
2353 3282 2593 3336 aetatem,
2617 3271 2722 3325 nisi
2757 3270 3071 3324 advenisset
3102 3269 3197 3322 Dci
3219 3270 3427 3325 electus

1859 3368 2001 3423 sicut
2028 3368 2164 3421 alter
2194 3366 2449 3427 Phinees,
2473 3363 2566 3433 qui
2598 3362 2754 3417 stetit
2786 3372 2842 3414 et
2872 3362 3131 3429 placavit,
3163 3369 3218 3413 et
3241 3376 3427 3415 cessa-

1858 3459 1939 3514 vit
1966 3458 2263 3528 quassatio.
2297 3455 2584 3521 Quomodo
2615 3463 2797 3507 autem
2838 3454 3085 3521 placatus
3122 3460 3207 3506 est
3245 3452 3429 3506 Deus?

1860 3547 2270 3618 Supplicatione
2322 3548 2436 3610 illa,
2476 3562 2641 3616 quam
2699 3546 2817 3613 ipse
2838 3560 2962 3597 cum
3014 3544 3216 3612 populo
3268 3542 3430 3597 Chri-

1860 3636 2377 3698 stianorinstituit,
2430 3650 2460 3687 a
2509 3633 2854 3688 sanctissima
2926 3631 3112 3699 Magna
3187 3630 3424 3684 ecclesia

1862 3744 2037 3799 usque
2085 3727 2153 3780 ad
2208 3726 2379 3780 aedem
2428 3734 2632 3779 sanctae
2661 3732 2717 3777 et
2765 3724 3129 3776 immaculata:
3186 3721 3431 3775 Domina:

1862 3829 2062 3874 nostra:
2086 3817 2181 3872 Dei
2211 3816 2510 3871 Genitricis
2542 3831 2872 3885 semperque
2900 3816 3127 3885 virginis
3161 3815 3342 3869 Mariae
3372 3815 3430 3869 in

1862 3911 2199 3967 Blachernis.
2225 3911 2361 3963 Dum
2382 3908 2529 3963 enim
2561 3908 2642 3961 sic
2668 3914 2960 3976 rogaretur
2983 3905 3239 3961 Christus
3285 3908 3433 3962 Deus

1864 4013 2076 4067 noster,
2139 4018 2301 4073 queui
2365 4000 2480 4071 ipsa
2522 4000 2867 4053 incarnatum
2893 3998 2962 4052 de
3002 3998 3208 4067 Spiritu
3242 4006 3431 4053 sancto

1865 4097 2095 4166 peperit,
2128 4094 2373 4165 pepercit
2394 4094 2481 4147 ille
2514 4091 2738 4161 populo,
2767 4091 3130 4160 angelumque
3161 4090 3432 4155 cohibuit,

1866 4190 1958 4258 qui
1983 4188 2100 4242 sine
2128 4185 2537 4240 intermissione
2566 4184 2915 4253 percutiebat
2969 4182 3271 4237 civitatem.
3306 4182 3436 4235 lmi-

1867 4287 2014 4334 tatus
2033 4287 2119 4333 est
2150 4285 2335 4331 autem
2366 4276 2467 4330 hac
2508 4277 2561 4330 in
2594 4291 2654 4329 re
2689 4276 2774 4329 vir
2801 4274 3143 4329 admirabilis
3196 4274 3437 4343 prophe-

1868 4382 1978 4428 tam
2013 4370 2206 4432 David,
2227 4370 2345 4439 qui,
2372 4382 2497 4422 cum
2528 4377 2757 4437 propter
2784 4368 3218 4421 numerationem
3246 4366 3439 4435 populi

1869 4470 2210 4535 grassaretur
2242 4460 2435 4530 pestis,
2468 4459 2687 4513 dicebat
2711 4462 2780 4511 ad
2824 4459 3032 4511 Deum:
3085 4458 3196 4527 Ego
3252 4467 3450 4526 pastor

190 4577 247 4614 το
275 4560 375 4614 καὶ
398 4560 459 4610 ἐν
487 4556 664 4623 τούτῳ
684 4554 776 4606 τὸν
806 4554 1090 4625 προφήτην
1125 4550 1329 4604 Δαυῖδό
1357 4551 1676 4621 θαυμάσιος,
1704 4549 1753 4614 ὃς

1868 4555 2112 4627 peccavi,
2144 4555 2267 4607 dem
2291 4568 2393 4622 ego
2426 4566 2655 4620 poenas:
2698 4551 2789 4603 isti
2836 4550 2967 4620 quid
3008 4550 3451 4604 meruerunt”?

190 4652 275 4706 διὰ
301 4651 404 4721 τὴν
449 4645 811 4717 ἐξαρίθμησιν
838 4643 930 4697 τοῦ
964 4644 1092 4697 λαοῦ
1125 4643 1329 4714 φθορᾶς
1356 4641 1764 4712 ἐπενεχθείσης,

191 4745 381 4810 ἔλεγεν
432 4741 573 4812 πρὸς
624 4739 717 4791 τὸν
777 4736 931 4800 Θεὸν,
973 4734 1114 4803 Ἐγὼ
1145 4737 1173 4788 ὁ
1229 4733 1431 4804 ποιμὴν
1495 4735 1763 4803 ἥμαρτον,

194 4834 304 4903 ἐγὼ
334 4830 621 4889 ἀπολαύω,
662 4822 807 4903 οὗτοι
831 4826 888 4880 δὲ
912 4826 963 4879 τί
988 4827 1239 4896 ἥμαρτον
1272 4842 1286 4891 ;
1323 4822 1512 4877 Ταῦτα
1542 4839 1769 4893 προσευο

192 4933 424 5000 χόμενος
443 4928 475 4978 ὁ
508 4922 672 4978 Δαυῖδ
723 4922 816 4973 καὶ
842 4918 1238 4982 εἰσακουσθεὶς,
1264 4913 1404 4970 εἶδεν
1432 4918 1524 4969 τὸν
1594 4916 1765 4984 ἄγγε-

194 5023 282 5075 λον
310 5019 525 5073 ἐστῶτα
557 5014 691 5085 πρὸς
735 5013 832 5083 τὴν
863 5011 973 5064 ἆλω
1010 5011 1172 5080 Ὀρνᾶ
1197 5007 1290 5060 τοῦ
1341 5007 1684 5071 Ἰεϐουσαίου,
1712 5006 1771 5059 ὃν

136 5136 144 5179 ῃ
195 5115 288 5167 καί
340 5108 756 5179 παρακαλέσας.
786 5104 985 5175 μᾶλλον
1013 5103 1069 5155 δὲ
1100 5102 1188 5154 τὸν
1241 5099 1419 5153 κοινὸν
1470 5099 1765 5169 Δεσπότην,

140 5186 145 5251 Ϋ
195 5204 386 5258 ἔπεισε
446 5198 524 5269 μὴ
567 5196 820 5249 ἐπιϐάλαι
859 5195 956 5261 τὴν
987 5195 1142 5262 χεῖρα
1198 5194 1289 5245 ἐπὶ
1332 5192 1432 5261 τὴν
1483 5191 1637 5243 πόλιν
1676 5189 1769 5243 Ἱε-

201 5293 505 5365 ρουσαὶέὴμ,
543 5290 666 5342 ὃθεν
718 5289 812 5340 καὶ
858 5288 1237 5356 θυσιαστήριον
1292 5285 1516 5354 ἔστησεν
1570 5286 1627 5338 ἐν
1671 5286 1769 5337 αὑ-

199 5387 265 5457 τῇ
292 5388 363 5455 τῇ
398 5383 537 5452 ἅλῳ,
565 5380 769 5449 ταύτην
802 5378 1289 5447 ἁνταλλαξάμενος,
1338 5378 1434 5430 καὶ
1472 5378 1603 5440 τοὺς
1642 5376 1771 5446 βόας

269 5541 316 5572 ⁸⁹
342 5541 505 5597 Joan.
550 5553 657 5602 xw,
695 5535 781 5590 12.
855 5532 902 5565 ⁸⁸
940 5532 983 5587 li
1003 5532 1136 5604 Reg.
1172 5547 1313 5596 xxiv,
1346 5530 1431 5584 17.

274 5698 353 5769 (ιι)
386 5696 549 5769 Hunc
588 5705 809 5769 quoque
859 5689 1045 5769 locum»
1104 5694 1454 5769 trutieaverat
1480 5684 1762 5769 .librario-

206 5756 348 5825 ruin'
377 5756 749 5841 negligentia}
797 5760 1069 5839 integrum
1093 5756 1336 5837 exhibeo
1376 5756 1598 5841 ett-ipso
1623 5756 1763 5841 ατς..

209 5842 381 5911 gorio,
426 5833 497 5893 ei
537 5833 851 5901 eodemque
914 5833 968 5882 iu
1026 5833 1298 5897 principio
1364 5833 1594 5881 restituo
1637 5833 1765 5889 τοὺς

1865 4649 2158 4717 Postquam
2176 4660 2309 4699 vero
2337 4643 2741 4712 viditangelum
2768 4642 2820 4694 in
2843 4656 2969 4695 area
2982 4639 3438 4704 OrnanJebuszei,

1868 4738 2153 4806 oravitque
2194 4751 2343 4798 eum,
2409 4735 2521 4787 imo
2572 4748 2705 4787 vero
2739 4747 3088 4785 communem
3145 4731 3446 4789 Dominum

1876 4830 1931 4883 in
1949 4845 2035 4893 eo,
2063 4826 2463 4883 neextcnderet
2488 4840 2654 4893 porro
2680 4839 2902 4877 manum
2936 4823 2987 4876 in
3010 4822 3444 4885 Jerusalem,“-

1875 4920 2099 4974 auditus
2126 4926 2245 4973 est:
2282 4918 2649 4987 quamobrem
2664 4913 3215 4984 etialtarecoustituit
3249 4914 3304 4967 in
3328 4913 3445 4982 ipsa

1875 5028 2021 5073 area.
2036 5019 2091 5064 et
2112 5010 2342 5064 Domino
2363 5010 2530 5063 boves
2556 5006 2884 5068 immolavit,
2906 5014 2962 5059 et
2980 5006 3192 5075 placato
3212 5019 3280 5059 eo
3298 5020 3447 5059 mors

1874 5104 2066 5159 szevire
2116 5101 2297 5155 desiit.
2342 5098 2615 5168 Numquid
2670 5106 2855 5151 autem
2908 5112 3137 5165 magnus
3175 5110 3240 5148 ac
3282 5110 3440 5147 man-

1869 5190 2632 5262 suetusEutychius,aﬂ'erens
2660 5187 2988 5241 rationabile
3017 5187 3441 5241 etinerucntum

1870 5284 2197 5339 sacriﬁcium
2228 5284 2361 5347 Deo,
2396 5282 2541 5336 idem
2567 5298 2676 5335 non
2729 5279 2947 5334 effecit?
3007 5279 3283 5341 Profecto,
3333 5277 3441 5332 nisi

1872 5377 2076 5447 populo
2102 5375 2333 5431 salutem
2357 5375 2727 5445 impetrasset,
2746 5388 2855 5427 non
2875 5372 3175 5427 dimisisset
3191 5379 3448 5426 extensas

1869 5682 2377 5755 προστησομένους,
2402 5684 2495 5739 ubi
2531 5683 2588 5738 in
2615 5682 2891 5755 ecgrapho
2940 5688 3131 5755 nostro
3162 5687 3300 5755 gerat
3350 5676 3445 5730 τοῦ

1868 5750 2343 5825 προστησόμενον,
2361 5764 2418 5808 et
2445 5770 2667 5825 rursum
2686 5750 2796 5823 pro
2816 5752 2903 5825 disi
2937 5750 3268 5822 διηγεῖσθαι,
3296 5764 3441 5803 sem-

1871 5824 1963 5894 per
1985 5828 2223 5890 narrari,
2259 5824 2520 5895 rescripsi
2550 5824 2687 5893 ἀηδῆ
2714 5824 2987 5890 γενέσθαι.
