3970 6510
578 364 715 431 2371

1632 367 1691 427 S.
1731 366 2094 428 EUTYCHII
2133 368 2635 430 PATRIARCHAZ
2674 370 2780 430 CP-

3724 370 3853 435 2372

581 495 796 537 manus.
826 479 910 535 Ab
943 493 1011 533 eo
1058 477 1225 548 igitur
1256 475 1369 541 die,
1429 476 1676 547 quandiu
1716 477 1911 531 beatus
1955 477 2040 530 vir
2087 477 2143 531 in

2254 478 2435 533 θυσίαν
2465 479 2839 548 προσενέγκας
2858 476 2935 546 τῷ
2961 477 3103 548 Θεῷ,
3132 477 3520 533 κατέπαυσεν
3551 477 3645 534 τὸν
3690 481 3849 554 θυμὸν

577 576 717 630 vivis
748 573 872 636 fuit,
898 571 1151 626 Christus
1179 572 1321 625 Deus
1352 582 1544 626 noster
1571 570 1821 625 cohibuit
1852 585 1883 623 a
1933 568 2140 638 populo

575 666 828 736 angelum
856 664 1275 735 percutientem.
1325 662 1504 732 Atque
1545 663 1651 716 hoc
1704 661 1926 730 quidem
1972 660 2145 730 ipsius

577 775 716 828 opus
747 757 872 822 fuit,
902 771 1012 827 quo
1040 770 1388 811 communem
1416 754 1675 809 omnibus
1699 755 1929 808 salutem
1966 751 2143 822 impe-

577 849 775 905 travit:
829 862 977 901 nunc
1028 846 1196 912 aliud,
1233 845 1379 915 quod
1431 860 1532 916 per
1572 845 1828 902 eumdem
1880 844 2147 899 Dominus

577 942 729 1005 fecit,
759 941 1074 996 videamus‘

2246 572 2340 623 καὶ
2380 569 2474 623 τὸν
2522 570 2773 623 θάνατον.
2797 564 2923 639 'Ap’
2955 564 3048 623 οὗν
3095 571 3195 641 οὐχ
3229 569 3425 633 οὕτως
3452 571 3485 622 6
3522 571 3737 641 μέγας,
3766 582 3851 631 καὶ

2250 665 2424 735 πρᾶος
2454 662 2713 733 Εὐτύχιος
2735 664 3053 733 πεποίηκεν,
3081 664 3487 735 προσενέγκας
3510 665 3614 737 τὴν
3645 666 3850 739 λογικὴν

2252 757 2349 809 καὶ
2382 755 2721 824 ἀναίμακτον
2749 754 2940 809 θυσίαν
2978 756 3058 827 τῷ
3079 755 3200 827 Θεῷ
3223 773 3238 819 ;
3268 756 3545 827 οὐδαμῶς
3567 758 3679 829 γάρ
3694 760 3852 824 ἄλλως

2251 844 2623 915 ἐκτεταμένας
2658 843 2795 914 ἔχων
2826 845 2925 907 τὰς
2955 848 3145 915 χεῖρας
3189 846 3483 915 καθῆκεν,
3509 846 3560 899 εί
3592 847 3850 918 δραξάμε-

2253 951 2343 997 νος
2389 934 2595 988 ἇνωθεν
2624 934 2920 988 ἀντέλαϐεν
2961 935 3060 1005 τὴν
3081 936 3174 988 τοῦ
3218 936 3364 989 λαοῦ
3424 941 3732 1005 σωτηρίαν.
3773 940 3851 1004 Ἐξ

576 1035 748 1103 αὐτῆς
771 1034 949 1087 τοίνυν
970 1037 1067 1105 τῆς
1099 1037 1312 1108 ἡμέρας
1343 1036 1502 1107 μέχρι
1547 1033 1650 1102 τῆς
1685 1028 2028 1092 τελειώσεως
2083 1027 2178 1081 τοῦ
2239 1026 2412 1094 ὁσίου,
2479 1027 2762 1097 ἄπρακτον
2814 1026 3149 1097 κατέστησεν
3168 1027 3271 1079 τὸν
3303 1027 3684 1098 ὀλοθρεύοντα
3708 1031 3736 1082 6
3772 1026 3851 1081 ὐπ’

578 1126 741 1179 αὐτοῦ
783 1127 1196 1197 δυσωπούμενος
1244 1128 1483 1199 Χριστὸς
1511 1128 1539 1180 6
1578 1124 1709 1187 Θεὸς
1750 1121 1930 1195 ἡμῶν.
1962 1119 2132 1173 Τοῦτο
2173 1118 2271 1189 μὲν
2292 1118 2356 1189 δὴ
2395 1119 2457 1171 τὸ
2488 1117 2545 1171 ἓν
2573 1119 2668 1171 καὶ
2697 1118 2913 1188 πρῶτον
2939 1118 3102 1187 ἔργον
3130 1119 3233 1188 τῆς
3261 1118 3448 1172 αὐτοῦ
3476 1120 3769 1183 ἐπανόδου,
3799 1123 3851 1173 τὸ

583 1217 768 1286 κοινὴν
805 1220 1076 1291 σωτηρίαν
1108 1220 1313 1273 ἅπασιν
1343 1217 1806 1291 πρεσϐεύσασθαι.
1834 1215 1975 1268 Tres
2001 1213 2093 1265 καὶ
2120 1212 2306 1282 ἕτερον
2335 1211 2635 1280 πεποίηκεν
2663 1211 2692 1263 6
2722 1208 3126 1280 παντοδύναμος
3148 1210 3292 1272 Θεὸς
3320 1210 3396 1262 δι’
3418 1210 3620 1277 αὐτοῦ,
3646 1212 3849 1282 ῖδωμεν’

649 1310 738 1363 83.
787 1312 929 1365 Puer
950 1312 1171 1381 quidam
1202 1328 1269 1367 ex
1305 1312 1695 1376 nobilioribus,
1724 1311 1819 1381 qui
1849 1308 1996 1379 apud
2044 1306 2147 1361 Ca-

2323 1310 2429 1358 πε’.
2450 1303 2728 1374 Νεώτερός
2742 1321 2825 1366 τις
2840 1302 2948 1356 τῶν
2976 1304 3215 1371 εὐγενῶν
3237 1304 3601 1375 παραμένων
3618 1306 3847 1358 Καλοπο-

578 1403 885 1472 lopodium,
922 1405 1301 1473 primicerium
1349 1405 1630 1475 Augustae,
1683 1402 1990 1465 habitabat,
2031 1400 2145 1453 imo

2254 1394 2349 1464 δίῳ
2395 1394 2478 1465 τῷ
2530 1394 2882 1466 πριμικηρίῳ
2917 1396 2993 1461 (π)
3024 1396 3359 1464 Αὐγούστης
3383 1438 3399 1461 ,
3437 1396 3472 1465 ἦ
3528 1397 3728 1465 μᾶλλον
3768 1399 3847 1450 ὑπ’

579 1497 648 1549 ab
700 1497 819 1566 ipso
867 1498 1144 1552 enutritus
1198 1508 1350 1563 erat,
1412 1496 1647 1552 adverso
1705 1494 1945 1565 quodam
2011 1508 2142 1547 casu

2254 1486 2418 1538 αὐτοῦ
2455 1487 2808 1555 ἀνατραφεὶς,
2841 1485 2903 1538 ἐκ
2928 1503 3073 1546 τινος
3104 1489 3370 1550 ἐναντίας
3417 1489 3750 1557 προφάσεως
3770 1491 3846 1540 τὸν

582 1588 837 1656 iniuriam
865 1588 917 1641 in
945 1590 1104 1642 oculo
1138 1599 1427 1659 acceperat
1454 1605 1486 1643 a
1513 1598 1759 1658 tempore
1802 1585 2057 1649 notabili,
2080 1598 2144 1638 ac

2254 1575 2350 1626 ἕνα
2381 1575 2663 1644 ὀφθαλμὸν
2688 1575 2969 1646 ἀδικηθεὶς
3015 1579 3109 1631 ἐπὶ
3139 1577 3320 1630 πολὺν
3370 1578 3597 1647 χρόνον,
3625 1579 3846 1647 ἐσχάτως

582 1680 804 1735 domum
844 1681 926 1735 sic
956 1682 1400 1750 periclitabatur,
1440 1691 1501 1735 ut
1532 1688 1707 1735 totum
1762 1676 2149 1733 invertendum

2254 1667 2589 1720 ἐκινδύνευεν
2634 1666 2777 1721 ὥστε
2818 1668 2914 1720 καὶ
2952 1669 3247 1739 στέρεσθαι
3298 1669 3507 1722 τούτου
3556 1671 3842 1741 προσδοκᾷν

580 1773 854 1838 crederet,
887 1782 941 1827 et
973 1774 1159 1828 nullus
1213 1774 1554 1829 medicorum
1588 1773 1641 1828 ei
1683 1781 1867 1841 posset
1923 1785 2151 1825 succur-

582 1880 732 1918 rere:
807 1873 1074 1933 quantum
1157 1863 1307 1918 enim
1373 1864 1453 1918 illi
1520 1862 1891 1918 medebantur
1950 1860 2147 1931 magis,

582 1963 736 2008 tanto
774 1955 995 2025 gravius
1020 1955 1216 2009 oculus
1245 1955 1657 2010 offendebatur.
1706 1954 1824 2009 lluc
1848 1953 2149 2007 adductum

581 2060 705 2099 cum
728 2052 873 2098 esset
899 2046 1126 2111 malum,
1157 2045 1500 2115 confugitad
1545 2045 1821 2100 medicum
1878 2044 2151 2113 potentis-

580 2136 802 2201 simum,
836 2138 931 2207 qui
956 2138 1070 2191 sola
1095 2138 1345 2193 oratione
1396 2146 1615 2208 poterat
1667 2152 1864 2191 noxam
1919 2150 2148 2192 sanare:

582 2229 727 2283 sicut
750 2238 806 2283 et
838 2228 1002 2283 fecit:
1054 2245 1178 2282 nam
1228 2228 1373 2284 facta
1423 2244 1591 2298 super
1632 2229 1821 2298 ipsum
1876 2228 2149 2293 oratione,

582 2320 862 2375 inﬁrmum
898 2322 1118 2375 oculum
1145 2322 1301 2375 unxit
1322 2322 1643 2377 venerando
1683 2322 1838 2387 oleo;
1876 2331 1932 2385 et
1970 2320 2151 2376 conti-

582 2426 694 2463 nuo
720 2412 971 2479 apparuit
1020 2426 1187 2466 sanus
1238 2413 1384 2467 sicut
1435 2413 1597 2468 alius.
1661 2413 1956 2469 Videamus
2002 2426 2153 2468 nunc

581 2503 730 2558 aliud
759 2504 1085 2559 admirabile
1124 2505 1362 2576 signum.

654 2596 741 2651 86.
771 2596 976 2667 Cyrillo
1022 2597 1133 2668 (67)
1168 2597 1390 2652 Cinario
1423 2598 1614 2654 multis
1645 2598 1809 2653 annis
1838 2614 1977 2653 uxor
2016 2612 2154 2653 con-

582 2687 817 2752 vixerat,
872 2704 996 2758 quae
1056 2703 1201 2758 aqua
1253 2689 1529 2745 intercute
1588 2690 1846 2745 laborans
1902 2698 2152 2745 extremo

582 2782 909 2835 versabatur
934 2780 989 2835 in
1031 2781 1377 2847 discrimine,
1410 2782 1548 2837 adeo
1579 2791 1639 2836 ut
1667 2782 1835 2837 etiam
1864 2781 2003 2851 ipsa,
2029 2788 2154 2850 post

583 2871 787 2924 multas
824 2871 878 2924 in
914 2872 1156 2927 medicos
1189 2872 1361 2928 factas
1390 2886 1682 2943 expensas,
1731 2874 1868 2928 nihil
1897 2874 2153 2928 utilitatis

2254 1760 2439 1823 αὑτὸν,
2477 1760 2705 1830 μηδενὸς
2757 1761 2943 1832 ίατροῦ
2976 1762 3307 1833 δυνηθέντος
3341 1762 3643 1832 ὠφελῆσαι
3675 1765 3840 1827 αὐτὴν,

2251 1851 2563 1903 τούναντίον
2595 1851 2695 1921 μὲν
2747 1848 2839 1905 οὖν
2872 1853 3030 1907 πλέον
3064 1855 3293 1924 ἠδίκουν
3325 1856 3425 1908 τὸν
3457 1855 3741 1924 ὀφθαλμὸν
3770 1858 3837 1909 la.-

2251 1942 2536 2010 τρεύοντε;
2568 1944 2662 1996 τοῦ
2686 1945 2893 2008 παιδός.
2941 1946 3030 2009 Ὡς
3067 1943 3161 1999 οὖν
3196 1949 3257 1999 ὲν
3307 1947 3534 2009 τούτοις
3568 1944 3638 2018 ἦν
3667 1950 3733 2002 τὰ
3759 1947 3840 2000 τοῦ

2254 2037 2481 2103 πάθους,
2518 2038 2852 2106 καταφεύγει
2881 2039 3018 2109 πρὸς
3048 2039 3140 2091 τὸν
3163 2040 3491 2110 πανάρετον
3526 2040 3731 2110 ἰατρὸν.
3758 2041 3836 2093 τὸν

2252 2130 2318 2181 ἐκ
2347 2129 2511 2199 μόνης
2537 2130 2700 2199 εὐχῆς
2731 2128 3025 2200 δυνάμενον
3057 2131 3119 2182 τὸ
3148 2130 3328 2194 πάθος
3368 2132 3585 2185 ἰᾶσθαι·
3609 2133 3741 2200 ὅπερ
3756 2135 3837 2185 καὶ

2253 2221 2498 2288 γέγονεν.
2525 2222 2759 2290 Ποιήσας
2786 2222 2896 2290 γὰρ
2929 2222 3017 2273 ἐπ’
3046 2222 3197 2292 αὐτῷ
3226 2222 3334 2292 τὴν
3400 2222 3614 2293 συνήθη
3664 2224 3829 2293 εὐχὴν.

2254 2313 2473 2384 ἔχρισεν
2502 2313 2579 2383 τῷ
2613 2313 2779 2383 τιμίῳ
2820 2312 2985 2383 ἐλαίῳ
3022 2313 3113 2365 τὸν
3166 2314 3521 2368 ἀσθενοῦντα
3552 2315 3829 2385 ὀφθαλμον,

2255 2405 2351 2458 καὶ
2371 2406 2714 2474 ἀπεκατέστη
2737 2405 2895 2473 ὑγιὴς
2917 2404 2993 2467 ὡς
3015 2406 3044 2456 ὁ
3070 2405 3228 2469 ἄλλος
3251 2409 3322 2477 τῇ
3346 2408 3448 2459 τού
3476 2406 3615 2460 Θεοῦ
3643 2408 3823 2479 χάριτι.

2256 2497 2480 2567 Ἰδωμεν
2505 2497 2562 2549 δὲ
2589 2497 2682 2549 καὶ
2719 2497 2904 2566 ἕτερον
2940 2497 3244 2568 παράδοξον
3272 2498 3493 2567 θαῦμα.

2325 2594 2443 2652 πς’.
2478 2587 2730 2658 Κυρίλλῳ
2776 2588 2854 2657 τῷ
2884 2588 3128 2659 Κιναρίῳ
3158 2588 3401 2659 συνῴκει
3460 2589 3601 2661 γυνὴ
3630 2591 3692 2644 ἐκ
3712 2588 3823 2642 πολε

2254 2678 2362 2731 λῶν
2382 2677 2490 2731 τῶν
2522 2678 2752 2748 χρόνων·
2774 2678 2909 2749 αὓτη
2931 2678 3311 2749 περιπεσοῦσα
3352 2680 3523 2733 πάθει
3546 2680 3641 2732 τοῦ
3672 2679 3825 2749 ὓδρω-

2256 2788 2356 2834 πος
2394 2772 2637 2840 ἐσχάτως
2686 2770 3045 2832 ἐκινδύνευεν,
3077 2771 3111 2840 ἢ
3143 2770 3240 2822 καὶ
3292 2771 3474 2823 πολλά
3517 2775 3599 2827 είς
3630 2771 3823 2842 ἰατροὺς

2253 2864 2632 2933 δαπανήσασα,
2683 2861 2779 2914 καὶ
2814 2862 2980 2931 μηδὲν
3006 2862 3381 2931 ὠφεληθεῖσα,
3429 2863 3530 2932 τῆς
3574 2861 3821 2933 σωτηρίας

581 2961 883 3029 accipiens,
955 2962 1189 3017 salutem
1239 2979 1394 3018 suam
1451 2963 1796 3032 desperaret.
1846 2964 2001 3018 Hanc
2056 2979 2148 3018 ac-

2255 2954 2480 3022 ἀπέγνω
2524 2953 2622 3021 τῆς
2678 2945 2897 3020 ἑαυτῆς.
2956 2953 3174 3023 Ταύτην
3216 2953 3563 3022 παραλαϐὼν
3612 2956 3639 3007 6
3680 2952 3817 3022 ἀνὴρ,

581 3053 795 3122 cipiens
854 3055 940 3106 vir
965 3070 1119 3115 suus,
1161 3070 1228 3108 ex
1281 3055 1390 3109 alio
1436 3055 1490 3109 in
1549 3056 1719 3109 alium
1771 3056 2151 3109 suburbanum

583 3146 765 3201 locum
826 3145 1297 3210 circumducebat,
1336 3162 1562 3216 sperans
1584 3148 1830 3203 levamen
1853 3147 2059 3217 aliquid
2084 3147 2153 3203 ab

582 3236 727 3290 aeris
756 3236 1023 3292 bonitate.
1058 3238 1303 3307 Contigit
1334 3248 1521 3293 autem
1556 3241 1703 3296 circa
1754 3240 1888 3295 illud
1938 3250 2154 3311 tempus

586 3338 841 3382 sanctum
876 3329 1079 3399 degere
1119 3330 1175 3385 in
1206 3331 1487 3407 Pyleatico
1534 3333 1670 3403 (68).
1708 3332 1880 3400 .Quod
1934 3332 2030 3387 ubi
2070 3333 2154 3386 vir

584 3420 711 3489 pius
732 3422 992 3492 cognovit
1023 3426 1165 3486 (erat
1209 3424 1359 3477 enim
1395 3424 1473 3478 illi
1518 3422 1730 3494 n0tus),
1774 3424 1981 3493 absque
2042 3424 2152 3478 ulla

584 3512 940 3566 cunctatione
979 3528 1203 3566 uxorein
1234 3512 1302 3567 ad
1334 3528 1463 3567 eum
1492 3513 1671 3579 duxit,
1716 3513 2058 3584 supplicans,
2093 3523 2153 3568 ut

584 3616 685 3671 pro
722 3601 811 3655 illa
845 3616 875 3654 a
932 3601 1125 3655 morbo
1172 3603 1459 3658 liberanda
1514 3605 1684 3658 Deum
1726 3611 1933 3657 oraret.
1977 3602 2151 3669 Quam

583 3708 712 3745 cum
736 3692 1087 3757 vidissemus,
1118 3693 1508 3763 obstupuimus
1536 3710 1730 3751 omnes
1758 3705 1963 3750 tantam
2019 3711 2155 3764 pon-

583 3782 765 3835 derosi
794 3783 1003 3837 ventris
1032 3785 1262 3838 molem:
1289 3794 1513 3840 sanctus
1535 3802 1663 3841 vero
1715 3800 1816 3856 pro
1872 3801 1938 3840 ea
1986 3802 2153 3841 orans

584 3873 740 3926 unxit
776 3888 895 3928 eam
927 3873 1050 3927 oleo
1074 3884 1265 3929 sancto
1311 3886 1480 3944 atque
1510 3875 1741 3930 dimisit.
1763 3876 1894 3930 Post
1940 3876 2153 3945 aliquot

583 3977 749 4030 porro
772 3963 911 4027 dies,
930 3963 1050 4018 viro
1067 3972 1257 4018 sancto
1282 3965 1567 4019 rursumin
1591 3966 1866 4036 Pylcatico
1895 3965 2150 4035 degente,

583 4055 670 4106 vir
724 4054 814 4108 ille
876 4054 1058 4109 denuo
1106 4055 1337 4110 adduxit
1409 4070 1655 4118 uxorem,
1715 4056 1918 4126 gratias
1976 4070 2146 4125 agens

582 4145 715 4207 Deo,
772 4146 1028 4216 illamque
1114 4148 1357 4202 ostendit
1440 4148 1716 4211 onmibus,
1787 4148 2027 4217 pondere
2096 4154 2153 4201 et

584 4252 837 4305 pressura
868 4239 1036 4307 priori
1061 4239 1328 4294 levatam:
1356 4239 1433 4294 ita
1456 4241 1603 4295 enim
1658 4239 2006 4309 disparuerat
2031 4254 2151 4293 mo-

585 4329 664 4383 les
710 4330 940 4393 ventris,
984 4330 1169 4399 itaque
1241 4345 1372 4384 sana
1421 4331 1656 4389 astabat.
1723 4340 1785 4385 ut
1861 4345 2144 4400 nunquam

588 4430 883 4490 mgrotasse
916 4422 1217 4476 videretur.
1246 4422 1400 4478 Multi
1430 4423 1598 4493 igitur
1627 4424 1773 4493 quod
1802 4422 2003 4477 factum
2030 4431 2151 4477 erat

593 4510 915 4563 miraculum
943 4511 1331 4583 intelligentes,
1356 4513 1733 4583 glorificabant
1768 4514 1976 4578 Deum;
2019 4514 2149 4584 quia

589 4604 712 4669 plus
740 4619 901 4671 quam
938 4619 1207 4658 annorum
1258 4606 1619 4676 quadraginta
1673 4616 1791 4661 erat
1818 4607 2035 4671 mulier,
2093 4605 2151 4660 in

583 4713 691 4765 qua
717 4694 876 4750 istius
905 4697 1208 4752 sanationis
1231 4698 1447 4769 signum
1473 4700 1797 4770 contigerat.

652 4875 740 4928 87.
805 4876 1006 4931 Verum
1078 4894 1149 4934 ne
1218 4880 1495 4950 aliquibus
1546 4882 1738 4939 videar
1800 4884 2149 4939 incredibilia

583 4983 833 5032 narrare,
858 4986 1162 5039 congruum
1186 4981 1319 5040 puto
1348 4989 1455 5028 non
1483 4975 1625 5030 ultra
1656 4976 1710 5029 in
1743 4976 1831 5030 his
1870 4991 2143 5047 pergere;

580 5072 761 5125 neque
790 5059 936 5113 enim
962 5061 1105 5114 ultra
1144 5060 1343 5126 Gades,
1376 5073 1436 5116 ut
1488 5064 1565 5118 ait
1617 5064 1777 5121 divus
1825 5065 2142 5135 Gregorius,

588 5149 982 5204 transeundum
1010 5168 1023 5204 ε
1051 5152 1145 5207 sed
1175 5164 1232 5207 et
1262 5153 1558 5224 Gregorius
1586 5156 1885 5227 Nyssenus,
1939 5153 2147 5213 docens

582 5236 890 5292 orationem
918 5255 1028 5294 non
1077 5256 1200 5296 esse
1252 5244 1679 5311 protrahendam
1734 5248 1876 5302 ultra
1926 5264 2147 5303 mensu-

580 5344 698 5380 ram
729 5330 1051 5400 gratiarum,
1104 5333 1448 5409 de‘propria
1495 5352 1594 5392 sua
1646 5353 1837 5394 sorore
1883 5340 2017 5411 (68')
2064 5341 2147 5396 sic

653 5461 729 5531 (τε)
753 5462 1075 5538 Addebatur
1097 5481 1209 5538 vox
1261 5467 1445 5538 μέρος,
1484 5484 1670 5538 quam,
1725 5480 1785 5525 ut
1822 5472 2004 5528 minus
2046 5489 2146 5529 ne-

577 5535 869 5589 cessariam
893 5550 1071 5604 neque
1096 5535 1231 5589 Zino
1264 5535 1621 5605 intellectam,
1659 5535 1848 5598 omisi.

654 5605 730 5673 (y)
775 5604 1088 5675 Gregorius,
1141 5606 1356 5662 scilicet
1408 5604 1803 5677 Nazianzenus,
1858 5615 2016 5686 cujus
2057 5616 2145 5670 vel

653 5723 765 5792 (67)
791 5725 960 5778 Zinus
978 5725 1212 5778 catulum
1250 5725 1443 5783 Latine
1500 5740 1741 5785 verterat
1767 5749 1780 5785 :
1834 5732 1975 5789 forte
2005 5734 2143 5789 scri-

582 5802 735 5862 ptum
776 5797 985 5850 mvenit
1021 5794 1297 5866 Κυναρίῳ.

2254 3047 2364 3099 ἀπὸ
2385 3046 2548 3099 τόπου
2588 3046 2666 3108 εἰς
2700 3046 2862 3098 τόπον
2889 3045 2999 3100 τῶν
3032 3047 3386 3116 προαστείων
3438 3048 3719 3117 περιῆγεν,
3747 3061 3819 3097 νο-

2257 3135 2429 3205 μίζων
2445 3138 2508 3188 ἐκ
2532 3135 2631 3204 τῆς
2653 3135 2908 3205 εὐαερίας
2929 3135 3386 3206 ὠφεληθήσεσθαι
3408 3138 3604 3208 αὐτὴν.
3629 3135 3813 3202 Συνέϐη

2252 3228 2309 3281 δὲ
2347 3229 2488 3282 κατά
2508 3228 2599 3280 τὸν
2629 3228 2822 3298 καιρὸν
2855 3230 3062 3281 ἐκεῖνον
3097 3227 3309 3295 διάγειν
3335 3228 3430 3280 τὸν
3460 3229 3609 3282 ὅσιον
3649 3229 3704 3280 ἐν
3748 3225 3814 3296 τῷ

2254 3319 2591 3389 Πυλεατικῴ.
2634 3320 2799 3382 Γνοὺς
2825 3318 2885 3372 δὲ
2916 3320 3075 3372 τοῦτο
3106 3322 3133 3373 6
3188 3320 3543 3391 φιλόχριστος
3570 3320 3721 3390 ἀνὴρ,
3758 3315 3815 3387 ἦν

2252 3411 2363 3482 γὰρ
2381 3412 2477 3464 καὶ¹
2504 3411 2742 3478 γνωστὸς
2803 3412 2881 3481 τῷ
2931 3411 3177 3483 μεγάλῳ,
3218 3414 3393 3483 μηδὲν
3446 3414 3810 3485 ὑπερθέμενος,

2255 3504 2409 3573 φέρει
2430 3506 2527 3575 τὴν
2558 3506 2789 3572 γυναῖκα
2825 3504 2961 3574 πρὸς
3012 3508 3103 3557 τὸν
3158 3506 3331 3574 ὅσιον,
3374 3507 3706 3579 παρακαλῶν
3732 3505 3809 3557 εὑ-

2254 3598 2354 3666 χὴν
2379 3597 2516 3667 αὐτῇ
2544 3599 2877 3668 χαρίσασθαι
2903 3601 3051 3665 ὅπως
3068 3602 3358 3674 ἀπαλλαγῇ
3392 3604 3494 3673 τῆς
3522 3604 3691 3657 νόσου,
3723 3602 3810 3655 Ἦν

2254 3688 2349 3740 καὶ
2378 3688 2705 3759 θεασάμενοι
2758 3692 2981 3755 πάντες,
3018 3694 3409 3766 ἐξεπλάγημεν
3458 3698 3553 3748 ἐπὶ
3576 3697 3650 3767 τῷ
3680 3695 3809 3764 ὄγκῳ

2254 3778 2349 3831 καὶ
2377 3779 2453 3849 τῷ
2477 3779 2661 3849 φόρτῳ
2703 3782 2799 3850 τῆς
2826 3781 3032 3845 κοιλίας
3072 3783 3263 3854 αὐτῆς.
3297 3784 3609 3855 Εὐξάμενος
3639 3784 3692 3835 δὲ
3725 3782 3807 3834 αύ-

2253 3874 2316 3939 "fl
2344 3871 2439 3923 καὶ
2458 3872 2649 3941 χρίσας
2674 3872 2845 3943 αὐτὴν
2891 3872 2969 3943 τῷ
3001 3874 3142 3945 ἁγίῳ
3168 3876 3361 3946 ἐλαίῳ,
3395 3877 3682 3929 ἀπέλυσεν.
3713 3874 3811 3927 Με-

2240 3962 2321 4014 τὰ
2339 3962 2395 4014 δέ
2422 3979 2575 4025 τινας
2595 3964 2826 4034 ἡμέρας,
2850 3965 3130 4034 διάγοντος
3188 3968 3287 4020 τοῦ
3313 3968 3466 4021 ὁσίου
3494 3967 3651 4021 πάλιν
3671 3966 3723 4017 ἐν
3740 3960 3805 4031 τῷ

2254 4053 2593 4123 ΙΙυλεατικῷ,
2623 4056 2830 4124 ἤγαγεν
2862 4059 2891 4111 6
2920 4057 3059 4128 ἀνὴρ
3088 4060 3184 4127 τὴν
3209 4059 3412 4114 ἑαυτοῦ
3435 4062 3684 4127 γυναῖκα,
3719 4055 3802 4126 χά-

2254 4160 2406 4215 ριτας
2438 4146 2717 4213 ὁμολογῶν
2738 4148 2817 4216 τῷ
2839 4148 2979 4218 Θεῷ,
3004 4150 3099 4202 καὶ
3132 4152 3301 4203 πᾶσιν
3336 4150 3698 4204 ὑποδεικνύων
3720 4146 3801 4198 αύ-

2253 4236 2351 4306 τὴν
2373 4236 2779 4303 ἀπαλλαγεῖσαν
2804 4238 2899 4291 τοῦ
2931 4241 3133 4309 φόρτου
3164 4242 3259 4294 καὶ
3289 4243 3391 4312 τῆς
3420 4243 3660 4310 ἀνάγκης
3679 4236 3803 4290 ὲκεί-

2254 4344 2352 4397 νης
2371 4346 2385 4360 ·
2414 4327 2559 4382 οὓτω
2589 4329 2698 4400 γὰρ
2720 4329 2929 4401 ἀφανὴς
2963 4332 2993 4382 6
3024 4334 3121 4402 τῆς
3145 4333 3359 4397 κοιλίας
3389 4335 3607 4401 γέγονεν
3635 4331 3795 4397 ὄγκος,

2254 4422 2351 4474 καὶ
2376 4420 2723 4491 ἀπεκατέστη
2778 4423 2956 4493 ὑγιὴς,
2982 4424 3057 4487 ὡς
3090 4426 3224 4496 μηδὲ
3252 4426 3537 4495 φαίνεσθαί
3567 4442 3689 4479 ποτε
3731 4424 3801 4475 ὅτι

2255 4508 2400 4581 εἶχεν
2444 4514 2756 4568 ἀσθένειαν.
2800 4515 2994 4568 Πολλοὶ
3044 4514 3137 4570 οὖν
3178 4521 3477 4585 ἐγνωκότες
3504 4519 3562 4571 τὸ
3600 4533 3657 4584 γε
3671 4512 3797 4582 γονὸξ

2260 4604 2464 4675 θαῦμα,
2488 4607 2749 4671 ἐδόξασαν
2773 4608 2865 4661 τὸν
2890 4609 3021 4662 Θεόν
3042 4627 3055 4639 ·
3078 4610 3214 4663 ἑτῶν
3230 4612 3339 4682 γὰρ
3361 4608 3431 4682 ἦν
3449 4613 3482 4681 ἡ
3506 4610 3635 4679 γυνὴ
3653 4605 3797 4659 πλείω

2244 4700 2353 4752 τῶν
2378 4702 2806 4770 τεσσαράκοντα,
2831 4704 2916 4770 ἐφ’
2947 4705 3012 4774 ἢν
3044 4706 3287 4773 ἐγεγόνει
3315 4707 3376 4761 τὸ
3417 4707 3632 4777 σημεῖον
3659 4700 3795 4755 τοῦτο

2255 4796 2355 4864 τῆς
2389 4796 2605 4858 ἰάσεως.

2244 4926 2247 4929 ν
2325 4889 2432 4953 πζ’.
2474 4890 2614 4942 Ἀλλ’
2643 4890 2727 4943 ἴνα
2760 4890 2835 4961 μὴ
2863 4891 2998 4956 δόξω
3020 4896 3165 4946 τισὶν
3189 4894 3393 4949 ἄπιστα
3414 4894 3603 4962 λέγειν,
3624 4888 3790 4959 ἀρκεῖν

2252 4980 2490 5051 ἠγοῦμαι
2533 4980 2608 5051 μὴ
2647 4982 2955 5051 περαιτέρω
3014 4982 3142 5051 περὶ⁵
3180 4985 3288 5036 τῶν
3341 4983 3589 5037 τοιούτων
3623 4975 3789 5045 διηγή“

2255 5071 2475 5124 σασθαι·
2500 5073 2559 5125 τὸ
2582 5072 2690 5142 γάρ
2710 5074 2984 5138 ἐπέκεινα,
3014 5073 3090 5136 ὣς
3113 5091 3276 5145 φησιν
3299 5076 3372 5146 (y)
3404 5078 3431 5127 6
3479 5072 3669 5140 Πατὴρ,
3699 5066 3785 5118 Γα-

2252 5162 2447 5233 δείρων
2475 5164 2536 5215 οὐ
2562 5165 2848 5233 περατέον.
2871 5166 3031 5232 Λέγει
3054 5166 3224 5219 δὲκαὶ
3249 5169 3278 5219 6
3320 5168 3418 5235 τῆς
3435 5162 3674 5217 Νυσσέων
3701 5154 3781 5223 μέ-

2252 5270 2355 5321 γας
2382 5255 2699 5325 Γρηγόριος,
2735 5256 2968 5327 περὶτοῦ
2991 5258 3066 5329 μὴ
3094 5259 3204 5311 δεῖν
3232 5260 3380 5329 παρά
3402 5258 3460 5310 τὸ
3491 5250 3781 5322 ὑπερϐαίνον

2257 5344 2455 5417 μέτρον
2510 5346 2620 5399 τῶν
2670 5348 3018 5418 χαρισμάτων
3079 5351 3399 5421 συγγραφὴν
3450 5338 3775 5413 ποιήσασθαιν

2254 5476 2345 5531 hic
2377 5493 2575 5532 nomen
2602 5479 2827 5543 excidit,
2856 5481 2941 5536 vel
2973 5480 3041 5535 de
3071 5498 3170 5538 suo
3196 5484 3406 5539 addidit
3432 5482 3610 5541 linus;
3633 5481 3775 5543 que?!

2252 5549 2559 5623 sequimur,
2589 5550 2719 5618 quia
2757 5538 2878 5623 ejus
2903 5552 3005 5623 hoc
3034 5564 3118 5608 est
3157 5555 3523 5623 proverbium,
3551 5538 3676 5602 orat.
3713 5538 3771 5592 20

2252 5618 2531 5672 laudantis
2555 5618 2805 5675 sanctum
2834 5622 3115 5676 Basilium.

2320 5733 2433 5809 (68)
2462 5734 2612 5809 Idem
2645 5735 2973 5791 Patenticum
3022 5739 3172 5807 legit.
3661 5797 3688 5809 ι,

2326 5799 2460 5873 (68⁷⁸)
2498 5805 2622 5861 Ηωο
2655 5817 2738 5863 est
2772 5818 2958 5863 sancta
2981 5799 3219 5866 llac'riua
3253 5812 3425 5883 virgo,
3465 5820 3575 5877 qua?
3599 5799 3770 5855 nolim
