4028 6494
265 372 413 436 2773

1801 367 2003 429 VITA.

3391 375 3533 440 2374

265 481 498 534 τοιαῦτα
527 480 653 550 περὶ
685 479 780 552 τῆς
829 479 962 541 ίδίας
991 476 1228 546 ἀδελφῆς
1252 493 1266 507 ο
1299 477 1452 529 Ἐπεὶ
1480 476 1660 529 τοίνυν
1688 476 1854 529 πάντα

1969 476 2265 547 loquitur:
2316 477 2445 534 llaec
2503 481 2572 536 ab
2621 481 2718 536 illa
2769 491 2920 554 gesta
2969 491 3099 539 sunt
3147 484 3366 540 omnia:
3411 503 3536 557 quas

265 572 449 626 ταῦτα
477 571 959 639 πεπραγμάτευτο,
993 570 1106 630 τοῖς
1148 567 1246 636 μὲν
1275 567 1342 618 δι’
1382 567 1666 638 ἀκριϐείας
1689 569 1859 634 ὲγνω-

266 662 430 714 κόσιν
483 662 551 712 τά
600 661 729 732 περὶ
771 661 942 728 αὐτῆς
996 659 1172 729 ἀληθῆ
1211 655 1350 712 εἶναι
1386 658 1727 722 πιστεύεται,
1756 658 1858 711 κᾶν

267 753 418 822 ὑπὲρ
466 751 650 804 πίστιν
696 751 820 822 εἴη·
863 751 955 805 ἐπὶ
1009 750 1065 803 δὲ
1095 750 1203 802 τῶν
1255 750 1716 820 σαρκωδεστέρων
1751 749 1856 814 ἔξω

263 842 371 896 τοῦ
421 842 770 911 ἐνδεχομένου
793 841 1098 910 νομίζεται,
1139 841 1190 894 οἳ
1220 842 1318 894 οὑκ
1370 842 1573 902 ῐσασιν,
1602 841 1686 893 ὅτι
1714 840 1858 893 κατά

266 935 377 1005 τὴν
404 933 694 1001 ἀναλογίαν
725 932 825 1002 τῆς
854 932 1092 997 πίστεως
1144 932 1240 984 καὶ
1270 933 1303 1003 ἡ
1355 931 1464 984 τῶν
1499 932 1857 1002 χαρισμάτων

265 1027 510 1098 διανομὴ
561 1026 946 1097 παραγίνεται,
979 1026 1153 1097 μικρὰ
1194 1027 1292 1095 μὲν
1328 1028 1441 1088 τοῖς
1467 1025 1855 1093 όλιγοπίστοις,

271 1119 497 1190 μεγάλα
530 1119 588 1172 δὲ
609 1121 721 1181 τοῖς
754 1117 999 1186 μεγάλην
1027 1117 1245 1186 ἔχουσιν
1269 1119 1326 1169 ἐν
1356 1116 1538 1180 αὐτοῖς
1568 1117 1666 1186 τὴν
1695 1118 1856 1187 εὐρυ-

272 1212 487 1281 χωρίαν
545 1210 646 1280 τῆς
701 1209 960 1270 πίστεως.
998 1209 1088 1272 Ὠς
1141 1208 1206 1262 ἂν
1246 1207 1340 1260 οὖν
1394 1207 1470 1280 μὴ
1533 1207 1779 1278 βλαϐεῖεν
1806 1211 1854 1262 οἱ

274 1301 625 1370 ἀπιστότεροι
679 1303 799 1362 ταῖς
858 1299 954 1352 τοῦ
1006 1299 1142 1352 Θεοῦ
1185 1299 1420 1369 δωρεαῖς
1471 1301 1852 1364 ἀπιστοῦντες,

274 1391 469 1444 τούτου
498 1391 684 1443 ἕνεκεν
722 1389 958 1458 καθεξῆς
991 1391 1227 1460 ἱστορεῖν
1267 1390 1406 1460 ὑπὲρ
1436 1390 1544 1442 τῶν
1595 1389 1855 1461 ὑψηλοτέ-

277 1501 389 1553 ρων
422 1483 719 1552 θαυμάτων
756 1482 1185 1554 παρῃτησάμην,
1206 1483 1395 1551 ὰρκείν
1426 1482 1724 1553 ἡγούμενος
1743 1485 1854 1546 τοῖς

271 1575 593 1644 εἰρημένοις
641 1571 984 1644 περιγράψαι
1026 1573 1126 1640 τὴν
1179 1574 1309 1643 περὶ
1365 1574 1539 1644 αὐτῆς
1585 1573 1850 1646 ἱστορίαν.

285 1664 566 1728 Ὡσαύτως
597 1665 725 1732 γοῦν
756 1664 851 1716 καὶ
877 1665 1005 1735 περὶ
1052 1663 1146 1716 τοῦ
1181 1665 1422 1734 μεγάλου
1469 1665 1730 1736 Εὐτυχίου
1757 1667 1854 1720 καὶ

267 1757 521 1825 λεγέσθω
550 1751 653 1811 ’καὶ
671 1755 990 1828 γραφέσθω.

1964 571 2195 640 quidem
2230 571 2552 641 diligentius
2593 572 2710 643 ipsa
2752 575 3013 629 scrutatis
3058 591 3190 630 vera
3238 592 3363 632 esse
3407 593 3535 633 cre-

1963 661 2194 727 duntur,
2226 662 2356 716 licet
2381 678 2548 732 supra
2581 664 2742 718 ﬁdem
2776 665 2887 718 sint
2915 682 2930 730 ;
2963 665 3106 736 apud
3131 681 3227 722 cos
3281 684 3414 724 vero
3437 671 3532 739 qui

1963 753 2117 808 carni
2148 753 2390 808 nimium
2415 754 2623 810 addicti
2676 764 2826 820 sunt,
2863 764 3126 825 putantur
3152 765 3305 813 extra
3338 759 3538 814 verisi-

1963 845 2330 901 militudinem
2365 861 2507 902 esse.
2543 846 2650 902 Sed
2684 847 2739 900 hi
2767 862 2898 901 sane
2943 847 3198 918 ignorant
3225 865 3324 918 pro
3381 867 3537 906 men-

1961 938 2260 1012 suraﬁdei
2291 939 2740 994 distributionem
2779 954 3004 1009 quoque
3041 955 3340 994 munerum
3392 941 3533 1005 fieri,

1962 1039 2024 1084 ut
2049 1028 2154 1084 ﬁde
2184 1029 2400 1099 pusillis
2458 1029 2773 1083 tribuantur
2817 1043 3005 1098 parva,
3052 1043 3248 1096 magna
3299 1044 3431 1083 vero
3467 1029 3536 1086 iis

1961 1119 2058 1190 qui
2089 1119 2218 1174 ﬁdei
2240 1118 2601 1189 amplitudine
2623 1119 2852 1188 pollent.
2886 1119 3081 1172 Verum
3106 1134 3175 1172 ne
3237 1118 3537 1174 incredulis

1961 1212 2124 1267 detur
2161 1211 2378 1266 occasio
2436 1211 2532 1266 Dei
2591 1224 2822 1264 munera
2868 1209 3155 1279 carpendi,
3211 1210 3536 1265 sublimiora

1961 1303 2227 1357 miracula
2285 1302 2759 1372 praetermisimus,
2826 1303 2944 1355 haec
2974 1316 3096 1369 quae
3153 1303 3538 1355 recensuimus

1960 1396 2096 1451 satis
2133 1409 2255 1450 esse
2306 1395 2375 1449 ad
2433 1395 2722 1449 historiam
2783 1394 3139 1450 aestimantes.
3208 1393 3338 1460 Quae
3385 1408 3518 1448 sane

1958 1489 2129 1543 verba
2161 1488 2230 1543 de
2257 1503 2454 1558 magno
2483 1503 2715 1558 quoque.
2729 1487 3004 1558 Eutychio
3033 1486 3181 1541 dicta
3221 1485 3536 1557 scriptaque

1961 1579 2360 1650 intelligantur.
2870 1595 2874 1599 '

345 1857 460 1918 πγθ.
503 1850 593 1911 Ὠς
633 1848 726 1902 οῦν
754 1848 847 1900 τὸν
890 1848 1090 1918 δρόμον
1134 1847 1359 1911 τελέσας
1399 1848 1491 1901 καὶ
1541 1848 1640 1920 τὴν
1671 1850 1853 1902 πίστιν

2028 1853 2117 1908 88.
2135 1850 2372 1906 Cursum
2398 1866 2531 1920 ergo
2555 1864 2715 1905 suum
2744 1847 3533 1916 consummavitDeifamulus,

267 1943 526 2012 τηρήσας
551 1941 582 1991 ὁ
614 1940 707 1992 τοῦ
741 1938 877 1990 Θεοῦ
914 1938 1189 2008 θεράπων.
1228 1938 1412 2006 λοιπὸν
1451 1939 1712 2009 ἀνέμενεν
1763 1941 1854 1992 τὸν

267 2034 640 2102 ἀποκείμενον
665 2029 814 2101 αὐτῷ
836 2029 936 2099 τῆς
968 2029 1316 2100 δικαιοσύνης
1353 2031 1642 2099 στέφανον,
1683 2031 1856 2102 ζήσας

275 2127 418 2196 μετὰ
444 2125 545 2195 τὴν
569 2123 830 2177 ἐπάνοδον
877 2122 996 2192 ἦτοι
1057 2121 1156 2192 τὴν
1200 2121 1277 2184 εἰς
1328 2121 1426 2192 τὴν
1462 2121 1670 2193 ὑψηλὴν
1721 2123 1856 2176 καθ-

279 2219 440 2289 έδραν
470 2215 919 2269 ἀποκατάστασιν
951 2212 1190 2282 τέσσαρα
1219 2213 1313 2280 ἔτη
1339 2217 1431 2265 καὶ
1470 2214 1644 2283 μῆνας
1672 2214 1732 2277 ἒξ
1761 2214 1856 2285 (ὡς

282 2309 526 2380 γενέσθαι
546 2309 616 2362 τὰ
638 2309 817 2361 πάντα
839 2305 932 2377 ἔτη
952 2305 1051 2374 τῆς
1071 2305 1213 2372 ζωῆς
1239 2305 1400 2358 αὐτοῦ
1428 2306 1847 2377 ἐϐδομήκοντα).

278 2401 524 2462 καὶτοὺς
553 2399 641 2452 διὰ
693 2398 793 2466 τῆς
826 2395 1149 2464 συνεργείας
1197 2394 1292 2448 τοῦ
1344 2396 1500 2461 ἁγίου
1542 2395 1854 2465 ΙΙνεύματος

275 2492 695 2561 συγγραφέντας
727 2486 873 2557 αὑτῷ
902 2487 1095 2554 λόγους
1129 2487 1186 2537 ὲν
1216 2489 1283 2556 τῇ
1343 2486 1542 2558 ἡσυχίᾳ
1571 2485 1711 2539 κατὰ
1745 2488 1853 2541 πά-

269 2599 376 2652 σης
408 2583 669 2652 αἱρέσεως
703 2576 1090 2649 δημοσιεύσας,
1117 2577 1528 2648 ὲξηγησάμενός
1571 2597 1630 2630 τε
1657 2579 1855 2641 αὐτοὺς

269 2674 416 2726 πᾶσι
451 2675 561 2732 τοῖς
609 2672 815 2734 πιστοῖς
845 2670 941 2722 καὶ
989 2669 1277 2738 τροφίμοις
1307 2670 1406 2738 τῆς
1431 2670 1708 2738 ὀρθοδόξου
1762 2671 1854 2723 καὶ

267 2761 635 2824 ἁποστολικῆς
682 2759 1012 2829 Ἑκκλησίας
1044 2759 1400 2830 πλατυτέρως
1449 2777 1510 2812 τε
1543 2761 1638 2812 καὶ
1689 2777 1856 2828 σαφε-

270 2851 510 2922 στέρως,
570 2851 715 2923 ἔργῳ
762 2851 993 2918 ποιήσας
1039 2849 1109 2902 τὰ
1155 2852 1214 2903 ὲν
1247 2851 1450 2914 αὐτοῖς,
1492 2851 1730 2917 ἐδίδαξεν
1780 2851 1855 2922 μὴ

269 2944 567 3014 προσέχειν
599 2941 675 3013 τῷ
704 2942 870 3011 πηλῷ
905 2941 996 2994 καὶ
1026 2943 1095 3012 τῇ
1122 2939 1392 3012 πλινθείᾳ,
1421 2941 1498 3011 τῷ
1533 2941 1856 3012 προσκαίρῳ

267 3032 450 3102 τούτῳ
476 3033 575 3103 βίῳ
594 3033 813 3094 καὶτοῖς
849 3031 924 3101 μὴ
949 3031 1259 3102 ἱσταμένοις
1282 3033 1601 3102 πράγμασι·
1627 3033 1853 3101 τοιαύτη

267 3126 382 3194 γάρ
415 3127 448 3194 ή
486 3123 868 3194 πλινθουργία,
900 3122 1252 3192 πληρουμένη
1278 3123 1365 3176 ἀεὶ
1401 3122 1496 3176 καὶ
1519 3123 1811 3192 κινουμένη
1834 3137 1847 3150 ·
1878 3167 1922 3226 C

267 3215 372 3284 τὴν
398 3215 510 3284 γὰρ
533 3214 635 3282 τῆς
659 3213 886 3284 σελήνης
909 3212 1250 3282 πολύτροπον
1279 3212 1607 3283 μεταϐολὴν,
1657 3212 1851 3282 δηλού-

270 3323 373 3376 σης
399 3306 459 3357 τὺ
482 3304 714 3374 τρεπτδν
743 3304 896 3356 τοῦδε
923 3302 1015 3357 τοῦ
1038 3303 1178 3372 βίου,
1197 3305 1309 3367 τοῖς
1334 3303 1676 3374 βουλομένοις
1709 3323 1851 3376 παρ-

273 3400 419 3466 ίημι.
468 3397 647 3452 Πολλὰ
712 3396 894 3450 τοίνυν
975 3396 1108 3450 ἄλλα
1154 3395 1556 3467 κατορθώματα
1595 3399 1848 3468 ποιήσας,

268 3488 412 3542 ῶστε
440 3490 570 3558 ὅρον
607 3490 705 3560 μὲν
732 3491 1037 3560 ἐπισκοπῆς
1067 3483 1205 3542 εἶναι
1236 3489 1326 3541 τὸν
1355 3490 1566 3542 ἐκείνου
1619 3490 1734 3560 βίον
1759 3491 1852 3543 καὶ¹

268 3583 496 3652 τρόπον,
528 3582 690 3652 νόμον
743 3581 800 3634 δὲ
850 3579 1154 3650 όρθοδοξίας
1210 3580 1279 3633 τὰ
1317 3581 1527 3633 ἐκείνου
1581 3581 1848 3650 δόγματα.

288 3671 504 3724 Ἐπόθει
531 3672 592 3725 τὸ
620 3671 804 3725 λοιπὸν
835 3669 1099 3725 ἀναλῦσαι
1151 3673 1244 3724 καὶ
1275 3673 1374 3725 σὺν
1423 3671 1647 3742 Χριστῷ
1689 3667 1850 3738 εἶναι,

277 3767 380 3816 κᾶν
403 3765 485 3818 ὅτι
517 3764 605 3817 διὰ
633 3764 731 3835 τὴν
755 3764 862 3816 τῶν
911 3763 1120 3816 πολλῶν
1156 3763 1432 3834 σωτηρίαν
1464 3763 1522 3816 τὸ
1569 3763 1851 3833 ἐπιμένειν

267 3864 336 3930 τῇ
377 3863 540 3930 σαρκὶ
569 3858 994 3928 ἀναγκαιότερον
1023 3857 1255 3928 ἔκρινεν.
1283 3857 1431 3929 Πλὴν
1461 3856 1568 3910 ἔδει
1626 3857 1722 3909 καὶ
1755 3857 1853 3911 αὐ-

269 3954 368 4002 τῦν
420 3950 735 4020 ἐλεγχθῆναι
766 3950 1054 4020 ἄνθρωπον
1082 3949 1233 4013 ὄντα,
1262 3949 1355 4001 καὶ
1393 3950 1686 4018 ὑπομεῖναι
1751 3948 1851 4019 τὴν

267 4041 541 4108 διάζευξιν
565 4045 662 4112 τῆς
691 4040 871 4110 ψυχῆς
898 4039 1004 4092 ἀπὸ
1035 4039 1131 4093 τοῦ
1164 4039 1435 4110 σώματος,
1473 4041 1603 4109 περὶ
1619 4033 1687 4111 ἧς
1715 4039 1852 4093 καθ-

265 4133 510 4201 εκάστην
562 4131 782 4201 ἡμέραν
831 4132 1058 4201 πάσχων
1111 4129 1446 4200 ἐφιλοσόφει,
1501 4131 1852 4201 συμφθεγγό-

266 4239 437 4289 μενος
497 4224 589 4274 καὶ
630 4220 945 4275 ἀκολουθῶν
994 4224 1108 4284 τοῖς
1155 4221 1349 4274 ἑαυτοῦ
1385 4222 1560 4290 ἁγίοις
1603 4223 1850 4292 Πατράσι

267 4313 537 4379 Βασιλείῳ
585 4313 678 4366 καὶ
709 4313 1051 4384 Γρηγορίοις,
1078 4307 1151 4366 ὧν
1177 4313 1206 4365 ὁ
1243 4312 1343 4383 μὲν
1404 4315 1610 4382 ἔλεγεν,
1647 4313 1847 4385 ’Υπερ-

261 4406 372 4472 dp:
401 4407 501 4474 τῆς
545 4404 763 4474 σαρκὸς,
799 4403 1138 4474 παρέρχεται
1170 4405 1278 4475 γάρ
1298 4416 1311 4431 ⁸
1340 4404 1604 4473 ἐπιμελοῦ
1639 4403 1846 4473 ψυχῆς,

263 4495 597 4565 πράγματος
643 4495 914 4548 ἀθανάτου
940 4511 955 4524 ·
1015 4499 1042 4548 ό
1093 4495 1169 4560 δὲ,
1199 4496 1258 4546 Εἰ
1290 4496 1398 4568 γὰρ
1430 4497 1523 4548 καὶ
1550 4496 1640 4548 τὸν
1665 4497 1840 4566 βαρὺν
1875 4519 1919 4572 η

260 4583 472 4652 χιτῶνα
501 4585 687 4638 τοῦτον
719 4585 1024 4656 ἀπεθέμην,
1057 4587 1144 4638 ἵνα
1167 4586 1313 4639 λάϐω
1339 4587 1693 4656 κουφότερον.

335 4675 446 4728 πθ’.
496 4676 584 4729 Ἐν
603 4676 812 4736 τούτοις
839 4675 1205 4747 ἀναστραφεὶς
1234 4678 1329 4729 καὶ
1358 4675 1533 4730 ταῦτα
1596 4677 1839 4746 μελετῶν

260 4769 373 4833 ἀεὶ,
407 4769 435 4819 ό
472 4767 752 4838 συνόμιλος
792 4769 895 4822 τῶν
935 4767 1186 4840 μεγάλων
1220 4767 1499 4839 Ιίατέρων,
1523 4769 1550 4820 ό
1578 4769 1670 4820 τὸν
1703 4769 1844 4840 ἀέρα

264 4859 346 4930 μὴ
380 4861 666 4913 ἀναπνέων
687 4859 857 4924 οὕτως
889 4861 964 4924 ὡς
990 4863 1117 4925 τοὺς
1156 4860 1348 4929 λόγους
1381 4862 1475 4914 καὶ
1497 4862 1568 4914 τὰ
1597 4861 1844 4932 δόγματα

261 4951 571 5014 Βασιλείου,
601 4953 696 5004 καὶ
756 4953 1092 5023 Γρηγορίων,
1130 4951 1346 5005 καὶτοῦ
1383 4953 1622 5022 μεγάλου
1662 4955 1845 5006 Διονυ-

261 5043 410 5104 σίου,
446 5043 526 5095 ἔτι
552 5060 615 5112 γε
654 5044 760 5114 μὴν
814 5048 906 5098 καὶ
955 5045 1064 5097 τῶν
1112 5044 1315 5098 λοιπῶν
1350 5044 1520 5112 ἁγίων
1559 5045 1842 5114 Πατέρων,

262 5134 569 5202 προφητῶν
607 5151 668 5185 τε
705 5136 798 5187 καὶ
858 5135 1193 5196 ἀποστόλων,
1227 5136 1510 5186 ὑπενοεῖτο
1541 5134 1695 5200 παρὰ
1736 5133 1844 5186 τῶν

262 5223 477 5275 ἀτελῶν
515 5221 615 5292 τὴν
652 5223 890 5276 διάνοιαν
934 5223 1196 5276 τάναντία
1233 5223 1442 5287 τούτοις
1504 5225 1722 5293 φρονεῖν
1751 5224 1845 5277 καὶ

262 5422 522 5494 ἔθειιιιίἱ,
558 5422 612 5477 in
637 5424 793 5494 cujus
824 5423 946 5480 Vita
986 5424 1087 5480 ista
1115 5424 1217 5480 sub
1240 5424 1404 5478 tinem
1432 5425 1725 5493 leguntur:
1761 5423 1841 5477 uti

263 5493 429 5582 prius
471 5493 740 5582 adagium
771 5495 973 5564 legitur
1024 5496 1080 5550 in
1130 5495 1464 5550 Nazianzeni
1496 5503 1639 5550 orat.
1681 5494 1750 5548 20
1774 5494 1843 5548 de

262 5563 664 5702 δ’(ῦῖἶῗίίῗιὶιθ,
696 5643 752 5689 et
784 5633 905 5688 dies
936 5634 1075 5690 duos
1101 5649 1132 5688 a
1185 5634 1276 5689 die
1332 5635 1365 5688 5
1412 5634 1669 5691 Octobris
1709 5630 1840 5690 anni

267 5704 376 5760 577
407 5705 475 5758 ad
497 5706 530 5757 6
555 5705 764 5773 Aprilis
793 5706 1071 5761 exclusive
1095 5706 1223 5760 anni
1255 5706 1378 5761 582.

343 5774 460 5844 (70)
481 5774 655 5830 Natus
676 5790 821 5829 anno
863 5776 983 5831 519..

1958 1942 2066 1998 ﬁde
2099 1949 2340 2003 servata,
2377 1948 2704 2009 exspectans
2730 1939 2799 1992 de
2835 1939 3048 2008 reliquo
3080 1937 3382 2008 repositam
3425 1938 3535 1993 sibi

1956 2047 2218 2086 coronam
2252 2030 2506 2100 iustitiae,
2538 2037 2832 2098 postquam
2865 2043 2895 2080 a
2939 2028 3121 2083 reditu
3155 2044 3257 2082 suo
3307 2028 3533 2082 restitu-

1957 2124 2218 2193 tioneque
2282 2122 2338 2175 in
2388 2121 2709 2175 cathedram
2769 2121 3193 2190 patriarchalem
3243 2117 3533 2174 transactis

1956 2223 2197 2284 quatuor
2219 2214 2380 2268 annis
2411 2213 2550 2282 (69).
2588 2227 2766 2266 annos
2819 2211 3126 2266 univcrsim
3175 2211 3405 2267 vixisset
3446 2227 3532 2267 se-

1957 2307 2241 2376 ptuaginta
2266 2303 2414 2376 (70);
2466 2312 2522 2358 et
2580 2317 2896 2366 sermones,
2931 2311 3266 2371 cooperante
3320 2302 3528 2372 Spiritu

1957 2408 2167 2462 sancto,
2199 2398 2470 2451 adversus
2520 2409 2880 2465 quascunque
2935 2393 3174 2466 haereses
3233 2393 3290 2448 in
3343 2395 3531 2465 quiete

1957 2485 2326 2555 conscriptos,
2357 2485 2729 2555 publicassct;
2775 2499 2983 2553 eosque
3017 2501 3300 2554 exponens
3351 2487 3533 2540 omni-

1957 2573 2060 2628 bus
2084 2574 2360 2644 germanis
2393 2582 2559 2643 atque
2597 2573 2852 2628 ﬁdelibus
2882 2574 3210 2629 orthodoxa:
3243 2576 3530 2632 catholica:

1956 2664 2214 2720 Ecclesiae
2275 2665 2440 2728 ﬁliis,
2489 2675 2654 2734 atque
2698 2665 2774 2718 ibi
2822 2665 3141 2736 conscripta
3188 2681 3353 2737 opere
3409 2667 3530 2738 ipso

1955 2759 2257 2827 complens,
2288 2757 2450 2826 plane
2485 2757 2742 2826 clareque
2764 2757 3052 2812 docuisset
3082 2774 3189 2813 non
3213 2774 3332 2813 esse
3363 2760 3532 2814 inhre-

1956 2850 2189 2904 rcndum
2219 2849 2608 2918 limolutoque,
2630 2849 2782 2910 huic,
2815 2849 3063 2919 inquam,
3093 2853 3381 2920 temporali
3406 2853 3530 2907 vilze

1957 2941 2229 3009 rebusque
2257 2940 2506 2995 caducis.
2541 2940 2672 2994 Tale
2698 2942 2845 2995 enim
2886 2951 2971 2996 est
3006 2958 3146 3012 opus
3193 2942 3439 3014 ﬁglinum
3470 2953 3531 2998 ut

1957 3045 2176 3099 semper
2207 3030 2508 3098 impleatur
2529 3041 2584 3084 et
2610 3041 2894 3084 moveatur
2921 3048 2934 3084 :
2995 3048 3123 3086 nam
3160 3034 3528 3104 multiplicem

1957 3122 2378 3176 conversionem
2408 3122 2572 3184 lunae.
2619 3123 3070 3192 repraesentantis
3119 3125 3528 3181 volubilitatem

1957 3213 2123 3283 hujus
2143 3213 2290 3279 Viue,
2332 3212 2456 3268 aliis
2506 3215 2822 3284 expendere
2868 3215 3187 3270 volentibus
3248 3217 3526 3286 relinquo.

1955 3306 2124 3360 Multa
2165 3306 2332 3375 igitur
2363 3305 2470 3360 alia
2503 3307 2764 3376 praaelara
2792 3306 3020 3372 faciens,
3051 3317 3112 3362 ut
3135 3309 3245 3362 vita
3268 3323 3531 3366 acmores

1953 3399 2073 3468 ejus
2123 3412 2316 3451 norma
2376 3405 2565 3452 essent
2594 3397 2968 3467 episcopatus,
3031 3398 3285 3454 doctrina
3345 3411 3529 3456 autem

1927 3488 2293 3559 orthodoxize
2327 3490 2536 3558 regula,
2574 3488 2794 3542 tandem
2821 3489 3175 3544 desiderabat
3219 3489 3447 3546 dissolvi
3474 3500 3531 3546 et

1953 3593 2074 3634 esse
2102 3593 2226 3632 cum
2258 3577 2501 3642 Christo,
2535 3579 2666 3633 licet
2691 3589 2914 3648 propter
2950 3581 3255 3635 multorum
3290 3583 3530 3638 salutem

1956 3671 2011 3724 in
2064 3685 2230 3724 carne
2289 3659 2538 3725 manere
2570 3671 2744 3740 magis
2795 3671 3178 3725 necessarium
3231 3673 3529 3743 judicarct.

1951 3762 2251 3832 Oportebat
2319 3771 2502 3816 tamen
2533 3761 2750 3816 ostendi
2783 3761 2961 3832 ipsum
2991 3778 3214 3832 quoque
3248 3765 3530 3820 hominem

1953 3869 2094 3916 esse,
2125 3853 2430 3923 animmque
2457 3863 2514 3908 et
2536 3856 2790 3923 corporis
2823 3853 3252 3921 disjunctioncm
3301 3856 3525 3911 subire:

1953 3946 2311 4016 quamobrem
2350 3945 2418 3999 de
2469 3945 2561 4000 illa
2617 3944 3118 4014 philosophabatur
3175 3947 3445 4016 quotidie,
3469 3958 3531 4006 ct

1951 4037 2144 4090 eadem
2194 4051 2313 4105 quae
2351 4035 2542 4089 Patres
2597 4034 2683 4088 sui
2734 4034 2970 4088 Basilius
3020 4047 3184 4104 atque
3224 4034 3528 4108 Gregorius

1951 4123 2225 4177 seruiebat
2256 4139 2318 4177 ac
2347 4123 2681 4192 loquebatur
2726 4140 2739 4173 :
2766 4139 3000 4193 quorum
3049 4140 3190 4179 unus
3222 4143 3233 4178 :
3264 4125 3520 4192 Carnem,

1950 4215 2152 4284 inquit,
2185 4214 2405 4283 deSpice
2439 4230 2561 4283 qua:
2583 4215 2864 4282 praeterit;
2915 4215 3155 4270 animam
3201 4232 3356 4284 cura,
3400 4235 3524 4288 qua:

1951 4317 2034 4361 est
2073 4306 2466 4384 immortalis;
2520 4307 2660 4360 alter
2721 4315 2954 4360 autem:
3008 4307 3250 4371 Utinam,
3304 4309 3524 4380 inquit,

1950 4399 2101 4472 gravi
2129 4399 2231 4454 hac
2258 4415 2430 4454 exuar
2458 4399 2666 4462 tunica,
2699 4407 2758 4452 ut
2781 4399 3045 4455 leviorem
3067 4401 3361 4470 accipiam.

2021 4674 2111 4730 89.
2144 4673 2271 4727 llmc
2299 4672 2390 4726 ille
2431 4671 2616 4726 animo
2653 4688 2881 4727 versans
2903 4688 2967 4726 ac
3010 4671 3307 4736 meditans,
3355 4689 3523 4742 atquc

1949 4781 2074 4821 cum
2107 4765 2318 4834 magnis
2367 4765 2628 4819 Patribus
2667 4763 2744 4818 ita
2795 4766 3010 4828 vivens,
3070 4772 3132 4818 ut
3171 4780 3281 4820 non
3337 4765 3523 4820 minus

1951 4858 2162 4924 Basilii,
2185 4857 2439 4928 Gregorii
2472 4858 2582 4929 (7i)
2634 4856 2928 4926 utriusque
2951 4864 3008 4910 et
3047 4855 3228 4926 magni
3277 4857 3522 4928 Dionysii

1950 4950 2060 5020 (79.)
2085 4966 2148 5004 ac
2181 4950 2524 5018 reliquorum
2566 4958 2879 5004 sanctorum
2932 4946 3244 5014 doctorum,
3280 4949 3522 5019 prophe-

1951 5051 2130 5096 tarum
2159 5050 2326 5110 atque
2369 5041 2748 5110 apostolorum
2802 5038 3059 5108 dogmata
3115 5055 3277 5108 quam
3335 5055 3520 5095 aerem

1951 5134 2098 5187 hunc
2126 5134 2386 5202 spiraret,
2411 5131 2741 5202 quibusdam
2773 5138 2956 5183 tamen
2981 5138 3164 5183 mente.
3189 5131 3525 5200 imperfectis

1952 5232 2247 5292 suspectus
2273 5230 2393 5277 erat
2442 5221 2600 5292 quasi
2639 5219 2708 5276 ab
2757 5219 2868 5273 illis
2892 5218 2950 5273 in
2992 5221 3223 5275 materia
3270 5235 3523 5276 resurre-

2021 5421 2132 5494 (71)
2175 5421 2413 5494 Scilicet?
2449 5430 2668 5494 sanctus
2710 5419 3008 5490 Gregorius
3059 5419 3432 5476 Nazianzenus
3464 5431 3523 5479 et

1948 5487 2174 5549 sanctus
2193 5493 2490 5562 Gregorius
2518 5487 2818 5562 Nyssenus.

2019 5566 2132 5634 (7‘2)
2166 5560 2420 5634 Dogmata
2448 5565 2538 5615 illa
2589 5560 2880 5634 intelligit,
2899 5571 3233 5634 quaesancto
3262 5561 3537 5634 Dionysio,

1948 5629 2293 5702 Arcopagita:
2327 5631 2668 5702 tribuuntur,
2694 5639 2759 5702 et
2788 5644 2817 5682 a
2849 5629 3072 5702 Petavio
3105 5631 3249 5684 libro
3309 5629 3523 5684 De'do—

1988 5700 2210 5774 motibus
2255 5701 2576 5774 itheologicis
2631 5701 2797 5757 etiam
2863 5700 2966 5754 sub
3036 5701 3257 5757 nomine
3335 5703 3517 5774 magni

1973 5773 2193 5844 )ionysii
2219 5773 2486 5827 citantur.
