3970 6506
578 368 723 434 2375

1633 364 1695 427 S.
1734 361 2095 425 EUTYCHII
2129 360 2633 423 PATRIARCH/B
2672 362 2781 423 (ΖΡ.

3710 352 3841 423 23ῗ6

581 481 787 541 ctionis
815 475 1135 534 dissentiret
1183 474 1319 544 (73):
1345 490 1471 531 cum
1523 475 1681 530 stulti
1738 476 1990 531 homines
2041 492 2153 530 non

2267 471 2497 539 ῑοξάζειν
2522 476 2602 537 είς
2628 473 2721 527 τὸν
2740 472 2874 544 περὶ
2898 470 3258 534 ἀναστάσεως
3290 468 3490 537 λόγον,
3534 466 3611 540 μὴ
3640 469 3843 527 εἰδότων

583 574 975 643 intelligerent,
1010 584 1114 624 nec
1149 567 1282 638 quid
1318 566 1633 632 alllrmaret,
1690 583 1793 621 nec
1828 567 1896 621 de
1948 567 2153 636 quibus

582 667 922 736 loqueretur.
951 663 1092 729 Quid
1120 671 1303 715 autem
1328 660 1550 723 mirum,
1585 659 1630 714 si
1658 659 1890 729 puerilia
1933 660 2154 729 sapien-

582 763 667 811 tes
698 756 777 809 sic
808 754 875 808 de
900 754 1019 823 ipso
1046 752 1353 815 sentirent;
1408 765 1533 803 cum
1565 749 1831 804 Dominus
1897 765 1960 803 ae
2008 751 2154 804 Deus

582 860 774 904 noster
810 846 865 900 in
900 845 995 899 Dei
1039 844 1215 914 digito
1246 842 1479 913 ejiciens
1504 840 1797 905 daamonia,
1821 855 1886 894 ea
1918 841 1973 895 in
2003 843 2156 911 prin-

582 942 705 1011 cipe
730 939 1126 993 dzemoniorum
1170 935 1374 1004 ejicere
1405 934 1736 1004 putaretur?
1778 933 2055 1003 Numquid
2086 934 2154 989 de

583 1037 713 1091 divo
749 1033 942 1095 Paulo,
968 1031 1022 1083 in
1051 1030 1333 1099 Areopago
1356 1028 1617 1097 loquente
1639 1028 1706 1081 de
1720 1028 1848 1082 Jesu
1880 1038 1937 1081 et
1966 1042 2153 1081 resuro

584 1124 833 1179 rectione
864 1122 1003 1189 ejus,
1032 1120 1238 1174 dictant
1269 1130 1372 1183 est,
1408 1119 1551 1185 Quid
1572 1119 1693 1173 vult
1730 1119 2156 1174 seminiverbius

591 1214 730 1268 iste?
769 1210 1047 1279 Numquid
1084 1225 1195 1263 non
1231 1210 1487 1271 Basilius,
1516 1209 1783 1261 virtutum
1820 1207 2155 1261 fundamen-

586 1317 702 1360 tum
734 1315 790 1359 et
821 1303 1061 1373 Spiritus
1098 1302 1272 1356 sancti
1329 1309 1729 1371 propugnator,
1765 1300 1833 1355 ab
1878 1298 2156 1369 imperitis

584 1397 892 1452 mstimatus
937 1403 1023 1449 cst
1088 1394 1241 1447 illius
1298 1392 1645 1447 divinitatem
1696 1409 1809 1446 non
1860 1392 2156 1446 conﬁteri?

585 1486 726 1553 Quid
748 1502 879 1557 ergo
907 1487 1129 1550 mirum,
1161 1485 1205 1539 si
1249 1484 1317 1539 de
1356 1485 1461 1539 hoc
1508 1498 1728 1554 quoque
1769 1500 1925 1539 sacro
1953 1485 2154 1554 capite,

587 1592 808 1645 magno,
845 1576 1094 1645 inquam,
1134 1576 1435 1644 divinaque
1464 1574 1582 1629 viro
1614 1574 2021 1645 Eutychio,qui
2054 1573 2159 1629 fuit

588 1668 844 1722 columna
877 1682 940 1720 ac
972 1667 1158 1720 lumen
1193 1665 1470 1729 Ecclesiae,
1495 1664 1941 1733 venerandisque
1975 1664 2151 1718 Patri-

589 1759 694 1813 bus
756 1774 855 1827 per
877 1758 1061 1811 omnia
1109 1757 1328 1819 similis,
1384 1756 1490 1809 tale
1536 1756 1820 1824 quidpiam
1887 1754 2157 1823 suspicati

2254 567 2364 619 τῶν
2386 566 2636 620 δειλαίων
2672 566 2809 637 μήτε
2868 564 2997 634 περὶ
3044 558 3120 617 ὧν
3168 562 3401 629 ἔλεγεν,
3440 558 3585 631 μήτε
3628 564 3753 633 περὶ
3778 558 3845 618 ῶν

2255 658 2642 713 διεϐεϐαιοῦτο.
2675 657 2785 711 Καὶ
2829 655 2881 709 τί
2935 655 3258 725 θαυμαστὸν
3293 655 3350 707 ei.
3399 653 3637 707 τοιαῦτα
3666 654 3845 724 ἐφθέγο

2258 750 2417 816 ξαντο
2462 751 2591 821 περὶ
2624 749 2784 804 αὑτὸν
2818 750 2866 802 οἱ
2898 746 3379 819 νηπιόφρονες.Ἐῖ
3416 746 3535 817 γὰρ
3565 746 3595 798 6
3658 747 3846 818 Κύριος

2255 843 2351 896 καὶ
2366 842 2496 905 Θεὸς
2518 841 2698 912 ἡμῶν,
2734 843 2791 893 ὲν
2815 840 3059 904 δακτύλῳ
3084 840 3225 893 Θεοῦ
3283 838 3586 893 ἐκϐάλλων
3634 840 3704 892 τὰ
3740 841 3846 894 δαι-

2258 937 2436 1006 μόνια,
2470 937 2701 1004 ἤκουσεν
2721 933 2802 986 ὅτι
2824 937 2884 987 ὲν
2922 932 3258 998 Βεελζεϐοὺλ
3284 932 3560 986 ἐκϐάλλει
3584 932 3651 984 13¢
3670 932 3846 1001 δαιμό-

2256 1045 2345 1083 νια
2374 1029 2450 1100 τῷ
2472 1032 2693 1100 ἄρχοντι
2722 1030 2830 1082 τῶν
2851 1028 3142 1097 δαιμονίων
3162 1043 3179 1059 ο
3217 1027 3322 1079 καὶ
3355 1028 3387 1079 6
3419 1025 3571 1087 θεῖος
3606 1025 3845 1079 ’Δπόστο-

2255 1122 2366 1187 λος,
2391 1126 2447 1175 ὲν
2474 1122 2669 1194 Ἀρείῳ
2690 1122 2850 1192 πάγῳ
2878 1121 2945 1173 τά
2972 1122 3100 1191 περὶ
3128 1120 3203 1187 ’1η
3215 1119 3319 1171 σοῦ
3357 1118 3460 1171 καὶ
3497 1105 3601 1187 τῆς
3630 1119 3845 1172 ἀναστά-

2259 1234 2394 1279 σεως
2422 1215 2821 1283 διαλεγόμενος,
2852 1213 3068 1282 ἤκουεν,
3097 1209 3162 1263 Τί
3193 1209 3268 1263 ἂν
3300 1208 3458 1261 θέλοι
3500 1208 3531 1259 6
3562 1210 3845 1278 σπερμολό-

2256 1324 2350 1375 γος
2379 1301 2531 1367 οὗτος
2559 1304 2736 1372 λέγειν
2756 1320 2771 1368 ;
2794 1302 3071 1362 Βασίλειος
3100 1300 3178 1364 δὲ,
3214 1301 3250 1369 ἡ
3283 1298 3455 1368 βάσις
3487 1298 3602 1351 τῶν
3631 1300 3842 1368 ἀρετῶν,

2256 1391 2285 1443 6
2317 1391 2487 1454 οὕτως
2508 1391 2905 1461 ύπερμαχήσας
2937 1389 3032 1443 τοῦ
3069 1388 3230 1457 ἁγίου
3265 1388 3626 1457 Πνεύματος,
3673 1388 3843 1442 ὑπενο-

2258 1486 2367 1535 εῖτο
2399 1482 2551 1549 παρά
2597 1480 2705 1533 τῶν
2746 1480 2950 1539 ἀτελῶν
2978 1479 3078 1550 τὴν
3119 1479 3399 1544 διάνοιαν,
3450 1478 3531 1549 μὴ
3580 1479 3843 1547 ὁμολογεῖν

2257 1574 2389 1627 Θεὸν
2416 1574 2477 1626 τὸ
2521 1573 2746 1642 Πνεῦμα.
2773 1573 2834 1625 τὸ
2877 1571 3064 1639 ἅγιονο
3096 1572 3254 1625 οὐδὲν
3322 1571 3486 1635 ξένον
3525 1574 3576 1624 εί
3612 1574 3705 1625 καὶ
3734 1574 3843 1645 περὶ

2258 1664 2352 1717 τοῦ
2382 1664 2618 1734 μεγάλου
2654 1665 2749 1716 καὶ
2780 1662 3008 1732 θεφόρου
3046 1663 3249 1730 ἀνδρὸς
3314 1664 3624 1733 Εὐτυχίου,
3657 1664 3752 1733 τῆς
3775 1683 3843 1718 τιο

2265 1756 2392 1825 μίας
2431 1756 2524 1808 καὶ
2557 1756 2707 1825 ἱερᾶς
2738 1754 2997 1823 κεφαλῆς,
3028 1753 3123 1806 τοῦ
3155 1753 3365 1807 στύλου
3427 1754 3531 1807 καὶ
3578 1755 3845 1823 φωστῆρος

589 1859 738 1911 sunt,
772 1848 865 1916 qui
904 1847 1126 1900 modum
1181 1846 1606 1900 resurrectionis
1664 1845 1863 1899 futurae
1904 1860 2017 1899 non
2067 1861 2157 1899 ca-

2267 1848 2359 1912 τῆς
2388 1847 2738 1917 Ἐκκλησίας,
2769 1845 2863 1899 τοῦ
2888 1845 3028 1899 κατὰ
3056 1847 3237 1900 πάντα
3276 1845 3483 1916 ὁμοίου
3516 1848 3634 1909 τοῖς
3662 1846 3841 1916 τιμίοις

589 1930 846 2011 piebant:
873 1939 1013 1993 absit
1040 1939 1188 1993 enim
1218 1947 1278 1991 ut
1312 1953 1556 2007 unquam
1592 1938 1938 1992 contrarium
1978 1952 2169 1991 sense-

590 2032 663 2085 rit
691 2033 859 2086 rectis
885 2040 1086 2085 sancta:
1101 2030 1427 2084 Ecclesiaaet
1459 2030 1771 2099 apostolica:
1800 2029 2167 2099 dogmatibus.

2262 1938 2559 2010 Πατράσιν,
2614 1937 2886 2009 ammon
2922 1955 2974 1991 1t
3013 1937 3263 1990 τοιοῦτον
3298 1938 3464 2009 παρὰ
3516 1938 3627 1990 τῶν
3675 1937 3843 2008 ληρεῖν

2260 2031 2551 2097 εἰωθότων,
2582 2030 2677 2083 καὶ
2710 2030 2785 2102 μὴ
2814 2030 3134 2100 χωρούντων
3159 2030 3255 2082 τὸν
3297 2028 3469 2097 λόγον
3498 2032 3601 2099 τῆς
3631 2030 3841 2084 ἀναστάο

592 2142 750 2187 σεως.
812 2125 903 2194 Μὴ
934 2123 1142 2189 γένοιτο
1181 2123 1287 2191 γάρ
1348 2121 1508 2173 αὑτὸν
1549 2120 1843 2173 ὑπεναντία
1890 2120 1999 2174 τῶν
2065 2120 2244 2190 ὀρθῶν
2281 2122 2570 2192 δογμάτων
2619 2122 2718 2193 τῆς
2756 2122 2919 2191 ἁγίας
2966 2121 3063 2175 καὶ
3088 2120 3477 2193 ἀποστολικῆς
3537 2123 3842 2194 Ἐκκλησίας

592 2215 1007 2285 πεφροντικέναι
1045 2213 1193 2278 ποτὲ,
1242 2213 1273 2282 ἢ
1328 2213 1387 2265 ὲν
1432 2212 1634 2267 ἆπασιν
1683 2212 1849 2266 αὑτοῦ
1898 2216 2012 2275 τοῖς
2059 2212 2259 2279 λόγοις.

657 2309 943 2364 90.ῐ)1οηω
977 2315 1104 2360 sunt
1136 2305 1416 2359 orationes
1442 2306 1561 2375 ejus
1590 2314 1907 2359 sanctorum
1933 2305 2158 2361 Patrum

592 2401 697 2454 hac
716 2398 785 2452 de
804 2413 861 2451 re
890 2396 1212 2461 sententiis;
1232 2395 1410 2463 qualis
1433 2405 1519 2450 est
1545 2397 1634 2450 illa
1662 2396 1837 2450 divini
1869 2396 2123 2466 Gregorii
2147 2414 2161 2449 :

595 2489 652 2544 Si
683 2490 807 2559 quis
829 2487 965 2541 dicit
990 2486 1269 2541 Christum
1296 2486 1370 2539 ita
1394 2503 1541 2540 nunc
1560 2486 1884 2556 deposuisse
1914 2501 2160 2553 carnem,

593 2591 656 2636 ut
689 2581 756 2635 ab
785 2595 848 2634 ea
877 2579 1137 2633 nudatam
1175 2576 1522 2631 divinitatem
1551 2585 1606 2631 et
1636 2593 1757 2632 esse
1785 2587 1843 2632 et
1867 2587 2161 2633 venturam

593 2682 822 2736 asserat,
852 2673 898 2726 is
950 2672 1219 2725 adventus
1259 2671 1386 2740 ejus
1428 2671 1659 2739 gloriam
1692 2685 1762 2723 ne
1812 2671 2019 2726 videat.
2057 2670 2162 2736 Qui

593 2769 758 2839 igitur
787 2765 905 2819 ﬁeri
943 2764 1150 2834 potuit,
1184 2774 1243 2818 ut
1275 2763 1370 2833 qui
1396 2763 1541 2817 hanc
1582 2763 1913 2817 sententiam
1946 2778 2161 2817 sermo-

590 2858 756 2912 nibus
796 2856 912 2909 suis
957 2853 1212 2915 inseruit,
1266 2853 1334 2905 ab
1384 2852 1532 2907 illius
1584 2868 1752 2908 sensu
1796 2852 2161 2923 discreparit?

592 2950 734 3005 Num
780 2947 922 3002 forte
956 2947 1117 3000 aliter
1148 2945 1425 3000 sentiebat
1463 2960 1526 3000 ac
1562 2946 1930 3015 loquebatur?
1962 2944 2154 2999 Absit!

594 3044 649 3098 Si
680 3043 729 3097 ei
756 3057 853 3096 cor
891 3056 1120 3111 pravum
1185 3055 1465 3108 nunquam
1494 3038 1742 3104 adhmsit,
1773 3038 1949 3095 multo
1983 3039 2165 3093 minus

594 3135 869 3191 sententia
890 3133 1109 3202 duplex.
1142 3131 1413 3185 Didicerat
1440 3146 1561 3199 qua:
1588 3130 1659 3185 sit
1689 3130 1859 3184 animi
1890 3138 1947 3184 et
1975 3145 2167 3199 corpo-

2339 2311 2409 2374 ιιι.
2456 2306 2740 2361 Ἀνάπλεοι
2796 2304 2906 2359 τῶν
2932 2305 3104 2374 ἁγίων
3133 2306 3415 2377 Πατέρων
3458 2306 3602 2359 εἰσὶν
3649 2309 3703 2361 αξ
3731 2307 3841 2376 περὶ

2264 2400 2453 2453 τούτου
2484 2401 2729 2471 χρήσεις,
2765 2400 2860 2453 καὶ
2889 2399 3124 2469 μάλιστα
3171 2397 3272 2454 τοῦ
3311 2398 3469 2452 θείου
3502 2400 3837 2470 Γρηγορίουὴ

2266 2492 2520 2561 λέγουσα,
2542 2492 2609 2544 Εῐ
2631 2508 2714 2554 τις
2746 2490 3130 2544 ἀποτεθεῖσθαι
3170 2489 3330 2559 λέγει
3377 2488 3481 2544 νῦν
3525 2492 3624 2561 τὴν
3661 2493 3835 2561 σάρκα,

2269 2588 2360 2639 καὶ
2393 2587 2605 2657 γυμνὴν
2630 2584 2729 2656 τὴν
2795 2584 3023 2652 θεότητα
3071 2584 3165 2638 τοῦ
3232 2584 3701 2659 προσλήμματος,
3759 2586 3837 2636 xxi

2268 2676 2407 2734 εἶναι
2438 2682 2532 2734 καὶ⁴
2571 2680 2745 2751 ἥξειν,
2781 2681 2855 2753 μὴ
2892 2681 2991 2760 ίδοξ
3025 2685 3122 2755 τὴν
3166 2684 3332 2750 δόξαν
3377 2683 3481 2752 τῆς
3528 2679 3833 2751 παρουσίας·

2270 2771 2391 2834 Πῶς
2416 2772 2444 2824 6
2478 2771 2650 2824 ταῦτα
2706 2773 3084 2844 παραθέμενος
3120 2776 3179 2828 ἐν
3228 2777 3351 2838 τοῖς
3423 2772 3624 2827 ἑαυτοῦ
3660 2770 3831 2838 λόγοις,

2266 2861 2522 2915 τάναντία
2547 2861 2750 2915 τούτων
2771 2862 3054 2929 ἐδόξαζενς
3084 2866 3159 2918 Οὐ
3191 2865 3327 2935 γὰρ,
3360 2864 3501 2919 ἄλλα
3530 2864 3628 2933 μὲν
3654 2861 3832 2926 ἔλεγεν,

2268 2950 2410 3023 εἶχεν
2463 2954 2518 3006 δὲ
2550 2954 2811 3025 φρόνησιν
2849 2955 3062 3026 ἑτέρανο
3128 2957 3203 3028 μὴ
3249 2958 3494 3025 γένοιτο.
3546 2955 3609 3007 Ei
3666 2950 3832 3021 καρδία

2271 3044 2490 3115 σκαμόὴ
2506 3045 2604 3098 οὐκ
2622 3045 2884 3117 ἐκολλήθη
2899 3047 3047 3119 αὐτῷ
3067 3065 3218 3111 ποτε,
3240 3048 3432 3120 πολλῷ
3456 3047 3620 3100 πλέον
3635 3045 3692 3099 ού
3707 3042 3833 3113 διττὴ

2269 3136 2483 3208 γνὼμηο
2501 3138 2832 3208 καταμαθὼν
2855 3139 2911 3192 δὲ
2933 3141 3133 3209 μᾶλλον
3159 3142 3261 3212 τὴν
3281 3144 3350 3195 ὲκ
3370 3142 3556 3213 ψυχῆς
3568 3158 3627 3193 τε
3647 3139 3733 3193 καὶ
3748 3135 3833 3189 σώ-

596 3228 673 3281 ris
701 3225 1044 3295 conjunctio,
1084 3232 1353 3292 quantum
1373 3221 1595 3290 quidem
1630 3221 1841 3275 homini
1880 3229 1964 3274 est
1994 3220 2163 3289 possi-

2273 3245 2439 3299 ματος
2475 3229 2742 3296 σύνθεσιν,
2765 3231 2839 3293 ὡς
2860 3232 3080 3301 ἐφικτὸν
3115 3233 3420 3305 ἀνθρώπῳ,
3452 3234 3551 3287 καὶ
3584 3235 3663 3296 τὸ,
3698 3231 3831 3284 ποίαν

596 3317 743 3383 bile;
780 3326 837 3371 et
862 3322 1026 3385 prout
1048 3316 1170 3385 ejus
1200 3314 1512 3370 ministerio
1538 3314 1756 3369 animus
1808 3313 1976 3368 fuerit
2009 3328 2163 3378 usus,

597 3410 672 3464 ita
701 3408 864 3463 simul
893 3422 1018 3461 cum
1052 3406 1146 3460 illo
1172 3406 1331 3459 bonis
1368 3405 1768 3460 immortalibus
1804 3405 1952 3470 frui;
1987 3404 2166 3474 quod-

596 3517 706 3569 que
740 3514 964 3569 corpus,
1020 3499 1066 3552 si
1098 3498 1360 3552 atllictum
1416 3507 1580 3568 atque
1615 3497 1672 3551 in
1706 3497 2030 3552 servitutem
2076 3514 2167 3550 re-

599 3593 821 3645 dactum
879 3588 1067 3649 fuerit,
1099 3588 1263 3642 simul
1299 3603 1422 3642 cum
1453 3588 1637 3642 anima
1680 3588 1853 3643 evitet
1898 3586 2168 3658 supplicia

599 3676 931 3747 88mpiterna
967 3694 980 3730 :
1007 3677 1191 3747 itaque
1219 3685 1511 3746 utrumque
1542 3678 1705 3731 simul
1732 3687 1826 3731 aut
1858 3678 2182 3731 condemne-

602 3777 695 3825 tur
714 3778 810 3824 aut
836 3778 1151 3823 coronetur.
1179 3787 1197 3820 ι
1228 3768 1455 3839 Oportet
1476 3769 1621 3822 enim
1643 3783 1832 3822 onmes
1856 3775 2035 3822 astare
2056 3776 2181 3822 ante

600 3861 841 3919 tribunal
897 3860 1126 3926 Christi,
1183 3870 1243 3915 ut
1302 3862 1530 3930 recipiat
1586 3859 1964 3929 unusquisque
2016 3866 2181 3929 prout

598 3954 773 4022 gessit
803 3954 856 4006 in
888 3968 989 4006 suo
1018 3967 1272 4021 corpore,
1307 3954 1423 4006 sive
1452 3953 1661 4006 bonum
1697 3953 1812 4006 sive
1833 3953 2038 4007 malum
2062 3953 2160 4006 διε»

597 4044 729 4112 quia
762 4054 1059 4112 utrumque
1090 4044 1146 4098 in
1183 4044 1286 4098 hac
1315 4044 1426 4097 vita
1453 4044 1618 4097 simul
1653 4052 1937 4113 operatur,
1964 4053 2022 4098 et
2046 4043 2169 4098 ideo

602 4146 899 4203 utrumque
928 4136 1091 4188 simul
1119 4143 1246 4188 ante
1281 4133 1487 4189 Christi
1526 4134 1767 4190 tribunal
1802 4134 2167 4205 comparebit.

598 4224 817 4279 Justum
842 4232 1028 4277 autem
1081 4223 1189 4276 erit
1218 4223 1462 4276 tribunal
1527 4222 1686 4287 illud,
1718 4240 1896 4293 neque
1944 4224 2019 4277 ibi
2065 4224 2171 4278 erit

602 4315 853 4384 acceptio
892 4328 1278 4383 personarum,
1320 4321 1419 4367 aut
1463 4314 1736 4384 judicium
1766 4315 1946 4368 media
1990 4316 2169 4369 solum

600 4422 669 4460 ex
707 4412 863 4474 parte
895 4404 1021 4458 liet:
1045 4404 1141 4458 sed
1177 4412 1236 4457 ut
1265 4404 1513 4473 loquitur
1556 4404 1951 4458 Ecclesiastes:
1992 4403 2173 4458 «Cun-

604 4507 691 4551 cta
730 4513 851 4567 qua:
879 4496 1017 4551 {lunt
1047 4496 1284 4551 adducet
1316 4498 1583 4551 Dominus
1650 4499 1706 4550 in
1742 4497 2009 4567 judicium
2070 4512 2171 4565 pro

2272 3319 2368 3389 μὲν
2384 3321 2646 3391 ἐργασίαν
2662 3323 3027 3378 ἐπιδείκνυται
3049 3324 3243 3396 ἡψυχὴ
3266 3326 3351 3399 [ὲν
3372 3326 3452 3395 τῷ
3476 3316 3830 3394 σώματιτῶν,]

2270 3410 2366 3465 σὺν
2384 3412 2462 3482 τῷ
2481 3412 2692 3484 σώματι
2710 3415 2779 3485 (ε)
2794 3416 2902 3470 τῶν
2918 3417 3201 3471 ἀθανάτων
3220 3418 3455 3487 ἀγαθῶν
3475 3419 3535 3470 ὲν
3564 3415 3831 3471 ἀπολαύσει

2267 3503 2475 3572 γίνεται
2498 3521 2512 3535 ο
2534 3503 2649 3569 πῶς
2673 3506 2729 3559 δὲ
2745 3509 2805 3559 τὸ
2823 3507 2981 3577 σῶμα
3004 3508 3450 3581 ὑποπιαζόμενον
3476 3510 3571 3563 καὶ
3584 3504 3831 3573 δουλαγω-

2267 3595 2364 3663 γού
2373 3612 2529 3665 μενον
2545 3596 2800 3666 ἐκφεύγει
2821 3601 2994 3670 σὺνιτῇ
3013 3600 3156 3671 ψυχῇ
3173 3601 3273 3664 τὰς
3292 3602 3553 3664 αἰωνίους
3569 3598 3828 3672 βασάνους,

2269 3686 2365 3739 καὶ
2380 3688 2462 3740 ὃτι
2480 3686 2540 3740 τὸ
2557 3689 2966 3759 συναμφότερον
2986 3692 3345 3760 στεγανοῦται
3371 3694 3406 3764 ἢ
3434 3694 3825 3764 κατακρίνεται.

2275 3792 2295 3825 ι
2320 3777 2532 3840 Πάντας
2551 3776 2658 3849 γὰρ
2675 3778 2757 3831 δεῖ
2769 3780 3147 3851 φανερωθῆναι
3168 3781 3487 3854 ἔμπροσθεν
3510 3784 3603 3837 τοῦ
3617 3783 3827 3854 βήματος

2269 3864 2361 3917 τοῦ
2390 3866 2650 3936 Χριστοῦ,
2685 3868 2771 3920 ἵνα
2799 3870 3094 3939 κομίσηται
3126 3870 3387 3936 ἕκαστος,
3443 3872 3480 3927 ἆ
3517 3872 3605 3926 διὰ
3629 3870 3716 3924 τοῦ
3746 3867 3828 3921 σῶ·

2274 3974 2441 4026 ματος
2488 3958 2745 4029 ἔπραξεν,
2776 3961 2885 4014 εἴτε
2917 3961 3117 4030 ἀγαθὸν
3143 3963 3252 4016 εἴτε
3278 3966 3487 4034 φαῦλον
3510 3983 3557 4017 Ὶ
3584 3964 3732 4032 δῆλον
3756 3962 3824 4014 ὅτι

2270 4048 2346 4109 ὡς
2370 4048 2464 4102 τοῦ
2528 4052 2938 4121 συναμφοτέρου
2973 4054 3345 4125 ἐργαζομένου
3408 4058 3553 4112 κατὰ
3604 4057 3691 4109 τὸν
3717 4053 3823 4123 τῇδε

2273 4138 2406 4209 βίον,
2441 4141 2502 4193 τὸ
2535 4145 2942 4216 συναμφότερον
2985 4147 3079 4199 καὶ
3132 4147 3449 4219 ἔμπροσθεν
3486 4149 3580 4203 τοῦ
3609 4151 3823 4219 βήματος

2270 4231 2364 4283 τοῦ
2418 4232 2654 4302 Χριστοῦ
2706 4234 2943 4291 ἵσταται.
3001 4238 3101 4293 Διὰ
3156 4242 3267 4312 γὰρ
3315 4242 3476 4295 τοῦτο
3518 4241 3717 4295 δίκαιον
3747 4235 3823 4287 καὶ

2272 4324 2771 4396 ἀπροσωπόληπτον
2818 4328 2993 4383 ἐκεῖνο
3044 4331 3103 4383 τὸ
3150 4331 3322 4402 βῆμα,
3386 4332 3576 4387 καθότι
3634 4329 3729 4382 οὐκ
3772 4323 3821 4386 ἐξ

2252 4416 2581 4486 ἡμισείαςῆ
2612 4418 2720 4471 ἀπὸ
2746 4421 2947 4490 μέρους
2984 4422 3016 4493 ἡ
3045 4422 3229 4493 κρίσις
3250 4426 3491 4493 γίνεται,
3517 4422 3646 4475 ἀλλὰ
3663 4416 3821 4475 καθώς

2275 4522 2439 4573 φησιν
2490 4507 2519 4558 6
2548 4506 3001 4581 Ἐκκλησιαστὴς,
3069 4513 3151 4564 ὅτι
3191 4513 3415 4582 σύμπαν
3466 4512 3528 4565 τὸ
3570 4509 3759 4577 ποίημα
3796 4505 3819 4554 6

599 4590 750 4645 omni
784 4589 1132 4653 abscondito,
1167 4591 1283 4644 sive
1330 4590 1561 4651 bonum,
1599 4590 1717 4644 sive
1776 4591 1982 4644 malum
2035 4589 2163 4644 illud

2275 4598 2408 4663 Θεὸς
2432 4600 2549 4668 ἄξει
2577 4604 2658 4666 εἰς
2682 4604 2885 4672 κρίσιν.
2922 4605 3139 4660 Δίκαιον
3162 4604 3257 4662 οὖν
3288 4609 3434 4663 κατά
3472 4607 3629 4661 τοῦτο
3668 4604 3820 4658 ἐκεῖν’)

596 4682 673 4735 sit
702 4670 808 4734 ".5
838 4680 994 4745 Quod
1021 4680 1245 4749 quidem
1274 4681 1546 4751 judicium
1602 4681 1726 4735 ideo
1772 4681 1981 4749 justum
2039 4683 2166 4743 erit,

600 4773 726 4843 quia
753 4782 877 4843 post
912 4774 1378 4828 resurrectionem
1410 4790 1512 4828 nec
1556 4789 1757 4842 corpus
1791 4774 1909 4827 sine
1963 4775 2166 4839 anima,

601 4879 707 4918 nec
736 4865 919 4918 anima
949 4866 1069 4919 sine
1118 4880 1376 4935 corpore,
1405 4881 1529 4919 cum
1563 4880 1673 4933 quo
1732 4863 1867 4917 vixit
1925 4880 2166 4936 semper,

598 4956 955 5025 reperietur;
995 4956 1091 5010 sed
1142 4956 1573 5010 immortalitatis
1609 4956 2024 5026 pulchritudine
2070 4958 2169 5012 de-

599 5045 885 5101 corabitur
917 5048 1098 5101 anima
1127 5049 1291 5103 simul
1324 5057 1380 5102 et
1408 5064 1630 5117 corpus.

672 5197 718 5228 ’δ
748 5196 790 5252 ll
821 5196 949 5251 Cor.
1009 5214 1065 5263 ν,
1109 5199 1189 5253 10.
1265 5201 1310 5231 ⁸⁵
1342 5200 1525 5255 Ecele.
1560 5217 1655 5265 xu,
1704 5203 1789 5256 14.

677 5356 856 5436 (z)_lta
890 5355 1410 5436 corriganquianon
1443 5356 1596 5427 potui
1640 5357 1993 5415 commodum
2041 5376 2263 5421 sensum
2322 5370 2411 5425 vid

603 5428 876 5497 κνυμένην
903 5426 1080 5496 ψυχὴν
1104 5429 1199 5479 σὺν
1230 5426 1305 5496 τῷ
1337 5426 1571 5497 σώματι.

671 5565 782 5637 (73)
826 5567 1059 5638 Propter
1115 5567 1547 5623 controversiam
1592 5584 1754 5637 quam
1803 5569 1999 5625 habuit
2046 5588 2172 5628 cum

603 5649 795 5711 sancto
841 5637 1108 5711 Gregorio
1157 5639 1385 5711 Magno,
1451 5648 1585 5711 tunc
1630 5638 2167 5711 Constantinopolim

605 5709 774 5781 misso
816 5708 1318 5781 sedi_s’_apostol_ic:e
1344 5710 1721 5781 apocrisiario.
1767 5710 1899 5763 Eam
1930 5708 2168 5781 explicat

603 5774 900 5848 Gregorius
928 5774 1141 5835 libfxw
1177 5774 1459 5835 Moralium
1490 5777 1545 5833 in
1590 5779 1713 5846 Job,
1757 5794 1877 5849 cap.
1909 5774 2169 5850 lQ.'asse-

2276 4688 2335 4740 16
2354 4692 2658 4760 κριτήριον,
2703 4692 2785 4746 ὅτι
2814 4695 2951 4763 μετά
3003 4698 3101 4766 τὴν
3161 4698 3478 4766 ἀνάστασιν,
3533 4696 3648 4750 οὔτε
3681 4694 3816 4759 σῶμα

2276 4783 2444 4851 Χωρὶς
2476 4783 2574 4852 τῆς
2597 4783 2794 4855 ψυχῆς,
2839 4785 2962 4838 οὗτε
2995 4790 3027 4856 ή
3077 4787 3221 4859 ψυχὴ
3253 4793 3419 4861 χωρὶς
3449 4789 3542 4842 τοῦ
3574 4787 3813 4856 σώματος.

2274 4873 2348 4937 ὡς
2372 4874 2684 4944 συνέζησεν,
2716 4878 2803 4930 ἀεὶ
2836 4879 3189 4951 εύρεθήσεταί
3229 4899 3385 4946 ποτε,
3415 4868 3571 4953 δῆλον
3621 4880 3695 4932 ὅτι
3720 4874 3814 4932 τοῖς

2276 4967 2374 5035 τῆς
2398 4966 2706 5039 ἀφθαρσίας
2742 4972 3259 5043 κατακοσμούμενον
3282 4976 3550 5029 κάλλεσιν.

2415 5388 2510 5429 ere
2571 5375 2626 5430 in
2686 5378 2773 5434 his
2834 5381 3021 5438 verbis
3076 5384 3333 5454 ecgraphi
3383 5385 3573 5448 nostri,
3629 5374 3805 5433 ἐπιδει-

2280 5579 2463 5659 ritque
2495 5591 2745 5638 sanctum
2767 5585 3116 5659 Eutychium,
3153 5592 3208 5647 in
3244 5596 3435 5650 ultimo
3476 5590 3672 5659 morbo,
3701 5579 3805 5654 P‘l‘

2275 5648 2382 5729 lem
2420 5665 2614 5706 manus
2654 5669 2786 5729 suae
2823 5648 3140 5727 tenentem',
3191 5648 3429 5720 dirisset
3488 5683 3504 5712 ι
3530 5648 3717 5715 Coum"
3753 5664 3797 5714 νο

2276 5725 2406 5818 3232
2428 5725 2892 5818 .2'1‘1‘8:£’3..'15‘°.
2924 5745 3090 5818 ῐιετηθ
3129 5725 3508 5818 ίεεειτίξειηυεε
3534 5751 3549 5783 ’
3573 5737 3672 5818 3‘:
3697 5740 3731 5818 (ἰ
3753 5736 3798 5775 τ’

2275 5803 2404 5845 nem
2428 5790 2836 5862 impalpabilem
2867 5798 3109 5857 futuram
3132 5790 3416 5876 scripsisse
3444 5799 3690 5874 arguitur.
3714 5812 3734 5845 ι
