4028 6498
276 441 429 510 2377

1822 441 2019 503 VITA.

3416 429 3558 498 2378

1785 578 2008 636 CAPUT
2048 576 2115 632 Χ.

1308 720 1541 787 Morbus,
1571 720 1762 784 obitus,
1792 719 2072 793 sepultura
2094 717 2266 771 sancti
2290 715 2553 789 Eutychii.

361 866 479 929 ιια’.
514 860 699 915 Ταῦτα
741 861 838 915 καὶ⁸
879 860 949 915 τὰ
979 861 1188 916 τούτων
1229 860 1542 933 ὑψηλότερα
1588 860 1886 931 φιλοσοφή-

2072 866 2162 921 91.
2204 864 2312 919 Ista
2342 871 2400 917 et
2421 861 2543 914 istis
2569 857 2898 914 sublimiora
2951 836 3199 927 eogilans
3235 862 3292 910 et
3338 852 3565 923 docens,

288 973 399 1017 σας
423 958 523 1007 καὶ
551 954 791 1020 διδάξας,
825 954 1013 1008 ἐπόθει
1048 953 1147 1025 μὲν
1180 955 1490 1025 ἐκδημῆσαι
1539 956 1606 1008 ὲκ
1637 952 1732 1006 τοῦ
1780 950 1886 1005 σώ-

289 1064 489 1117 ματος,
514 1045 814 1117 ἐνδημῆσαι
842 1045 899 1098 δὲ
923 1045 1061 1118 πρὸς
1089 1046 1182 1100 τὸν
1210 1044 1437 1117 Κύριον,
1457 1045 1553 1099 καὶ
1584 1042 1885 1114 ἐφθέγγετο

285 1139 347 1190 τὸ
368 1136 468 1190 τοῦ
484 1136 649 1190 Δαυ¹ιδ
686 1136 864 1205 λόγιον
879 1136 943 1190 τὸ
969 1139 1207 1205 φάσκον·
1256 1157 1275 1189 ε
1320 1139 1419 1191 Ὃν
1448 1137 1653 1208 τρόπον
1691 1136 1888 1189 ἐπιπο-

288 1230 377 1283 θεῖ
398 1232 432 1301 ἡ
463 1230 664 1299 ἔλαφος
698 1230 791 1283 ἐπὶ
813 1230 913 1295 τὰς
937 1230 1123 1301 πηγὰς
1149 1230 1258 1285 τῶν
1285 1230 1513 1298 ὑδάτων,
1539 1229 1716 1293 οὕτως
1763 1230 1887 1282 ὲπι-

289 1321 454 1374 ποθεῖ
480 1322 514 1390 ή
542 1321 687 1391 ψυχή
754 1337 855 1391 μου
913 1321 1051 1392 πρὸς
1097 1321 1180 1386 σὲ,
1223 1324 1252 1375 ό
1284 1322 1439 1386 Θεὸς,
1470 1341 1490 1375 ι
1522 1322 1615 1376 καί
1648 1339 1664 1355 ο
1698 1340 1717 1374 ι
1747 1321 1887 1374 Πότε

288 1416 408 1484 ἥξω
434 1415 532 1467 καὶ
551 1413 858 1483 ὀφθήσομαι
885 1412 965 1484 τῷ
1000 1414 1277 1486 προσώπῳ
1301 1415 1394 1468 τοῦ
1427 1414 1585 1468 Θεοῦ.
1626 1432 1645 1465 ι
1691 1411 1889 1469 Ἐθεώ-

294 1525 382 1578 ρει
413 1507 470 1560 δὲ
504 1509 603 1561 καὶ
631 1507 699 1561 τὰ
738 1506 1002 1578 μέλλοντα
1034 1508 1414 1579 συμϐήσεσθαι
1444 1508 1593 1562 δεινὰ
1619 1509 1683 1579 τῇ
1716 1506 1889 1578 μεγὰ-

291 1601 360 1672 λῃ
400 1601 577 1673 ταύτῃ
615 1602 792 1666 πόλει,
822 1601 909 1656 διὰ
928 1601 1028 1665 τὰς
1051 1602 1326 1673 ἁμαρτίας
1355 1602 1451 1655 καὶ
1479 1602 1548 1655 τὰ
1594 1599 1889 1672 ἐπιτηδεύ-

293 1710 450 1762 ματα
477 1692 637 1763 ἡμῶν
668 1693 739 1747 τά
771 1694 845 1767 μὴ
874 1693 1078 1762 ἀγαθὰ,
1118 1694 1215 1746 καὶ
1244 1694 1549 1764 παρεκάλει
1577 1691 1771 1754 νυκτὸς
1792 1691 1889 1745 καὶ

287 1786 513 1855 ἡμέρας
565 1785 658 1839 τὸν
702 1786 1082 1858 φιλάνθρωπον
1126 1787 1279 1851 Θεὸν,
1309 1785 1525 1858 πρῶτον
1561 1785 1661 1855 μὲν
1723 1783 1889 1854 μηδὲν

292 1876 613 1946 ἐπαχθῆναι
668 1881 736 1949 τῇ
789 1878 942 1931 πόλει
975 1878 1167 1941 κακὸν,
1195 1877 1331 1931 ἀλλὰ
1388 1877 1738 1949 παραγαγεῖν
1790 1875 1889 1944 τὴν

296 1969 772 2041 προσδοκωμένην
844 1969 930 2022 ἐπ’
962 1970 1131 2041 αὐτὴν
1182 1969 1452 2041 ἀπειλήνο
1525 1971 1588 2023 Εἰ
1640 1969 1699 2022 δὲ
1747 1985 1891 2039 παρ-

293 2060 523 2125 ακούεις
572 2079 698 2131 μου,
730 2062 919 2131 ἔλεγεν
958 2063 1095 2134 πρὸς
1123 2062 1215 2116 τὸν
1244 2063 1397 2129 Θεὸν,
1432 2062 1790 2132 Μετάστησόν
1823 2078 1891 2132 με

302 2152 403 2206 τοῦ
437 2153 573 2223 βίου,
609 2155 696 2207 ἵνα
736 2155 809 2227 μὴ
852 2155 945 2207 ῐδω
974 2156 1073 2227 τὴν
1102 2156 1350 2210 κάκωσιν
1385 2156 1575 2225 αὐτῆς.
1606 2155 1771 2208 Ὅθεν
1798 2154 1891 2207 καὶ

1987 957 2279 1015 discedere
2312 951 2575 1023 cupiebat
2597 965 2626 1005 a
2657 962 2913 1019 corpore,
2950 956 3116 1017 atque
3164 947 3234 1001 ad
3274 947 3567 1002 Dominum

1993 1048 2306 1125 proficisci;
2348 1058 2624 1115 usurpans
2644 1041 2947 1097 identidem
2978 1040 3069 1094 illa
3121 1039 3289 1094 verba
3313 1038 3569 1095 Davidis:

1994 1163 2013 1195 ι
2035 1140 2513 1211 Quemadmodum
2542 1137 2823 1193 desiderat
2853 1149 3056 1191 cervus
3079 1133 3148 1188 ad
3197 1132 3379 1188 fontes
3402 1147 3575 1202 aqua-

1988 1253 2137 1302 rum,
2164 1235 2241 1289 ita
2271 1233 2553 1289 desiderat
2581 1231 2767 1285 anima
2797 1243 2919 1283 mea
2957 1227 3025 1282 ad
3060 1236 3133 1292 te,
3166 1226 3313 1281 Deus
3333 1225 3411 1291 3‘;
3442 1244 3460 1276 ι
3493 1232 3571 1289 et,

1997 1349 2015 1381 σ
2039 1328 2273 1396 Quando
2287 1327 2506 1381 veniam
2522 1332 2579 1379 et
2596 1322 2874 1393 apparebo
2899 1327 3025 1374 ante
3041 1318 3241 1375 faciem
3269 1326 3417 1372 tuam
3445 1317 3491 1351 ⁸⁷
3514 1316 3566 1370 ⁸2»

1989 1422 2225 1477 Videbat
2278 1419 2447 1473 etiam
2513 1413 2855 1469 calamitates
2908 1426 3120 1482 magna:
3176 1410 3310 1464 huic
3361 1407 3575 1464 civitati

1991 1515 2352 1579 obventuras,
2380 1520 2436 1565 et
2456 1509 2710 1563 instituta
2733 1522 2797 1561 ac
2817 1504 3001 1560 studia
3033 1511 3221 1559 nostra
3256 1518 3369 1557 non
3393 1502 3574 1567 bona;

1992 1608 2231 1676 ideoque
2264 1605 2354 1659 die
2385 1618 2451 1657 ac
2473 1610 2635 1656 nocte
2660 1598 2995 1670 precabatur
3023 1597 3352 1652 clementem
3377 1596 3576 1659 Deum,

1993 1710 2055 1755 ut
2085 1699 2172 1753 vel
2204 1697 2382 1751 minas
2409 1695 2723 1751 remitteret
2752 1708 2816 1747 ac
2859 1690 3069 1745 civitati
3126 1691 3329 1745 malum
3363 1690 3577 1744 nullum

1993 1792 2245 1855 inferret,
2265 1790 2353 1844 vel
2385 1788 2492 1843 sibi
2530 1787 2801 1841 adimeret
2834 1784 3001 1838 vitam
3032 1798 3101 1837 ne
3124 1784 3244 1855 ejus
3266 1783 3581 1838 intueretur

1992 1883 2370 1938 alllictionem.
2394 1881 2614 1935 Etvcro
2646 1875 2965 1947 impetravit
3015 1892 3137 1947 quae
3162 1876 3343 1931 fuerat
3382 1891 3579 1947 preca-

1992 1985 2115 2031 tus:
2148 1975 2491 2030 voluntatem
2516 1973 2667 2027 enim
2697 1970 3013 2026 timentium
3049 1986 3108 2025 se
3153 1969 3283 2025 facit
3311 1969 3581 2024 Dominus

1992 2062 2347 2118 etorationes
2362 2077 2554 2117 eorum
2577 2059 2827 2123 exaudit,
2863 2068 2920 2113 et
2946 2060 3129 2113 salvos
3149 2057 3283 2112 facit
3309 2073 3405 2112 eos
3420 2058 3466 2089 ⁸⁷
3511 2056 3573 2106 3‘.

1996 2155 2312 2210 Exauditus
2335 2161 2421 2209 est
2443 2162 2627 2207 autem
2661 2166 2728 2205 eo
2762 2149 2929 2204 modo
2972 2165 3137 2220 quem
3186 2149 3396 2203 indicat
3450 2160 3582 2219 pro-

308 2246 569 2315 ἐπέτυχεν
606 2247 719 2300 τῶν
739 2223 1066 2321 Ἵαίτήσεωνίο
1097 2249 1309 2319 θέλημα
1333 2248 1443 2318 γὰρ
1470 2223 1582 2301 τῶν
1616 2246 1885 2318 φοϐουμέ-

1999 2248 2181 2318 pheta,
2204 2246 2430 2302 dicens:
2467 2246 2705 2301 «Adhuc
2738 2246 3002 2317 loquente
3057 2253 3134 2299 te.
3166 2243 3387 2299 dicam:
3437 2243 3581 2298 Ecce

307 2352 417 2389 νων
440 2338 600 2390 αὐτὸν
630 2342 776 2392 ποιεῖ
801 2342 829 2392 ό
879 2339 1106 2411 Κύριος,
1138 2341 1234 2394 καὶ
1278 2340 1379 2410 τῆς
1408 2340 1647 2410 δεήσεως
1706 2338 1887 2392 αὐτῶν

1996 2340 2193 2395 adsum
2227 2339 2292 2393 ³⁸.
2320 2357 2340 2390 ι

303 2428 606 2493 εὶσακούει,
648 2432 746 2484 καὶ
779 2431 944 2495 σώζει
978 2431 1195 2496 αὐτούς.
1229 2432 1418 2486 Ταῦτα
1479 2432 1538 2484 δὲ
1594 2430 1759 2484 αὑτοῦ
1795 2431 2240 2503 προσευχομένου
2306 2431 2402 2483 καὶ
2447 2426 2805 2495 ἱκετεύοντος,
2874 2426 3209 2500 εἰσηκούσθη
3264 2427 3585 2500 παραυτίκα

296 2521 447 2575 κατὰ
478 2523 542 2576 τὸ
574 2525 912 2595 προφητικὸν
940 2526 1138 2595 λόγιον*
1165 2544 1185 2578 ‹
1218 2528 1340 2580 Ἔτι
1367 2525 1655 2590 λαλοῦντός
1682 2542 1803 2591 σου,
1824 2525 1955 2596 ἐρῶ,
2012 2525 2167 2591 Ἰδοὺ,
2199 2524 2453 2595 πάρειμι.
2488 2543 2507 2576 ι

374 2618 489 2687 νβ’.
538 2620 870 2691 Ἐνέστηκεν
909 2622 937 2674 ὁ
971 2620 1182 2692 καιρὸς,
1205 2621 1268 2674 τὸ
1298 2620 1572 2691 πλήρωμα
1618 2619 1713 2674 τοῦ
1768 2617 1897 2690 χρό-

298 2728 430 2777 νου,
463 2715 493 2765 ὁ
524 2715 784 2783 στέφανος
814 2712 908 2766 τοῦ
940 2712 1211 2778 ἐνιαυτοῦ,
1252 2713 1454 2782 μᾶλλον
1484 2712 1543 2766 δὲ
1581 2712 1689 2765 τῶν
1714 2712 1897 2765 ἐνιαυ-

297 2807 422 2860 τῶν
446 2808 479 2876 ἡ
513 2806 838 2876 χρηστότης,
907 2807 941 2877 ἡ
1008 2805 1117 2859 τῶν
1153 2805 1359 2877 ἑορτῶν
1391 2804 1576 2875 ἑορτὴ,
1610 2803 1705 2858 καὶ
1757 2820 1897 2856 παν-

305 2899 517 2969 ήγυρις
542 2896 649 2949 τῶν
710 2895 1099 2967 πανηγύρεων,
1130 2896 1163 2967 ἠ
1206 2895 1429 2965 ἀπαρχὴ
1462 2895 1561 2965 τῆς
1599 2893 1897 2964 καθολικῆς

300 2988 684 3051 ἀναστάσεως,
715 2987 956 3059 Χριστοῦ
1004 2987 1100 3042 τοῦ
1160 2986 1298 3042 Θεοῦ
1347 2986 1506 3057 ἡμῶν
1569 2985 1892 3052 ἀνάστασις,

302 3081 436 3136 καθ’
468 3082 541 3151 ῆν
567 3080 661 3133 τὸν
686 3080 956 3134 ἐπινίκιον
986 3078 1156 3151 ὕμνον
1187 3080 1235 3133 οἱ
1268 3080 1327 3132 ὲν
1354 3078 1568 3150 οὐρανῷ
1590 3095 1649 3131 τε
1678 3078 1775 3130 καὶ
1805 3078 1899 3131 tm.

300 3176 412 3246 γῆς
443 3174 607 3227 πλέον
631 3174 850 3246 ᾄδωμεν
878 3190 893 3205 ⁸
930 3174 1062 3243 περὶ
1089 3168 1158 3245 ἦς
1186 3173 1280 3226 καὶ
1313 3174 1341 3226 ὁ
1372 3172 1512 3236 θεῖος
1540 3171 1704 3225 Δαυῖδ
1726 3171 1896 3238 λέγει,

308 3285 329 3318 ι
354 3263 512 3334 Αὕτη
544 3266 579 3336 ή
619 3265 825 3336 ἡμέρα,
865 3266 931 3335 ἢν
958 3265 1217 3335 ἐποίησεν
1245 3266 1274 3317 ὁ
1300 3264 1524 3335 Κύριος,
1556 3261 1901 3331 ἀγαλλιασώ-

304 3356 457 3428 μεθα
521 3357 617 3410 καὶ
650 3356 1052 3427 εὐφρανθῶμεν
1083 3357 1141 3410 ὲν
1174 3357 1315 3427 αὐτῇ
1346 3372 1361 3387 ⁸
1402 3354 1497 3409 καὶ
1529 3353 1899 3425 συστήσασθαι

304 3447 757 3520 παρακελεύεται
790 3449 982 3519 ἑορτὴν
1010 3449 1069 3502 ὲν
1106 3450 1220 3511 τοῖς
1253 3446 1594 3511 πυκάζουσιν
1638 3446 1743 3510 ἕως
1790 3444 1901 3498 τῶν

303 3543 566 3612 κεράτων
594 3540 691 3595 τοῦ
726 3540 1139 3612 θυσιαστηρίου,
1174 3559 1194 3593 ι
1232 3539 1479 3593 τουτέστι
1532 3538 1644 3591 τῶν
1677 3538 1901 3606 ἀγγελι-

306 3633 428 3686 κῶν
471 3633 796 3703 δυνάμεων,
834 3633 910 3696 ὡς
960 3634 1054 3686 καὶ
1105 3632 1166 3686 τὸ
1214 3632 1434 3702 σχισθὲν
1499 3632 1902 3702 καταπέτασμα

316 3726 471 3796 δηλοῖ
500 3726 563 3780 τὸ
602 3724 1094 3799 παραγυμνοῦσθαι
1142 3726 1255 3787 τοῖς
1283 3724 1376 3776 ἐπὶ
1407 3723 1514 3792 γῆς
1563 3721 1631 3775 τὰ
1649 3721 1899 3793 οὐράνια,

307 3827 407 3880 καὶ
452 3824 757 3892 δοξολογείν
825 3820 1152 3893 ὁμοφώνως,
1186 3819 1301 3874 ἀλλ’
1340 3819 1439 3890 οὐχ
1485 3816 1689 3888 ὁμοίως
1718 3819 1900 3870 πᾶσαν

2070 2619 2161 2674 92.
2186 2617 2432 2674 Instabat
2458 2617 2578 2673 dies
2611 2617 3078 2688 complementum
3137 2608 3423 2687 temporis,
3450 2617 3582 2672 anni

1995 2723 2220 2775 corona,
2293 2709 2406 2764 imo
2460 2716 2613 2763 vero
2648 2724 2922 2763 annorum
2992 2708 3245 2772 bonitas,
3310 2708 3588 2763 festivitas

1994 2799 2398 2864 festivitatum,
2447 2800 2669 2855 initium
2715 2800 3052 2855 universalis
3113 2800 3586 2863 resurrectionis,

1994 2892 2203 2949 Christi
2225 2894 2322 2949 Dei
2347 2894 2523 2949 nostri
2544 2894 2881 2950 resurrectio
2910 2893 3045 2966 (74),
3085 2895 3174 2949 cui
3199 2895 3587 2965 triumphalem

1997 2985 2264 3057 hymnum
2292 2994 2499 3041 canunt
2527 2970 2732 3042 emlum
2789 2996 2845 3040 et
2899 2997 3086 3053 terra;
3124 2986 3193 3042 de
3226 3002 3334 3057 qua
3366 2987 3591 3042 divinus

2002 3077 2177 3131 David
2209 3079 2287 3132 ait
2315 3096 2328 3132 :
2366 3099 2384 3130 ‹
2409 3078 2534 3133 Haec
2567 3079 2708 3146 dies,
2741 3095 2908 3149 quam
2936 3078 3373 3146 fecitDominus,
3406 3084 3593 3137 exsul-

1943 3219 1954 3226 .
2004 3177 2184 3224 temus
2217 3179 2274 3224 et
2303 3171 2558 3224 laetemur
2591 3168 2646 3223 in
2678 3186 2777 3224 ea:
2816 3170 3141 3224 constituite
3190 3169 3339 3225 diem
3382 3172 3590 3226 solem-

1999 3275 2129 3316 nem
2159 3262 2217 3315 in
2247 3260 2543 3315 condensis
2566 3276 2743 3330 usque
2770 3261 2839 3316 ad
2874 3276 3047 3316 cornu
3070 3262 3262 3317 altaris
3294 3264 3339 3296 δ’
3361 3281 3379 3314 ι
3405 3262 3482 3335 (id
3507 3273 3593 3319 est

2000 3367 2179 3423 usque
2202 3353 2558 3425 adangelicas
2586 3355 2876 3424 Virtutes),
2906 3355 3151 3425 quando,
3186 3356 3330 3411 sicut
3355 3356 3591 3412 scissum

2002 3462 2223 3518 quoque
2268 3448 2455 3503 velum
2508 3448 2795 3512 declarat,
2857 3449 3100 3505 revelata
3163 3458 3294 3504 sunt
3339 3451 3592 3507 caelestia

2002 3540 2355 3605 terrestibus,
2411 3555 2688 3610 suumque
2732 3540 3056 3597 Creatorem
3118 3558 3228 3597 una
3284 3542 3593 3615 eademque

2001 3648 2139 3687 voce
2205 3632 2437 3687 laudare
2502 3634 2673 3703 εαξρῆ
2724 3635 2909 3689 omnis
2965 3634 3255 3691 rationalis
3307 3645 3589 3701 creatura,

2000 3724 2157 3796 juxta
2180 3723 2315 3778 illud
2341 3742 2351 3777 :
2389 3742 2407 3774 ι
2434 3723 2556 3778 Fiat
2582 3724 2841 3780 voluntas
2873 3734 2965 3780 tua
2988 3725 3132 3782 sicut
3158 3726 3212 3780 in
3239 3726 3397 3782 coelis
3446 3736 3504 3782 et
3535 3728 3593 3782 in

2006 3827 2157 3872 terra
2182 3818 2251 3872 9°.
2282 3836 2302 3869 ι
2341 3816 2479 3873 Cum
2512 3816 2680 3888 igitur
2709 3817 2856 3873 diem
2891 3818 3037 3873 hanc
3098 3819 3390 3889 splendide
3447 3821 3595 3876 cele-

304 3918 414 3988 τὴν
444 3917 669 3986 λογικὴν
726 3914 904 3969 κτίσιν
932 3914 1024 3967 τὸν
1059 3913 1261 3982 ἑαυτῆς
1303 3910 1637 3982 δημιουργὸν
1688 3909 1782 3963 καὶ
1811 3911 1896 3961 Δε-

2008 3908 2249 3973 brasset,
2284 3910 2331 3963 is
2352 3909 2445 3979 qui
2473 3909 2541 3964 de
2565 3925 2629 3963 ea
2672 3925 2893 3981 semper
2944 3912 3165 3967 locutus
3193 3912 3394 3981 fuerat,
3448 3916 3596 3972 sicut

310 4010 543 4075 σπότην,
570 4007 714 4062 κατὰ
746 4007 829 4060 τό*
864 4025 883 4057 ε
914 4005 1207 4076 Γενηθήτω
1238 4004 1297 4057 τὸ
1347 4004 1562 4072 θέλημά
1602 4020 1698 4055 σου
1735 4002 1811 4066 ὠς
1842 4002 1896 4054 ὲν

2005 4001 2148 4055 alius
2183 4017 2379 4067 nemo;
2407 4009 2464 4056 et
2508 4002 2914 4057 sanctissimam
2969 4020 3225 4074 magnam
3282 4005 3591 4062 Eeclesiam

304 4098 530 4171 οὐρανῷ
562 4100 658 4152 καί
720 4099 813 4151 ἐπὶ
873 4097 975 4166 τῆς
1005 4095 1133 4166 γῆς.
1176 4113 1195 4145 ι
1232 4092 1454 4163 Ταύτην
1485 4090 1578 4144 οὖν
1608 4089 1704 4159 τὴν
1740 4090 1896 4157 ἁγίαν

2003 4092 2189 4147 suflitu
2239 4093 2557 4156 lustrasset,
2604 4102 2661 4149 et
2704 4105 2892 4150 sancta
2954 4095 3287 4165 baptismata
3332 4098 3593 4167 fecisset,

312 4193 517 4265 ἑορτὴν
548 4192 792 4263 φαιδρῶς
826 4192 1117 4260 ἑορτάσας,
1147 4190 1176 4241 ὁ
1204 4188 1291 4241 ἀεὶ
1319 4187 1387 4239 τά
1416 4183 1549 4257 περὶ
1597 4183 1765 4253 αὐτῆς
1812 4180 1896 4246 ἐξ·

2004 4184 2289 4240 osculatus
2337 4192 2422 4239 est
2468 4200 2662 4240 omnes
2689 4186 2981 4257 episcopos
3008 4196 3064 4242 et
3115 4189 3455 4256 sacerdotes,
3489 4191 3600 4246 im—

307 4286 456 4359 ηγού
468 4303 625 4357 μενος
652 4288 727 4348 ὡς
756 4284 917 4347 ἄλλος
955 4283 1152 4346 οὐδεὶς,
1184 4282 1284 4352 τὴν
1313 4280 1627 4350 ἁγιωτάτην
1660 4277 1896 4349 μεγάλην

2007 4285 2322 4347 peratorem
2358 4291 2580 4346 quoque
2632 4285 2689 4331 Ct
2745 4288 2999 4333 senatum
3047 4287 3213 4351 atque
3272 4283 3595 4340 universum

300 4379 403 4435 τοῦ
463 4379 599 4433 Θεοῦ
665 4377 999 4450 Ἐκκλησίαν
1054 4375 1350 4446 θυμιάσας,
1397 4371 1628 4442 ποιήσας
1685 4370 1781 4424 καὶ
1837 4370 1896 4422 τά

2008 4371 2276 4441 populum
2306 4370 2551 4436 Domini,
2584 4371 2845 4426 omnibus
2891 4388 2949 4427 se
2974 4371 3028 4426 in
3055 4373 3251 4444 spiritu
3305 4391 3595 4431 commen-

304 4474 445 4543 ἅγια
494 4472 871 4543 βαπτίσματα,
913 4470 1121 4532 πάντας
1165 4466 1559 4536 ἀσπασάμενος
1617 4464 1896 4535 ἀρχιερεῖς

2010 4462 2167 4517 dans.
2203 4464 2468 4530 Quamvis
2492 4472 2677 4519 autem
2715 4467 2905 4537 multis
2940 4468 3188 4538 ignotum
3252 4478 3402 4526 esset
3455 4471 3594 4542 quid

303 4570 402 4622 καὶ
438 4570 604 4639 ἱερεῖς
638 4566 853 4620 καὶτὸν
900 4562 1102 4618 ἑαυτοῦ
1167 4561 1390 4630 κλῆρον,
1446 4557 1527 4611 ἔτι
1565 4573 1629 4625 γε
1666 4555 1773 4627 μὴν
1801 4554 1896 4624 βα-

2009 4562 2290 4623 ageretur,
2341 4562 2399 4609 et
2459 4571 2527 4610 ex
2561 4557 2965 4611 consuetudine
3011 4557 3121 4613 diei
3162 4558 3290 4613 festi
3345 4559 3423 4613 ita
3470 4558 3595 4615 ﬁeri

304 4660 465 4713 σιλέα
516 4661 613 4712 καὶ
666 4658 972 4728 σύγκλητον
1015 4655 1111 4708 καὶ
1143 4652 1323 4707 πάντα
1370 4651 1461 4703 τὸν
1493 4648 1623 4702 λαὸν
1653 4647 1893 4718 Κυρίου,

2006 4646 2460 4715 suspicarentur;
2501 4648 2654 4704 solus
2692 4649 2809 4719 ipse
2843 4649 3055 4704 sciebat
3106 4652 3241 4721 quid
3273 4662 3483 4723 ageret.

306 4756 650 4820 συνετάξατο
707 4754 850 4809 κατὰ
895 4754 956 4807 τὸ
983 4751 1276 4822 νοούμενον
1310 4748 1497 4810 πᾶσιν,
1566 4745 1672 4799 κᾶν
1718 4745 1801 4798 ὅτι
1865 4745 1980 4806 τοῖς
2018 4742 2233 4807 πολλοῖς
2263 4743 2541 4810 ἄγνωστον
2571 4739 2639 4815 ἦν
2667 4745 2728 4798 τὸ
2757 4747 3066 4816 γινόμενον,
3095 4750 3186 4803 καὶ
3219 4750 3286 4820 τῇ
3333 4748 3597 4820 συνηθείᾳ

298 4854 408 4923 τῆς
438 4852 633 4922 ἑορτῆς
654 4849 1011 4919 άπειγόμενοι
1042 4845 1202 4899 τοῦτο
1226 4844 1400 4897 ποιεῖν
1421 4840 1583 4893 αὑτὸν
1618 4837 1868 4909 ἐνόμιζον
1896 4853 1910 4867 ·
1956 4837 2117 4900 αὐτὸς
2148 4838 2257 4909 γὰρ
2282 4838 2445 4907 μόνος
2469 4838 2586 4910 ᾔδει
2608 4838 2670 4892 τὸ
2695 4840 3002 4910 γινόμενον.

378 4954 491 5017 ια’.
531 4950 596 5002 Ὢ
630 4949 780 5016 πῶς;
809 4944 1106 5015 Ἀδακρυτὶ
1159 4941 1256 4996 νῦν
1286 4940 1461 4992 ταῦτα
1487 4936 1667 5004 λέγειν
1711 4936 1771 4987 οὐ
1802 4932 1895 4987 δύ·
1929 4938 1973 4991 ι)

300 5061 479 5113 ναμαι
512 5058 523 5070 ·
564 5039 721 5109 κάγὼ
778 5040 938 5109 γάρὸ
996 5034 1232 5098 ἐλεεινὸς
1276 5032 1419 5101 ὑπὲρ
1473 5030 1573 5100 τὴν
1606 5027 1897 5098 συνήθειαν

302 5136 501 5204 ἔτυχον
523 5131 914 5201 ἀσπασάμενος
946 5127 1009 5181 τὸ
1056 5123 1354 5195 ἁγγελικὸν
1381 5119 1547 5175 αὐτοῦ
1602 5118 1897 5188 πρόσωπον

301 5228 364 5280 ὲν
394 5227 536 5295 αὐτῇ
566 5227 634 5295 τῇ
665 5223 853 5293 ἡμέρᾳ
874 5237 888 5249 ·
919 5220 1003 5284 δὶς
1032 5219 1141 5290 γὰρ
1171 5216 1267 5270 καὶ
1298 5215 1418 5285 τρὶς
1443 5211 1607 5265 τοῦτο
1640 5209 1853 5281 πράξας
1880 5250 1896 5274 ,

302 5318 476 5389 κόρον
508 5317 609 5369 οὐκ
644 5311 809 5386 εἶχον.
856 5310 1187 5384 Ἐρωτηθεὶς
1218 5309 1275 5362 δὲ
1314 5305 1446 5377 παρ’
1477 5302 1663 5369 αὐτοῦ,
1701 5304 1766 5356 Τί
1803 5300 1898 5354 οῦ-

300 5426 418 5473 τως
454 5407 714 5468 πολλάκις
742 5404 903 5457 τοῦτο
933 5404 1146 5466 ποιεῖς;
1180 5394 1334 5452 εἷπον
1356 5395 1528 5466 αὐτῷ,
1552 5396 1626 5446 Τὸ
1657 5394 1899 5465 σήμερον

304 5502 477 5573 μόνον
508 5500 638 5569 ἔχω,
670 5498 767 5551 καὶ
823 5496 911 5549 διὰ
965 5493 1124 5547 τοῦτο
1178 5492 1302 5544 κατ’
1359 5487 1604 5559 ἐμαυτοῦ
1657 5484 1901 5556 προεφή-

296 5611 477 5649 τευσα
508 5594 557 5664 (ὃ
586 5593 695 5645 εἴθε
728 5591 803 5663 μὴ
855 5590 1119 5657 ἐπέτυχον
1167 5582 1568 5655 φθεγξάμενος)
1595 5581 1678 5633 ὃτι
1735 5578 1898 5649 μόνος

2078 4934 2167 4988 9⁸5.
2194 4934 2302 4989 Sed
2326 4950 2361 4990 ο
2420 4935 2738 5005 quomodo?
2768 4936 2891 4990 Non
2918 4935 3124 5006 possim
3152 4935 3205 4990 id
3230 4953 3377 4993 nunc
3406 4937 3594 4996 dicere

2004 5024 2127 5079 sine
2166 5026 2445 5098 lacrymis.
2475 5027 2695 5084 Etenim
2719 5028 2891 5083 miser
2917 5044 3019 5100 ego
3053 5029 3399 5099 frequentius
3424 5032 3594 5087 solito

2005 5114 2124 5185 ipsa
2158 5115 2247 5169 die
2302 5119 2656 5173 exosculatus
2685 5134 2807 5173 sum
2855 5120 3158 5191 angelicam
3206 5123 3327 5194 ejus
3356 5123 3589 5180 faciem:

1970 5240 1980 5257 .
2009 5220 2247 5277 cumque
2278 5209 2333 5264 id
2363 5210 2449 5266 bis
2479 5227 2543 5266 ac
2571 5212 2738 5267 tertio
2766 5212 3047 5281 fecissem,
3078 5215 3269 5271 satiari
3296 5233 3408 5271 non
3427 5228 3591 5287 pote-

2008 5312 2147 5351 ram:
2170 5298 2543 5373 interrogatus
2574 5316 2756 5359 autem
2784 5306 2854 5360 ab
2878 5322 2944 5362 eo
2960 5324 3061 5363 cur
3091 5309 3165 5363 ita
3185 5326 3332 5380 saepe
3364 5311 3419 5365 id
3445 5311 3595 5366 face-

2008 5406 2146 5454 rem,
2178 5402 2371 5447 contra
2390 5396 2662 5465 meipsum
2692 5398 3017 5469 prophetavi
3042 5400 3210 5471 (quod
3236 5402 3446 5455 utinam
3474 5417 3589 5456 non

2009 5482 2210 5538 fuisset
2231 5482 2266 5554 ί)
2296 5526 2310 5550 ,
2337 5486 2549 5553 dicens,
2582 5489 2711 5557 quia
2756 5490 2906 5546 hunc
2960 5492 3137 5546 solum
3173 5492 3319 5547 diem
3359 5493 3537 5547 habeo
3571 5510 3589 5548 :

2008 5576 2159 5630 solus
2181 5577 2328 5630 enim
2355 5590 2482 5633 ante
2512 5579 2694 5653 ipsum
2729 5593 2981 5639 mortuus
3012 5601 3154 5651 sum,
3175 5584 3325 5639 solus
3355 5584 3585 5639 relictus

376 5707 433 5781 κὴ
451 5706 598 5781 Ρεειι.
631 5719 739 5767 xu,
773 5700 863 5755 10.
938 5700 981 5731 ⁸⁷
1013 5698 1148 5752 ibid.
1178 5697 1231 5751 5.
1307 5694 1537 5781 ⁸⁷ξΡεει1.
1568 5706 1746 5759 cxuv,
1777 5691 1860 5745 l9.

1999 5689 2087 5744 isa.
2114 5706 2262 5759 Lvm,
2298 5695 2362 5759 7;
2405 5710 2526 5761 va,
2560 5695 2654 5751 ‘25.
2731 5698 2774 5730 ⁸³
2810 5698 2954 5755 Psal.
2986 5716 3115 5767 xm,
3144 5701 3233 5756 9.4.
3310 5701 3357 5734 ⁹⁰
3392 5700 3587 5759 Matth.

296 5795 379 5846 vr,
415 5778 503 5833 10.

380 5901 494 5971 (74)
526 5899 685 5954 Anno
705 5897 827 5961 58'2,
864 5894 969 5949 fuit
1004 5892 1211 5949 Pascha
1235 5891 1325 5946 die
1354 5892 1423 5947 29
1452 5890 1654 5959 Martii,
1698 5889 1884 5947 littera
1924 5888 2251 5946 Dominieali
2300 5890 2365 5946 D.

648 5999 916 6059 Parant.
972 5994 1089 6055 Gn.
1157 5991 1313 6053 LXX
1328 5991 1498 6054 XVI.

3039 5967 3118 6053 75
