4028 6546
578 484 720 547 9379
1638 476 1699 537 s.
1741 474 2107 536 EUTYCHII
2148 452 2651 533 pA’TRImcn/E
2690 474 2798 534 cp.
3531 500 3537 507 -
3673 479 3793 537 23w

582 593 886 663 orphanus,
918 587 1068 642 solus
1092 583 1249 639 amisi
1273 582 1569 654 pretiosam
1602 581 1973 650 margaritam,
2001 580 2150 633 solus

2262 580 2367 651 πρὸ
2396 580 2561 634 αὑτοῦ
2589 581 2951 652 νενέκρωμαι.
2980 578 3142 650 μόνος
3164 576 3406 650 ὀρφανὸς
3433 578 3784 651 κατελείφθην,

572 684 893 739 thesaurum
923 679 980 742 in
1017 693 1147 748 agro
1186 674 1472 737 abscondi,
1503 674 1653 728 solus
1683 673 1862 727 erravi
1900 682 2150 740 tanquam

2264 673 2423 743 μόνος
2471 674 2561 727 τὸν
2618 675 2985 743 πολυτίμητον
3030 672 3383 743 μαργαρίτην
3440 670 3795 743 ἁπεσαλόμην,

580 775 701 829 ovis
722 780 995 842 pastorem
1023 784 1134 823 non
1162 767 1393 829 habens,
1424 765 1576 819 solus
1608 765 1801 834 lugens
1829 771 1886 816 et
1912 774 2150 816 maerens

2262 765 2422 836 μόνος
2449 766 2539 818 τὸν
2565 764 2838 836 θησαυρὸν
2888 766 2946 817 ὲν
2998 762 3075 835 τῷ
3105 762 3261 838 ἀγρῷ
3296 760 3635 831 κατέκρυψα,
3667 765 3799 831 μόνος

572 864 868 921 obambulo
897 871 1072 917 totum
1094 860 1257 914 diem.
1284 858 1453 913 Paulo
1482 864 1603 924 post
1628 864 1809 909 autem
1826 868 2039 916 omnes,
2062 851 2150 921 qui

2259 856 2607 925 πεπλάνημαι
2639 855 2713 920 ὼς
2765 855 3036 927 πρόϐατον
3069 855 3144 925 μὴ
3189 855 3333 923 ἔχων
3382 852 3633 921 ποιμένα,
3667 856 3799 923 μόνος

574 959 847 1013 bonorum
899 953 1075 1024 ipsius
1123 950 1423 1021 participes
1455 947 1808 1009 exstiterunt,
1841 944 2013 999 verba
2063 943 2150 996 illa

2255 949 2469 1002 πενθῶν
2493 949 2586 1001 καὶ
2623 948 3034 1018 σκυθρωπάζων
3069 946 3378 1015 πορεύομαι
3407 944 3534 1015 ὅλην
3564 946 3657 1013 τὴν
3684 948 3801 1015 ἡμέ-

577 1065 791 1104 mecum
855 1044 1313 1116 pronuntiabunt,
1372 1050 1432 1095 ut
1483 1040 1769 1094 arbitror:
1807 1038 2150 1093 Exstinctum

2255 1057 2375 1111 ρανο
2402 1041 2813 1111 συμφθέγξοντά
2837 1057 2924 1109 μοι
2950 1041 3068 1109 μετ’
3085 1039 3287 1106 ὀλίγον,
3310 1038 3387 1100 ὼς
3408 1032 3578 1106 οἶμαι,
3594 1039 3695 1090 ὅσοι
3712 1040 3800 1092 τῶν

575 1148 659 1194 est
690 1139 876 1192 lumen
899 1135 1188 1190 oculorum
1216 1140 1565 1192 nostrorum,
1627 1138 1817 1197 erepta
1857 1136 1941 1182 cst
1992 1126 2150 1181 nobis

2253 1135 2460 1188 ἐκείνου
2481 1134 2745 1204 μετέσχον
2774 1133 2975 1197 καλῶν,
3007 1133 3149 1185 κατὰ
3172 1131 3234 1183 τὸ
3262 1130 3556 1200 εἰρημένον
3572 1133 3701 1183 τισὶν
3726 1132 3799 1185 λέ-

574 1230 669 1285 lux
688 1229 1017 1289 animarum,
1043 1235 1294 1296 ereptum
1323 1225 1447 1279 vita:
1470 1223 1800 1283 subsidium,
1821 1221 2150 1275 dissolutum

576 1320 884 1377 concordize
913 1318 1276 1388 signaculum,
1331 1316 1608 1370 sublatum
1637 1313 1916 1367 vinculum
1970 1312 2152 1366 chari-

576 1412 726 1475 tatis,
761 1410 1117 1463 imbecillium
1155 1406 1557 1460 ﬁrmamentum
1617 1403 1980 1458 confractum.
2017 1403 2151 1456 Pro-

576 1513 702 1573 pter
726 1511 801 1566 te,
840 1502 1021 1560 Pater.
1048 1516 1154 1553 nox
1188 1500 1353 1553 etiam
1384 1514 1492 1567 pro
1530 1497 1618 1551 die
1666 1495 2011 1566 Splendebat,
2049 1510 2148 1564 per

578 1604 729 1647 tuam
764 1592 1034 1646 illustrem
1063 1591 1232 1644 vitam
1273 1590 1600 1653 illuminata,
1637 1604 1787 1642 nunc
1818 1588 1937 1641 dies
1980 1586 2145 1641 etiam

578 1691 934 1739 convcrtctur
982 1682 1034 1736 in
1076 1680 1356 1735 tenebras.
1407 1679 1514 1733 Sed
1575 1688 1804 1733 nonest
1852 1678 2148 1748 indulgen-

578 1775 708 1829 dum
740 1772 1012 1834 lamentis,
1047 1770 1351 1840 praesertim
1380 1778 1507 1823 ante
1533 1779 1773 1838 tempus,
1805 1784 1875 1822 ne
1908 1768 2042 1822 illud
2076 1768 2144 1822 ab

574 1881 643 1921 eo
669 1864 988 1919 audiamus:
1021 1882 1037 1912 ι
1063 1861 1241 1915 Nolite
1278 1859 1407 1914 ﬁere
1434 1875 1600 1929 super
1627 1874 1714 1912 me
1745 1860 1813 1910 9‘.
1839 1877 1857 1906 ι

644 2153 736 2209 94.
761 2149 899 2207 Cum
931 2157 1104 2203 totum
1130 2148 1299 2203 divini
1318 2148 1478 2203 oﬁ'icii
1504 2147 1753 2201 ordinem
1772 2146 1947 2199 bonus
1965 2151 2151 2213 pastor

577 2244 874 2314 explesset,
906 2252 961 2297 et
984 2241 1244 2295 universo
1278 2241 1424 2295 ﬁdeli
1469 2239 1672 2309 populo
1735 2244 2148 2291 sacrosanctum

576 2334 793 2390 Domini
817 2349 1017 2403 corpus
1034 2332 1429 2394 distribuissct,
1448 2332 1503 2384 in
1527 2339 1778 2384 sanctum
1800 2327 2146 2398 episcopium

579 2441 857 2488 reversus,
889 2424 1250 2480 refectionem
1299 2422 1568 2477 modicam
1610 2436 1735 2475 cum
1766 2419 1945 2475 solitis
1989 2417 2149 2471 fami-

587 2517 822 2572 liaribus
851 2515 1088 2585 sumpsit
1109 2512 1384 2567 hilariter.
1411 2513 1542 2567 Post
1565 2512 1749 2566 cibum
1787 2518 1968 2565 autem
2023 2509 2150 2564 bre-

577 2626 813 2680 vemque
845 2610 1112 2679 quietem,
1159 2622 1283 2661 cum
1320 2605 1583 2676 Lychnici
1623 2612 1841 2673 tempus
1897 2602 2146 2665 instaret,

583 2701 922 2768 deberetque
957 2699 1147 2753 adesse
1171 2696 1350 2751 oﬂicio
1380 2695 1733 2764 vespertino;
1774 2703 1948 2749 totum
2002 2693 2150 2747 illius

578 2802 781 2857 corpus
807 2785 1332 2845 invasitcontractio
1361 2783 1608 2853 quaedam
1646 2801 1659 2836 :
1692 2782 2046 2851 quamobrem
2082 2796 2149 2834 ex

580 2877 1015 2949 religiosissimis
1045 2878 1164 2947 ejus
1198 2876 1418 2933 clericis
1439 2874 1659 2944 quidam
1691 2874 2059 2929 obsecrabant
2086 2881 2149 2927 ut

580 2971 918 3041 quiesceret.
953 2968 1059 3024 Sed
1097 2968 1265 3025 nullis
1313 2967 1575 3037 precibus
1628 2964 1814 3019 induci
1861 2963 2040 3035 potuit
2089 2971 2151 3017 ut

579 3062 648 3118 ad
701 3060 942 3116 ollicium
993 3057 1371 3128 vespertinum
1419 3071 1533 3110 non
1586 3055 1893 3113 accederet.
1950 3054 2150 3109 Sancto

580 3155 747 3225 igitur
805 3152 1015 3222 Spiritu
1077 3149 1439 3205 conﬁrmatus
1492 3148 1549 3202 in
1620 3148 1994 3203 venerandam
2052 3146 2149 3201 Dei

579 3246 881 3301 Ecclesium
910 3260 968 3298 se
995 3241 1251 3306 contulit,
1286 3240 1381 3295 ubi
1411 3240 1565 3295 illum
1587 3240 1941 3309 exspectabat
1968 3255 2147 3310 p0pu—

579 3339 700 3401 lus;
734 3337 862 3406 quia
898 3350 1089 3389 omnes
1117 3334 1294 3397 illum,
1322 3348 1538 3403 semper
1568 3332 1789 3403 quidem
1816 3341 1946 3387 tunc
1962 3342 2147 3390 tamen

592 3429 940 3500 potissimum
1004 3426 1268 3496 optabant
1308 3425 1537 3489 intueri,
1564 3424 1785 3493 quando
1818 3424 2149 3494 procedebat

581 3517 941 3588 apostolicam
981 3515 1205 3569 indutus
1233 3513 1448 3567 stolam.
1476 3514 1534 3567 ln
1549 3529 1655 3582 qua
1671 3529 1794 3567 cum
1821 3513 2154 3582 multiplices

580 3608 910 3678 vespertinae
934 3607 1168 3676 liturgizc
1190 3619 1386 3676 preces
1408 3605 1762 3675 explevisset,
1815 3620 2030 3663 sacrum
2056 3605 2140 3659 al-

594 3711 709 3756 tare
734 3701 1037 3763 osculatus,
1072 3698 1315 3755 ﬁdelium
1341 3712 1560 3768 gregem
1585 3697 1989 3752 commendavit
2017 3698 2149 3752 Deo.

582 3792 737 3846 Tunc
764 3805 833 3848 ex
867 3791 1027 3849 altari
1057 3789 1259 3844 visibili
1289 3787 1523 3843 velutad
1550 3787 1928 3849 invisibile,de
1953 3787 2157 3841 virtute

583 3885 640 3942 iu
664 3883 923 3938 virtutem
960 3880 1344 3953 progrediens,
1377 3881 1579 3935 clausis
1620 3880 1873 3934 sensibus
1895 3888 1949 3933 et
1970 3880 2160 3950 procul

580 3994 613 4035 a
644 3976 847 4047 populo
877 3990 1073 4045 preces
1142 3974 1375 4045 peregit.
1418 3973 1692 4027 Reversus
1738 3972 1935 4026 deinde
1956 3972 2009 4025 in
2037 3972 2155 4041 epi-

487 4072 494 4080 ‘
584 4069 860 4141 sc0pium,
893 4067 949 4120 in
996 4066 1201 4120 lectulo
1251 4080 1350 4119 suo
1398 4062 1683 4124 decubuit,
1731 4062 2154 4131 vehementique

582 4156 724 4213 febri
752 4156 898 4209 circa
924 4153 1160 4208 mediam
1215 4161 1435 4206 noctem
1486 4160 1779 4221 correptus
1810 4160 1930 4216 est;
1989 4159 2154 4219 atque

582 4250 659 4304 ita
691 4248 894 4307 mansit
926 4246 1047 4301 dies
1097 4256 1308 4317 septem
1357 4243 1701 4301 orationibus
1754 4243 2029 4298 continuis
2075 4241 2158 4295 in-

567 4341 869 4407 cumbens,
902 4354 1074 4409 seque
1102 4338 1257 4409 signo
1289 4336 1474 4390 crucis
1501 4335 1777 4390 muniens.

2235 1244 2457 1296 -γοντες,
2476 1225 2734 1295 Ἐσϐέσθη
2755 1225 2865 1277 τῶν
2884 1224 3177 1293 ὀφθαλμῶν
3192 1226 3223 1293 ή
3233 1223 3355 1293 μῶν
3378 1223 3407 1275 ὁ
3430 1221 3635 1291 λύχνος,
3656 1224 3802 1294 ἀπήρο

2250 1318 2316 1388 θη
2345 1318 2404 1372 τὸ
2426 1318 2539 1386 φῶς
2564 1318 2662 1387 τῆς
2691 1317 2801 1370 τῶν
2821 1317 3009 1387 ψυχῶν
3038 1316 3284 1386 ὁδηγίας,
3313 1312 3533 1383 διελύθη
3563 1314 3654 1382 τῆς
3678 1316 3800 1385 ζωῆς

2249 1410 2407 1480 ἡμῶν
2436 1412 2469 1481 ἡ
2503 1409 2781 1478 ἀσφάλεια
2810 1452 2824 1471 ,
2850 1409 2990 1480 ἤρθη
3017 1410 3050 1477 ή
3078 1408 3315 1476 σφραγὶς
3368 1408 3471 1477 τῆς
3519 1406 3799 1475 ὀνομασίας,

2248 1503 2340 1555 καὶ
2370 1502 2672 1571 διεσπάσθη
2713 1504 2741 1553 ό
2764 1502 2960 1571 δεσμὸς
3008 1501 3107 1569 τῆς
3140 1500 3368 1569 ἀγάπης
3394 1541 3409 1562 ,
3445 1499 3718 1570 συνετρίϐη
3747 1501 3796 1552 τὸ

2248 1594 2530 1662 στήριγμα
2590 1592 2697 1644 τῶν
2756 1591 3125 1645 ἀσθενούντων
3154 1606 3168 1619 ⁸
3198 1592 3292 1643 ἐπὶ
3322 1590 3419 1642 σοῦ
3450 1592 3599 1659 ἡμῖν,
3630 1591 3799 1660 Πάτερ,

2246 1685 2340 1735 καὶ
2370 1684 2465 1749 νὺξ
2489 1684 2609 1736 ἀντὶ
2630 1684 2843 1753 ἡμέρας
2872 1679 2960 1754 ἦν,
2988 1685 3045 1735 ὲν
3068 1683 3286 1753 καθαρᾷ
3313 1680 3427 1750 ζωῇ
3462 1680 3797 1750 φωτιζομένη,

2246 1774 2342 1827 νῦν
2390 1774 2445 1827 δὲ
2496 1776 2589 1828 καὶ
2621 1777 2655 1845 ή
2700 1774 2884 1846 ἡμέρα
2932 1775 3071 1844 πρὸς
3124 1772 3291 1842 ζόφον
3326 1774 3799 1842 ἀποστραφήσεται.

2258 1864 2400 1919 Ἀλλ’
2425 1866 2484 1918 ού
2544 1867 2649 1936 χρὴ
2694 1869 2806 1928 τοῖς
2849 1866 3070 1937 θρήνοις
3112 1867 3208 1918 ἐπὶ
3247 1864 3415 1916 πλέον
3457 1863 3799 1932 ὲναπομένειν,

2175 1954 2223 2011 Β
2252 1956 2345 2008 καὶ
2377 1956 2609 2025 μάλιστα
2662 1956 2772 2025 προ
2816 1955 2911 2009 τοῦ
2968 1954 3199 2026 καιροῦ,
3230 1956 3321 2007 ἵνα
3378 1954 3455 2023 μὴ
3508 1952 3798 2022 ἀκούσωμεν

2251 2048 2382 2116 παρ’
2415 2046 2603 2100 αύτοῦο
2645 2067 2663 2100 ι
2706 2049 2797 2117 Μὴ
2833 2047 3049 2101 κλαίετε
3084 2049 3171 2100 ἐπ’
3196 2047 3320 2117 ἐμέ.
3357 2067 3375 2097 ι

2250 2154 2261 2192 t
2322 2138 2423 2205 ιβ’.
2456 2138 2758 2208 Πληρώσας
2790 2134 2883 2193 οὖν
2911 2138 3009 2209 τὴν
3057 2138 3207 2191 θείαν
3234 2140 3421 2191 πᾶσαν
3449 2137 3802 2205 λειτουργίανὸ

2260 2230 2465 2301 ποιμὴν
2491 2233 2518 2284 ὀ
2548 2231 2732 2295 καλὸς,
2758 2231 3019 2301 μεταδοὺς
3041 2230 3136 2282 καὶ
3160 2229 3255 2281 τοῦ
3286 2228 3562 2300 ἁχράντου
3590 2231 3677 2281 καὶ
3693 2228 3801 2293 ζωο-

2249 2322 2404 2376 ποιοῦ
2458 2322 2708 2392 σώματος
2759 2323 2853 2377 τοῦ
2925 2323 3130 2393 Κυρίου
3178 2322 3340 2392 ήμῶν
3386 2321 3558 2392 Ἰησοῦ
3598 2323 3799 2392 Χριστοῦ

2250 2420 2414 2471 παντί
2432 2418 2509 2488 τῷ
2536 2419 2714 2490 πιστῷ
2736 2419 2872 2490 λαῷ,
2902 2420 3143 2475 ἀνελθὼν
3182 2422 3261 2485 είς
3297 2421 3359 2474 τὸ
3393 2420 3591 2487 εὐαγὲς
3612 2421 3801 2474 ἐπισκο-

2250 2512 2422 2574 πεῑον,
2455 2510 2749 2580 μετέλαϐεν
2794 2511 3023 2583 μετρίας
3051 2515 3282 2581 τροφῆς,
3301 2511 3439 2582 μετά
3462 2511 3569 2564 τῶν
3593 2512 3799 2581 συνήθως

2249 2601 2395 2672 αύτῷ
2429 2602 2874 2672 συνεστιωμένων
2908 2603 3121 2675 φαιδρῷ
3147 2603 3225 2674 τῷ
3267 2603 3566 2674 προσώπῳ.
3597 2604 3734 2657 Μετὰ
3754 2603 3797 2655 δὲ

2247 2694 2344 2765 τὴν
2389 2695 2594 2763 τροφὴν
2650 2694 2844 2764 μικρὸν
2885 2694 3250 2766 καθευδήσας,
3284 2695 3476 2765 ἐπειδὴ
3496 2694 3795 2763 γέγονεντοῦ

2247 2789 2525 2859 Λυχνικοῦ
2556 2791 2768 2859 καιρὸς,
2800 2791 2893 2844 καὶ
2922 2791 2985 2861 δὴ
3032 2791 3343 2858 ὀφεέλοντος
3389 2792 3552 2844 αὑτοῦ
3590 2807 3797 2859 παραγεο

2249 2882 2433 2935 νέσθαι
2483 2884 2564 2945 είς
2609 2882 2705 2951 τὴν
2767 2883 3059 2952 έσπερινὴν
3113 2882 3491 2953 λειτουργίαν,
3524 2883 3709 2953 ἤρξατό
3730 2900 3795 2945 τις

2253 2973 2485 3043 συστολὴ
2516 2974 2761 3042 γίνεσθαι
2790 2973 2913 3026 καθ’
2948 2974 3071 3026 ὅλου
3098 2973 3195 3026 τοῦ
3236 2974 3492 3045 σώματος
3520 2974 3692 3027 αὐτοῦ.
3719 2974 3794 3024 Τι-

2248 3066 2337 3128 νὲς
2362 3066 2417 3118 δὲ
2441 3066 2549 3119 τῶν
2575 3066 2987 3120 εύλαὸεστάτων
3018 3066 3298 3135 κληρικῶν
3340 3067 3675 3136 παρεκάλουν
3710 3066 3789 3118 αὖα

2248 3156 2340 3209 τὸν
2372 3158 2566 3226 μικρὸν
2622 3157 2896 3225 ἀνεθῆναι.
2929 3155 3107 3208 Πολλὰ
3151 3156 3207 3209 δὲ
3250 3156 3691 3226 δυσωπήσαντες,
3714 3155 3793 3207 οὐκ

2254 3248 2482 3317 ῐσχυσσν
2530 3249 2715 3300 πεῖσαι
2780 3246 2855 3316 μὴ
2916 3246 3197 3300 κατελθεῖν
3231 3248 3397 3301 αύτὶν
3434 3250 3513 3311 εἰς
3547 3248 3637 3317 τὴν
3663 3248 3793 3300 ἑσπε-

2258 3338 2409 3409 ρινὴν
2435 3338 2799 3408 λειτουργίαν.
2845 3338 3271 3406 Ἐνδυναμωθεὶς
3294 3338 3352 3391 δὲ
3395 3340 3498 3392 ὑπὸ
3536 3339 3625 3391 τοῦ
3666 3338 3792 3405 ἁγίου

2256 3428 2593 3499 Πνεύματος.
2624 3432 2955 3500 παρεγένετο
2981 3433 3059 3493 εἰς
3096 3433 3201 3501 ⁴τὴν
3232 3432 3394 3500 ἁγίαν
3430 3431 3521 3484 τοῦ
3574 3429 3694 3483 Θεοῦ
3724 3429 3793 3479 ἐκ-

2260 3521 2489 3591 κλησίαν
2510 3538 2523 3553 ⁸
2555 3517 2623 3591 ἦν
2672 3522 2779 3591 γὰρ
2825 3523 2919 3576 καὶ
2943 3524 2972 3575 ὀ
3027 3523 3153 3579 λαὸς
3197 3524 3512 3594 προσδοκῶν
3532 3524 3698 3583 αὑτὸν,
3726 3520 3791 3571 ὅτι

2262 3613 2463 3675 πάντες
2490 3611 2799 3680 ἐπεθύμουν
2831 3612 3049 3682 βλέπειν
3076 3614 3263 3677 αὑτὸν,
3288 3616 3377 3668 ἀεὶ
3402 3615 3517 3684 μὲν,
3539 3612 3790 3679 ἐξαιρέτως

2260 3698 2315 3751 δὲ
2343 3699 2438 3770 τὴν
2462 3699 2823 3770 ἁποστολικὴν
2846 3702 3198 3772 ἐνδεδυμένον
3229 3703 3424 3773 στολήν
3449 3719 3461 3732 ·
3497 3703 3609 3771 μεθ’
3635 3697 3694 3772 ἦς
3715 3699 3789 3752 καὶ

2260 3790 2554 3862 πληρώσας
2580 3792 2677 3854 τὰς
2707 3792 3076 3864 πολυτρόπους
3115 3795 3411 3865 έσπερινὰς
3439 3794 3617 3862 εὐχὰς,
3640 3793 3783 3844 ἀσπα-

2262 3881 2495 3950 σάμενός
2517 3899 2576 3935 τε
2602 3882 2661 3935 τὸ
2692 3884 2843 3951 ἆγιον
2869 3883 3254 3955 θυσιαστήριον
3276 3926 3289 3949 ,
3324 3885 3438 3952 ἅμα
3480 3885 3532 3936 δὲ
3564 3885 3650 3936 καὶ
3690 3898 3777 3933 συν

2258 3973 2556 4042 ταξάμενος
2588 3975 2648 4027 τὸ
2673 3975 2863 4029 πιστὸν
2906 3975 3156 4045 ποίμνιον
3188 3977 3268 4045 τῷ
3300 3975 3442 4045 Θεῷ,
3467 3975 3674 4043 ἐξῆλθεν
3706 3970 3787 4040 μὲν

2259 4063 2352 4116 τοῦ
2381 4065 2657 4134 ὁρωμένου
2682 4066 3087 4136 θυσιαστηρίου,
3114 4068 3171 4132 ἐξ
3195 4068 3367 4136 αὐτῆς
3391 4068 3447 4119 δὲ
3476 4067 3662 4137 τρόπον
3691 4062 3791 4115 τινα

2262 4155 2628 4226 παρεπέμφθη
2681 4156 2760 4223 τῷ
2797 4157 2965 4226 νοερῷ
3014 4157 3409 4229 θυσιαστηρίῳ,
3442 4161 3503 4211 ὲκ
3550 4157 3791 4223 δυνάμεως

2262 4245 2341 4304 είς
2362 4241 2609 4313 δύναμιν,
2638 4245 2695 4297 ὲν
2735 4237 2779 4310 ᾧ
2810 4245 2910 4308 τὰς
2928 4245 3092 4314 εὐχὰς
3128 4248 3398 4305 ἐπετέλει.
3434 4246 3579 4317 μύων
3610 4246 3687 4297 ἀεὶ
3708 4242 3789 4301 τὰς

2264 4333 2567 4405 αἰσθήσεις,
2598 4335 2851 4403 ἐκδημῶν
2877 4336 2995 4399 ὅλος
3046 4336 3421 4405 ἐξιστάμενος.
3458 4326 3790 4389 ’Ᾱνελθὼνοῦν

584 4435 665 4496 εἱς
710 4434 772 4485 τὸ
804 4433 1000 4500 εὐαγὲς
1043 4431 1413 4490 ὲπισκοπεῖον,
1441 4428 1698 4499 ἀνεκλίθη
1728 4429 1811 4490 εἰς
1870 4427 1969 4497 τὴν
2004 4426 2197 4479 ἑαυτοῦ
2236 4428 2448 4496 κοίτην,
2517 4428 2613 4480 καὶ
2662 4428 2791 4497 περὶ
2843 4429 2905 4482 τὸ
2957 4429 3309 4503 μεσονύκτιον
3363 4430 3630 4484 εἰσέϐαλεν
3669 4422 3789 4488 αὐτῷ

588 4526 883 4597 σφοδρῶςή
912 4524 1085 4586 νόσος.
1112 4522 1366 4591 Ἐμεινεν
1411 4519 1465 4572 δὲ
1522 4519 1695 4583 οὕτως
1729 4520 1826 4582 τὰς
1848 4520 1987 4573 ἑπτὰ
2024 4517 2259 4589 ἡμέρας,
2301 4518 2470 4588 μηδὲν
2528 4518 2657 4575 ἄλλο
2718 4521 2887 4574 ποιῶν
2916 4522 2949 4591 ἢ
2978 4524 3254 4591 πράττων,
3320 4525 3369 4581 εί
3436 4522 3508 4595 μή
3554 4520 3695 4590 μόνον
3719 4514 3793 4567 εὖ.

588 4618 835 4689 χόμενος,
858 4614 952 4667 καὶ
973 4613 1329 4675 ἀδιαλείπτως
1354 4612 1950 4684 κατασφραγιζόμενος.

648 4708 737 4762 95.
762 4706 988 4761 Interim
1011 4705 1079 4761 ad
1104 4705 1511 4776 religiosissimi
1540 4704 1891 4775 imperatoris
1936 4701 2149 4757 Tiberii

2329 4702 2433 4767 ἣτ’.
2479 4702 2629 4759 Ἐπεὶ
2660 4703 2840 4756 τοίνυν
2864 4703 3176 4757 ἐπετείνετο
3209 4705 3275 4758 τὰ
3308 4708 3405 4775 τῆς
3435 4706 3603 4764 νόσου,
3628 4701 3656 4768 ἧ
3681 4698 3790 4767 μᾶλ-

585 4815 748 4855 aures
776 4799 1049 4869 pervenit,
1072 4798 1283 4852 intendi
1311 4799 1423 4851 vim
1455 4797 1631 4852 morbi
1660 4814 1672 4852 :
1701 4796 1796 4865 qui
1831 4811 1895 4851 ea
1911 4811 1970 4850 re
1998 4795 2154 4849 valde

584 4891 960 4959 perturbatus,
997 4888 1329 4943 intermissis
1371 4887 1630 4941 omnibus
1670 4886 1927 4941 civilibus
1980 4885 2151 4947 curis,

586 4978 655 5031 de
682 4977 775 5031 illo
801 4977 963 5031 unice
998 4976 1294 5041 sollicitus,
1328 4977 1477 5031 misit
1509 4976 1993 5049 prazstantissimos
2042 4992 2153 5031 me-

584 5068 757 5132 dicos,
814 5068 908 5137 qui
960 5076 1221 5122 curarent
1270 5083 1421 5132 eum,
1473 5084 1644 5137 aquo
1686 5070 1843 5123 multi
1902 5068 2151 5137 variique

581 5158 766 5213 morbi
822 5158 999 5212 curati
1034 5157 1272 5213 fuerant.
1306 5159 1375 5212 Et
1421 5158 1477 5211 hi
1510 5158 1736 5227 quidem
1780 5160 1904 5230 plus
1934 5175 2001 5213 cx
2054 5159 2152 5213 do-

584 5250 761 5304 ctrina
788 5250 911 5319 ejus
952 5259 1321 5319 perceperunt
1351 5250 1565 5313 auxilii,
1619 5267 1782 5319 quam
1819 5251 1921 5320 ipsi
1955 5260 2154 5305 contu-

586 5343 800 5396 lerunt:
829 5341 1098 5410 siquidem
1128 5342 1340 5396 nullum
1372 5343 1477 5397 sibi
1522 5359 1715 5413 passus
1761 5352 1845 5397 est
1897 5342 2150 5397 adhiberi

584 5434 1069 5497 medicamentum,
1100 5432 1353 5487 dicenszr
1379 5435 1716 5503 Praeceptum
1744 5435 1946 5503 posuit,
1968 5442 2023 5487 et
2044 5450 2151 5487 non

2255 4790 2345 4844 λον
2403 4795 2578 4844 εἰπεῖν
2628 4794 2696 4847 τὰ
2731 4795 2828 4864 τῆς
2863 4794 3202 4864 μεταθέσεως
3246 4795 3433 4857 αὑτοῦ,
3468 4790 3689 4861 ἐγνώσθη
3715 4788 3788 4840 καὶ

2256 4883 2336 4954 τῷ
2390 4884 2606 4939 εὐσεϐεῖ
2670 4885 2879 4956 βασιλεῖ
2927 4887 3197 4957 Τιϐερίῳ·
3234 4888 3292 4950 ὃς
3333 4888 3426 4943 καὶ
3461 4884 3691 4955 μεγάλως
3715 4896 3788 4932 τα-

2264 4975 2483 5044 ραχθεὶς
2516 4978 2607 5028 ἐπὶ
2637 4977 2714 5048 τῷ
2738 4978 3026 5047 συμϐάντι,
3046 4980 3226 5042 πάσας
3254 4981 3355 5041 τὰς
3379 4976 3650 5035 πολιτικὰς
3676 4974 3787 5023 ἀπο-

2263 5065 2489 5135 θέμενος
2542 5068 2849 5137 φροντίδας,
2879 5071 3008 5139 περὶ
3063 5073 3226 5125 αὐτοῦ
3292 5072 3451 5147 μόνου
3493 5062 3782 5137 ἐφρόντιζεν,

2264 5156 2488 5225 πέμψας
2519 5160 2611 5209 καὶ
2657 5159 2764 5210 τῶν
2791 5161 2990 5230 ἰατρῶν
3028 5163 3154 5225 τοὺς
3203 5163 3482 5232 πρώτους,
3515 5156 3785 5227 ὀφείλοντας

2268 5249 2547 5318 ἰατρεῦσαι
2575 5252 2664 5304 τὸν
2693 5253 2860 5306 πολλὰ
2889 5255 2982 5306 καὶ
3004 5256 3235 5325 διάφορα
3264 5256 3406 5322 πάθη
3443 5254 3721 5316 ἰασάμενον*
3743 5239 3781 5291 οἳ

2265 5344 2359 5394 καὶ
2393 5344 2588 5411 μᾶλλον
2618 5344 2923 5411 ὠφελοῦντο
2961 5346 3048 5397 διὰ
3079 5349 3175 5414 τῆς
3202 5346 3365 5397 αὐτοῦ
3393 5342 3600 5409 διδαχῆς
3619 5379 3631 5396 ,
3654 5335 3781 5401 εἴπερ

2263 5433 2362 5483 οὐκ
2420 5434 2662 5501 ίάτρευον
2726 5435 2891 5487 αὑτοῦ
2947 5437 3005 5486 τὸ
3038 5435 3195 5504 σῶμα
3225 5453 3238 5467 ο
3271 5437 3331 5487 ού
3364 5436 3467 5502 γὰρ
3490 5422 3715 5499 ἠνέσχετό
3739 5436 3778 5471 τι

551 5578 554 5582 .
583 5527 1000 5598 prazteribit’":
1032 5546 1048 5576 ι
1087 5526 1359 5580 medicum
1390 5527 1568 5580 hach
1603 5526 1792 5589 alium,
1822 5526 1913 5593 qui
1946 5542 2030 5580 mc
2056 5541 2150 5578 suo

2260 5522 2499 5591 ἰατρικὸν
2520 5527 2865 5594 προσαγὰγαι
2895 5524 2971 5595 τῷ
3000 5524 3229 5597 σώματι,
3249 5527 3359 5579 ἀλλ’
3383 5526 3574 5589 ἔλεγενο
3597 5538 3612 5567 ι
3635 5512 3778 5582 Πρόσ-

587 5617 853 5671 arbitratu
916 5616 1149 5671 curabit.
1206 5617 1303 5671 llis
1338 5617 1567 5681 auditis,
1611 5617 1908 5684 imperator
1962 5632 2156 5685 magno

586 5726 710 5763 cum
741 5708 1017 5764 desiderio
1049 5720 1103 5763 ct
1153 5710 1257 5764 tide
1288 5710 1477 5763 invisit
1499 5710 1719 5764 beatum
1750 5708 1947 5772 virum,
1982 5709 2158 5776 primo

2256 5634 2441 5686 ταγμα
2498 5618 2664 5683 ἔθετο,
2706 5622 2800 5672 καὶ
2844 5621 2903 5671 ού
2948 5621 3363 5688 παρελεύσεται·
3402 5638 3419 5669 ‹
3458 5617 3559 5687 ἔχω
3611 5604 3775 5675 ἰατρδν·

2259 5708 2351 5760 7-1"-
2416 5708 2490 5772 ὡς
2545 5710 2609 5762 ἂν
2665 5710 2808 5781 αὐτῷ
2856 5712 3062 5784 δοκοίη,
3134 5710 3421 5783 θεραπεύει
3495 5722 3573 5777 με.
3626 5695 3777 5749 Ταῦτα

657 5869 701 5902 ἰ
734 5868 865 5922 Luc.
895 5883 1039 5929 xxut,
1074 5867 1165 5925 “'28.
1254 5869 1318 5901 ⁹²⁹
1345 5868 1486 5922 Psal.
1518 5882 1731 5933 cxavm,
1760 5867 1811 5923 8.
