4028 6484
283 533 416 600 ΣΞὸΙ

1810 534 2007 595 VlTA.

3379 540 3519 603 238?.

278 647 520 719 μαθὼνδ
549 646 825 717 βασιλεὺς,
865 646 1005 718 μετὰ
1038 646 1235 701 πολλοῦ
1268 646 1436 702 πόθου
1485 647 1580 701 καὶ
1614 646 1848 709 πίστεως

1953 644 2178 715 quidem
2207 653 2269 699 ut
2297 644 2366 700 ab
2388 645 2481 699 illo
2511 644 2954 704 benedictionem
2992 650 3295 720 acciperet;
3318 655 3520 711 deinde

275 737 524 807 μεγάλης
538 734 701 808 ἦλθεν
716 738 851 808 πρὸς
865 738 955 792 τὸν
973 738 1262 809 μακάρων,
1281 737 1493 808 πρῶτον
1508 737 1605 808 μὲν
1631 737 1850 806 εὐλογη-

274 827 441 897 θῆναι
465 829 555 882 ὐπ’
572 827 761 894 αὐτοῦ,
779 828 972 883 ἔπειτα
1000 830 1093 882 καὶ
1114 828 1397 883 πείθεσθαι
1414 830 1547 899 παρ’
1569 830 1735 884 αὐτοῦ
1757 828 1850 882 τὸν

269 918 562 988 ὀφείλοντα
596 921 712 991 μετ’
738 920 901 973 αὐτὸν
918 920 1170 989 γενέσθαι
1201 920 1438 990 ποιμένα
1466 921 1561 974 καὶ
1594 919 1687 974 τοῦ
1719 918 1847 972 λαοῦ

270 1011 612 1081 προστάτην.
653 1011 712 1063 '0
741 1011 799 1064 δὲ
825 1012 915 1063 τὸν
944 1011 1167 1082 βασιλέα
1193 1010 1517 1081 ηὐλόγησεν,
1557 1010 1616 1063 τὸ
1646 1010 1702 1063 δὲ
1732 1010 1849 1062 ἓτε-

271 1118 371 1173 ρον
398 1104 813 1172 ἁπεσιώπησεν·
854 1102 953 1172 οὐχ
1003 1103 1080 1166 ῶς
1128 1102 1357 1171 ἀγνοῶν,
1397 1102 1532 1155 ἀλλὰ
1575 1101 1665 1155 διά
1696 1118 1849 1161 τινας

267 1195 457 1258 αἰτίας
480 1195 581 1248 οὐκ
607 1192 761 1249 εἶπεν
784 1237 801 1261 ,
823 1194 889 1258 ἃς
915 1195 1075 1258 αὐτὸς
1095 1195 1394 1263 ἐγίνωσκεν
1423 1193 1513 1247 διά
1556 1194 1651 1247 τοῦ
1708 1194 1847 1246 ἁπο-

268 1288 619 1358 καλύψαντος
646 1288 795 1359 αὐτῷ
839 1287 996 1343 Θεοῦ.
1031 1287 1342 1358 Διαλεχθεὶς
1375 1285 1467 1340 οῦν
1512 1285 1593 1356 τῷ
1641 1285 1851 1355 βασιλεί

265 1381 345 1435 τὰ
371 1381 655 1448 πρέποντα
684 1381 779 1433 καὶ
803 1379 898 1434 τοῦ
921 1379 1117 1449 καιροῦ
1150 1379 1463 1449 ἐπιτήδεια,
1500 1376 1640 1447 μετὰ
1671 1377 1848 1446 χαρᾶς

264 1469 480 1539 πολλῆς
526 1471 622 1523 καὶ
657 1469 825 1539 ἱλαρῷ
884 1469 1164 1540 προσώπῳ
1210 1470 1533 1539 εὐλογήσας,
1577 1467 1849 1521 ἀπέλυσεν

262 1560 458 1615 αὐτόν.
506 1560 593 1623 Ὠς
625 1561 679 1615 δὲ
712 1562 919 1631 ἥκουσα
945 1562 1097 1629 παρά
1129 1577 1292 1614 τινων
1328 1561 1438 1613 τῶν
1466 1559 1561 1613 τοῦ
1588 1558 1849 1628 βασιλέως

262 1654 570 1718 κοιτώνων,
594 1654 675 1706 ὃτι
722 1650 879 1706 εἶπεν
923 1653 1002 1723 τῷ
1050 1653 1259 1723 βασιλεῖ
1294 1653 1388 1705 καὶ
1426 1649 1524 1723 τὴν
1550 1650 1715 1704 αὐτοῦ
1749 1667 1849 1720 με·-

260 1747 535 1799 τάστασιν
569 1747 628 1798 έν
662 1746 816 1815 τάχει
850 1746 1064 1814 μέλλειν
1089 1743 1330 1809 ἔσεσθαι,
1371 1744 1506 1812 ὅπερ
1554 1741 1652 1795 καλ¹
1687 1742 1850 1809 γέγο-

262 1854 365 1889 νεν
395 1852 409 1866 ·
446 1837 585 1906 μετὰ
635 1836 744 1907 γὰρ
786 1838 1055 1906 τέσσαρας
1107 1838 1282 1907 μῆνας
1330 1836 1565 1907 μετέστη
1604 1834 1699 1889 τοῦ
1733 1834 1847 1905 βίου

261 1930 314 1983 Τ
322 1930 545 2002 ιϐέριος,
578 1932 605 1982 6
630 1930 970 2001 φιλόχριστος
1003 1930 1276 1999 βασιλεύς.

1953 745 2016 791 ιιι
2082 736 2415 806 intelligeret
2457 739 2583 807 quis
2636 747 2761 808 post
2812 740 2969 794 illum
3024 753 3210 811 pastor
3265 758 3521 804 recturus

1952 836 2100 884 esset
2147 830 2433 898 populum.
2494 831 2617 901 Ipse
2672 841 2857 887 autem
2916 833 3234 903 imperatori
3290 841 3515 909 quidem

1951 921 2252 987 benedixit,
2297 925 2534 978 alterum
2584 941 2718 980 vero
2762 925 2991 981 reticuit
3047 940 3273 998 propter
3324 949 3519 992 causas

1951 1015 2242 1083 quasdam,
2271 1017 2553 1072 revelante
2582 1020 2716 1082 Deo,
2748 1019 2853 1073 sibi
2891 1029 3068 1075 notas.
3100 1024 3289 1094 Itaque
3326 1029 3404 1081 rei
3454 1046 3518 1083 ac

1950 1106 2185 1175 tempori
2212 1121 2455 1177 congrua
2486 1123 2611 1162 cum
2636 1108 2967 1178 imperatore
2994 1110 3231 1177 locutus,
3264 1118 3516 1173 eumdem

1949 1209 2047 1249 sua
2108 1196 2495 1253 benedictione
2551 1200 2825 1255 munitum
2879 1201 3112 1266 dimisit,
3180 1208 3333 1262 vultu
3394 1211 3519 1267 laeto

1950 1294 2116 1357 atque
2153 1287 2341 1343 hilari.
2364 1290 2480 1361 Ego
2507 1290 2711 1348 deinde
2736 1308 2803 1347 ex
2833 1295 3168 1363 quibusdam
3218 1299 3517 1370 imperato-

1950 1377 2030 1431 ris
2053 1377 2425 1434 familiaribus
2471 1382 2657 1451 accepi
2696 1384 3121 1452 praenuntiatam
3166 1388 3217 1442 ei
3261 1405 3291 1444 a
3326 1406 3517 1448 sancto

1948 1469 2073 1524 viro
2127 1485 2252 1526 esse
2288 1481 2524 1527 mortem
2582 1475 2847 1530 celeriter
2885 1477 3271 1537 advenientem
3301 1499 3315 1537 :
3351 1501 3515 1554 quam

1947 1560 2362 1629 praedictionem
2409 1565 2790 1635 comprobavit
2819 1578 3086 1625 eventus:
3132 1588 3259 1627 nam
3313 1575 3519 1633 Christi

1949 1653 2363 1709 amantissimus
2415 1655 2716 1726 imperator
2749 1670 2989 1729 quatuor
3029 1673 3157 1732 post
3208 1680 3427 1724 menses
3476 1685 3508 1724 θ

1947 1744 2088 1800 vivis
2114 1745 2253 1801 abiit
2281 1746 2414 1818 (75).

346 2040 464 2101 kg’.
485 2035 673 2089 Πᾶσαν
689 2033 781 2088 οῦν
801 2034 901 2105 τὴν
920 2033 1191 2105 ἑϐδομάδα
1208 2032 1493 2103 διαμείνας
1518 2032 1575 2084 ὲν
1598 2033 1665 2102 τῇ
1688 2029 1848 2084 ἀσθε-

2026 2023 2117 2079 96.
2141 2024 2315 2081 Porro
2360 2042 2485 2083 cum
2537 2037 2706 2086 totam
2750 2032 3152 2090 hebdomadam
3206 2049 3521 2108 mgrotasset

266 2126 395 2197 νείᾳ
422 2127 451 2179 6
479 2112 685 2187 άπλοῦς
709 2124 800 2177 τὸν
846 2124 1045 2194 τρόπον
1070 2124 1167 2177 καὶ
1198 2121 1484 2190 πολυειδὴς
1512 2120 1612 2190 τὴν
1647 2118 1849 2187 κυὸέρ-

273 2232 452 2286 νησιν,
483 2217 512 2268 6
572 2213 733 2283 σοφὸς
782 2213 875 2266 τὸν
907 2212 1066 2283 λόγον
1098 2213 1194 2266 καὶ
1256 2211 1566 2283 σοφώτερος
1609 2213 1710 2281 τὴν
1736 2210 1851 2263 διά-

280 2323 447 2374 νοιαν,
479 2307 507 2358 ὁ
529 2305 705 2376 μέγας
745 2304 1115 2376 πατριάρχης,
1150 2302 1361 2367 πάντας
1391 2301 1651 2370 εὐλογῶν,
1682 2301 1850 2354 πᾶσιν

271 2400 588 2471 εὐχόμενος,
613 2398 926 2470 ἐρρωμένος
955 2394 1196 2451 τδννοῦν
1217 2395 1408 2466 μέχρις
1438 2394 1673 2479 ὲδδόμης
1700 2393 1851 2463 ὥρας

267 2494 381 2563 τῆς
408 2490 860 2561 δευτεροπρώτης
887 2487 1175 2558 Κυριακῆς
1201 2487 1393 2558 (ἐχρῆν
1438 2486 1547 2555 γάρ
1573 2485 1672 2555 τὴν
1702 2484 1850 2537 ἐϐδό-
1894 2504 1899 2507 ·

261 2600 386 2652 μην
407 2583 700 2653 ενεργῆσαι
738 2584 836 2652 τῆς
883 2580 1303 2650 καταπαυσίμου
1364 2578 1431 2632 τά
1479 2577 1605 2648 ῐδια)
1640 2576 1847 2640 πάντας

258 2676 575 2746 εὐλογήσας
600 2675 677 2740 ὡς
704 2675 874 2730 πάλαι
910 2675 1043 2728 ποτὲ
1082 2672 1277 2727 Ἰακὼὸ
1314 2672 1441 2734 τοὺς
1469 2670 1621 2734 υἱοὺς
1655 2668 1844 2735 αὐτοῦ,

257 2765 478 2838 ἐξάρας
509 2768 596 2820 καὶ
625 2767 789 2830 αὐτὸς
818 2768 847 2819 6
870 2767 992 2829 νέος
1023 2763 1219 2818 Ἰακὼϐ
1271 2763 1399 2826 τοὺς
1433 2761 1601 2824 πόδας
1649 2759 1840 2822 αὐτοῦ,

258 2859 408 2926 περὶ
438 2857 662 2927 ἑννάτην
690 2856 723 2927 ἧ
747 2856 981 2925 δεκάτην
1003 2853 1176 2925 ὥραν,
1202 2853 1282 2914 εἰς
1298 2853 1483 2922 χεῖρας
1508 2845 1601 2901 τοῦ
1628 2845 1763 2899 Θεοῦ
1788 2845 1849 2899 τὸ

257 2948 493 3020 πνεῦμα
519 2947 684 3002 αὐτοῦ
725 2947 1015 3019 παρέθετο,
1059 2946 1117 2998 ὲν
1141 2945 1303 3015 γήρει
1334 2940 1488 3012 καλῷ
1534 2937 1848 3001 καταλύσας

257 3042 366 3095 τὸν
396 3042 530 3112 βίον,
553 3041 647 3094 καὶ
679 3042 791 3104 τοῖς
823 3040 1044 3105 ἄγουσιν
1085 3036 1248 3091 αὐτὸν
1300 3033 1554 3103 άγγέλοις
1587 3032 1691 3086 οὐκ
1730 3032 1847 3084 άει-

257 3134 378 3197 δῶς
404 3133 769 3204 ἑναποψύξας,
799 3132 907 3185 ὑπὸ
929 3132 1030 3201 τῆς
1046 3128 1304 3200 οὐρανίας
1336 3128 1431 3180 καὶ
1449 3127 1562 3181 ἄνω
1587 3141 1851 3195 χοροσταο

260 3225 394 3289 σίας
446 3225 713 3295 ὑπεδέχθη
750 3225 846 3278 σὺν
873 3220 1157 3293 παρρησίᾳ
1195 3217 1389 3289 πολλῇ.
1440 3218 1564 3279 Πῶς
1588 3215 1647 3269 δὲ
1689 3213 1849 3267 τοῦτο

1949 2124 2195 2179 sanctus,
2230 2117 2465 2189 simplex
2502 2123 2773 2190 moribus,
2799 2126 2894 2181 sed
2918 2128 3260 2197 gubernandi
3292 2132 3521 2188 scientia

1949 2204 2256 2275 multiplex,
2287 2210 2509 2279 sapiens
2543 2213 2599 2267 in
2626 2215 2833 2280 verbis,
2858 2217 2955 2271 sed
2987 2220 3290 2288 sapientior
3318 2238 3519 2289 sensu;

1948 2307 2204 2367 magnus,
2250 2301 2509 2372 inquam,
2574 2308 2891 2375 patriarcha
2943 2311 3280 2382 Eutychius,
3336 2325 3521 2371 mente

1952 2388 2112 2444 Iirma
2136 2392 2309 2447 Deum
2338 2404 2597 2464 precatus
2640 2414 2743 2467 pro
2777 2401 3075 2466 universis,
3121 2420 3298 2475 usque
3343 2408 3411 2461 ad
3442 2424 3523 2463 se-

1948 2481 2179 2549 ptimam
2241 2485 2431 2541 horam
2495 2488 2794 2547 Dominicae
2858 2495 3105 2551 secundo
3159 2498 3349 2566 prima:
3397 2511 3523 2570 post

1948 2572 2158 2630 Pascha
2201 2576 2313 2648 (76)
2372 2580 2760 2649 (conveniebat
2798 2585 2945 2640 enim
2993 2599 3053 2642 ut
3094 2592 3328 2659 septima
3384 2592 3520 2650 liora

1946 2676 2237 2755 perageret
2264 2684 2329 2724 ea
2365 2686 2488 2741 quae
2540 2682 2673 2729 sunt
2721 2677 2922 2746 quietas
2950 2678 3349 2738 obdormitioni
3391 2700 3523 2755 pro-

1946 2753 2090 2825 pria)
2120 2766 2245 2825 post
2284 2757 2735 2819 benedictionem
2788 2768 3005 2823 cunctis
3047 2768 3338 2837 datam,ut
3386 2753 3519 2829 olim

1947 2844 2078 2903 ﬁliis
2135 2851 2255 2907 suis
2305 2851 2460 2908 dedit
2500 2854 2696 2921 Iacob,
2731 2873 2911 2914 novus
2965 2860 3080 2930 ipse
3122 2863 3293 2919 Jacob
3348 2867 3520 2935 pedes

1946 2942 2232 3000 extendit:
2271 2954 2328 3001 et
2353 2947 2502 3003 circa
2523 2964 2723 3005 nonam
2758 2963 2857 3007 aut
2898 2953 3167 3011 decimam
3230 2958 3426 3014 horam
3459 2960 3514 3015 in

1945 3049 2142 3091 manus
2197 3038 2413 3094 Domini
2449 3045 2859 3100 commendavit
2905 3048 3163 3116 spiritum
3225 3067 3408 3118 suum,
3460 3066 3517 3109 et

1946 3124 2239 3183 discedens
2265 3145 2333 3184 ex
2358 3131 2461 3186 hac
2493 3133 2604 3188 vita
2629 3134 2684 3189 in
2706 3146 2990 3194 senectute
3012 3139 3177 3206 bona,
3208 3143 3277 3198 ab
3306 3146 3518 3215 angelis

1945 3217 2015 3272 ad
2048 3220 2301 3275 cmlestes
2331 3222 2533 3280 choros
2566 3235 2651 3280 est
2682 3228 3023 3286 sublevatus.
3069 3231 3358 3306 Quomodo
3413 3253 3516 3293 au-

259 3318 435 3371 πλέον
510 3317 785 3387 ἔγνωμεν;
849 3313 945 3366 Ἐκ
993 3311 1102 3365 τῶν
1164 3309 1491 3379 συμϐάντων
1546 3304 1846 3378 τηνικαῦτα

1951 3319 2060 3367 tem
2094 3312 2151 3367 id
2184 3312 2449 3385 deinceps
2481 3320 2878 3387 cognovimus?
2923 3322 3126 3394 Utique
3160 3304 3225 3380 ex
3297 3326 3517 3384 duobus

258 3410 365 3466 δύο
391 3411 706 3481 θαυμάτων.
748 3407 944 3461 Ἦνίκα
968 3406 1077 3477 γὰρ
1103 3404 1211 3458 ἀπὸ
1232 3403 1328 3456 τοῦ
1366 3401 1668 3472 σώματοῖὴ
1696 3398 1845 3469 ψυχὴ

260 3502 584 3574 διεζεύχθη,
626 3503 933 3572 συμφώνως
972 3501 1079 3561 πᾶς
1104 3499 1132 3551 6
1160 3496 1288 3558 λαὸς
1334 3497 1392 3547 ὲν
1447 3498 1513 3564 τῇ
1557 3493 1847 3563 ἐκκλησία,

264 3598 334 3650 τὸ
356 3597 505 3666 μέγα
541 3596 720 3662 Κύριε
746 3592 1007 3661 ἐλέησον
1038 3589 1299 3662 ἔκραζον·
1328 3585 1609 3656 Κυριακοῦ
1641 3602 1699 3637 τε
1727 3583 1850 3637 τότε

272 3688 667 3760 πληρώσαντος
692 3689 792 3757 τὴν
816 3687 911 3741 τοῦ
935 3685 1207 3756 Αυχνικοῦ
1231 3681 1527 3742 λιτανείαν.
1547 3679 1643 3733 καὶ⁸
1668 3676 1851 3731 εἰπόν-

268 3798 386 3846 τος·
405 3781 657 3852 Ἐλέησον
679 3782 822 3852 ἡμᾶς
865 3782 894 3833 6
921 3779 1073 3842 Θεὸς,
1100 3776 1241 3832 κατὰ
1265 3777 1326 3829 τὸ
1362 3775 1508 3845 μέγα
1537 3772 1686 3833 ἔλεός
1712 3786 1805 3822 σου
1833 3785 1847 3799 ·

266 3872 515 3942 δεόμεθά
545 3889 665 3937 σου,
692 3871 886 3942 Κύριε,
916 3870 1221 3923 ἐπάκουσον
1237 3867 1331 3920 καὶ
1346 3866 1588 3931 ἐλέησον.
1606 3864 1873 3951 Προτραη

276 3965 406 4028 πεὶς
436 3961 526 4018 οὖν
558 3967 589 4018 6
639 3964 833 4025 πιστὸς
880 3961 1007 4025 λαὸς
1056 3959 1162 4013 ὑπὸ
1191 3956 1288 4010 τοῦ
1330 3952 1686 4025 Λειτουργοῦ,
1714 3951 1852 4022 μετὰ

271 4058 529 4126 κραυγῆς
556 4056 783 4125 ἰσχυρᾶς
810 4052 946 4126 πρὸς
982 4051 1116 4105 Θεὸν
1141 4048 1457 4117 ἀνέπεμψεν
1483 4046 1583 4116 τὴν
1610 4044 1705 4097 τοῦ
1729 4060 1852 4096 ποι-

270 4146 445 4215 μένος
488 4162 547 4197 τε
582 4145 676 4197 καὶ
721 4141 1042 4197 διδασκάλου
1091 4140 1255 4209 ἁγίαν
1283 4138 1482 4209 ψυχὴν,
1532 4134 1705 4197 οῦτως
1756 4132 1850 4185 τοῦ

265 4234 618 4304 κυϐερνήτου
649 4232 784 4286 Θεοῦ
827 4232 1219 4300 διοικήσαντος.
1257 4229 1355 4291 Τις
1380 4228 1481 4280 οὐκ
1527 4225 1594 4279 ἂν
1638 4221 1851 4291 Θαυμά-

266 4344 431 4381 σειεν
463 4327 649 4387 τοῦτο;
678 4325 802 4389 Πῶς
828 4325 872 4377 δ’
899 4319 967 4377 αὖ
1000 4320 1162 4374 πάλιν
1186 4320 1246 4374 τὸ
1290 4319 1495 4389 ἕτερον,
1521 4317 1668 4378 ὅπως
1704 4313 1855 4367 οὐδε-

265 4420 367 4482 νὸς
397 4418 507 4471 τῶν
530 4415 970 4487 ὲπανορθούντων
986 4415 1036 4467 οἱ
1060 4411 1327 4482 ὀφθαλμοὶ
1349 4410 1382 4479 ἢ
1405 4414 1464 4462 τὸ
1487 4408 1669 4461 λοιπὸν
1694 4406 1855 4475 σῶμα

265 4510 657 4581 προσεδέοντο,
704 4507 956 4576 καθάπερ
1002 4506 1095 4558 ἐπὶ
1127 4503 1222 4558 τοῦ
1278 4504 1423 4556 κατὰ
1460 4500 1619 4569 φύσιν
1645 4497 1853 4566 γίνεται

264 4604 473 4661 ῦπνου.
503 4601 613 4654 τῶν
657 4600 920 4670 ὀμμάτων
972 4601 1086 4660 τοῖς
1113 4594 1400 4666 βλεφάροις
1433 4592 1717 4661 εὐκόσμως
1775 4589 1856 4644 δι-

1949 3417 2072 3472 ᾳυιε
2096 3411 2227 3458 tunc
2259 3406 2539 3476 contigere
2564 3408 2758 3478 signis.
2806 3411 3012 3466 Eodem
3044 3414 3321 3484 siquidem
3377 3427 3516 3474 tem-

1949 3509 2105 3564 pore,
2146 3510 2257 3563 quo
2317 3496 2469 3552 illius
2515 3500 2695 3554 anima
2742 3503 3140 3574 sejungebatur
3182 3524 3214 3563 a
3264 3524 3516 3580 corpore,

1952 3586 2247 3642 universus
2279 3590 2519 3659 populus
2548 3592 2603 3646 in
2624 3593 2860 3650 ecclesia
2890 3598 3152 3654 clamavit
3174 3602 3322 3657 clara
3346 3618 3517 3659 voce:

1950 3676 2117 3747 Kyrie
2155 3679 2387 3743 eteison;
2445 3692 2737 3751 postquam
2792 3685 3009 3741 scilicet
3051 3687 3521 3747 bebdomadarius

1951 3772 2320 3826 lucernariam
2352 3773 2465 3843 (77)
2492 3776 2867 3843 precationem
2922 3779 3216 3837 absolvens
3248 3782 3519 3840 dixisset:

1958 3861 2245 3916 «Miserere
2265 3863 2988 3931 nostri,Domine,miserere
3006 3874 3200 3939 nostri,
3218 3878 3523 3934 secundum

1953 3967 2202 4023 magnam
2244 3954 2681 4009 misericordiam
2731 3966 2914 4014 tuam:
2945 3960 3197 4028 Domine,
3230 3967 3429 4021 exaudi
3468 3981 3525 4024 et

1953 4044 2283 4098 miserere.»
2324 4044 2480 4099 Tunc
2526 4061 2725 4117 nempe
2789 4062 3091 4108 conversus
3140 4055 3196 4109 in
3243 4072 3339 4112 eas
3388 4075 3527 4130 quas

1953 4135 2196 4191 diximus
2221 4151 2387 4191 voces
2416 4139 2671 4208 populus,
2698 4155 2897 4210 magno
2938 4158 3063 4197 cum
3114 4147 3377 4216 clamore,
3431 4169 3528 4223 pa-

1953 4227 2121 4282 storis
2165 4236 2331 4297 atque
2365 4227 2608 4283 doctoris
2648 4231 2735 4284 sui
2789 4233 3027 4287 animam
3096 4240 3402 4296 transmisit
3458 4243 3526 4297 ad

1952 4317 2151 4384 Deum,
2176 4318 2297 4389 ipso
2324 4318 2400 4373 ita
2436 4334 2550 4374 rem
2600 4320 2941 4378 moderante.
2973 4326 3109 4391 Quis
3165 4328 3220 4383 id
3267 4346 3378 4386 non
3434 4334 3530 4388 ad-

1953 4409 2229 4464 miretur?
2254 4409 2390 4476 Quis
2414 4427 2522 4465 non
2556 4411 2687 4466 item
2719 4413 2881 4479 illud,
2913 4416 3061 4485 quod
3108 4434 3211 4474 nec
3239 4422 3385 4476 oculi
3426 4440 3531 4479 nec

1956 4500 2182 4569 reliquae
2209 4502 2463 4571 corporis
2484 4510 2669 4571 partes
2708 4506 3034 4576 cujusquam
3086 4525 3253 4580 opera
3300 4530 3528 4589 compo-

1956 4592 2155 4647 nendae
2196 4592 2456 4659 fuerunt;
2516 4609 2641 4647 cum
2688 4595 2768 4649 illi
2822 4598 3044 4666 quidem
3096 4602 3201 4656 sub
3252 4607 3531 4677 palpebris

263 4693 688 4764 αληλιμμένων,
716 4692 823 4744 τῶν
857 4690 914 4745 δὲ
939 4689 1160 4760 χειλέων
1190 4685 1486 4758 προσφυῶς
1505 4683 1848 4754 μεμυκότων,

1956 4687 2094 4747 suis,
2125 4684 2292 4739 sicuti
2319 4685 2645 4741 naturaliter
2661 4685 3069 4746 dormientibus
3098 4696 3298 4763 solent,
3329 4698 3529 4757 decore

263 4788 370 4839 καὶ
420 4785 621 4857 χειρῶν
669 4782 960 4853 εὐπρεπῶς
1007 4777 1426 4850 ὲπεζευγμένων
1480 4777 1560 4847 τῷ
1624 4776 1849 4848 στήθει·

263 4879 432 4932 πᾶσά
455 4896 515 4931 τε
538 4880 571 4948 ἡ
597 4876 690 4931 τοῦ
730 4875 981 4946 σώματος
1013 4873 1182 4937 Θέσις,
1225 4870 1553 4942 αὐτομάτως
1595 4870 1740 4924 κατὰ
1791 4868 1853 4923 τδ

262 4969 557 5040 εὔσχημον
594 4966 957 5039 άρμοσθείσα,
1017 4965 1170 5018 οὐδὲν
1232 4962 1334 5033 τῆς
1365 4962 1474 5014 τῶν
1503 4960 1851 5031 κοσμούντων

263 5062 461 5132 χειρὸς
484 5059 758 5114 ὲπεδέετο.
788 5057 1078 5129 Θαυμάσαι
1097 5054 1277 5108 τοίνυν
1309 5052 1481 5120 ἄξιον,
1507 5051 1623 5115 πῶς
1644 5053 1678 5123 ἡ
1731 5053 1850 5105 θεία

347 5264 468 5337 (75)
500 5261 685 5337 ‘Addo
718 5269 777 5316 et
829 5268 957 5315 octo
1001 5257 1201 5337 diebus
1231 5276 1247 5324 ;
1273 5274 1399 5312 nam
1462 5259 1750 5315 Tiberium
1786 5259 1853 5315 M

265 5329 511 5406 Augusti
533 5342 839 5406 Amortuum
871 5345 992 5406 esse
1022 5329 1284 5406 diximus.

350 5398 465 5476 (76)
519 5402 860 5476 ϐτωοθίτῆς
920 5398 1367 5476 δε-υτεροπρώτης
1423 5400 1852 5476 Κυριακῆςηοίι

268 5470 497 5530 Latinis
519 5475 797 5528 Dominica
830 5473 884 5525 in
913 5470 1077 5533 Albia,
1110 5470 1225 5523 sive
1256 5472 1429 5539 prima
1448 5479 1561 5539 post
1612 5470 1838 5531 Pascha,

266 5547 487 5600 Graecis
515 5545 790 5598 Dominica
833 5558 965 5595 nova
993 5544 1025 5609 ἠ
1077 5541 1193 5602 νέα,
1227 5541 1396 5595 etiam
1424 5541 1652 5595 dicitur.
1695 5541 1842 5593 Alla—

268 5618 395 5671 tius
418 5617 470 5669 in
524 5613 909 5669 dissertatione
945 5610 1013 5665 de
1042 5609 1344 5664 Dominicis
1392 5620 1448 5664 et
1484 5609 1844 5665 hebdomadi—

271 5686 388 5739 bus
407 5686 777 5740 recentiorum
804 5682 1143 5744 Graecorum,
1165 5681 1319 5736 addit
1342 5680 1681 5737 Dominicam
1700 5678 1847 5735 Tho-

272 5771 385 5809 mas
401 5757 608 5815 vocari.
626 5751 1000 5822 abEvangelio
1020 5760 1102 5815 ;et
1118 5751 1186 5805 ab
1198 5751 1394 5822 ordine
1416 5750 1845 5822 Dominicaru_m,

277 5842 515 5895 quarum
558 5826 735 5895 prima
764 5819 912 5895 nunc
950 5831 1250 5895 censentur
1280 5821 1396 5893 ipsa
1430 5820 1724 5895 Dominica_
1751 5819 1850 5895 Pa-

279 5888 622 5959 sclialis,dici
640 5894 979 5950 secundam.a
997 5907 1105 5962 qua
1125 5888 1386 5962 deinceps
1398 5888 1853 5962 sequentest'crim

287 5957 502 6021 DOIllCn-
521 5965 811 6035 accipiant,
861 5957 1051 6017 contra
1107 5977 1271 6032 quam
1316 5957 1437 6016 fieri
1478 5957 1603 6017 ante
1646 5957 1853 6015 Pascha

1958 4776 2366 4841 conderentur;
2395 4775 2548 4830 labra
2571 4786 2755 4833 autem
2786 4783 3047 4838 conclusa
3080 4793 3136 4839 et
3173 4802 3368 4844 manus
3402 4801 3530 4846 ante

1959 4875 2153 4940 pectus
2176 4868 2516 4937 complicatae
2548 4870 2953 4939 invenirentur,
2991 4887 3049 4929 et
3089 4885 3266 4933 totum
3325 4896 3530 4953 corpus

1958 4972 2155 5032 sponte
2176 4977 2275 5017 sua
2306 4970 2416 5016 tam
2441 4963 2863 5020 convenientem
2890 4968 3059 5023 situm
3110 4973 3433 5043 accepisSet,
3469 4986 3531 5032 ut

1956 5053 2165 5109 nullius
2212 5068 2407 5109 manus
2439 5054 2521 5109 illi
2554 5054 2725 5112 fuerit
2756 5058 3136 5129 admovenda;
3166 5064 3262 5119 sed
3295 5081 3526 5137 appare-

1956 5258 2274 5322 Consucvit,
2314 5259 2535 5328 quando
2565 5259 2718 5315 feria:
2759 5260 2964 5316 Graecis
2999 5267 3360 5324 nominantur
3384 5287 3413 5324 a
3440 5288 3524 5327 se-

1955 5328 2150 5410 quenti
2197 5329 2502 5410 Dominica.
2548 5331 2792 5410 Videtur;
2834 5333 2925 5387 hic
2952 5334 3371 5410 δευτοροπρώτη
3410 5341 3521 5396 dici

1955 5398 2412 5468 Secundo-prima,
2453 5402 2615 5455 sicuti
2674 5402 2727 5455 in
2756 5404 3003 5459 Romano
3062 5398 3371 5463 Breviario'
3400 5410 3523 5465 dies

1949 5486 1979 5522 a
2033 5467 2171 5549 festo
2218 5469 2274 5524 S.
2326 5470 2551 5541 Agnetis
2601 5472 2663 5524 2|
2725 5473 2972 5529 Januarii
3017 5487 3247 5531 vocatur
3304 5480 3520 5549 Agnetis

1947 5539 2198 5592 secundo.
2383 5539 2395 5541 ἡ
3236 5582 3241 5587 .

2037 5608 2149 5689 (ῃ)
2179 5609 2366 5689 (ὶτὲοο
2396 5610 2702 5689 ,κυριακόῇ
2757 5615 2913 5682 quasi
2971 5615 3337 5689 Dominicalis,
3371 5620 3517 5688 quod

1953 5677 2200 5748 qualibet
2254 5677 2537 5735 Dominica
2616 5677 2964 5738 minarentur
3028 5686 3355 5741 clericorum
3389 5677 3519 5743 'seu

1954 5749 2399 5821 presbyterorum
2427 5751 2575 5805 vices
2602 5753 2820 5806 dicendi
2870 5754 3334 5821 praxlicationem.
3386 5758 3523 5811 Heb-

1956 5819 2325 5896 doquarjum
2352 5830 2532 5896 tamen
2579 5819 3177 5896 _vertcre_1i1aluimus:
3218 5843 3324 5896 qua
3362 5844 3520 5892 Voce.

1958 5888 2023 5941 ad
2058 5888 2477 6013 sigtntigcandum
2503 5892 2663 5963 cujus
2684 5907 2762 5948 eae
2786 5892 2937 5949 vices
2966 5904 3112 5960 sunt,
3139 5888 3339 5952 chorus
3366 5888 3519 5952 Latii

1962 5973 2067 6013 nus
2093 5975 2124 6013 u
2156 5974 2169 6011 ι
2238 5974 2283 6013 r.

1962 5973 2067 6013 nus
2093 5973 2283 6014 υιιιατ.
