  <div class='ocr_page' id='page_1' title='image "/cluster/home/n/w/nwhite01/storage/ocr_20150623/86:2/hvd.32044012719696/321.png"; bbox 0 0 3970 6508; ppageno 0'>
   <div class='ocr_carea' id='block_1_1' title="bbox 543 520 686 583">
    <p class='ocr_par' dir='ltr' id='par_1_1' title="bbox 543 520 686 583">
     <span class='ocr_line' id='line_1_1' title="bbox 543 520 686 583; baseline -0.014 0"><span class='ocrx_word' id='word_1_1' title='bbox 543 520 686 583; x_wconf 80' lang='lat'><strong>2383</strong></span> 
     </span>
    </p>
   </div>
   <div class='ocr_carea' id='block_1_2' title="bbox 1629 512 2777 577">
    <p class='ocr_par' dir='ltr' id='par_1_2' title="bbox 1629 512 2777 577">
     <span class='ocr_line' id='line_1_2' title="bbox 1629 512 2777 577; baseline 0.003 -3"><span class='ocrx_word' id='word_1_2' title='bbox 1629 514 1689 577; x_wconf 91' lang='lat' dir='ltr'><strong>S.</strong></span> <span class='ocrx_word' id='word_1_3' title='bbox 1726 512 2088 573; x_wconf 85' lang='lat' dir='ltr'><strong>EUTYCHII</strong></span> <span class='ocrx_word' id='word_1_4' title='bbox 2126 513 2630 575; x_wconf 78' lang='lat' dir='ltr'><strong>PATRIARCHIE</strong></span> <span class='ocrx_word' id='word_1_5' title='bbox 2669 517 2777 577; x_wconf 89' lang='lat' dir='ltr'><strong>CP.</strong></span> 
     </span>
    </p>
   </div>
   <div class='ocr_carea' id='block_1_3' title="bbox 3664 516 3809 581">
    <p class='ocr_par' dir='ltr' id='par_1_3' title="bbox 3664 516 3809 581">
     <span class='ocr_line' id='line_1_3' title="bbox 3664 516 3809 581; baseline 0 0"><span class='ocrx_word' id='word_1_6' title='bbox 3664 516 3809 581; x_wconf 72' lang='lat'>2384</span> 
     </span>
    </p>
   </div>
   <div class='ocr_carea' id='block_1_4' title="bbox 546 625 2120 700">
    <p class='ocr_par' dir='ltr' id='par_1_4' title="bbox 546 625 2120 698">
     <span class='ocr_line' id='line_1_4' title="bbox 546 625 2120 698; baseline -0.005 -11"><span class='ocrx_word' id='word_1_7' title='bbox 546 644 632 688; x_wconf 91' lang='lat' dir='ltr'><strong>ret</strong></span> <span class='ocrx_word' id='word_1_8' title='bbox 663 627 954 686; x_wconf 86' lang='lat' dir='ltr'><strong>divinioris</strong></span> <span class='ocrx_word' id='word_1_9' title='bbox 975 627 1174 683; x_wconf 73' lang='lat' dir='ltr'><strong>anima:</strong></span> <span class='ocrx_word' id='word_1_10' title='bbox 1193 641 1335 698; x_wconf 90' lang='lat' dir='ltr'><strong>opus</strong></span> <span class='ocrx_word' id='word_1_11' title='bbox 1358 642 1483 683; x_wconf 89' lang='lat' dir='ltr'><strong>esse</strong></span> <span class='ocrx_word' id='word_1_12' title='bbox 1507 626 1682 697; x_wconf 86' lang='lat' dir='ltr'><strong>ipsam</strong></span> <span class='ocrx_word' id='word_1_13' title='bbox 1703 627 1854 681; x_wconf 83' lang='lat' dir='ltr'><strong>illam</strong></span> <span class='ocrx_word' id='word_1_14' title='bbox 1877 625 2120 695; x_wconf 87' lang='lat' dir='ltr'><strong>corporis</strong></span> 
     </span>
    </p>
   </div>
   <div class='ocr_carea' id='block_1_5' title="bbox 2227 625 3808 700">
    <p class='ocr_par' dir='ltr' id='par_1_5' title="bbox 2228 626 3808 700">
     <span class='ocr_line' id='line_1_5' title="bbox 2228 626 3808 700; baseline 0.002 -22"><span class='ocrx_word' id='word_1_15' title='bbox 2228 626 2410 697; x_wconf 80' lang='grc' dir='ltr'>ἐκείνη</span> <span class='ocrx_word' id='word_1_16' title='bbox 2443 626 2589 698; x_wconf 80' lang='grc' dir='ltr'>ψυχὴ</span> <span class='ocrx_word' id='word_1_17' title='bbox 2612 627 2674 681; x_wconf 84' lang='grc' dir='ltr'><strong>τὸ</strong></span> <span class='ocrx_word' id='word_1_18' title='bbox 2703 626 2903 696; x_wconf 79' lang='grc' dir='ltr'>ἑαυτῆς</span> <span class='ocrx_word' id='word_1_19' title='bbox 2934 626 3094 699; x_wconf 82' lang='grc' dir='ltr'>σῶμα</span> <span class='ocrx_word' id='word_1_20' title='bbox 3116 627 3508 700; x_wconf 83' lang='grc' dir='ltr'>προετύπωσεν</span> <span class='ocrx_word' id='word_1_21' title='bbox 3531 644 3546 659; x_wconf 74' lang='grc' dir='ltr'><strong><em>ο</em></strong></span> <span class='ocrx_word' id='word_1_22' title='bbox 3573 628 3733 693; x_wconf 73' lang='grc' dir='ltr'>ἀλλὰ,</span> <span class='ocrx_word' id='word_1_23' title='bbox 3756 631 3808 681; x_wconf 82' lang='grc' dir='ltr'><strong>τί</strong></span> 
     </span>
    </p>
   </div>
   <div class='ocr_carea' id='block_1_6' title="bbox 542 718 2118 792">
    <p class='ocr_par' dir='ltr' id='par_1_6' title="bbox 542 718 2118 792">
     <span class='ocr_line' id='line_1_6' title="bbox 542 718 2118 792; baseline -0.004 -12"><span class='ocrx_word' id='word_1_24' title='bbox 542 724 801 781; x_wconf 80' lang='lat' dir='ltr'><strong>exstincti</strong></span> <span class='ocrx_word' id='word_1_25' title='bbox 834 722 1319 792; x_wconf 71' lang='lat' dir='ltr'><strong>compositionem.</strong></span> <span class='ocrx_word' id='word_1_26' title='bbox 1357 720 1463 775; x_wconf 88' lang='lat' dir='ltr'><strong>Sed</strong></span> <span class='ocrx_word' id='word_1_27' title='bbox 1497 720 1633 790; x_wconf 90' lang='lat' dir='ltr'><strong>quid</strong></span> <span class='ocrx_word' id='word_1_28' title='bbox 1678 718 1879 777; x_wconf 89' lang='lat' dir='ltr'><strong>deinde</strong></span> <span class='ocrx_word' id='word_1_29' title='bbox 1925 732 2118 774; x_wconf 89' lang='lat' dir='ltr'><strong>conse-</strong></span> 
     </span>
    </p>
   </div>
   <div class='ocr_carea' id='block_1_7' title="bbox 543 814 1179 872">
    <p class='ocr_par' dir='ltr' id='par_1_7' title="bbox 543 814 1179 872">
     <span class='ocr_line' id='line_1_7' title="bbox 543 814 1179 872; baseline -0.006 0"><span class='ocrx_word' id='word_1_30' title='bbox 543 828 733 872; x_wconf 87' lang='lat' dir='ltr'><strong>cutum</strong></span> <span class='ocrx_word' id='word_1_31' title='bbox 766 817 838 871; x_wconf 88' lang='lat' dir='ltr'><strong>sit</strong></span> <span class='ocrx_word' id='word_1_32' title='bbox 874 814 1179 869; x_wconf 81' lang='lat' dir='ltr'><strong>videamus.</strong></span> 
     </span>
    </p>
   </div>
   <div class='ocr_carea' id='block_1_8' title="bbox 612 900 2118 975">
    <p class='ocr_par' dir='ltr' id='par_1_8' title="bbox 612 900 2118 975">
     <span class='ocr_line' id='line_1_8' title="bbox 612 900 2118 975; baseline -0.005 -14"><span class='ocrx_word' id='word_1_33' title='bbox 612 910 704 962; x_wconf 87' lang='lat'><strong>97.</strong></span> <span class='ocrx_word' id='word_1_34' title='bbox 738 907 981 961; x_wconf 81' lang='lat' dir='ltr'><strong>Rursum</strong></span> <span class='ocrx_word' id='word_1_35' title='bbox 1040 904 1298 975; x_wconf 79' lang='lat' dir='ltr'><strong>apparuit</strong></span> <span class='ocrx_word' id='word_1_36' title='bbox 1352 901 1550 958; x_wconf 90' lang='lat' dir='ltr'><strong>similis</strong></span> <span class='ocrx_word' id='word_1_37' title='bbox 1600 902 1828 968; x_wconf 82' lang='lat' dir='ltr'><strong>Basilio,</strong></span> <span class='ocrx_word' id='word_1_38' title='bbox 1882 900 1951 956; x_wconf 87' lang='lat' dir='ltr'><strong>de</strong></span> <span class='ocrx_word' id='word_1_39' title='bbox 2008 916 2118 970; x_wconf 90' lang='lat' dir='ltr'><strong>quo</strong></span> 
     </span>
    </p>
   </div>
   <div class='ocr_carea' id='block_1_9' title="bbox 542 992 2119 1069">
    <p class='ocr_par' dir='ltr' id='par_1_9' title="bbox 542 992 2119 1069">
     <span class='ocr_line' id='line_1_9' title="bbox 542 992 2119 1069; baseline -0.004 -16"><span class='ocrx_word' id='word_1_40' title='bbox 542 1015 775 1069; x_wconf 87' lang='lat' dir='ltr'><strong>magnus</strong></span> <span class='ocrx_word' id='word_1_41' title='bbox 818 997 1120 1068; x_wconf 81' lang='lat' dir='ltr'><strong>Gregorius</strong></span> <span class='ocrx_word' id='word_1_42' title='bbox 1174 996 1285 1049; x_wconf 92' lang='lat' dir='ltr'><strong>ait:</strong></span> <span class='ocrx_word' id='word_1_43' title='bbox 1339 994 1477 1049; x_wconf 88' lang='lat' dir='ltr'><strong>Cum</strong></span> <span class='ocrx_word' id='word_1_44' title='bbox 1528 993 1803 1060; x_wconf 75' lang='lat' dir='ltr'><strong>iacturam</strong></span> <span class='ocrx_word' id='word_1_45' title='bbox 1853 992 2119 1047; x_wconf 82' lang='lat' dir='ltr'><strong>sensisset</strong></span> 
     </span>
    </p>
   </div>
   <div class='ocr_carea' id='block_1_10' title="bbox 543 1083 2117 1159">
    <p class='ocr_par' dir='ltr' id='par_1_10' title="bbox 543 1083 2117 1159">
     <span class='ocr_line' id='line_1_10' title="bbox 543 1083 2117 1159; baseline -0.006 -14"><span class='ocrx_word' id='word_1_46' title='bbox 543 1091 760 1155; x_wconf 81' lang='lat' dir='ltr'><strong>civitas,</strong></span> <span class='ocrx_word' id='word_1_47' title='bbox 797 1089 1101 1159; x_wconf 88' lang='lat' dir='ltr'><strong>orphanam</strong></span> <span class='ocrx_word' id='word_1_48' title='bbox 1132 1103 1192 1142; x_wconf 90' lang='lat' dir='ltr'><strong>se</strong></span> <span class='ocrx_word' id='word_1_49' title='bbox 1223 1086 1549 1141; x_wconf 84' lang='lat' dir='ltr'><strong>derelictam</strong></span> <span class='ocrx_word' id='word_1_50' title='bbox 1573 1093 1793 1154; x_wconf 81' lang='lat' dir='ltr'><strong>questa,</strong></span> <span class='ocrx_word' id='word_1_51' title='bbox 1844 1083 2117 1138; x_wconf 89' lang='lat' dir='ltr'><strong>moriendi</strong></span> 
     </span>
    </p>
   </div>
   <div class='ocr_carea' id='block_1_11' title="bbox 542 1176 2119 1250">
    <p class='ocr_par' dir='ltr' id='par_1_11' title="bbox 542 1176 2119 1250">
     <span class='ocr_line' id='line_1_11' title="bbox 542 1176 2119 1250; baseline -0.004 -13"><span class='ocrx_word' id='word_1_52' title='bbox 542 1181 928 1238; x_wconf 87' lang='lat' dir='ltr'><strong>necessitatem</strong></span> <span class='ocrx_word' id='word_1_53' title='bbox 977 1188 1239 1249; x_wconf 85' lang='lat' dir='ltr'><strong>tanquam</strong></span> <span class='ocrx_word' id='word_1_54' title='bbox 1290 1176 1639 1250; x_wconf 86' lang='lat' dir='ltr'><strong>tyrannidem</strong></span> <span class='ocrx_word' id='word_1_55' title='bbox 1699 1176 2003 1241; x_wconf 81' lang='lat' dir='ltr'><strong>incusavit,</strong></span> <span class='ocrx_word' id='word_1_56' title='bbox 2062 1185 2119 1230; x_wconf 90' lang='lat' dir='ltr'><strong>ct</strong></span> 
     </span>
    </p>
   </div>
   <div class='ocr_carea' id='block_1_12' title="bbox 543 1269 2116 1339">
    <p class='ocr_par' dir='ltr' id='par_1_12' title="bbox 543 1269 2116 1339">
     <span class='ocr_line' id='line_1_12' title="bbox 543 1269 2116 1339; baseline -0.004 -11"><span class='ocrx_word' id='word_1_57' title='bbox 543 1274 783 1328; x_wconf 86' lang='lat' dir='ltr'><strong>animam</strong></span> <span class='ocrx_word' id='word_1_58' title='bbox 803 1312 818 1337; x_wconf 93' lang='lat'><strong>,</strong></span> <span class='ocrx_word' id='word_1_59' title='bbox 846 1272 996 1325; x_wconf 91' lang='lat' dir='ltr'><strong>velut</strong></span> <span class='ocrx_word' id='word_1_60' title='bbox 1018 1272 1064 1325; x_wconf 93' lang='lat' dir='ltr'><strong>si</strong></span> <span class='ocrx_word' id='word_1_61' title='bbox 1088 1270 1344 1325; x_wconf 90' lang='lat' dir='ltr'><strong>manibus</strong></span> <span class='ocrx_word' id='word_1_62' title='bbox 1379 1279 1476 1323; x_wconf 91' lang='lat' dir='ltr'><strong>aut</strong></span> <span class='ocrx_word' id='word_1_63' title='bbox 1519 1269 1781 1339; x_wconf 84' lang='lat' dir='ltr'><strong>precibus</strong></span> <span class='ocrx_word' id='word_1_64' title='bbox 1809 1277 1995 1338; x_wconf 86' lang='lat' dir='ltr'><strong>posset</strong></span> <span class='ocrx_word' id='word_1_65' title='bbox 2028 1283 2116 1322; x_wconf 88' lang='lat' dir='ltr'><strong>re-</strong></span> 
     </span>
    </p>
   </div>
   <div class='ocr_carea' id='block_1_13' title="bbox 545 1359 2119 1432">
    <p class='ocr_par' dir='ltr' id='par_1_13' title="bbox 545 1359 2119 1432">
     <span class='ocr_line' id='line_1_13' title="bbox 545 1359 2119 1432; baseline -0.004 -13"><span class='ocrx_word' id='word_1_66' title='bbox 545 1364 733 1429; x_wconf 87' lang='lat' dir='ltr'><strong>tineri,</strong></span> <span class='ocrx_word' id='word_1_67' title='bbox 763 1361 1232 1432; x_wconf 84' lang='lat' dir='ltr'><strong>comprehendere</strong></span> <span class='ocrx_word' id='word_1_68' title='bbox 1265 1360 1604 1431; x_wconf 84' lang='lat' dir='ltr'><strong>concupivit.</strong></span> <span class='ocrx_word' id='word_1_69' title='bbox 1632 1359 1901 1415; x_wconf 87' lang='lat' dir='ltr'><strong>Omnibus</strong></span> <span class='ocrx_word' id='word_1_70' title='bbox 1934 1366 2119 1413; x_wconf 89' lang='lat' dir='ltr'><strong>autem</strong></span> 
     </span>
    </p>
   </div>
   <div class='ocr_carea' id='block_1_14' title="bbox 545 1452 2118 1527">
    <p class='ocr_par' dir='ltr' id='par_1_14' title="bbox 545 1452 2118 1527">
     <span class='ocr_line' id='line_1_14' title="bbox 545 1452 2118 1527; baseline -0.007 -14"><span class='ocrx_word' id='word_1_71' title='bbox 545 1459 615 1513; x_wconf 89' lang='lat' dir='ltr'><strong>ad</strong></span> <span class='ocrx_word' id='word_1_72' title='bbox 642 1458 809 1513; x_wconf 92' lang='lat' dir='ltr'><strong>funus</strong></span> <span class='ocrx_word' id='word_1_73' title='bbox 829 1456 1056 1527; x_wconf 87' lang='lat' dir='ltr'><strong>paratis,</strong></span> <span class='ocrx_word' id='word_1_74' title='bbox 1089 1463 1314 1509; x_wconf 87' lang='lat' dir='ltr'><strong>sanctus</strong></span> <span class='ocrx_word' id='word_1_75' title='bbox 1358 1453 1474 1523; x_wconf 88' lang='lat' dir='ltr'><strong>ipse</strong></span> <span class='ocrx_word' id='word_1_76' title='bbox 1510 1452 1769 1508; x_wconf 88' lang='lat' dir='ltr'><strong>manibus</strong></span> <span class='ocrx_word' id='word_1_77' title='bbox 1801 1460 2118 1506; x_wconf 90' lang='lat' dir='ltr'><strong>sanctorum</strong></span> 
     </span>
    </p>
   </div>
   <div class='ocr_carea' id='block_1_15' title="bbox 545 1540 2118 1618">
    <p class='ocr_par' dir='ltr' id='par_1_15' title="bbox 545 1540 2118 1618">
     <span class='ocr_line' id='line_1_15' title="bbox 545 1540 2118 1618; baseline -0.006 -16"><span class='ocrx_word' id='word_1_78' title='bbox 545 1548 799 1602; x_wconf 89' lang='lat' dir='ltr'><strong>sublatus</strong></span> <span class='ocrx_word' id='word_1_79' title='bbox 827 1546 1169 1618; x_wconf 82' lang='lat' dir='ltr'><strong>gestabatur,</strong></span> <span class='ocrx_word' id='word_1_80' title='bbox 1208 1543 1440 1614; x_wconf 81' lang='lat' dir='ltr'><strong>singulis</strong></span> <span class='ocrx_word' id='word_1_81' title='bbox 1483 1542 1571 1596; x_wconf 86' lang='lat' dir='ltr'><strong>vel</strong></span> <span class='ocrx_word' id='word_1_82' title='bbox 1607 1557 1763 1596; x_wconf 87' lang='lat' dir='ltr'><strong>oram</strong></span> <span class='ocrx_word' id='word_1_83' title='bbox 1799 1540 2118 1595; x_wconf 76' lang='lat' dir='ltr'><strong>vestimenti</strong></span> 
     </span>
    </p>
   </div>
   <div class='ocr_carea' id='block_1_16' title="bbox 544 1630 2118 1705">
    <p class='ocr_par' dir='ltr' id='par_1_16' title="bbox 544 1630 2118 1705">
     <span class='ocr_line' id='line_1_16' title="bbox 544 1630 2118 1705; baseline -0.004 -14"><span class='ocrx_word' id='word_1_84' title='bbox 544 1640 631 1692; x_wconf 85' lang='lat' dir='ltr'><strong>vel</strong></span> <span class='ocrx_word' id='word_1_85' title='bbox 660 1654 876 1694; x_wconf 87' lang='lat' dir='ltr'><strong>sacrum</strong></span> <span class='ocrx_word' id='word_1_86' title='bbox 903 1637 1165 1692; x_wconf 83' lang='lat' dir='ltr'><strong>feretrum</strong></span> <span class='ocrx_word' id='word_1_87' title='bbox 1210 1636 1530 1705; x_wconf 85' lang='lat' dir='ltr'><strong>contingere</strong></span> <span class='ocrx_word' id='word_1_88' title='bbox 1553 1632 1939 1705; x_wconf 82' lang='lat' dir='ltr'><strong>gestientibus.</strong></span> <span class='ocrx_word' id='word_1_89' title='bbox 1975 1630 2118 1698; x_wconf 79' lang='lat' dir='ltr'><strong>Quid</strong></span> 
     </span>
    </p>
   </div>
   <div class='ocr_carea' id='block_1_17' title="bbox 545 1730 2119 1805">
    <p class='ocr_par' dir='ltr' id='par_1_17' title="bbox 545 1730 2119 1805">
     <span class='ocr_line' id='line_1_17' title="bbox 545 1730 2119 1805; baseline -0.003 -15"><span class='ocrx_word' id='word_1_90' title='bbox 545 1738 697 1790; x_wconf 87' lang='lat' dir='ltr'><strong>enim</strong></span> <span class='ocrx_word' id='word_1_91' title='bbox 728 1752 961 1805; x_wconf 90' lang='lat' dir='ltr'><strong>corpore</strong></span> <span class='ocrx_word' id='word_1_92' title='bbox 1012 1736 1106 1789; x_wconf 93' lang='lat' dir='ltr'><strong>illo</strong></span> <span class='ocrx_word' id='word_1_93' title='bbox 1156 1735 1354 1803; x_wconf 89' lang='lat' dir='ltr'><strong>purius</strong></span> <span class='ocrx_word' id='word_1_94' title='bbox 1390 1741 1484 1787; x_wconf 90' lang='lat' dir='ltr'><strong>aut</strong></span> <span class='ocrx_word' id='word_1_95' title='bbox 1542 1732 1831 1787; x_wconf 87' lang='lat' dir='ltr'><strong>sanctius?</strong></span> <span class='ocrx_word' id='word_1_96' title='bbox 1867 1731 2007 1786; x_wconf 87' lang='lat' dir='ltr'><strong>Aliis</strong></span> <span class='ocrx_word' id='word_1_97' title='bbox 2049 1730 2119 1785; x_wconf 87' lang='lat' dir='ltr'><strong>ad</strong></span> 
     </span>
    </p>
   </div>
   <div class='ocr_carea' id='block_1_18' title="bbox 546 1826 2121 1900">
    <p class='ocr_par' dir='ltr' id='par_1_18' title="bbox 546 1826 2121 1900">
     <span class='ocr_line' id='line_1_18' title="bbox 546 1826 2121 1900; baseline -0.004 -15"><span class='ocrx_word' id='word_1_98' title='bbox 546 1847 644 1886; x_wconf 88' lang='lat' dir='ltr'><strong>eos</strong></span> <span class='ocrx_word' id='word_1_99' title='bbox 701 1831 797 1899; x_wconf 91' lang='lat' dir='ltr'><strong>qui</strong></span> <span class='ocrx_word' id='word_1_100' title='bbox 855 1830 1153 1900; x_wconf 88' lang='lat' dir='ltr'><strong>portabant</strong></span> <span class='ocrx_word' id='word_1_101' title='bbox 1207 1828 1675 1897; x_wconf 83' lang='lat' dir='ltr'><strong>appropinquare,</strong></span> <span class='ocrx_word' id='word_1_102' title='bbox 1730 1826 1855 1881; x_wconf 90' lang='lat' dir='ltr'><strong>aliis</strong></span> <span class='ocrx_word' id='word_1_103' title='bbox 1893 1834 2121 1896; x_wconf 88' lang='lat' dir='ltr'><strong>aspectu</strong></span> 
     </span>
    </p>
   </div>
   <div class='ocr_carea' id='block_1_19' title="bbox 548 1917 2117 1989">
    <p class='ocr_par' dir='ltr' id='par_1_19' title="bbox 548 1917 2117 1989">
     <span class='ocr_line' id='line_1_19' title="bbox 548 1917 2117 1989; baseline -0.004 -14"><span class='ocrx_word' id='word_1_104' title='bbox 548 1931 783 1985; x_wconf 85' lang='lat' dir='ltr'><strong>tantum,</strong></span> <span class='ocrx_word' id='word_1_105' title='bbox 819 1921 975 1989; x_wconf 89' lang='lat' dir='ltr'><strong>quasi</strong></span> <span class='ocrx_word' id='word_1_106' title='bbox 1033 1935 1099 1973; x_wconf 81' lang='lat' dir='ltr'><strong>ex</strong></span> <span class='ocrx_word' id='word_1_107' title='bbox 1137 1934 1206 1973; x_wconf 92' lang='lat' dir='ltr'><strong>eo</strong></span> <span class='ocrx_word' id='word_1_108' title='bbox 1240 1933 1460 1988; x_wconf 90' lang='lat' dir='ltr'><strong>quoque</strong></span> <span class='ocrx_word' id='word_1_109' title='bbox 1515 1918 1728 1972; x_wconf 85' lang='lat' dir='ltr'><strong>utilitas</strong></span> <span class='ocrx_word' id='word_1_110' title='bbox 1778 1917 2117 1986; x_wconf 72' lang='lat' dir='ltr'><strong>proveniret,</strong></span> 
     </span>
    </p>
   </div>
   <div class='ocr_carea' id='block_1_20' title="bbox 2219 719 2931 792">
    <p class='ocr_par' dir='ltr' id='par_1_20' title="bbox 2219 719 2931 792">
     <span class='ocr_line' id='line_1_20' title="bbox 2219 719 2931 792; baseline 0.003 -19"><span class='ocrx_word' id='word_1_111' title='bbox 2219 719 2407 774; x_wconf 80' lang='grc' dir='ltr'>λοιπὸν</span> <span class='ocrx_word' id='word_1_112' title='bbox 2433 721 2679 789; x_wconf 83' lang='grc' dir='ltr'>γέγονεν,</span> <span class='ocrx_word' id='word_1_113' title='bbox 2706 720 2931 792; x_wconf 73' lang='grc' dir='ltr'>ἴδωμεν.</span> 
     </span>
    </p>
   </div>
   <div class='ocr_carea' id='block_1_21' title="bbox 2289 896 3810 970">
    <p class='ocr_par' dir='ltr' id='par_1_21' title="bbox 2289 896 3810 970">
     <span class='ocr_line' id='line_1_21' title="bbox 2289 896 3810 970; baseline -0.003 -17"><span class='ocrx_word' id='word_1_114' title='bbox 2289 896 2395 965; x_wconf 49' lang='grc' dir='ltr'><strong>ἤιξ’.</strong></span> <span class='ocrx_word' id='word_1_115' title='bbox 2430 898 2601 952; x_wconf 88' lang='grc' dir='ltr'>Πὰλιν</span> <span class='ocrx_word' id='word_1_116' title='bbox 2628 898 2911 962; x_wconf 88' lang='grc' dir='ltr'>Βασίλειος</span> <span class='ocrx_word' id='word_1_117' title='bbox 2936 899 3185 970; x_wconf 89' lang='grc' dir='ltr'>δεύτερος</span> <span class='ocrx_word' id='word_1_118' title='bbox 3209 898 3515 969; x_wconf 80' lang='grc' dir='ltr'>ἀνεδείχθη’</span> <span class='ocrx_word' id='word_1_119' title='bbox 3538 898 3669 952; x_wconf 82' lang='grc' dir='ltr'>τάδε</span> <span class='ocrx_word' id='word_1_120' title='bbox 3695 898 3810 969; x_wconf 68' lang='grc' dir='ltr'>γὰρ</span> 
     </span>
    </p>
   </div>
   <div class='ocr_carea' id='block_1_22' title="bbox 2234 990 3809 1063">
    <p class='ocr_par' dir='ltr' id='par_1_22' title="bbox 2234 990 3809 1063">
     <span class='ocr_line' id='line_1_22' title="bbox 2234 990 3809 1063; baseline 0.002 -20"><span class='ocrx_word' id='word_1_121' title='bbox 2234 992 2440 1062; x_wconf 82' lang='grc' dir='ltr'>ἱστορεῖ</span> <span class='ocrx_word' id='word_1_122' title='bbox 2496 993 2625 1063; x_wconf 75' lang='grc' dir='ltr'>περὶ</span> <span class='ocrx_word' id='word_1_123' title='bbox 2680 990 2846 1045; x_wconf 80' lang='grc' dir='ltr'>αὑτοῦ</span> <span class='ocrx_word' id='word_1_124' title='bbox 2890 995 2918 1046; x_wconf 92' lang='grc' dir='ltr'><strong>ό</strong></span> <span class='ocrx_word' id='word_1_125' title='bbox 2968 992 3145 1060; x_wconf 81' lang='grc' dir='ltr'><strong>μέγας</strong></span> <span class='ocrx_word' id='word_1_126' title='bbox 3200 992 3536 1062; x_wconf 83' lang='grc' dir='ltr'><strong>Γρηγόριος⁹</strong></span> <span class='ocrx_word' id='word_1_127' title='bbox 3579 993 3674 1054; x_wconf 87' lang='grc' dir='ltr'>Ὠς</span> <span class='ocrx_word' id='word_1_128' title='bbox 3709 993 3809 1046; x_wconf 66' lang='grc' dir='ltr'>οἷον</span> 
     </span>
    </p>
   </div>
   <div class='ocr_carea' id='block_1_23' title="bbox 2223 1083 3811 1156">
    <p class='ocr_par' dir='ltr' id='par_1_23' title="bbox 2223 1083 3811 1156">
     <span class='ocr_line' id='line_1_23' title="bbox 2223 1083 3811 1156; baseline 0.002 -22"><span class='ocrx_word' id='word_1_129' title='bbox 2223 1083 2423 1153; x_wconf 77' lang='grc' dir='ltr'>ᾔσθετο</span> <span class='ocrx_word' id='word_1_130' title='bbox 2465 1083 2562 1153; x_wconf 82' lang='grc' dir='ltr'>τὴν</span> <span class='ocrx_word' id='word_1_131' title='bbox 2587 1084 2790 1153; x_wconf 79' lang='grc' dir='ltr'><strong>ζημίαν</strong></span> <span class='ocrx_word' id='word_1_132' title='bbox 2827 1087 2859 1155; x_wconf 81' lang='grc' dir='ltr'><strong>ἡ</strong></span> <span class='ocrx_word' id='word_1_133' title='bbox 2907 1085 3084 1149; x_wconf 81' lang='grc' dir='ltr'><strong>πόλις,</strong></span> <span class='ocrx_word' id='word_1_134' title='bbox 3117 1084 3353 1155; x_wconf 78' lang='grc' dir='ltr'><strong>ὠδύρετο</strong></span> <span class='ocrx_word' id='word_1_135' title='bbox 3386 1086 3487 1155; x_wconf 87' lang='grc' dir='ltr'>τὴν</span> <span class='ocrx_word' id='word_1_136' title='bbox 3514 1085 3811 1156; x_wconf 69' lang='grc' dir='ltr'>ὀρφανίαν,</span> 
     </span>
    </p>
   </div>
   <div class='ocr_carea' id='block_1_24' title="bbox 2225 1174 3813 1248">
    <p class='ocr_par' dir='ltr' id='par_1_24' title="bbox 2225 1174 3813 1248">
     <span class='ocr_line' id='line_1_24' title="bbox 2225 1174 3813 1248; baseline 0 -20"><span class='ocrx_word' id='word_1_137' title='bbox 2225 1174 2443 1228; x_wconf 76' lang='grc' dir='ltr'>ἐπένθει</span> <span class='ocrx_word' id='word_1_138' title='bbox 2476 1174 2575 1245; x_wconf 86' lang='grc' dir='ltr'>τὴν</span> <span class='ocrx_word' id='word_1_139' title='bbox 2631 1176 2830 1245; x_wconf 80' lang='grc' dir='ltr'>ἑαυτῆς</span> <span class='ocrx_word' id='word_1_140' title='bbox 2879 1175 3272 1246; x_wconf 74' lang='grc' dir='ltr'>ἐγκατάληψιν,</span> <span class='ocrx_word' id='word_1_141' title='bbox 3301 1176 3400 1246; x_wconf 76' lang='grc' dir='ltr'>τῆς</span> <span class='ocrx_word' id='word_1_142' title='bbox 3434 1176 3701 1248; x_wconf 79' lang='grc' dir='ltr'><strong>ἐκδημίας</strong></span> <span class='ocrx_word' id='word_1_143' title='bbox 3733 1177 3813 1240; x_wconf 84' lang='grc' dir='ltr'>ὡς</span> 
     </span>
    </p>
   </div>
   <div class='ocr_carea' id='block_1_25' title="bbox 2232 1269 3814 1342">
    <p class='ocr_par' dir='ltr' id='par_1_25' title="bbox 2232 1269 3814 1342">
     <span class='ocr_line' id='line_1_25' title="bbox 2232 1269 3814 1342; baseline 0.004 -22"><span class='ocrx_word' id='word_1_144' title='bbox 2232 1269 2545 1339; x_wconf 83' lang='grc' dir='ltr'><strong>τυραννίδος</strong></span> <span class='ocrx_word' id='word_1_145' title='bbox 2586 1272 2992 1340; x_wconf 80' lang='grc' dir='ltr'><strong>κατεμέμφετο,</strong></span> <span class='ocrx_word' id='word_1_146' title='bbox 3054 1271 3149 1324; x_wconf 79' lang='grc' dir='ltr'><strong>καὶ</strong></span> <span class='ocrx_word' id='word_1_147' title='bbox 3192 1273 3291 1341; x_wconf 80' lang='grc' dir='ltr'>τῆς</span> <span class='ocrx_word' id='word_1_148' title='bbox 3340 1271 3517 1342; x_wconf 77' lang='grc' dir='ltr'>ψυχῆς</span> <span class='ocrx_word' id='word_1_149' title='bbox 3574 1274 3814 1326; x_wconf 78' lang='grc' dir='ltr'><strong>ἐπόθουν</strong></span> 
     </span>
    </p>
   </div>
   <div class='ocr_carea' id='block_1_26' title="bbox 2220 1358 3815 1434">
    <p class='ocr_par' dir='ltr' id='par_1_26' title="bbox 2220 1358 3815 1434">
     <span class='ocr_line' id='line_1_26' title="bbox 2220 1358 3815 1434; baseline 0.003 -23"><span class='ocrx_word' id='word_1_150' title='bbox 2220 1358 2484 1413; x_wconf 88' lang='grc' dir='ltr'>λαϐέσθαι</span> <span class='ocrx_word' id='word_1_151' title='bbox 2512 1359 2587 1423; x_wconf 86' lang='grc' dir='ltr'>ὡς</span> <span class='ocrx_word' id='word_1_152' title='bbox 2612 1360 2889 1430; x_wconf 82' lang='grc' dir='ltr'>καθεκτῆς</span> <span class='ocrx_word' id='word_1_153' title='bbox 2912 1362 3331 1432; x_wconf 75' lang='grc' dir='ltr'>τυγχανούσηςῆ</span> <span class='ocrx_word' id='word_1_154' title='bbox 3362 1380 3421 1432; x_wconf 87' lang='grc' dir='ltr'><strong>χε</strong></span> <span class='ocrx_word' id='word_1_155' title='bbox 3433 1363 3815 1434; x_wconf 72' lang='grc' dir='ltr'>ρσὶνῆδεήσε-</span> 
     </span>
    </p>
   </div>
   <div class='ocr_carea' id='block_1_27' title="bbox 2223 1451 3815 1525">
    <p class='ocr_par' dir='ltr' id='par_1_27' title="bbox 2223 1451 3815 1525">
     <span class='ocr_line' id='line_1_27' title="bbox 2223 1451 3815 1525; baseline 0.004 -23"><span class='ocrx_word' id='word_1_156' title='bbox 2223 1468 2326 1503; x_wconf 84' lang='grc' dir='ltr'>σιν.</span> <span class='ocrx_word' id='word_1_157' title='bbox 2346 1452 2499 1504; x_wconf 73' lang='grc' dir='ltr'>Ἐπεὶ</span> <span class='ocrx_word' id='word_1_158' title='bbox 2515 1451 2606 1504; x_wconf 78' lang='grc' dir='ltr'>οὖν</span> <span class='ocrx_word' id='word_1_159' title='bbox 2630 1453 2803 1505; x_wconf 89' lang='grc' dir='ltr'>πάντα</span> <span class='ocrx_word' id='word_1_160' title='bbox 2832 1454 2963 1523; x_wconf 81' lang='grc' dir='ltr'>ἡμῖν</span> <span class='ocrx_word' id='word_1_161' title='bbox 2975 1457 3043 1508; x_wconf 77' lang='grc' dir='ltr'>τὰ</span> <span class='ocrx_word' id='word_1_162' title='bbox 3059 1456 3116 1507; x_wconf 86' lang='grc' dir='ltr'><strong>ὲν</strong></span> <span class='ocrx_word' id='word_1_163' title='bbox 3139 1457 3204 1524; x_wconf 81' lang='grc' dir='ltr'>τῇ</span> <span class='ocrx_word' id='word_1_164' title='bbox 3224 1455 3415 1525; x_wconf 66' lang='grc' dir='ltr'>κηδείᾳ</span> <span class='ocrx_word' id='word_1_165' title='bbox 3441 1456 3815 1524; x_wconf 77' lang='grc' dir='ltr'>νενομισμένα</span> 
     </span>
    </p>
   </div>
   <div class='ocr_carea' id='block_1_28' title="bbox 2224 1542 3816 1616">
    <p class='ocr_par' dir='ltr' id='par_1_28' title="bbox 2224 1542 3816 1616">
     <span class='ocr_line' id='line_1_28' title="bbox 2224 1542 3816 1616; baseline 0.003 -21"><span class='ocrx_word' id='word_1_166' title='bbox 2224 1542 2575 1613; x_wconf 76' lang='grc' dir='ltr'><strong>πεπλήρωτο,</strong></span> <span class='ocrx_word' id='word_1_167' title='bbox 2606 1546 3001 1615; x_wconf 71' lang='grc' dir='ltr'><strong>προεκομίζετο</strong></span> <span class='ocrx_word' id='word_1_168' title='bbox 3039 1547 3139 1616; x_wconf 80' lang='grc' dir='ltr'>μὲν</span> <span class='ocrx_word' id='word_1_169' title='bbox 3179 1549 3207 1598; x_wconf 87' lang='grc' dir='ltr'><strong>ό</strong></span> <span class='ocrx_word' id='word_1_170' title='bbox 3241 1547 3395 1613; x_wconf 83' lang='grc' dir='ltr'>ἆγιος</span> <span class='ocrx_word' id='word_1_171' title='bbox 3425 1548 3613 1616; x_wconf 74' lang='grc' dir='ltr'>χερσὶν</span> <span class='ocrx_word' id='word_1_172' title='bbox 3647 1547 3816 1600; x_wconf 78' lang='grc' dir='ltr'>ὁσίων</span> 
     </span>
    </p>
   </div>
   <div class='ocr_carea' id='block_1_29' title="bbox 2223 1632 3813 1707">
    <p class='ocr_par' dir='ltr' id='par_1_29' title="bbox 2223 1632 3813 1707">
     <span class='ocr_line' id='line_1_29' title="bbox 2223 1632 3813 1707; baseline 0.004 -22"><span class='ocrx_word' id='word_1_173' title='bbox 2223 1633 2547 1703; x_wconf 77' lang='grc' dir='ltr'>ὑψούμενος·</span> <span class='ocrx_word' id='word_1_174' title='bbox 2579 1636 2780 1706; x_wconf 83' lang='grc' dir='ltr'>σπουδὴ</span> <span class='ocrx_word' id='word_1_175' title='bbox 2804 1636 2863 1689; x_wconf 80' lang='grc' dir='ltr'>δὲ</span> <span class='ocrx_word' id='word_1_176' title='bbox 2888 1632 2956 1706; x_wconf 82' lang='grc' dir='ltr'><strong>ἦν</strong></span> <span class='ocrx_word' id='word_1_177' title='bbox 2986 1638 3204 1707; x_wconf 79' lang='grc' dir='ltr'><strong>ἑκάστῳ</strong></span> <span class='ocrx_word' id='word_1_178' title='bbox 3228 1638 3305 1707; x_wconf 82' lang='grc' dir='ltr'><strong>τῷ</strong></span> <span class='ocrx_word' id='word_1_179' title='bbox 3359 1639 3459 1707; x_wconf 79' lang='grc' dir='ltr'>μὲν</span> <span class='ocrx_word' id='word_1_180' title='bbox 3492 1639 3813 1707; x_wconf 73' lang='grc' dir='ltr'>κρασπέδου</span> 
     </span>
    </p>
   </div>
   <div class='ocr_carea' id='block_1_30' title="bbox 2222 1724 3815 1799">
    <p class='ocr_par' dir='ltr' id='par_1_30' title="bbox 2222 1724 3815 1799">
     <span class='ocr_line' id='line_1_30' title="bbox 2222 1724 3815 1799; baseline 0.004 -23"><span class='ocrx_word' id='word_1_181' title='bbox 2222 1724 2502 1793; x_wconf 87' lang='grc' dir='ltr'>λαϐέσθαι,</span> <span class='ocrx_word' id='word_1_182' title='bbox 2531 1727 2610 1796; x_wconf 86' lang='grc' dir='ltr'>τῷ</span> <span class='ocrx_word' id='word_1_183' title='bbox 2640 1727 2695 1780; x_wconf 86' lang='grc' dir='ltr'>δὲ</span> <span class='ocrx_word' id='word_1_184' title='bbox 2722 1727 2815 1781; x_wconf 84' lang='grc' dir='ltr'><strong>τοῦ</strong></span> <span class='ocrx_word' id='word_1_185' title='bbox 2864 1728 3148 1799; x_wconf 78' lang='grc' dir='ltr'>ίεροφόρου</span> <span class='ocrx_word' id='word_1_186' title='bbox 3178 1728 3475 1798; x_wconf 82' lang='grc' dir='ltr'>σκίμποδος</span> <span class='ocrx_word' id='word_1_187' title='bbox 3526 1730 3815 1799; x_wconf 46' lang='lat' dir='ltr'><strong>argentm}:</strong></span> 
     </span>
    </p>
   </div>
   <div class='ocr_carea' id='block_1_31' title="bbox 2224 1819 3816 1892">
    <p class='ocr_par' dir='ltr' id='par_1_31' title="bbox 2224 1819 3816 1892">
     <span class='ocr_line' id='line_1_31' title="bbox 2224 1819 3816 1892; baseline 0.003 -23"><span class='ocrx_word' id='word_1_188' title='bbox 2224 1834 2313 1870; x_wconf 90' lang='grc' dir='ltr'><strong>σαι</strong></span> <span class='ocrx_word' id='word_1_189' title='bbox 2341 1819 2523 1888; x_wconf 88' lang='grc' dir='ltr'>μόνον.</span> <span class='ocrx_word' id='word_1_190' title='bbox 2551 1819 2617 1870; x_wconf 89' lang='grc' dir='ltr'><strong>Τί</strong></span> <span class='ocrx_word' id='word_1_191' title='bbox 2642 1820 2750 1889; x_wconf 85' lang='grc' dir='ltr'>γὰρ</span> <span class='ocrx_word' id='word_1_192' title='bbox 2782 1821 2990 1873; x_wconf 78' lang='grc' dir='ltr'>ἐκείνου</span> <span class='ocrx_word' id='word_1_193' title='bbox 3020 1820 3114 1873; x_wconf 81' lang='grc' dir='ltr'>τοῦ</span> <span class='ocrx_word' id='word_1_194' title='bbox 3133 1821 3388 1890; x_wconf 85' lang='grc' dir='ltr'>σώματος</span> <span class='ocrx_word' id='word_1_195' title='bbox 3422 1820 3550 1892; x_wconf 78' lang='grc' dir='ltr'><strong>ἱερὼ</strong></span> <span class='ocrx_word' id='word_1_196' title='bbox 3564 1824 3721 1892; x_wconf 82' lang='grc' dir='ltr'>τερόν</span> <span class='ocrx_word' id='word_1_197' title='bbox 3755 1840 3816 1874; x_wconf 89' lang='grc' dir='ltr'><strong>τε</strong></span> 
     </span>
    </p>
   </div>
   <div class='ocr_carea' id='block_1_32' title="bbox 2224 1909 3817 1984">
    <p class='ocr_par' dir='ltr' id='par_1_32' title="bbox 2224 1909 3817 1984">
     <span class='ocr_line' id='line_1_32' title="bbox 2224 1909 3817 1984; baseline 0.002 -22"><span class='ocrx_word' id='word_1_198' title='bbox 2224 1910 2319 1962; x_wconf 79' lang='grc' dir='ltr'><strong>καὶ</strong></span> <span class='ocrx_word' id='word_1_199' title='bbox 2346 1909 2735 1981; x_wconf 84' lang='grc' dir='ltr'>καθαρώτερον</span> <span class='ocrx_word' id='word_1_200' title='bbox 2757 1928 2770 1973; x_wconf 86' lang='grc'>;</span> <span class='ocrx_word' id='word_1_201' title='bbox 2795 1911 2917 1963; x_wconf 81' lang='grc' dir='ltr'><strong>Τῶν</strong></span> <span class='ocrx_word' id='word_1_202' title='bbox 2939 1912 2997 1963; x_wconf 86' lang='grc' dir='ltr'>δὲ</span> <span class='ocrx_word' id='word_1_203' title='bbox 3020 1911 3129 1963; x_wconf 84' lang='grc' dir='ltr'><strong>τῶν</strong></span> <span class='ocrx_word' id='word_1_204' title='bbox 3169 1914 3411 1981; x_wconf 80' lang='grc' dir='ltr'><strong>ἀγόντων</strong></span> <span class='ocrx_word' id='word_1_205' title='bbox 3460 1913 3637 1966; x_wconf 77' lang='grc' dir='ltr'><strong>ἐλθεῖν</strong></span> <span class='ocrx_word' id='word_1_206' title='bbox 3674 1913 3817 1984; x_wconf 76' lang='grc' dir='ltr'>πλη-</span> 
     </span>
    </p>
   </div>
   <div class='ocr_carea' id='block_1_33' title="bbox 545 1985 2120 2083">
    <p class='ocr_par' dir='ltr' id='par_1_33' title="bbox 545 1985 2118 2083">
     <span class='ocr_line' id='line_1_33' title="bbox 545 1985 2118 2083; baseline -0.003 -15"><span class='ocrx_word' id='word_1_207' title='bbox 545 2014 655 2068; x_wconf 88' lang='lat' dir='ltr'><strong>frui</strong></span> <span class='ocrx_word' id='word_1_208' title='bbox 680 1985 1034 2083; x_wconf 77' lang='lat' dir='ltr'><strong>cupientibus</strong></span> <span class='ocrx_word' id='word_1_209' title='bbox 1068 1985 1444 2081; x_wconf 43' lang='lat' dir='ltr'><strong>plenae—erant</strong></span> <span class='ocrx_word' id='word_1_210' title='bbox 1480 2011 1696 2080; x_wconf 75' lang='lat' dir='ltr'><strong>plateae,</strong></span> <span class='ocrx_word' id='word_1_211' title='bbox 1737 1985 1914 2079; x_wconf 83' lang='lat' dir='ltr'><strong>plenae</strong></span> <span class='ocrx_word' id='word_1_212' title='bbox 1942 2011 2118 2079; x_wconf 84' lang='lat' dir='ltr'><strong>porti-</strong></span> 
     </span>
    </p>
   </div>
   <div class='ocr_carea' id='block_1_34' title="bbox 2227 1985 3818 2083">
    <p class='ocr_par' dir='ltr' id='par_1_34' title="bbox 2227 2002 3818 2076">
     <span class='ocr_line' id='line_1_34' title="bbox 2227 2002 3818 2076; baseline 0.003 -22"><span class='ocrx_word' id='word_1_213' title='bbox 2227 2002 2361 2065; x_wconf 90' lang='grc' dir='ltr'>σίον,</span> <span class='ocrx_word' id='word_1_214' title='bbox 2388 2003 2496 2056; x_wconf 84' lang='grc' dir='ltr'>τῶν</span> <span class='ocrx_word' id='word_1_215' title='bbox 2524 2003 2581 2055; x_wconf 84' lang='grc' dir='ltr'>δὲ</span> <span class='ocrx_word' id='word_1_216' title='bbox 2613 2005 2709 2073; x_wconf 78' lang='grc' dir='ltr'><strong>τῆς</strong></span> <span class='ocrx_word' id='word_1_217' title='bbox 2739 2002 2867 2066; x_wconf 80' lang='grc' dir='ltr'>θέας</span> <span class='ocrx_word' id='word_1_218' title='bbox 2925 2004 3232 2057; x_wconf 80' lang='grc' dir='ltr'>ἀπολαῦσαι</span> <span class='ocrx_word' id='word_1_219' title='bbox 3264 2007 3452 2076; x_wconf 84' lang='grc' dir='ltr'>μόνης,</span> <span class='ocrx_word' id='word_1_220' title='bbox 3482 2006 3561 2068; x_wconf 84' lang='grc' dir='ltr'>ὣς</span> <span class='ocrx_word' id='word_1_221' title='bbox 3612 2024 3670 2059; x_wconf 92' lang='grc' dir='ltr'><strong>τι</strong></span> <span class='ocrx_word' id='word_1_222' title='bbox 3716 2024 3818 2059; x_wconf 77' lang='grc' dir='ltr'>κα·</span> 
     </span>
    </p>
   </div>
   <div class='ocr_carea' id='block_1_35' title="bbox 546 2102 2120 2168">
    <p class='ocr_par' dir='ltr' id='par_1_35' title="bbox 546 2102 2120 2168">
     <span class='ocr_line' id='line_1_35' title="bbox 546 2102 2120 2168; baseline -0.004 -7"><span class='ocrx_word' id='word_1_223' title='bbox 546 2121 683 2168; x_wconf 86' lang='lat' dir='ltr'><strong>cus;</strong></span> <span class='ocrx_word' id='word_1_224' title='bbox 737 2116 928 2159; x_wconf 88' lang='lat' dir='ltr'><strong>omnes</strong></span> <span class='ocrx_word' id='word_1_225' title='bbox 986 2102 1189 2159; x_wconf 69' lang='lat' dir='ltr'><strong>aedium</strong></span> <span class='ocrx_word' id='word_1_226' title='bbox 1251 2103 1547 2166; x_wconf 71' lang='lat' dir='ltr'><strong>fenestrae,</strong></span> <span class='ocrx_word' id='word_1_227' title='bbox 1613 2102 1799 2156; x_wconf 87' lang='lat' dir='ltr'><strong>omnia</strong></span> <span class='ocrx_word' id='word_1_228' title='bbox 1847 2110 2120 2156; x_wconf 91' lang='lat' dir='ltr'><strong>tectorum</strong></span> 
     </span>
    </p>
   </div>
   <div class='ocr_carea' id='block_1_36' title="bbox 553 2194 2123 2267">
    <p class='ocr_par' dir='ltr' id='par_1_36' title="bbox 553 2194 2123 2267">
     <span class='ocr_line' id='line_1_36' title="bbox 553 2194 2123 2267; baseline -0.003 -16"><span class='ocrx_word' id='word_1_229' title='bbox 553 2196 768 2267; x_wconf 79' lang='lat' dir='ltr'><strong>fastigia</strong></span> <span class='ocrx_word' id='word_1_230' title='bbox 846 2207 904 2249; x_wconf 85' lang='lat' dir='ltr'><strong>et</strong></span> <span class='ocrx_word' id='word_1_231' title='bbox 951 2196 1217 2249; x_wconf 88' lang='lat' dir='ltr'><strong>culmina.</strong></span> <span class='ocrx_word' id='word_1_232' title='bbox 1271 2194 1603 2249; x_wconf 87' lang='lat' dir='ltr'><strong>Premebant</strong></span> <span class='ocrx_word' id='word_1_233' title='bbox 1686 2210 1745 2249; x_wconf 89' lang='lat' dir='ltr'><strong>se</strong></span> <span class='ocrx_word' id='word_1_234' title='bbox 1790 2205 1983 2248; x_wconf 90' lang='lat' dir='ltr'><strong>mutuo</strong></span> <span class='ocrx_word' id='word_1_235' title='bbox 2027 2194 2123 2264; x_wconf 90' lang='lat' dir='ltr'><strong>qui</strong></span> 
     </span>
    </p>
   </div>
   <div class='ocr_carea' id='block_1_37' title="bbox 564 2287 2122 2359">
    <p class='ocr_par' dir='ltr' id='par_1_37' title="bbox 564 2287 2122 2359">
     <span class='ocr_line' id='line_1_37' title="bbox 564 2287 2122 2359; baseline 0.001 -17"><span class='ocrx_word' id='word_1_236' title='bbox 564 2287 1035 2358; x_wconf 66' lang='lat' dir='ltr'><strong>prmibant,etqui</strong></span> <span class='ocrx_word' id='word_1_237' title='bbox 1065 2287 1753 2357; x_wconf 85' lang='lat' dir='ltr'><strong>sequebantur,quiprope</strong></span> <span class='ocrx_word' id='word_1_238' title='bbox 1775 2298 1935 2342; x_wconf 88' lang='lat' dir='ltr'><strong>erant</strong></span> <span class='ocrx_word' id='word_1_239' title='bbox 1957 2299 2012 2343; x_wconf 89' lang='lat' dir='ltr'><strong>et</strong></span> <span class='ocrx_word' id='word_1_240' title='bbox 2030 2290 2122 2359; x_wconf 89' lang='lat' dir='ltr'><strong>qui</strong></span> 
     </span>
    </p>
   </div>
   <div class='ocr_carea' id='block_1_38' title="bbox 559 2378 2125 2449">
    <p class='ocr_par' dir='ltr' id='par_1_38' title="bbox 559 2378 2125 2449">
     <span class='ocr_line' id='line_1_38' title="bbox 559 2378 2125 2449; baseline 0.003 -18"><span class='ocrx_word' id='word_1_241' title='bbox 559 2378 964 2443; x_wconf 81' lang='lat' dir='ltr'><strong>adventabant;</strong></span> <span class='ocrx_word' id='word_1_242' title='bbox 998 2378 1422 2434; x_wconf 84' lang='lat' dir='ltr'><strong>innumerabilis</strong></span> <span class='ocrx_word' id='word_1_243' title='bbox 1468 2380 1757 2433; x_wconf 85' lang='lat' dir='ltr'><strong>hominum</strong></span> <span class='ocrx_word' id='word_1_244' title='bbox 1795 2382 2125 2449; x_wconf 72' lang='lat' dir='ltr'><strong>promiscua:</strong></span> 
     </span>
    </p>
   </div>
   <div class='ocr_carea' id='block_1_39' title="bbox 550 2470 2125 2543">
    <p class='ocr_par' dir='ltr' id='par_1_39' title="bbox 550 2470 2125 2543">
     <span class='ocr_line' id='line_1_39' title="bbox 550 2470 2125 2543; baseline 0.004 -20"><span class='ocrx_word' id='word_1_245' title='bbox 550 2470 731 2523; x_wconf 68' lang='lat' dir='ltr'><strong>artatis</strong></span> <span class='ocrx_word' id='word_1_246' title='bbox 770 2485 833 2524; x_wconf 89' lang='lat' dir='ltr'><strong>ac</strong></span> <span class='ocrx_word' id='word_1_247' title='bbox 873 2485 1039 2523; x_wconf 79' lang='lat' dir='ltr'><strong>sexus</strong></span> <span class='ocrx_word' id='word_1_248' title='bbox 1077 2471 1395 2535; x_wconf 87' lang='lat' dir='ltr'><strong>multitudo,</strong></span> <span class='ocrx_word' id='word_1_249' title='bbox 1453 2487 1579 2526; x_wconf 92' lang='lat' dir='ltr'><strong>cum</strong></span> <span class='ocrx_word' id='word_1_250' title='bbox 1627 2488 1803 2542; x_wconf 90' lang='lat' dir='ltr'><strong>eaque</strong></span> <span class='ocrx_word' id='word_1_251' title='bbox 1851 2484 2125 2543; x_wconf 69' lang='lat' dir='ltr'><strong>quotquot</strong></span> 
     </span>
    </p>
   </div>
   <div class='ocr_carea' id='block_1_40' title="bbox 548 2559 2121 2633">
    <p class='ocr_par' dir='ltr' id='par_1_40' title="bbox 548 2559 2121 2633">
     <span class='ocr_line' id='line_1_40' title="bbox 548 2559 2121 2633; baseline 0.004 -21"><span class='ocrx_word' id='word_1_252' title='bbox 548 2559 697 2628; x_wconf 88' lang='lat' dir='ltr'><strong>apud</strong></span> <span class='ocrx_word' id='word_1_253' title='bbox 725 2560 1112 2631; x_wconf 87' lang='lat' dir='ltr'><strong>imperatorem</strong></span> <span class='ocrx_word' id='word_1_254' title='bbox 1143 2570 1301 2615; x_wconf 87' lang='lat' dir='ltr'><strong>erant</strong></span> <span class='ocrx_word' id='word_1_255' title='bbox 1321 2562 1375 2614; x_wconf 89' lang='lat' dir='ltr'><strong>in</strong></span> <span class='ocrx_word' id='word_1_256' title='bbox 1400 2562 1574 2631; x_wconf 83' lang='lat' dir='ltr'><strong>gradu</strong></span> <span class='ocrx_word' id='word_1_257' title='bbox 1602 2563 1785 2632; x_wconf 89' lang='lat' dir='ltr'><strong>aliquo</strong></span> <span class='ocrx_word' id='word_1_258' title='bbox 1817 2563 2121 2633; x_wconf 80' lang='lat' dir='ltr'><strong>dignitatis,</strong></span> 
     </span>
    </p>
   </div>
   <div class='ocr_carea' id='block_1_41' title="bbox 552 2651 2123 2725">
    <p class='ocr_par' dir='ltr' id='par_1_41' title="bbox 552 2651 2123 2725">
     <span class='ocr_line' id='line_1_41' title="bbox 552 2651 2123 2725; baseline 0.003 -20"><span class='ocrx_word' id='word_1_259' title='bbox 552 2651 830 2721; x_wconf 85' lang='lat' dir='ltr'><strong>imprimis</strong></span> <span class='ocrx_word' id='word_1_260' title='bbox 862 2651 1015 2705; x_wconf 86' lang='lat' dir='ltr'><strong>urbis</strong></span> <span class='ocrx_word' id='word_1_261' title='bbox 1054 2652 1367 2721; x_wconf 69' lang='lat' dir='ltr'><strong>przefectus,</strong></span> <span class='ocrx_word' id='word_1_262' title='bbox 1400 2669 1593 2708; x_wconf 87' lang='lat' dir='ltr'><strong>omnes</strong></span> <span class='ocrx_word' id='word_1_263' title='bbox 1622 2670 1894 2725; x_wconf 89' lang='lat' dir='ltr'><strong>superans</strong></span> <span class='ocrx_word' id='word_1_264' title='bbox 1920 2657 1976 2710; x_wconf 91' lang='lat' dir='ltr'><strong>in</strong></span> <span class='ocrx_word' id='word_1_265' title='bbox 2018 2657 2123 2710; x_wconf 90' lang='lat' dir='ltr'><strong>viri</strong></span> 
     </span>
    </p>
   </div>
   <div class='ocr_carea' id='block_1_42' title="bbox 549 2742 2120 2817">
    <p class='ocr_par' dir='ltr' id='par_1_42' title="bbox 549 2742 2120 2817">
     <span class='ocr_line' id='line_1_42' title="bbox 549 2742 2120 2817; baseline 0.003 -21"><span class='ocrx_word' id='word_1_266' title='bbox 549 2743 729 2796; x_wconf 88' lang='lat' dir='ltr'><strong>sancti</strong></span> <span class='ocrx_word' id='word_1_267' title='bbox 759 2746 954 2797; x_wconf 85' lang='lat' dir='ltr'><strong>funere</strong></span> <span class='ocrx_word' id='word_1_268' title='bbox 979 2742 1357 2798; x_wconf 89' lang='lat' dir='ltr'><strong>honestando:</strong></span> <span class='ocrx_word' id='word_1_269' title='bbox 1394 2743 1663 2799; x_wconf 87' lang='lat' dir='ltr'><strong>adfuisset</strong></span> <span class='ocrx_word' id='word_1_270' title='bbox 1684 2745 1849 2799; x_wconf 90' lang='lat' dir='ltr'><strong>etiam</strong></span> <span class='ocrx_word' id='word_1_271' title='bbox 1884 2746 2120 2817; x_wconf 89' lang='lat' dir='ltr'><strong>impera-</strong></span> 
     </span>
    </p>
   </div>
   <div class='ocr_carea' id='block_1_43' title="bbox 551 2832 2124 2907">
    <p class='ocr_par' dir='ltr' id='par_1_43' title="bbox 551 2832 2124 2907">
     <span class='ocr_line' id='line_1_43' title="bbox 551 2832 2124 2907; baseline 0.003 -21"><span class='ocrx_word' id='word_1_272' title='bbox 551 2843 660 2899; x_wconf 88' lang='lat' dir='ltr'><strong>tor,</strong></span> <span class='ocrx_word' id='word_1_273' title='bbox 696 2833 803 2887; x_wconf 90' lang='lat' dir='ltr'><strong>nisi</strong></span> <span class='ocrx_word' id='word_1_274' title='bbox 831 2832 1138 2887; x_wconf 90' lang='lat' dir='ltr'><strong>curandum</strong></span> <span class='ocrx_word' id='word_1_275' title='bbox 1160 2833 1263 2890; x_wconf 88' lang='lat' dir='ltr'><strong>sibi</strong></span> <span class='ocrx_word' id='word_1_276' title='bbox 1300 2842 1570 2905; x_wconf 88' lang='lat' dir='ltr'><strong>putasset,</strong></span> <span class='ocrx_word' id='word_1_277' title='bbox 1588 2849 1660 2890; x_wconf 93' lang='lat' dir='ltr'><strong>ne</strong></span> <span class='ocrx_word' id='word_1_278' title='bbox 1709 2836 2124 2907; x_wconf 83' lang='lat' dir='ltr'><strong>quisinpOpulo</strong></span> 
     </span>
    </p>
   </div>
   <div class='ocr_carea' id='block_1_44' title="bbox 552 2926 2125 2983">
    <p class='ocr_par' dir='ltr' id='par_1_44' title="bbox 552 2926 2125 2983">
     <span class='ocr_line' id='line_1_44' title="bbox 552 2926 2125 2983; baseline 0.003 -4"><span class='ocrx_word' id='word_1_279' title='bbox 552 2926 824 2980; x_wconf 89' lang='lat' dir='ltr'><strong>tumultus</strong></span> <span class='ocrx_word' id='word_1_280' title='bbox 853 2933 1205 2981; x_wconf 87' lang='lat' dir='ltr'><strong>nasceretur:</strong></span> <span class='ocrx_word' id='word_1_281' title='bbox 1230 2927 1531 2982; x_wconf 82' lang='lat' dir='ltr'><strong>adfuerunt</strong></span> <span class='ocrx_word' id='word_1_282' title='bbox 1553 2939 1739 2983; x_wconf 91' lang='lat' dir='ltr'><strong>autem</strong></span> <span class='ocrx_word' id='word_1_283' title='bbox 1758 2943 1951 2983; x_wconf 90' lang='lat' dir='ltr'><strong>omnes</strong></span> <span class='ocrx_word' id='word_1_284' title='bbox 1980 2929 2125 2983; x_wconf 87' lang='lat' dir='ltr'><strong>mili-</strong></span> 
     </span>
    </p>
   </div>
   <div class='ocr_carea' id='block_1_45' title="bbox 551 3014 2127 3085">
    <p class='ocr_par' dir='ltr' id='par_1_45' title="bbox 551 3014 2127 3085">
     <span class='ocr_line' id='line_1_45' title="bbox 551 3014 2127 3085; baseline 0.003 -17"><span class='ocrx_word' id='word_1_285' title='bbox 551 3023 734 3070; x_wconf 87' lang='lat' dir='ltr'><strong>tumet</strong></span> <span class='ocrx_word' id='word_1_286' title='bbox 750 3014 1096 3069; x_wconf 88' lang='lat' dir='ltr'><strong>sacerdotum</strong></span> <span class='ocrx_word' id='word_1_287' title='bbox 1111 3015 1334 3070; x_wconf 86' lang='lat' dir='ltr'><strong>ordines</strong></span> <span class='ocrx_word' id='word_1_288' title='bbox 1350 3025 1515 3085; x_wconf 89' lang='lat' dir='ltr'><strong>atque</strong></span> <span class='ocrx_word' id='word_1_289' title='bbox 1538 3016 1789 3073; x_wconf 86' lang='lat' dir='ltr'><strong>infinitus</strong></span> <span class='ocrx_word' id='word_1_290' title='bbox 1810 3026 1989 3073; x_wconf 67' lang='lat' dir='ltr'><strong>caatus</strong></span> <span class='ocrx_word' id='word_1_291' title='bbox 2009 3034 2127 3073; x_wconf 88' lang='lat' dir='ltr'><strong>mo-</strong></span> 
     </span>
    </p>
   </div>
   <div class='ocr_carea' id='block_1_46' title="bbox 548 3105 2126 3163">
    <p class='ocr_par' dir='ltr' id='par_1_46' title="bbox 548 3105 2126 3163">
     <span class='ocr_line' id='line_1_46' title="bbox 548 3105 2126 3163; baseline 0.001 -2"><span class='ocrx_word' id='word_1_292' title='bbox 548 3106 878 3161; x_wconf 89' lang='lat' dir='ltr'><strong>nachorum.</strong></span> <span class='ocrx_word' id='word_1_293' title='bbox 910 3105 1209 3161; x_wconf 86' lang='lat' dir='ltr'><strong>Certabant</strong></span> <span class='ocrx_word' id='word_1_294' title='bbox 1238 3121 1363 3160; x_wconf 91' lang='lat' dir='ltr'><strong>cum</strong></span> <span class='ocrx_word' id='word_1_295' title='bbox 1388 3107 1647 3161; x_wconf 89' lang='lat' dir='ltr'><strong>lamentis</strong></span> <span class='ocrx_word' id='word_1_296' title='bbox 1664 3118 1858 3163; x_wconf 90' lang='lat' dir='ltr'><strong>cantus</strong></span> <span class='ocrx_word' id='word_1_297' title='bbox 1880 3108 2126 3163; x_wconf 84' lang='lat' dir='ltr'><strong>Psalmo-</strong></span> 
     </span>
    </p>
   </div>
   <div class='ocr_carea' id='block_1_47' title="bbox 553 3197 2110 3270">
    <p class='ocr_par' dir='ltr' id='par_1_47' title="bbox 553 3197 2110 3270">
     <span class='ocr_line' id='line_1_47' title="bbox 553 3197 2110 3270; baseline 0.004 -19"><span class='ocrx_word' id='word_1_298' title='bbox 553 3213 695 3261; x_wconf 89' lang='lat' dir='ltr'><strong>rum,</strong></span> <span class='ocrx_word' id='word_1_299' title='bbox 722 3197 953 3253; x_wconf 87' lang='lat' dir='ltr'><strong>cedebat</strong></span> <span class='ocrx_word' id='word_1_300' title='bbox 986 3198 1505 3268; x_wconf 86' lang='lat' dir='ltr'><strong>perturbationibus</strong></span> <span class='ocrx_word' id='word_1_301' title='bbox 1546 3200 1900 3270; x_wconf 88' lang='lat' dir='ltr'><strong>philosophia</strong></span> <span class='ocrx_word' id='word_1_302' title='bbox 1934 3203 2110 3257; x_wconf 89' lang='lat' dir='ltr'><strong>nostri</strong></span> 
     </span>
    </p>
   </div>
   <div class='ocr_carea' id='block_1_48' title="bbox 549 3290 2196 3384">
    <p class='ocr_par' dir='ltr' id='par_1_48' title="bbox 549 3290 2196 3384">
     <span class='ocr_line' id='line_1_48' title="bbox 549 3290 2196 3384; baseline 0.002 -39"><span class='ocrx_word' id='word_1_303' title='bbox 549 3305 675 3345; x_wconf 85' lang='lat' dir='ltr'><strong>cum</strong></span> <span class='ocrx_word' id='word_1_304' title='bbox 690 3290 953 3353; x_wconf 71' lang='lat' dir='ltr'><strong>externis,</strong></span> <span class='ocrx_word' id='word_1_305' title='bbox 970 3291 1182 3345; x_wconf 79' lang='lat' dir='ltr'><strong>externi</strong></span> <span class='ocrx_word' id='word_1_306' title='bbox 1197 3307 1322 3345; x_wconf 91' lang='lat' dir='ltr'><strong>cum</strong></span> <span class='ocrx_word' id='word_1_307' title='bbox 1340 3293 1545 3346; x_wconf 85' lang='lat' dir='ltr'><strong>nostris</strong></span> <span class='ocrx_word' id='word_1_308' title='bbox 1567 3294 1996 3358; x_wconf 88' lang='lat' dir='ltr'><strong>contendebant,</strong></span> <span class='ocrx_word' id='word_1_309' title='bbox 2014 3295 2121 3349; x_wconf 90' lang='lat' dir='ltr'><strong>utri</strong></span> <span class='ocrx_word' id='word_1_310' title='bbox 2154 3327 2196 3384; x_wconf 62' lang='grc' dir='ltr'><strong><em>ε</em></strong></span> 
     </span>
    </p>
   </div>
   <div class='ocr_carea' id='block_1_49' title="bbox 472 3383 2124 3456">
    <p class='ocr_par' dir='ltr' id='par_1_49' title="bbox 472 3383 2124 3456">
     <span class='ocr_line' id='line_1_49' title="bbox 472 3383 2124 3456; baseline 0.004 -21"><span class='ocrx_word' id='word_1_311' title='bbox 472 3436 479 3443; x_wconf 64' lang='lat'><strong>,</strong></span> <span class='ocrx_word' id='word_1_312' title='bbox 551 3384 725 3452; x_wconf 78' lang='lat' dir='ltr'><strong>magis</strong></span> <span class='ocrx_word' id='word_1_313' title='bbox 748 3383 985 3452; x_wconf 82' lang='lat' dir='ltr'><strong>lugendo</strong></span> <span class='ocrx_word' id='word_1_314' title='bbox 1011 3383 1135 3452; x_wconf 91' lang='lat' dir='ltr'><strong>plus</strong></span> <span class='ocrx_word' id='word_1_315' title='bbox 1168 3383 1559 3439; x_wconf 87' lang='lat' dir='ltr'><strong>consolationis</strong></span> <span class='ocrx_word' id='word_1_316' title='bbox 1578 3386 1949 3456; x_wconf 84' lang='lat' dir='ltr'><strong>perciperent.</strong></span> <span class='ocrx_word' id='word_1_317' title='bbox 1985 3388 2124 3442; x_wconf 86' lang='lat' dir='ltr'><strong>Illud</strong></span> 
     </span>
    </p>
   </div>
   <div class='ocr_carea' id='block_1_50' title="bbox 550 3475 2127 3549">
    <p class='ocr_par' dir='ltr' id='par_1_50' title="bbox 550 3475 2127 3549">
     <span class='ocr_line' id='line_1_50' title="bbox 550 3475 2127 3549; baseline 0.006 -23"><span class='ocrx_word' id='word_1_318' title='bbox 550 3489 716 3543; x_wconf 86' lang='lat' dir='ltr'><strong>porro</strong></span> <span class='ocrx_word' id='word_1_319' title='bbox 746 3475 1074 3529; x_wconf 88' lang='lat' dir='ltr'><strong>admirabile</strong></span> <span class='ocrx_word' id='word_1_320' title='bbox 1100 3492 1163 3529; x_wconf 90' lang='lat' dir='ltr'><strong>ac</strong></span> <span class='ocrx_word' id='word_1_321' title='bbox 1195 3476 1681 3544; x_wconf 87' lang='lat' dir='ltr'><strong>peneincredibile</strong></span> <span class='ocrx_word' id='word_1_322' title='bbox 1713 3479 1838 3543; x_wconf 87' lang='lat' dir='ltr'><strong>fuit,</strong></span> <span class='ocrx_word' id='word_1_323' title='bbox 1868 3481 2013 3549; x_wconf 89' lang='lat' dir='ltr'><strong>quod</strong></span> <span class='ocrx_word' id='word_1_324' title='bbox 2058 3496 2127 3536; x_wconf 74' lang='lat' dir='ltr'><strong>ex</strong></span> 
     </span>
    </p>
   </div>
   <div class='ocr_carea' id='block_1_51' title="bbox 552 3564 2127 3641">
    <p class='ocr_par' dir='ltr' id='par_1_51' title="bbox 552 3564 2127 3641">
     <span class='ocr_line' id='line_1_51' title="bbox 552 3564 2127 3641; baseline 0.007 -24"><span class='ocrx_word' id='word_1_325' title='bbox 552 3574 633 3619; x_wconf 91' lang='lat' dir='ltr'><strong>tot</strong></span> <span class='ocrx_word' id='word_1_326' title='bbox 662 3564 945 3619; x_wconf 88' lang='lat' dir='ltr'><strong>hominum</strong></span> <span class='ocrx_word' id='word_1_327' title='bbox 977 3567 1221 3621; x_wconf 89' lang='lat' dir='ltr'><strong>millibus</strong></span> <span class='ocrx_word' id='word_1_328' title='bbox 1236 3582 1397 3622; x_wconf 90' lang='lat' dir='ltr'><strong>nemo</strong></span> <span class='ocrx_word' id='word_1_329' title='bbox 1432 3570 1601 3624; x_wconf 91' lang='lat' dir='ltr'><strong>ullum</strong></span> <span class='ocrx_word' id='word_1_330' title='bbox 1635 3571 1688 3624; x_wconf 92' lang='lat' dir='ltr'><strong>in</strong></span> <span class='ocrx_word' id='word_1_331' title='bbox 1708 3572 2017 3641; x_wconf 89' lang='lat' dir='ltr'><strong>periculum</strong></span> <span class='ocrx_word' id='word_1_332' title='bbox 2038 3574 2127 3628; x_wconf 90' lang='lat' dir='ltr'><strong>in-</strong></span> 
     </span>
    </p>
   </div>
   <div class='ocr_carea' id='block_1_52' title="bbox 550 3655 2127 3734">
    <p class='ocr_par' dir='ltr' id='par_1_52' title="bbox 550 3655 2127 3734">
     <span class='ocr_line' id='line_1_52' title="bbox 550 3655 2127 3734; baseline 0.008 -26"><span class='ocrx_word' id='word_1_333' title='bbox 550 3655 709 3719; x_wconf 87' lang='lat' dir='ltr'><strong>cidit,</strong></span> <span class='ocrx_word' id='word_1_334' title='bbox 770 3657 1078 3726; x_wconf 77' lang='lat' dir='ltr'><strong>prtescrtim</strong></span> <span class='ocrx_word' id='word_1_335' title='bbox 1134 3672 1259 3711; x_wconf 91' lang='lat' dir='ltr'><strong>eum</strong></span> <span class='ocrx_word' id='word_1_336' title='bbox 1290 3658 1448 3713; x_wconf 89' lang='lat' dir='ltr'><strong>multi</strong></span> <span class='ocrx_word' id='word_1_337' title='bbox 1490 3659 1938 3730; x_wconf 86' lang='lat' dir='ltr'><strong>deprimerentur</strong></span> <span class='ocrx_word' id='word_1_338' title='bbox 2007 3665 2127 3734; x_wconf 90' lang='lat' dir='ltr'><strong>ipso</strong></span> 
     </span>
    </p>
   </div>
   <div class='ocr_carea' id='block_1_53' title="bbox 550 3744 2123 3823">
    <p class='ocr_par' dir='ltr' id='par_1_53' title="bbox 550 3744 2123 3823">
     <span class='ocr_line' id='line_1_53' title="bbox 550 3744 2123 3823; baseline 0.008 -26"><span class='ocrx_word' id='word_1_339' title='bbox 550 3744 794 3814; x_wconf 88' lang='lat' dir='ltr'><strong>pondere</strong></span> <span class='ocrx_word' id='word_1_340' title='bbox 825 3759 997 3816; x_wconf 90' lang='lat' dir='ltr'><strong>super</strong></span> <span class='ocrx_word' id='word_1_341' title='bbox 1026 3761 1085 3801; x_wconf 89' lang='lat' dir='ltr'><strong>se</strong></span> <span class='ocrx_word' id='word_1_342' title='bbox 1120 3749 1411 3815; x_wconf 90' lang='lat' dir='ltr'><strong>stantium,</strong></span> <span class='ocrx_word' id='word_1_343' title='bbox 1441 3750 1658 3805; x_wconf 83' lang='lat' dir='ltr'><strong>visendi</strong></span> <span class='ocrx_word' id='word_1_344' title='bbox 1683 3754 1935 3823; x_wconf 90' lang='lat' dir='ltr'><strong>corporis</strong></span> <span class='ocrx_word' id='word_1_345' title='bbox 1957 3770 2123 3811; x_wconf 84' lang='lat' dir='ltr'><strong>causa</strong></span> 
     </span>
    </p>
   </div>
   <div class='ocr_carea' id='block_1_54' title="bbox 550 3839 2123 3913">
    <p class='ocr_par' dir='ltr' id='par_1_54' title="bbox 550 3839 2123 3913">
     <span class='ocr_line' id='line_1_54' title="bbox 550 3839 2123 3913; baseline 0.008 -23"><span class='ocrx_word' id='word_1_346' title='bbox 550 3839 685 3906; x_wconf 76' lang='lat'><strong>(78).</strong></span> <span class='ocrx_word' id='word_1_347' title='bbox 722 3839 995 3893; x_wconf 67' lang='lat' dir='ltr'><strong>Cteterum</strong></span> <span class='ocrx_word' id='word_1_348' title='bbox 1029 3850 1089 3895; x_wconf 91' lang='lat' dir='ltr'><strong>ut</strong></span> <span class='ocrx_word' id='word_1_349' title='bbox 1115 3840 1382 3909; x_wconf 86' lang='lat' dir='ltr'><strong>epitaphii</strong></span> <span class='ocrx_word' id='word_1_350' title='bbox 1412 3857 1563 3896; x_wconf 89' lang='lat' dir='ltr'><strong>more</strong></span> <span class='ocrx_word' id='word_1_351' title='bbox 1596 3844 1791 3913; x_wconf 90' lang='lat' dir='ltr'><strong>paucis</strong></span> <span class='ocrx_word' id='word_1_352' title='bbox 1819 3845 2123 3911; x_wconf 83' lang='lat' dir='ltr'><strong>absolvam,</strong></span> 
     </span>
    </p>
   </div>
   <div class='ocr_carea' id='block_1_55' title="bbox 550 3931 2121 4007">
    <p class='ocr_par' dir='ltr' id='par_1_55' title="bbox 550 3931 2121 4007">
     <span class='ocr_line' id='line_1_55' title="bbox 550 3931 2121 4007; baseline 0.008 -24"><span class='ocrx_word' id='word_1_353' title='bbox 550 3931 786 3985; x_wconf 85' lang='lat' dir='ltr'><strong>honorat</strong></span> <span class='ocrx_word' id='word_1_354' title='bbox 845 3931 1152 4001; x_wconf 80' lang='lat' dir='ltr'><strong>ingressum</strong></span> <span class='ocrx_word' id='word_1_355' title='bbox 1202 3934 1355 4003; x_wconf 86' lang='lat' dir='ltr'><strong>ejus,</strong></span> <span class='ocrx_word' id='word_1_356' title='bbox 1409 3950 1691 4004; x_wconf 75' lang='lat' dir='ltr'><strong>egressura</strong></span> <span class='ocrx_word' id='word_1_357' title='bbox 1744 3938 2121 4007; x_wconf 76' lang='lat' dir='ltr'><strong>gloriosiorem</strong></span> 
     </span>
    </p>
   </div>
   <div class='ocr_carea' id='block_1_56' title="bbox 551 4023 2123 4105">
    <p class='ocr_par' dir='ltr' id='par_1_56' title="bbox 551 4023 2123 4105">
     <span class='ocr_line' id='line_1_56' title="bbox 551 4023 2123 4105; baseline 0.008 -30"><span class='ocrx_word' id='word_1_358' title='bbox 551 4023 871 4077; x_wconf 85' lang='lat' dir='ltr'><strong>honorando</strong></span> <span class='ocrx_word' id='word_1_359' title='bbox 929 4024 1114 4094; x_wconf 53' lang='lat' dir='ltr'><strong>(Deus)</strong></span> <span class='ocrx_word' id='word_1_360' title='bbox 1169 4025 1313 4092; x_wconf 81' lang='lat'><strong>(79),</strong></span> <span class='ocrx_word' id='word_1_361' title='bbox 1347 4028 1549 4081; x_wconf 88' lang='lat' dir='ltr'><strong>multas</strong></span> <span class='ocrx_word' id='word_1_362' title='bbox 1603 4029 1827 4105; x_wconf 73' lang='lat' dir='ltr'><strong>quidem</strong></span> <span class='ocrx_word' id='word_1_363' title='bbox 1878 4033 2123 4088; x_wconf 80' lang='lat' dir='ltr'><strong>excitans</strong></span> 
     </span>
    </p>
   </div>
   <div class='ocr_carea' id='block_1_57' title="bbox 548 4114 2120 4188">
    <p class='ocr_par' dir='ltr' id='par_1_57' title="bbox 548 4114 2120 4188">
     <span class='ocr_line' id='line_1_57' title="bbox 548 4114 2120 4188; baseline 0.009 -23"><span class='ocrx_word' id='word_1_364' title='bbox 548 4114 839 4184; x_wconf 85' lang='lat' dir='ltr'><strong>lacrymas,</strong></span> <span class='ocrx_word' id='word_1_365' title='bbox 871 4114 967 4168; x_wconf 90' lang='lat' dir='ltr'><strong>sed</strong></span> <span class='ocrx_word' id='word_1_366' title='bbox 990 4116 1175 4185; x_wconf 90' lang='lat' dir='ltr'><strong>plures</strong></span> <span class='ocrx_word' id='word_1_367' title='bbox 1202 4118 1523 4187; x_wconf 87' lang='lat' dir='ltr'><strong>relinquens</strong></span> <span class='ocrx_word' id='word_1_368' title='bbox 1546 4120 1602 4174; x_wconf 92' lang='lat' dir='ltr'><strong>in</strong></span> <span class='ocrx_word' id='word_1_369' title='bbox 1630 4121 1830 4177; x_wconf 91' lang='lat' dir='ltr'><strong>animis</strong></span> <span class='ocrx_word' id='word_1_370' title='bbox 1851 4124 2120 4188; x_wconf 90' lang='lat' dir='ltr'><strong>omnium,</strong></span> 
     </span>
    </p>
   </div>
   <div class='ocr_carea' id='block_1_58' title="bbox 550 4205 1746 4277">
    <p class='ocr_par' dir='ltr' id='par_1_58' title="bbox 550 4205 1746 4277">
     <span class='ocr_line' id='line_1_58' title="bbox 550 4205 1746 4277; baseline 0.009 -22"><span class='ocrx_word' id='word_1_371' title='bbox 550 4205 809 4273; x_wconf 87' lang='lat' dir='ltr'><strong>majorem</strong></span> <span class='ocrx_word' id='word_1_372' title='bbox 847 4205 994 4260; x_wconf 85' lang='lat' dir='ltr'><strong>circa</strong></span> <span class='ocrx_word' id='word_1_373' title='bbox 1019 4222 1147 4261; x_wconf 91' lang='lat' dir='ltr'><strong>eum</strong></span> <span class='ocrx_word' id='word_1_374' title='bbox 1177 4208 1353 4277; x_wconf 85' lang='lat' dir='ltr'><strong>gloria</strong></span> <span class='ocrx_word' id='word_1_375' title='bbox 1389 4210 1746 4266; x_wconf 90' lang='lat' dir='ltr'><strong>intuentium.</strong></span> 
     </span>
    </p>
   </div>
   <div class='ocr_carea' id='block_1_59' title="bbox 619 4294 2119 4371">
    <p class='ocr_par' dir='ltr' id='par_1_59' title="bbox 619 4294 2119 4371">
     <span class='ocr_line' id='line_1_59' title="bbox 619 4294 2119 4371; baseline 0.007 -22"><span class='ocrx_word' id='word_1_376' title='bbox 619 4294 708 4349; x_wconf 89' lang='lat'><strong>98.</strong></span> <span class='ocrx_word' id='word_1_377' title='bbox 747 4294 895 4349; x_wconf 84' lang='lat' dir='ltr'><strong>Inter</strong></span> <span class='ocrx_word' id='word_1_378' title='bbox 923 4296 1063 4359; x_wconf 80' lang='lat' dir='ltr'><strong>haec,</strong></span> <span class='ocrx_word' id='word_1_379' title='bbox 1095 4298 1282 4353; x_wconf 85' lang='lat' dir='ltr'><strong>vitatis</strong></span> <span class='ocrx_word' id='word_1_380' title='bbox 1305 4316 1448 4371; x_wconf 69' lang='lat' dir='ltr'><strong>aegre</strong></span> <span class='ocrx_word' id='word_1_381' title='bbox 1482 4301 1812 4371; x_wconf 87' lang='lat' dir='ltr'><strong>rapientium</strong></span> <span class='ocrx_word' id='word_1_382' title='bbox 1844 4304 2119 4371; x_wconf 85' lang='lat' dir='ltr'><strong>manibus,</strong></span> 
     </span>
    </p>
   </div>
   <div class='ocr_carea' id='block_1_60' title="bbox 548 4386 2120 4465">
    <p class='ocr_par' dir='ltr' id='par_1_60' title="bbox 548 4386 2120 4465">
     <span class='ocr_line' id='line_1_60' title="bbox 548 4386 2120 4465; baseline 0.006 -24"><span class='ocrx_word' id='word_1_383' title='bbox 548 4386 761 4441; x_wconf 88' lang='lat' dir='ltr'><strong>illatum</strong></span> <span class='ocrx_word' id='word_1_384' title='bbox 780 4397 866 4442; x_wconf 89' lang='lat' dir='ltr'><strong>cst</strong></span> <span class='ocrx_word' id='word_1_385' title='bbox 898 4403 1101 4458; x_wconf 91' lang='lat' dir='ltr'><strong>corpus</strong></span> <span class='ocrx_word' id='word_1_386' title='bbox 1125 4391 1181 4443; x_wconf 90' lang='lat' dir='ltr'><strong>in</strong></span> <span class='ocrx_word' id='word_1_387' title='bbox 1201 4390 1372 4446; x_wconf 74' lang='lat' dir='ltr'><strong>aedem</strong></span> <span class='ocrx_word' id='word_1_388' title='bbox 1390 4404 1708 4449; x_wconf 88' lang='lat' dir='ltr'><strong>sanctorum</strong></span> <span class='ocrx_word' id='word_1_389' title='bbox 1722 4397 2120 4465; x_wconf 90' lang='lat' dir='ltr'><strong>apostolorum,</strong></span> 
     </span>
    </p>
   </div>
   <div class='ocr_carea' id='block_1_61' title="bbox 562 4480 2119 4560">
    <p class='ocr_par' dir='ltr' id='par_1_61' title="bbox 562 4480 2119 4560">
     <span class='ocr_line' id='line_1_61' title="bbox 562 4480 2119 4560; baseline 0.006 -26"><span class='ocrx_word' id='word_1_390' title='bbox 562 4490 620 4535; x_wconf 91' lang='lat' dir='ltr'><strong>et</strong></span> <span class='ocrx_word' id='word_1_391' title='bbox 678 4481 835 4552; x_wconf 82' lang='lat' dir='ltr'><strong>juxta</strong></span> <span class='ocrx_word' id='word_1_392' title='bbox 892 4480 1300 4538; x_wconf 89' lang='lat' dir='ltr'><strong>institutionem</strong></span> <span class='ocrx_word' id='word_1_393' title='bbox 1365 4494 1685 4541; x_wconf 89' lang='lat' dir='ltr'><strong>sanctorum</strong></span> <span class='ocrx_word' id='word_1_394' title='bbox 1750 4488 1973 4543; x_wconf 83' lang='lat' dir='ltr'><strong>Patrum</strong></span> <span class='ocrx_word' id='word_1_395' title='bbox 2019 4506 2119 4560; x_wconf 88' lang='lat' dir='ltr'><strong>ap-</strong></span> 
     </span>
    </p>
   </div>
   <div class='ocr_carea' id='block_1_62' title="bbox 548 4573 2120 4650">
    <p class='ocr_par' dir='ltr' id='par_1_62' title="bbox 548 4573 2120 4650">
     <span class='ocr_line' id='line_1_62' title="bbox 548 4573 2120 4650; baseline 0.007 -23"><span class='ocrx_word' id='word_1_396' title='bbox 548 4573 762 4643; x_wconf 90' lang='lat' dir='ltr'><strong>positus</strong></span> <span class='ocrx_word' id='word_1_397' title='bbox 789 4582 875 4629; x_wconf 90' lang='lat' dir='ltr'><strong>est</strong></span> <span class='ocrx_word' id='word_1_398' title='bbox 904 4575 1236 4644; x_wconf 88' lang='lat' dir='ltr'><strong>patriarchis</strong></span> <span class='ocrx_word' id='word_1_399' title='bbox 1280 4578 1615 4647; x_wconf 86' lang='lat' dir='ltr'><strong>patriarcha,</strong></span> <span class='ocrx_word' id='word_1_400' title='bbox 1663 4581 2120 4650; x_wconf 66' lang='lat' dir='ltr'><strong>praedicatoribus</strong></span> 
     </span>
    </p>
   </div>
   <div class='ocr_carea' id='block_1_63' title="bbox 548 4668 2116 4743">
    <p class='ocr_par' dir='ltr' id='par_1_63' title="bbox 548 4668 2116 4743">
     <span class='ocr_line' id='line_1_63' title="bbox 548 4668 2116 4743; baseline 0.008 -23"><span class='ocrx_word' id='word_1_401' title='bbox 548 4668 895 4737; x_wconf 65' lang='lat' dir='ltr'><strong>praedicator,</strong></span> <span class='ocrx_word' id='word_1_402' title='bbox 950 4669 1286 4739; x_wconf 77' lang='lat' dir='ltr'><strong>martyribus</strong></span> <span class='ocrx_word' id='word_1_403' title='bbox 1336 4680 1566 4743; x_wconf 85' lang='lat' dir='ltr'><strong>martyr,</strong></span> <span class='ocrx_word' id='word_1_404' title='bbox 1614 4675 1878 4743; x_wconf 87' lang='lat' dir='ltr'><strong>apostolis</strong></span> <span class='ocrx_word' id='word_1_405' title='bbox 1922 4693 2116 4731; x_wconf 91' lang='lat' dir='ltr'><strong>eorum</strong></span> 
     </span>
    </p>
   </div>
   <div class='ocr_carea' id='block_1_64' title="bbox 546 4760 2117 4839">
    <p class='ocr_par' dir='ltr' id='par_1_64' title="bbox 546 4760 2117 4839">
     <span class='ocr_line' id='line_1_64' title="bbox 546 4760 2117 4839; baseline 0.006 -24"><span class='ocrx_word' id='word_1_406' title='bbox 546 4770 769 4815; x_wconf 90' lang='lat' dir='ltr'><strong>secutus</strong></span> <span class='ocrx_word' id='word_1_407' title='bbox 798 4760 1028 4831; x_wconf 79' lang='lat' dir='ltr'><strong>vestigia</strong></span> <span class='ocrx_word' id='word_1_408' title='bbox 1063 4780 1075 4814; x_wconf 91' lang='lat'><strong>:</strong></span> <span class='ocrx_word' id='word_1_409' title='bbox 1110 4763 1268 4833; x_wconf 91' lang='lat' dir='ltr'><strong>cujus</strong></span> <span class='ocrx_word' id='word_1_410' title='bbox 1289 4764 1453 4818; x_wconf 88' lang='lat' dir='ltr'><strong>etiam</strong></span> <span class='ocrx_word' id='word_1_411' title='bbox 1477 4780 1679 4835; x_wconf 91' lang='lat' dir='ltr'><strong>corpus</strong></span> <span class='ocrx_word' id='word_1_412' title='bbox 1706 4767 1861 4836; x_wconf 87' lang='lat' dir='ltr'><strong>juxta</strong></span> <span class='ocrx_word' id='word_1_413' title='bbox 1886 4783 2117 4839; x_wconf 88' lang='lat' dir='ltr'><strong>corpora</strong></span> 
     </span>
    </p>
   </div>
   <div class='ocr_carea' id='block_1_65' title="bbox 543 4852 2115 4925">
    <p class='ocr_par' dir='ltr' id='par_1_65' title="bbox 543 4852 2115 4925">
     <span class='ocr_line' id='line_1_65' title="bbox 543 4852 2115 4925; baseline 0.007 -21"><span class='ocrx_word' id='word_1_414' title='bbox 543 4852 867 4906; x_wconf 91' lang='lat' dir='ltr'><strong>eorumdem</strong></span> <span class='ocrx_word' id='word_1_415' title='bbox 895 4862 1212 4907; x_wconf 89' lang='lat' dir='ltr'><strong>sanctorum</strong></span> <span class='ocrx_word' id='word_1_416' title='bbox 1254 4856 1627 4923; x_wconf 84' lang='lat' dir='ltr'><strong>apostolorum</strong></span> <span class='ocrx_word' id='word_1_417' title='bbox 1650 4858 1903 4924; x_wconf 66' lang='lat' dir='ltr'><strong>Andreaa,</strong></span> <span class='ocrx_word' id='word_1_418' title='bbox 1933 4860 2115 4925; x_wconf 67' lang='lat' dir='ltr'><strong>Lucaa,</strong></span> 
     </span>
    </p>
   </div>
   <div class='ocr_carea' id='block_1_66' title="bbox 545 4942 2115 5017">
    <p class='ocr_par' dir='ltr' id='par_1_66' title="bbox 545 4942 2115 5017">
     <span class='ocr_line' id='line_1_66' title="bbox 545 4942 2115 5017; baseline 0.007 -21"><span class='ocrx_word' id='word_1_419' title='bbox 545 4942 844 5008; x_wconf 86' lang='lat' dir='ltr'><strong>Timothei,</strong></span> <span class='ocrx_word' id='word_1_420' title='bbox 881 4945 1188 4999; x_wconf 87' lang='lat' dir='ltr'><strong>secundum</strong></span> <span class='ocrx_word' id='word_1_421' title='bbox 1225 4947 1627 5017; x_wconf 80' lang='lat' dir='ltr'><strong>longitudinem</strong></span> <span class='ocrx_word' id='word_1_422' title='bbox 1663 4964 1788 5005; x_wconf 83' lang='lat' dir='ltr'><strong>ante</strong></span> <span class='ocrx_word' id='word_1_423' title='bbox 1834 4952 2006 5007; x_wconf 88' lang='lat' dir='ltr'><strong>altare</strong></span> <span class='ocrx_word' id='word_1_424' title='bbox 2047 4952 2115 5007; x_wconf 87' lang='lat' dir='ltr'><strong>ad</strong></span> 
     </span>
    </p>
   </div>
   <div class='ocr_carea' id='block_1_67' title="bbox 544 5035 2116 5109">
    <p class='ocr_par' dir='ltr' id='par_1_67' title="bbox 544 5035 2116 5109">
     <span class='ocr_line' id='line_1_67' title="bbox 544 5035 2116 5109; baseline 0.008 -21"><span class='ocrx_word' id='word_1_425' title='bbox 544 5035 718 5090; x_wconf 86' lang='lat' dir='ltr'><strong>basim</strong></span> <span class='ocrx_word' id='word_1_426' title='bbox 740 5038 859 5105; x_wconf 86' lang='lat' dir='ltr'><strong>ejus</strong></span> <span class='ocrx_word' id='word_1_427' title='bbox 874 5039 1332 5101; x_wconf 84' lang='lat' dir='ltr'><strong>contumulatum,</strong></span> <span class='ocrx_word' id='word_1_428' title='bbox 1347 5041 1676 5109; x_wconf 86' lang='lat' dir='ltr'><strong>requiescit:</strong></span> <span class='ocrx_word' id='word_1_429' title='bbox 1699 5043 1847 5099; x_wconf 91' lang='lat' dir='ltr'><strong>hunc</strong></span> <span class='ocrx_word' id='word_1_430' title='bbox 1865 5045 2012 5098; x_wconf 89' lang='lat' dir='ltr'><strong>enim</strong></span> <span class='ocrx_word' id='word_1_431' title='bbox 2031 5046 2116 5100; x_wconf 87' lang='lat' dir='ltr'><strong>lo-</strong></span> 
     </span>
    </p>
   </div>
   <div class='ocr_carea' id='block_1_68' title="bbox 543 5128 2112 5209">
    <p class='ocr_par' dir='ltr' id='par_1_68' title="bbox 543 5128 2112 5209">
     <span class='ocr_line' id='line_1_68' title="bbox 543 5128 2112 5209; baseline 0.008 -28"><span class='ocrx_word' id='word_1_432' title='bbox 543 5144 668 5182; x_wconf 83' lang='lat' dir='ltr'><strong>cum</strong></span> <span class='ocrx_word' id='word_1_433' title='bbox 691 5128 807 5197; x_wconf 90' lang='lat' dir='ltr'><strong>ipse</strong></span> <span class='ocrx_word' id='word_1_434' title='bbox 832 5130 1106 5185; x_wconf 83' lang='lat' dir='ltr'><strong>sibivivus</strong></span> <span class='ocrx_word' id='word_1_435' title='bbox 1125 5132 1462 5202; x_wconf 79' lang='lat' dir='ltr'><strong>elegerat,ut</strong></span> <span class='ocrx_word' id='word_1_436' title='bbox 1480 5148 1688 5204; x_wconf 90' lang='lat' dir='ltr'><strong>corpus</strong></span> <span class='ocrx_word' id='word_1_437' title='bbox 1719 5151 1882 5190; x_wconf 89' lang='lat' dir='ltr'><strong>suum</strong></span> <span class='ocrx_word' id='word_1_438' title='bbox 1899 5144 1966 5192; x_wconf 83' lang='lat' dir='ltr'><strong>ne</strong></span> <span class='ocrx_word' id='word_1_439' title='bbox 1988 5150 2112 5209; x_wconf 88' lang='lat' dir='ltr'><strong>post</strong></span> 
     </span>
    </p>
   </div>
   <div class='ocr_carea' id='block_1_69' title="bbox 544 5220 2107 5293">
    <p class='ocr_par' dir='ltr' id='par_1_69' title="bbox 544 5220 2107 5293">
     <span class='ocr_line' id='line_1_69' title="bbox 544 5220 2107 5293; baseline 0.008 -19"><span class='ocrx_word' id='word_1_440' title='bbox 544 5220 759 5275; x_wconf 91' lang='lat' dir='ltr'><strong>obitum</strong></span> <span class='ocrx_word' id='word_1_441' title='bbox 790 5222 1015 5291; x_wconf 86' lang='lat' dir='ltr'><strong>quidem</strong></span> <span class='ocrx_word' id='word_1_442' title='bbox 1066 5223 1288 5293; x_wconf 82' lang='lat' dir='ltr'><strong>longius</strong></span> <span class='ocrx_word' id='word_1_443' title='bbox 1316 5240 1346 5277; x_wconf 91' lang='lat' dir='ltr'><strong>a</strong></span> <span class='ocrx_word' id='word_1_444' title='bbox 1382 5236 1572 5280; x_wconf 86' lang='lat' dir='ltr'><strong>sancto</strong></span> <span class='ocrx_word' id='word_1_445' title='bbox 1603 5227 1761 5281; x_wconf 88' lang='lat' dir='ltr'><strong>altari</strong></span> <span class='ocrx_word' id='word_1_446' title='bbox 1799 5231 2107 5287; x_wconf 86' lang='lat' dir='ltr'><strong>recederet.</strong></span> 
     </span>
    </p>
   </div>
   <div class='ocr_carea' id='block_1_70' title="bbox 542 5313 2113 5391">
    <p class='ocr_par' dir='ltr' id='par_1_70' title="bbox 542 5313 2113 5391">
     <span class='ocr_line' id='line_1_70' title="bbox 542 5313 2113 5391; baseline 0.009 -25"><span class='ocrx_word' id='word_1_447' title='bbox 542 5313 683 5377; x_wconf 82' lang='lat' dir='ltr'><strong>Quia</strong></span> <span class='ocrx_word' id='word_1_448' title='bbox 707 5328 833 5368; x_wconf 91' lang='lat' dir='ltr'><strong>cum</strong></span> <span class='ocrx_word' id='word_1_449' title='bbox 855 5314 1037 5368; x_wconf 89' lang='lat' dir='ltr'><strong>anima</strong></span> <span class='ocrx_word' id='word_1_450' title='bbox 1059 5315 1267 5369; x_wconf 73' lang='lat' dir='ltr'><strong>cmlesti</strong></span> <span class='ocrx_word' id='word_1_451' title='bbox 1308 5317 1591 5371; x_wconf 90' lang='lat' dir='ltr'><strong>assisteret</strong></span> <span class='ocrx_word' id='word_1_452' title='bbox 1607 5319 1765 5373; x_wconf 86' lang='lat' dir='ltr'><strong>altari</strong></span> <span class='ocrx_word' id='word_1_453' title='bbox 1782 5320 1966 5391; x_wconf 85' lang='lat' dir='ltr'><strong>ibique</strong></span> <span class='ocrx_word' id='word_1_454' title='bbox 1986 5340 2113 5379; x_wconf 90' lang='lat' dir='ltr'><strong>cum</strong></span> 
     </span>
    </p>
   </div>
   <div class='ocr_carea' id='block_1_71' title="bbox 528 5407 2112 5485">
    <p class='ocr_par' dir='ltr' id='par_1_71' title="bbox 528 5407 2112 5485">
     <span class='ocr_line' id='line_1_71' title="bbox 528 5407 2112 5485; baseline 0.003 -25"><span class='ocrx_word' id='word_1_455' title='bbox 528 5407 968 5477; x_wconf 77' lang='lat' dir='ltr'><strong>isanctisangelis</strong></span> <span class='ocrx_word' id='word_1_456' title='bbox 992 5416 1049 5461; x_wconf 90' lang='lat' dir='ltr'><strong>et</strong></span> <span class='ocrx_word' id='word_1_457' title='bbox 1075 5408 1337 5476; x_wconf 88' lang='lat' dir='ltr'><strong>apostolis</strong></span> <span class='ocrx_word' id='word_1_458' title='bbox 1357 5423 1455 5477; x_wconf 94' lang='lat' dir='ltr'><strong>pro</strong></span> <span class='ocrx_word' id='word_1_459' title='bbox 1486 5408 1744 5464; x_wconf 85' lang='lat' dir='ltr'><strong>universo</strong></span> <span class='ocrx_word' id='word_1_460' title='bbox 1769 5415 2112 5485; x_wconf 81' lang='lat' dir='ltr'><strong>populoprc—</strong></span> 
     </span>
    </p>
   </div>
   <div class='ocr_carea' id='block_1_72' title="bbox 613 5523 2109 5591">
    <p class='ocr_par' dir='ltr' id='par_1_72' title="bbox 613 5523 2109 5591">
     <span class='ocr_line' id='line_1_72' title="bbox 613 5523 2109 5591; baseline 0.009 -17"><span class='ocrx_word' id='word_1_461' title='bbox 613 5523 724 5591; x_wconf 82' lang='lat'><strong>(78)</strong></span> <span class='ocrx_word' id='word_1_462' title='bbox 767 5525 935 5578; x_wconf 80' lang='lat' dir='ltr'><strong>Zimts</strong></span> <span class='ocrx_word' id='word_1_463' title='bbox 982 5526 1165 5589; x_wconf 87' lang='lat' dir='ltr'><strong>vertit,</strong></span> <span class='ocrx_word' id='word_1_464' title='bbox 1219 5525 1394 5579; x_wconf 71' lang='lat' dir='ltr'><strong>«Cum</strong></span> <span class='ocrx_word' id='word_1_465' title='bbox 1452 5526 1637 5580; x_wconf 82' lang='lat' dir='ltr'><strong>multae</strong></span> <span class='ocrx_word' id='word_1_466' title='bbox 1677 5528 1840 5582; x_wconf 84' lang='lat' dir='ltr'><strong>etiam</strong></span> <span class='ocrx_word' id='word_1_467' title='bbox 1891 5532 2109 5589; x_wconf 81' lang='lat' dir='ltr'><strong>feminae</strong></span> 
     </span>
    </p>
   </div>
   <div class='ocr_carea' id='block_1_73' title="bbox 538 5596 2107 5663">
    <p class='ocr_par' dir='ltr' id='par_1_73' title="bbox 538 5596 2107 5663">
     <span class='ocr_line' id='line_1_73' title="bbox 538 5596 2107 5663; baseline 0.008 -17"><span class='ocrx_word' id='word_1_468' title='bbox 538 5596 1031 5650; x_wconf 77' lang='lat' dir='ltr'><strong>aceetlerentonus</strong></span> <span class='ocrx_word' id='word_1_469' title='bbox 1066 5597 1118 5651; x_wconf 90' lang='lat' dir='ltr'><strong>in</strong></span> <span class='ocrx_word' id='word_1_470' title='bbox 1170 5603 1327 5650; x_wconf 85' lang='lat' dir='ltr'><strong>utero</strong></span> <span class='ocrx_word' id='word_1_471' title='bbox 1375 5605 1716 5663; x_wconf 70' lang='lat' dir='ltr'><strong>gestantes.»</strong></span> <span class='ocrx_word' id='word_1_472' title='bbox 1762 5600 1866 5654; x_wconf 83' lang='lat' dir='ltr'><strong>Sed</strong></span> <span class='ocrx_word' id='word_1_473' title='bbox 1921 5604 2107 5659; x_wconf 82' lang='lat' dir='ltr'><strong>Graeca</strong></span> 
     </span>
    </p>
   </div>
   <div class='ocr_carea' id='block_1_74' title="bbox 540 5663 2108 5743">
    <p class='ocr_par' dir='ltr' id='par_1_74' title="bbox 540 5663 2108 5743">
     <span class='ocr_line' id='line_1_74' title="bbox 540 5663 2108 5743; baseline 0.008 -29"><span class='ocrx_word' id='word_1_474' title='bbox 540 5663 690 5742; x_wconf 80' lang='lat' dir='ltr'><strong>aliud</strong></span> <span class='ocrx_word' id='word_1_475' title='bbox 718 5682 967 5743; x_wconf 37' lang='lat' dir='ltr'><strong>.prorsus</strong></span> <span class='ocrx_word' id='word_1_476' title='bbox 1002 5668 1275 5743; x_wconf 72' lang='lat' dir='ltr'><strong>indicant.</strong></span> <span class='ocrx_word' id='word_1_477' title='bbox 1327 5667 1759 5743; x_wconf 42' lang='lat' dir='ltr'><strong>qualenscilicet</strong></span> <span class='ocrx_word' id='word_1_478' title='bbox 1798 5669 1851 5723; x_wconf 90' lang='lat' dir='ltr'><strong>in</strong></span> <span class='ocrx_word' id='word_1_479' title='bbox 1913 5688 2108 5743; x_wconf 83' lang='lat' dir='ltr'><strong>magno</strong></span> 
     </span>
    </p>
   </div>
   <div class='ocr_carea' id='block_1_75' title="bbox 540 5733 2113 5859">
    <p class='ocr_par' dir='ltr' id='par_1_75' title="bbox 540 5733 2113 5859">
     <span class='ocr_line' id='line_1_75' title="bbox 540 5733 2113 5859; baseline 0.011 -78"><span class='ocrx_word' id='word_1_480' title='bbox 540 5733 753 5812; x_wconf 76' lang='lat' dir='ltr'><strong>visendi</strong></span> <span class='ocrx_word' id='word_1_481' title='bbox 785 5738 970 5859; x_wconf 65' lang='lat' dir='ltr'><strong>sltndio</strong></span> <span class='ocrx_word' id='word_1_482' title='bbox 994 5737 1110 5791; x_wconf 71' lang='lat' dir='ltr'><strong>fieri</strong></span> <span class='ocrx_word' id='word_1_483' title='bbox 1149 5738 1310 5800; x_wconf 78' lang='lat' dir='ltr'><strong>solet,</strong></span> <span class='ocrx_word' id='word_1_484' title='bbox 1348 5733 1408 5790; x_wconf 85' lang='lat' dir='ltr'><strong>ut</strong></span> <span class='ocrx_word' id='word_1_485' title='bbox 1457 5736 1688 5791; x_wconf 84' lang='lat' dir='ltr'><strong>aliorum</strong></span> <span class='ocrx_word' id='word_1_486' title='bbox 1738 5739 1987 5797; x_wconf 82' lang='lat' dir='ltr'><strong>humeris</strong></span> <span class='ocrx_word' id='word_1_487' title='bbox 2004 5733 2113 5798; x_wconf 47' lang='lat' dir='ltr'><strong>Vin-</strong></span> 
     </span>
     <span class='ocr_line' id='line_1_76' title="bbox 541 5807 879 5859; baseline 0.018 -6"><span class='ocrx_word' id='word_1_488' title='bbox 541 5813 738 5857; x_wconf 70' lang='lat' dir='ltr'><strong>etstant</strong></span> <span class='ocrx_word' id='word_1_489' title='bbox 766 5822 793 5858; x_wconf 88' lang='lat' dir='ltr'><strong>a</strong></span> <span class='ocrx_word' id='word_1_490' title='bbox 823 5807 879 5859; x_wconf 93' lang='lat' dir='ltr'><strong>ii.</strong></span> 
     </span>
    </p>
   </div>
   <div class='ocr_carea' id='block_1_76' title="bbox 541 5807 879 5859">
    <p class='ocr_par' dir='ltr' id='par_1_76' title="bbox 541 5807 879 5859">
     <span class='ocr_line' id='line_1_77' title="bbox 541 5807 879 5859; baseline 0.018 -6"><span class='ocrx_word' id='word_1_491' title='bbox 541 5807 738 5857; x_wconf 84' lang='lat' dir='ltr'><strong>sistant</strong></span> <span class='ocrx_word' id='word_1_492' title='bbox 766 5807 879 5859; x_wconf 88' lang='lat' dir='ltr'><strong>alii.</strong></span> 
     </span>
    </p>
   </div>
   <div class='ocr_carea' id='block_1_77' title="bbox 610 5875 2119 5946">
    <p class='ocr_par' dir='ltr' id='par_1_77' title="bbox 610 5875 2119 5946">
     <span class='ocr_line' id='line_1_78' title="bbox 610 5875 2119 5946; baseline 0.005 -17"><span class='ocrx_word' id='word_1_493' title='bbox 610 5875 721 5937; x_wconf 70' lang='lat'><strong>179)</strong></span> <span class='ocrx_word' id='word_1_494' title='bbox 780 5877 1217 5929; x_wconf 77' lang='lat' dir='ltr'><strong>Ultscurissimns</strong></span> <span class='ocrx_word' id='word_1_495' title='bbox 1276 5879 1377 5933; x_wconf 83' lang='lat' dir='ltr'><strong>hoc</strong></span> <span class='ocrx_word' id='word_1_496' title='bbox 1419 5880 1571 5941; x_wconf 82' lang='lat' dir='ltr'><strong>loco,</strong></span> <span class='ocrx_word' id='word_1_497' title='bbox 1621 5880 1830 5946; x_wconf 77' lang='lat' dir='ltr'><strong>fateor,</strong></span> <span class='ocrx_word' id='word_1_498' title='bbox 1899 5880 2119 5937; x_wconf 73' lang='lat' dir='ltr'><strong>Grmcus</strong></span> 
     </span>
    </p>
   </div>
   <div class='ocr_carea' id='block_1_78' title="bbox 537 5951 2115 6018">
    <p class='ocr_par' dir='ltr' id='par_1_78' title="bbox 537 5951 2115 6018">
     <span class='ocr_line' id='line_1_79' title="bbox 537 5951 2115 6018; baseline 0.01 -23"><span class='ocrx_word' id='word_1_499' title='bbox 537 5954 718 5997; x_wconf 75' lang='lat' dir='ltr'><strong>textus</strong></span> <span class='ocrx_word' id='word_1_500' title='bbox 785 5956 885 6008; x_wconf 82' lang='lat' dir='ltr'><strong>est,</strong></span> <span class='ocrx_word' id='word_1_501' title='bbox 966 5964 1236 6018; x_wconf 83' lang='lat' dir='ltr'><strong>quemque</strong></span> <span class='ocrx_word' id='word_1_502' title='bbox 1297 5952 1380 6003; x_wconf 72' lang='lat' dir='ltr'><strong>vix</strong></span> <span class='ocrx_word' id='word_1_503' title='bbox 1444 5951 1659 6006; x_wconf 81' lang='lat' dir='ltr'><strong>demunt</strong></span> <span class='ocrx_word' id='word_1_504' title='bbox 1733 5953 1915 6008; x_wconf 82' lang='lat' dir='ltr'><strong>addita</strong></span> <span class='ocrx_word' id='word_1_505' title='bbox 1981 5970 2115 6010; x_wconf 85' lang='lat' dir='ltr'><strong>voce</strong></span> 
     </span>
    </p>
   </div>
   <div class='ocr_carea' id='block_1_79' title="bbox 510 6488 535 6508">
    <p class='ocr_par' dir='ltr' id='par_1_79' title="bbox 510 6488 535 6508">
     <span class='ocr_line' id='line_1_80' title="bbox 510 6488 535 6495; baseline 0 -2"><span class='ocrx_word' id='word_1_506' title='bbox 510 6488 535 6495; x_wconf 72' lang='grc'><strong>.-</strong></span> 
     </span>
     <span class='ocr_line' id='line_1_81' title="bbox 510 6498 535 6508; baseline 0 0"><span class='ocrx_word' id='word_1_507' title='bbox 510 6498 535 6508; x_wconf 57' lang='grc' dir='ltr'><em>ε</em></span> 
     </span>
    </p>
   </div>
   <div class='ocr_carea' id='block_1_80' title="bbox 2236 2095 3814 2169">
    <p class='ocr_par' dir='ltr' id='par_1_80' title="bbox 2236 2095 3814 2169">
     <span class='ocr_line' id='line_1_82' title="bbox 2236 2095 3814 2169; baseline 0.003 -23"><span class='ocrx_word' id='word_1_508' title='bbox 2236 2095 2421 2164; x_wconf 84' lang='grc' dir='ltr'>κείνης</span> <span class='ocrx_word' id='word_1_509' title='bbox 2448 2095 2775 2167; x_wconf 80' lang='grc' dir='ltr'>πεμπούσης</span> <span class='ocrx_word' id='word_1_510' title='bbox 2800 2096 3014 2164; x_wconf 78' lang='grc' dir='ltr'>ὄφελος,</span> <span class='ocrx_word' id='word_1_511' title='bbox 3040 2097 3271 2167; x_wconf 78' lang='grc' dir='ltr'><strong>πλήρεις</strong></span> <span class='ocrx_word' id='word_1_512' title='bbox 3301 2099 3356 2149; x_wconf 84' lang='grc' dir='ltr'>αἱ</span> <span class='ocrx_word' id='word_1_513' title='bbox 3386 2099 3604 2169; x_wconf 75' lang='grc' dir='ltr'>ἀγοραὶ,</span> <span class='ocrx_word' id='word_1_514' title='bbox 3634 2102 3814 2164; x_wconf 74' lang='grc' dir='ltr'>στοαὶ,</span> 
     </span>
    </p>
   </div>
   <div class='ocr_carea' id='block_1_81' title="bbox 2223 2185 3816 2258">
    <p class='ocr_par' dir='ltr' id='par_1_81' title="bbox 2223 2185 3816 2258">
     <span class='ocr_line' id='line_1_83' title="bbox 2223 2185 3816 2258; baseline 0.003 -21"><span class='ocrx_word' id='word_1_515' title='bbox 2223 2185 2445 2254; x_wconf 83' lang='grc' dir='ltr'>διόροφα</span> <span class='ocrx_word' id='word_1_516' title='bbox 2476 2187 2572 2239; x_wconf 74' lang='grc' dir='ltr'><strong>καὶ</strong></span> <span class='ocrx_word' id='word_1_517' title='bbox 2600 2188 2863 2258; x_wconf 72' lang='grc' dir='ltr'>τριόροφα</span> <span class='ocrx_word' id='word_1_518' title='bbox 2885 2188 2979 2241; x_wconf 77' lang='grc' dir='ltr'>καὶ</span> <span class='ocrx_word' id='word_1_519' title='bbox 3005 2188 3075 2241; x_wconf 80' lang='grc' dir='ltr'>τὰ</span> <span class='ocrx_word' id='word_1_520' title='bbox 3098 2190 3241 2257; x_wconf 83' lang='grc' dir='ltr'>ὑπὲρ</span> <span class='ocrx_word' id='word_1_521' title='bbox 3271 2192 3478 2242; x_wconf 83' lang='grc' dir='ltr'>τούτων</span> <span class='ocrx_word' id='word_1_522' title='bbox 3499 2206 3512 2219; x_wconf 81' lang='grc'><em>’</em></span> <span class='ocrx_word' id='word_1_523' title='bbox 3546 2190 3816 2242; x_wconf 79' lang='grc' dir='ltr'>ἐπέκεινα</span> 
     </span>
    </p>
   </div>
   <div class='ocr_carea' id='block_1_82' title="bbox 2223 2277 3815 2351">
    <p class='ocr_par' dir='ltr' id='par_1_82' title="bbox 2223 2277 3815 2351">
     <span class='ocr_line' id='line_1_84' title="bbox 2223 2277 3815 2351; baseline 0.002 -21"><span class='ocrx_word' id='word_1_524' title='bbox 2223 2277 2333 2330; x_wconf 84' lang='grc' dir='ltr'><strong>τῶν</strong></span> <span class='ocrx_word' id='word_1_525' title='bbox 2377 2281 2582 2331; x_wconf 78' lang='grc' dir='ltr'>ἐκεῖνον</span> <span class='ocrx_word' id='word_1_526' title='bbox 2631 2281 3141 2350; x_wconf 74' lang='grc' dir='ltr'><strong>παραπεμπόντων,</strong></span> <span class='ocrx_word' id='word_1_527' title='bbox 3195 2282 3651 2351; x_wconf 85' lang='grc' dir='ltr'>προηγουμένων,</span> <span class='ocrx_word' id='word_1_528' title='bbox 3677 2284 3815 2333; x_wconf 80' lang='grc' dir='ltr'>ἐπο-</span> 
     </span>
    </p>
   </div>
   <div class='ocr_carea' id='block_1_83' title="bbox 2228 2369 3818 2442">
    <p class='ocr_par' dir='ltr' id='par_1_83' title="bbox 2228 2369 3818 2442">
     <span class='ocr_line' id='line_1_85' title="bbox 2228 2369 3818 2442; baseline 0.002 -21"><span class='ocrx_word' id='word_1_529' title='bbox 2228 2369 2431 2437; x_wconf 86' lang='grc' dir='ltr'>μένων,</span> <span class='ocrx_word' id='word_1_530' title='bbox 2488 2369 2740 2440; x_wconf 84' lang='grc' dir='ltr'>ἀλλήλοις</span> <span class='ocrx_word' id='word_1_531' title='bbox 2779 2372 3245 2441; x_wconf 83' lang='grc' dir='ltr'>ἐπεμϐαινόντων,</span> <span class='ocrx_word' id='word_1_532' title='bbox 3310 2372 3570 2442; x_wconf 79' lang='grc' dir='ltr'>μυριάδες</span> <span class='ocrx_word' id='word_1_533' title='bbox 3619 2372 3818 2440; x_wconf 78' lang='grc' dir='ltr'><strong>γένους</strong></span> 
     </span>
    </p>
   </div>
   <div class='ocr_carea' id='block_1_84' title="bbox 2226 2462 3816 2536">
    <p class='ocr_par' dir='ltr' id='par_1_84' title="bbox 2226 2462 3816 2536">
     <span class='ocr_line' id='line_1_86' title="bbox 2226 2462 3816 2536; baseline 0.003 -23"><span class='ocrx_word' id='word_1_534' title='bbox 2226 2463 2450 2525; x_wconf 79' lang='grc' dir='ltr'>παντὸς,</span> <span class='ocrx_word' id='word_1_535' title='bbox 2500 2463 2687 2533; x_wconf 80' lang='grc' dir='ltr'>ἡλικία</span> <span class='ocrx_word' id='word_1_536' title='bbox 2740 2467 2892 2519; x_wconf 80' lang='grc' dir='ltr'>πᾶσα</span> <span class='ocrx_word' id='word_1_537' title='bbox 2937 2466 2987 2518; x_wconf 84' lang='grc' dir='ltr'>οἱ</span> <span class='ocrx_word' id='word_1_538' title='bbox 3028 2466 3158 2536; x_wconf 81' lang='grc' dir='ltr'>περὶ</span> <span class='ocrx_word' id='word_1_539' title='bbox 3199 2466 3291 2520; x_wconf 78' lang='grc' dir='ltr'><strong>τὸν</strong></span> <span class='ocrx_word' id='word_1_540' title='bbox 3355 2462 3580 2534; x_wconf 73' lang='grc' dir='ltr'>βασιλέα</span> <span class='ocrx_word' id='word_1_541' title='bbox 3604 2466 3816 2532; x_wconf 76' lang='grc' dir='ltr'>ἔνδοξοι</span> 
     </span>
    </p>
   </div>
   <div class='ocr_carea' id='block_1_85' title="bbox 2225 2555 3817 2629">
    <p class='ocr_par' dir='ltr' id='par_1_85' title="bbox 2225 2555 3817 2629">
     <span class='ocr_line' id='line_1_87' title="bbox 2225 2555 3817 2629; baseline 0.003 -22"><span class='ocrx_word' id='word_1_542' title='bbox 2225 2555 2447 2619; x_wconf 79' lang='grc' dir='ltr'>πάντες,</span> <span class='ocrx_word' id='word_1_543' title='bbox 2480 2555 2773 2626; x_wconf 76' lang='grc' dir='ltr'>ἐξαιρέτως</span> <span class='ocrx_word' id='word_1_544' title='bbox 2810 2558 2868 2611; x_wconf 86' lang='grc' dir='ltr'>δὲ</span> <span class='ocrx_word' id='word_1_545' title='bbox 2901 2560 2929 2610; x_wconf 91' lang='grc' dir='ltr'><strong>ό</strong></span> <span class='ocrx_word' id='word_1_546' title='bbox 2955 2559 3050 2610; x_wconf 81' lang='grc' dir='ltr'>τοῦ</span> <span class='ocrx_word' id='word_1_547' title='bbox 3070 2559 3244 2629; x_wconf 83' lang='grc' dir='ltr'>δήμου</span> <span class='ocrx_word' id='word_1_548' title='bbox 3274 2561 3373 2629; x_wconf 78' lang='grc' dir='ltr'>τὴν</span> <span class='ocrx_word' id='word_1_549' title='bbox 3428 2558 3688 2623; x_wconf 78' lang='grc' dir='ltr'>εὐταξίαν</span> <span class='ocrx_word' id='word_1_550' title='bbox 3719 2576 3817 2611; x_wconf 85' lang='grc' dir='ltr'>πε-</span> 
     </span>
    </p>
   </div>
   <div class='ocr_carea' id='block_1_86' title="bbox 2226 2648 3808 2721">
    <p class='ocr_par' dir='ltr' id='par_1_86' title="bbox 2226 2648 3808 2721">
     <span class='ocr_line' id='line_1_88' title="bbox 2226 2648 3808 2721; baseline 0.002 -23"><span class='ocrx_word' id='word_1_551' title='bbox 2226 2649 2593 2717; x_wconf 80' lang='grc' dir='ltr'>πιστευμένος</span> <span class='ocrx_word' id='word_1_552' title='bbox 2652 2648 2921 2719; x_wconf 76' lang='grc' dir='ltr'><strong>ἔπαρχος,</strong></span> <span class='ocrx_word' id='word_1_553' title='bbox 2987 2649 3047 2713; x_wconf 89' lang='grc' dir='ltr'>ὃς</span> <span class='ocrx_word' id='word_1_554' title='bbox 3118 2651 3328 2714; x_wconf 78' lang='grc' dir='ltr'>πάντας</span> <span class='ocrx_word' id='word_1_555' title='bbox 3384 2652 3808 2721; x_wconf 82' lang='grc' dir='ltr'>ὑπερενίκησεν,</span> 
     </span>
    </p>
   </div>
   <div class='ocr_carea' id='block_1_87' title="bbox 2225 2740 3814 2815">
    <p class='ocr_par' dir='ltr' id='par_1_87' title="bbox 2225 2740 3814 2815">
     <span class='ocr_line' id='line_1_89' title="bbox 2225 2740 3814 2815; baseline 0.001 -24"><span class='ocrx_word' id='word_1_556' title='bbox 2225 2740 2465 2810; x_wconf 86' lang='grc' dir='ltr'>τιμήσας</span> <span class='ocrx_word' id='word_1_557' title='bbox 2502 2741 2953 2810; x_wconf 82' lang='grc' dir='ltr'>ὑπερϐαλλόντως</span> <span class='ocrx_word' id='word_1_558' title='bbox 2980 2741 3077 2795; x_wconf 80' lang='grc' dir='ltr'>τοῦ</span> <span class='ocrx_word' id='word_1_559' title='bbox 3129 2742 3288 2811; x_wconf 90' lang='grc' dir='ltr'>ἁγίου</span> <span class='ocrx_word' id='word_1_560' title='bbox 3326 2744 3427 2813; x_wconf 77' lang='grc' dir='ltr'><strong>τὴν</strong></span> <span class='ocrx_word' id='word_1_561' title='bbox 3454 2743 3814 2815; x_wconf 72' lang='grc' dir='ltr'>προπομπὴν,</span> 
     </span>
    </p>
   </div>
   <div class='ocr_carea' id='block_1_88' title="bbox 2230 2832 3815 2906">
    <p class='ocr_par' dir='ltr' id='par_1_88' title="bbox 2230 2832 3815 2906">
     <span class='ocr_line' id='line_1_90' title="bbox 2230 2832 3815 2906; baseline 0.004 -23"><span class='ocrx_word' id='word_1_562' title='bbox 2230 2832 2428 2900; x_wconf 83' lang='grc' dir='ltr'>μικροῦ</span> <span class='ocrx_word' id='word_1_563' title='bbox 2458 2833 2568 2885; x_wconf 84' lang='grc' dir='ltr'>δεῖν</span> <span class='ocrx_word' id='word_1_564' title='bbox 2598 2834 2693 2886; x_wconf 79' lang='grc' dir='ltr'>καὶ</span> <span class='ocrx_word' id='word_1_565' title='bbox 2733 2836 2898 2899; x_wconf 74' lang='grc' dir='ltr'>αὐτὸς</span> <span class='ocrx_word' id='word_1_566' title='bbox 2929 2838 3112 2906; x_wconf 81' lang='grc' dir='ltr'>παρῆν</span> <span class='ocrx_word' id='word_1_567' title='bbox 3136 2837 3164 2887; x_wconf 80' lang='grc' dir='ltr'><strong>ό</strong></span> <span class='ocrx_word' id='word_1_568' title='bbox 3202 2834 3476 2905; x_wconf 81' lang='grc' dir='ltr'>βασιλεὺς,</span> <span class='ocrx_word' id='word_1_569' title='bbox 3508 2835 3626 2891; x_wconf 83' lang='grc' dir='ltr'>ἀλλ’</span> <span class='ocrx_word' id='word_1_570' title='bbox 3677 2837 3815 2903; x_wconf 62' lang='lat' dir='ltr'><strong>Equ—</strong></span> 
     </span>
    </p>
   </div>
   <div class='ocr_carea' id='block_1_89' title="bbox 2225 2923 3815 2998">
    <p class='ocr_par' dir='ltr' id='par_1_89' title="bbox 2225 2923 3815 2998">
     <span class='ocr_line' id='line_1_91' title="bbox 2225 2923 3815 2998; baseline 0.004 -23"><span class='ocrx_word' id='word_1_571' title='bbox 2225 2923 2383 2988; x_wconf 81' lang='grc' dir='ltr'>λαξεν</span> <span class='ocrx_word' id='word_1_572' title='bbox 2414 2926 2733 2996; x_wconf 83' lang='grc' dir='ltr'>πρεπόντως</span> <span class='ocrx_word' id='word_1_573' title='bbox 2754 2926 2848 2980; x_wconf 79' lang='grc' dir='ltr'>τοῦ</span> <span class='ocrx_word' id='word_1_574' title='bbox 2872 2926 3004 2981; x_wconf 86' lang='grc' dir='ltr'>λαοῦ</span> <span class='ocrx_word' id='word_1_575' title='bbox 3036 2928 3098 2980; x_wconf 83' lang='grc' dir='ltr'>τὸ</span> <span class='ocrx_word' id='word_1_576' title='bbox 3123 2928 3433 2998; x_wconf 79' lang='grc' dir='ltr'>ἁσύγχυτον</span> <span class='ocrx_word' id='word_1_577' title='bbox 3460 2945 3472 2959; x_wconf 90' lang='grc'>·</span> <span class='ocrx_word' id='word_1_578' title='bbox 3513 2930 3625 2981; x_wconf 81' lang='grc' dir='ltr'><strong>πᾶν</strong></span> <span class='ocrx_word' id='word_1_579' title='bbox 3651 2928 3815 2997; x_wconf 84' lang='grc' dir='ltr'>γένος</span> 
     </span>
    </p>
   </div>
   <div class='ocr_carea' id='block_1_90' title="bbox 2228 3021 3814 3095">
    <p class='ocr_par' dir='ltr' id='par_1_90' title="bbox 2228 3021 3814 3095">
     <span class='ocr_line' id='line_1_92' title="bbox 2228 3021 3814 3095; baseline 0.004 -25"><span class='ocrx_word' id='word_1_580' title='bbox 2228 3022 2509 3089; x_wconf 84' lang='grc' dir='ltr'>στρατιᾶς,</span> <span class='ocrx_word' id='word_1_581' title='bbox 2574 3022 2726 3074; x_wconf 81' lang='grc' dir='ltr'>πᾶσα</span> <span class='ocrx_word' id='word_1_582' title='bbox 2772 3021 2924 3086; x_wconf 84' lang='grc' dir='ltr'>τάξις</span> <span class='ocrx_word' id='word_1_583' title='bbox 2972 3023 3254 3095; x_wconf 73' lang='grc' dir='ltr'>ἱερατικῆς</span> <span class='ocrx_word' id='word_1_584' title='bbox 3292 3023 3657 3093; x_wconf 84' lang='grc' dir='ltr'>λειτουργίας,</span> <span class='ocrx_word' id='word_1_585' title='bbox 3723 3040 3814 3092; x_wconf 80' lang='grc' dir='ltr'><strong>μο-</strong></span> 
     </span>
    </p>
   </div>
   <div class='ocr_carea' id='block_1_91' title="bbox 2226 3111 3813 3187">
    <p class='ocr_par' dir='ltr' id='par_1_91' title="bbox 2226 3111 3813 3187">
     <span class='ocr_line' id='line_1_93' title="bbox 2226 3111 3813 3187; baseline 0.003 -24"><span class='ocrx_word' id='word_1_586' title='bbox 2226 3111 2438 3165; x_wconf 87' lang='grc' dir='ltr'>ναστῶν</span> <span class='ocrx_word' id='word_1_587' title='bbox 2460 3113 2664 3182; x_wconf 81' lang='grc' dir='ltr'>ἄπειρα</span> <span class='ocrx_word' id='word_1_588' title='bbox 2693 3114 2895 3185; x_wconf 80' lang='grc' dir='ltr'>πλήθη,</span> <span class='ocrx_word' id='word_1_589' title='bbox 2916 3115 3226 3187; x_wconf 78' lang='grc' dir='ltr'>ψαλμῳδίαι</span> <span class='ocrx_word' id='word_1_590' title='bbox 3252 3116 3471 3187; x_wconf 83' lang='grc' dir='ltr'>θρήνοις</span> <span class='ocrx_word' id='word_1_591' title='bbox 3497 3115 3813 3186; x_wconf 77' lang='grc' dir='ltr'>ὑπερνικῶ-</span> 
     </span>
    </p>
   </div>
   <div class='ocr_carea' id='block_1_92' title="bbox 2230 3204 3809 3276">
    <p class='ocr_par' dir='ltr' id='par_1_92' title="bbox 2230 3204 3809 3276">
     <span class='ocr_line' id='line_1_94' title="bbox 2230 3204 3809 3276; baseline 0.003 -23"><span class='ocrx_word' id='word_1_592' title='bbox 2230 3217 2411 3271; x_wconf 89' lang='grc' dir='ltr'>μεναι,</span> <span class='ocrx_word' id='word_1_593' title='bbox 2439 3204 2534 3256; x_wconf 70' lang='grc' dir='ltr'>καὶ</span> <span class='ocrx_word' id='word_1_594' title='bbox 2566 3204 2627 3257; x_wconf 86' lang='grc' dir='ltr'><strong>τὸ</strong></span> <span class='ocrx_word' id='word_1_595' title='bbox 2662 3204 2963 3275; x_wconf 67' lang='grc' dir='ltr'><strong>⁴φιλόσοφον</strong></span> <span class='ocrx_word' id='word_1_596' title='bbox 3013 3206 3093 3276; x_wconf 79' lang='grc' dir='ltr'>τῷ</span> <span class='ocrx_word' id='word_1_597' title='bbox 3156 3207 3319 3259; x_wconf 84' lang='grc' dir='ltr'>πάθει</span> <span class='ocrx_word' id='word_1_598' title='bbox 3373 3206 3809 3271; x_wconf 67' lang='grc' dir='ltr'>καταλυόμενον*</span> 
     </span>
    </p>
   </div>
   <div class='ocr_carea' id='block_1_93' title="bbox 2228 3294 3814 3370">
    <p class='ocr_par' dir='ltr' id='par_1_93' title="bbox 2228 3294 3814 3370">
     <span class='ocr_line' id='line_1_95' title="bbox 2228 3294 3814 3370; baseline 0 -21"><span class='ocrx_word' id='word_1_599' title='bbox 2228 3296 2378 3365; x_wconf 86' lang='grc' dir='ltr'>ἁγὼν</span> <span class='ocrx_word' id='word_1_600' title='bbox 2411 3294 2478 3369; x_wconf 75' lang='grc' dir='ltr'><strong>ἦν</strong></span> <span class='ocrx_word' id='word_1_601' title='bbox 2504 3301 2618 3363; x_wconf 87' lang='grc' dir='ltr'>τοῖς</span> <span class='ocrx_word' id='word_1_602' title='bbox 2649 3300 2942 3370; x_wconf 78' lang='grc' dir='ltr'>ἡμετέροις</span> <span class='ocrx_word' id='word_1_603' title='bbox 2998 3300 3137 3369; x_wconf 86' lang='grc' dir='ltr'>πρὸς</span> <span class='ocrx_word' id='word_1_604' title='bbox 3182 3301 3309 3363; x_wconf 81' lang='grc' dir='ltr'>τοὺς</span> <span class='ocrx_word' id='word_1_605' title='bbox 3364 3299 3543 3362; x_wconf 79' lang='grc' dir='ltr'>ἐκτὸς,</span> <span class='ocrx_word' id='word_1_606' title='bbox 3579 3298 3814 3361; x_wconf 83' lang='grc' dir='ltr'>ἐκείνοις</span> 
     </span>
    </p>
   </div>
   <div class='ocr_carea' id='block_1_94' title="bbox 2229 3390 3812 3461">
    <p class='ocr_par' dir='ltr' id='par_1_94' title="bbox 2229 3390 3812 3461">
     <span class='ocr_line' id='line_1_96' title="bbox 2229 3390 3812 3461; baseline 0 -20"><span class='ocrx_word' id='word_1_607' title='bbox 2229 3390 2364 3461; x_wconf 77' lang='grc' dir='ltr'>πρὸς</span> <span class='ocrx_word' id='word_1_608' title='bbox 2392 3392 2561 3461; x_wconf 79' lang='grc' dir='ltr'>ἡμᾶς,</span> <span class='ocrx_word' id='word_1_609' title='bbox 2619 3392 2767 3455; x_wconf 82' lang='grc' dir='ltr'>ὅστις</span> <span class='ocrx_word' id='word_1_610' title='bbox 2808 3392 2968 3445; x_wconf 85' lang='grc' dir='ltr'>πλέον</span> <span class='ocrx_word' id='word_1_611' title='bbox 3020 3391 3505 3460; x_wconf 82' lang='grc' dir='ltr'>ἁποκλαυσὰμενος</span> <span class='ocrx_word' id='word_1_612' title='bbox 3548 3390 3812 3451; x_wconf 83' lang='grc' dir='ltr'>πλειόνως</span> 
     </span>
    </p>
   </div>
   <div class='ocr_carea' id='block_1_95' title="bbox 2233 3484 3811 3553">
    <p class='ocr_par' dir='ltr' id='par_1_95' title="bbox 2233 3484 3811 3553">
     <span class='ocr_line' id='line_1_97' title="bbox 2233 3484 3811 3553; baseline 0.002 -20"><span class='ocrx_word' id='word_1_613' title='bbox 2233 3485 2522 3553; x_wconf 83' lang='grc' dir='ltr'>μετασχεῖν</span> <span class='ocrx_word' id='word_1_614' title='bbox 2546 3484 2645 3553; x_wconf 85' lang='grc' dir='ltr'>τῆς</span> <span class='ocrx_word' id='word_1_615' title='bbox 2678 3485 2968 3553; x_wconf 80' lang='grc' dir='ltr'>ὡφελείας.</span> <span class='ocrx_word' id='word_1_616' title='bbox 3010 3485 3120 3539; x_wconf 81' lang='grc' dir='ltr'>Καὶ</span> <span class='ocrx_word' id='word_1_617' title='bbox 3160 3485 3220 3537; x_wconf 87' lang='grc' dir='ltr'><strong>τὸ</strong></span> <span class='ocrx_word' id='word_1_618' title='bbox 3247 3484 3554 3553; x_wconf 73' lang='grc' dir='ltr'>θαυμαστὸν</span> <span class='ocrx_word' id='word_1_619' title='bbox 3584 3484 3683 3537; x_wconf 75' lang='grc' dir='ltr'><strong>καὶ</strong></span> <span class='ocrx_word' id='word_1_620' title='bbox 3708 3499 3811 3536; x_wconf 81' lang='grc' dir='ltr'>πα-</span> 
     </span>
    </p>
   </div>
   <div class='ocr_carea' id='block_1_96' title="bbox 2233 3574 3811 3649">
    <p class='ocr_par' dir='ltr' id='par_1_96' title="bbox 2233 3574 3811 3649">
     <span class='ocr_line' id='line_1_98' title="bbox 2233 3574 3811 3649; baseline 0 -23"><span class='ocrx_word' id='word_1_621' title='bbox 2233 3574 2472 3644; x_wconf 76' lang='grc' dir='ltr'>ράδοξον,</span> <span class='ocrx_word' id='word_1_622' title='bbox 2514 3577 2635 3629; x_wconf 69' lang='grc' dir='ltr'>οὐδὲ</span> <span class='ocrx_word' id='word_1_623' title='bbox 2654 3579 2733 3639; x_wconf 86' lang='grc' dir='ltr'>εἰς</span> <span class='ocrx_word' id='word_1_624' title='bbox 2754 3579 2997 3631; x_wconf 82' lang='grc' dir='ltr'>κίνδυνόν</span> <span class='ocrx_word' id='word_1_625' title='bbox 3017 3596 3100 3641; x_wconf 85' lang='grc' dir='ltr'><strong>τις</strong></span> <span class='ocrx_word' id='word_1_626' title='bbox 3121 3579 3185 3630; x_wconf 83' lang='grc' dir='ltr'>ὲκ</span> <span class='ocrx_word' id='word_1_627' title='bbox 3215 3577 3488 3649; x_wconf 80' lang='grc' dir='ltr'>μυριάδων</span> <span class='ocrx_word' id='word_1_628' title='bbox 3537 3575 3811 3629; x_wconf 74' lang='grc' dir='ltr'>τοσούτων</span> 
     </span>
    </p>
   </div>
   <div class='ocr_carea' id='block_1_97' title="bbox 2228 3666 3805 3740">
    <p class='ocr_par' dir='ltr' id='par_1_97' title="bbox 2228 3666 3805 3740">
     <span class='ocr_line' id='line_1_99' title="bbox 2228 3666 3805 3740; baseline 0.001 -22"><span class='ocrx_word' id='word_1_629' title='bbox 2228 3667 2576 3737; x_wconf 82' lang='grc' dir='ltr'>περιέπεσεν,</span> <span class='ocrx_word' id='word_1_630' title='bbox 2599 3670 2694 3722; x_wconf 81' lang='grc' dir='ltr'><strong>καὶ</strong></span> <span class='ocrx_word' id='word_1_631' title='bbox 2719 3669 2897 3723; x_wconf 75' lang='grc' dir='ltr'>ταῦτὰ</span> <span class='ocrx_word' id='word_1_632' title='bbox 2916 3688 3075 3723; x_wconf 88' lang='grc' dir='ltr'>τινων</span> <span class='ocrx_word' id='word_1_633' title='bbox 3108 3669 3542 3740; x_wconf 82' lang='grc' dir='ltr'>κατενεχθέντων</span> <span class='ocrx_word' id='word_1_634' title='bbox 3572 3670 3630 3719; x_wconf 88' lang='grc' dir='ltr'><strong>ὲν</strong></span> <span class='ocrx_word' id='word_1_635' title='bbox 3658 3666 3805 3734; x_wconf 80' lang='grc' dir='ltr'>αὐτῷ</span> 
     </span>
    </p>
   </div>
   <div class='ocr_carea' id='block_1_98' title="bbox 2226 3759 3809 3833">
    <p class='ocr_par' dir='ltr' id='par_1_98' title="bbox 2226 3759 3809 3833">
     <span class='ocr_line' id='line_1_100' title="bbox 2226 3759 3809 3833; baseline -0.002 -17"><span class='ocrx_word' id='word_1_636' title='bbox 2226 3761 2305 3832; x_wconf 83' lang='grc' dir='ltr'>τῷ</span> <span class='ocrx_word' id='word_1_637' title='bbox 2342 3762 2497 3833; x_wconf 85' lang='grc' dir='ltr'>βάρει</span> <span class='ocrx_word' id='word_1_638' title='bbox 2529 3764 2639 3815; x_wconf 83' lang='grc' dir='ltr'><strong>τῶν</strong></span> <span class='ocrx_word' id='word_1_639' title='bbox 2671 3765 2729 3817; x_wconf 86' lang='grc' dir='ltr'>ὲν</span> <span class='ocrx_word' id='word_1_640' title='bbox 2762 3763 2948 3826; x_wconf 76' lang='grc' dir='ltr'>αὐτοῖς</span> <span class='ocrx_word' id='word_1_641' title='bbox 2977 3761 3322 3831; x_wconf 77' lang='grc' dir='ltr'>ἐφεστώτων,</span> <span class='ocrx_word' id='word_1_642' title='bbox 3353 3761 3480 3823; x_wconf 80' lang='grc' dir='ltr'>θέας</span> <span class='ocrx_word' id='word_1_643' title='bbox 3501 3760 3691 3814; x_wconf 72' lang='grc' dir='ltr'>ἕνεκεν</span> <span class='ocrx_word' id='word_1_644' title='bbox 3718 3759 3809 3813; x_wconf 77' lang='grc' dir='ltr'><strong>τοῦ</strong></span> 
     </span>
    </p>
   </div>
   <div class='ocr_carea' id='block_1_99' title="bbox 2225 3853 3811 3923">
    <p class='ocr_par' dir='ltr' id='par_1_99' title="bbox 2225 3853 3811 3923">
     <span class='ocr_line' id='line_1_101' title="bbox 2225 3853 3811 3923; baseline 0 -17"><span class='ocrx_word' id='word_1_645' title='bbox 2225 3854 2376 3906; x_wconf 84' lang='grc' dir='ltr'>ὁσίου</span> <span class='ocrx_word' id='word_1_646' title='bbox 2411 3853 2682 3923; x_wconf 86' lang='grc' dir='ltr'>σώματος.</span> <span class='ocrx_word' id='word_1_647' title='bbox 2724 3855 2833 3907; x_wconf 77' lang='grc' dir='ltr'>Καὶ</span> <span class='ocrx_word' id='word_1_648' title='bbox 2893 3856 2982 3908; x_wconf 87' lang='grc' dir='ltr'>ἶνα</span> <span class='ocrx_word' id='word_1_649' title='bbox 3008 3857 3148 3907; x_wconf 78' lang='grc' dir='ltr'>εἴπω</span> <span class='ocrx_word' id='word_1_650' title='bbox 3206 3859 3332 3906; x_wconf 81' lang='grc' dir='ltr'>τινὰ</span> <span class='ocrx_word' id='word_1_651' title='bbox 3369 3854 3575 3923; x_wconf 72' lang='grc' dir='ltr'>βραχὺν</span> <span class='ocrx_word' id='word_1_652' title='bbox 3622 3853 3811 3906; x_wconf 83' lang='grc' dir='ltr'>ἐπιτά-</span> 
     </span>
    </p>
   </div>
   <div class='ocr_carea' id='block_1_100' title="bbox 2227 3945 3807 4018">
    <p class='ocr_par' dir='ltr' id='par_1_100' title="bbox 2227 3945 3807 4018">
     <span class='ocr_line' id='line_1_102' title="bbox 2227 3945 3807 4018; baseline -0.002 -20"><span class='ocrx_word' id='word_1_653' title='bbox 2227 3963 2369 4015; x_wconf 79' lang='grc' dir='ltr'>φιον,</span> <span class='ocrx_word' id='word_1_654' title='bbox 2402 3949 2534 4018; x_wconf 78' lang='grc' dir='ltr'>τιμᾷ</span> <span class='ocrx_word' id='word_1_655' title='bbox 2558 3948 2623 4000; x_wconf 75' lang='grc' dir='ltr'>τὰ</span> <span class='ocrx_word' id='word_1_656' title='bbox 2646 3947 2755 3999; x_wconf 82' lang='grc' dir='ltr'><strong>τῶν</strong></span> <span class='ocrx_word' id='word_1_657' title='bbox 2780 3948 3023 4001; x_wconf 78' lang='grc' dir='ltr'>είσοδίων</span> <span class='ocrx_word' id='word_1_658' title='bbox 3056 3948 3256 4018; x_wconf 81' lang='grc' dir='ltr'>(Θεὸς).</span> <span class='ocrx_word' id='word_1_659' title='bbox 3286 3948 3461 4017; x_wconf 83' lang='grc' dir='ltr'>τιμῶν</span> <span class='ocrx_word' id='word_1_660' title='bbox 3483 3948 3585 4017; x_wconf 81' lang='grc' dir='ltr'>τὴν</span> <span class='ocrx_word' id='word_1_661' title='bbox 3632 3945 3807 4012; x_wconf 77' lang='grc' dir='ltr'>ἔξοδον</span> 
     </span>
    </p>
   </div>
   <div class='ocr_carea' id='block_1_101' title="bbox 2226 4038 3805 4111">
    <p class='ocr_par' dir='ltr' id='par_1_101' title="bbox 2226 4038 3805 4111">
     <span class='ocr_line' id='line_1_103' title="bbox 2226 4038 3805 4111; baseline -0.001 -21"><span class='ocrx_word' id='word_1_662' title='bbox 2226 4038 2707 4110; x_wconf 77' lang='grc' dir='ltr'>πολυτελεστέραν,</span> <span class='ocrx_word' id='word_1_663' title='bbox 2752 4040 2926 4093; x_wconf 84' lang='grc' dir='ltr'>πολλὰ</span> <span class='ocrx_word' id='word_1_664' title='bbox 2987 4040 3087 4111; x_wconf 86' lang='grc' dir='ltr'>μὲν</span> <span class='ocrx_word' id='word_1_665' title='bbox 3138 4045 3369 4110; x_wconf 88' lang='grc' dir='ltr'>κινήσας</span> <span class='ocrx_word' id='word_1_666' title='bbox 3424 4039 3640 4107; x_wconf 81' lang='grc' dir='ltr'>δάκρυα</span> <span class='ocrx_word' id='word_1_667' title='bbox 3690 4039 3805 4107; x_wconf 89' lang='grc' dir='ltr'>μεί-</span> 
     </span>
    </p>
   </div>
   <div class='ocr_carea' id='block_1_102' title="bbox 2225 4125 3802 4200">
    <p class='ocr_par' dir='ltr' id='par_1_102' title="bbox 2225 4125 3802 4200">
     <span class='ocr_line' id='line_1_104' title="bbox 2225 4125 3802 4200; baseline 0.002 -23"><span class='ocrx_word' id='word_1_668' title='bbox 2225 4125 2356 4189; x_wconf 79' lang='grc' dir='ltr'>ζονα</span> <span class='ocrx_word' id='word_1_669' title='bbox 2395 4127 2454 4179; x_wconf 80' lang='grc' dir='ltr'>δὲ</span> <span class='ocrx_word' id='word_1_670' title='bbox 2483 4127 2593 4180; x_wconf 84' lang='grc' dir='ltr'>τῶν</span> <span class='ocrx_word' id='word_1_671' title='bbox 2643 4130 2941 4198; x_wconf 81' lang='grc' dir='ltr'>ὁρωμένων</span> <span class='ocrx_word' id='word_1_672' title='bbox 2998 4130 3097 4197; x_wconf 84' lang='grc' dir='ltr'><strong>τὴν</strong></span> <span class='ocrx_word' id='word_1_673' title='bbox 3127 4132 3257 4200; x_wconf 74' lang='grc' dir='ltr'>περὶ</span> <span class='ocrx_word' id='word_1_674' title='bbox 3292 4128 3459 4184; x_wconf 82' lang='grc' dir='ltr'>αὑτοῦ</span> <span class='ocrx_word' id='word_1_675' title='bbox 3495 4129 3658 4193; x_wconf 81' lang='grc' dir='ltr'>δόξαν</span> <span class='ocrx_word' id='word_1_676' title='bbox 3687 4131 3802 4191; x_wconf 86' lang='grc' dir='ltr'>ταῖς</span> 
     </span>
    </p>
   </div>
   <div class='ocr_carea' id='block_1_103' title="bbox 2223 4217 3202 4291">
    <p class='ocr_par' dir='ltr' id='par_1_103' title="bbox 2223 4217 3202 4291">
     <span class='ocr_line' id='line_1_105' title="bbox 2223 4217 3202 4291; baseline 0.006 -22"><span class='ocrx_word' id='word_1_677' title='bbox 2223 4218 2479 4270; x_wconf 81' lang='grc' dir='ltr'>ἁπάντων</span> <span class='ocrx_word' id='word_1_678' title='bbox 2503 4217 2762 4281; x_wconf 86' lang='grc' dir='ltr'>διανοίαις</span> <span class='ocrx_word' id='word_1_679' title='bbox 2785 4221 3202 4291; x_wconf 80' lang='grc' dir='ltr'>ἐναποθέμενος.</span> 
     </span>
    </p>
   </div>
   <div class='ocr_carea' id='block_1_104' title="bbox 2304 4312 3804 4383">
    <p class='ocr_par' dir='ltr' id='par_1_104' title="bbox 2304 4312 3804 4383">
     <span class='ocr_line' id='line_1_106' title="bbox 2304 4312 3804 4383; baseline 0 -20"><span class='ocrx_word' id='word_1_680' title='bbox 2304 4314 2416 4379; x_wconf 56' lang='grc' dir='ltr'>ἱπηη</span> <span class='ocrx_word' id='word_1_681' title='bbox 2448 4312 2621 4378; x_wconf 84' lang='grc' dir='ltr'>Μόγις</span> <span class='ocrx_word' id='word_1_682' title='bbox 2647 4312 2701 4363; x_wconf 84' lang='grc' dir='ltr'><strong>δὲ</strong></span> <span class='ocrx_word' id='word_1_683' title='bbox 2732 4314 2791 4364; x_wconf 89' lang='grc' dir='ltr'>τὸ</span> <span class='ocrx_word' id='word_1_684' title='bbox 2821 4313 2982 4382; x_wconf 84' lang='grc' dir='ltr'>σῶμα</span> <span class='ocrx_word' id='word_1_685' title='bbox 3007 4313 3287 4382; x_wconf 75' lang='grc' dir='ltr'>διαφυγὼν</span> <span class='ocrx_word' id='word_1_686' title='bbox 3309 4315 3435 4375; x_wconf 82' lang='grc' dir='ltr'>τοὺς</span> <span class='ocrx_word' id='word_1_687' title='bbox 3459 4312 3804 4383; x_wconf 79' lang='grc' dir='ltr'>ἁρπάζοντας</span> 
     </span>
    </p>
   </div>
   <div class='ocr_carea' id='block_1_105' title="bbox 2223 4399 3803 4473">
    <p class='ocr_par' dir='ltr' id='par_1_105' title="bbox 2223 4399 3803 4473">
     <span class='ocr_line' id='line_1_107' title="bbox 2223 4399 3803 4473; baseline 0.002 -20"><span class='ocrx_word' id='word_1_688' title='bbox 2223 4402 2511 4473; x_wconf 80' lang='grc' dir='ltr'>εἰσηνέχθη</span> <span class='ocrx_word' id='word_1_689' title='bbox 2540 4404 2622 4467; x_wconf 85' lang='grc' dir='ltr'>εἰς</span> <span class='ocrx_word' id='word_1_690' title='bbox 2650 4404 2740 4456; x_wconf 85' lang='grc' dir='ltr'><strong>τὸν</strong></span> <span class='ocrx_word' id='word_1_691' title='bbox 2769 4399 2918 4457; x_wconf 82' lang='grc' dir='ltr'>οἷκον</span> <span class='ocrx_word' id='word_1_692' title='bbox 2956 4404 3066 4457; x_wconf 79' lang='grc' dir='ltr'>τῶν</span> <span class='ocrx_word' id='word_1_693' title='bbox 3104 4406 3272 4473; x_wconf 83' lang='grc' dir='ltr'>ἁγίων</span> <span class='ocrx_word' id='word_1_694' title='bbox 3316 4407 3652 4469; x_wconf 74' lang='grc' dir='ltr'>ἀποστόλων,</span> <span class='ocrx_word' id='word_1_695' title='bbox 3698 4421 3803 4456; x_wconf 60' lang='grc' dir='ltr'>παι</span> 
     </span>
    </p>
   </div>
   <div class='ocr_carea' id='block_1_106' title="bbox 2208 4496 3800 4570">
    <p class='ocr_par' dir='ltr' id='par_1_106' title="bbox 2208 4496 3800 4570">
     <span class='ocr_line' id='line_1_108' title="bbox 2208 4496 3800 4570; baseline 0.001 -22"><span class='ocrx_word' id='word_1_696' title='bbox 2208 4496 2440 4564; x_wconf 83' lang='grc' dir='ltr'>-ραδόσει</span> <span class='ocrx_word' id='word_1_697' title='bbox 2474 4497 2585 4549; x_wconf 81' lang='grc' dir='ltr'><strong>τῶν</strong></span> <span class='ocrx_word' id='word_1_698' title='bbox 2644 4497 2813 4565; x_wconf 82' lang='grc' dir='ltr'>ἁγίων</span> <span class='ocrx_word' id='word_1_699' title='bbox 2875 4500 3136 4569; x_wconf 87' lang='grc' dir='ltr'>Πατέρων</span> <span class='ocrx_word' id='word_1_700' title='bbox 3195 4500 3501 4570; x_wconf 85' lang='grc' dir='ltr'>προσετέθη</span> <span class='ocrx_word' id='word_1_701' title='bbox 3540 4502 3652 4561; x_wconf 85' lang='grc' dir='ltr'>τοῖς</span> <span class='ocrx_word' id='word_1_702' title='bbox 3699 4515 3800 4550; x_wconf 82' lang='grc' dir='ltr'>πα-</span> 
     </span>
    </p>
   </div>
   <div class='ocr_carea' id='block_1_107' title="bbox 2220 4588 3801 4661">
    <p class='ocr_par' dir='ltr' id='par_1_107' title="bbox 2220 4588 3801 4661">
     <span class='ocr_line' id='line_1_109' title="bbox 2220 4588 3801 4661; baseline 0.007 -23"><span class='ocrx_word' id='word_1_703' title='bbox 2220 4588 2509 4658; x_wconf 87' lang='grc' dir='ltr'>τριάρχαις</span> <span class='ocrx_word' id='word_1_704' title='bbox 2555 4590 2629 4652; x_wconf 84' lang='grc' dir='ltr'>ὼς</span> <span class='ocrx_word' id='word_1_705' title='bbox 2661 4591 3036 4661; x_wconf 83' lang='grc' dir='ltr'>Πατριὰρχης,</span> <span class='ocrx_word' id='word_1_706' title='bbox 3067 4594 3181 4654; x_wconf 78' lang='grc' dir='ltr'>τοῖς</span> <span class='ocrx_word' id='word_1_707' title='bbox 3233 4591 3467 4660; x_wconf 76' lang='grc' dir='ltr'>κήρυξιν</span> <span class='ocrx_word' id='word_1_708' title='bbox 3511 4594 3543 4660; x_wconf 86' lang='grc' dir='ltr'>ἡ</span> <span class='ocrx_word' id='word_1_709' title='bbox 3594 4591 3801 4659; x_wconf 76' lang='grc' dir='ltr'>μεγάλη</span> 
     </span>
    </p>
   </div>
   <div class='ocr_carea' id='block_1_108' title="bbox 2226 4682 3804 4754">
    <p class='ocr_par' dir='ltr' id='par_1_108' title="bbox 2226 4682 3804 4754">
     <span class='ocr_line' id='line_1_110' title="bbox 2226 4682 3804 4754; baseline 0.003 -22"><span class='ocrx_word' id='word_1_710' title='bbox 2226 4682 2688 4753; x_wconf 71' lang='grc' dir='ltr'>φωνὴ,όμάρτυς</span> <span class='ocrx_word' id='word_1_711' title='bbox 2730 4688 2843 4746; x_wconf 87' lang='grc' dir='ltr'>τοῖς</span> <span class='ocrx_word' id='word_1_712' title='bbox 2894 4688 3188 4754; x_wconf 86' lang='grc' dir='ltr'>μάρτυσιν,</span> <span class='ocrx_word' id='word_1_713' title='bbox 3247 4688 3363 4748; x_wconf 82' lang='grc' dir='ltr'>τοῖς</span> <span class='ocrx_word' id='word_1_714' title='bbox 3410 4684 3733 4747; x_wconf 84' lang='grc' dir='ltr'>ἀποστόλοις</span> <span class='ocrx_word' id='word_1_715' title='bbox 3776 4685 3804 4737; x_wconf 82' lang='grc' dir='ltr'>ὁ</span> 
     </span>
    </p>
   </div>
   <div class='ocr_carea' id='block_1_109' title="bbox 2226 4770 3802 4845">
    <p class='ocr_par' dir='ltr' id='par_1_109' title="bbox 2226 4770 3802 4845">
     <span class='ocr_line' id='line_1_111' title="bbox 2226 4770 3802 4845; baseline -0.001 -20"><span class='ocrx_word' id='word_1_716' title='bbox 2226 4776 2346 4827; x_wconf 80' lang='grc' dir='ltr'>κατ’</span> <span class='ocrx_word' id='word_1_717' title='bbox 2381 4774 2525 4843; x_wconf 78' lang='grc' dir='ltr'>ἴχνος</span> <span class='ocrx_word' id='word_1_718' title='bbox 2548 4775 2729 4827; x_wconf 79' lang='grc' dir='ltr'>αὐτῶν</span> <span class='ocrx_word' id='word_1_719' title='bbox 2760 4775 3004 4844; x_wconf 81' lang='grc' dir='ltr'>βαδίσας,</span> <span class='ocrx_word' id='word_1_720' title='bbox 3037 4770 3099 4828; x_wconf 74' lang='grc' dir='ltr'><strong>οὗ</strong></span> <span class='ocrx_word' id='word_1_721' title='bbox 3137 4776 3230 4827; x_wconf 68' lang='grc' dir='ltr'><strong>καὶ</strong></span> <span class='ocrx_word' id='word_1_722' title='bbox 3261 4776 3322 4827; x_wconf 74' lang='grc' dir='ltr'>τὸ</span> <span class='ocrx_word' id='word_1_723' title='bbox 3382 4775 3541 4845; x_wconf 82' lang='grc' dir='ltr'>σῶμα</span> <span class='ocrx_word' id='word_1_724' title='bbox 3577 4773 3711 4845; x_wconf 69' lang='grc' dir='ltr'>πρὸς</span> <span class='ocrx_word' id='word_1_725' title='bbox 3738 4772 3802 4825; x_wconf 71' lang='grc' dir='ltr'>τὰ</span> 
     </span>
    </p>
   </div>
   <div class='ocr_carea' id='block_1_110' title="bbox 2225 4865 3797 4935">
    <p class='ocr_par' dir='ltr' id='par_1_110' title="bbox 2225 4865 3797 4935">
     <span class='ocr_line' id='line_1_112' title="bbox 2225 4865 3797 4935; baseline 0 -18"><span class='ocrx_word' id='word_1_726' title='bbox 2225 4865 2452 4935; x_wconf 80' lang='grc' dir='ltr'>σώματα</span> <span class='ocrx_word' id='word_1_727' title='bbox 2501 4867 2609 4919; x_wconf 84' lang='grc' dir='ltr'>τῶν</span> <span class='ocrx_word' id='word_1_728' title='bbox 2669 4868 2849 4920; x_wconf 83' lang='grc' dir='ltr'>αὐτῶν</span> <span class='ocrx_word' id='word_1_729' title='bbox 2906 4868 3079 4935; x_wconf 83' lang='grc' dir='ltr'>ἁγίων</span> <span class='ocrx_word' id='word_1_730' title='bbox 3156 4867 3471 4921; x_wconf 81' lang='grc' dir='ltr'>ἀποστόλων</span> <span class='ocrx_word' id='word_1_731' title='bbox 3524 4866 3797 4934; x_wconf 80' lang='grc' dir='ltr'>Ἀνδρέου,</span> 
     </span>
    </p>
   </div>
   <div class='ocr_carea' id='block_1_111' title="bbox 2222 4956 3796 5031">
    <p class='ocr_par' dir='ltr' id='par_1_111' title="bbox 2222 4956 3796 5031">
     <span class='ocr_line' id='line_1_113' title="bbox 2222 4956 3796 5031; baseline -0.002 -20"><span class='ocrx_word' id='word_1_732' title='bbox 2222 4960 2426 5022; x_wconf 83' lang='grc' dir='ltr'>Λουκᾶ,</span> <span class='ocrx_word' id='word_1_733' title='bbox 2460 4961 2554 5013; x_wconf 73' lang='grc' dir='ltr'><strong>καὶ</strong></span> <span class='ocrx_word' id='word_1_734' title='bbox 2585 4960 2877 5030; x_wconf 84' lang='grc' dir='ltr'>Τιμοθέου,</span> <span class='ocrx_word' id='word_1_735' title='bbox 2909 4962 3051 5014; x_wconf 77' lang='grc' dir='ltr'>κατὰ</span> <span class='ocrx_word' id='word_1_736' title='bbox 3074 4962 3134 5013; x_wconf 84' lang='grc' dir='ltr'><strong>τὸ</strong></span> <span class='ocrx_word' id='word_1_737' title='bbox 3166 4962 3339 5031; x_wconf 77' lang='grc' dir='ltr'>μῆκος</span> <span class='ocrx_word' id='word_1_738' title='bbox 3366 4958 3681 5029; x_wconf 78' lang='grc' dir='ltr'>ἔμπροσθεν</span> <span class='ocrx_word' id='word_1_739' title='bbox 3707 4956 3796 5009; x_wconf 77' lang='grc' dir='ltr'>τοῦ</span> 
     </span>
    </p>
   </div>
   <div class='ocr_carea' id='block_1_112' title="bbox 2222 5051 3797 5125">
    <p class='ocr_par' dir='ltr' id='par_1_112' title="bbox 2222 5051 3797 5125">
     <span class='ocr_line' id='line_1_114' title="bbox 2222 5051 3797 5125; baseline 0 -21"><span class='ocrx_word' id='word_1_740' title='bbox 2222 5051 2378 5118; x_wconf 87' lang='grc' dir='ltr'>ἁγίου</span> <span class='ocrx_word' id='word_1_741' title='bbox 2414 5053 2825 5124; x_wconf 83' lang='grc' dir='ltr'>θυσιαστηρίου,</span> <span class='ocrx_word' id='word_1_742' title='bbox 2866 5057 2947 5117; x_wconf 76' lang='grc' dir='ltr'><strong>εἰς</strong></span> <span class='ocrx_word' id='word_1_743' title='bbox 2976 5053 3035 5107; x_wconf 81' lang='grc' dir='ltr'>τὸ</span> <span class='ocrx_word' id='word_1_744' title='bbox 3059 5055 3416 5125; x_wconf 75' lang='grc' dir='ltr'>κρηπίδωμα,</span> <span class='ocrx_word' id='word_1_745' title='bbox 3473 5053 3574 5122; x_wconf 83' lang='grc' dir='ltr'>τὴν</span> <span class='ocrx_word' id='word_1_746' title='bbox 3632 5052 3797 5104; x_wconf 76' lang='grc' dir='ltr'>κατὰ·</span> 
     </span>
    </p>
   </div>
   <div class='ocr_carea' id='block_1_113' title="bbox 2223 5144 3795 5217">
    <p class='ocr_par' dir='ltr' id='par_1_113' title="bbox 2223 5144 3795 5217">
     <span class='ocr_line' id='line_1_115' title="bbox 2223 5144 3795 5217; baseline -0.001 -20"><span class='ocrx_word' id='word_1_747' title='bbox 2223 5162 2424 5198; x_wconf 87' lang='grc' dir='ltr'>παυσιν</span> <span class='ocrx_word' id='word_1_748' title='bbox 2446 5148 2813 5217; x_wconf 82' lang='grc' dir='ltr'>ποιησάμενον</span> <span class='ocrx_word' id='word_1_749' title='bbox 2851 5149 3239 5201; x_wconf 87' lang='grc' dir='ltr'>ἀποτέθειται·</span> <span class='ocrx_word' id='word_1_750' title='bbox 3291 5147 3470 5209; x_wconf 81' lang='grc' dir='ltr'>καλῶς</span> <span class='ocrx_word' id='word_1_751' title='bbox 3509 5146 3674 5199; x_wconf 77' lang='grc' dir='ltr'>αὐτοῦ</span> <span class='ocrx_word' id='word_1_752' title='bbox 3707 5144 3795 5197; x_wconf 77' lang='grc' dir='ltr'>καὶ</span> 
     </span>
    </p>
   </div>
   <div class='ocr_carea' id='block_1_114' title="bbox 2222 5238 3795 5312">
    <p class='ocr_par' dir='ltr' id='par_1_114' title="bbox 2222 5238 3795 5312">
     <span class='ocr_line' id='line_1_116' title="bbox 2222 5238 3795 5312; baseline -0.002 -21"><span class='ocrx_word' id='word_1_753' title='bbox 2222 5238 2380 5291; x_wconf 78' lang='grc' dir='ltr'>τοῦτο</span> <span class='ocrx_word' id='word_1_754' title='bbox 2404 5239 2795 5310; x_wconf 81' lang='grc' dir='ltr'>ἐπιλεξαμένου</span> <span class='ocrx_word' id='word_1_755' title='bbox 2822 5241 2914 5294; x_wconf 79' lang='grc' dir='ltr'><strong>τοῦ</strong></span> <span class='ocrx_word' id='word_1_756' title='bbox 2942 5242 3090 5295; x_wconf 79' lang='grc' dir='ltr'>ὁσίου</span> <span class='ocrx_word' id='word_1_757' title='bbox 3117 5242 3310 5312; x_wconf 78' lang='grc' dir='ltr'>ἀνδρὸς</span> <span class='ocrx_word' id='word_1_758' title='bbox 3336 5244 3392 5295; x_wconf 85' lang='grc' dir='ltr'>ὲν</span> <span class='ocrx_word' id='word_1_759' title='bbox 3426 5240 3562 5311; x_wconf 80' lang='grc' dir='ltr'>ζωῇ,</span> <span class='ocrx_word' id='word_1_760' title='bbox 3588 5240 3676 5291; x_wconf 83' lang='grc' dir='ltr'>ἵνα</span> <span class='ocrx_word' id='word_1_761' title='bbox 3704 5238 3795 5290; x_wconf 71' lang='grc' dir='ltr'><strong>καὶ</strong></span> 
     </span>
    </p>
   </div>
   <div class='ocr_carea' id='block_1_115' title="bbox 2225 5329 3789 5403">
    <p class='ocr_par' dir='ltr' id='par_1_115' title="bbox 2225 5329 3789 5403">
     <span class='ocr_line' id='line_1_117' title="bbox 2225 5329 3789 5403; baseline -0.001 -21"><span class='ocrx_word' id='word_1_762' title='bbox 2225 5331 2362 5399; x_wconf 74' lang='grc' dir='ltr'>μετὰ</span> <span class='ocrx_word' id='word_1_763' title='bbox 2417 5330 2516 5402; x_wconf 83' lang='grc' dir='ltr'><strong>τὴν</strong></span> <span class='ocrx_word' id='word_1_764' title='bbox 2560 5331 2857 5399; x_wconf 71' lang='grc' dir='ltr'>διάζευξιν,</span> <span class='ocrx_word' id='word_1_765' title='bbox 2939 5335 3013 5403; x_wconf 84' lang='grc' dir='ltr'>μὴ</span> <span class='ocrx_word' id='word_1_766' title='bbox 3057 5333 3113 5385; x_wconf 81' lang='grc' dir='ltr'><strong>δὲ</strong></span> <span class='ocrx_word' id='word_1_767' title='bbox 3167 5332 3499 5402; x_wconf 83' lang='grc' dir='ltr'>σωματικῶς</span> <span class='ocrx_word' id='word_1_768' title='bbox 3549 5329 3789 5402; x_wconf 79' lang='grc' dir='ltr'>χωρισθῇ</span> 
     </span>
    </p>
   </div>
   <div class='ocr_carea' id='block_1_116' title="bbox 2215 5422 3791 5499">
    <p class='ocr_par' dir='ltr' id='par_1_116' title="bbox 2215 5422 3791 5499">
     <span class='ocr_line' id='line_1_118' title="bbox 2215 5422 3791 5499; baseline 0.01 -24"><span class='ocrx_word' id='word_1_769' title='bbox 2215 5422 2309 5475; x_wconf 77' lang='grc' dir='ltr'>τοῦ</span> <span class='ocrx_word' id='word_1_770' title='bbox 2339 5424 2495 5492; x_wconf 86' lang='grc' dir='ltr'>ἁγίου</span> <span class='ocrx_word' id='word_1_771' title='bbox 2532 5425 2951 5497; x_wconf 85' lang='grc' dir='ltr'>θυσιαστηρίου·</span> <span class='ocrx_word' id='word_1_772' title='bbox 2996 5428 3095 5498; x_wconf 80' lang='grc' dir='ltr'>τῆς</span> <span class='ocrx_word' id='word_1_773' title='bbox 3149 5427 3260 5499; x_wconf 85' lang='grc' dir='ltr'>γὰρ</span> <span class='ocrx_word' id='word_1_774' title='bbox 3306 5426 3485 5497; x_wconf 72' lang='grc' dir='ltr'>ψυχῆς</span> <span class='ocrx_word' id='word_1_775' title='bbox 3521 5423 3687 5479; x_wconf 60' lang='grc' dir='ltr'><strong>αἵδτοῦ</strong></span> <span class='ocrx_word' id='word_1_776' title='bbox 3718 5422 3791 5493; x_wconf 71' lang='grc' dir='ltr'><strong>τῷ</strong></span> 
     </span>
    </p>
   </div>
   <div class='ocr_carea' id='block_1_117' title="bbox 2216 5538 3789 5612">
    <p class='ocr_par' dir='ltr' id='par_1_117' title="bbox 2216 5538 3789 5612">
     <span class='ocr_line' id='line_1_119' title="bbox 2216 5538 3789 5612; baseline -0.001 -19"><span class='ocrx_word' id='word_1_777' title='bbox 2216 5539 2357 5612; x_wconf 70' lang='lat' dir='ltr'><strong>Dens</strong></span> <span class='ocrx_word' id='word_1_778' title='bbox 2391 5539 2456 5594; x_wconf 90' lang='lat' dir='ltr'><strong>ad</strong></span> <span class='ocrx_word' id='word_1_779' title='bbox 2488 5542 2778 5612; x_wconf 78' lang='lat' dir='ltr'><strong>sanitatem</strong></span> <span class='ocrx_word' id='word_1_780' title='bbox 2799 5543 3038 5612; x_wconf 89' lang='lat' dir='ltr'><strong>aliquam</strong></span> <span class='ocrx_word' id='word_1_781' title='bbox 3085 5542 3359 5597; x_wconf 86' lang='lat' dir='ltr'><strong>adducere</strong></span> <span class='ocrx_word' id='word_1_782' title='bbox 3413 5540 3601 5595; x_wconf 87' lang='lat' dir='ltr'><strong>licuit:</strong></span> <span class='ocrx_word' id='word_1_783' title='bbox 3629 5538 3789 5612; x_wconf 84' lang='lat' dir='ltr'><strong>Zinus</strong></span> 
     </span>
    </p>
   </div>
   <div class='ocr_carea' id='block_1_118' title="bbox 2216 5610 3789 5682">
    <p class='ocr_par' dir='ltr' id='par_1_118' title="bbox 2216 5610 3789 5682">
     <span class='ocr_line' id='line_1_120' title="bbox 2216 5610 3789 5682; baseline -0.001 -20"><span class='ocrx_word' id='word_1_784' title='bbox 2216 5610 2270 5682; x_wconf 79' lang='lat' dir='ltr'><strong>in</strong></span> <span class='ocrx_word' id='word_1_785' title='bbox 2306 5610 2717 5681; x_wconf 75' lang='lat' dir='ltr'><strong>aliatnprorsns</strong></span> <span class='ocrx_word' id='word_1_786' title='bbox 2758 5610 3269 5682; x_wconf 80' lang='lat' dir='ltr'><strong>interpretationem</strong></span> <span class='ocrx_word' id='word_1_787' title='bbox 3323 5612 3480 5675; x_wconf 87' lang='lat' dir='ltr'><strong>abiit,</strong></span> <span class='ocrx_word' id='word_1_788' title='bbox 3528 5612 3601 5682; x_wconf 87' lang='lat' dir='ltr'><strong>ita</strong></span> <span class='ocrx_word' id='word_1_789' title='bbox 3655 5610 3789 5663; x_wconf 86' lang='lat' dir='ltr'><strong>scri-</strong></span> 
     </span>
    </p>
   </div>
   <div class='ocr_carea' id='block_1_119' title="bbox 2217 5680 3784 5754">
    <p class='ocr_par' dir='ltr' id='par_1_119' title="bbox 2217 5680 3784 5754">
     <span class='ocr_line' id='line_1_121' title="bbox 2217 5680 3784 5754; baseline 0.007 -23"><span class='ocrx_word' id='word_1_790' title='bbox 2217 5680 2383 5735; x_wconf 84' lang='lat' dir='ltr'><strong>bens:</strong></span> <span class='ocrx_word' id='word_1_791' title='bbox 2421 5700 2461 5754; x_wconf 77' lang='lat' dir='ltr'><strong>_t</strong></span> <span class='ocrx_word' id='word_1_792' title='bbox 2489 5680 2665 5752; x_wconf 72' lang='lat' dir='ltr'><strong>Atque</strong></span> <span class='ocrx_word' id='word_1_793' title='bbox 2710 5692 2770 5736; x_wconf 92' lang='lat' dir='ltr'><strong>ut</strong></span> <span class='ocrx_word' id='word_1_794' title='bbox 2814 5680 3050 5753; x_wconf 81' lang='lat' dir='ltr'><strong>aliquem</strong></span> <span class='ocrx_word' id='word_1_795' title='bbox 3094 5684 3432 5754; x_wconf 89' lang='lat' dir='ltr'><strong>epitaphium</strong></span> <span class='ocrx_word' id='word_1_796' title='bbox 3478 5681 3784 5754; x_wconf 73' lang='lat' dir='ltr'><strong>adjungam.</strong></span> 
     </span>
    </p>
   </div>
   <div class='ocr_carea' id='block_1_120' title="bbox 2222 5752 3782 5809">
    <p class='ocr_par' dir='ltr' id='par_1_120' title="bbox 2222 5752 3782 5809">
     <span class='ocr_line' id='line_1_122' title="bbox 2222 5752 3782 5809; baseline 0.001 -8"><span class='ocrx_word' id='word_1_797' title='bbox 2222 5752 2464 5805; x_wconf 75' lang='lat' dir='ltr'><strong>externis</strong></span> <span class='ocrx_word' id='word_1_798' title='bbox 2498 5754 2801 5809; x_wconf 90' lang='lat' dir='ltr'><strong>honoribus</strong></span> <span class='ocrx_word' id='word_1_799' title='bbox 2830 5752 3061 5808; x_wconf 88' lang='lat' dir='ltr'><strong>interior</strong></span> <span class='ocrx_word' id='word_1_800' title='bbox 3111 5752 3443 5809; x_wconf 82' lang='lat' dir='ltr'><strong>cumulatur.</strong></span> <span class='ocrx_word' id='word_1_801' title='bbox 3493 5753 3782 5805; x_wconf 81' lang='lat' dir='ltr'><strong>Multorum</strong></span> 
     </span>
    </p>
   </div>
   <div class='ocr_carea' id='block_1_121' title="bbox 2222 5821 3784 5893">
    <p class='ocr_par' dir='ltr' id='par_1_121' title="bbox 2222 5821 3784 5893">
     <span class='ocr_line' id='line_1_123' title="bbox 2222 5821 3784 5893; baseline 0.002 -22"><span class='ocrx_word' id='word_1_802' title='bbox 2222 5821 2445 5889; x_wconf 87' lang='lat' dir='ltr'><strong>quidem</strong></span> <span class='ocrx_word' id='word_1_803' title='bbox 2482 5823 2763 5893; x_wconf 84' lang='lat' dir='ltr'><strong>lacrymas</strong></span> <span class='ocrx_word' id='word_1_804' title='bbox 2807 5826 3087 5886; x_wconf 78' lang='lat' dir='ltr'><strong>excitavit,</strong></span> <span class='ocrx_word' id='word_1_805' title='bbox 3133 5826 3229 5878; x_wconf 89' lang='lat' dir='ltr'><strong>sed</strong></span> <span class='ocrx_word' id='word_1_806' title='bbox 3288 5841 3351 5879; x_wconf 89' lang='lat' dir='ltr'><strong>ea</strong></span> <span class='ocrx_word' id='word_1_807' title='bbox 3399 5824 3574 5892; x_wconf 85' lang='lat' dir='ltr'><strong>major</strong></span> <span class='ocrx_word' id='word_1_808' title='bbox 3618 5822 3784 5893; x_wconf 82' lang='lat' dir='ltr'><strong>gloria</strong></span> 
     </span>
    </p>
   </div>
   <div class='ocr_carea' id='block_1_122' title="bbox 2222 5892 3583 5962">
    <p class='ocr_par' dir='ltr' id='par_1_122' title="bbox 2222 5892 3583 5962">
     <span class='ocr_line' id='line_1_124' title="bbox 2222 5892 3583 5962; baseline 0 -18"><span class='ocrx_word' id='word_1_809' title='bbox 2222 5892 2323 5945; x_wconf 82' lang='lat' dir='ltr'><strong>fuit</strong></span> <span class='ocrx_word' id='word_1_810' title='bbox 2351 5892 2494 5962; x_wconf 91' lang='lat' dir='ltr'><strong>quod</strong></span> <span class='ocrx_word' id='word_1_811' title='bbox 2532 5892 2775 5949; x_wconf 85' lang='lat' dir='ltr'><strong>omnium</strong></span> <span class='ocrx_word' id='word_1_812' title='bbox 2802 5896 3000 5951; x_wconf 89' lang='lat' dir='ltr'><strong>animis</strong></span> <span class='ocrx_word' id='word_1_813' title='bbox 3030 5896 3242 5951; x_wconf 74' lang='lat' dir='ltr'><strong>defixus</strong></span> <span class='ocrx_word' id='word_1_814' title='bbox 3271 5895 3535 5951; x_wconf 68' lang='lat' dir='ltr'><strong>hterchat.</strong></span> <span class='ocrx_word' id='word_1_815' title='bbox 3564 5912 3583 5944; x_wconf 74' lang='grc' dir='ltr'><strong>ι</strong></span> 
     </span>
    </p>
   </div>
  </div>
