3970 6518
201 262 374 327 E365

1919 284 1969 341 λ.
3346 286 3487 353 2385

195 380 269 431 ἐν
300 382 571 453 οὐρανοῖς,
597 390 1013 459 παρισταμένης
1050 391 1445 465 Ουσιαστηρίῳ,
1479 397 1640 450 κάκεῖ
1666 415 1763 467 μετ

1919 400 2356 466 ceseﬂunderet;
2383 418 2597 470 arquum
2624 402 2789 456 etiam
2825 413 2943 457 erat
2970 415 3028 458 ut
3058 406 3205 475 quod
3248 408 3324 462 illi
3352 426 3487 466 con-

194 472 323 523 τῶν
394 478 562 542 ἁγίων
622 479 871 548 ἀγγέλων
948 485 1041 537 καὶ
1109 486 1426 539 ἀποστόλων
1504 488 1603 551 τὰς
1660 490 1761 543 ὐπὲ

1918 496 2155 560 junctum
2173 492 2349 546 fuerat
2364 509 2583 561 corpus,
2604 494 2857 563 quodque
2879 494 3486 557 simulineesseratcer-

198 570 438 630 παντὸς
463 569 554 623 τοῦ
578 568 708 624 λαοῦ
746 576 1164 646 προσφερούσας
1209 577 1446 647 δεήσεις,
1478 582 1644 651 ἐχρῆν
1704 600 1766 635 κα

1909 594 2245 649 taveratque,
2262 601 2327 640 ne
2342 585 2562 653 quidem
2586 584 2803 639 interra
2827 590 3207 659 sejungeretur
3234 608 3477 663 unquam

190 657 263 710 τὸ
298 661 606 729 ὀμόζυγον,
645 665 1122 737 καὶὲμοπόρευτον
1153 670 1252 721 καὶ
1283 670 1621 741 συναχθῆσαν
1660 673 1758 725 αὐτ

1902 675 1971 727 ab
2016 675 2159 727 almo
2202 673 2393 738 altari;
2430 673 2521 727 sed
2572 690 2697 727 cum
2760 657 3045 732 sacerdote
3099 657 3468 749 supplicante,

190 751 412 821 σῶμα,
439 755 580 808 κατὰ
628 756 723 810 τὸν
752 759 879 829 τῇδε
940 759 1056 829 βίον
1085 799 1101 823 ,
1151 763 1421 833 μηδέποτε
1463 763 1758 834 κεχωρίσθσ

1911 764 2129 832 Deoque
2183 762 2419 816 hostiam
2458 762 2700 816 divinam
2752 764 3039 830 offerente,
3073 784 3174 836 pro
3229 785 3330 823 suo
3381 786 3479 840 po-

183 843 294 894 τοῧ
347 846 450 898 ἐπὶ
500 850 604 917 γῆς
655 850 925 919 ἀχρὰντου
962 853 1372 923 θυσιαστηρίου,
1422 855 1509 908 ἵνα
1542 856 1636 908 καὶ
1666 856 1751 908 αὐι

1914 855 2040 923 pulo
2068 864 2124 908 et
2148 854 2370 907 civitate
2424 854 2831 923 quodammodo
2850 857 3206 926 supplicaret.
3235 862 3369 915 Nam
3425 872 3482 917 et

188 936 423 1005 τρόπον
442 940 583 1005 τινὰ,
614 942 753 1009 μετὰ
773 942 866 995 τοῦ
892 946 1331 1015 προσευχομένου
1351 947 1444 999 τοῦ
1460 946 1589 1000 λαοῦ
1610 948 1756 1017 ίερέιι

1910 960 2135 1013 corpora
2162 954 2477 998 sanctorum
2521 960 2708 1013 parem
2732 944 2937 999 habent
2963 962 3087 1000 cum
3117 950 3315 1005 animis
3362 952 3478 1005 vir-

192 1029 291 1080 xz'l.
326 1031 409 1082 τὰ
431 1032 578 1100 δῶρα
604 1035 1066 1105 προσκομίζοντος
1095 1038 1285 1110 Κυρίῳ
1316 1039 1393 1110 τῷ
1423 1038 1560 1108 Θεῷ,
1592 1056 1760 1090 συνικε

1912 1042 2083 1087 tutem
2140 1053 2152 1087 :
2205 1035 2335 1102 quia
2389 1054 2406 1084 ι
2458 1034 2699 1088 Pretiosa
2770 1036 2824 1089 in
2894 1048 3195 1107 conspectu
3252 1041 3471 1096 Domini

191 1124 347 1177 τεύει
373 1127 459 1198 τῷ
491 1129 629 1199 ἱερεῖ
664 1130 806 1201 ὑπὲρ
829 1132 923 1185 τοῦ
957 1133 1152 1187 ἑαυτοῦ
1182 1135 1313 1188 λαοῦ
1343 1135 1440 1187 καὶ
1469 1135 1697 1198 πόλεως,
1720 1135 1801 1186 ὅτι
1911 1140 2060 1178 11101⁸5
2099 1134 2414 1178 είὶιιειοτυηι
2449 1127 2570 1196 eius
2599 1126 2679 1191 "3
2715 1145 2734 1177 ³
2775 1135 2868 1181 (δίε
2906 1146 2924 1178 ί
2950 1128 3236 1199 Ρτοιοείηη
3280 1132 3476 1187 είνίῑει-

189 1214 300 1265 τῶν
334 1218 521 1284 ἁγίων
557 1220 629 1272 τὰ
663 1222 891 1291 σώματα
911 1224 999 1278 ἶσα
1019 1224 1271 1280 δύνανται
1287 1230 1405 1290 ταῖς
1418 1227 1601 1295 ἁγίαις
1618 1225 1757 1280 αὐτᾶ

1913 1224 2018 1295 tem
2047 1215 2208 1279 hanc,
2233 1215 2413 1285 inquit
2460 1217 2746 1282 Dominus,
2772 1228 2997 1288 propter
3022 1235 3109 1275 me
3154 1230 3212 1276 et
3252 1233 3481 1293 propter

190 1306 443 1374 ψυχαῖς·
474 1311 669 1379 Τίμιος
700 1314 809 1384 γὰρ
842 1317 1082 1369 ἐναντίον
1118 1318 1321 1388 Κυρίου
1352 1321 1380 1371 ὁ
1409 1319 1637 1380 θάνατος
1674 1316 1751 1370 τῶ

1912 1306 2075 1361 David
2122 1322 2344 1361 servum
2398 1324 2581 1361 meum
2624 1309 2707 1374 9’;
2739 1330 2758 1361 ι
2796 1310 3031 1380 ideoque
3079 1329 3286 1383 magna?
3320 1316 3480 1369 nobis

190 1402 380 1466 ἁγίων
416 1403 602 1463 αὐτοῦ,
658 1407 787 1458 καὶι
813 1407 1169 1478 ’Υπερασπιῶ
1188 1411 1287 1479 τῆς
1321 1411 1530 1473 πόλεως
1561 1408 1758 1478 ταύτης

1912 1399 2266 1452 consolationi
2303 1408 2432 1453 sunt
2485 1401 2692 1465 Sancti,
2742 1402 2837 1469 qui
2890 1418 2990 1471 per
3032 1403 3194 1457 ﬁdem
3226 1405 3480 1459 vicerunt

188 1487 356 1544 εἶπεν
388 1494 585 1556 όΘεδς,
617 1496 685 1549 δι’
714 1496 834 1567 ἐμὲ,
863 1499 958 1552 καὶ
988 1500 1075 1551 διὰ
1104 1500 1269 1554 Δαυῒδ
1296 1502 1385 1555 τὸν
1411 1501 1594 1554 δοῦλόν
1621 1517 1743 1571 μου.

1912 1510 2089 1564 regna,
2130 1493 2315 1563 adepti
2360 1504 2489 1548 sunt
2526 1496 3084 1565 repromissiouesw,
3110 1510 3165 1554 et
3191 1510 3317 1570 post
3354 1502 3480 1556 vita:

192 1585 450 1653 Ἐχομεν
479 1584 574 1639 οὖν
607 1589 837 1659 ἰσχυρὰν
902 1591 1250 1662 παράκλησιν
1300 1592 1426 1656 τοὺς
1458 1592 1670 1659 ἁγίους,
1712 1591 1760 1642 ὅτ

1538 1592 1670 1651 ίους,
1712 1591 1795 1642 ὅτι
1900 1584 2384 1639 commutationem
2414 1586 2617 1654 pollent
2641 1588 2850 1641 virtute
2884 1590 3104 1659 majori.

186 1679 279 1732 διὰ
319 1682 567 1745 πίστεως
603 1684 1049 1751 κατηγωνίσαντο
1087 1686 1380 1754 βασιλείας,
1419 1687 1767 1756 ἐπιτυχόντες
1797 1683 1855 1735 δὲ
1879 1683 1988 1735 τῶν
2025 1678 2390 1748 ἐπαγγελιῶν.
2420 1680 2581 1733 πλέον
2616 1681 2890 1753 ἰσχύουσιν
2908 1684 2999 1736 καὶ
3021 1682 3160 1753 μετὰ
3187 1682 3286 1753 τὴν
3324 1685 3477 1738 τοῦδε

182 1772 286 1823 τοῦ
322 1772 442 1839 βίου
477 1773 805 1843 ἀπαλλαγὴν
842 1776 934 1828 καὶ
972 1777 1321 1844 μετάστασιν.

267 1862 385 1930 ιβ’.
414 1866 592 1935 Δεῦρο
614 1867 679 1937 δὴ
705 1866 798 1920 οὖν
816 1868 1258 1936 συναγωνίσασθέ
1287 1884 1377 1937 μοι
1405 1868 1500 1921 καὶ
1528 1866 1644 1930 νῦν,
1672 1862 1802 1933 περὶ
1832 1869 1835 1921 ξ

1974 1860 2063 1914 99.
2087 1860 2244 1931 Agite
2275 1877 2423 1916 nunc
2463 1861 2629 1915 etiam
2674 1862 2854 1931 magni
2909 1862 3092 1916 Basilii
3142 1863 3474 1927 laudatores.

192 1956 293 2007 τὸν
312 1956 478 2023 λόγον
499 1958 765 2026 κάμνοντι
782 1958 870 2011 διὰ
891 1960 1221 2012 ταπείνωσιν
1237 1959 1419 2027 λόγου,
1447 1960 1496 2011 ol.
1513 1957 1608 2010 τοῦ
1626 1957 1760 2027 μεγά

1907 1953 2157 2022 mihique
2217 1955 2488 2007 sermonis
2541 1954 2725 2023 inopia
2778 1954 3050 2008 laboranti
3104 1956 3472 2024 opitulamini.

194 2046 297 2099 λου
322 2046 583 2099 Βασιλίου
611 2048 916 2112 ἐπαινέται,
942 2049 1034 2101 καὶ
1048 2051 1115 2101 τὰ
1132 2048 1301 2101 πλείω
1320 2049 1418 2118 μὲν
1436 2048 1762 2119 παρατρέχει

1907 2046 2019 2116 Ego
2031 2046 2253 2116 quidem
2266 2048 2422 2116 plura
2443 2048 2605 2116 cupio
2620 2048 2901 2117 praeterire
2920 2066 2932 2101 :
2952 2049 3049 2103 sed
3068 2050 3218 2103 aliud
3244 2066 3331 2105 me
3351 2062 3475 2121 post

204 2138 467 2201 ἐθέλοντι,
505 2140 717 2192 ἄλλοτε
757 2140 815 2193 δὲ
843 2141 936 2193 ὐπ’
971 2140 1131 2194 ἄλλου
1169 2141 1538 2210 κατεχομένῳ,
1571 2141 1664 2192 καὶ
1703 2140 1772 2191 ob:

1908 2141 2055 2196 aliud
2096 2141 2292 2208 trahit;
2334 2154 2390 2195 et
2412 2150 2673 2211 tanquam
2700 2144 2756 2197 in
2790 2158 3022 2213 corpore
3076 2144 3326 2214 partibus
3357 2162 3476 2200 om-

211 2232 385 2298 ἒχοντι
408 2232 468 2284 τό
501 2232 670 2285 νικῶν
693 2233 873 2303 εὑρεῖν
888 2273 902 2297 ,
919 2231 1107 2304 ὥσπερ
1129 2234 1187 2286 ὲν
1209 2230 1422 2302 σώματι
1464 2233 1779 2301 πανταχόθει

1907 2234 2069 2288 nibus
2114 2250 2269 2303 asque
2317 2236 2571 2305 pulchro,
2618 2235 2890 2305 quidquid
2930 2237 3198 2302 occurrit,
3254 2237 3475 2292 videtur

218 2321 319 2393 ἴσῳ
332 2343 381 2377 τε
398 2327 496 2379 καὶ
513 2327 686 2397 καλῷ·
706 2329 792 2380 ἀεὶ
808 2329 915 2399 γάρ
935 2346 1024 2399 μοι
1038 2330 1099 2381 τὸ
1121 2330 1429 2399 προσπεσὸν
1446 2329 1663 2382 κάλλιον
1684 2329 1786 2396 φαίη

1906 2325 2211 2394 pulchrius.
2266 2337 2322 2380 et
2369 2328 2678 2382 orationem
2736 2328 2805 2381 ad
2853 2342 2912 2381 se
2960 2329 3257 2383 convertit.
3314 2330 3474 2401 Agite

211 2434 374 2477 νεται,
393 2418 670 2471 καὶτοῦτο
693 2421 1030 2491 συναρπάζει
1059 2423 1151 2474 τὸν
1175 2421 1352 2486 λόγον.
1383 2420 1555 2493 Δεῦρο
1579 2420 1673 2475 οὖν
1709 2439 1777 2491 μο

1906 2417 2093 2486 igitur,
2118 2419 2365 2488 egregias
2406 2420 2557 2474 illius
2610 2419 2768 2473 dotes
2813 2420 3235 2489 persequimini,
3267 2423 3363 2491 qui
3408 2422 3474 2476 il-

203 2507 446 2561 διέλεσθε
470 2511 541 2563 τα
568 2511 779 2563 ἐκείνου
808 2512 968 2575 καλὰ,
987 2514 1102 2564 ὅσοι
1128 2514 1237 2565 τῶν
1271 2512 1481 2565 ἐκείνου
1514 2512 1771 2565 ὲπαινέτα

1901 2510 2077 2565 larum
2096 2520 2152 2565 et
2181 2512 2494 2566 laudatores
2517 2521 2574 2566 et
2612 2519 2785 2566 testes
2826 2512 3111 2567 exsistitis.
3141 2513 3469 2568 Praeclarum

202 2602 299 2652 καὶ
331 2602 638 2672 μάρτυρες,
671 2604 767 2656 καὶ
826 2606 1014 2673 ἀγῶνα
1052 2604 1216 2658 καλὸν
1250 2605 1595 2673 ἀγωνίσασθε
1654 2604 1770 2676 πρὸ.

1925 2610 2046 2655 nter
2069 2619 2167 2656 vos
2211 2612 2491 2657 certamen
2523 2604 2811 2673 suscipite,
2838 2604 2944 2658 viri
2978 2604 3143 2659 simul
3170 2621 3234 2660 ac
3257 2604 3491 2668 feminae,

201 2693 493 2763 ἀλλήλους,
522 2695 716 2765 ἄνδρες
745 2697 882 2765 ὁμοῦ
912 2697 1007 2750 καὶ
1046 2699 1327 2764 γυναῖκες,
1364 2697 1638 2750 νεανίσκοι
1700 2714 1769 2749 κα

1904 2693 2280 2749 adolescentes
2299 2706 2354 2749 et
2395 2695 2657 2765 virgines,
2687 2711 2851 2751 senes
2892 2703 2949 2750 et
2993 2697 3245 2766 juvenes,
3292 2712 3472 2751 sacer-

201 2781 491 2850 παρθὲνοι,
542 2784 908 2855 πρεσϐύτεροι
969 2788 1109 2855 μετὰ
1141 2787 1444 2857 νεωτέρων,
1499 2788 1664 2858 ἱερεῖς
1700 2805 1769 2840 κα

1902 2783 2058 2839 dotes
2104 2797 2160 2839 et
2199 2786 2461 2855 populus.
2518 2786 2775 2840 monachi
2824 2797 2880 2842 et
2930 2787 3243 2851 caanobitze,
3285 2787 3470 2857 quiin

198 2871 329 2935 λαὸς
352 2875 404 2926 οἱ
443 2876 725 2943 μοναδικοὶ
754 2877 849 2930 καὶ
873 2878 1118 2945 μιγάδες,
1150 2879 1200 2929 οί
1233 2878 1335 2947 τῆς
1361 2877 1666 2948 ἁπλότητος
1698 2897 1766 2931 κα

1904 2876 2363 2944 contemplatione
2392 2876 2601 2946 quique
2632 2877 2689 2930 in
2713 2876 2929 2931 actione
2967 2877 3286 2931 versamini.
3317 2878 3472 2931 Alius

196 2967 297 3035 τῆς
326 2966 643 3032 ἀκριϐείας,
671 2968 789 3020 ὅσοι
820 2970 920 3039 τῆς
944 2969 1181 3041 Θεωρίας
1211 2971 1306 3023 καὶ
1352 2971 1469 3023 ὅσοι
1507 2970 1762 3039 πράξεως

1903 2966 2084 3021 laudet
2128 2967 2374 3022 studium
2421 2968 2624 3036 ciusin
2677 2968 2905 3038 jejuniis
2938 2978 2995 3022 et
3048 2969 3311 3038 precibus
3358 2977 3471 3022 tam

199 3063 227 3113 ὁ
257 3060 361 3130 μὲν
393 3063 670 3115 ἐπαινεῖτο
705 3064 765 3117 τὸ
788 3065 844 3115 ὲν
877 3066 1176 3135 νηστείαις,
1206 3066 1300 3118 καὶ
1324 3071 1655 3137 προσευχαῖς
1678 3062 1767 3120 οἷο·

1904 3056 2203 3121 assiduum,
2236 3058 2391 3112 velut
2425 3058 2472 3111 si
2528 3060 2781 3125 corporis
2808 3076 3011 3129 expers
3056 3060 3255 3116 fuisset
3286 3078 3301 3126 ;
3329 3061 3472 3116 alius

200 3152 501 3221 ἀσώματόν
532 3170 592 3205 τε
625 3154 720 3207 καὶ
763 3155 945 3220 ἄῦλον,
983 3158 1011 3209 ὅ
1043 3155 1100 3209 δὲ
1132 3156 1193 3209 τὸ
1236 3159 1296 3210 ὲν
1325 3158 1654 3228 ἀγρυπνίαις
1698 3175 1768 3212 κα

1902 3148 2208 3217 vigiliarum
2265 3158 2323 3204 et
2376 3149 2803 3218 psalmodiarum
2863 3153 3273 3216 constantiam;
3328 3151 3470 3205 alius

202 3218 547 3315 ψαλμῳδὶαις
589 3245 806 3299 εὖτονόν
841 3264 900 3299 τε
934 3218 1050 3301 *καὶ
1075 3218 1577 3319 ἀήττητον,ηᾶλ).ος
1631 3218 1694 3301 τὸ
1729 3251 1770 3301 ἐι

1903 3254 2147 3308 asperam
2188 3249 2353 3309 atque
2395 3240 2787 3295 incredibilem
2841 3242 3101 3298 duritiem
3146 3244 3346 3309 victus,
3375 3252 3471 3299 aut

201 3338 514 3408 προστασίᾳ
542 3338 650 3391 τῶν
676 3339 968 3407 δεομένων,
1000 3340 1158 3402 ἄλλος
1201 3340 1300 3409 τὴν
1357 3340 1493 3411 πρὸς
1531 3340 1591 3393 τὸ
1611 3340 1769 3410 ὑπερ-

1901 3332 2064 3386 auimi
2094 3331 2486 3387 demissioncm
2508 3350 2524 3399 ;
2545 3334 2687 3388 alius
2706 3334 3039 3390 oblivionem
3058 3336 3382 3406 injuriarum
3412 3336 3469 3389 in

205 3428 325 3497 ἔχον
350 3430 677 3482 ἀντιτυπίαν
702 3430 735 3499 ἢ
774 3431 873 3498 τὴν
904 3430 1041 3501 πρὸς
1060 3431 1121 3483 τὸ
1144 3429 1399 3483 ταπεινὸν
1439 3430 1773 3498 συγκαταϐα-

1903 3437 1962 3477 eo
1992 3422 2269 3492 praecipue
2311 3424 2693 3489 excellentem,
2730 3426 2884 3496 juxta
2936 3436 3272 3496 prmeeptum
3322 3425 3471 3495 Apo-

204 3534 307 3581 σιν,
334 3518 498 3582 ἄλλος
528 3520 592 3572 τὸ
626 3518 1006 3589 ἀμνησίκακον
1033 3518 1062 3571 ὃ
1123 3522 1218 3572 καὶ
1250 3519 1451 3589 μᾶλλον
1503 3518 1772 3590 ἐκέκτητο.

1904 3514 2022 3569 stoli
2053 3513 2325 3570 dicentis:
2357 3534 2374 3568 ι
2400 3515 2492 3570 Sol
2519 3531 2631 3570 non
2674 3515 2893 3572 occidat
2922 3531 3088 3587 super
3130 3517 3472 3573 iracundiam

208 3612 339 3665 κατὰ
368 3613 435 3665 τὸ
480 3612 841 3667 ἀποστολικὸν
870 3612 1242 3682 παράγγελμα
1282 3613 1343 3665 τὸ
1391 3611 1622 3681 φασκονο
1659 3630 1678 3665 ι
1724 3613 1786 3665 'O
1894 3615 2135 3661 vestram
2163 3606 2273 3660 ⁸⁸.»

213 3705 347 3773 ἣλιος
376 3708 457 3775 μὴ
482 3705 750 3760 ἐπιδυέτω
784 3706 866 3777 τῷ
892 3704 1262 3776 παροργισμῷ
1293 3704 1471 3774 ὑμῶν.
1514 3725 1533 3756 ι

274 3798 341 3867 ρ’.
380 3799 499 3861 Πᾶς
523 3792 620 3851 οὖν
644 3799 672 3850 ὁ
697 3798 909 3851 ἐκείνου
935 3797 1097 3869 χορὸς
1142 3797 1503 3868 περιστάντες
1548 3815 1636 3867 με,
1669 3798 1786 3851 ὅσοι

1965 3800 2088 3857 100.
2123 3802 2316 3858 Omnis
2360 3804 2530 3873 igitur
2576 3804 2930 3874 praesentium
2979 3805 3183 3860 chorus
3233 3805 3327 3874 qui
3380 3820 3469 3859 me

203 3889 289 3941 τοῦ
320 3891 570 3958 βήματος
602 3890 698 3943 καὶ
728 3891 843 3943 ὅσοι
881 3892 990 3944 τῶν
1020 3890 1193 3954 κάτω,
1223 3891 1336 3944 ὅσοι
1357 3890 1467 3943 τῶν
1492 3891 1771 3960 ήμετὲρωκ

1901 3896 2298 3961 circumstalis,
2332 3904 2604 3966 quotquot
2625 3896 2695 3950 ad
2734 3897 3077 3966 superiorem
3104 3906 3161 3950 et
3197 3907 3469 3965 quotquot

202 3983 290 4036 καὶ
313 3983 437 4035 ὅσοι
459 3982 571 4034 τῶν
593 3981 815 4047 ἔξωθεν,
849 3983 950 4052 τὴν
997 3982 1274 4051 εὐφημίαν
1308 4000 1397 4051 μοι
1447 3984 1770 4053 συνεργάσα·

1898 3986 1961 4041 ad
1994 3986 2312 4041 inferiorem
2329 3986 2515 4055 templi
2543 3996 2752 4054 partem
2770 3986 3061 4055 pertinetis
3086 3985 3222 4055 (80),
3259 3986 3466 4054 quique

203 4073 341 4138 σθαι,
378 4072 540 4136 ἄλλος
585 4072 714 4127 ἄλλο
745 4091 797 4126 τι
830 4074 939 4127 τῶν
985 4072 1081 4127 τοῦ
1111 4074 1232 4127 νέου
1279 4073 1563 4127 Βασιλείου
1603 4075 1771 4128 καλῶι

1899 4096 1959 4133 ex
1988 4088 2304 4133 nostrorum
2331 4118 2346 4141 ,
2377 4076 2583 4146 quique
2622 4092 2688 4131 ex
2721 4092 2950 4131 numero
2973 4086 3329 4131 externorum
3373 4075 3467 4127 ad—

200 4164 545 4236 διηγούμενοι
576 4165 673 4218 καὶ
706 4164 1015 4233 ζητοῦντες,
1046 4168 1094 4219 οἱ
1122 4165 1231 4218 τῶν
1262 4164 1468 4234 θρόνων
1494 4166 1587 4219 τὸν
1620 4183 1768 4237 νομο-

1904 4170 2047 4232 astis,
2077 4169 2337 4224 coniicite
2377 4183 2593 4223 mecum
2628 4167 3034 4231 laudationem,
3072 4175 3129 4222 et
3172 4168 3314 4221 alius
3334 4166 3472 4220 alias

199 4257 379 4328 θέτην,
410 4260 465 4326 pi
518 4258 623 4327 τῆς
661 4259 937 4323 πολιτείας
983 4259 1075 4312 τὸν
1119 4258 1367 4329 πολίτην,
1409 4258 1576 4312 οἱτοῦ
1607 4260 1767 4329 δήμοι

1902 4260 2019 4314 novi
2058 4260 2224 4331 hujus
2270 4258 2453 4312 Basilii
2483 4259 2716 4314 virtutes
2768 4260 3065 4314 celebrate.
3125 4256 3228 4324 Qui
3280 4260 3470 4326 praesi—

195 4349 287 4419 τὴν
315 4348 598 4414 εὐταξίαν,
632 4351 831 4421 οἱπερὶ
865 4350 1055 4417 λόγους
1082 4351 1175 4403 τὸν
1206 4351 1523 4422 παιδευτὴν,
1553 4352 1608 4403 αἱ
1637 4367 1750 4421 παρ

1900 4352 2038 4407 detis
2068 4352 2123 4405 in
2160 4350 2409 4421 judiciis,
2444 4350 2667 4405 laudate
2706 4350 3115 4419 legislatorem;
3152 4348 3246 4418 qui
3277 4349 3468 4402 civita-

198 4438 334 4493 θένοι
367 4440 463 4491 τὸν
495 4440 883 4508 νυμφαγωγὸν,
910 4443 965 4493 αί
1011 4440 1116 4493 ὐπὸ
1148 4440 1317 4513 ζυγοῦ
1368 4441 1461 4493 τὸν
1514 4458 1766 4511 σωφρονι-

1901 4455 2001 4499 tem
2038 4444 2248 4513 regitis,
2272 4444 2484 4508 civem;
2517 4442 2613 4511 qui
2670 4443 2805 4496 estis
2851 4441 2919 4495 de
2974 4441 3200 4510 populo,
3240 4440 3469 4509 popula-

194 4535 345 4603 στῆν,
370 4535 421 4586 al
455 4533 557 4601 τῆς
583 4535 820 4603 ἐρημίας
846 4534 938 4586 τὸν
967 4510 1276 4604 πτερωτὴν,
1299 4535 1347 4586 oi
1377 4535 1477 4603 τῆς
1500 4532 1762 4604 ἐπιμιξίας

1895 4552 2042 4600 rem;
2078 4535 2173 4604 qui
2208 4534 2522 4588 eruditione
2555 4533 2929 4596 delectamiui,
2970 4533 3323 4601 magistrum;
3371 4532 3463 4600 qui

190 4627 279 4679 τὸν
328 4627 601 4696 δικαστὴν
622 4667 638 4689 ,
670 4627 721 4678 οἱ
753 4628 850 4697 τῆς
880 4626 1185 4695 ἁπλότητος
1213 4626 1305 4680 τὸν
1346 4626 1562 4695 όδηγδν,
1599 4627 1650 4678 οἱ
1681 4626 1758 4694 τῆ‹

1901 4626 2186 4681 solitudine
2220 4625 2501 4695 gaudetis,
2532 4624 2683 4678 illius
2711 4633 3030 4687 amantem;
3062 4624 3162 4692 qui
3203 4622 3469 4691 frequen-

195 4714 428 4787 Θεωρίας
473 4716 569 4769 τὸν
604 4715 876 4785 Θεολόγον,
913 4719 962 4770 οἱ
986 4719 1043 4770 ὲν
1074 4717 1310 4787 εὐθυμία
1341 4717 1433 4769 τὸν
1461 4716 1699 4786 χαλινὸν,
1731 4732 1758 4768 o

1897 4720 1983 4783 tia,
2023 4717 2311 4788 judicem;
2380 4716 2474 4785 qui
2537 4715 2916 4785 simplicitate,
2965 4715 3201 4780 ducem;
3264 4714 3361 4783 qui
3411 4714 3465 4767 in

195 4812 247 4865 ὲν
296 4814 618 4881 συμφοραῖς
663 4810 766 4880 τὴν
811 4811 1178 4881 παράκλησιν,
1234 4809 1335 4880 τὴν
1394 4808 1697 4878 βακτηρίαν
1744 4811 1763 4861 i

1898 4809 2148 4866 secundis
2192 4808 2362 4862 rebus
2406 4806 2730 4868 versamini,
2769 4807 3214 4870 moderatorem;
3272 4804 3370 4874 qui
3407 4804 3466 4857 in

197 4903 381 4969 πολιὰ,
430 4902 537 4972 τὴν
572 4902 955 4970 παιδαγωγίαν
987 4902 1259 4973 ηενεότης,
1289 4904 1322 4970 ἡ
1358 4902 1521 4954 πενία
1559 4901 1650 4953 τὸν
1684 4917 1765 4952 πο-

1898 4902 2161 4964 adversis,
2194 4900 2629 4963 consolatorem;
2660 4899 2903 4969 virgines
2927 4940 2942 4962 ,
2972 4898 3275 4968 virginem;
3333 4912 3466 4951 cou-

198 4999 407 5067 ριστὴν,
439 4996 477 5065 ἡ
525 4995 757 5064 εὐπορία
803 4995 896 5047 τὸν
945 4995 1256 5065 οἰκονόμον,
1295 4994 1514 5047 δοκοῦσί
1555 5011 1646 5063 μοι
1685 4993 1766 5046 καί

1906 5009 2057 5063 uges,
2088 5001 2339 5055 castum;
2396 4996 2671 5055 senectus,
2717 4988 3008 5058 baculum;
3052 4990 3334 5059 juventus,
3382 4988 3465 5041 di-

197 5088 358 5159 χῆραι
386 5088 483 5140 τὸν
512 5087 825 5157 προστάτην
859 5086 1268 5150 ἐπαινέσεσθαι,
1301 5088 1398 5139 καὶ
1438 5086 1667 5157 ὀρφανοὶ
1690 5086 1765 5139 an

1895 5085 2204 5155 scipliuam;
2236 5090 2551 5153 paupertas,
2574 5081 2925 5152 largitorem;
2958 5081 3266 5146 custodem,
3325 5094 3463 5149 opu-

198 5179 430 5249 πατέρα,
464 5178 557 5230 καὶ
587 5178 797 5247 πτωχοὶ
824 5178 914 5230 τὸν
946 5178 1308 5248 φιλόπτωχον,
1333 5178 1429 5232 καὶ
1453 5178 1543 5233 τὸν
1569 5179 1766 5248 φιλόξε-

1889 5177 2076 5232 leutia.
2101 5175 2373 5229 Videntur
2403 5174 2537 5227 mihi
2593 5189 2815 5243 quoque
2856 5173 3205 5228 defensorem
3259 5173 3457 5236 vidum;

195 5285 279 5324 ιον
307 5271 359 5321 οἱ
394 5269 560 5334 ξένοι,
590 5271 684 5322 καὶ
712 5268 933 5339 ἀδελφοὶ
959 5269 1051 5322 τὸν
1082 5270 1428 5340 φιλάδελφον,
1461 5272 1510 5324 οἱ
1541 5272 1760 5326 νοσοῦν-

1895 5269 2091 5340 pupilli,
2113 5275 2322 5338 patrem
2346 5283 2361 5331 ;
2382 5266 2593 5336 inopes,
2622 5281 2928 5336 pauperum
2961 5266 3274 5322 studiosum
3308 5283 3325 5331 ;
3357 5265 3463 5320 ho-

255 5406 301 5441 "
335 5404 484 5460 Psal.
532 5419 656 5463 cxv.
686 5403 772 5458 15.
847 5403 893 5436 ’³
921 5404 985 5458 iV
1017 5403 1149 5475 Reg.
1179 5420 1291 5465 XIX,
1326 5404 1415 5461 Si.
1489 5406 1553 5437 ’³⁸
1581 5407 1746 5461 llebr.
1772 5424 1823 5462 xl

975 5405 985 5432 ί
1017 5403 1149 5475 Reg.
1179 5420 1291 5465 XIX,
1326 5404 1415 5461 Si.
1489 5406 1553 5437 ’³⁸
1581 5407 1746 5461 llebr.
1772 5424 1846 5471 xx,
1876 5408 1967 5463 5‘5.
2042 5402 2089 5436 “
2112 5403 2318 5473 Ephes.
2352 5416 2428 5464 tv,
2452 5398 2543 5453 26.

410 5518 601 5597 (Iunce
626 5520 751 5597 ὅσου
787 5517 881 5573 τοῦ
908 5518 1175 5597 βήματος,
1204 5522 1298 5574 καὶ
1329 5523 1444 5575 ὅσοι
1470 5521 1578 5572 τῶν
1608 5524 1781 5597 κάτω,

1892 5522 2095 5575 riorem
2125 5516 2315 5597 templi
2350 5526 2564 5597 partem
2586 5523 2849 5597 occupat:
2885 5513 3200 5597 qumlinus
3231 5526 3341 5597 non
3375 5511 3460 5592 in:

205 5587 647 5659 intelligiturque
677 5590 883 5653 clerus,
911 5587 1009 5658 qui
1038 5592 1181 5644 inter
1231 5607 1389 5646 sacra
1416 5602 1653 5660 occupat
1706 5594 1781 5647 lo-
1883 5591 2138 5660 telligeus
2169 5588 2371 5642 vertit:
2405 5607 2423 5636 ι
2449 5588 2552 5653 Qui
2611 5587 2888 5655 pulpitum
2920 5587 3217 5660 attingi_tis,
3269 5592 3325 5635 et
3358 5587 3457 5651 qui

199 5676 316 5713 cum
347 5653 863 5735 altaris'(tri_bunqm
920 5653 1018 5715 seu
1047 5663 1265 5735 chorum
1313 5663 1491 5735 Latini
1539 5653 1776 5727 dicunt),
1884 5653 2031 5717 estis
2056 5660 2288 5714 inferius
2307 5676 2367 5735 ε)
2401 5660 2558 5727 quasi
2585 5653 2727 5735 cum
2752 5665 3005 5735 respectu
3057 5653 3125 5706 ad
3181 5660 3460 5708 oratorem

203 5741 256 5785 et
281 5732 544 5802 populus,
572 5726 666 5802 qui
694 5733 849 5787 cxt‘ra
876 5733 1147 5799 cancellos
1173 5734 1512 5790 anteriorem
1541 5742 1598 5790 ct
1635 5735 1777 5789 inl‘e-
1888 5734 2092 5803 ipsum,
2126 5746 2194 5786 ex
2225 5726 2464 5786 amboue
2486 5728 2651 5784 verba
2673 5726 2989 5782 facientem.
