3970 6536
497 277 641 345 238'?

1536 292 1597 352 S.
1636 287 2003 354 EUTYCHII
2034 287 2544 353 ΡΑΤΒΙΑΒΟΗᾹΞ
2582 290 2695 352 CP.

3686 280 3833 355 9.388

492 396 766 467 spitalem,
788 396 1033 466 hospites
1062 419 1076 468 ;
1104 402 1439 471 fraternitas,
1464 400 1789 463 dilectorem
1815 408 2065 475 fratrum;

2184 423 2259 469 τες
2315 398 2409 458 τὸν
2466 401 2672 476 ἰατρόν,
2715 406 2767 458 oi
2807 402 3147 474 ὑγιαίνοντες
3218 403 3330 460 τὸν
3396 402 3647 473 φύλακα
3725 409 3827 479 τῆς

490 493 1145 560 διετοιιιιιιοεηηείίἰοιιιη
1203 498 1469 568 cujusque
1529 499 1710 555 morbi
1740 515 1805 555 ac
1839 499 2072 557 medici-

492 596 650 647 nam;
722 585 839 641 sani
903 597 1354 645 conservatorem
1421 590 1783 660 valetudinis;
1872 606 2070 649 omnes

364 723 384 743 ,
493 673 739 746 denique
767 678 968 734 efferre
1017 696 1145 736 eum
1195 682 1479 749 laudibus,
1514 685 1610 754 qui
1664 685 1854 739 omnia
1885 684 2070 741 factus

492 775 580 821 est
612 768 894 834 omnibus,
953 778 1015 825 ut
1062 786 1256 827 omnes
1298 781 1393 828 aut
1440 774 1711 844 plurimos
1736 774 2069 830 lucraretur.

494 859 610 930 Ego
659 860 885 929 quidem
913 864 994 918 sic
1021 864 1312 921 amborum
1343 866 1567 921 Patrum
1606 868 1839 924 virtutes
1893 868 2074 925 laudi-

494 953 600 1007 bus
632 954 894 1020 miscens,
922 964 1118 1012 tenues
1165 959 1439 1013 sermonis
1467 960 1658 1025 epulas
1703 961 1950 1016 convivis
1974 960 2072 1016 de-

493 1045 679 1102 licatis
725 1049 977 1118 apposui,
1033 1051 1219 1105 caules
1271 1048 1483 1107 scilicet
1523 1067 1649 1106 cum
1684 1038 1924 1122 pastillis
1950 1061 2073 1108 tan-

494 1151 661 1205 quam
711 1147 1039 1207 apparatum
1093 1138 1441 1206 deliciosum,
1484 1157 1833 1211 nequaquam
1891 1142 2073 1197 laudis

496 1228 720 1283 futurus
774 1245 1000 1300 expers;
1059 1232 1189 1302 quia
1232 1233 1380 1303 quod
1438 1234 1732 1289 honestum
1786 1239 1907 1290 erat
1931 1251 2075 1306 pra:-

496 1322 758 1390 sumpsi;
818 1323 979 1378 vobis
1033 1335 1255 1390 autem,
1309 1326 1406 1396 qui
1464 1336 1618 1381 tanto
1674 1326 1860 1383 studio
1924 1326 2072 1398 justa

495 1428 695 1484 magno
716 1412 989 1487 Eutycbio
1018 1416 1385 1487 persolvistis.
1411 1416 1545 1475 nihil
1568 1416 1722 1473 aliud
1772 1420 2072 1474 consulue—

496 1504 621 1569 rim,
666 1505 775 1561 nisi
833 1514 895 1560 ut
944 1506 1013 1561 ad
1056 1506 1209 1561 illum
1241 1523 1475 1563 cernere
1505 1516 1562 1565 et
1587 1509 1833 1565 vicissim
1885 1510 1955 1565 ab
2005 1524 2074 1565 eo

495 1600 741 1670 conspici
777 1602 1140 1659 existimetis:
1177 1604 1294 1660 haec
1325 1606 1473 1659 enim
1512 1605 1735 1662 coronis
1771 1606 1881 1662 erit
1924 1614 2073 1663 recte

493 1691 765 1747 factorum
821 1695 978 1766 ejus,
1044 1695 1098 1751 in
1151 1694 1257 1753 hoc
1302 1699 1573 1753 virtutum
1612 1696 1717 1753 viri
1778 1699 2073 1755 thesaurus

496 1789 771 1844 consistit.

2172 496 2384 564 ὑγείας,
2416 494 2466 549 οί
2526 494 2729 558 πάντες
2758 495 2852 548 τὸν
2904 496 3084 551 πάντα
3143 494 3307 550 πᾶσι
3360 494 3705 566 γινόμενον,
3747 496 3835 551 ἵνα

2172 588 2407 660 κερδάνῃ
2435 588 2563 651 τοὺς
2596 588 2862 659 πάνταςῆ
2892 589 3174 655 πλείονας.
3233 586 3403 643 Ἀλλ’
3444 588 3573 657 ἐγὼ
3609 589 3714 658 μὲν
3746 586 3837 641 οὖ-

2170 699 2280 750 τως
2309 686 2417 739 τῶν
2439 686 2764 758 ἀμφοτέρων
2800 687 3063 759 Πατέρων
3091 687 3203 751 τὰς
3252 681 3493 756 ἀρετὰς
3548 679 3834 752 ἀναμίξας

2166 774 2285 839 τοῖς
2306 777 2679 848 ὲπαίνοις,τὴν
2698 779 2959 849 πενιχρὰν
2981 778 3075 832 τοῦ
3098 777 3280 846 λόγου
3310 767 3682 827 πανδαισίαν
3697 773 3838 842 μετὰ

2172 865 2485 940 προθυμίας
2511 869 2799 941 παρέθηκα
2827 873 2940 933 τοῖς
2982 869 3336 940 δαιτυμόσιν
3368 862 3481 921 καὶ
3529 866 3835 937 τρυφιταῖς

2170 962 2242 1016 τά
2269 962 2494 1016 τοιαῦτα
2518 979 2532 995 ⁸
2560 962 2637 1028 ὡς
2684 964 2841 1028 ἄλλος
2864 964 2985 1035 μεθ’
3006 961 3274 1036 ἀλεύρων
3328 961 3411 1015 τὰ
3450 958 3706 1029 λάχανα,
3735 959 3833 1029 τῆς

2172 1054 2267 1109 τοῦ
2292 1055 2617 1126 προελέσθαι
2651 1057 2869 1121 πάντως
2899 1056 2960 1110 τὸ
2992 1056 3155 1110 καλὸν
3193 1055 3314 1108 οὐκ
3364 1049 3597 1124 ἀμοιρή
3610 1067 3725 1105 σων
3754 1069 3835 1104 τι-

2176 1150 2284 1220 μῆς
2312 1163 2327 1180 ⁸
2356 1147 2487 1218 ὑμῖν
2518 1148 2576 1202 δὲ
2598 1149 2698 1203 οὐκ
2728 1149 2858 1204 ἄλλο
2892 1167 2946 1203 τι
2983 1147 3518 1221 συμϐουλεύσαιμι
3584 1140 3658 1197 ἂν
3718 1146 3833 1206 τοῖς

2172 1241 2577 1313 τετελεσμένοις
2592 1243 2660 1297 τὰ
2677 1243 2771 1298 τοῦ
2795 1243 3035 1314 μεγάλου
3066 1242 3391 1312 Εὐτυχίου,
3414 1240 3452 1311 ἦ
3485 1238 3637 1311 πρὸς
3660 1236 3827 1292 αὑτὸν

2175 1336 2263 1390 ἀεὶ
2285 1335 2506 1405 βλέπειν
2532 1336 2627 1390 καὶ
2656 1336 2729 1400 ώς
2755 1336 2989 1408 ὁρῶντος
3042 1335 3138 1389 καὶ
3169 1334 3502 1408 ὁρωμένου
3539 1332 3625 1402 τῷ
3656 1332 3828 1385 πνεύε

2178 1446 2309 1499 ματι
2358 1429 2778 1501 καταρτίζεσθαι
2810 1447 2824 1460 ·
2854 1426 3081 1499 τοιαύτη
3133 1429 3255 1501 γὰρ
3318 1427 3431 1481 καὶ
3486 1425 3608 1479 τῶν
3654 1424 3820 1479 αὐτοῦ

2175 1520 2659 1593 κατορθωμάτωνή
2677 1521 2926 1594 κορωνὶς,
2939 1518 3178 1586 τοιοῦτος
3194 1519 3305 1576 τοῦ
3328 1520 3623 1591 θεοφόρου
3636 1518 3825 1591 ἀνδρὸς

2175 1613 2285 1668 τῶν
2310 1615 2529 1686 ἀρετῶν
2554 1616 2583 1671 ὁ
2616 1613 2912 1687 θησαυρός.

1960 2065 2208 2124 EPILOG
2218 2065 2323 2123 US.

567 2214 691 2269 lOl.
725 2215 919 2271 Restat
966 2223 1029 2270 ut
1056 2214 1153 2285 qui
1204 2231 1291 2271 me
1338 2216 1575 2287 benigne
1624 2212 1882 2278 audistis,
1902 2220 2075 2282 tuque

2251 2216 2355 2284 ρα’.
2392 2209 2556 2265 Ἀλλά
2605 2226 2698 2282 μοι
2731 2207 3066 2283 συγγνώμην
3093 2210 3341 2266 διδόσθω
3377 2212 3548 2283 παρά
3587 2224 3652 2266 τε
3704 2211 3812 2267 τῶν

497 2306 773 2376 imprimis
792 2307 1043 2363 divinum
1075 2323 1139 2363 ac
1170 2323 1391 2363 sacrum
1433 2316 1619 2379 caput,
1651 2307 1796 2363 detis
1844 2305 2066 2361 veniam

496 2400 809 2469 paupertati
834 2415 992 2465 mete,
1019 2400 1321 2456 Mosaicum
1348 2401 1482 2456 illud
1509 2401 1578 2456 de
1624 2401 1752 2472 agni
1792 2415 1891 2455 esu
1922 2414 2077 2453 man-

497 2490 686 2545 datum
738 2491 1140 2561 expendentes:
1192 2493 1459 2549 «Decima
1512 2492 1603 2547 die
1647 2491 1853 2548 mensis
1911 2490 2075 2562 primi

507 2583 664 2637 tollat
694 2585 1079 2655 unusquisque
1121 2601 1319 2656 agnum
1350 2598 1453 2657 per
1496 2584 1690 2640 domos
1738 2592 1796 2639 et
1838 2582 2078 2638 familias

498 2689 662 2729 suas:
698 2675 783 2729 sin
812 2685 997 2731 autem
1028 2677 1214 2732 minor
1251 2687 1336 2734 est
1376 2692 1645 2734 numerus
1703 2692 1870 2748 quam
1927 2673 2080 2730 suilia—

499 2781 625 2821 cere
654 2767 829 2836 possit
849 2767 918 2822 ad
947 2769 1283 2824 vescendum
1317 2780 1539 2840 agnum,
1574 2766 2079 2825 assumetvicinum

499 2868 663 2908 suum
687 2855 784 2925 qui
830 2857 1169 2928 conjunctus
1207 2869 1295 2915 est
1338 2859 1529 2915 domui
1577 2874 1691 2915 sua:
1748 2860 1859 2913 ⁸³.»
1895 2858 1951 2914 Si
2008 2857 2081 2913 ad

499 2948 666 3003 unius
694 2948 819 3020 agni
871 2964 1028 3005 esum
1084 2953 1291 3007 multos
1336 2953 1725 3009 convocandos
1778 2953 2077 3024 praecepit.

498 3040 633 3109 quid
666 3041 734 3096 ad
761 3044 1005 3113 pastoris
1034 3044 1267 3116 alicujus
1312 3055 1369 3101 et
1402 3045 1627 3115 quidem
1656 3045 1784 3101 talis
1843 3046 2081 3116 pastoris

498 3130 873 3188 laudationem
906 3133 1025 3190 fieri
1054 3136 1404 3192 mandasset?
1449 3137 1586 3209 Ego,
1636 3146 1827 3195 sancte
1891 3138 2078 3205 Pater,

508 3241 636 3280 cum
672 3227 786 3283 tuis
811 3229 1083 3283 encomiis
1108 3230 1475 3300 praedicandis
1505 3247 1605 3303 par
1651 3248 1777 3289 esse
1806 3248 1916 3289 non
1952 3249 2081 3304 pos-

500 3335 653 3386 sem,
714 3318 824 3391 legi
866 3320 1290 3393 obtemperans,
1348 3339 1458 3380 non
1538 3340 1810 3396 pauperes
1868 3326 2082 3381 vicinos

499 3428 675 3474 meos,
701 3413 798 3469 sed
826 3414 1067 3484 aequales
1109 3430 1174 3471 ac
1199 3432 1365 3486 pares
1422 3425 1549 3473 tuos
1568 3459 1582 3485 ,
1612 3417 1846 3474 eximios
1888 3419 2081 3489 utique

499 3505 676 3568 viros,
706 3506 1044 3573 convocavi;
1080 3523 1193 3562 non
1231 3516 1292 3562 ut
1319 3524 1521 3580 agnum
1575 3526 1750 3566 unum
1797 3511 1889 3568 edi
1947 3526 2083 3566 coni

2176 2301 2483 2373 φιλοπόνως
2532 2303 2970 2375 ἐντυγχανόντων
3024 2308 3137 2368 τοῖς
3166 2307 3624 2377 προκειμένοις,
3659 2307 3813 2378 παρὰ

2174 2394 2239 2448 τέ
2296 2411 2391 2449 σου
2453 2395 2553 2465 τῆς
2590 2394 2740 2459 θείας
2767 2395 2860 2449 καὶ
2893 2395 3195 2466 σεϐασμίας
3228 2413 3333 2468 μοι
3373 2398 3677 2467 κεφαλῆς,
3716 2397 3812 2467 τὴν

2178 2486 2320 2559 ἐμὴν
2345 2487 2700 2557 ἐπιστάμενοι
2726 2487 2820 2540 τοῦ
2841 2486 3000 2556 λόγου
3032 2488 3255 2552 πενίαν,
3281 2488 3391 2541 καὶ
3418 2488 3486 2541 τὸ
3509 2489 3808 2543 Μωσαῖκδν

2177 2576 2537 2648 γινώσκοντες
2561 2576 2931 2648 παράγγελμα
2962 2578 3095 2648 περὶ
3129 2578 3232 2648 τῆς
3264 2576 3557 2648 βρώσεως
3588 2577 3687 2632 τοῦ
3709 2578 3805 2649 άρ-

2178 2671 2294 2726 νοῦ⁶
2322 2670 2470 2740 λέγει
2502 2671 2611 2742 γάρ
2635 2670 2831 2735 οὕτως·
2848 2672 2927 2743 Τῇ
2952 2671 3155 2744 δεκάτῃ
3182 2670 3287 2725 τοῦ
3318 2671 3508 2744 μηνὸς
3536 2668 3636 2723 τοῦ
3657 2669 3804 2742 πρώ-

2178 2778 2275 2815 του
2329 2761 2645 2815 λαϐέτωσαν
2702 2762 2914 2825 ἑαυτοῖς
2984 2761 3265 2833 πρόσατον
3324 2763 3379 2815 οἱ
3434 2761 3551 2814 υίοὶ
3590 2758 3801 2830 Ἰσραὴλ

2180 2851 2303 2906 κατ’
2322 2851 2504 2916 οἴκους
2530 2852 2797 2924 πατριῶν
2828 2852 2922 2907 ἐὰν
2947 2851 3005 2905 Bt
3030 2852 3308 2921 ὀλιγοστοὶ
3334 2847 3508 2917 ὦσιν,
3554 2850 3700 2904 ὥστε
3726 2848 3797 2919 μὴ

2182 2944 2501 2999 ίκανοῦσθαι
2557 2947 2638 3010 είς
2699 2944 2992 3017 πρόϐατον,
3020 2944 3633 3015 προσκαλεσάσθωσαν
3678 2942 3798 3006 τοὺς

2180 3039 2430 3108 γείτονας
2474 3037 2603 3103 τοὺς
2658 3038 2909 3109 πλησίον.
2958 3039 3020 3092 Ei
3078 3034 3174 3093 οὖν
3246 3041 3340 3103 εἰς
3403 3038 3624 3119 βρῶσιν
3683 3036 3795 3099 ἑνὸς

2182 3131 2461 3204 προϐάτου
2523 3131 2688 3203 νόμος
2745 3132 3073 3204 συναγωγὴν
3159 3132 3450 3199 ἐπέταξεν
3538 3128 3794 3201 γενέσθαι

2181 3225 2414 3290 πολλῶν,
2437 3225 2490 3279 τί
2512 3225 2574 3279 οὐ
2609 3227 2713 3280 κᾶν
2743 3228 2872 3299 περὶ
2903 3225 3165 3296 ποιμένος
3212 3227 3318 3282 καὶ
3375 3226 3635 3280 τοιούτου
3678 3238 3792 3276 ποι-

2185 3318 2346 3389 μένος
2370 3318 2506 3389 πρὸς
2534 3317 2810 3390 εὐφημίαν
2832 3319 3189 3391 προστάξειεν
3217 3319 3501 3388 γενέσθαι
3523 3335 3541 3386 ;
3562 3316 3791 3387 Πειθαρα

2182 3414 2357 3483 χήσας
2372 3405 2730 3481 τοίνυν’κάγὼ
2746 3410 2824 3482 τῷ
2852 3410 3026 3483 νόμῳ,
3066 3412 3142 3483 μὴ
3176 3411 3255 3466 ὢν
3280 3413 3483 3475 ἱκανὸς
3551 3406 3788 3481 συγγρά⁸

2182 3504 2388 3575 ψασθαι
2415 3505 2486 3558 τὰ
2538 3505 2608 3559 σά
2640 3503 3065 3576 κατορθώματα,
3125 3505 3241 3559 ὄσιε
3284 3506 3509 3575 Πάτερ,
3561 3500 3787 3557 συνεκάο

501 3599 804 3666 spicerent,
840 3598 937 3652 scd
970 3608 1031 3653 ut
1056 3608 1331 3669 pastorem
1359 3603 1831 3673 peregrinationis
1860 3606 2080 3660 socium

2184 3595 2317 3650 λεσα
2353 3597 2434 3659 είς
2467 3596 2746 3667 εὐφημίαν
2796 3596 2898 3667 τὴν
2952 3596 3073 3667 σὴν,
3115 3597 3178 3649 οὐ
3227 3598 3366 3661 τοὺς
3431 3596 3660 3667 ὁμοίους
3688 3607 3783 3663 μου

501 3689 907 3746 collaudarent.
938 3691 1178 3763 JEquum
1213 3704 1299 3749 est
1335 3711 1469 3751 sane
1500 3704 1560 3751 ut
1596 3707 1952 3754 transeuntes
1981 3715 2083 3769 per

499 3781 647 3836 viam
684 3793 741 3837 et
791 3798 822 3838 a
856 3784 1057 3841 viatico
1121 3789 1366 3844 tenuiter
1398 3790 1678 3851 instructi.
1736 3791 1791 3846 id
1842 3801 1930 3847 est
1969 3791 2085 3847 elo-

500 3874 727 3944 quentia
750 3883 808 3930 et
829 3875 1083 3933 doctrina
1114 3879 1328 3950 in0pes,
1355 3882 1753 3953 concinnteque
1783 3894 1839 3939 et
1868 3900 2085 3940 sonora:

499 3966 925 4036 compositionis
951 3967 1253 4036 elegantia,
1280 3980 1413 4026 eant
1453 3972 1522 4026 ad
1579 3988 1777 4043 aquam
1826 3975 2006 4029 vivam
2028 3982 2085 4030 et

498 4057 696 4112 bibant
727 4072 796 4113 ex
831 4060 951 4130 ipso
982 4062 1150 4117 fontis
1176 4063 1333 4119 labro
1364 4080 1429 4120 ac
1463 4072 1665 4135 puteo:
1698 4080 1880 4137 neque
1930 4069 2082 4124 enim

499 4146 665 4201 decet
692 4147 762 4201 ad
816 4148 1079 4213 alienam,
1113 4150 1447 4218 doctrinam,
1496 4153 1747 4225 inquam,
1778 4164 1837 4209 et
1892 4156 2084 4212 erudi-
2118 4186 2131 4205 κ

503 4237 737 4305 tionem,
762 4242 1048 4296 accedere.
1075 4242 1267 4313 Itaque
1304 4260 1426 4314 qua:
1452 4260 1521 4300 ex
1566 4246 1679 4302 tuis
1715 4258 1869 4304 recte
1920 4250 2084 4305 factis

502 4331 661 4402 potui
696 4333 918 4402 assequi
942 4333 1201 4407 dicendo,
1227 4336 1390 4392 Pater
1414 4348 1628 4410 sancte,
1667 4355 1729 4399 ea
1761 4340 2085 4399 sitientibus

501 4434 759 4495 prompte
786 4428 1017 4497 apposui
1045 4444 1059 4493 ;
1094 4445 1219 4497 qua:
1250 4440 1436 4485 autem
1466 4431 1613 4488 vires
1681 4450 1832 4491 meas
1918 4454 2087 4510 supe-

499 4515 721 4581 rabant,
778 4532 961 4587 neque
1021 4532 1277 4574 sermone
1338 4536 1464 4576 meo
1520 4530 1777 4593 poterant
1833 4539 2086 4596 compre-

500 4610 693 4673 hendi,
729 4610 918 4666 divina
940 4614 1290 4683 sapientibus
1314 4616 1452 4672 viris
1480 4616 1840 4688 ipsorumque
1876 4633 2086 4674 sermo-

500 4702 668 4757 nibus
693 4702 991 4774 dereliqui,
1024 4721 1262 4776 quorum
1283 4707 1482 4772 Verba,
1503 4708 1650 4763 sicut
1676 4710 1948 4779 scriptum
1977 4721 2084 4774 est,

502 4807 636 4853 sunt
662 4798 871 4853 stimuli
902 4809 960 4854 et
1013 4801 1173 4870 quasi
1224 4802 1364 4856 clavi
1414 4802 1573 4873 igniti
1624 4804 1706 4856 "z
1750 4803 1866 4857 «Da
1895 4811 2083 4858 autem

500 4891 740 4961 sapienti
757 4893 1129 4958 occasionem,
1151 4902 1208 4949 et
1225 4895 1531 4965 sapientior
1551 4895 1676 4961 erit;
1697 4894 2081 4967 docejustum,

502 4991 562 5036 et
588 4982 877 5039 festinabit
906 4984 1190 5056 suscipere
1216 4982 1282 5039 ".
1316 5005 1334 5038 ι
1365 4987 1667 5057 Apostolus
1711 5002 1883 5043 vero:
1923 5008 1942 5040 ι
1981 4990 2087 5045 Ve-

504 5082 644 5141 stra,
672 5075 871 5145 inquit,
900 5077 1245 5132 abundantia
1272 5078 1498 5133 illorum
1549 5079 1791 5149 inopiam
1815 5082 2089 5151 suppleat,

2188 3688 2428 3759 πένητας
2466 3687 2736 3757 γείτονας,
2793 3686 2929 3741 and:
2981 3689 3110 3751 τοὺς
3156 3689 3291 3751 σοὺς
3351 3687 3653 3757 συζύγους,
3699 3682 3786 3736 καί⁵

2186 3780 2493 3853 ὁμοδόξους,
2516 3782 2615 3852 οὐχ
2641 3782 2727 3835 ἵνα
2751 3781 3026 3851 πρόϐατον
3042 3780 3307 3851 ἐδώδιμον
3329 3780 3653 3842 θεάσοντας,
3672 3774 3780 3830 ἀλλ’

2186 3875 2276 3929 ἵνα
2321 3874 2558 3944 ποιμένα
2610 3873 2952 3945 συνέκδημον
2996 3875 3395 3930 ἐπαινέσωσιν.
3452 3872 3638 3928 Καλὸν
3680 3869 3780 3939 γάρ

2184 3967 2313 4029 τοὺς
2357 3967 2594 4030 διῖόντας
2643 3967 2739 4019 καὶ
2796 3965 3110 4033 ὀλιγοστοὺς
3172 3967 3231 4019 ὲν
3282 3964 3550 4038 ἀργυρίῳ
3586 3960 3779 4030 τυγχά-

2185 4074 2400 4122 νοντας,
2429 4056 2709 4112 τουτέστιν
2725 4058 2784 4110 ὲν
2820 4057 2965 4128 λόγῳ
2986 4074 3046 4110 τε
3101 4058 3198 4111 καὶ
3240 4059 3478 4127 γνώσει,
3512 4056 3609 4109 καὶ
3657 4050 3779 4122 περὶ

2184 4148 2283 4219 τὴν
2322 4148 2542 4203 εὔθετον
2570 4148 2665 4203 καὶ
2708 4147 2966 4219 εῦκροτον
3012 4150 3115 4219 τῆς
3148 4148 3476 4216 καλλιεξίας
3532 4145 3776 4201 σύνθεσιν

2185 4239 2554 4311 ὲνδεομένους,
2597 4238 2926 4310 πορεύεσθαι
2968 4239 3221 4312 ἐφ’ὓδωρ
3270 4241 3409 4308 ζῶν,
3471 4240 3571 4294 καὶ
3606 4237 3773 4290 πίνειν

2183 4331 2245 4397 ἐξ
2272 4332 2419 4386 ίδίων
2447 4332 2686 4401 ἀγγείων
2717 4332 2810 4386 καὶ
2840 4334 3092 4404 φρεάτων
3116 4332 3300 4402 πηγῆς
3327 4350 3343 4365 ·
3391 4333 3455 4387 οὐ
3492 4331 3602 4401 γάρ
3627 4329 3772 4397 θεμι-

2181 4425 2274 4478 τὺν
2302 4422 2537 4493 βαδίζειν
2582 4422 2722 4495 πρὸς
2769 4424 3056 4496 ἀλλοτρίαν
3078 4464 3094 4489 ,
3142 4426 3311 4495 φημὶ,
3336 4424 3560 4493 διδαχήν
3596 4436 3658 4473 τε
3686 4417 3770 4472 καὶ

2186 4515 2495 4571 παίδευσιν.
2537 4515 2679 4569 Ἀλλ’
2705 4517 2806 4569 ὅσα
2841 4533 2931 4587 μοι
2958 4515 3217 4584 εὐάγωγα
3264 4517 3379 4570 τῶν
3414 4515 3527 4568 σῶν
3583 4510 3769 4579 ἀνδρα-

2184 4607 2521 4678 γαθημάτων
2552 4608 2862 4677 γεγόνασιν,
2908 4610 3043 4672 ὂσιε,
3098 4612 3211 4672 τοῖς
3248 4608 3481 4679 διψῶσιν
3506 4602 3765 4681 άπέγειμα

2185 4699 2360 4753 ταῦτα
2392 4700 2693 4771 προθύμως
2713 4716 2729 4731 ο
2768 4702 2868 4755 ὅσα
2887 4702 2944 4755 δὲ
2969 4700 3309 4775 δυσάντλητα
3342 4703 3378 4773 ἢ
3437 4698 3763 4768 δυσπόριστα

2188 4789 2380 4861 καὶτῷ
2402 4790 2523 4862 ἐμῷ
2557 4792 2698 4862 λόγῳ
2728 4791 2804 4864 μὴ
2864 4793 3285 4864 καταληφθέντα
3316 4794 3433 4857 τοῖς
3485 4790 3666 4858 σοφοῖς
3699 4780 3763 4834 τὰ

2189 4881 2307 4937 θεία
2333 4885 2558 4947 καὶτοῖς
2578 4884 2759 4937 αὐτῶν
2782 4884 2962 4954 λόγοις
2998 4886 3357 4958 παρέπεμψα,
3387 4885 3604 4944 οἵτινες
3635 4876 3762 4931 εἰσὶν

2192 4975 2336 5029 κατὰ
2360 4977 2422 5029 τὸ
2445 4977 2856 5047 γεγραμμένον,
2891 4979 3059 5046 Λόγοι
3096 4978 3278 5049 σοφῶν
3316 4979 3394 5043 ώς
3432 4978 3501 5031 τά
3553 4972 3759 5043 βούκεν·

2188 5086 2296 5141 τρα
2316 5069 2413 5123 καὶ
2437 5069 2512 5133 ώς
2528 5066 2652 5141 ἧλοι
2676 5072 3069 5144 πεπυρωμένοι
3087 5089 3102 5104 ο
3131 5092 3149 5123 ι
3174 5073 3330 5127 Δίδου
3346 5074 3405 5126 δὲ
3439 5068 3584 5138 σοφῷ
3602 5068 3757 5133 ἀφορ-

506 5172 647 5219 utet
674 5164 900 5219 illorum
927 5165 1269 5220 abundantia
1300 5176 1502 5221 vestrae
1523 5168 1723 5237 inopia:
1770 5169 1841 5223 sit
1867 5170 2080 5240 supple-

2197 5160 2327 5230 μὴν,
2369 5161 2468 5213 καὶ
2492 5160 2801 5233 σοφώτερος
2819 5162 2992 5227 ἔσται,
3021 5163 3255 5236 γνώριζε
3275 5164 3467 5233 δικαίῳ
3487 5161 3579 5215 καὶ
3601 5167 3753 5224 προσ·

506 5266 779 5323 nicntum,
807 5267 867 5312 ut
898 5257 992 5313 fiat
1020 5258 1310 5329 aequalitas
1338 5258 1405 5314 ’⁸.
1440 5278 1459 5311 ι
1498 5260 1567 5315 Ει
1596 5277 1608 5313 :
1645 5281 1662 5311 ι
1686 5261 1975 5332 Adimpleo
2025 5278 2080 5317 ea

2192 5251 2346 5323 θήσει
2380 5252 2475 5308 τοῦ
2518 5253 2803 5323 δέχεσθαι·
2841 5274 2859 5307 ι
2887 5255 2947 5307 σὲ
2992 5255 3050 5308 δὲ
3077 5258 3415 5325 προστάσσει
3442 5254 3533 5308 καὶ
3558 5252 3586 5304 ό
3625 5247 3753 5305 θεῖος

504 5367 628 5421 qum
656 5351 863 5406 desunt
906 5352 1230 5424 passionum
1273 5351 1481 5407 Christi
1528 5353 1583 5407 in
1615 5369 1780 5410 carne
1810 5372 1935 5411 mea
1963 5358 2032 5412 ’9.
2064 5377 2082 5408 ι

503 5444 574 5501 Ει
625 5445 881 5500 iterum:
948 5443 1146 5512 «Quod
1209 5444 1347 5498 mihi
1411 5444 1607 5500 deerat
1683 5446 2087 5516 suppleverunt

503 5532 706 5587 fratres
730 5533 1021 5588 venientes
1072 5546 1103 5587 a
1158 5530 1480 5586 Macedonia
1517 5533 1557 5585 ³.
1584 5551 1603 5583 ι
1634 5532 1703 5586 Ει
1750 5547 1849 5588 vos
1891 5534 2082 5605 igitur,

503 5624 614 5679 viri
639 5624 894 5694 perfecti,
923 5624 1017 5695 qui
1042 5624 1145 5679 viri
1175 5624 1342 5695 hujus
1365 5623 1541 5678 sancti
1566 5622 1859 5695 divinique
1898 5626 2083 5681 Patris

2204 5344 2550 5408 Ἀπόστολος·
2575 5363 2593 5397 ι
2615 5346 2738 5399 Ὅτι
2763 5345 2862 5399 τὸύ
2871 5346 2988 5417 μῶν
3005 5348 3353 5419 περίσσευμα
3369 5347 3447 5409 εἰς
3468 5343 3528 5396 τὸ
3544 5336 3749 5394 ἐκείνων

2196 5436 2506 5509 ὑστέρημα,
2525 5439 2620 5492 καὶ
2648 5439 2707 5492 τὸ
2725 5438 2952 5493 ἐκείνων
2987 5440 3192 5512 ὑστέρη
3203 5458 3281 5510 μα
3312 5443 3391 5503 είς
3415 5437 3476 5492 τὸ
3495 5432 3638 5504 ὑμῶν
3662 5442 3750 5479 πι-

2197 5529 2491 5603 ρίσσευμα,
2538 5532 2690 5596 ὅπως
2720 5531 3001 5603 γένηταιή
3032 5535 3244 5600 ἰσότηςο
3275 5553 3295 5585 ι
3329 5532 3444 5587 καί·
3482 5547 3500 5580 ι
3544 5526 3657 5578 Ὅτι
3681 5517 3743 5569 τὰ

2193 5627 2551 5699 ὑστερήματα
2597 5628 2708 5681 τῶν
2730 5628 2979 5698 ,θλίψεων
3007 5628 3102 5682 τοῦ
3153 5627 3391 5700 Χριστοῦ
3425 5627 3481 5679 ὲν
3506 5622 3569 5691 τῇ
3596 5608 3745 5685 σαρκί

575 5740 622 5772 ’⁵
649 5739 821 5798 Exod.
854 5758 968 5812 xm,
998 5741 1055 5811 5,
1082 5740 1137 5797 ι.
1210 5742 1255 5775 ’⁸
1290 5738 1473 5797 Ecclc.
1511 5750 1604 5809 xu,
1627 5740 1713 5796 Η.
1755 5740 1801 5775 ’⁷
1835 5741 1993 5797 Prov.
2032 5758 2080 5798 ιιι

2184 5781 2190 5797 .
2233 5742 2277 5776 ⁸⁸
2307 5741 2351 5798 ll
2378 5741 2504 5799 Cor.
2538 5753 2651 5812 \‘lll,
2682 5744 2766 5799 li.
2809 5746 2855 5829 ’ξ
2893 5744 3104 5801 Coloss.
3131 5761 3169 5816 ι,
3200 5746 3291 5803 9-4.
3337 5747 3350 5778 ¹
3384 5744 3426 5799 ll
3457 5740 3574 5798 Cor.
3597 5749 3664 5793 ιι.
3686 5729 3734 5784 9-
