4028 6496
206 270 353 334 2389
883 272 981 333 DE
1019 272 1404 334 PASCHATE
1439 275 1537 335 ET
1576 276 1681 337 SS.
1719 276 2257 337 EUCHARISTIA.
2289 300 2357 310 -
2396 276 2776 336 MONITUM.
3308 274 3451 336 2390

204 406 305 456 μου
336 384 673 457 ἀναπληρῶσ
705 406 725 439 ι
751 387 844 439 καὶ
872 386 1055 441 πάλινο
1093 406 1113 439 ί
1141 388 1212 441 Τὸ
1232 388 1344 460 γὰρ
1362 389 1645 461 ὑστέρημά
1666 409 1769 461 μου

1873 406 1937 445 ac
1968 389 2215 459 magistri
2282 387 2600 442 laudatores
2634 404 2700 442 ac
2761 388 2879 441 veri
2924 387 3061 441 estis
3102 385 3223 451 ﬁlii,
3277 386 3448 440 animi

196 478 449 540 ἐλθόντες
475 477 872 547 ἀνεπλήρωσαν
901 480 950 532 οἱ
982 478 1222 548 ἀδελφοί.
1264 499 1282 531 ι
1309 482 1417 533 Καὶ
1447 481 1605 551 ὑμεῖς
1658 479 1775 546 οὖν,

1885 480 2131 535 studium
2193 486 2357 549 atque
2384 477 2814 546 propensionem
2874 477 3007 531 boui
3052 476 3360 542 consulite;
3392 485 3449 530 et

193 570 312 623 ὅσοι
337 569 533 623 τέλειοι
571 571 932 640 φιλοπάτορες
966 569 1060 624 τοῦ
1113 572 1320 625 τελείου
1351 574 1443 626 καὶ
1505 573 1767 645 θεοφόρου

1882 577 2031 645 quod
2058 577 2216 631 deest
2244 574 2571 639 laudationi,
2621 574 2901 643 supplete;
2938 573 3047 626 imo
3096 586 3229 625 vero
3272 580 3450 625 totum

193 660 390 731 ἀνδρός
419 678 478 713 τε
508 662 600 713 καὶ
622 661 942 716 διδασκάλου
967 665 1247 718 ἐπαινέται
1276 667 1372 718 καὶ
1401 667 1611 735 γνήσιοι
1646 670 1768 720 παῖ-

1888 669 1993 723 hoc
2045 683 2188 722 onus
2241 667 2296 720 in
2344 682 2445 719 vos
2484 665 2783 733 suscipite,
2848 672 2909 716 ut
2968 664 3262 731 impleatur
3303 660 3452 731 quod

192 751 280 813 δες
295 753 615 820 τυγχάνετε,
641 751 740 822 τὴν
774 752 872 821 μὲν
918 754 1057 823 ἐμὴν
1100 754 1432 819 ἀποδέξασθε
1471 756 1728 827 πρόθεσιν
1751 774 1764 787 °

1876 760 2141 829 scriptum
2167 769 2286 814 est:
2313 777 2331 809 ‹
2357 759 2549 813 Frater
2571 757 2667 826 qui
2694 756 2986 825 adjuvatur
3016 770 3046 808 a
3075 755 3271 817 fratre,
3290 752 3451 823 quasi

190 843 253 893 τὸ
274 842 329 893 δὲ
360 842 550 895 λοιπὸν
572 844 651 906 εἰς
684 844 958 915 εὐφημίαν
986 846 1045 915 ,ἢ
1108 845 1308 915 μᾶλλον
1350 849 1524 900 εἰπεῖν
1556 850 1615 901 τὸ
1647 850 1768 903 ὅλον

1891 852 2089 907 civitas
2119 852 2297 915 ﬁrma,
2325 849 2613 904 invalescit
2632 857 2820 902 autem
2848 847 2994 901 sicut
3028 859 3254 914 regnum
3304 845 3452 898 clau-

191 932 665 1003 ἀναπληρώσατε,
716 935 862 998 ὅπως
926 935 1185 1007 πληρωθῇ
1246 938 1307 991 τὸ
1359 940 1763 1011 γεγραμμένονο
1878 957 2002 997 sum
2034 951 2189 997 vecte
2217 943 2306 995 ’.ι

201 1042 218 1072 ι
258 1023 515 1091 Ἀδελφὸς
566 1024 669 1077 ὑπὸ
697 1026 925 1096 ἁδελφοῦ
954 1028 1336 1100 βοηθούμενος,
1357 1031 1430 1094 ὡς
1475 1030 1626 1094 πόλις
1652 1030 1822 1101 ὀχυρὰ
1855 1034 1948 1087 καὶ
1983 1033 2381 1103 τετειχισμένη.
2429 1031 2621 1101 Ἰσχὺει
2673 1030 2732 1084 δὲ
2768 1028 2956 1100 ὥσπερ
3018 1026 3454 1097 μεμοχλευμένον

203 1107 499 1177 βασῦεειον.
546 1134 565 1168 ι
3326 1110 3335 1123 ’

273 1212 379 1281 ρβᾶ
409 1212 483 1264 Σὺ
504 1212 563 1265 δὲ
595 1214 761 1283 ἡμᾶς,
791 1206 836 1265 ὧ
866 1220 1231 1286 τρισμακάριε
1263 1216 1359 1271 καὶ
1413 1217 1538 1286 ἅγιε
1570 1217 1771 1287 Πάτερ,

1961 1214 2085 1270 102.
2118 1217 2199 1269 Tu
2227 1231 2381 1281 vero,
2408 1215 2755 1271 sanctissime
2797 1229 2860 1267 ac
2900 1213 3217 1268 beatissime
3266 1212 3450 1277 Pater,

203 1304 529 1367 ἑποπτεύοις
578 1304 808 1370 ἄνωθεν,
860 1305 977 1359 καὶ-
1006 1306 1098 1359 τὸν
1146 1307 1327 1362 πάντα
1356 1308 1469 1377 βίον
1505 1307 1774 1377 διεξάγοις

1879 1308 1946 1362 de
1978 1308 2117 1362 coalo
2142 1323 2245 1362 nos
2268 1308 2504 1377 respice,
2530 1318 2587 1361 et
2610 1308 2736 1361 vita:
2765 1316 2968 1361 nostrae
3002 1322 3225 1360 cursum
3268 1304 3333 1357 ad
3361 1319 3449 1358 sa-

198 1396 333 1463 πρὸς
359 1397 423 1447 τὸ
451 1396 926 1449 λυσιτελέστατον’
957 1400 1005 1451 εἰ
1033 1398 1089 1451 δὲ
1116 1400 1547 1470 μετασταίημεν,
1596 1402 1775 1466 δέξαις

1874 1401 2043 1455 lutem
2068 1400 2264 1470 dirige,
2296 1409 2355 1453 ut
2413 1416 2538 1454 cum
2582 1401 2711 1453 hinc
2762 1399 3186 1461 recesserimus,
3214 1397 3451 1467 recipias

198 1487 455 1539 κάκεῖθεν
510 1490 659 1557 ἡμᾶς
704 1489 847 1542 κατὰ
898 1489 998 1553 τὰς
1032 1491 1131 1556 σὰς
1174 1492 1507 1561 ἐπαγγελίας
1545 1497 1624 1556 εἰς
1647 1496 1774 1559 τοὺς

1874 1507 1976 1545 nos
2009 1492 2065 1545 in
2118 1492 2297 1545 sinum
2330 1490 2562 1544 Abrahae
2589 1491 2727 1544 etin
2788 1498 2992 1543 aeterna
3033 1490 3309 1557 justorum
3368 1497 3452 1539 ta-

208 1577 608 1648 ⁹Α6ραμιαίους
626 1580 857 1643 κόλπους
887 1581 981 1633 καὶ
1009 1584 1128 1644 ταῖς
1144 1581 1252 1633 τῶν
1274 1583 1495 1637 δικαίων
1526 1586 1771 1654 σκηναῖς,

1880 1582 2197 1647 bernacula,
2249 1580 2341 1636 ubi
2374 1581 2569 1651 purius
2617 1590 2780 1649 atque
2827 1580 3125 1649 perfectius
3168 1578 3453 1633 videamus

195 1670 265 1732 ὡς
305 1672 377 1723 ἂν
430 1671 530 1723 καὶ
558 1673 615 1725 ἐν
656 1672 844 1735 αὐταῖς
878 1672 1084 1738 διδάξαι
1122 1673 1268 1743 ἡμᾶς
1300 1673 1537 1743 καθαρόν
1572 1692 1631 1727 τε
1681 1678 1775 1729 καὶ

1877 1690 1999 1744 qua:
2045 1673 2144 1728 abs
2200 1684 2255 1729 te
2311 1672 2612 1727 didicimus
2668 1672 2735 1725 de
2787 1679 2975 1725 sancta
3011 1679 3067 1723 et
3119 1669 3452 1738 sempiterna

193 1762 536 1832 τελειότερον
553 1763 621 1817 τὰ
643 1764 768 1834 περὶ
795 1765 1069 1834 τῆςὰγίας
1100 1766 1494 1832 καὶδμοουσίου
1524 1766 1616 1818 καὶ
1644 1784 1773 1818 συν-

1874 1765 2119 1835 ejusdem
2167 1764 2421 1820 essentia:
2469 1763 2759 1818 Trinitate.
2811 1761 3094 1822 Eamdem,
3145 1762 3326 1824 Pater,
3358 1758 3455 1813 de—

193 1852 375 1905 αἰδίου
397 1852 651 1922 Τριὰδος,
670 1848 738 1923 ἦς
767 1852 861 1905 νῦν
897 1852 1133 1924 μετρίως
1164 1854 1461 1923 δεδέγμεθα
1482 1856 1579 1918 τὰς
1602 1856 1777 1924 ἐμφά-

1875 1864 2100 1926 preCare
2132 1871 2232 1924 pro
2283 1855 2445 1909 nobis
2483 1854 2702 1909 famulis
2752 1853 2883 1917 tuis,
2920 1868 3127 1923 proque
3144 1867 3305 1923 grege
3334 1860 3446 1913 tuo,

197 1959 313 2005 σεις
360 1943 470 1995 ὑπὸ
500 1943 629 2008 σοῦ,
684 1942 781 1996 καὶ
821 1943 929 1996 τῶν
966 1942 1041 2006 ὼς
1075 1943 1137 1996 σὺ
1183 1942 1446 2014 μαθόντες
1493 1943 1587 1997 καὶ
1621 1960 1775 2012 συφι-

1880 1950 1986 2003 hoc
2016 1948 2333 2003 ﬁdelissimo
2364 1946 2681 2016 Christique
2706 1945 3089 1999 amantissimo
3136 1944 3358 2013 populo,
3394 1952 3455 1996 ut

196 2036 445 2100 σθέντες.
485 2038 594 2090 Ἦν
628 2037 722 2090 καὶ
750 2038 1079 2107 παρακαλῶν
1120 2037 1431 2103 ἀπαύστως,
1471 2038 1543 2108 μὴ
1592 2037 1776 2109 παύσῃ

1882 2039 2025 2093 bona
2076 2054 2479 2108 consequamur
2516 2047 2745 2101 aeterna,
2800 2037 2857 2090 in
2889 2035 3111 2091 Christo
3158 2034 3290 2090 Jesu
3342 2034 3454 2089 Do-

196 2124 344 2197 ὑπέρ
366 2143 425 2178 τε
454 2128 484 2195 ἡ
495 2126 613 2197 μῶν
640 2127 750 2180 τῶν
769 2126 876 2179 σῶν
907 2126 1123 2191 ἱκετῶν,
1151 2129 1241 2179 καὶ
1258 2126 1352 2180 τοῦ
1388 2127 1481 2180 σοῦ
1520 2126 1772 2195 ποιμνίου

1881 2132 2033 2186 mino
2066 2142 2293 2197 nostro;
2324 2145 2449 2193 cum
2479 2146 2588 2199 quo
2633 2130 2744 2184 Deo
2797 2139 2853 2183 et
2883 2129 3031 2184 Patri
3081 2128 3252 2200 gloria
3301 2128 3372 2182 sit
3399 2134 3456 2181 et

201 2218 385 2280 τοῦδε,
413 2219 504 2271 τοῦ
537 2219 859 2273 πιστοτάτου
888 2221 983 2274 καὶ
1021 2219 1365 2289 φιλοχρίστου
1418 2218 1567 2284 λαοῦ,
1625 2219 1775 2281 ὅπως

1880 2223 2152 2286 adoratio,
2188 2221 2354 2276 simul
2385 2235 2509 2274 cum
2559 2226 2750 2273 sancto
2794 2218 3053 2289 bonoque
3086 2229 3142 2274 et
3170 2220 3296 2274 vita:
3346 2218 3456 2273 lar-

210 2310 558 2380 ὲπιτύχωμεν
580 2311 691 2364 τῶν
722 2312 955 2367 αἰωνίων
985 2311 1225 2378 ἀγαθῶν,
1252 2313 1310 2364 ἐν
1341 2310 1563 2382 Χριστῷ
1593 2309 1770 2381 Ἰησοῦ

1880 2313 2032 2383 giore
2086 2310 2315 2381 Spiritu,
2348 2326 2496 2365 nunc
2524 2318 2581 2365 et
2626 2324 2865 2380 semper,
2924 2310 3061 2365 etin
3108 2311 3307 2365 saecula
3338 2324 3440 2364 sae-

206 2400 282 2470 τῷ
303 2402 493 2472 Κυρίῳ
524 2402 703 2473 ἡμῶν,
736 2402 852 2473 μεθ’
892 2396 953 2457 οὗ
986 2402 1065 2474 τῷ
1096 2402 1269 2472 Πατρὶ
1293 2402 1421 2468 δόξα
1466 2403 1558 2455 καὶ⁴
1605 2419 1774 2473 προσ-

786 2402 852 2457 εθ’
892 2396 953 2457 οὗ
986 2402 1065 2474 τῷ
1096 2402 1269 2472 Πατρὶ
1293 2402 1421 2468 δόξα
1466 2403 1558 2455 καὶ⁴
1605 2419 1774 2473 προσ·
1879 2403 2151 2459 culorum.
2182 2402 2377 2457 Amen.

201 2494 433 2564 κύνησις
491 2492 610 2565 ἅμα
659 2493 736 2566 τῷ
784 2495 923 2568 ἁγιῳ
974 2494 1069 2549 καὶ
1126 2493 1317 2566 ᾀγαθῷ
1367 2495 1462 2550 καὶ
1516 2494 1763 2566 ζωοποιῷ
1802 2495 2102 2567 Πνεύματι,
2132 2493 2228 2548 νῦν
2266 2495 2359 2549 καὶ
2388 2495 2495 2560 ἀεὶ,
2556 2495 2652 2550 καὶ
2688 2496 2770 2560 εἰς
2798 2494 2926 2559 τοὺς
2953 2493 3155 2558 αἰῶνας
3181 2493 3292 2548 τῶν
3314 2491 3451 2548 αἰώ-

198 2602 337 2637 νων.
386 2586 447 2638 Ἀ
455 2586 579 2657 μήν.

274 2724 299 2755 ⁸
322 2725 491 2784 Prov.
520 2742 668 2796 xvut,
720 2727 804 2785 l9.

272 2928 2246 2953 mw

2294 2926 3439 2951 Μ

2249 2933 2295 2955 3

1420 3083 1605 3146 ANG.
1664 3081 1814 3143 MAI
1860 3080 2235 3146 MONITUM

1238 3247 1318 3291 DE
1357 3247 1652 3293 EUTYCHII
1685 3247 2094 3293 PATRIARCHE
2136 3251 2449 3299 SERMONE.

1400 3376 1673 3446 (Biblioth.
1707 3377 1842 3432 Νου.
1873 3386 1912 3432 t.
1946 3378 2037 3444 Ν,
2072 3396 2129 3451 p.
2162 3381 2274 3453 54.)

278 3620 537 3693 Eutychii
569 3620 893 3690 patriarcha:
918 3619 1534 3691 Constantinopolitani,
1560 3621 1743 3677 medio
1771 3623 1973 3678 saeculo
2001 3632 2154 3679 sexto
2180 3623 2335 3690 clari,
2356 3639 2666 3680 sermonem
2698 3626 2765 3681 de
2789 3626 3055 3680 Paschate
3087 3633 3145 3679 et
3170 3624 3239 3680 de
3267 3640 3459 3682 sacro-

214 3720 396 3764 sancta
425 3709 797 3774 Eucharistia,
826 3710 871 3764 si
896 3724 1008 3763 non
1025 3709 1306 3787 integrum
1332 3718 1481 3764 certe
1516 3709 1660 3764 bona
1684 3710 1767 3764 sui
1800 3717 1955 3777 parte
1980 3710 2353 3780 superstitem,
2379 3710 2435 3765 in
2457 3711 2721 3766 Vaticano
2742 3712 2928 3767 codice
2950 3711 3214 3780 comperi.
3241 3712 3459 3767 Etenim

210 3813 275 3852 ex
296 3797 553 3867 ejusdem
584 3796 840 3868 Eutycbii
868 3796 992 3852 Vita
1021 3796 1091 3851 ab
1118 3797 1411 3852 Eustathio
1442 3797 1696 3852 familiari
1720 3798 1861 3868 ejus,
1888 3795 2207 3868 presbytero
2237 3798 2612 3853 amantissime
2634 3798 2859 3869 scripta,
2880 3807 2935 3853 et
2956 3814 3023 3853 ex
3042 3799 3305 3853 Vaticano
3330 3799 3461 3855 item

208 3886 402 3940 codice
426 3902 457 3940 a
482 3884 836 3939 BollandiStis
861 3884 965 3939 sub
991 3884 1081 3939 die
1109 3884 1142 3938 6
1175 3884 1380 3954 Aprilis
1401 3884 1595 3940 Latine
1629 3886 1800 3951 edita,
1834 3885 1966 3940 satis
2016 3886 2303 3940 constabat
2349 3886 2727 3956 composuisse
2775 3902 2901 3941 eum
2944 3902 3226 3941 sermones
3271 3896 3462 3941 contra

209 3989 571 4044 quascunque
599 3974 860 4038 haereses,
889 3988 1094 4042 eosque
1116 3979 1242 4027 ante
1272 3972 1483 4028 obitum
1514 3973 1827 4044 publicasse
1854 3991 1868 4040 ;
1916 3988 2149 4042 quorum
2182 3988 2324 4027 unus
2367 3980 2424 4027 et
2471 3973 2694 4043 quidem
2721 3972 2868 4027 haud
2910 3974 3083 4027 inﬁmi
3123 3974 3342 4044 generis
3372 3973 3463 4028 hic

207 4070 409 4116 noster
435 4060 556 4125 fuit,
588 4061 1035 4132 quandoquidem
1060 4060 1115 4113 in
1136 4075 1203 4114 eo
1231 4071 1555 4131 argumento
1582 4071 1855 4127 versatur,
1889 4060 1979 4114 cui
2004 4075 2115 4130 prae
2134 4060 2349 4115 caeteris
2378 4061 2690 4133 Eutycbius
2711 4062 2963 4116 addictus
2996 4061 3120 4117 fuit.
3147 4062 3282 4116 Nam
3313 4062 3462 4131 quod

202 4150 414 4203 attinet
447 4150 515 4203 ad
551 4149 648 4204 SS.
686 4149 1109 4211 Eucharistiam,
1133 4147 1293 4202 docet
1329 4164 1431 4204 nos
1462 4149 1800 4220 biographus
1829 4143 1993 4218 q'uam
2038 4148 2128 4218 pie
2160 4148 2260 4203 hic
2295 4149 2607 4219 patriarcha
2651 4159 2708 4205 et
2758 4166 2922 4220 quam
2978 4165 3121 4220 saepe
3168 4150 3463 4205 Missarum

200 4237 485 4291 solemnia
515 4237 731 4307 publice
761 4239 1086 4302 celebraret,
1112 4250 1170 4296 et
1211 4237 1614 4294 Eucharistiam
1660 4243 1824 4292 tantae
1874 4236 2063 4305 populi
2105 4236 2445 4291 multitudini
2498 4237 2876 4302 distribueret,
2923 4248 2986 4293 ut
3026 4237 3321 4308 aliquando
3365 4253 3462 4293 sex

199 4326 369 4379 horis
392 4324 448 4379 in
478 4341 544 4381 eo
578 4328 922 4383 sanctissimo
948 4339 1073 4385 actu
1102 4326 1561 4400 perseveraverit.
1592 4324 1877 4381 Paschalis
1901 4334 2106 4390 autem,
2135 4325 2189 4379 id
2218 4333 2303 4380 est
2343 4326 2640 4382 Dominicaa
2671 4326 3098 4382 resurrectionis
3127 4341 3466 4382 commemo-

199 4414 510 4480 rationem,
542 4415 678 4469 adeo
725 4416 968 4472 studiose
1008 4418 1198 4482 coluit,
1250 4425 1311 4471 ut
1356 4415 1444 4471 vel
1494 4428 1750 4484 supremo
1792 4422 2082 4483 correptus
2110 4414 2305 4468 morbo
2332 4429 2594 4484 peragere
2627 4414 2903 4487 liturgiam
2932 4415 3191 4481 voluerit,
3241 4424 3404 4485 atque
3433 4430 3463 4469 a

198 4501 315 4556 Deo
353 4504 761 4573 impetraverit,
793 4513 851 4559 ut
884 4514 997 4561 tota
1023 4493 1304 4561 Paschatis
1325 4512 1513 4559 octava
1541 4504 1711 4556 vitam
1744 4501 2013 4565 retinens,
2042 4516 2108 4555 ea
2134 4502 2353 4555 demum
2379 4501 2669 4556 desinente
2710 4502 2765 4556 in
2798 4503 2964 4557 terris
2990 4502 3360 4567 solemnitate,
3395 4503 3464 4557 ad

198 4591 499 4645 ccelestem
526 4599 849 4660 perpetuam
885 4592 1000 4662 ipse
1028 4594 1308 4664 migraret.
1335 4591 1485 4645 Idem
1525 4605 1742 4659 quoque
1789 4586 2125 4657 biographus
2168 4587 2495 4658 Eutychium
2538 4589 2687 4643 circa
2720 4587 2870 4641 illam
2900 4590 3330 4643 controversiam
3364 4590 3465 4644 de-

199 4677 351 4733 fendi
371 4687 411 4744 t,
443 4696 607 4749 quam
639 4696 763 4735 cum
796 4697 993 4753 magno
1022 4692 1213 4736 nostro
1237 4680 1500 4750 Gregorio
1523 4676 1739 4749 [Μοναι.
1767 4678 1820 4730 in
1845 4675 1941 4729 Job
1992 4691 2102 4739 xw,
2130 4674 2187 4747 9]
2213 4676 2312 4747 (a).
2335 4675 2806 4745 Constantinopoli
2837 4686 2967 4731 tunc
2990 4677 3223 4747 degente
3246 4677 3461 4744 habuit,

199 4765 473 4821 Profecto
498 4766 565 4820 de
593 4769 778 4822 carnis
805 4770 1212 4824 resurrectione
1244 4780 1526 4835 nunquam
1570 4763 1842 4818 dubitavit
1890 4764 2213 4835 Eutychius,
2254 4765 2369 4818 imo
2399 4765 2545 4819 illam
2585 4766 2702 4820 suis
2734 4766 2955 4835 scriptis
2986 4767 3221 4821 asseruit
3254 4784 3267 4819 :
3310 4767 3365 4820 in
3394 4781 3463 4821 eo

200 4860 402 4907 tamen
431 4869 464 4907 a
490 4854 740 4908 veritatis
763 4854 845 4908 via
869 4855 1161 4925 aliquando
1184 4854 1447 4909 aberrans
1468 4852 1711 4914 divertit,
1754 4867 1878 4906 cum
1905 4852 2055 4907 illam
2085 4853 2141 4908 in
2172 4855 2576 4909 resurrectione
2601 4854 3002 4925 impalpabilem
3026 4855 3142 4909 fore
3156 4854 3422 4925 judicavit
3447 4872 3460 4908 :

201 4940 295 4994 sed
324 4941 562 4995 demum
591 4956 621 4995 a
646 4940 910 5012 Gregorio
938 4943 1245 5006 convictus,
1278 4950 1334 4995 et
1363 4941 1527 4994 morti
1555 4936 1843 5008 proximus
1856 4954 1974 4992 ante
1997 4938 2292 4993 natantium
2318 4938 2721 5009 oculos,pellem
2751 4960 2940 4997 manus
2969 4959 3080 4997 sua:
3107 4951 3308 5008 tenens,
3334 4960 3463 4997 con-

201 5025 392 5094 ﬁteor,
422 5027 622 5096 inquit,
655 5031 775 5097 quia
806 5046 985 5083 omnes
1010 5030 1065 5082 in
1094 5032 1193 5082 hac
1219 5043 1380 5081 carne
1411 5042 1762 5096 resurgemus.
1803 5026 1992 5096 Itaque
2016 5042 2046 5080 a
2071 5026 2275 5082 Graecis
2322 5029 2587 5083 memoria
2613 5030 2735 5099 ejus
2774 5029 3184 5100 religiosissime
3224 5030 3460 5094 colitur;

201 5130 395 5184 neque
426 5115 689 5169 dissentit
716 5116 983 5171 Baronius
1017 5116 1112 5186 qui
1139 5116 1209 5170 ad
1238 5132 1328 5169 an.
1353 5114 1475 5179 586,
1508 5131 1565 5169 n.
1601 5115 1654 5178 7,
1683 5112 1916 5168 afﬁrmat
1942 5132 1961 5165 ι
2001 5129 2113 5169 non
2160 5114 2436 5170 immerito
2483 5130 2607 5170 eum
2642 5132 2673 5170 a
2702 5116 2903 5172 Graecis
2946 5126 3004 5171 ut
3050 5126 3300 5172 sanctum
3330 5116 3460 5181 coli,

204 5200 704 5270 anniversariaque
734 5201 823 5257 die
852 5203 972 5273 ejus
994 5202 1172 5257 natale
1198 5201 1490 5257 celebrari.
1538 5221 1557 5253 ι

279 5288 578 5343 Sermonis
610 5290 774 5360 hujus
794 5290 1077 5360 reliquias.
1110 5291 1167 5344 in
1194 5290 1494 5361 segmentis
1524 5297 1763 5358 quatuor
1793 5288 2090 5360 dispersas.
2123 5288 2245 5344 aliis
2270 5289 2494 5343 Patrum
2536 5290 2875 5360 interpositis
2903 5291 3142 5361 scriptis,
3169 5293 3223 5346 in
3254 5291 3461 5347 Nicetaa

204 5374 276 5429 ad
306 5375 520 5430 Lucam
548 5384 741 5431 catena
764 5386 958 5433 nactus
980 5394 1101 5433 sum
1126 5395 1140 5445 ;
1172 5393 1309 5448 quas
1335 5392 1458 5433 cum
1491 5376 1661 5432 variis
1694 5377 2035 5446 temporibus
2057 5386 2220 5446 atque
2246 5377 2421 5440 libris,
2448 5385 2613 5447 prout
2653 5394 2711 5432 se
2740 5380 2876 5432 mihi
2906 5379 3247 5442 obtulerunt,
3272 5379 3458 5434 Graece

209 5463 346 5517 olim
376 5463 672 5529 ediderim,
696 5481 847 5520 nunc
868 5467 1126 5527 constitui
1153 5466 1377 5521 easdem
1413 5476 1782 5529 connectere;
1830 5464 2134 5534 praesertim
2174 5464 2303 5533 quia
2327 5464 2561 5519 feliciter
2588 5465 2787 5536 agnovi
2832 5482 2925 5521 eas
2956 5466 3151 5520 alienis
3178 5478 3325 5519 nunc
3356 5478 3453 5517 ex-

211 5552 408 5618 clusis,
444 5568 569 5621 qute
596 5553 1005 5623 interposuerat
1026 5554 1262 5621 Nicetas,
1289 5555 1431 5611 belle
1458 5556 1604 5610 inter
1631 5570 1690 5611 se
1710 5567 2034 5624 congruere,
2061 5551 2369 5624 seriemque
2387 5551 2560 5609 ferme
2586 5553 2901 5611 continuam
2926 5554 3256 5617 restituere;
3289 5565 3452 5621 quam

289 5689 374 5761 (α)
400 5690 537 5748 Vide
566 5691 1062 5764 Patrolog.Latina:
1088 5702 1127 5750 t.
1163 5692 1373 5762 LXXV,
1405 5696 1512 5751 col.
1542 5694 1861 5752 1077-1079.
