3970 6560
503 302 640 373 2391
1529 308 1590 368 s.
1627 304 1993 367 EUTYCHII
2030 256 2541 363 utrumnam};
2570 300 2683 361 ορ.
3691 288 3826 354 2392

504 438 621 478 rem
643 420 851 475 dudum
874 419 927 473 in
949 418 1131 488 Spicil.
1170 416 1322 475 Rom.
1352 420 1420 485 Χ,
1450 419 1602 490 przef.
1638 432 1866 474 monere
1896 432 1984 471 me
2010 414 2259 470 memini.
2286 413 2447 470 Certe
2498 414 2606 467 hoc
2651 409 2920 481 scriptum
2954 423 3150 478 neque
3186 403 3475 459 auctoris
3512 401 3605 455 sui
3644 418 3824 469 causa,

505 524 687 579 neque
728 507 902 577 ipsius
927 507 1258 577 argumenti,
1286 506 1675 577 negligendum
1704 522 1735 560 a
1762 521 1850 560 me
1887 504 2011 559 fuit.
2050 504 2297 572 Namque
2330 501 2635 573 Eutyehius
2668 498 2736 553 ab
2776 497 3096 567 Ephrremio
3148 507 3341 566 quem
3398 506 3518 579 nos
3546 490 3825 550 edidimus

505 576 948 666 chronographo,
976 576 1029 650 v.
1067 595 1230 658 9792,
1252 576 1503 666 elegante
1534 594 1716 648 iambo
1743 594 1945 648 dicitur
1970 611 1983 646 :
2015 594 2073 645 Ac

2258 592 2471 657 ιταίρος,
2506 588 2707 657 ἀρετῆς
2732 587 2783 638 τ’
2816 585 2882 638 αὖ
2917 585 3197 654 ἐργάτης.
3224 580 3475 635 Amicus
3498 576 3826 644 litterarum,

503 686 712 739 virtutis
747 692 930 737 auctor
958 683 1105 753 quod
1142 683 1262 752 ejus
1296 683 1585 738 continuat
1615 682 1956 752 biographus
2021 681 2150 734 dum
2197 679 2275 732 ait
2313 676 2643 746 Eutychium
2694 686 2981 727 sermones
3019 685 3129 725 eos
3185 666 3491 730 edidisse,
3533 680 3682 735 quos
3714 678 3827 723 acta

505 773 619 829 vita
641 787 739 827 sua
780 786 999 841 semper
1032 780 1400 841 expresserat.
1448 771 1597 825 idem
1637 771 1939 842 Eutychius
1985 769 2223 824 concilio
2264 767 2459 835 quinto
2499 759 3175 821 oecumenicointerfuit,
3227 757 3296 810 in
3347 770 3549 823 eoque
3594 770 3699 824 pro
3733 756 3829 812 ﬁde

506 860 815 915 orthodoxa
856 859 1100 929 graviter
1136 859 1434 928 peroravit,
1462 868 1518 913 et
1553 858 1718 912 trium
1757 858 2125 927 capitulorum
2177 855 2520 923 aliarumque,
2555 851 2841 905 hazreseon
2879 845 3251 901 damnationi
3301 842 3688 913 subscripsit,
3726 860 3826 913 quo

508 954 757 1015 tempore
788 945 1109 999 morabatur
1135 944 1611 1014 Constantinopoli
1637 944 1801 998 etiam
1832 951 2022 997 noster
2048 942 2279 1012 Vigilius
2301 956 2460 1010 papa.
2496 939 2635 993 Tum
2659 945 2715 991 et
2748 934 3092 991 fortitudinis
3127 932 3513 1003 episc0palis
3549 933 3824 999 specimen

509 1033 708 1097 edidit,
746 1047 871 1088 cum
898 1032 1214 1102 imperatori
1238 1033 1553 1087 Iustiniano
1582 1033 1638 1087 in
1664 1031 2216 1101 incorrupticolarum
2246 1027 2499 1083 haeresim
2526 1027 2679 1096 lapso
2705 1024 2911 1079 invicte
2945 1022 3193 1084 restitit,
3242 1022 3508 1089 ejusque
3553 1019 3637 1072 rei
3672 1032 3824 1073 causa

510 1122 661 1177 sedis
684 1135 903 1192 quoque
925 1122 1196 1191 jacturam
1232 1136 1296 1175 ac
1326 1121 1655 1175 diuturnum
1683 1120 1939 1174 exsilium
1969 1132 2265 1189 perpessus
2288 1124 2390 1170 est.
2411 1114 2533 1183 Ipso
2558 1127 2692 1166 vero
2722 1125 2927 1174 sermo,
2954 1118 3015 1163 ut
3044 1109 3205 1163 nihil
3239 1109 3450 1162 dicam
3478 1107 3552 1161 de
3582 1108 3823 1174 sapiente

511 1207 662 1262 circa
688 1208 891 1276 pascha
917 1207 1185 1272 doctrina,
1218 1207 1423 1263 Christi
1451 1208 1793 1277 corporalem
1823 1203 1878 1257 in
1919 1204 2269 1262 Eucharistia
2299 1201 2668 1273 praesentiam,
2692 1199 2860 1254 citato
2891 1198 3059 1252 etiam
3096 1195 3304 1253 nobili
3328 1193 3648 1251 Athanasii
3681 1193 3817 1257 loco,

514 1303 749 1350 testatur
773 1302 829 1351 et
855 1294 1134 1365 praedicat.

2588 1484 2972 1499 Ἥ

639 1643 1227 1735 EUTYCHII
1302 1642 2095 1731 PATRIARCHAE
2165 1632 3698 1747 ,CONSTANTINOPOLITANI

1108 2106 1214 2165 DE
1248 2103 1665 2168 PASCHATE
1707 2104 1809 2163 ET
1842 2101 1949 2161 DE
1990 2096 2562 2162 SACROSANCTA
2610 2094 3181 2158 EUCHARISTIA.
3250 2092 3257 2097 ’

588 2405 643 2463 1.
682 2406 821 2461 Tres
859 2404 1226 2475 comperimus
1257 2418 1443 2459 coenas
1480 2419 1510 2457 a
1550 2401 1778 2457 Domino
1807 2402 1952 2456 circa
1997 2401 2098 2455 Pa-
2130 2405 2156 2460 ,Δ

2280 2400 2349 2455 α’.
2383 2402 2521 2474 Τρία
2549 2420 2613 2471 γε
2649 2403 2754 2474 μὴν
2784 2404 2974 2458 δεῖπνα
3005 2402 3095 2457 τὸν
3135 2401 3389 2474 Κύριον,
3427 2398 3582 2455 κατά
3611 2399 3699 2455 τὸν
3723 2398 3806 2454 τοῦ

522 2499 730 2555 schatis
788 2508 1006 2567 tempus
1058 2496 1295 2553 diversis
1356 2496 1495 2551 locis
1552 2494 2090 2549 celebratas:unam

2238 2493 2391 2564 [άσχα
2417 2494 2605 2563 καιρὸν
2640 2495 2979 2566 πεποιηκότα
3004 2493 3384 2564 εὑρίσκομεν.
3441 2492 3519 2545 τά
3579 2489 3677 2544 καὶ
3707 2492 3806 2553 τοῖς

521 2590 906 2649 Gethsemani.
937 2589 992 2643 in
1014 2604 1121 2658 qua
1142 2586 1431 2641 fuitetiam
1463 2582 1779 2657 puriﬁcatio
1822 2584 1912 2638 die
1959 2583 2089 2638 Sab«

2235 2583 2385 2647 ύποις
2410 2584 2671 2653 διάφοραθ
2704 2587 2763 2639 ἓν
2794 2586 2894 2656 μὲν
2917 2588 2974 2639 ὲν
3010 2584 3384 2654 Γεθσημανῇ,
3422 2583 3453 2637 ὃ
3499 2584 3595 2636 καὶ
3625 2582 3714 2635 τὸν
3738 2599 3803 2635 νι-

522 2682 661 2747 hati,
700 2679 997 2749 incipiente
1027 2678 1137 2749 jam
1168 2677 1343 2746 prima
1390 2676 1501 2742 die,
1530 2674 1586 2729 id
1635 2683 1719 2729 est
1766 2675 2050 2729 Dominica
2081 2693 2090 2727 :

2234 2677 2385 2747 ττῆρα
2417 2677 2661 2749 περιέχει
2683 2678 2823 2732 κατὰ
2843 2679 2941 2749 τὴν
2966 2676 3061 2730 τοῦ
3092 2676 3401 2730 Σαϐϐάτου
3438 2675 3685 2747 ἡμέραν,
3717 2674 3802 2741 τῆς

525 2787 697 2842 quare
729 2779 785 2825 et
814 2785 915 2824 nos
944 2779 1074 2823 tunc
1106 2768 1325 2838 vigilias
1351 2781 1651 2821 servamus.
1708 2764 1895 2820 Altera
1944 2779 2093 2819 omna

2230 2769 2488 2841 ἱυριακῆς
2507 2770 2626 2841 ἦτοι
2651 2770 2748 2841 τῆς
2773 2768 2994 2841 πρώτης
3018 2769 3421 2839 ὲναρχομὲνης
3451 2767 3702 2838 ἡμέραςο
3732 2760 3798 2817 διὸ

526 2864 633 2919 fuit
658 2862 956 2925 Bethanite,
983 2876 1105 2930 qua:
1134 2859 1331 2913 incidit
1351 2859 1406 2912 in
1445 2857 1590 2912 diem
1628 2856 1990 2911 hebdomadis
2012 2870 2094 2909 ὃθε-

2227 2860 2298 2913 εαὶ
2328 2862 2489 2931 ἡμεῖς
2530 2860 2831 2931 τηνικαῦτα
2885 2860 3148 2931 ποιοῦμεν
3208 2859 3286 2913 τὰ
3341 2858 3795 2929 προφωτίσματα.

527 2954 765 3011 cundam
812 2952 1203 3021 incipientem,
1261 2950 1436 3019 prima
1480 2948 1593 3018 jam
1641 2948 1876 3017 expleta.
1928 2947 2095 3001 Porro

2232 2953 2429 3023 Ετερον
2451 2952 2509 3005 δὲ
2535 2954 2593 3005 ἐν
2620 2952 2880 3023 Βηθανίᾳ,
2916 2953 3052 3023 ὅπερ
3078 2952 3191 3022 ἔχει
3246 2952 3360 3023 τὴν
3409 2950 3679 3020 δευτέραν
3711 2949 3795 3017 τῆς

529 3051 745 3098 constat
768 3058 880 3097 non
912 3042 1082 3095 fuisse
1131 3041 1238 3095 hoc
1278 3039 1521 3103 Pascha;
1555 3038 1919 3107 quamobrem
1950 3036 2097 3092 addit

2226 3045 2494 3116 ιδδομάδος
2523 3045 2732 3115 ἡμέραν
2762 3046 3155 3116 ὲναρχομένην,
3182 3045 3287 3099 καὶ
3314 3044 3423 3115 τὴν
3456 3042 3685 3112 πρώτην
3709 3057 3794 3091 πε-

529 3136 821 3192 Μοῑιιιιιιιιε
849 3152 863 3187 :
903 3153 921 3184 ι
957 3134 1139 3188 Prima
1167 3140 1350 3187 autem
1381 3132 1471 3185 die
1498 3131 1829 3201 Azymorum
1862 3129 2097 3183 interro-

2222 3136 2535 3204 :atouuéqu
2554 3151 2571 3166 ⁶
2589 3136 2681 3188 καὶ
2694 3136 2871 3205 δῆλον,
2886 3137 2967 3189 ὅτι
2986 3136 3084 3188 οὐκ
3101 3135 3256 3187 ἐστιν
3274 3134 3416 3187 αὐτὸ
3436 3133 3633 3201 Πάσχα
3648 3129 3790 3201 (14)·

531 3233 803 3297 gaverunt
831 3224 1087 3294 discipuli
1121 3241 1134 3276 :
1162 3223 1397 3279 Ubinam
1435 3222 1519 3275 vis
1552 3219 1651 3275 tibi
1699 3220 1910 3275 Pascha
1944 3234 2099 3289 pare-

2222 3226 2284 3279 se
2314 3227 2506 3295 ἐπάγει
2530 3227 2809 3291 Ματθαῖος
2844 3228 2860 3258 ί
2885 3244 2898 3258 ·
2933 3246 2953 3278 ι
2993 3227 3072 3297 Τῇ
3094 3226 3153 3279 δὲ
3178 3224 3391 3297 πρώτῃ
3416 3223 3531 3278 τῶν
3559 3221 3790 3290 Ἀζύμων

533 3334 658 3373 mus
687 3316 744 3370 ‘i
780 3336 799 3368 ι
833 3316 1073 3370 Primam
1098 3315 1427 3384 Azymorum
1458 3314 1690 3368 fortasse
1722 3312 1869 3367 illam
1915 3310 2101 3380 appel-

2221 3316 2433 3386 ijptbtmv
2461 3318 2510 3370 οἱ
2533 3316 2804 3387 μαθηταί·
2842 3318 2952 3372 Ποῦ
2989 3318 3165 3382 θέλεις
3189 3315 3599 3387 ἑτοιμάσωμέν
3642 3329 3718 3365 σοι
3741 3310 3789 3363 τὺ

534 3410 675 3472 laus,
706 3423 831 3478 qua:
852 3416 937 3462 est
971 3406 1089 3461 dies
1127 3405 1410 3459 Dominica
1437 3445 1451 3469 ,
1484 3420 1586 3459 ceu
1626 3402 1859 3473 primam
1893 3401 2102 3456 hebdo-

2218 3408 2433 3477 Πάσχα;
2466 3428 2485 3459 ι
2514 3406 2733 3478 πρώτην
2756 3408 2864 3461 τῶν
2902 3409 3153 3479 Ἀζύμων
3186 3411 3331 3472 ἴσως
3388 3408 3493 3479 τὴν
3522 3402 3786 3476 Κυριακὴν

534 3501 712 3555 madas
736 3500 792 3554 in
816 3515 923 3569 qua
952 3514 1139 3570 azyma
1174 3498 1398 3561 ﬁebant,
1429 3512 1593 3566 quam
1638 3495 1877 3551 Joannes
1900 3494 2102 3549 Pascha

2219 3498 2408 3562 καλῶν,
2434 3498 2508 3561 ὼς
2537 3498 2760 3569 πρώτην
2809 3500 2908 3569 τῆς
2958 3500 3282 3569 ἑϐδομάδος,
3319 3501 3381 3552 ὲν
3518 3497 3587 3550 τά
3624 3495 3787 3563 ἄζυμα

534 3592 805 3657 nominat,
829 3599 1037 3646 sextam
1071 3599 1198 3645 ante
1234 3590 1443 3644 Pascha
1471 3588 1662 3643 dicens
1699 3590 1740 3641 ⁸.
1775 3587 1917 3642 Ante
1960 3586 2102 3640 enim

2215 3591 2535 3655 ὲπετελείτο,
2574 3592 2640 3663 ἢν
2679 3590 2974 3661 Ἰωάννης-⁸
3026 3593 3219 3663 Πάσχα
3272 3593 3459 3657 καλεῖ,
3505 3591 3667 3658 ἕκτην
3694 3585 3783 3654 πρὸ

536 3699 633 3737 sex
658 3682 812 3749 dies,
847 3681 1066 3752 inquit,
1120 3681 1343 3736 Paschze
1377 3680 1529 3735 venit
1577 3679 1706 3735 Jesu
1764 3677 2104 3733 Bethaniam.

2216 3681 2304 3735 τοῦ
2335 3682 2526 3753 Πάσχα
2550 3682 2721 3746 τιθείς
2739 3700 2753 3714 ·
2781 3702 2801 3735 ι
2838 3683 2952 3753 Πρὸ
2977 3684 3036 3748 ἒξ
3063 3687 3193 3756 γάρ,
3228 3687 3426 3756 φησὶν,
3454 3682 3677 3754 ἡμερῶν
3704 3676 3784 3731 τοῦ

536 3730 633 3737 η..
662 3730 812 3749 _---,
1051 3730 1066 3747 ,
1121 3730 1341 3736 πη---
1579 3730 1705 3735 --η
2052 3730 2065 3731 ,

535 3775 671 3829 Nam
698 3782 852 3829 sexta
886 3783 990 3839 est,
1024 3784 1150 3828 ante
1197 3782 1451 3843 quartam
1494 3772 1767 3827 decimam
1800 3811 1816 3837 ,
1849 3772 1943 3825 illa
1990 3786 2103 3841 quae

2214 3773 2426 3843 Πάσχα,
2456 3730 2622 3844 ’ἦλθεν
2657 3730 2859 3845 Ἰησοῦς
2875 3730 2953 3839 eri;
2981 3730 3331 3845 Πηδαῐίαὶιι
3367 3730 3546 3845 ’ἑκὲῖι
3564 3730 3667 3843 ξάρ
3690 3767 3782 3838 πρὸ

540 3865 715 3934 prima
737 3872 841 3919 est.
870 3862 1038 3919 Coena
1065 3879 1196 3918 vero
1228 3864 1330 3919 hac
1358 3863 1448 3919 die
1475 3862 1749 3918 celebrata
1773 3863 2013 3932 pertinet
2044 3862 2108 3916 ad

2216 3867 2313 3936 τῆς
2336 3866 2931 3939 τεσσαρεσκαιδεκάτης
2960 3870 3106 3921 ἐστὶν
3139 3871 3171 3938 ή
3205 3867 3409 3940 πρώτη
3429 3884 3443 3898 ·
3486 3863 3556 3939 ἦς
3595 3863 3653 3917 τὸ
3685 3860 3784 3915 δεῖ·

538 3956 761 4009 initium
812 3955 924 4010 diei
973 3956 1269 4019 secundae,
1316 3956 1372 4009 in
1422 3970 1531 4025 qua
1579 3954 1697 4009 veri
1744 3954 1869 4025 agni
1916 3954 2106 4007 electio

2215 3975 2346 4010 πνον
2376 3954 2520 4027 εἶχεν
2552 3959 2923 4028 ὲναρχομένην
2951 3959 3051 4029 τὴν
3080 3960 3371 4031 δευτέραν,
3398 3960 3496 4013 καὶ
3523 3957 3621 4026 τὴν
3643 3951 3779 4005 ἐκλο-

538 4047 665 4102 l‘uit.
712 4048 931 4103 Etenim
986 4048 1079 4102 illa
1135 4048 1302 4103 verba
1330 4049 1373 4113 ³,
1427 4046 1645 4102 venisse
1672 4046 1885 4101 scilicet
1924 4046 2106 4100 horam

2215 4050 2318 4121 γὴν
2345 4049 2438 4103 τοῦ
2472 4049 2671 4120 Ἀμνοῦ
2699 4049 2791 4103 τοῦ
2832 4051 3108 4121 ἀληθινοῦ.
3145 4052 3218 4105 Τὸ
3257 4052 3368 4122 γὰρ
3397 4050 3574 4104 ἐλθεῖν
3634 4038 3780 4098 αὑτοῦ

539 4141 680 4211 ejus.
733 4155 840 4209 qua
888 4140 1065 4209 ipsum
1121 4139 1414 4209 oportebat
1458 4138 1667 4193 mundo
1726 4138 1917 4204 abire,
1983 4137 2107 4209 quid

2217 4142 2315 4214 τὴν
2339 4142 2486 4215 ὥραν
2515 4143 2601 4197 ἶνα
2631 4144 2838 4214 μεταϐῇ
2882 4146 2946 4198 ὲκ
2975 4144 3069 4198 τοῦ
3124 4145 3336 4214 κόσμου
3364 4143 3574 4201 τούτου,
3597 4137 3650 4191 τί
3675 4136 3775 4188 ἔτει

541 4230 694 4286 aliud
722 4232 1036 4302 signiﬁcant
1079 4230 1188 4286 nisi
1232 4233 1343 4301 jam
1387 4231 1665 4286 delectum
1712 4229 1884 4286 fuisse
1929 4231 2109 4287 Domi-

2221 4253 2314 4307 ρον
2333 4236 2499 4306 δηλοῖ,
2526 4236 2558 4305 ἢ
2583 4237 2643 4290 τὸ
2658 4236 2946 4304 ὲκλεγῆναι
2973 4236 3063 4290 τὸν
3086 4238 3319 4307 Κύριον,
3346 4234 3490 4289 κατὰ
3511 4232 3571 4285 τὸ
3597 4224 3779 4297 ἀνθ

542 4337 700 4386 num,
732 4322 827 4392 qui
864 4338 1038 4391 agnus
1067 4324 1371 4378 secundum
1400 4324 1697 4378 humanam
1725 4332 1983 4377 naturam
2022 4339 2110 4378 no-

2220 4344 2403 4380 mvov'
2434 4328 2569 4398 ὅπερ
2591 4328 2788 4397 Ἀμνδς
2822 4327 3172 4397 ὀνομάζεται,
3220 4328 3313 4382 διὰ
3342 4328 3403 4381 τὸ
3449 4322 3695 4379 δύνασθαι
3723 4316 3774 4370 τὸ

545 4415 854 4479 minantur,
890 4416 945 4471 in
976 4432 1085 4486 qua
1115 4418 1427 4486 passionem
1470 4416 1725 4486 excipere
1765 4416 1985 4485 potuit?
2016 4416 2113 4471 De-

2223 4420 2390 4482 πάθος
2413 4418 2685 4483 δέξασθαι.
2712 4420 2819 4473 Καὶ
2844 4418 3115 4473 δείκνυσιν
3132 4421 3213 4473 ὅτι
3239 4420 3300 4473 τὸ
3329 4419 3575 4486 ἐκλεγὲν,
3603 4412 3774 4481 ἐτέρας

546 4512 968 4576 monstrantque
1018 4506 1298 4562 delectum
1346 4506 1414 4562 ad
1464 4506 1627 4561 aliam
1674 4506 1957 4576 pertinere
2008 4507 2114 4577 jam

2221 4511 2428 4574 γίνεται
2459 4510 2625 4579 ζωῆς,
2652 4510 2795 4563 κατὰ
2815 4510 2895 4563 τό·
2931 4529 2949 4563 ι
2987 4508 3129 4577 Ἐγὼ
3159 4510 3500 4580 ἐξελεξάμην
3530 4506 3681 4576 ὑμᾶς,
3703 4500 3771 4552 διὸ

545 4597 739 4661 vitam,
760 4599 914 4669 juxta
950 4599 1086 4653 illud
1134 4618 1147 4652 :
1194 4617 1211 4650 ι
1244 4599 1356 4669 Ego
1387 4599 1527 4669 elegi
1560 4613 1659 4653 vos
1680 4638 1694 4663 ,
1728 4608 2022 4668 propterea
2053 4598 2113 4653 de

2220 4602 2321 4654 οὐκ
2358 4601 2479 4654 ἐστὲ
2513 4603 2577 4654 ὲκ
2609 4599 2701 4653 τοῦ
2731 4600 2959 4670 κόσμου.
2993 4619 3011 4651 ι
3044 4600 3137 4653 Διὸ
3171 4602 3267 4653 καὶ
3306 4602 3339 4669 ή
3376 4591 3681 4670 ἡμέρα,ἀφ⁹
3714 4583 3772 4659 ἧς

547 4692 755 4747 mundo
787 4706 898 4746 non
928 4692 1065 4747 estis
1085 4692 1129 4747 ‘.
1167 4710 1185 4743 ›
1223 4691 1405 4759 Quare
1433 4701 1491 4747 et
1513 4692 1651 4755 dies,
1697 4706 1765 4745 ex
1794 4707 1900 4761 qua
1945 4691 1996 4745 id
2026 4707 2115 4761 pa-

2223 4691 2379 4744 τοῦτο
2428 4690 2651 4759 γέγονε,
2701 4689 2894 4759 Πάσχα
2945 4688 3191 4741 καλεῖται
3251 4687 3349 4741 καὶ
3405 4673 3767 4749 ἐνταφιασμδςι

552 4792 751 4838 tratum
798 4782 926 4849 fuit,
954 4784 1164 4839 Pascha
1187 4783 1516 4853 appellatur,
1564 4791 1620 4837 et
1650 4783 1933 4853 sepultura
1964 4782 2120 4852 juxta

2226 4784 2367 4839 κατὰ
2393 4784 2490 4852 τὴν
2520 4780 2683 4835 αὑτοῦ
2711 4785 2909 4849 φωνήν.
2944 4780 3060 4832 Ἵνα
3088 4778 3178 4831 οὖν
3209 4778 3298 4830 τὸν
3340 4776 3501 4845 νόμον
3529 4766 3769 4838 πληρώσῃ

549 4874 725 4943 ipsius
756 4874 981 4929 effatum
999 4875 1042 4927 ⁸.
1069 4874 1139 4930 Ut
1170 4888 1301 4944 ergo
1322 4873 1410 4928 lex
1441 4873 1766 4941 impleretur
1792 4887 1913 4940 qua:
1964 4887 2117 4925 man-

2225 4874 2317 4927 τδν
2344 4873 2589 4941 λέγοντα,
2624 4874 2689 4941 τῇ
2718 4871 2916 4942 δεκάτῃ
2956 4868 3049 4922 τοῦ
3081 4869 3248 4939 μηνὸς
3276 4869 3371 4922 τοῦ
3412 4864 3621 4937 πρώτου
3645 4858 3767 4924 lay.-

550 4966 736 5029 dabat,
771 4966 983 5021 decima
1012 4964 1101 5020 die
1134 4965 1340 5020 mensis
1375 4964 1540 5034 primi
1574 4978 1733 5019 ovem
1768 4962 1952 5034 deligi,
1982 4973 2037 5018 et
2057 4962 2118 5016 ad

2230 4966 2413 5019 δάνειν
2437 4964 2496 5017 τὸ
2524 4963 2816 5033 πρόϐατον,
2838 4963 3023 5033 τηρεῖν
3044 4960 3100 5012 δὲ
3127 4960 3231 5024 ἓως
3280 4962 3377 5031 τῆς
3406 4962 3766 5023 τεσσαρεσκαι-

552 5063 806 5124 quartam
851 5055 1121 5111 decimam
1151 5071 1323 5125 usque
1346 5054 1619 5120 servari‘,
1671 5055 1788 5123 ipse
1819 5070 1921 5109 ceu
1955 5054 2120 5109 simul

2230 5060 2479 5126 δεκάτης,
2505 5058 2579 5119 ὼς
2607 5057 2785 5127 ἱερεὺς
2815 5056 2908 5110 καὶ
2938 5057 3128 5125 ἱερεῖον
3155 5055 3346 5107 ἑαυτὸν
3370 5049 3661 5115 ἐκλέγεται.
3684 5037 3764 5091 καὶ

556 5145 814 5201 sacerdos
841 5155 898 5200 et
928 5146 1155 5201 victima
1213 5162 1243 5200 a
1291 5145 1590 5215 semetipso
1632 5145 1912 5215 deligitur,
1962 5154 2019 5199 et
2067 5145 2123 5199 in

2228 5149 2519 5221 διετηρήοη
2542 5150 2620 5213 εἰς
2650 5149 2906 5218 πέμπτην
2932 5150 3167 5217 ἡμέραν,
3201 5144 3322 5200 εἶτα
3353 5146 3533 5198 θύεται
3593 5147 3760 5208 μυστι-

556 5237 809 5306 quintam
859 5254 1035 5308 usque
1093 5238 1241 5293 diem
1295 5248 1597 5293 servatur:
1646 5237 1847 5293 deinde
1899 5237 2124 5307 mystice

1930 5237 2125 5307 mystice
2230 5243 2341 5308 κῶς
2366 5245 2463 5313 τῆς
2483 5242 3081 5313 τεσσαρεσκαιδεκάτης
3111 5238 3498 5311 ἐναρχομὲνης·

553 5339 753 5402 quarta
778 5331 991 5387 decima
1012 5332 1100 5387 die
1127 5331 1462 5385 immolatur.

631 5471 646 5502 ¹
680 5468 869 5523 Matth.
892 5485 1038 5533 xxvr,
1074 5469 1161 5521 17.
1236 5468 1436 5523 'Joan.
1466 5484 1559 5533 χιι,
1594 5469 1645 5521 l.
1720 5467 1740 5498 ³
1767 5466 1928 5529 Joan,
1959 5481 2074 5531 xm,
2102 5468 2152 5521 l.
2230 5466 2251 5498 ⁸
2281 5466 2439 5523 Joan.
2470 5481 2559 5529 xv,
2590 5465 2677 5520 19.
2752 5466 2773 5497 ⁵
2796 5464 2965 5519 Marc.
2990 5478 3102 5529 xlv,
3146 5464 3200 5518 8.
3270 5453 3478 5514 “Exod.
3500 5464 3592 5511 xu,
3635 5442 3681 5505 5,
3708 5435 3753 5491 θ·

637 5584 778 5653 (1-9.)
793 5584 1184 5653 Argumentum
1211 5582 1316 5636 hoc
1336 5582 1493 5637 docte
1507 5591 1688 5636 versat
1702 5581 1867 5653 etiam
1884 5581 2122 5653 Joannes
2232 5589 2271 5653 ιη
2294 5580 2409 5653 Xll,
2437 5596 2491 5653 ρ.
2518 5579 2621 5653 610
2645 5593 2797 5653 seqq.
2828 5576 3145 5653 Et_qui_c_l_em
3178 5575 3230 5631 id
3275 5570 3526 5653 ξοιῑρξειξιξ
3557 5559 3623 5653 ig:
3646 5546 3751 5653 C39,;

560 5619 920 5736 Ριῗιιορὸηυξ,
950 5654 1204 5733 Eutychii
1232 5653 1409 5736 nostri
1450 5652 1752 5736 arqual‘is‘i‘n
1778 5652 1986 5736 prolixa
1994 5650 2125 5736 Alis.-
2234 5652 2351 5736 Vat.
2381 5619 2873 5736 5";0..ip§cri:bi‘tur
2895 5619 3099 5709 Clvrillb
3125 5665 3140 5714 ;
3204 5644 3299 5702 sed
3335 5619 3529 5697 rebtius
3573 5627 3624 5682 in
3660 5619 3754 5676 3]")

562 5719 847 5795 putatione
872 5765 886 5791 ,
944 5719 1107 5793 quam
1155 5723 1361 5779 videsis
1423 5719 1565 5793 apud
1606 5721 1953 5777 Gallandium
1984 5719 2122 5775 Bibl.
2232 5721 2355 5776 eod.
2381 5721 2499 5776 Vat.
2532 5720 2685 5787 1672,
2716 5719 3003 5789 Pilopono.
