4028 6530
267 341 407 407 2393

1178 347 1276 407 DE
1311 345 1699 408 PASCHATE
1737 345 1833 407 ET
1872 338 1978 406 SS.
2018 336 2561 407 EUCHARISTIA.

3373 334 3524 408 2394

334 455 405 525 β’.
451 453 539 507 Ἐν
566 452 742 525 τούτῳ
773 455 953 510 τοίνυν
969 454 1048 525 τῷ
1070 455 1294 526 δείπνῳ,
1319 457 1418 526 τῆς
1448 457 1671 527 πρώτης
1696 459 1728 528 ἠ
1738 458 1835 528 μέ-
1861 507 1870 520 ε

2004 458 2060 519 2.
2096 455 2157 511 In
2185 456 2287 511 hac
2327 466 2462 521 ergo
2492 452 2668 521 prima
2716 451 2997 507 Bethania:
3046 451 3319 508 celebrata
3368 468 3524 509 caena

265 566 369 619 ρας
393 547 469 618 τῷ
485 550 543 600 ἐν
568 547 827 619 Βηθανία,
851 551 885 619 ἡ
918 548 1116 619 ἐκλογὴ
1137 548 1326 619 γέγονε
1353 588 1368 614 ,
1396 549 1492 604 καὶ
1517 550 1625 603 ἀπὸ
1643 548 1834 603 τούτου

263 640 669 711 ήδιατήρησις·
716 642 810 694 καὶ
841 641 891 692 οί
944 641 1178 713 μαθηταί
1236 658 1402 710 φασισ
1450 661 1469 695 ι
1507 642 1615 695 Ποῦ
1662 642 1838 706 θέλεις

266 732 675 800 ἑτοιμάσωμενς
708 750 727 782 t
768 731 880 784 Καὶ
911 732 973 784 τὸ
1009 732 1221 803 ψωμίον
1244 732 1518 803 ἐμϐάψας,
1547 734 1729 788 δίδωσι
1760 734 1839 806 τῷ

264 823 523 897 προδότῃ,
546 823 640 877 καὶ
666 823 915 892 εἰσῆλθεν
945 824 1055 877 ἀπὸ
1082 826 1200 877 τότε
1228 826 1306 888 εἰς
1329 827 1490 880 αὐτὸν
1523 828 1550 879 ὀ
1572 827 1839 892 Σατανᾶς,

263 917 408 985 ὅπερ
434 916 581 968 ἐστὶν
610 915 643 985 ἡ
677 915 940 984 ἐπιθυμία
963 915 1057 969 τοῦ
1100 917 1433 987 παραδοῦναι
1481 918 1574 971 τὸν
1616 918 1839 988 Κύριον.

264 1008 383 1060 Καὶ
407 1006 632 1076 ἐξῆλθεν
655 1006 858 1069 εὐθέως
879 1005 1038 1060 τοῦτο
1061 1008 1303 1079 πράξων,
1332 1010 1508 1063 καίτοι
1524 1009 1618 1062 τοῦ
1638 1009 1844 1080 Κυρίου

269 1099 654 1170 προνοητικῶς
703 1100 760 1151 ὲν
788 1098 867 1168 τῷ
894 1098 1095 1170 δείπνῳ
1152 1100 1329 1169 τούτῳ
1366 1101 1644 1162 εἰπόντος’
1682 1117 1700 1150 ‹
1750 1094 1847 1163 Εἷς

268 1192 331 1259 ιξ
364 1191 518 1260 ὑμῶν
547 1189 859 1261 παραδώσει
897 1207 988 1260 με.
1020 1208 1039 1243 ι
1080 1191 1190 1244 Καὶ
1219 1191 1300 1243 ὅτι
1327 1189 1468 1262 μετά
1496 1190 1589 1243 δύο
1609 1190 1846 1261 ἡμέρας,

268 1285 333 1336 τὸ
364 1284 558 1352 Πάσχα
586 1282 796 1351 γίνεται
828 1282 889 1335 τὸ
938 1282 1200 1352 μυστικὸν
1239 1284 1333 1336 καὶ
1390 1282 1751 1355 ἐπιθυμητὸν,
1786 1287 1848 1339 οὑ

1944 547 2192 603 delectus
2220 548 2457 603 victimae
2493 543 2672 600 Factus
2694 551 2799 608 est,
2833 553 2888 598 et
2925 544 3126 599 deinde
3147 546 3268 615 ejus
3298 560 3527 600 conser-

1944 640 2127 695 vatio:
2164 649 2279 694 tum
2308 648 2365 694 et
2406 640 2666 709 discipuli
2710 637 2867 694 aiunt
2905 657 2919 693 :
2955 637 3061 693 Ubi
3106 638 3190 693 vis
3233 638 3529 707 paremus?

1946 741 2002 786 et
2026 732 2330 787 buccellam
2364 731 2649 787 intinctam
2691 733 2923 804 porrigit
2944 730 3237 801 proditori,
3278 731 3333 785 in
3364 747 3528 800 quem

1948 825 2147 880 exinde
2201 826 2430 881 intravit
2485 825 2738 889 Satanas,
2785 826 2840 880 id
2890 834 2974 880 est
3007 824 3279 894 prodendi
3313 824 3526 879 Domini

1949 920 2256 990 cupiditas;
2283 919 2377 990 qui
2429 920 2578 974 illico
2604 919 2658 974 id
2687 929 3002 989 patraturus
3024 920 3157 973 exiit
3179 936 3193 972 :
3214 935 3529 989 quanquam

1950 1011 2219 1066 Dominus
2249 1028 2308 1067 re
2330 1012 2552 1082 provisa
2583 1012 2714 1066 huic
2740 1013 2885 1066 inter
2909 1011 3236 1066 cmnandum
3264 1010 3532 1079 praedixe-

1953 1111 2077 1157 rat:
2127 1102 2281 1158 Unus
2333 1112 2576 1157 vestrum
2636 1116 2722 1155 me
2777 1100 2995 1155 tradet:
3028 1107 3083 1154 et
3128 1106 3253 1168 post
3304 1098 3533 1152 biduum

1952 1195 2155 1266 pascha
2182 1194 2296 1258 ﬁet,
2327 1194 2619 1265 mysticum
2653 1194 2869 1249 scilicet
2898 1207 2961 1247 ac
2988 1191 3358 1246 desiderabile
3378 1232 3392 1255 ,
3424 1206 3534 1244 non

1955 1289 2090 1343 illud
2120 1289 2329 1360 legale;
2364 1290 2600 1344 alterum
2635 1289 2741 1344 hoc
2781 1289 2929 1344 enint
2971 1288 3106 1343 satis
3151 1296 3422 1342 noverant
3448 1286 3536 1341 di-

268 1377 334 1428 τὸ
355 1375 601 1446 νομικόν.
625 1374 795 1428 Τοῦτο
822 1374 932 1446 γὰρ
961 1376 1056 1430 κα)⁸
1084 1376 1238 1430 αὐτοὶ
1255 1377 1472 1447 ᾔδεσαν,
1503 1379 1597 1430 καὶ
1622 1377 1852 1448 περιττὴ

1975 1379 2194 1450 ιοὶριιιὶ,
2238 1387 2293 1433 et
2338 1395 2749 1450 supervacanea
2796 1379 3083 1450 prtedictio
3130 1378 3344 1433 fuisset.
3398 1377 3537 1433 Nam

276 1469 315 1537 ἡ
337 1468 662 1537 πρόρρησις.
693 1466 850 1520 Μετὰ
875 1467 985 1535 γάρ
1013 1467 1112 1539 τὴν
1144 1468 1338 1539 τρίτην
1364 1470 1458 1521 καὶ
1485 1468 1583 1536 τὴν
1600 1468 1850 1538 τετράδα,

1975 1482 2084 1542 )ost
2115 1472 2334 1528 tertiam
2364 1484 2421 1528 et
2453 1481 2730 1543 quartam,
2764 1472 2987 1528 omissis
3016 1471 3319 1543 iuterjectis
3351 1470 3539 1525 Domi-

268 1558 375 1622 τὰς
406 1556 579 1629 μέσας
608 1557 853 1628 ὑπερϐὰς
882 1558 912 1610 ὁ
940 1557 1165 1629 Κύριος,
1202 1555 1342 1612 εἶπεν
1374 1577 1394 1610 ι
1434 1558 1588 1613 Μετὰ
1608 1558 1701 1612 δύο
1720 1560 1857 1630 ἡμέ-

1975 1581 2065 1621 ius
2088 1564 2200 1622 ait:
2256 1586 2275 1618 ‹
2305 1565 2437 1621 Post
2480 1566 2711 1621 biduum
2736 1608 2751 1630 ,
2813 1565 2867 1619 id
2898 1575 3003 1629 est,
3026 1574 3153 1635 post
3206 1564 3427 1618 tertiam
3483 1572 3540 1618 et

272 1668 402 1722 ρας,
446 1670 466 1702 ι
499 1652 746 1704 τοῠτέστι
790 1651 890 1723 τὴν
935 1651 1127 1724 τρίτην
1164 1651 1260 1705 καὶ
1288 1651 1389 1722 τὴν
1440 1653 1699 1723 τετράδα.
1745 1653 1857 1706 Καὶ

1975 1666 2214 1728 ιιιετιοῐῐι
2248 1659 2292 1713 ⁷.
2328 1679 2347 1712 ι
2409 1658 2478 1714 Ει
2512 1658 2629 1713 haec
2680 1656 2904 1727 quidem
2948 1657 3004 1712 in
3056 1656 3336 1711 Bethaniaa
3384 1670 3543 1710 coma

268 1743 451 1797 ταῦτα
484 1744 586 1813 μὲν
619 1746 676 1795 ὲν
693 1743 769 1814 τῷ
797 1745 855 1798 ὲν
876 1744 1117 1817 Βηθανίᾳ
1138 1743 1358 1812 δείπνῳ,
1383 1745 1441 1799 ὲν
1465 1738 1511 1813 ᾧ
1538 1746 1632 1800 καὶ
1664 1745 1734 1798 τὰ
1759 1746 1860 1816 τῆς

1975 1759 2291 1818 evenerunt,
2324 1751 2378 1805 in
2414 1766 2521 1821 qua
2543 1751 2713 1805 etiam
2746 1757 3137 1804 testamentum
3164 1745 3381 1801 Domini
3413 1746 3541 1800 fuit.

268 1838 564 1907 διαθήκης.
590 1836 728 1890 Μεθ’
756 1838 821 1907 ἢν
844 1837 1085 1909 ὑπερϐὰς
1109 1839 1136 1891 ὁ
1177 1838 1430 1909 Ἰωάννης
1458 1840 1526 1893 τά
1547 1838 1639 1892 τοῦ
1669 1838 1855 1910 τρίτου

1975 1844 2096 1900 Post
2120 1844 2285 1909 hanc,
2319 1843 2704 1914 praetermissis
2732 1843 2971 1898 Joannes
3000 1842 3022 1873 ⁸
3062 1841 3232 1895 rebus
3279 1840 3335 1893 in
3379 1838 3544 1893 tertia

266 1929 500 1981 δείπνου
526 1928 621 1981 τοῦ
655 1931 714 1981 ὲν
739 1930 877 1983 Σιὼν
900 1930 995 1984 τοῦ
1023 1933 1115 1985 καί¹
1137 1932 1424 2003 μυστικοῦ,
1448 1931 1541 1984 ἐπὶ
1569 1930 1662 1986 τὸν
1693 1932 1857 1994 τόπον

271 2021 376 2090 τῆς
408 2022 758 2093 παραδόσεως
788 2023 1041 2094 ἔρχεταιο
1075 2024 1258 2095 τρίτον
1292 2024 1351 2077 δὲ
1397 2024 1633 2089 δεῖπνον,
1697 2023 1859 2076 τοῦτο

270 2114 341 2165 τὸ
370 2113 656 2183 μυστικὸν,
682 2114 813 2185 περὶ
841 2109 901 2169 οὗ
924 2130 1055 2183 φησι
1087 2115 1238 2185 παρά
1261 2114 1338 2177 τῷ
1352 2115 1539 2186 Λουκᾷ
1558 2132 1572 2146 ο
1592 2132 1612 2165 ι
1637 2113 1859 2167 Ἐπιθυ-

282 2203 385 2274 μίᾳ
405 2204 731 2275 ἐπεθύμησα
759 2203 918 2257 τοῦτο
947 2205 1136 2276 Πάσχα
1164 2206 1359 2273 φαγεῖν
1396 2204 1513 2275 μεθ’
1570 2204 1725 2275 ὑμῶν
1755 2203 1862 2273 πρὸ

285 2294 382 2347 τοῦ
411 2311 477 2364 με
503 2295 723 2348 παθεῖν·
767 2312 785 2345 ι
820 2295 963 2366 Ἀρα
991 2289 1084 2348 οὖν
1137 2294 1245 2367 πρὸ
1272 2293 1365 2348 τοῦ
1404 2294 1618 2359 παθεῖν,
1670 2294 1863 2364 Πάσχα

285 2388 473 2455 ἔφαγε,
510 2386 769 2458 μυστικὸν
798 2386 1039 2458 δηλονότι
1058 2403 1072 2416 ⁸
1101 2386 1294 2457 Πάσχα
1318 2386 1428 2457 γὰρ
1477 2385 1607 2438 ἄνευ
1631 2384 1860 2447 πάθους,

276 2481 382 2532 οὐκ
416 2482 484 2533 ἂν
511 2478 760 2550 κληθείη.
810 2478 1106 2542 Μυστικῶς
1157 2478 1251 2531 οὖν
1294 2478 1486 2531 ἑαυτὸν
1530 2477 1740 2543 ἔθυσεν,
1776 2477 1865 2529 ὅτε

274 2576 402 2636 ταῖς
430 2573 657 2637 οἰκείαις
689 2573 846 2642 χερσὶ
880 2572 1016 2643 μετὰ
1038 2572 1100 2625 τὸ
1122 2571 1407 2638 δειπνῆσαι
1440 2570 1621 2624 λαϐὼν
1649 2571 1741 2623 τὸν
1764 2571 1866 2642 ἄρ-

276 2684 402 2727 τον,
429 2667 827 2736 εὐχαριστήσας
851 2707 867 2731 ,
898 2665 1135 2730 ἀνέδειξε
1180 2665 1275 2718 καὶ
1318 2664 1542 2717 ἔκλασεν
1562 2704 1577 2728 ,
1617 2663 1868 2731 ἐμμίξας

276 2756 511 2811 ἑαυτὸν
534 2758 608 2821 τῷ
638 2756 937 2823 ἀντιτύπῳ
965 2755 1062 2827 (5).
1106 2754 1337 2827 Ὁμοίως
1368 2755 1464 2807 καὶ
1507 2753 1568 2806 τὸ
1612 2752 1868 2823 ποτήριον

278 2852 355 2904 ἐκ
377 2849 471 2902 τοῦ
500 2851 833 2921 γεννήματος
858 2849 962 2918 τῆς
985 2847 1233 2920 ἀμπέλου
1257 2846 1497 2917 κεράσας
1520 2845 1615 2898 καὶ
1649 2843 1869 2913 εὔχαρι-

280 2943 516 3012 στήσας,
572 2942 666 2995 καὶ
718 2939 1001 3005 ἀναδείξας
1043 2939 1120 3010 τῷ
1169 2938 1288 3010 Θεῷ
1351 2938 1447 2991 καὶ
1492 2937 1669 3006 Πιιτρλ⁹
1712 2932 1866 2988 εἴπεο

288 3053 311 3085 α
365 3034 597 3098 Λάϐετε,
638 3034 877 3103 φάγετε⁴
937 3052 957 3087 ι
991 3034 1106 3099 καὶ,
1159 3050 1178 3085 ι
1214 3032 1442 3095 Λάϐετε,
1497 3029 1683 3083 πίετε⁸
1714 3026 1872 3081 τοῦτό

1960 1949 2115 1991 coena
2143 1936 2281 1992 actis
2300 1977 2315 2001 ,
2342 1936 2454 2000 illa,
2484 1935 2728 2004 inquam,
2754 1935 2807 1988 in
2841 1935 3006 1989 Sione
3029 1932 3305 1989 celebrata
3336 1940 3393 1987 et
3421 1946 3541 2002 my-

1960 2025 2120 2089 stica,
2163 2024 2232 2079 ad
2269 2026 2450 2080 locum
2491 2024 2822 2094 proditionis
2859 2023 3103 2077 devenit.
3152 2020 3277 2076 Hice
3314 2028 3417 2084 est,
3455 2019 3546 2073 in-

1961 2129 2148 2184 quam,
2175 2114 2408 2185 mystica
2442 2114 2534 2168 illa
2556 2154 2570 2178 ,
2612 2114 2680 2168 de
2706 2128 2814 2181 qua
2841 2111 2987 2181 apud
3019 2112 3227 2165 Lucam
3260 2109 3547 2164 dicit'Do-

1962 2206 2197 2260 minus:
2240 2224 2257 2256 ι
2287 2204 2575 2260 Desiderio
2620 2203 2931 2259 desideravi
2979 2203 3086 2258 hoc
3134 2202 3345 2258 Pascha
3390 2218 3549 2256 man-

1964 2296 2170 2353 ducare
2216 2298 2506 2353 vobiscum
2536 2306 2834 2366 antequam
2870 2295 3048 2365 patiar
3072 2295 3117 2351 °.
3161 2314 3179 2347 ι
3212 2296 3384 2365 Igitur
3420 2302 3549 2350 ante

1963 2393 2277 2462 passionem
2312 2391 2520 2445 Pascha
2541 2389 2919 2451 manducavit,
2942 2388 3253 2460 'mysticum
3288 2388 3500 2443 scilicet
3529 2403 3547 2442 :

1966 2499 2089 2537 nam
2124 2483 2331 2538 Pascha
2379 2482 2586 2552 absque
2629 2480 2888 2551 passione
2932 2497 3045 2534 non
3086 2480 3283 2535 fuisset
3310 2479 3554 2550 appella-

1967 2585 2105 2632 tum.
2148 2574 2373 2646 Mystice
2439 2590 2571 2644 ergo
2605 2574 2850 2644 seipsum
2897 2573 3247 2639 immolavit,
3280 2589 3403 2627 cum
3436 2572 3556 2627 suis

1968 2667 2225 2722 manibus
2278 2647 2569 2736 postqtiam
2630 2675 2947 2721 caanaverat
2976 2680 3176 2735 panem
3224 2665 3505 2735 accipiens
3536 2705 3552 2729 ,

1969 2758 2173 2828 gratias
2221 2772 2407 2827 agens,
2451 2754 2695 2810 ostendit
2738 2769 2803 2809 ac
2849 2754 3032 2823 fregit,
3087 2756 3328 2825 antitypo
3358 2764 3555 2807 semet-

1970 2852 2143 2918 ipsum
2163 2852 2483 2904 immiscens.
2520 2848 2787 2902 Similiter
2836 2854 2892 2902 et
2928 2848 3187 2917 genimen
3232 2845 3360 2899 vitis
3406 2855 3553 2899 tem-

1972 2957 2192 3013 perans,
2233 2939 2549 3013 gratiasque
2580 2954 2765 3010 agens,
2800 2938 3211 3008 ostendensque
3242 2938 3359 2992 Deo
3383 2937 3555 3001 Patri,

1974 3035 2153 3090 dixit:
2208 3052 2226 3087 ι
2271 3033 2562 3104 Accipite,
2610 3032 2973 3098 manducate;
3028 3031 3288 3101 accipite,
3339 3029 3557 3084 bibite:

278 3127 408 3179 ἐστι
456 3126 519 3180 τὸ
583 3125 743 3196 σῶμά
795 3143 938 3197 μου,
1017 3126 1151 3187 καὶ,
1223 3123 1381 3177 τοῦτό
1450 3122 1569 3174 ἐστι
1634 3120 1695 3174 τὸ
1734 3113 1870 3189 αἷμά

1975 3130 2080 3183 hoc
2106 3136 2191 3184 est
2219 3145 2424 3200 corpus
2456 3144 2665 3193 meum,
2694 3136 2752 3182 et
2776 3126 2868 3181 hic
2887 3134 2973 3181 est
3009 3125 3233 3194 sanguis
3260 3137 3417 3179 meus
3456 3124 3556 3177 ὀ.»

284 3235 419 3287 μου.
447 3237 466 3269 ι
500 3216 661 3270 Ὄλον
686 3213 778 3271 οὖν
811 3218 958 3280 ἄπας
973 3216 1032 3270 τὸ
1064 3216 1217 3285 ἅγιον
1256 3215 1414 3286 σῶμα
1471 3213 1567 3267 καὶ
1605 3212 1666 3266 τὸ
1692 3213 1870 3282 τίμιον

1977 3220 2176 3274 Totum
2198 3220 2384 3289 itaque
2414 3228 2664 3274 sanctum
2694 3232 2901 3287 corpus
2926 3257 2941 3281 ,
2993 3215 3412 3285 pretiosumque
3455 3214 3566 3269 Do-

282 3305 433 3380 αἷμα
471 3308 564 3362 τοῦ
592 3308 792 3379 Κυρίου
822 3309 1057 3379 δέχεται,
1082 3308 1186 3363 κᾶν
1233 3308 1283 3361 εί
1332 3307 1497 3378 μέρος
1551 3304 1755 3359 τούτων
1787 3304 1875 3357 δέ-

289 3404 474 3473 ξηται·
518 3403 805 3474 μερίζεται
848 3403 957 3474 γὰρ
986 3403 1295 3474 ἁμερίστως
1318 3403 1374 3455 ὲν
1400 3400 1595 3465 ἅπασι,
1647 3399 1734 3452 διὰ
1775 3399 1875 3467 τὴν

288 3495 539 3566 ἐμμιξιν.
570 3494 769 3558 Καθὼς
800 3494 897 3547 καὶ
950 3494 1188 3563 σφραγὶς
1253 3492 1373 3563 μία,
1404 3492 1583 3545 πάντα
1613 3491 1682 3543 τὰ
1716 3490 1876 3542 ὲκτυ-

288 3590 537 3659 πώματα
562 3588 731 3656 αὐτῆς
758 3587 850 3640 καὶ
880 3585 1225 3657 μορφώματα
1253 3587 1366 3647 τοῖς
1395 3582 1874 3654 μεταλαμϐάνουσι

301 3680 659 3750 μεταδίδωσι·
680 3680 776 3732 καὶ
807 3678 903 3748 μία
927 3677 1100 3749 μένει,
1144 3679 1239 3730 καὶ
1278 3675 1415 3747 μετά
1450 3674 1551 3746 τὴν
1593 3674 1879 3745 μετάδοσιν

298 3776 399 3829 οὐκ
459 3772 848 3842 έλαττουμένη,
902 3770 1023 3823 οὐδὲ
1069 3769 1423 3839 ἀλλοιουμένη
1463 3766 1599 3837 πρὸς
1625 3764 1696 3819 τὰ
1752 3782 1883 3836 μετ-

296 3867 520 3936 έχοντα,
559 3864 663 3918 κᾶν
789 3862 867 3932 τῷ
901 3861 1119 3933 ἀριθμῷ
1160 3861 1402 3913 πλείονα.
1433 3860 1504 3912 Ἢ
1556 3858 1629 3922 ὡς
1661 3860 1755 3912 καὶ
1786 3858 1885 3927 μία

300 3957 457 4027 φωνὴ
472 3956 575 4009 ὑπό
590 3972 733 4017 τινος
762 3953 1114 4027 προαχθεῖσα,
1138 3953 1231 4007 καὶ
1256 3952 1335 4015 είς
1354 3951 1489 4022 ἀέρα
1510 3949 1755 4021 χυθεῖσα,
1788 3947 1885 4002 καὶ⁹

303 4055 369 4106 ὲν
387 4050 464 4121 τῷ
485 4049 686 4117 ταύτην
715 4049 1008 4119 προεμένῳ
1038 4048 1188 4100 πᾶσα
1218 4044 1396 4115 μένει⁸
1428 4048 1522 4098 καὶ
1549 4044 1608 4096 ὲν
1653 4041 1731 4113 τῷ
1761 4041 1884 4113 ἀέρι

304 4143 593 4214 γενομένη,
624 4144 773 4195 πᾶσα
806 4144 925 4204 ταῖς
954 4142 1146 4202 ἀκοαῖς
1195 4140 1412 4192 πάντων
1437 4136 1758 4207 ὲναπετέθη,
1788 4135 1883 4189 οὑ-

299 4234 457 4299 δενδς
506 4233 723 4306 πλέονῆ
778 4233 997 4287 ἔλαττον
1040 4232 1132 4285 τοῦ
1188 4230 1375 4300 ἐτέρου
1400 4228 1509 4283 τῶν
1530 4229 1883 4282 ἀκουσάντων

301 4327 710 4397 είσδεχομένου,
731 4325 867 4380 ἀλλὰ
892 4325 986 4395 ὅλη
1008 4324 1154 4376 ἐστὶν
1194 4322 1499 4390 ἀδιαίρετος
1524 4320 1623 4374 καὶ
1663 4319 1889 4390 ὀλόκλη-

305 4437 405 4491 ρος
432 4419 584 4490 παρά
637 4421 791 4483 πᾶσι,
852 4418 953 4471 κᾶν
986 4416 1171 4488 μύριοι
1196 4415 1286 4469 τὸν
1342 4413 1633 4485 ἀριθμὸνῆ
1665 4412 1886 4475 πλείους

1973 3310 2110 3364 mini
2137 3310 2458 3380 sanguinem
2500 3307 2877 3376 unusquisque
2895 3306 3085 3370 sumit,
3113 3305 3329 3360 etiamsi
3352 3313 3563 3375 partem

1975 3400 2288 3472 specierum
2322 3401 2522 3455 harum
2562 3398 2945 3455 tantummodo
2974 3399 3313 3468 sumpserit:
3353 3398 3565 3453 dividi-

1977 3507 2072 3548 tur
2094 3498 2243 3550 enim
2267 3493 2504 3549 indivise
2539 3493 2595 3547 in
2616 3491 2880 3547 omnibus
2901 3533 2916 3553 .
2960 3492 3091 3562 quia
3132 3492 3281 3547 intus
3309 3493 3425 3562 ipse
3464 3492 3567 3545 im-

1977 3586 2179 3640 mistus
2229 3595 2333 3640 est.
2396 3584 2551 3639 Sicut
2598 3584 2766 3638 etiam
2828 3583 3071 3652 sigillum
3125 3599 3301 3638 unum
3365 3593 3567 3639 cuncta

1978 3685 2174 3748 ectypa
2239 3686 2295 3732 et
2359 3676 2566 3731 formas
2638 3674 3039 3744 accipientibus
3108 3675 3448 3745 impertitur,
3512 3682 3570 3729 et

1984 3777 2166 3823 tamen
2193 3785 2365 3823 unum
2388 3769 2624 3841 sigillum
2653 3779 2839 3823 manet
2872 3775 2994 3836 post
3019 3766 3394 3823 diribitionem
3420 3766 3570 3821 haud

1996 3858 2343 3914 deminutum
2376 3875 2556 3929 neque
2586 3859 2936 3916 immutatum
2965 3877 3095 3933 erga
3130 3859 3528 3930 participantes
3551 3897 3568 3923 ,

1990 3950 2210 4006 etiamsi
2266 3952 2322 4006 hi
2377 3952 2564 4021 plures
2624 3969 2861 4008 numero
2914 3953 3045 4009 sint.
3094 3950 3186 4007 Vel
3220 3952 3386 4006 etiam
3426 3951 3572 4005 sicut

1984 4059 2094 4099 una
2106 4060 2211 4098 vox
2232 4043 2301 4098 ab
2324 4044 2510 4113 aliquo
2535 4045 2756 4112 emissa,
2778 4054 2832 4100 et
2860 4046 2915 4101 in
2934 4060 3118 4100 aerem
3149 4044 3347 4108 effusa,
3370 4042 3574 4096 nihilo-

1992 4137 2177 4191 minus
2224 4135 2282 4190 in
2315 4135 2605 4192 emittente
2654 4147 2767 4192 tota
2802 4146 2989 4192 manet
3018 4155 3032 4191 :
3080 4146 3138 4192 et
3171 4152 3486 4207 quanquam
3514 4134 3570 4188 in

1984 4243 2111 4283 aere
2136 4227 2251 4297 ipsa
2279 4228 2370 4293 sit,
2408 4236 2525 4283 tota
2554 4229 2621 4283 ad
2646 4229 2893 4284 omnium
2918 4244 3077 4283 aures
3092 4228 3330 4291 advolat,
3352 4226 3572 4281 nemine

1986 4321 2112 4391 plus
2133 4321 2222 4375 vel
2253 4320 2436 4375 minus
2462 4322 2803 4392 excipiente,
2834 4322 2931 4377 sed
2980 4331 3093 4377 tota
3124 4330 3180 4375 et
3218 4321 3455 4375 indivisa
3488 4328 3575 4373 est

1987 4424 2045 4467 et
2072 4413 2286 4483 integra
2306 4412 2453 4483 apud
2488 4430 2701 4482 omnes,
2726 4415 2829 4470 etsi
2856 4416 2997 4471 forte
3025 4412 3302 4469 innumeri
3328 4412 3438 4467 sint
3478 4412 3573 4481 qui

299 4508 443 4568 ὦσιν
511 4515 559 4566 οί
613 4511 974 4573 ἀκούσαντες,
1039 4509 1217 4562 καίτοι
1285 4506 1446 4576 σῶμα
1523 4506 1870 4577 ὑπάρχουσα

1990 4505 2259 4571 audiunt;
2297 4521 2501 4575 corpus
2530 4506 2661 4561 licet
2686 4522 2749 4562 ea
2784 4507 2891 4575 sit;
2934 4508 3074 4563 nihil
3113 4509 3264 4563 enim
3308 4514 3394 4562 est
3422 4504 3573 4560 aliud

300 4604 463 4658 οὐδὲν
493 4602 602 4673 γάρ
625 4602 811 4673 ἕτερόν
836 4602 951 4655 ἐστι
982 4599 1200 4670 φωνὴ,ἢ
1238 4598 1622 4667 πεπληγμένος
1647 4598 1777 4667 ἀήρ.

374 4704 450 4767 γ’.
483 4696 686 4766 Μηδεὶς
706 4691 797 4748 οὖν
821 4694 1146 4763 ἀμφιϐολίαν
1167 4693 1339 4762 ἐχέτω
1362 4690 1423 4744 τ’)
1447 4690 1722 4761 ἄφθαρτον
1751 4690 1887 4759 μετά

299 4787 409 4858 τὴν
439 4787 704 4858 μυστικὴν
728 4785 1058 4859 ἱερουργίαν,
1109 4786 1202 4838 καὶ
1230 4784 1328 4851 τὴν
1370 4782 1532 4850 ἁγίαν
1561 4782 1884 4842 ἀνάστασιν,

301 4880 409 4933 καὶ
453 4879 741 4943 ἀθάνατον,
782 4878 875 4931 καὶ
920 4877 1093 4945 ἅγιον,
1154 4875 1249 4929 καὶ
1274 4872 1540 4940 ζωοποιὸν
1582 4870 1740 4941 σῶμα
1794 4869 1888 4924 καὶ

302 4967 454 5040 αἷμα
473 4969 565 5023 τοῦ
589 4969 817 5039 Κυρίου,
838 4971 949 5032 τοῖς
970 4965 1283 5029 ἀντιτύποις
1303 4964 1648 5035 ἐντιθέμενον
1674 4962 1763 5015 διά
1779 4961 1889 5014 τῶν

304 5058 659 5129 ἱερουργιῶν,
700 5058 916 5113 ἔλαττον
931 5058 1038 5112 τῶν
1063 5055 1478 5129 προειρημένων
1507 5055 1888 5126 παραδειγμά-

304 5169 423 5204 των
480 5152 580 5215 τάς
627 5151 832 5213 οἰκείας
874 5148 1388 5221 ἐναπομὸργνυσθαι
1437 5148 1714 5219 δυνάμεις,
1775 5148 1891 5202 ἀλλ’

305 5243 439 5297 ὅλον
468 5244 527 5296 ὲν
551 5244 693 5308 ὅλοις
713 5243 1082 5297 εὑρίσκεσθαι.
1113 5243 1202 5295 Ἐν
1225 5240 1373 5321 αὐτῷ
1400 5239 1509 5312 γάρ
1530 5240 1607 5311 τῷ
1627 5239 1892 5312 Κυριακῷ

1983 4613 2088 4653 vox
2112 4598 2219 4653 nisi
2251 4599 2444 4668 pulsus
2464 4614 2581 4654 aer.

2055 4691 2314 4745 5.-Nemo
2374 4706 2507 4762 ergo
2538 4692 2851 4761 suspicetur
2872 4732 2887 4755 ,
2913 4698 3040 4761 post
3068 4690 3357 4762 mysticum
3399 4688 3575 4744 sacri-

1987 4780 2170 4837 ﬁcium
2198 4792 2555 4853 sanctamque
2588 4783 3079 4849 resurrectionem,
3118 4780 3567 4851 incorruptibile,

1993 4872 2340 4938 immortale,
2395 4882 2647 4929 sanctum
2705 4883 2872 4944 atque
2919 4874 3197 4929 vivilicum
3256 4888 3458 4942 corpus
3515 4887 3580 4926 ac

1996 4965 2321 5035 sanguinem
2353 4966 2592 5033 Domini,
2632 4967 2686 5021 in
2728 4967 2988 5037 antilypis
3016 4982 3115 5035 per
3138 4980 3351 5020 sacram
3379 4978 3577 5033 opera-

1997 5059 2209 5113 tionem
2239 5057 2591 5118 collocatum,
2632 5059 2817 5113 minus
2848 5075 3012 5129 quam
3038 5057 3297 5128 praedicta
3330 5054 3581 5125 exempla

1996 5166 2126 5206 suas
2185 5165 2515 5220 expromere
2558 5150 2745 5216 vires,
2805 5151 2901 5206 sed
2949 5160 3246 5219 utrumque
3295 5157 3474 5203 totum
3523 5146 3578 5200 in

1997 5242 2213 5298 cunctis
2241 5242 2504 5314 antitypis
2551 5252 2769 5298 exstare
2813 5250 2989 5313 putet.
3032 5242 3092 5296 In
3125 5242 3247 5311 ipso
3283 5240 3434 5295 enim
3474 5238 3584 5293 Do-

383 5383 409 5415 '
438 5382 632 5438 Matth.
658 5396 805 5447 xxw,
828 5384 883 5434 2.
946 5380 1144 5436 'Joan.
1174 5380 1365 5444 xut,2.
1440 5379 1461 5410 ⁹
1492 5378 1628 5433 Luc.
1662 5394 1798 5442 xm,
1835 5379 1870 5433 li

2002 5380 2045 5411 '°
2071 5379 2263 5435 Matth.
2287 5396 2434 5445 xxvr,
2462 5381 2555 5436 27.

388 5505 468 5574 (5)
495 5503 572 5558 De
600 5502 863 5574 antitypis
890 5501 973 5574 (id;
998 5511 1083 5557 est
1110 5501 1297 5572 ﬁguris
1329 5508 1555 5574 seu,_ut
1578 5499 1881 5574 loquimur,

310 5570 720 5639 accidentibus)
748 5570 1071 5627 doctissime
1121 5570 1275 5627 more
1304 5587 1404 5625 suo
1437 5570 1660 5626 disserit
1694 5579 1890 5639 contra

313 5638 730 5717 Creyghtonum
780 5643 1014 5717 Allatius
1060 5643 1253 5697 Exerc.
1296 5640 1473 5717 XXV,
1518 5657 1571 5710 p.
1620 5638 1885 5717 48612529,

317 5708 492 5788 quem
514 5715 695 5788 legere
741 5714 992 5788 _pre_tiu_m
1023 5726 1207 5782 operae
1262 5712 1391 5788 erit.
1420 5708 1679 5788 _Saitctus
1712 5708 1890 5780 Cyril-

315 5782 411 5845 lus
446 5782 592 5845 auud
610 5798 712 5840 nos
740 5783 900 5839 initio
916 5783 1306 5840 Commentarii
1343 5783 1397 5839 in
1420 5782 1644 5847 Lucam,
1675 5796 1891 5837 assum-

1986 5510 2138 5571 ptam
2171 5516 2202 5556 a
2256 5499 2440 5555 Verbo
2484 5516 2707 5556 carnem
2760 5499 2895 5557 dicit
2940 5499 3164 5571 ὀρατὴν,
3224 5494 3579 5619 ψηλαφητην,

1994 5571 2322 5619 ἀντίτυπον-
2401 5571 2677 5619 visibilem-
2736 5570 3066 5619 tannibilem.
3119 5566 3369 5619 solidam.
3424 5567 3497 5619 Ta
3527 5566 3579 5619 ia

1994 5566 2322 5636 ἀντίτυπον,
2401 5571 2678 5643 visibilem,
2736 5566 3579 5643 tangillilém,_’solidam._'Talia

1997 5656 2191 5710 reapse
2217 5648 2347 5696 sunt
2370 5642 2698 5707 accidentia,
2722 5637 2853 5711 qua;
2873 5640 3078 5695 Christi
3111 5653 3317 5711 corpus
3361 5638 3416 5691 in
3442 5637 3579 5711 _Eu_-

1990 5707 2256 5769 charistia
2294 5712 2507 5781 velant,
2556 5707 2796 5784 ideoque
2850 5721 2978 5783 apte
3035 5707 3385 5781 appellantur
3431 5707 3582 5762 ἀντί-

1991 5797 2158 5836 τυπα.
