3970 6520
548 307 692 372 2395

1580 310 1643 372 S.
1683 308 2051 373 EUTYCHII
2088 309 2599 372 PATRIARCILE
2636 311 2747 372 ΟΡ.

3647 315 3772 383 2396

549 415 756 473 minico
786 427 1019 482 corpore
1049 414 1337 484 plenitudo
1369 416 1583 472 habitat
1614 418 1919 474 divinitatis
1952 418 2093 475 Verb

2195 416 2437 489 ,σώματι
2466 420 2712 473 κατοικεῖ
2743 418 2851 473 πᾶν
2878 418 2939 472 τδ
2964 418 3236 492 πλήρωμα
3275 422 3377 493 τῆς
3424 421 3665 493 θεότητος
3688 429 3770 483 τού

549 504 647 559 Dei
710 501 1090 570 corporaliter,
1143 503 1197 558 id
1254 515 1339 559 est
1393 506 1853 563 substantialiter.
1904 509 2123 566 Fraetio

547 595 773 666 quidem
828 596 1129 650 venerandi
1178 598 1335 667 panis
1372 614 1561 654 necem
1604 600 1917 671 significat:
1950 619 2121 674 quare

546 698 603 742 et
622 687 828 742 Pascha
850 686 1216 744 desiderabile
1259 691 1595 760 appellatum
1640 691 1783 756 fuit,
1816 709 1921 749 ceu
1972 696 2119 764 quod

546 779 801 843 salutem,
821 780 1307 841 immortalitatem.
1324 783 1731 854 perfectamque
1753 786 1846 839 Dei
1864 787 2119 842 notitiam

543 871 707 926 nobis
730 871 1062 941 suppeditat.
1097 873 1163 927 Et
1193 873 1356 929 sicuti
1388 885 1520 929 tunc
1553 883 1676 945 post
1691 879 1883 946 epulas
1916 879 2119 951 hymno

543 962 694 1019 dicto
730 965 988 1019 exierunt
1018 965 1073 1019 in
1095 974 1337 1020 montem
1363 966 1642 1032 Olearum,
1679 970 1757 1025 sic
1784 981 1840 1026 et
1865 988 1967 1029 nos
1995 984 2119 1043 post

542 1056 746 1110 sanctis
768 1057 1018 1126 corporis
1048 1058 1440 1128 sanguinisque
1468 1062 1863 1130 sumptionem,
1913 1068 2117 1136 gratias

542 1148 754 1217 agimus
783 1188 798 1213 ,
832 1156 888 1204 et
919 1151 1295 1220 unusquisque
1328 1151 1381 1205 in
1435 1153 1717 1222 propriam
1750 1155 1975 1211 domum
2026 1175 2115 1214 re-

540 1240 831 1295 vertimur.
866 1242 1075 1296 Idcirco
1101 1252 1224 1311 post
1254 1253 1572 1299 sanctarum
1604 1261 1788 1301 rerum
1818 1250 2117 1320 participa-

540 1334 748 1389 tionem
779 1374 793 1395 ,
834 1332 889 1386 in
940 1332 1134 1402 quinta
1168 1348 1363 1403 magna
1406 1334 1544 1389 feria
1570 1375 1584 1399 ,
1616 1336 1804 1391 vinum
1836 1347 1893 1392 et
1931 1341 2115 1396 oleum

538 1426 749 1495 gustari
775 1424 844 1479 ab
869 1424 977 1478 illis
1009 1424 1102 1493 qui
1140 1425 1317 1481 tribus
1352 1437 1512 1483 antea
1558 1428 1754 1483 diebus
1783 1445 1893 1485 non
1927 1444 2115 1502 gusta—

536 1528 759 1582 verunt,
798 1516 943 1571 haud
977 1524 1061 1571 est
1118 1518 1396 1574 laudabile
1436 1537 1451 1575 :
1498 1531 1795 1591 propterea
1836 1525 1985 1594 quod
2020 1525 2112 1580 ille

536 1610 784 1667 dixerit:
827 1630 845 1662 ι
881 1610 1000 1665 Νοη
1035 1610 1215 1665 bibam
1248 1613 1447 1668 amodo
1502 1614 1570 1669 de
1607 1617 1890 1685 genimine
1940 1617 2108 1683 vitis,

535 1704 713 1758 donec
748 1703 865 1772 ipse
909 1702 1193 1758 vobiscum
1242 1720 1447 1759 novum
1480 1706 1664 1762 bibam
1698 1708 1753 1763 iu
1786 1726 1955 1781 regno
2001 1712 2106 1766 Pa-

534 1791 637 1846 tris
663 1792 769 1846 mei
796 1792 863 1857 ¹¹,
902 1810 921 1843 ι
956 1792 1011 1847 id
1047 1793 1214 1847 estin
1248 1804 1438 1851 sancta
1469 1800 1899 1855 resurrectione.
1950 1801 2106 1858 Unde

530 1890 589 1936 et
627 1881 682 1936 in
715 1884 1021 1941 canonibus
1045 1886 1306 1951 edicitur,
1338 1908 1408 1948 ne
1436 1892 1540 1946 hac
1569 1891 1660 1945 die
1680 1892 1952 1962 jejunium
1996 1892 2107 1946 δοίη

528 1988 759 2040 vamus,
790 1988 954 2050 atque
980 1981 1056 2037 ita
1083 1986 1395 2053 przeteritas
1438 1985 1601 2039 simul
1632 1985 1750 2039 dies
1776 1984 2103 2053 pessumda-

526 2078 671 2119 mus.
716 2066 843 2123 Haec
886 2080 973 2125 est
1018 2088 1149 2143 ergo
1201 2075 1365 2129 tertia
1420 2090 1610 2140 cinna,
1672 2087 1868 2142 nempe
1902 2071 1993 2125 illa
2045 2071 2103 2125 in

526 2153 693 2213 Sione
716 2169 953 2227 peracta.
996 2162 1175 2228 Quare
1210 2175 1334 2236 post
1376 2167 1667 2237 mysticum
1699 2163 1905 2219 Pascha
1937 2178 1968 2217 a
1994 2164 2103 2217 Do-

523 2249 677 2304 mino
706 2251 761 2306 in
790 2254 925 2310 urbe
951 2254 1115 2311 Sione
1141 2266 1325 2312 actum
1352 2297 1367 2319 .
1418 2257 1715 2327 incipiente
1751 2256 1863 2326 jam
1903 2262 2099 2324 quarta

522 2340 735 2415 decima
761 2344 872 2410 die,
906 2347 1039 2401 illud
1075 2350 1223 2419 quod
1266 2366 1295 2404 a
1333 2350 1539 2406 Judzeis
1579 2349 1669 2403 die
1702 2346 1975 2411 crastina,
2007 2344 2098 2399 cui

520 2449 723 2490 nomen
749 2436 1055 2495 Parasceve
1080 2480 1094 2505 ,
1126 2440 1341 2511 expleta
1368 2441 1479 2512 jam
1525 2449 1721 2509 quarta
1760 2436 1973 2491 decima
2013 2435 2094 2499 ﬁt,

515 2525 627 2595 jam
658 2544 767 2582 non
797 2538 884 2585 est
911 2531 1141 2587 Pascha.
1162 2534 1298 2587 Nam
1328 2532 1523 2604 legalia
1548 2532 1713 2587 linem
1737 2534 2093 2599 acceperunt,

519 2617 666 2673 unde
686 2618 797 2688 jam
828 2622 1215 2691 reprobantur.
1596 2626 1621 2641 “

586 2705 677 2761 lV.
709 2707 815 2763 Sed
837 2726 1015 2780 neque
1040 2713 1307 2783 manipuli
1338 2713 1547 2769 oblatio
1568 2756 1582 2780 ,
1614 2728 1780 2783 quam
1806 2721 1957 2767 sexta
1991 2709 2090 2765 de-

515 2796 658 2853 cima
683 2798 773 2854 die
802 2800 1103 2868 faciebant,
1151 2804 1301 2860 hunc
1340 2806 1604 2861 videlicet
1652 2820 1750 2875 pro
1786 2804 1953 2860 totius
1982 2803 2090 2858 hu-

515 2890 663 2944 mani
706 2893 928 2963 generis
961 2895 1139 2950 salute
1173 2896 1477 2953 oll‘erentes
1509 2897 1588 2961 “,
1627 2911 1779 2951 nunc
1812 2896 1924 2967 jam
1954 2911 2089 2950 usu»

513 2986 705 3041 venit:
754 3003 784 3041 a
808 3005 912 3059 qua
936 2988 1280 3059 quidetu'die
1313 3002 1466 3048 sexta
1496 2993 1741 3058 decima,
1782 2992 2086 3047 hebdoma-

513 3076 711 3133 darum
745 3081 1066 3138 ordiebatur
1090 3100 1356 3142 numerus
1382 3087 1446 3152 ¹³,
1477 3087 1544 3142 ad
1568 3087 1929 3141 Pentecosten
1955 3100 2087 3155 pro-
2113 3107 2159 3168 ς

512 3170 785 3240 grediens.
840 3175 1086 3246 Namque
1132 3178 1237 3233 hac
1289 3188 1440 3235 sexta
1491 3179 1705 3234 decima
1748 3176 2080 3249 'incipiente,

512 3276 636 3330 qua:
672 3272 729 3317 et
766 3262 1049 3320 Dominica
1082 3266 1308 3331 dicitur,
1339 3282 1571 3338 quaeque
1596 3268 1772 3337 prima
1802 3276 1922 3323 erat
1950 3268 2085 3323 sub-

512 3351 795 3419 sequentis
825 3353 1220 3421 hebdomadae,
1268 3358 1535 3412 Dominus
1562 3366 1752 3413 noster
1784 3372 1815 3412 a
1848 3358 2083 3413 mortuis

512 3457 825 3513 resurgens,
852 3446 1092 3518 seipsum
1119 3449 1242 3504 loco
1285 3450 1550 3519 manipuli
1578 3450 1689 3505 Deo
1711 3450 1857 3505 Patri
1882 3450 2084 3506 obtulit

510 3548 613 3604 pro
666 3536 833 3591 totius
864 3537 1088 3594 humani
1121 3541 1338 3610 generis
1385 3541 1583 3595 salute.
1637 3541 1793 3595 Haud
1836 3556 1967 3613 ergo
2023 3543 2083 3597 ﬁt

510 3626 772 3698 deinceps
798 3631 1061 3700 manipuli
1095 3632 1303 3687 oblatio
1336 3642 1628 3703 postquam
1664 3634 1928 3689 Dominus
1960 3649 2079 3688 ma-

508 3720 682 3789 nipuli
735 3721 859 3776 loco
909 3724 1203 3794 semetipse
1254 3726 1400 3780 Patri
1450 3726 1563 3781 Deo
1615 3726 1853 3781 obtulit:
1900 3742 2081 3796 neque

507 3812 640 3866 item
686 3824 1049 3870 numerantur
1085 3820 1198 3887 jam
1243 3817 1619 3883 hebdomadaa,
1671 3834 1851 3888 neque
1892 3819 2081 3890 legalis

506 3904 849 3972 Pentecoste,
872 3908 966 3962 sed
994 3909 1099 3963 alia
1123 3910 1306 3980 potius
1328 3926 1451 3979 qua:
1475 3911 1773 3981 perfectam
1792 3911 2078 3966 scientiam

504 4009 606 4064 per
646 3996 819 4051 sancti
869 3996 1107 4067 Spiritus
1146 3999 1445 4055 adventum
1486 4002 1717 4065 revelat,
1779 4018 1944 4071 quam
1978 4018 2079 4057 nos

505 4102 603 4142 ceu
636 4089 851 4158 plenam
890 4091 1129 4161 Spiritus
1162 4095 1336 4149 sancti
1373 4095 1720 4164 przesentiam
1758 4095 2078 4149 solemniter

504 4180 852 4237 celebramus
895 4202 908 4237 :
961 4200 1141 4254 neque
1170 4201 1319 4241 nunc
1366 4194 1553 4241 manet
1600 4186 1857 4240 tubarum
1899 4195 1956 4241 et
1995 4196 2077 4241 ta-

504 4268 929 4327 bernaculorum
954 4275 1291 4337 solemnitas,
1320 4292 1442 4345 qua:
1466 4283 1626 4348 typus
1650 4276 2077 4332 resurrectionis

503 4362 703 4428 fuerat,
736 4376 1027 4434 postquam
1073 4383 1205 4423 vera
1253 4368 1468 4423 Domini
1508 4368 1684 4423 nostri
1737 4369 2075 4423 resurrectio

2222 509 2398 577 Λόγου
2431 510 2526 563 καὶ
2566 510 2701 563 Θεοῦ
2752 512 3099 582 σωματικῶς,
3129 513 3267 585 ὅπερ
3322 514 3473 567 ἐστὶν
3502 516 3769 583 ούσιωδῶς.

2190 650 2199 658 ,
2233 603 2298 655 Ἥ
2326 602 2516 667 κλάσις
2546 621 2610 672 γε
2636 604 2742 673 μὴν
2767 604 2862 658 τοῦ
2888 605 3050 673 ἄρτου
3083 605 3176 658 τοῦ
3196 608 3408 677 τιμίου,
3450 609 3547 675 τὴν
3580 616 3772 686 σφαγὴν

2221 694 2401 764 δηλοῖο
2428 695 2509 748 διὸ
2540 696 2634 748 καὶ¹
2664 697 2853 767 Πάσχα
2874 697 3210 767 ἐπιθυμητὸν
3240 699 3470 769 ἐκλήθη,
3510 703 3582 765 ὼς
3619 722 3771 777 σωτη.

2225 786 2342 855 ρίας
2370 787 2463 839 καὶ
2501 787 2806 858 ἀφθαρσίας
2842 790 2937 841 καὶ
2981 789 3232 857 γνώσεως
3266 791 3484 855 τελείας
3512 793 3767 863 πρόξενον.

2220 878 2330 931 Καὶ
2359 876 2549 946 ὥσπερ
2576 879 2697 930 τότε
2734 879 2871 947 μετά
2890 879 2950 932 τὸ
2976 884 3167 949 φαγεῖν
3202 882 3545 952 ὑμνήσαντες
3572 884 3769 954 ἐξῆλθον

2219 971 2298 1031 εἰς
2324 970 2383 1023 τὸ
2424 970 2549 1041 ὅρος
2580 970 2689 1023 τῶν
2715 970 2941 1024 Ἐλαιῶν
2963 987 2978 1000 ·
3020 970 3191 1035 οὕτως
3224 973 3322 1025 καὶ
3357 975 3517 1043 ἡμεῖς
3550 977 3678 1045 μετά
3715 980 3768 1031 τὸ

2220 1062 2542 1131 μεταλαϐεῖν
2591 1064 2685 1116 τοῦ
2721 1064 2874 1131 ἁγίου
2906 1064 3155 1135 σώματος
3185 1065 3282 1117 καὶ
3341 1067 3590 1135 αἵματος,
3621 1070 3766 1139 εὐχα-

2218 1152 2531 1223 ριστοῦμεν,
2551 1156 2643 1206 καὶ
2672 1154 2853 1226 ἔξιμεν
2871 1154 3096 1219 ἕκαστος
3112 1158 3189 1219 είς
3201 1156 3299 1210 τὸν
3323 1157 3454 1211 ίδιον
3466 1153 3607 1212 οἷκον
3623 1162 3767 1215 ἐπαν-

2214 1245 2531 1316 ερχόμενοι,
2569 1247 2779 1301 Οὐκοῦν
2820 1247 2957 1317 μετά
2996 1248 3095 1317 τὴν
3122 1249 3232 1301 τῶν
3268 1250 3441 1318 ἁγίων
3464 1252 3763 1322 μετάληψιν,

2214 1341 2272 1393 ἐν
2300 1345 2367 1413 τῇ
2405 1342 2635 1414 Πέμπτῃ
2659 1346 2724 1413 τῇ
2751 1344 2960 1415 μεγάλῃ
3018 1345 3462 1414 μεταλαμϐάνειν
3488 1347 3628 1401 οἴνου
3680 1350 3763 1401 καὶ

2213 1431 2392 1486 ἐλαίου
2409 1434 2532 1497 τοὺς
2548 1437 2606 1487 ἐν
2633 1437 2753 1497 ταῖς
2774 1435 3063 1507 προτέραις
3087 1437 3267 1506 τρισὶν
3299 1438 3536 1507 ἡμέραις
3559 1439 3630 1509 μὴ
3652 1456 3763 1505 μετ-

2211 1523 2522 1593 ειληφότας,
2547 1526 2607 1579 οὐ
2632 1526 2813 1581 καλόν·
2845 1526 2931 1579 διὰ
2942 1526 3032 1580 τὸν
3053 1528 3275 1581 εἰπόντα
3294 1542 3307 1556 ·
3341 1547 3359 1579 ι
3383 1529 3676 1598 Ἀπάρτιού
3698 1530 3761 1600 μὴ

2210 1616 2321 1668 πίω
2350 1616 2414 1670 ἐκ
2432 1616 2525 1669 τοῦ
2556 1616 2893 1687 γεννήμάτος
2921 1616 3021 1686 τῆς
3056 1617 3323 1685 ἀμπέλου,
3357 1618 3462 1682 ἕως
3492 1619 3647 1682 αὐτὸς
3668 1620 3761 1673 πίω

2214 1705 2331 1776 μεθ’
2366 1705 2518 1775 ὑμῶν
2544 1706 2727 1759 καινὸν
2756 1708 2813 1759 ὲν
2841 1709 2906 1775 τῇ
2937 1705 3183 1775 βασιλεία
3207 1708 3305 1760 τοῦ
3339 1709 3554 1779 Πατρός
3588 1728 3703 1779 μου,
3739 1731 3756 1763 ι

2212 1798 2490 1852 τούτέστιν
2524 1799 2581 1851 ἐν
2604 1801 2671 1868 τῇ
2697 1798 2988 1853 ἀναστάσει
3006 1802 3071 1870 τῇ
3096 1800 3250 1872 άγίᾳ.
3273 1800 3439 1855 Ὅθεν
3464 1802 3558 1855 καὶ
3578 1804 3632 1855 ἐν
3659 1806 3759 1867 τοῖς

2210 1889 2432 1943 κανόσιν
2453 1890 2687 1960 εἴρηται,
2719 1889 2793 1959 μὴ
2818 1889 2965 1943 λύειν
2994 1891 3216 1959 ταύτην,
3244 1894 3341 1945 καὶ
3369 1893 3469 1956 τὰς
3510 1895 3759 1964 προτέρας

2206 1980 2515 2035 ἀπολλύειν.
2537 1981 2707 2035 Τοῦτο
2726 1981 2819 2035 οὖν
2849 1984 2964 2036 ἐστι
2990 1983 3051 2036 τὸ
3073 1985 3258 2054 τρίτον
3275 1985 3512 2050 δεῖπνον,
3538 1986 3597 2040 τὸ
3630 1990 3682 2039 ἐν
3700 1990 3756 2057 τῇ

2207 2074 2342 2126 Σιὼν
2366 2072 2912 2128 ἐπιτελεσθέν.Ὠστε
2958 2076 3094 2144 μετά
3150 2076 3211 2128 τὸ
3253 2078 3516 2146 μυστικὸν
3559 2078 3754 2149 Πάσχα,

2202 2163 2262 2217 τὸ
2287 2163 2391 2215 ὑπὸ
2423 2161 2516 2215 τοῦ
2549 2162 2754 2230 Κυρίου
2785 2162 3076 2231 γενόμενον
3132 2164 3190 2215 ἐν
3218 2165 3288 2234 τῇ
3352 2163 3513 2224 Σιὼν,
3553 2164 3758 2233 ἐναρχο-

2204 2254 2373 2323 μένης
2402 2253 2501 2323 τῆς
2529 2253 3142 2324 τεσσαρεσκαιδεκάτης,
3169 2254 3232 2307 τὸ
3254 2255 3361 2307 ὑπὸ
3380 2254 3488 2307 τῶν
3508 2254 3754 2307 Ἰουδαίων

2199 2342 2293 2395 ἐπὶ
2320 2342 2420 2412 τὴν
2462 2340 2668 2412 αὖριον,
2712 2342 2835 2410 ἦτις
2891 2337 2961 2411 ἦν
2989 2344 3342 2413 παρασκευὴ,
3369 2344 3753 2413 περαιουμένης

2195 2435 2295 2504 τῆς
2322 2434 2921 2505 τεσσαρεσκαιδεκάτης
2946 2435 3316 2497 ὲπιτελεσθέν,
3343 2436 3527 2489 οὐκέτι
3556 2437 3749 2504 Πάσχα.

2196 2526 2279 2579 Τά
2306 2526 2506 2594 νομικά
2563 2525 2673 2596 γὰρ
2722 2525 3113 2596 πεπλήρωται’
3148 2526 3233 2579 διὸ
3294 2526 3390 2580 καὶ
3421 2526 3752 2596 κατακρίνον-

2193 2634 2308 2673 ται.

2263 2708 2326 2764 δ’.
2370 2708 2509 2762 Ἀλλ’
2565 2707 2690 2763 οὔτε
2721 2709 2755 2779 ἡ
2811 2708 2905 2763 τοῦ
2938 2708 3252 2779 δράγματος
3310 2709 3661 2779 προσαγωγὴ,
3692 2708 3750 2777 ἦν

2192 2799 2481 2854 ἐπετέλουν
2529 2799 2675 2871 ἐντῇ
2738 2797 3119 2869 ἑξκαιδεκάτῃ,
3178 2799 3343 2852 τοῦτο
3370 2801 3749 2871 προσφέροντες

2191 2892 2332 2963 ὑπὲρ
2350 2893 2621 2963 σωτηρίας
2632 2892 2752 2945 ὅλου
2769 2891 2863 2945 τοῦ
2891 2890 3236 2963 ἀνθρωπίνου
3258 2893 3597 2963 φυράματος,
3623 2892 3749 2945 κατά

2188 2985 2289 3056 τὴν
2314 2984 2409 3037 τοῦ
2441 2986 2606 3055 νόμου
2646 2984 2886 3054 ἐντολὴν,
2921 2984 3003 3037 ἔτι
3046 2984 3233 3055 χώραν
3276 2986 3422 3055 ἔχει’
3465 2987 3555 3054 ἀφ’
3584 2979 3647 3057 ἦς
3672 2983 3749 3050 ἐξ-

2189 3080 2515 3150 καιδεκάτης
2573 3080 2666 3134 καὶ
2696 3079 2856 3149 ἡτῶν
2882 3078 3190 3149 ἑϐδομάδων
3226 3079 3603 3152 ἀπαρίθμησις
3648 3078 3746 3145 ἐγί-

2190 3187 2330 3235 νετο,
2384 3169 2484 3240 τὴν
2550 3170 2925 3240 Ιιεντηκοστὴν
2968 3169 3328 3241 ἐπιφέρουσα.
3393 3169 3604 3239 Ταύτης
3653 3168 3745 3237 γὰρ

2189 3262 2557 3336 ἐναρχομένης
2599 3263 2697 3333 τῆς
2750 3262 3140 3335 ὲξκαιδεκάτης
3168 3265 3269 3333 τῆς
3314 3262 3411 3316 καὶ
3451 3258 3739 3330 Κυριακῆςν

2188 3356 2309 3425 ἥτις
2336 3356 2430 3409 καὶ
2456 3356 2646 3426 πρώτη
2673 3354 2775 3424 τῆς
2811 3354 3074 3424 ἐπιούσης
3126 3355 3423 3426 ἑϐδομάδος
3474 3354 3744 3416 ἐδείκνυτο,

2188 3448 2218 3499 ὁ
2240 3446 2443 3517 Κύριος
2466 3447 2619 3518 ἡμῶν
2651 3449 2719 3500 ἐκ
2751 3446 2962 3518 νεκρῶν
2986 3448 3251 3512 ἀναστάς,
3285 3447 3479 3499 ἑαυτὸν
3508 3445 3624 3497 ἀντὶ
3662 3440 3743 3494 τοῦ

2188 3536 2501 3607 δράγματος
2553 3538 2902 3609 προσήνεγκε
2939 3539 3016 3611 τῷ
3055 3538 3196 3610 Θεῷ,
3245 3540 3340 3594 καὶ
3387 3541 3581 3611 Ila-cpt,
3620 3534 3744 3605 ὑπὲρ

2194 3626 2467 3697 σωτηρίας
2510 3626 2632 3679 ὅλου
2662 3624 2757 3679 τοῦ
2792 3624 3134 3695 ἀνθρωπίνου
3183 3629 3520 3697 φυράματος.
3550 3623 3620 3695 (ί)
3648 3621 3743 3674 Οὐ·

2194 3720 2312 3772 κέτι
2332 3719 2511 3772 τοίνυν
2556 3717 2871 3788 δράγματος
2904 3718 3265 3789 προσαγωγὴ,
3300 3715 3491 3771 ἑαυτὸν
3532 3714 3619 3768 τοῦ
3652 3714 3743 3765 Κυ-

2194 3811 2309 3880 ρίου
2345 3808 2808 3879 προσαγαγόντος,
2854 3809 2975 3861 ἀντὶ
3006 3807 3101 3862 τοῦ
3160 3808 3495 3880 δράγματος,
3524 3805 3599 3875 τῷ
3637 3800 3740 3870 θεῷ

2186 3902 2280 3952 καὶ
2311 3900 2513 3971 Πατρίσ
2547 3898 2669 3953 ούδέ
2716 3898 3109 3970 ἐξαριθμήσεις
3144 3899 3461 3971 ἑϐδομάδων
3499 3897 3589 3950 καὶ
3628 3911 3740 3946 πεν-

2183 3992 2422 4060 τηκοστὴ
2463 3990 2684 4062 νομικὴ,
2733 3993 2846 4044 ἀλλ’
2881 3992 3047 4061 ἑτέρα
3093 3991 3306 4045 τελείαν
3341 3991 3628 4058 ἐπίγνωσιν
3660 3982 3738 4037 διὰ

2181 4080 2281 4150 τῆς
2304 4080 2397 4134 τοῦ
2426 4080 2740 4151 Πνεύματος
2763 4083 3065 4152 παρουσίας
3095 4084 3471 4152 ὑποφαίνουσα
3500 4080 3563 4150 ἢν
3595 4076 3737 4146 ἡμεῖς

2182 4172 2258 4235 ὡς
2285 4172 2494 4227 τελείαν
2529 4174 2831 4243 παρουσίαν
2848 4174 2941 4227 τοῦ
2969 4174 3124 4243 ἁγίου
3158 4175 3477 4246 Πνεύματος
3502 4167 3736 4239 ἐορτάξο’

2186 4282 2305 4335 μεν.
2350 4265 2548 4319 Οὐκέτι
2577 4266 2895 4334 σαλπίγγων
2941 4268 3035 4321 καὶ
3079 4267 3294 4335 σκηνῶν
3350 4265 3529 4334 ἑορτὴ,
3581 4258 3735 4312 τύπον

2180 4355 2280 4422 τῆς
2302 4354 2645 4418 ἀναστάσεως
2675 4357 2796 4426 ἔχου
2809 4372 2900 4418 σα,
2925 4358 3023 4427 τῆς
3060 4355 3351 4427 ἀληθεινῆς
3408 4351 3733 4407 ἀναστάσεως

502 4452 663 4507 nobis
695 4456 970 4524 apparuit.
1014 4457 1201 4527 Neque
1240 4459 1419 4514 tribus
1446 4458 1578 4513 anni
1609 4459 1951 4528 temporibus
1989 4470 2074 4531 ty-

2195 4447 2273 4500 ιοῦ
2329 4449 2535 4517 Κυρίου
2563 4449 2717 4518 ἡμῶν
2747 4450 3177 4519 φανερωθείσης.
3213 4448 3413 4501 Οὐκέτι
3447 4445 3589 4515 τρεῖς
3616 4455 3728 4531 Xal-

502 4542 686 4611 picum
733 4544 933 4600 festum
967 4548 1078 4618 jam
1108 4558 1278 4621 agunt
1313 4550 1596 4615 homines;
1635 4558 1745 4605 tota
1772 4550 1923 4605 enim
1966 4552 2070 4606 ho-

498 4634 693 4691 dierna
738 4638 852 4691 vita
892 4640 1213 4695 continuum
1256 4641 1461 4696 festum
1491 4652 1595 4697 est.
1623 4642 1801 4712 Atque
1833 4652 1893 4697 ut
1921 4659 2071 4698 sum-

498 4724 687 4779 malim
716 4724 915 4791 dicam,
953 4739 1167 4784 cuncta:
1203 4730 1338 4801 legis
1370 4731 1800 4801 signiﬁcationes
1838 4733 2071 4802 expleta:

498 4826 648 4880 sunt,
692 4817 821 4885 quia
868 4819 1154 4888 plenitudo
1197 4821 1335 4893 legis
1376 4822 1632 4879 Christus
1665 4833 1791 4878 est:
1836 4825 1983 4880 unde
2014 4831 2072 4879 et

494 4902 702 4960 Christi
733 4907 978 4962 Ecclesia
1018 4919 1262 4965 sanctam
1302 4913 1422 4983 ejus
1464 4915 1926 4969 resurrectionem
1970 4930 2065 4970 ce-

496 4990 693 5056 lebrat,
741 5011 863 5065 qua:
904 5009 1055 5053 sexta
1100 5000 1311 5055 decima
1352 5002 1441 5057 die
1473 5004 1775 5074 incipiente
1812 5007 2065 5077 contigit.

494 5084 683 5154 Neque
719 5089 830 5157 jam
881 5106 1007 5144 cum
1044 5091 1248 5147 ludatis
1276 5092 1478 5147 festum
1510 5098 1642 5165 agit,
1689 5106 1897 5151 sextam
1922 5098 2072 5153 deci-

494 5192 638 5231 mam
706 5179 849 5234 luna:
908 5181 1228 5238 observans.
1292 5183 1448 5239 Sicut
1507 5197 1690 5242 autem
1740 5204 1772 5243 a
1832 5193 2067 5245 mortuis

492 5283 809 5340 resurgens,
839 5287 1007 5342 seque
1033 5289 1132 5342 pro
1154 5275 1316 5331 nobis
1340 5276 1486 5331 Patri
1511 5278 1771 5345 oll‘erens,
1798 5282 2065 5351 manipuli

2177 4539 2304 4608 ρους
2321 4539 2639 4609 ἐορτάσουσι
2691 4542 2785 4592 τοῦ
2833 4540 3106 4604 ἐνιαυτοῦ,
3140 4540 3422 4602 τυπικῶς·
3458 4538 3596 4595 ἅπας
3631 4528 3729 4597 γάρ

2172 4632 2201 4683 ό
2257 4630 2372 4700 βίος
2404 4633 2646 4702 σήμερον
2676 4632 2837 4703 ἑορτὴ
2866 4632 2963 4703 μία
2989 4631 3347 4703 καθέστηκεν.
3401 4631 3507 4683 Καὶ
3538 4621 3724 4681 ἀπλῶςν

2173 4725 2345 4778 πᾶσαι
2376 4724 2433 4775 αί
2467 4722 2556 4775 διὰ
2578 4722 2673 4776 τοῦ
2702 4724 2864 4794 νόμου
2918 4724 3189 4794 ἐμφάσεις
3210 4725 3624 4792 πεπλήρωνται·
3652 4714 3723 4766 ὅτι

2172 4819 2447 4892 πλήρωμα
2478 4820 2642 4890 νόμου
2675 4821 2909 4890 Χριστός
2932 4837 2946 4853 ο
2995 4821 3118 4873 ὅθεν
3158 4823 3253 4874 καὶ
3284 4823 3316 4892 ή
3360 4818 3455 4873 τοῦ
3500 4805 3721 4884 Χριστοῦ

2186 4912 2484 4982 Ἐκκλησία
2510 4913 2609 4983 τὴν
2632 4913 2795 4981 ἁγίαν
2816 4914 3109 4968 ἀνάστασιν
3126 4914 3294 4968 αὐτοῦ
3324 4910 3585 4984 ἑορτάζει,
3613 4904 3723 4971 ἥτις

2173 5004 2544 5075 ἐναρχομένης
2572 5005 2673 5074 τῆς
2702 5004 3089 5074 ἐξκαιδεκάτης
3121 5005 3357 5072 ἐγένετο.
3422 5001 3525 5055 Καὶ
3551 4990 3718 5049 οὐκέτι

2166 5094 2441 5159 Ἰουδαίοις
2472 5095 2817 5165 συνεορτάζει
2870 5097 2972 5167 τὴν
3003 5092 3597 5164 τεσσαρεσκαιδεκάτην
3629 5082 3717 5149 τῆς

2166 5185 2396 5255 σελήνης
2434 5184 2730 5239 διώκουσα.
2765 5187 2975 5257 Ὥσπερ
3032 5188 3214 5258 μέντοι
3248 5190 3311 5241 ἐκ
3366 5179 3567 5252 νεκρῶν
3592 5177 3711 5241 ὲγη·

2168 5280 2456 5350 γερμένος,
2488 5278 2583 5332 καὶ
2615 5279 2806 5333 ἐαυτὸν
2865 5280 3006 5352 ὑπὲρ
3049 5282 3206 5353 ἡμῶν
3243 5282 3319 5351 τῷ
3352 5275 3521 5347 Πατρὶ
3556 5280 3709 5339 προσ-

494 5368 624 5432 lypo
662 5362 827 5419 linem
860 5366 1152 5435 imposuit;
1192 5368 1275 5423 sic
1305 5369 1431 5439 agni
1462 5370 1604 5436 loco,
1632 5380 1825 5442 quarta
1849 5374 2063 5432 decima

2199 5368 2403 5440 γαγὼν,
2447 5369 2737 5441 ἐπλήρωσε
2764 5370 2854 5424 τὸν
2873 5372 3043 5427 τύπον
3083 5373 3177 5427 τοῦ
3205 5372 3532 5446 δράγματος,
3552 5358 3709 5413 οὕτως

563 5517 602 5549 ¹¹
635 5519 828 5577 Matth.
863 5539 1009 5589 xxvr,
1031 5522 1123 5581 29.
1204 5524 1245 5557 ¹¹
1278 5524 1456 5582 Levit.
1482 5544 1636 5595 χχιιι,
1717 5530 1759 5562 ¹³
1790 5530 1924 5587 ibid.
1958 5530 2048 5587 l5.

565 5658 775 5747 llic
825 5663 1282 5737 interponebatur
1322 5667 1378 5725 in
1421 5669 1609 5729 Codice
1665 5671 1853 5744 Cyrilli
1905 5673 2083 5741 locus,
2151 5675 2284 5731 alibi
2318 5691 2350 5731 a
2410 5674 2572 5731 nobis
2618 5674 2842 5742 editus;
2892 5675 3093 5733 deinde
3149 5671 3493 5747 prosequitur
3546 5662 3700 5720 Ειιίτ·

492 5723 672 5785 chius.
