4028 6480
214 263 355 329 2397

1139 283 1238 345 DE
1275 285 1664 353 PASCHATE
1702 293 1800 355 ET
1836 296 1942 359 SS.
1982 298 2525 369 EUCHARISTIA.

3324 323 3469 392 2399

210 380 336 432 ἀντὶ
370 379 464 433 τοῦ
488 380 684 452 ἀμνοῦ,
709 385 809 457 τῆς
835 395 1434 469 τεσσαρεσκαιδεκάτης
1486 401 1772 475 ὲναρχομέ-

1888 409 2188 482 incipiente
2237 415 2347 481 die,
2402 426 2577 472 semet
2626 420 2853 491 mystice
2902 432 2959 479 et
3002 425 3059 482 in
3116 437 3468 490 antecessum
3522 484 3525 485 ν

208 471 541 539 νης,έαυτὸν
567 473 736 540 θύσας
782 480 1059 548 μυστικῶς
1099 487 1197 539 καὶ
1242 471 1655 560 προληπτικῶς,
1689 471 1786 550 καὶ

208 562 463 633 ἐμμίξας
499 566 580 632 τῷ
626 568 929 637 ἀντιτύπῴ
951 574 1222 643 φαίνεται.
1249 581 1321 633 Τὸ
1370 579 1465 638 οὖν
1499 588 1782 656 μυστικὸν,

207 655 435 726 ἀπαρχὴ
470 659 560 710 καὶ
582 659 840 731 άρῤαϐὠν
894 665 1010 717 ἐστι
1045 666 1140 719 τοῦ
1172 655 1562 741 πραγματικοῦ
1582 692 1598 706 ο
1628 676 1689 728 τὸ
1728 677 1787 731 δὲ

1889 501 2201 571 immolans,
2246 515 2412 576 atque
2462 510 2727 581 antitypis
2767 514 3007 572 insertus
3045 531 3290 590 apparet.
3323 522 3470 594 Ergo

1890 610 1982 650 res
2017 598 2266 667 mystica,
2298 600 2576 655 inchoatio
2600 612 2685 657 est
2707 614 2761 658 et
2787 607 2951 661 arrha
2978 610 3054 664 rei
3083 613 3469 681 pragmaticze:

1879 702 1986 742 res
2036 703 2169 744 vero
2214 694 2550 761 pragmatica
2595 697 3061 765 complementum
3110 705 3470 770 nanciscitur,

206 750 618 817 πραγματικὸν,
651 752 713 805 τὸ
736 755 940 808 τέλειον
960 796 976 821 ,
1034 760 1174 814 κατὰ
1204 763 1285 815 τὰ
1328 782 1348 816 ι
1386 766 1462 819 Οὐ
1523 768 1598 839 μὴ
1627 769 1772 839 φάγοι

1884 779 2041 849 juxta
2092 780 2229 835 illud
2279 782 2487 838 dictum
2536 804 2548 838 :
2588 788 2707 841 Non
2753 791 3036 845 comedam
3086 793 3244 860 illud,
3294 796 3473 852 donec

205 841 363 906 αὐτὸ,
388 842 493 906 ἕως
532 838 594 898 οὗ
651 846 909 920 πληρωθῇ
937 852 997 903 ὲν
1048 856 1115 925 τῇ
1151 853 1401 928 βασιλείᾳ
1419 857 1513 913 τοῦ
1544 862 1679 916 Θεοῦ
1702 878 1715 893 ·
1759 882 1772 915 ι

206 932 345 959 2....
371 932 578 959 2---...ε
620 937 738 959 ι.--ιῇ
779 939 934 959 Low-
976 943 988 959 ν
1048 944 1059 959 ι
1389 948 1413 959 -
1562 951 1573 959 .
1641 955 1653 959 _

1884 838 1904 849 _
2761 838 3036 845 --__--__---
3087 838 3244 860 -..νη
3295 838 3473 852 ..νηνν

1888 871 2255 941 adimpleatur
2294 873 2350 929 in
2398 892 2566 947 regno
2600 880 2777 935 Patris
2810 881 2919 937 mei
2946 884 3027 951 ";
3079 887 3227 955 quod
3280 904 3473 959 reapse

204 932 346 1003 ὅπερ
371 932 581 1007 ἐσχενή
614 937 743 1002 ἁγία
770 939 938 994 αὑτοῦ
964 943 1261 1009 ἀνάστασις
1280 965 1295 977 ο
1321 948 1480 1004 τοῦτο
1509 951 1615 1024 γάρ
1637 955 1772 1009 ὲστικ

2041 932 2055 941 .
2460 932 2489 947 υ
2604 932 2615 933 ί
2650 932 2771 935 γηα
2810 932 2919 937 τ--ν
3013 932 3027 951 τ
3082 932 3227 955 -ι-νκ
3280 932 3471 959 ·ν·-ιί’ν

1879 975 1987 1031 sper
2042 973 2286 1019 sanctam
2340 968 2460 1037 ejus
2526 973 2993 1030 resurrectionem
3047 978 3302 1033 accidit:
3362 980 3471 1035 tale

206 1024 239 1093 ἡ
273 1026 524 1095 βασιλεία
552 1030 646 1083 τοῦ
674 1030 843 1084 θεοῦ*
884 1033 1019 1088 διότι
1075 1038 1260 1095 οὐκέτι
1313 1042 1537 1098 δύναται
1575 1046 1784 1102 ἀποθα-

207 1120 340 1181 νεῖν,
373 1120 525 1186 ἅπαξ
553 1123 862 1180 ἀποθανών.

279 1217 341 1265 ε’.
370 1211 493 1265 ὀτι
517 1213 573 1266 δὲ
605 1214 777 1280 οὕτως
814 1220 985 1284 ἐστὶν,
1019 1221 1128 1276 ἰδοὺ
1165 1227 1445 1293 μυστικῶς
1472 1232 1567 1284 καὶ
1621 1233 1786 1304 ἡμεῖς

206 1300 627 1375 ἀποθνήσκομεν
655 1307 713 1361 ἐν
739 1308 817 1379 τῷ
838 1309 1174 1382 βαπτίσματι
1198 1316 1276 1387 τῷ
1314 1318 1458 1390 ἁγίῳ
1480 1337 1496 1352 ο
1533 1323 1591 1374 ὲν
1643 1300 1787 1395 μαρ-

205 1395 377 1465 τυρίῳ
409 1395 467 1488 δέ
497 1399 638 1467 μετὰ
696 1402 857 1456 τοῦτο
878 1443 893 1465 ,
921 1404 954 1476 ἢ
980 1404 1076 1458 καὶ
1118 1406 1249 1462 ἄνευ
1284 1415 1605 1486 μαρτυρίου,
1644 1433 1787 1488 πρα-

204 1487 525 1554 γματικῶς.
558 1490 665 1544 Καὶ
716 1493 816 1546 οὐκ
845 1494 1204 1569 ἠλλοτρίωται
1245 1503 1275 1555 ὁ
1336 1506 1595 1572 μυστικὸς
1627 1487 1784 1579 ἡμῶν

192 1576 459 1659 θάνατος,
480 1581 576 1635 τοῦ
609 1587 1015 1654 πραγματικοῦ,
1038 1589 1141 1645 κᾶν
1188 1595 1238 1646 ει
1293 1595 1595 1651 τελειοῦται
1623 1576 1683 1653 ὲν
1706 1600 1784 1672 τῷ

202 1672 600 1762 πραγματικῷ.
632 1675 738 1728 Καὶ
757 1677 949 1749 ἑτέραν
980 1680 1090 1752 γὰρ
1131 1684 1285 1756 παρὰ
1326 1686 1425 1758 τὴν
1474 1689 1701 1762 πρώτην
1726 1694 1784 1747 ὲν

1886 1054 2033 1108 enim
2066 1062 2152 1109 est
2182 1070 2410 1128 regnum
2440 1059 2560 1116 Dei.
2607 1060 2976 1128 Quamobrem
3028 1066 3173 1120 haud
3201 1069 3315 1137 jam
3343 1084 3465 1124 am-

1874 1144 2030 1213 ,plius
2056 1147 2194 1200 mori
2226 1158 2424 1218 potest,
2454 1160 2741 1223 postquam
2769 1157 2939 1210 semel
2960 1165 3044 1212 est
3065 1169 3340 1216 mortuus.

1877 1246 1889 1277 ·-
1958 1235 2011 1289 5.
2051 1236 2189 1303 Quia
2218 1255 2351 1297 vero
2392 1258 2483 1298 res
2526 1244 2602 1297 ita
2648 1260 2707 1300 se
2753 1246 2940 1314 habet,
2978 1263 3108 1304 ecce
3143 1260 3199 1306 et
3223 1268 3323 1306 nos
3351 1270 3471 1326 my-

1885 1328 2021 1384 stice
2074 1332 2344 1387 morimur
2389 1334 2446 1388 in
2496 1344 2687 1392 sancto
2738 1337 3113 1409 baptismate:
3162 1343 3362 1400 deinde
3408 1347 3469 1403 in

1886 1423 2185 1494 martyrio,
2236 1426 2321 1480 vel
2380 1427 2544 1482 etiam
2596 1431 2715 1485 sine
2768 1434 3032 1503 martyrio
3088 1450 3184 1503 per
3235 1451 3467 1506 operum

1886 1509 2133 1577 praxim:
2165 1527 2345 1582 neque
2390 1514 2575 1571 differt
2608 1533 2759 1573 mors
2806 1530 2994 1575 nostra
3025 1524 3248 1593 mystica
3278 1526 3347 1581 ab
3374 1528 3467 1583 illa

1886 1602 2240 1671 pragmatica.
2302 1604 2550 1676 Namque
2595 1616 2650 1663 et
2689 1610 2886 1675 aliam,
2937 1623 3140 1683 prmter
3197 1617 3463 1687 primam,

1886 1693 2102 1764 mystici
2130 1696 2345 1766 generis
2370 1697 2637 1754 habemus
2668 1701 2862 1765 vitam,
2895 1703 3305 1763 inchoationem
3335 1711 3455 1765 vel-

197 1760 279 1831 τῷ
312 1764 564 1835 μυστικῷ
585 1766 842 1837 κτώμεθα
872 1770 1040 1843 ζωὴν,
1074 1774 1332 1848 ἀπαρχήν
1359 1796 1483 1834 τινα
1520 1782 1622 1852 τῆς
1652 1760 1772 1839 άνα-

1889 1784 1971 1842 ιιιί
2021 1786 2465 1853 resurrectionis,
2504 1800 2853 1859 peccatorum
2879 1796 3285 1865 remissionem,
3325 1802 3463 1857 ado-

201 1854 471 1922 στάσεως,
502 1858 595 1910 καὶ
642 1858 836 1928 ἄφεσιν
886 1864 1190 1937 ἁμαρτιῶν,
1234 1870 1328 1924 καὶ
1370 1872 1641 1928 υἱοθεσίαν
1688 1876 1783 1929 καὶ⁵

198 1942 502 2012 άγιασμὸν,
566 1948 665 2001 καὶ
702 1952 1137 2026 συγκληρονόμοι
1188 1959 1428 2032 Χριστοῦ
1494 1966 1781 2036 γινόμεθα.

197 2036 319 2090 Οὐκ
345 2039 748 2131 ἀπέρνρηικῇαι
776 2045 955 2101 τοίνυν
980 2049 1049 2102 τὰ
1085 2053 1323 2121 μυστικά
1355 2054 1467 2109 τῶν
1520 2075 1782 2131 πραγμα-

197 2128 403 2194 τικῶν,
438 2130 543 2183 κᾶν
574 2134 625 2186 εί
645 2137 706 2186 έν
738 2138 851 2201 τοῖς
904 2146 1312 2211 πραγματικοῖς
1342 2128 1688 2205 τελειοῦται(
1717 2150 1783 2205 Ἠ

203 2212 300 2273 οὖν
333 2220 652 2293 Ἐκκλησία,
680 2226 774 2281 καὶ
804 2229 905 2299 τῆς
916 2237 1521 2310 τεσσαρεσκαιδεκάτης
1543 2242 1783 2297 ἐπιτελεῖ

205 2312 308 2382 τὴν
325 2316 564 2386 μνήμην,
584 2319 643 2371 ἐν
665 2322 731 2391 τῇ
759 2324 971 2396 μεγάλῃ
1003 2326 1256 2401 Πέμπτῃ,
1277 2329 1463 2397 καθὼς
1477 2334 1596 2388 τότε
1619 2337 1781 2405 γέγο-

202 2422 288 2458 νεν
311 2407 414 2460 ὑπὸ
444 2408 539 2461 τοῦ
564 2410 773 2481 Κυρίου
789 2414 847 2467 τὸ
864 2416 1062 2487 Πάσχα
1081 2419 1141 2473 τὸ
1159 2422 1443 2491 μυστικὸν,
1481 2426 1570 2479 ὅτε
1590 2427 1783 2482 ἑαυτὸν

194 2500 359 2555 ἔθυσε
386 2504 485 2574 τῆς
514 2510 1118 2583 τεσσαρεσκαιδεκάτης
1140 2515 1529 2591 ἐναρχομένης.
1548 2520 1668 2575 Κᾶν
1687 2520 1781 2578 οῦν

191 2595 254 2647 ὲν
275 2597 346 2666 τῇ
380 2597 569 2670 πρώτῃ
592 2600 776 2671 ἡμέρᾳ
795 2603 895 2670 τῆς
922 2603 1217 2676 ἑϐδομάδος
1244 2611 1340 2663 τοῦ
1374 2613 1565 2683 Πάσχα
1589 2619 1656 2685 τῇ
1688 2618 1780 2671 καὶ

189 2688 481 2759 κυριακῇ,
506 2691 607 2745 κᾶν
634 2693 694 2744 ὲν
720 2695 787 2765 τῇ
818 2694 1041 2768 θατέρᾳ,
1063 2700 1169 2754 κᾶν
1192 2703 1250 2755 ὲν
1281 2705 1348 2774 τῇ
1371 2705 1552 2779 τρίτῃ,
1590 2708 1694 2762 κᾶν
1721 2711 1780 2762 έν

187 2782 519 2874 τῇ-τετάρτῃ
530 2785 744 2857 ἐμπέσῃ
760 2788 791 2856 ὴ
808 2794 1369 2865 τεσσαρεσκαιδεκάτη
1388 2796 1653 2869 (ζητεῖται
1670 2803 1778 2874 γὰρ

186 2871 403 2965 τοῦτο),
431 2876 498 2944 τῇ
539 2878 769 2949 πέμπτῃ
804 2880 837 2950 ὴ
865 2879 1167 2952 Ἐκκλησία
1197 2887 1438 2942 ἐπιτελεῖ
1460 2890 1559 2961 τὴν
1581 2871 1779 2965 ἑορτὴν

184 2962 284 3015 τοῦ
308 2963 505 3034 Πάσχα
526 2966 621 3019 τοῦ
645 2970 910 3037 μυστικοῦ
930 2987 946 3002 σ
976 2973 1099 3026 καθ’
1119 2976 1186 3046 ἣν
1204 2976 1297 3029 καὶ
1313 2977 1341 3030 ὁ
1369 2979 1573 3050 Κύριος
1586 2962 1776 3038 ἑαυτδν

188 3060 476 3126 μυστικῶς
500 3059 663 3114 ἔθυσε
697 3063 840 3118 τότε.
874 3065 1060 3137 Τὴνδὲ
1093 3069 1309 3125 τελείαν
1354 3074 1450 3127 καὶ
1473 3075 1775 3150 πληρωμά-

182 3148 344 3219 τικὴν
373 3151 481 3223 τῆς
509 3155 779 3224 μυστικῆς
800 3156 1018 3229 ἑορτῆς.
1053 3161 1197 3216 κατὰ
1222 3163 1324 3235 τὴν
1357 3166 1516 3234 ἁγίαν
1536 3148 1773 3224 ἀνάστα-

184 3257 269 3294 σιν
305 3243 577 3310 ἐπιτελεῖ,
610 3244 733 3315 ἦτις
780 3248 1153 3320 ὲναρχομένης
1211 3252 1313 3323 τῆς
1358 3255 1769 3328 ἐξκαιδεκάτης,

180 3332 277 3403 τῆς
309 3334 408 3387 καὶ
437 3335 731 3407 Κυριακῆς
756 3338 878 3392 τότε
909 3340 1215 3414 φθασάσης,
1246 3346 1559 3417 γεγένηται.

253 3430 332 3490 ς’,
359 3426 457 3479 Διὸ
479 3427 579 3481 καὶ
604 3430 655 3481 oi
682 3432 741 3482 ἐν
790 3431 996 3505 Νικαίᾳ
1030 3436 1295 3508 Πατέρες,
1330 3440 1494 3493 τινῶν
1518 3440 1619 3511 τῆς
1653 3443 1775 3496 Ἐκ-

176 3514 373 3584 λησίας
399 3519 564 3572 τοῦτο
599 3521 674 3592 μὴ
690 3524 1009 3592 ποιούντων,
1028 3527 1235 3598 ὥρισαν
1262 3532 1472 3595 πάντας
1495 3533 1612 3605 ἅμα
1629 3535 1775 3590 κατὰ

177 3608 279 3676 τὴν
303 3611 429 3663 τότε
453 3613 512 3665 ὲν
546 3617 614 3685 τῇ
650 3618 984 3688 σωτηριώδει
1013 3622 1222 3678 ἀναστά
1246 3642 1328 3679 σει
1361 3626 1647 3696 φθάσασαν
1678 3630 1769 3695 ἑξ-

186 3700 522 3773 καιδεκάτην
549 3704 652 3775 τὴν
681 3707 774 3760 καὶ
808 3710 1097 3782 Κυριακὴν
1127 3715 1431 3786 ἑορτάζειν,
1486 3719 1561 3782 ὼς
1596 3719 1655 3772 τὸ
1689 3721 1773 3774 τέ-

180 3792 323 3847 λειον
349 3798 448 3849 καὶ
473 3800 860 3869 πραγματικὸν
876 3800 1128 3872 ἔχουσαν,
1159 3807 1301 3860 κατὰ
1323 3806 1422 3878 τὴν
1446 3808 1538 3861 τοῦ
1563 3810 1767 3881 Κυρίου

176 3888 394 3958 φωνήν.
426 3890 537 3944 Καὶ
570 3890 732 3944 τοῦτο
755 3894 829 3962 τῇ
853 3894 1251 3966 Ἀλεξανδρέων
1304 3899 1606 3969 γράφουσιν
1640 3901 1768 3956 Ἐκ⁴

177 3979 392 4050 κλησία
421 3980 703 4050 λέγοντες*
751 4002 770 4035 ε
807 3985 1289 4058 Εὐαγγελιζόμεθα
1339 3992 1485 4059 ὑμᾶς
1511 3995 1606 4048 κα)⁸
1638 3997 1768 4070 περὶ

172 4069 287 4140 τῆς
318 4074 636 4141 συμφωνίας
660 4074 754 4128 τοῦ
777 4077 1082 4146 άγιωτάτου
1117 4081 1329 4153 Πάσχα,
1361 4085 1443 4138 ὅτι
1471 4069 1765 4160 ὑμετέραις

172 4164 375 4234 εὐχαῖς
409 4167 749 4249 κατωρθώθη
775 4171 870 4224 καὶ
898 4173 1059 4228 τοῦτο
1085 4175 1146 4228 τὸ
1171 4176 1338 4248 μέρος
1362 4195 1376 4209 ·
1396 4179 1537 4234 ὥστε
1555 4184 1767 4249 πάντας

168 4256 309 4319 τοὺς
362 4246 464 4328 τῆς
504 4259 678 4330 Ἐῴας
727 4261 992 4333 ἀδελφοὺς
1046 4267 1185 4333 μετὰ
1240 4246 1349 4324 τῶν
1388 4270 1653 4329 Ἰουδαίων
1702 4246 1766 4330 ab

168 4348 453 4421 πρότερον
493 4352 807 4418 ποιοῦντας,
864 4354 1133 4427 σύμφωνα
1170 4360 1467 4432 Ῥωμαίοις
1516 4368 1611 4421 καὶ
1635 4369 1763 4439 ὑμῖν

1888 1876 2131 1945 ptionem
2171 1878 2227 1933 in
2254 1879 2417 1944 filios,
2450 1893 2506 1936 et
2543 1883 3055 1953 sanctiﬁcationem,
3086 1890 3159 1944 ita
3189 1901 3250 1946 ut
3279 1894 3463 1950 cohae-

1885 1969 2047 2024 redes
2073 1969 2287 2027 Chrisri
2317 1972 2638 2030 efﬁciamur.
2686 1976 2839 2032 Haud
2870 1995 3001 2050 ergo
3030 1983 3400 2041 excluduntur
3427 2001 3460 2044 a

1888 2064 2137 2135 mysticis
2185 2081 2276 2122 res
2318 2072 2691 2139 pragmaticze,
2739 2071 2849 2127 imo
2903 2074 3008 2130 ille
3050 2077 3102 2131 in
3174 2077 3263 2134 his
3295 2082 3463 2150 perfi-

1882 2157 2126 2211 ciuntur.
2186 2159 2433 2216 Ecclesia
2486 2163 2655 2234 igitur
2705 2175 2915 2235 quartae
2958 2168 3185 2229 decimte
3237 2188 3460 2244 quoque

1881 2248 1991 2303 diei
2019 2253 2599 2309 commemorationem
2616 2256 2746 2312 facit
2768 2257 2823 2311 in
2848 2274 3042 2329 magna
3072 2260 3207 2316 feria
3233 2264 3456 2333 quinta;

1880 2339 2043 2394 sicuti
2091 2348 2223 2395 tunc
2262 2343 2558 2413 mysticum
2597 2362 2629 2399 a
2658 2345 2893 2402 Domino
2927 2351 3129 2418 pascha
3172 2363 3457 2422 peractum

1879 2431 2005 2498 fuit,
2026 2449 2150 2487 cum
2173 2443 2348 2490 semet
2370 2435 2674 2493 immolavit
2702 2448 2900 2508 quarta
2922 2440 3135 2499 decima
3158 2443 3459 2515 incipiente

1879 2526 1989 2582 die.
2036 2527 2163 2584 Sive
2211 2544 2343 2600 ergo
2388 2530 2442 2585 in
2495 2532 2733 2601 primam
2782 2534 3057 2604 paschalis
3097 2536 3458 2595 hebdomadas

1878 2621 2047 2686 diem,
2097 2621 2151 2676 id
2201 2632 2290 2678 est
2339 2623 2701 2691 Dominicam,
2752 2627 2868 2681 sive
2920 2628 2976 2682 in
3028 2630 3327 2685 secundam
3356 2640 3453 2685 aut

1876 2712 2040 2768 etiam
2072 2723 2325 2783 quartam
2358 2713 2547 2769 feriam
2581 2717 2839 2772 inciderit
2863 2718 2984 2774 dies
3011 2730 3205 2789 quarta
3238 2722 3453 2779 decima

1879 2803 1956 2875 (id
1992 2805 2138 2859 enim
2187 2805 2748 2877 requiritur),quinta
2797 2808 2854 2863 in
2903 2809 3037 2865 feria
3069 2811 3314 2867 celebrat
3346 2813 3454 2868 Ec-

1875 2895 2041 2951 clesia
2089 2896 2311 2951 Pascha).
2340 2898 2557 2969 mystici
2589 2898 2788 2955 festum
2833 2917 2846 2953 ε
2874 2917 2980 2971 qua
3018 2901 3157 2957 feria
3189 2902 3454 2961 Dominus

1874 3001 2094 3057 quoque
2125 2986 2367 3057 seipsum
2423 2990 2650 3060 mystice
2698 2991 3017 3047 immolavit.
3053 2993 3453 3050 Perfectionem

1873 3094 2008 3134 vero
2037 3080 2251 3150 mystici
2289 3078 2415 3135 festi
2444 3096 2509 3135 ac
2538 3081 2939 3151 plenitudinem
2968 3084 3023 3138 in
3053 3094 3240 3141 sancta
3270 3103 3456 3143 resur-

1874 3173 2121 3227 rectione
2153 3182 2520 3238 consummat,
2566 3189 2689 3243 quae
2720 3173 3023 3245 incipiente
3052 3185 3208 3232 sexta
3237 3177 3455 3237 decima

1872 3264 1983 3328 die,
2010 3274 2067 3320 et
2093 3264 2377 3319 Dominica
2401 3265 2514 3338 jam
2542 3264 2805 3334 intrante,
2843 3268 3097 3341 contigit.

1940 3443 1994 3498 6.
2025 3442 2205 3509 Quare
2230 3444 2395 3499 etiam
2426 3444 2631 3500 Nicmni
2661 3446 2852 3500 Patres
2876 3447 3162 3503 nonnullis
3186 3447 3452 3505 Ecclesiis

1871 3551 2029 3591 secus
2082 3537 2374 3606 agentibus
2428 3548 2831 3608 praeceperunt,
2891 3547 2952 3594 ut
3000 3556 3196 3596 omnes
3248 3542 3450 3608 simul,

1869 3637 2035 3700 prout
2067 3638 2203 3685 tunc
2233 3642 2373 3695 erat,
2412 3632 2466 3686 in
2490 3630 2801 3687 Servatoris
2829 3633 3259 3698 resurrectione,
3295 3645 3449 3689 sexta

1871 3723 2085 3778 decima
2109 3723 2200 3778 die
2227 3723 2469 3792 incepta,
2500 3739 2622 3794 quae
2650 3733 2708 3778 et
2743 3725 3027 3780 Dominica
3072 3734 3210 3789 erat,
3242 3726 3449 3781 solem-

1868 3812 2097 3868 nitatem
2139 3821 2386 3884 agerent,
2419 3829 2519 3868 ceu
2548 3813 2854 3884 perfectum
2890 3816 3003 3885 jam
3050 3826 3449 3888 peractumque

1868 3903 2032 3960 finem
2081 3915 2461 3971 consecutam,
2513 3907 2668 3978 juxta
2718 3907 2936 3963 Domini
2969 3907 3279 3963 ell‘atum".
3322 3911 3452 3965 Ale-

1865 3998 2260 4054 xandrinorum
2320 4010 2505 4055 autem
2528 4000 2786 4055 Ecclesiae
2832 4001 2909 4055 ita
2964 4003 3311 4071 scripserunt
3360 4002 3449 4057 di-

1865 4101 2056 4148 centes
2081 4111 2095 4146 :
2131 4113 2149 4144 (
2183 4092 2513 4148 Nuntiamus
2533 4092 2689 4147 vobis
2716 4093 2784 4147 de
2810 4092 2953 4148 facta
2984 4093 3135 4148 circa
3157 4092 3448 4148 sanctissi-

1864 4201 2015 4239 mum
2054 4185 2262 4239 Pascha
2303 4184 2622 4249 concordia,
2677 4184 2807 4255 quia
2855 4194 3166 4239 vestrarum
3217 4200 3447 4255 precum

1863 4277 2062 4331 merito
2096 4276 2209 4331 haec
2245 4292 2465 4346 quoque
2514 4291 2642 4346 pars
2682 4288 2834 4331 recte
2875 4276 2979 4331 fuit
3024 4277 3353 4343 constituta;
3385 4286 3449 4332 ut

1864 4369 2050 4424 cuncti
2095 4368 2392 4423 orientales
2441 4368 2662 4435 fratres,
2711 4370 2805 4440 qui
2855 4380 3019 4425 antea
3070 4386 3195 4425 cum
3241 4370 3446 4426 ludatis

167 4441 270 4493 καὶ
296 4443 471 4494 πᾶσιν
502 4444 637 4514 ἡμῖν
664 4447 777 4508 τοῖς
806 4445 867 4511 ἐξ
895 4448 1069 4519 ἀρχῆς
1104 4451 1440 4519 φυλάσσουσι
1477 4457 1537 4510 τὸ
1566 4459 1756 4530 Πάσχα

1874 4461 2067 4517 Pascha
2092 4460 2467 4526 celebrabant,
2492 4462 2696 4517 abhinc
2717 4478 2959 4517 consona
2984 4464 3246 4517 Romanis
3264 4464 3447 4519 vobis-

163 4534 237 4586 ὲκ
262 4532 360 4586 τοῦ
390 4533 554 4606 δεῦρο
590 4536 709 4606 μεθ’
733 4539 893 4608 ἡμῶν
920 4539 1094 4609 ἄγειν.
1130 4562 1148 4594 ι
1186 4544 1411 4611 Τελείας
1436 4544 1530 4602 οὖν
1568 4550 1762 4605 ἐνστά-

166 4641 315 4688 σεως
330 4628 735 4700 γεγενημένης,
756 4630 963 4696 ἀτελῶς
983 4651 1129 4698 τινες
1155 4635 1525 4708 ἑορτάζοντες,
1551 4643 1760 4715 ταύτην

162 4717 273 4769 οὐκ
302 4717 658 4788 ὲρυθριῶσιν.
705 4722 915 4794 Ὠσπερ
949 4724 1045 4777 καὶ
1075 4726 1123 4778 οἱ
1182 4727 1243 4780 τὸ
1274 4727 1417 4800 ὕδωρ
1467 4732 1626 4802 μόνον
1657 4752 1760 4787 πα-

164 4809 471 4877 ριστῶντες
504 4810 585 4876 τῷ
610 4812 704 4865 ἐπὶ
731 4814 826 4866 τοῦ
876 4815 1264 4890 θυσιαστηρίου
1300 4822 1472 4893 κανῷ,
1513 4824 1635 4878 ἀντὶ
1663 4826 1757 4880 τοῦ

158 4915 232 4952 κε
241 4901 542 4969 ρασθέντος
568 4904 705 4973 μετὰ
725 4905 818 4958 τοῦ
834 4908 1174 4978 γεννήματος
1199 4912 1298 4981 τῆς
1323 4912 1593 4982 ἀμπέλου,
1615 4916 1756 4972 κατὰ

157 4989 269 5059 τὴν
289 4990 389 5043 τοῦ
421 4992 632 5063 Κυρίου
658 4994 980 5066 παράδοσιν,
1016 4997 1327 5071 λελήθασιν,
1381 5003 1611 5069 ἑαυτοὺς
1650 5024 1758 5077 χω-

158 5080 426 5151 ρίζοντες
454 5082 552 5137 τοῦ
591 5085 872 5157 Κυριακοῦ
923 5089 1156 5159 αἵματός
1203 5108 1263 5145 τε
1316 5095 1409 5147 καὶ
1466 5095 1755 5167 σώματος·

155 5176 483 5247 πληροῦται
510 5180 620 5249 γὰρ
657 5180 717 5232 τὸ
743 5180 929 5250 ἕτερον
956 5182 1059 5236 ὐπὸ
1088 5184 1184 5237 τοῦ
1211 5185 1422 5257 ἑτέρου.
1465 5188 1522 5241 Ὀ
1553 5184 1647 5243 οὖν
1681 5190 1756 5263 μὴ

151 5268 307 5341 ἔχων
328 5271 392 5323 το
419 5271 501 5340 ἒν,
529 5272 651 5325 οὐδὲ
677 5274 737 5326 τὸ
768 5275 827 5326 ἓν
845 5276 874 5328 δ
905 5277 1054 5330 δοκεί
1078 5279 1242 5349 ἔχειν,
1275 5279 1409 5350 ἔχει.
1440 5284 1756 5339 Δείκνυνται

149 5359 215 5415 δὲ
256 5362 309 5414 οἱ
363 5362 601 5416 τοιοῦτοι
635 5364 907 5435 ἀλλότριοι
966 5366 1068 5437 τῆς
1122 5370 1284 5438 ἁγίας
1334 5373 1576 5442 Χριστοῦ
1629 5375 1755 5428 Ἐκ-

148 5452 419 5524 κλησίας.
459 5455 652 5526 Ἡμεῖς
673 5456 731 5509 δὲ
761 5459 857 5510 καὶ
887 5457 985 5529 τὴν
1013 5459 1113 5530 τῆς
1150 5465 1754 5535 τεσσαρεσκαιδεκάτης

146 5544 366 5617 ἑορτὴν
392 5547 758 5602 ἐπιτελοῦμεν
784 5550 930 5605 κατὰ
964 5550 1066 5621 τὴν
1098 5554 1357 5628 πέμπτην
1386 5559 1604 5632 ἡμέραν
1651 5558 1755 5631 τῆς

230 5704 281 5743 ³⁸
324 5703 464 5761 Luc.
497 5719 631 5776 nn,
664 5703 755 5763 16.
832 5707 876 5740 ⁸⁸
907 5706 1045 5765 ibid.
1079 5708 1168 5766 37.

1864 4568 1972 4622 que
2020 4561 2078 4606 et
2122 4550 2284 4605 nobis
2329 4551 2607 4615 omnibus,
2655 4552 2749 4622 qui
2795 4552 2865 4607 ab
2915 4552 3072 4607 initio
3116 4553 3195 4607 sic
3234 4553 3443 4608 Pascha

1863 4643 2305 4708 observavimus,
2355 4642 2645 4697 nobiscum
2684 4644 2877 4699 facturi
2903 4644 3031 4698 sint.
3082 4664 3100 4696 ι
3128 4645 3293 4715 Atqui
3340 4645 3446 4699 hoc

1863 4733 2087 4789 decreto
2134 4733 2510 4804 peremptorio
2536 4733 2706 4800 edito,
2760 4735 3056 4790 nonnullos
3104 4734 3287 4789 adhuc
3327 4750 3444 4789 non

1861 4826 2033 4896 pudet
2090 4826 2468 4897 imperfectam
2520 4842 2683 4899 agere
2737 4829 3163 4883 solemnitatem.
3226 4828 3302 4883 lta
3359 4827 3443 4882 illi

1860 4919 2025 4973 etiam
2062 4934 2122 4973 se
2154 4926 2375 4989 gerunt,
2401 4920 2494 4988 qui
2531 4919 2702 4973 solam
2729 4935 2925 4990 aquam
2968 4919 3233 4973 adhibent
3261 4919 3444 4989 posito

1860 5025 2028 5081 super
2102 5010 2263 5064 altari
2324 5011 2579 5077 vasculo,
2639 5027 2763 5067 cum
2852 5011 2920 5066 de
2985 5010 3113 5066 vitis
3165 5011 3443 5081 genimine

1860 5102 2094 5157 miscere
2141 5101 2430 5166 deberent,
2459 5102 2761 5157 secundum
2795 5101 3009 5157 Domini
3042 5102 3396 5156 traditionem
3423 5118 3439 5155 :

1860 5211 1971 5265 quo
2002 5194 2145 5249 facto
2177 5194 2500 5264 ignoranter
2530 5203 2706 5249 semet
2734 5210 2766 5248 a
2798 5194 3084 5249 Dominico
3118 5209 3351 5263 corpore
3377 5208 3442 5248 ac

1857 5287 2126 5357 sanguine
2151 5294 2426 5357 separant.
2451 5287 2697 5358 Namque
2720 5303 2888 5342 unum
2911 5287 3087 5342 altero
3109 5287 3437 5356 completur.

1858 5378 1963 5446 Qui
1994 5394 2128 5450 ergo
2155 5380 2426 5435 alterutro
2461 5388 2635 5446 caret,
2665 5380 2712 5435 is
2741 5395 2811 5434 ne
2842 5379 2977 5435 illud
3012 5379 3259 5449 quidem,
3289 5374 3437 5446 quod

1857 5486 1918 5527 se
1965 5480 2124 5543 putat
2165 5472 2394 5536 habere,
2443 5472 2631 5529 habet.
2686 5472 2829 5528 Sunt
2871 5481 3055 5527 autem
3087 5471 3142 5524 hi
3177 5486 3207 5524 a
3247 5478 3438 5523 sancta

1858 5560 2065 5619 Christi
2098 5562 2342 5620 Ecclesia
2384 5563 2673 5620 manifeste
2711 5563 2900 5620 alieni.
2931 5561 3042 5618 Nos
3070 5575 3203 5616 vero
3228 5567 3438 5629 quartae
