3970 6492
595 511 738 578 2403
1332 514 1393 575 S.
1436 512 1795 576 EU'I'YCHII
1848 511 2083 574 EPIST.
2130 512 2230 572 AD
2273 508 2638 572 VIGILIUM
2676 508 2948 570 PAPAM.
3696 506 3815 572 24οι

597 628 791 698 pitium
818 624 988 683 Deum
1015 626 1221 683 faciens
1251 628 1306 683 in
1333 629 1420 684 his
1447 645 1568 699 quae
1598 640 1744 685 recta
1775 638 1902 685 sunt
1928 643 2158 684 concor-

2262 626 2357 680 καὶ
2388 629 2454 697 τῇ
2482 626 2594 681 τῶν
2632 626 2792 680 θείων
2822 624 3050 680 ἐντολῶν
3076 620 3453 694 κατορθώσει,
3480 620 3577 674 καὶ
3600 620 3685 675 τδν
3703 624 3816 675 Θεὸν

598 714 857 769 dantibus
883 733 895 768 :
931 714 1054 770 ideo
1080 715 1401 772 festinantes
1433 718 1701 773 unitatem
1735 731 2062 772 conservare
2091 715 2159 770 ad

2263 716 2464 786 εὐμενῆ
2492 714 2808 769 καθιστῶσα
2856 717 2970 778 τοῖς
3020 714 3100 776 είς
3138 713 3210 765 τά
3236 710 3380 781 όρθὰ
3404 709 3687 781 ὁμονοοῦσι
3707 728 3719 742 ·
3742 711 3816 766 διὰ

596 802 952 871 apostolicam
981 803 1167 857 sedem
1197 811 1394 860 vestra:
1420 804 1780 860 beatitudinis
1813 804 2160 859 manifestum

2261 808 2420 861 τοῦτο
2452 808 2842 871 σπουδάζοντες
2874 806 2972 877 τὴν
3015 806 3213 858 ἕνωσιν
3269 803 3533 873 φυλάξαι,
3569 804 3699 872 πρὸς
3734 805 3818 872 τὴν

596 890 849 951 facimus.
882 892 1027 962 quod
1065 908 1167 948 nos
1196 909 1414 963 semper
1444 903 1502 949 et
1531 896 1871 950 servavimus
1899 905 1955 951 et
1983 910 2164 951 serva-

2265 901 2562 972 καθολικὴν
2611 899 2882 970 καθέδραν
2924 898 3023 967 τῆς
3074 895 3358 965 ὑμετέρας
3415 894 3815 964 μακαριότητος,

597 994 722 1034 mus
754 980 915 1034 fidem
941 982 1009 1035 ab
1036 983 1196 1037 initio
1223 984 1477 1039 traditam
1505 1000 1536 1039 a
1560 1000 1756 1054 magno
1796 985 1908 1040 Deo
1948 991 2005 1039 et
2047 983 2164 1039 Sal-

2265 992 2499 1061 φανερὸν
2543 989 2831 1060 ποιοῦμεν,
2862 990 2946 1042 ὅτι
2993 988 3081 1042 ἀεὶ
3115 989 3284 1058 ἡμεῖς
3335 984 3711 1053 ὲφυλάξαμεν,
3741 986 3818 1037 καὶ

596 1076 788 1123 vatore
827 1079 1014 1124 nostro
1055 1070 1184 1125 Jesu
1213 1070 1432 1126 Christo
1461 1073 1665 1128 sanctis
1692 1073 1974 1144 apostolis,
2006 1081 2063 1127 et
2093 1072 2163 1128 ab

2264 1085 2606 1154 φυλάττομεν
2636 1082 2735 1151 τὴν
2781 1080 2985 1145 πίστιν,
3016 1079 3115 1149 τῆς
3146 1076 3396 1148 ὲξαρχῆς
3448 1073 3817 1145 παραδοθεῖσαν

598 1156 709 1211 illis
736 1157 789 1211 in
811 1157 960 1210 omni
984 1158 1189 1212 mundo
1215 1160 1582 1228 prazdicatam.
1609 1170 1666 1215 et
1690 1162 1894 1215 sanctis
1912 1161 2164 1216 Patribus

2264 1175 2370 1227 ὑπὸ
2427 1174 2521 1227 τοῦ
2555 1173 2792 1244 μεγάλου
2823 1172 2982 1237 Θεοῦ,
3012 1170 3108 1225 καὶ
3152 1168 3414 1236 Σωτῆρος
3466 1166 3623 1236 ήμῶν
3666 1166 3818 1236 Ἰησοῦ

598 1257 963 1326 explanatam,
997 1266 1051 1311 et
1073 1259 1307 1312 maxime
1329 1259 1398 1312 ab
1424 1259 1509 1313 his
1525 1258 1617 1328 qui
1638 1258 1691 1312 in
1715 1260 2165 1328 sanctisquatuor

2263 1264 2502 1337 Χριστοῦ
2542 1268 2656 1327 τοῖς
2703 1263 2880 1332 ἁγίοις
2929 1260 3276 1325 ἀποστόλοις,
3307 1258 3408 1311 καὶ
3456 1258 3587 1328 παρ’
3623 1256 3820 1309 ἐκείνων

599 1343 824 1414 synodis
856 1345 1165 1414 congregati
1199 1354 1349 1407 sunt,
1380 1361 1519 1415 quos
1546 1361 1645 1415 per
1673 1347 1856 1399 omnia
1879 1353 1935 1400 et
1962 1346 2016 1399 in
2044 1362 2163 1400 om-

2265 1361 2324 1411 ὲν
2345 1358 2509 1411 παντὶ
2543 1356 2625 1425 τῷ
2653 1357 2843 1425 κόσμῳ
2874 1353 3269 1423 κηρυχθεῖσαν,
3291 1351 3389 1404 καὶ
3414 1349 3524 1402 ὑπὸ
3546 1349 3653 1401 τῶν
3675 1349 3819 1415 ἁγίων

600 1436 766 1489 uibus
790 1436 1172 1504 amplectimur
1191 1447 1247 1490 et
1284 1438 1632 1507 suscipimus,
1679 1438 1731 1492 id
1756 1447 1860 1501 est,
1891 1446 2165 1493 trecentos

2265 1452 2525 1522 Πατέρων
2592 1447 3040 1517 σαφηνισθείσαν,
3066 1447 3159 1499 καὶ
3220 1443 3467 1514 μάλιστα
3495 1440 3601 1493 ὑπὸ
3654 1441 3751 1494 τῶν
3773 1443 3819 1491 ἐν

602 1523 789 1577 decem
813 1530 868 1576 et
890 1532 1012 1576 octo
1040 1533 1260 1577 sanctos
1293 1524 1483 1578 Patres
1512 1525 1607 1592 qui
1632 1524 1825 1579 Nicaeae
1854 1526 2163 1595 congregati

2262 1544 2383 1603 ταῖς
2442 1541 2627 1609 ἁγίαις
2699 1540 2960 1609 τέτταρσι
2999 1538 3239 1600 συνόδοις
3300 1534 3662 1587 συνελθόντων
3691 1573 3705 1597 ,
3753 1527 3818 1594 οἷς

602 1625 751 1681 sunt,
782 1626 839 1670 et
862 1626 1109 1670 sanctum
1141 1617 1445 1687 symbolum
1470 1618 1582 1672 sive
1620 1619 1895 1673 mathema
1921 1619 2042 1691 fidei
2073 1634 2167 1673 ex-

2265 1635 2580 1697 διαπαντὺς,
2614 1634 2711 1688 καὶ
2727 1635 2786 1685 ἐν
2807 1636 2975 1686 πᾶσιν
3002 1627 3303 1684 ἁκολουθοῦ
3314 1644 3416 1698 μεν
3438 1666 3454 1687 .
3486 1628 3581 1678 καὶ
3616 1624 3818 1693 δεχόμε·

601 1714 924 1778 posuerunt,
955 1716 1011 1761 et
1031 1707 1287 1761 Arianam
1313 1707 1646 1776 impietatem
1674 1709 2166 1763 anathematizave—

2267 1726 2357 1789 θα,
2387 1725 2638 1779 τουτέστι
2663 1726 2793 1787 τοὺς
2822 1724 3168 1794 τριακοσίους
3200 1719 3341 1773 δέκα
3367 1718 3464 1771 καὶ
3492 1714 3635 1768 όκτὼ
3657 1716 3814 1781 ἁγίους

602 1809 753 1865 runt,
800 1808 857 1853 et
886 1815 980 1854 cos
1037 1800 1129 1869 qui
1169 1800 1365 1854 similia
1395 1801 1469 1872 (Ι)
1502 1802 1586 1855 eis
1618 1812 1918 1871 sapuerunt
1949 1802 2035 1857 vel
2077 1819 2164 1857 sn-

2266 1818 2512 1887 Πατέρας
2539 1819 2665 1879 τοὺς
2688 1818 2745 1869 ὲν
2783 1814 2989 1885 Νικαίᾳ
3011 1811 3395 1873 συνελθόντας,
3438 1807 3536 1861 καὶ
3587 1806 3647 1861 τὺ
3689 1806 3817 1873 ἅγιον

600 1889 781 1960 piunt.
816 1889 1152 1959 Suscipimus
1199 1900 1379 1945 autem
1408 1902 1463 1946 et
1499 1903 1718 1947 centum
1770 1893 2163 1964 quinquaginta

2269 1908 2556 1979 σύμϐολον,
2587 1910 2708 1979 ἦτοι
2734 1906 2960 1977 μάθημα
2993 1905 3091 1974 τῆς
3120 1904 3364 1964 πίστεως
3380 1899 3719 1970 ἐκθεμένους,
3741 1898 3817 1950 καὶ

600 1991 820 2036 sanctos
836 1981 1023 2036 Patres
1038 1980 1503 2052 Constantinopoli
1516 1994 1891 2055 congregatos,
1911 1986 2003 2055 qui
2022 1985 2166 2040 idem

2428 1978 2643 2071 Ἀρείου
2715 1999 2913 2069 μανίαν
2965 1994 3527 2066 ἁναθεματίσαντας,
3588 1990 3679 2043 καὶ
3715 1990 3816 2050 τοὺς

600 2080 852 2129 sanctum
881 2074 1152 2127 mathema
1174 2074 1624 2143 cxplanaverunt,
1646 2084 1701 2129 et
1726 2075 1793 2130 de
1816 2075 2017 2130 deitate
2042 2092 2168 2131 san-

2266 2090 2473 2161 ταύτην
2528 2088 2991 2160 φρονήσαντας,ἢ
3047 2087 3413 2158 φρονοῦντας.
3476 2080 3742 2152 Δεχόμεθα
3773 2080 3815 2130 δὲ

600 2164 674 2219 eti
704 2164 942 2233 Spiritus
974 2164 1437 2229 dilucidaveruut,
1465 2176 1522 2222 et
1548 2166 1800 2222 haeresim
1826 2166 2168 2222 Macedonia-

2269 2185 2512 2246 καὶτοὺς
2537 2182 2732 2236 ἑκατὸν
2756 2181 2944 2250 ἁγίους
2973 2180 3226 2250 Πατέρας
3255 2178 3388 2240 τοὺς
3416 2180 3474 2231 ὲν
3504 2176 3816 2228 Κωνσταντι-

600 2272 748 2318 nam,
779 2264 1029 2310 sanctum
1058 2256 1321 2325 Spiritum
1368 2258 1797 2327 impugnantem,
1846 2266 1901 2311 et
1938 2258 2167 2327 impium

2268 2273 2516 2328 νουπόλει
2573 2271 2946 2333 συνελθόντας.
2978 2271 3175 2333 οἵτινες
3205 2269 3270 2322 τὸ
3313 2268 3448 2321 αὐτὸ
3478 2267 3628 2332 ἅγιον
3666 2263 3814 2333 μάθη-

599 2347 997 2417 Apollinariuin
1030 2346 1554 2411 condemnaverunt,
1591 2363 1715 2402 cum
1739 2348 1826 2402 bis
1849 2347 1944 2417 qui
1968 2348 2167 2403 similia

2270 2381 2348 2435 μα
2379 2364 2743 2434 ἐσαφήνισαν,
2774 2363 2870 2416 καὶ
2905 2363 2973 2415 τὰ
3005 2362 3262 2432 περὶτῆς
3288 2359 3546 2429 θεότητος
3570 2355 3661 2409 τοῦ
3685 2356 3814 2423 ἁγίου

600 2438 710 2493 illis
738 2446 1039 2507 sapuerunt
1078 2438 1165 2492 vel
1212 2439 1450 2508 sapiunt.
1493 2438 1836 2509 Suscipimus
1876 2449 2061 2495 autem
2114 2448 2168 2495 et

2268 2454 2586 2525 Πνεύματος
2636 2454 2972 2523 ὲτράνωσαν,
3002 2453 3099 2507 καὶ
3126 2452 3227 2522 τὴν
3258 2452 3476 2522 αἵρεσιν
3516 2447 3810 2503 Μακεδονίου

599 2540 818 2586 sanctos
850 2531 1114 2585 ducentos
1146 2531 1335 2586 Patres
1361 2530 1416 2585 in
1441 2531 1715 2601 Ephesina
1744 2533 1918 2603 prima
1960 2533 2167 2604 synodo

2267 2546 2362 2600 τοῦ
2410 2547 2899 2617 πνευματομάχου,
2934 2548 3027 2600 καὶ
3077 2546 3169 2599 τὸν
3227 2546 3403 2615 ἁσεδῆ
3474 2543 3812 2610 ’Λπολινάριον

601 2633 974 2693 congregatos,
1002 2622 1096 2691 qui
1139 2637 1238 2691 per
1267 2622 1451 2676 omnia
1499 2624 1671 2679 secuti
1707 2635 1836 2678 sunt
1878 2624 2021 2679 idem
2049 2640 2169 2679 san-

2270 2639 2623 2708 κατέκριναν,
2650 2639 2787 2708 μετὰ
2836 2638 2946 2691 τῶν
2973 2638 3044 2691 τὰ
3086 2638 3229 2692 αύτὰ
3263 2638 3496 2699 ἐκείνοις
3540 2636 3808 2705 φρονησάν-

599 2719 749 2765 ctum
781 2710 1087 2782 symbolum
1112 2710 1228 2765 sive
1253 2710 1549 2776 mathema,
1579 2722 1637 2768 et
1663 2714 2167 2768 condemnaverunt

2268 2748 2397 2795 των,
2430 2730 2463 2802 ἢ
2494 2730 2858 2801 φρονούντων.
2890 2730 3172 2802 Δεχόμεθα
3190 2732 3250 2784 δὲ
3273 2730 3372 2784 καὶ
3393 2731 3521 2792 τοὺς
3542 2727 3809 2787 διακοσίους

598 2802 913 2858 Nestorium
944 2803 1196 2873 impium,
1228 2810 1285 2857 et
1325 2803 1490 2873 impia
1534 2804 1653 2875 ejus
1685 2804 1958 2875 dogmata,
1987 2813 2044 2859 et
2076 2820 2166 2860 eos

2271 2822 2462 2891 ἁγίους
2517 2822 2763 2893 Πατέρας
2805 2822 2933 2887 τοὺς
2988 2824 3047 2876 ὲν
3094 2826 3160 2894 τῇ
3217 2824 3341 2876 κατ’
3378 2823 3609 2891 Ἔφεσον
3645 2817 3808 2904 πρώτῃ

599 2893 694 2963 qui
718 2893 919 2948 similia
951 2894 1002 2948 ei
1032 2894 1326 2963 aliquando
1363 2905 1669 2965 sapuerunt
1704 2896 1789 2949 vel
1818 2896 2059 2965 sapiunt.
2088 2896 2167 2950 Ad

2272 2914 2473 2985 συνόδῳ
2502 2914 2913 2984 ἀθροισθέντας,
2945 2915 3139 2978 οἵτινες
3169 2914 3261 2968 διὰ
3301 2914 3520 2968 πάντων
3552 2893 3808 2983 ὴκολόύθη·

600 2983 718 3037 113Ξο
753 2992 933 3038 autem
964 2984 1293 3054 suscipimus
1318 2994 1373 3040 et
1396 2994 1680 3041 sexcentos
1705 2988 1925 3056 triginta
1955 2998 2168 3043 sanctos

2273 2983 2471 3077 σαντῷ
2503 2983 2652 3078 αὐτῷ
2695 3008 2837 3076 ἁγίῳ
2882 3007 3159 3076 συμϐόλῳ,
3188 3008 3312 3078 ἦτοι
3354 3007 3652 3077 μαθήματι,
3697 3016 3806 3055 κατ-

602 3072 793 3129 Patres
832 3071 1181 3129 Chalcedone
1225 3084 1600 3145 congregatos,
1631 3075 1725 3144 qui
1754 3075 1919 3130 etiam
1946 3076 2049 3145 ipsi
2075 3092 2170 3147 per

2272 3071 2493 3169 ἐκριναν
2514 3100 2568 3153 δὲ
2592 3071 2991 3171 Νεστόριονέτδν
3012 3071 3327 3168 ἀσεθῆίκαὶ
3347 3071 3416 3151 τὰ
3441 3071 3650 3168 μυσαρὰ
3673 3090 3804 3150 αὑτοῦ

601 3168 788 3221 omnia
813 3174 1210 3221 consenserunt
1235 3168 1513 3236 prazdictis
1538 3168 1718 3223 tribus
1749 3169 1969 3240 synodis
1993 3170 2093 3239 (2),
2114 3181 2169 3224 et

2270 3168 2538 3259 δόγματα,
2572 3192 2664 3244 καὶ
2696 3168 2822 3253 τούς
2848 3189 2917 3244 τὰ
2945 3192 3106 3261 ὅμοια
3138 3191 3293 3261 αὐτῷ
3323 3190 3609 3258 δτεδήποτε
3642 3184 3805 3257 φρονή-

602 3258 781 3314 secuti
811 3268 943 3312 sunt
974 3258 1295 3327 praedictum
1326 3258 1630 3329 symbolum
1675 3260 1790 3313 sive
1832 3261 2107 3315 mathema
2139 3277 2170 3315 a

2238 3326 2239 3333 η
2279 3258 2500 3346 σαντας,
2541 3283 2573 3353 ἢ
2610 3258 3139 3354 φρονοῦνταςίΠρδς
3183 3258 3399 3345 τούτοις
3454 3279 3706 3351 δεχόμεθα
3732 3276 3806 3330 καὶ

603 3350 865 3405 trecentis
894 3350 1084 3404 decem
1105 3359 1161 3405 et
1190 3360 1315 3405 octo
1340 3352 1544 3406 sanctis
1564 3352 1821 3407 Patribus
1840 3353 2168 3421 expositum,

2236 3323 2239 3339 .
2279 3320 2500 3346 ..ι-ηας,
2548 3320 2573 3353 ,ι
2611 3320 2964 3352 γννννυυης.
2993 3320 3136 3354 μιν...
3194 3320 3397 3345 ,νυηης
3454 3320 3706 3351 ...πιμπ-
3734 3320 3804 3330 ην.

2236 3354 2240 3373 ’
2273 3372 2399 3435 τοὺς
2430 3372 2745 3435 ἑξακοσίους
2792 3373 3087 3442 τριάκοντα
3119 3374 3313 3441 ἁγίους
3341 3374 3590 3442 Πατέρας
3627 3371 3736 3430 τοὺς
3762 3370 3804 3418 ἐν

602 3449 659 3495 et
687 3457 716 3494 a
739 3450 961 3496 centum
983 3442 1374 3512 quinquaginta
1400 3443 1604 3498 sanctis
1639 3443 1894 3499 Patribus
1917 3447 2170 3515 explana-

2274 3460 2574 3531 Χαλκηδόνι
2605 3461 2978 3526 συνελθόντας,
3010 3463 3208 3524 οἵτινες
3248 3462 3345 3514 καὶ
3384 3462 3536 3515 αὐτοὶ
3579 3461 3660 3513 διὰ
3694 3458 3804 3510 πάν-

604 3539 744 3594 tum,
788 3540 845 3587 et
885 3533 1485 3589 anathematizaverunt
1530 3551 1626 3590 eos
1663 3537 1757 3607 qui
1796 3537 1943 3591 aliud
1974 3547 2172 3609 praeter

2274 3568 2380 3604 των
2412 3551 2706 3622 συνῄνεσαν
2733 3555 2853 3615 ταῖς
2879 3554 3311 3625 προρῤηθείσαις
3335 3557 3518 3623 ἁγίαις
3543 3553 3679 3623 τρισὶ
3707 3567 3803 3602 συν-

603 3625 927 3695 pradictum
1007 3625 1314 3696 symbolum
1379 3638 1717 3697 praesumunt
1786 3628 2006 3695 docere,
2081 3639 2171 3684 aut

2274 3643 2434 3708 όδοις,
2463 3645 2559 3697 καὶ
2602 3644 2975 3715 ἠκολούθησαν
3031 3646 3110 3715 τῷ
3158 3647 3528 3720 προρῤηθέντι
3568 3642 3802 3714 συμὸόλῳ.

603 3732 900 3786 exponere,
923 3727 1016 3770 aut
1044 3718 1261 3773 tradere
1284 3720 1487 3774 sanctis
1508 3719 1769 3775 Ecclesiis
1790 3722 1885 3776 Dei
1903 3722 2001 3792 (5).
2028 3721 2171 3777 Con-

2275 3729 2394 3799 ῆτοι
2426 3730 2737 3801 μαθήματι,
2770 3732 2846 3801 τῷ
2877 3733 3028 3804 παρὰ
3054 3734 3159 3789 τῶν
3190 3718 3373 3803 ἁγίων
3404 3736 3654 3805 Πατέρων
3680 3736 3804 3786 ὲκτει

604 3816 1007 3871 demnaverunt
1079 3826 1260 3872 autem
1327 3829 1383 3874 et
1448 3820 2053 3877 anathematizaverunt
2120 3833 2172 3878 01

2277 3819 2447 3883 θέντι,
2480 3822 2574 3873 καὶ
2608 3823 2717 3874 ἀπὸ
2750 3822 2857 3875 τῶν
2886 3825 3081 3877 ἑκατὸν
3128 3828 3467 3897 πεντήκοντα
3513 3827 3673 3894 ἁγίων
3716 3824 3803 3875 Πα-

606 3906 932 3979 Eutychem,
965 3916 1021 3962 et
1050 3907 1380 3972 Nestorium,
1410 3919 1465 3965 et
1495 3913 1661 3981 impia
1685 3928 1873 3968 eorum
1902 3914 2173 3985 dogmata,

2277 3910 2450 3980 τέρων
2486 3913 2871 3980 σαφηνισθέντι
2906 3931 2920 3945 ·
2950 3917 3043 3968 καὶ
3077 3917 3480 3987 ἀνεθεμάτισαν
3503 3919 3623 3977 τοὺς
3652 3915 3803 3979 ἕτερον

605 4009 663 4054 et
695 4016 791 4055 eos
815 4002 909 4071 qui
952 4003 1153 4057 similia
1205 4004 1287 4058 eis
1328 4017 1631 4075 sapuerunt
1671 4007 1758 4061 vel
1799 4007 2040 4077 sapiunt.
2080 4008 2173 4063 llis

2278 4002 2430 4071 παρὰ
2488 4002 2548 4055 τὸ
2591 4004 2879 4074 εἰρημένον
2910 4006 3178 4076 σύμϐολον
3205 4008 3521 4080 τολμῶντας
3550 4007 3800 4063 διδάσκειν.

607 4090 682 4144 ita
713 4107 771 4145 se
813 4094 1163 4158 habentibus,
1213 4105 1426 4150 certum
1475 4096 1704 4152 facimus
1745 4115 1759 4153 :
1805 4100 1951 4168 quod
1994 4101 2175 4154 omnia

2276 4092 2309 4164 ἢ
2339 4092 2672 4159 ἐκτίθεσθαι,
2707 4096 2797 4149 καὶ
2829 4098 3181 4168 παραδιδόναι
3212 4105 3335 4164 ταῖς
3366 4101 3543 4169 ἁγίαις
3566 4099 3653 4152 τοῦ
3692 4092 3801 4146 θεοῦ

605 4193 729 4248 qua:
750 4196 780 4234 a
810 4181 1086 4249 prtedictis
1108 4183 1315 4238 sanctis
1337 4192 1573 4253 quatuor
1599 4186 1673 4255 (4)
1698 4187 1922 4256 synodis
1937 4187 2173 4257 iudicata

2291 4183 2639 4253 Ἑκκλησίαις
2660 4200 2673 4215 ·
2703 4187 3031 4257 κατέκριναν
3065 4190 3146 4255 δὲ,
3183 4195 3279 4245 καὶ
3320 4191 3700 4261 ἀνεθεμάτισαν
3727 4185 3800 4236 καὶ

605 4285 663 4330 et
696 4275 921 4331 deﬁnita
949 4287 1100 4343 sunt,
1132 4290 1188 4335 et
1211 4282 1572 4345 servavimus,
1601 4291 1658 4337 et
1693 4298 1977 4339 servamus
2004 4303 2017 4339 :
2049 4286 2173 4356 quia

2279 4274 2519 4344 Εὐτυχῆ,
2558 4277 2652 4329 καὶ
2691 4278 3005 4347 Νεστόριον,
3033 4282 3129 4333 καὶ
3175 4284 3245 4336 τὰ
3294 4282 3467 4353 ἀσεϐῆ
3498 4281 3665 4335 αὐτῶν
3707 4276 3803 4339 δάϊ’

603 4366 708 4421 etsi
743 4382 843 4436 per
868 4367 1084 4423 diversa
1130 4380 1379 4440 tempora
1416 4373 1690 4442 praedictae
1720 4386 1919 4429 sancta:
1943 4387 2171 4445 quatuor

2281 4384 2445 4437 ματα,
2485 4368 2578 4421 καὶ
2633 4372 2761 4433 τοὺς
2814 4374 2885 4425 τὰ
2936 4374 3096 4444 ὃμοια
3126 4376 3312 4440 αὐτοῖς
3362 4366 3798 4446 φρονήσανταςοῆ

604 4453 800 4524 synodi
838 4454 997 4510 factm
1035 4468 1183 4517 sunt.
1222 4466 1401 4513 tamen
1445 4476 1610 4514 unam
1654 4462 2013 4532 eamdemque
2042 4480 2172 4518 con-

2278 4463 2631 4528 φρονοῦντας.
2652 4463 2869 4518 Τούτων
2896 4466 3068 4531 οὕτως
3087 4470 3341 4538 ἑχόντων,
3373 4471 3526 4541 δῆλον
3556 4465 3800 4532 ποιοῦμεν.

605 4539 902 4597 fessionem
967 4542 1097 4599 fidei
1149 4556 1533 4613 servaverunt,
1602 4556 1659 4603 et
1720 4550 2173 4620 praedicaverunt.

2278 4549 2361 4602 ὅτι
2393 4552 2572 4605 πάντα
2602 4554 2672 4606 τὰ
2704 4555 2813 4607 ἀπὸ
2857 4557 2965 4609 τῶν
2998 4562 3410 4632 προειρημένων
3441 4561 3605 4629 ἁγίων
3641 4553 3800 4608 τεσσά-

604 4640 949 4713 Suscipimus
978 4654 1161 4699 autem
1185 4656 1240 4700 et
1268 4648 1652 4718 amplectimur
1683 4659 1739 4704 et
1759 4650 2017 4720 epistolas
2046 4668 2172 4721 ρηο-

2229 4659 2251 4711 )
2279 4662 2389 4714 ρων
2434 4646 2665 4700 συνόδων
2713 4648 2968 4718 κριθέντα
2991 4668 3069 4716 τε,
3105 4656 3197 4706 καὶ
3231 4653 3536 4726 ὁρισθέντα,
3568 4651 3654 4705 καὶ
3689 4652 3797 4715 ἐφυ-

605 4731 784 4786 sulum
816 4732 1074 4789 Romana:
1099 4735 1245 4790 sedis
1286 4737 1599 4806 apostolica:
1626 4738 1724 4809 (5),
1762 4749 1872 4793 tam
1913 4741 2170 4804 aliorum,

2274 4735 2535 4807 λάξαμεν,
2561 4742 2656 4792 καὶ
2689 4742 3032 4814 φυλάττομεν
3066 4762 3080 4776 ο
3117 4747 3306 4819 ἐπειδὴ
3339 4749 3440 4802 κᾶν
3470 4746 3605 4801 κατὰ
3640 4740 3796 4807 διαφό-

604 4834 766 4889 quam
794 4820 993 4877 Leonis
1014 4833 1220 4878 sancta:
1242 4828 1524 4881 memoria:
1573 4826 1641 4881 de
1676 4836 1827 4882 recta
1865 4828 1971 4883 fide
2000 4830 2172 4900 scrip-

2280 4844 2408 4897 ρους
2446 4831 2667 4899 χρόνους
2700 4835 2753 4886 αἱ
2782 4835 3073 4906 εἰρημέναι
3128 4840 3279 4906 ᾰγιαι
3335 4841 3587 4909 τέσσαρες
3628 4832 3797 4888 σύνοδοι

608 4916 709 4971 tas,
733 4918 787 4961 et
812 4908 879 4962 de
909 4919 1146 4978 quatuor
1175 4913 1380 4979 sanctis
1404 4912 1675 4979 conciliis,
1708 4916 1795 4969 vel
1828 4931 1936 4970 uno
1960 4932 2172 4972 eorum.

2275 4919 2545 4986 ἐγένοντο,
2576 4922 2724 4993 ὅμως
2777 4925 2904 4994 μίαν
2932 4928 3026 4980 καὶ
3077 4928 3175 4999 τὴν
3207 4930 3377 4999 ἆύτὴν
3431 4908 3697 4998 ὁμολογίαν
3720 4921 3796 4985 τῆέ

604 4992 741 5047 Cum
763 4995 927 5065 igitur
946 4997 1207 5066 praedicta
1230 4999 1415 5053 omnia
1447 5008 1502 5055 et
1531 5003 1874 5055 servavimus
1905 5012 1961 5057 et
1985 5019 2172 5059 serva—

2275 5012 2511 5075 πίστεως
2563 4992 2855 5081 ἐφύλαξαν,
2893 5020 2985 5071 καὶ
3025 4992 3617 5093 ἐκήρυξαν.’Δεχόμεθα
3650 5015 3698 5068 δὲ
3721 5008 3795 5064 καὶ

606 5094 819 5149 mus,et
840 5088 884 5140 si
909 5088 964 5140 in
990 5089 1077 5143 his
1095 5090 1169 5159 (6)
1185 5090 1343 5145 nobis
1370 5092 1503 5161 ipsis
1526 5093 1754 5148 invicem
1776 5096 2171 5161 consentimus,

2280 5104 2764 5174 περιπτυσσόμεθα
2814 5107 2909 5159 καὶ
2954 5108 3054 5172 τάς
3094 5088 3385 5175 ἐπιστολὰς
3554 5104 3791 5177 προέδρων

602 5178 974 5234 necessarium
1009 5191 1095 5235 est
1118 5183 1354 5237 conferri
1388 5184 1456 5239 de
1505 5186 1681 5239 tribus
1724 5188 1996 5257 capitulis,
2030 5189 2170 5246 unde

2276 5195 2374 5264 τῆς
2403 5197 2461 5247 έν
2500 5196 2686 5271 Ῥώμῃ
2710 5202 3074 5274 ἀποστολικῆς
3098 5206 3381 5278 καθέδρας,
3409 5205 3515 5258 τῶν
3543 5220 3595 5254 τε
3617 5198 3789 5254 ἄλλων.

605 5269 933 5340 quibusdam
959 5274 1187 5341 quaestio
1213 5284 1338 5329 nata
1368 5286 1473 5330 est.
1507 5278 1573 5331 Et
1600 5277 1721 5332 ideo
1744 5281 2001 5348 petimus,
2025 5298 2168 5351 pra:-

2278 5287 2371 5336 καὶ
2408 5286 2636 5351 Λέοντος
2661 5269 2762 5344 τοῦ
2796 5294 2855 5344 ἐν
2909 5269 3102 5362 ἁγίοις,
3131 5299 3227 5363 τάς
3256 5269 3382 5371 περὶ
3407 5299 3502 5365 τῆς
3542 5292 3690 5363 ὀρθῆς
3724 5283 3791 5338 πί“

605 5364 822 5419 sidente
853 5365 1014 5420 nobis
1044 5377 1222 5421 vestra
1251 5368 1610 5434 beatitudine,
1640 5372 1744 5425 sub
1777 5375 2173 5443 tranquillitate

2281 5393 2449 5437 στεως
2475 5383 2889 5451 γεγραμμένας.
2919 5390 3047 5459 περὶ
3076 5391 3184 5443 τῶν
3212 5364 3379 5461 ἁγίων
3397 5364 3656 5457 τεσσάρων
3694 5392 3793 5430 συν·

606 5466 663 5512 et
727 5458 1052 5512 sacerdotali
1125 5462 1544 5516 mansuetudine
1628 5466 1922 5533 propositis
1973 5468 2174 5521 sanctis

2277 5468 2411 5521 ἀδων
2438 5509 2454 5534 9
2480 5472 2511 5541 ἥ
2549 5475 2678 5540 μιᾶς
2722 5476 2780 5543 ἐξ
2811 5458 3011 5535 αὐτῶν,
3054 5458 3448 5539 ὈπότεἽτοίνυν
3475 5482 3537 5535 τὰ
3570 5486 3788 5545 προειρη-

600 5547 938 5622 Evangeliis,
992 5554 1270 5606 communi
1322 5564 1555 5609 tractatu
1599 5556 1788 5611 eadem
1833 5560 2067 5629 capitula
2121 5562 2168 5615 in

2285 5561 2423 5631 μένα
2476 5565 2782 5622 πάντα.καὶ
2828 5570 3196 5645 ὲφυλάξαμεν,
3228 5580 3317 5632 καὶ
3351 5578 3692 5646 φυλάττομεν,
3715 5557 3789 5615 καὶ

680 5750 758 5889 μζ
789 5752 1082 5815 Bellovac.,
1120 5756 1207 5825 qui
1236 5756 1487 5808 insimilia
1520 5758 1583 5810 ei.

704 5822 738 5873 2
791 5823 984 5887 Paris.,
1017 5827 1276 5889 prmdictis
1302 5828 1465 5879 tribus
1493 5828 1725 5889 synodis.

2354 5767 2431 5833 (4)
2463 5768 2572 5822 Vox
2594 5780 2822 5839 quatuor
2836 5786 2940 5825 non
2958 5772 3191 5827 habetur
3210 5776 3262 5828 in
3286 5773 3424 5828 libro
3446 5752 3785 5823 BellovacenSi-

2354 5837 2430 5889 (5)
2460 5838 2655 5889 Paris-
2687 5843 2821 5889 sedis
2843 5852 2890 5889 et
2920 5846 3237 5889 annuatim»-

786 5823 984 5911 Paris"
1017 5822 1276 5911 prmdicti's
1302 5828 1725 5911 ινζριιειδείῃοιίὶε.
2460 5822 3237 5911 ξειςίέηίεείίίε

679 5892 756 5961 (ὅ)
786 5892 1025 5952 Veteres
1044 5896 1197 5963 libri,
1224 5896 1322 5951 Dei
1354 5892 1596 5953 Ecclesiis
2354 5892 2430 5977 (6)
2462 5892 2756 5977 Bellovae,
2784 5892 2832 5965 ει
2850 5892 3158 5982 ipsaista
3175 5892 3284 5969 ἲιέε.
