4028 6528
564 496 705 562 240⁸1
1699 485 2087 551 ΕνΑῦΜΠΞ
2125 483 2712 550 SCHOLASTICUS.
3639 489 3756 556 2mg

567 604 794 663 Tiberio
839 602 1225 671 Constantino,
1266 603 1400 676 imp.
1436 602 1606 660 etiam
1635 611 1834 658 auctus
1879 609 2179 673 quaestura,
2222 608 2278 654 et
2315 615 2346 655 a
2387 594 2650 654 Mauricio
2688 592 2915 652 Tiberio
2949 592 3247 651 Codicillos
3287 591 3577 654 honoraria:
3598 609 3761 671 pme.

572 705 743 750 eturaa
772 693 842 765 (ε)
875 701 1226 747 consecutus.
1261 691 1494 763 Scripsit
1538 691 1595 746 in
1640 691 1856 757 eadem,
1907 697 1970 745 ut
2035 686 2301 744 credibile
2345 695 2452 750 est,
2507 683 2865 741 Antiochensi
2910 682 3071 747 urbe,
3106 693 3162 739 et
3194 685 3533 754 sexagenario
3571 693 3761 762 propior

569 783 810 839 absolvit
843 780 906 850 (Γ)
942 780 1194 836 Historia!
1229 780 1592 835 ecclesiastica:
1623 779 1796 834 libros
1827 793 1922 833 sex
1952 793 1982 832 a
2015 775 2378 846 temporibus,
2417 773 2472 828 in
2506 773 2710 843 quibus
2753 770 3007 826 Socrates
3030 776 3086 824 et
3123 770 3483 827 Theodoritus
3506 773 3762 846 desierant,

570 870 688 925 sive
738 870 805 923 ab
852 869 1126 938 Ephesina
1175 867 1404 939 synodo,
1458 882 1566 936 qua
1617 865 1908 920 damnatus
1957 871 2042 917 est
2087 878 2138 917 a.
2188 861 2249 917 C.
2296 861 2420 916 451.
2468 860 2778 923 Nestorius,
2825 859 2892 914 ad
2939 874 3143 913 annum
3190 873 3360 927 usque
3395 859 3625 916 Mauricii
3653 864 3762 936 imp.

573 957 963 1011 duodecimum
1017 957 1113 1026 (g),
1163 956 1260 1026 qui
1291 969 1470 1009 annus
1514 953 1684 1023 cmpit
1731 968 1861 1006 ann.
1904 949 1967 1006 C.
1995 950 2098 1006 595
2141 949 2232 1005 die
2278 949 2346 1004 15
2388 948 2640 1018 Augusti.
2678 947 2823 1002 Citat
2860 946 3093 1001 subinde
3128 945 3411 1012 Historias,
3446 949 3629 1017 quibus
3657 967 3767 1009 usus

575 1053 680 1107 est,
718 1046 1024 1108 rhetorum,
1068 1042 1262 1105 Prisci,
1308 1040 1606 1105 Eustathii,
1647 1039 2091 1110 Epiphaniensis,
2121 1037 2419 1103 Zachariae,
2449 1036 2703 1107 Procopii
2739 1045 2796 1090 et
2833 1035 3082 1099 Joannis,
3119 1034 3213 1104 qui
3257 1034 3311 1088 in
3340 1034 3531 1089 Justini
3561 1038 3769 1096 Seaioris

575 1148 720 1186 anno
749 1132 984 1200 septimo
1022 1130 1315 1184 Historiam
1359 1144 1511 1183 suam
1560 1127 1757 1182 clausit
1794 1125 1941 1196 (vide
1975 1126 2062 1191 1V,
2098 1127 2184 1196 5);
2220 1141 2323 1181 nec
2360 1140 2473 1180 non
2519 1123 2725 1179 Zosimi
2758 1121 2856 1193 (Ιι).
2895 1122 2940 1178 A
2968 1122 3232 1176 fabulosis
3271 1123 3658 1181 narrationibus
3681 1143 3770 1183 non

575 1218 744 1271 nimis
781 1217 1022 1271 alienum
1053 1233 1174 1270 esse
1204 1216 1516 1285 Evagrium,
1553 1214 1747 1268 scribit
1776 1213 2156 1279 Casaubonus,
2203 1230 2386 1269 exere.
2438 1214 2524 1276 15,
2569 1213 2659 1277 51,
2696 1212 2763 1266 ad
2803 1211 3004 1265 Baron.
3045 1226 3168 1280 pag.
3211 1208 3335 1263 258.

649 1305 724 1358 De
762 1303 1106 1357 cditionibus
1143 1310 1199 1355 ct
1230 1302 1442 1356 Latinis
1484 1300 1907 1370 interpretibus,
1951 1301 2218 1367 Musculo,
2263 1302 2767 1372 Christophorsono
2808 1309 2865 1356 et
2894 1300 3112 1354 Valesio
3153 1297 3250 1370 [et
3298 1297 3594 1370 Reading],
3631 1301 3775 1357 Galli-

576 1406 752 1460 coque
799 1389 1059 1454 Cousino,
1107 1389 1282 1443 videri
1324 1399 1576 1458 possunt,
1629 1403 1751 1457 quae
1802 1389 1913 1458 jam
1962 1388 2018 1442 in
2064 1389 2401 1445 Theodorito
2446 1391 2580 1454 dixi,
2621 1390 2778 1460 cujus
2833 1387 3081 1443 Historiw
3126 1386 3393 1456 Evagrius
3441 1389 3773 1459 subjungitur.

577 1479 811 1532 Tantum
859 1477 1051 1531 addam
1084 1477 1226 1547 quod
1269 1476 1520 1531 Valesius
1594 1476 1664 1531 ad
1707 1476 1892 1531 Graica
1933 1477 2278 1532 emendanda
2319 1487 2520 1548 praeter
2561 1477 2792 1548 Regium
2835 1476 3103 1539 codicem,
3138 1490 3302 1544 quem
3342 1474 3478 1528 Rob.
3511 1474 3780 1546 Stephanus

577 1566 867 1636 expressit,
921 1582 1054 1620 usus
1099 1576 1183 1619 est
1226 1566 1396 1619 variis
1434 1565 1561 1620 lect.
1617 1580 1720 1618 ms.
1767 1565 1961 1634 optimi
2012 1566 2335 1629 Florentini,
2385 1567 2440 1621 in
2484 1567 2619 1622 bibl.
2666 1565 3058 1628 Laurentiana,
3107 1564 3162 1618 in
3211 1579 3322 1632 quo
3367 1562 3610 1619 Socrates
3645 1566 3782 1622 etiam

577 1655 928 1709 continetur:
962 1665 1018 1708 et
1048 1654 1238 1707 codice
1259 1655 1454 1717 altero,
1482 1668 1592 1707 non
1621 1652 1777 1706 valde
1803 1660 2019 1707 vetusto
2042 1653 2286 1722 quidem,
2312 1654 2409 1708 sed
2441 1655 2666 1708 minime
2687 1663 2869 1707 tamen
2893 1652 3303 1708 contemnendo
3328 1651 3566 1722 Dionysii
3593 1652 3781 1719 Telleri,

576 1741 978 1811 archiepiscopi
1027 1741 1383 1795 Rhemensis.
1427 1739 1587 1794 FABn.‘
1642 1739 1956 1804 Florentim,
2003 1740 2056 1794 in
2106 1740 2241 1796 bibl.
2281 1741 2479 1796 Medic.
2530 1751 2660 1796 sunt
2709 1742 2928 1813 Evagrii
2971 1741 3040 1796 ll.
3098 1740 3166 1795 E.
3216 1738 3343 1794 libri
3372 1754 3461 1802 vt,
3499 1740 3550 1794 in
3591 1742 3700 1794 cod.
3741 1743 3782 1806 5,

578 1846 636 1884 ιι.
672 1830 729 1892 2,
765 1830 904 1898 plut.
945 1829 1034 1892 69,
1078 1843 1202 1881 cum
1248 1827 1508 1893 Scholiis,
1542 1828 1607 1903 ad
1642 1827 1945 1896 marginem
1992 1828 2169 1898 positi:

2209 1847 2224 1896 ;
2268 1839 2324 1885 et
2361 1832 2415 1885 in
2458 1831 2582 1887 cod.
2632 1831 2723 1896 25,
2758 1832 2898 1896 n.1,
2936 1831 3075 1901 plut.
3112 1829 3200 1884 70.
3229 1859 3301 1869 —
3329 1828 3478 1893 Tria,
3520 1845 3586 1884 ex
3625 1830 3684 1885 Η.
3729 1831 3783 1886 Ε.

575 1926 859 1986 excerpta,
898 1933 954 1970 ιι.
991 1931 1113 1985 cap.
1157 1915 1228 1969 24
1261 1915 1388 1969 libri
1420 1932 1475 1982 ν,
1507 1924 1563 1969 et
1595 1929 1717 1984 cap.
1753 1915 1823 1969 56
1853 1915 1979 1969 libri
2012 1931 2099 1980 iv;
2134 1927 2190 1972 et
2219 1918 2528 1989 Descriptio
2562 1919 2748 1989 templi
2779 1919 3019 1988 Sephize,
3047 1918 3143 1972 lib.
3175 1933 3248 1980 ιν,
3272 1931 3394 1986 cap.
3426 1915 3512 1979 51,
3538 1916 3591 1970 in
3619 1915 3725 1971 cod.
3743 1919 3786 1983 5,

576 2020 634 2062 ιι.
667 2005 701 2060 8
727 2013 785 2059 et
821 2005 904 2058 17.
936 2004 1070 2074 plut.
1106 2003 1196 2057 70.
1257 2002 1318 2057 V.
1363 2003 1596 2057 Bandin.
1629 2001 1750 2058 Cat.
1797 2003 1957 2058 codd.
1990 2002 2084 2057 Gr.
2116 2004 2159 2058 ll

2209 2022 2263 2075 p.
2299 2009 2422 2072 625,
2459 2009 2584 2074 628,
2615 2010 2714 2065 661
2754 2019 2812 2064 et
2839 2008 2964 2072 662,
3005 2007 3098 2077 qui
3145 2007 3335 2070 etiam,
3380 2016 3514 2061 tom.
3556 2006 3595 2069 l,
3633 2022 3683 2076 p.
3715 2007 3785 2071 52,

576 2093 704 2157 291,
761 2093 828 2147 99
875 2101 932 2146 et
973 2092 1098 2154 25—1,
1137 2097 1292 2144 notat
1326 2090 1616 2158 Evagrium
1664 2090 1820 2144 citari
1858 2090 1914 2143 in
1959 2089 2163 2145 Catena
2211 2092 2265 2146 in
2303 2095 2526 2161 Jobum,
2568 2098 2623 2151 in
2671 2098 2966 2152 Parabolas
3012 2095 3344 2160 Salomonis,
3393 2096 3448 2150 in
3488 2095 3788 2165 Exposition.

579 2195 862 2236 sacrorum
893 2188 1153 2249 praacept.
1183 2189 1240 2234 et
1269 2179 1323 2231 in
1356 2179 1619 2248 Florileg,
1648 2186 1888 2232 sentcnt.
1928 2179 2034 2233 nisi
2065 2179 2112 2233 is
2139 2180 2282 2236 alius
2307 2185 2619 2240 censendus
2643 2187 2714 2240 sit
2753 2185 3040 2257 Evagrius,
3069 2201 3126 2239 n.
3156 2185 3437 2240 Ponticus.
3481 2215 3548 2225 —
3587 2185 3792 2239 Venetiis

580 2270 637 2324 in
673 2271 812 2324 bibl.
868 2269 1164 2332 Marciana,
1209 2269 1333 2323 cod.
1379 2269 1481 2322 557
1525 2267 1745 2339 Evagrii
1784 2268 1852 2323 11.
1897 2268 1964 2323 Ε.
2010 2269 2137 2323 libri
2173 2285 2289 2326 sex.
2333 2272 2471 2341 (Cat.
2513 2274 2674 2328 codd.
2713 2274 2809 2330 Gr.
2843 2290 2965 2344 pag.
3013 2273 3258 2344 156).-—
3301 2273 3361 2327 ln
3401 2272 3533 2326 bibl.
3571 2272 3791 2328 Leidens.

581 2367 713 2413 sunt
760 2358 1064 2412 Bonavent.
1114 2356 1364 2412 Vulcanii
1420 2355 1732 2411 Emendatt.
1786 2372 1917 2410 mss.
1970 2356 2026 2410 in
2079 2357 2403 2425 Eusebium,
2460 2361 2776 2433 Evagrium,
2823 2360 3660 2426 Sozomenum,Theodoretum,
3699 2371 3792 2421 etc.

582 2446 722 2518 (Cat.
762 2447 896 2500 bibl.
934 2445 1086 2500 Leid.
1119 2462 1175 2516 p.
1203 2447 1414 2508 545,11.
1447 2445 1562 2514 20).
1590 2474 1661 2484 —
1689 2444 1747 2498 ln
1785 2445 1942 2499 bibli.
1982 2445 2247 2502 Escorial.
2287 2451 2396 2503 duo
2440 2449 2602 2505 codd.
2645 2451 2700 2504 in
2742 2465 2978 2520 quorum
3009 2450 3184 2504 altero
3215 2459 3347 2504 sunt
3387 2449 3452 2504 Vl
3477 2449 3600 2502 libri
3635 2447 3699 2503 Η.
3737 2451 3790 2502 Ε.

583 2545 641 2599 1η
668 2543 842 2599 altero
867 2542 1046 2612 capita
1072 2541 1223 2596 varia
1259 2541 1421 2611 (teste
1448 2541 1649 2595 Pliiero
1680 2541 1735 2594 in
1766 2540 1957 2595 Itiner.
1997 2549 2106 2597 etc.
2133 2558 2284 2614 pag.,
2315 2543 2462 2611 167).
2489 2577 2560 2586 --
2593 2547 2742 2601 Inter
2782 2547 3057 2601 Mendozae
3079 2545 3243 2600 codd.
3287 2555 3513 2600 auctore
3549 2544 3726 2598 lriarto
3753 2543 3795 2597 in

584 2631 706 2685 Cat.
755 2631 917 2684 codd.
965 2629 1060 2684 Gr.
1115 2629 1319 2682 Matrit.
1366 2643 1421 2698 p.
1458 2628 1583 2682 277.
1622 2657 1694 2666 —
1719 2628 1895 2682 Paris.
1943 2627 1998 2681 in
2041 2628 2296 2683 biblioth.
2345 2629 2500 2699 publ.
2539 2629 2700 2684 codd.
2736 2630 2873 2685 1M4
2910 2640 2965 2684 et
2997 2629 3154 2683 1446.
3193 2660 3264 2669 -
3307 2627 3612 2683 Secundum
3653 2625 3793 2680 Calai.

584 2717 749 2774 codd.
798 2717 1026 2786 Anglice,
1070 2715 1286 2780 etc.,in
1326 2715 1454 2772 cod.
1508 2717 1738 2770 Barocc.
1793 2716 1894 2770 M2
1930 2717 2150 2786 Evagrii
2184 2716 2250 2770 Η.
2304 2716 2372 2770 Ε.
2431 2746 2499 2758 —-
2554 2716 2614 2771 In
2655 2716 2882 2771 Christi.
2934 2715 3086 2771 Fr'id.
3141 2715 3410 2771 Roessleri
3456 2714 3687 2770 Bibliotli.
3725 2713 3796 2765 der

586 2805 990 2861 Kirchenvater.
1031 2815 1176 2874 part.
1222 2820 1321 2863 vn,
1367 2818 1491 2873 pag.
1523 2803 1648 2858 511.
1699 2833 1769 2844 --
1805 2804 1933 2858 478.
1981 2804 2136 2858 Libri
2168 2803 2231 2856 Vl
2259 2803 2478 2874 Evagrii
2519 2802 2577 2858 in
2609 2803 3001 2874 compendium
3043 2803 3213 2858 veluti
3241 2804 3475 2870 redacti,
3516 2801 3797 2857 Germanice

585 2894 731 2948 versi
775 2892 1063 2962 doctisque
1091 2891 1350 2945 illustrati
1375 2898 1506 2944 sunt
1537 2889 2128 2946 animadversionibus.
2167 2891 2333 2947 IIARL.

659 2981 964 3050 Scripsisse
1007 2988 1274 3049 praeterea
1327 2993 1386 3032 se
1434 2978 1698 3048 Evagrius
1725 2979 1821 3032 lib.
1848 2995 1926 3043 vl,
1959 2994 2080 3048 cap.
2110 2979 2210 3034 ult.
2245 2987 2479 3034 testatur
2524 2977 2751 3033 alterum
2784 2979 3048 3043 volumen,
3083 2979 3272 3048 ἕτερον
3330 2976 3557 3048 τεῦχος,
3615 2977 3667 3030 1η
3713 2989 3799 3045 quo

589 3069 888 3141 ἀναφοραὶ,
934 3067 1235 3130 ἐπιστολαὶ,
1284 3065 1637 3136 ψηφίσματα,
1691 3066 1839 3135 λόγοι
1881 3084 1942 3120 τε
1983 3068 2078 3121 καὶ
2128 3067 2177 3121 δι

2204 3067 2417 3131 ιλέξεις·
2472 3065 2773 3120 Relationes
2811 3066 3132 3138 (Gregorii,
3179 3067 3429 3136 episc0pi
3472 3063 3795 3128 Antiocheni,

589 3158 811 3212 nomine
875 3155 1124 3225 scriptas)
1191 3153 1467 3224 Epistolcc,
1533 3152 1782 3218 Decreta,
1830 3153 2109 3210 Orationes
2153 3163 2201 3208 et
2242 3154 2656 3225 Disputationes,
2717 3154 2955 3223 aliaque.
2998 3153 3055 3206 In
3115 3153 3222 3206 hoc
3273 3169 3444 3224 opere
3495 3162 3622 3222 puto
3669 3151 3800 3205 etiam

587 3246 862 3301 exstitisse
909 3237 1332 3300 Gratulationem
1402 3241 1682 3313 (ejusdem
1730 3241 1915 3297 forsan
1990 3242 2238 3313 Gregorii
2304 3243 2566 3313 scriptam
2617 3240 2906 3312 nomine),
2950 3241 3019 3296 ad
3077 3241 3411 3296 Mauricium
3459 3240 3724 3296 Tiberium
3755 3237 3803 3289 de

590 3341 719 3387 nato
772 3331 1054 3386 Theodosio
1095 3329 1230 3398 ﬁlio.

657 3464 728 3534 (e)
767 3465 960 3534 Evagr.
985 3463 1082 3516 lib.
1111 3478 1346 3535 vr,_eap._
1366 3463 1466 3535 ult.
1590 3534 1594 3535 ν
1858 3532 1867 3535 Α
2123 3532 2132 3535 _
2273 3463 2460 3525 Neris.
2485 3463 2620 3518 Diss.
2654 3465 2718 3518 de
2755 3465 2941 3535 quinta
2961 3463 3183 3534 synodo,
3211 3462 3237 3533 §
3263 3461 3322 3516 5.

662 3527 729 3604 (fy
758 3527 996 3597 Libftv,
1027 3549 1150 3602 cap.
1175 3527 1377 3604 29,'ait
1404 3534 1694 3604 Evagrius,
1738 3549 1799 3588 se
1855 3532 1962 3588 ista
2023 3532 2170 3588 scri-
2345 3540 2420 3600 (h)
2447 3535 2598 3589 Alios
2648 3527 2944 3590 historicos
2973 3527 3290 3604 corripit-ires
3328 3531 3618 3604 laudatAv.
3661 3527 3807 3604 c._ult.

588 3600 724 3660 here
761 3620 905 3657 anno
928 3600 1110 3657 aetatis
1141 3620 1254 3658 sua:
1287 3603 1374 3657 58.
1405 3600 1556 3657 ldem
1604 3605 1747 3659 libro
1809 3619 1891 3664 ιιι,
1919 3620 2049 3675 cap.
2074 3604 2165 3668 55,
2266 3605 2592 3668 Characem,
2657 3606 3073 3675 Theopompum
3090 3600 3116 3667 ,⁷
3158 3604 3475 3675 Ephorum,
3535 3600 3806 3675 Dionysium

591 3675 763 3748 refert
794 3690 851 3726 se
877 3675 1791 3748 scribereAannoAntiochenorum
1820 3674 1958 3748 6-H.
1989 3669 2086 3748 H_is
2120 3675 2164 3728 si
2269 3676 2468 3739 Halic.,
2507 3676 2790 3748 Polybium
2815 3669 3312 3748 Megapolitanuur.
3339 3673 3642 3748 Appianum
3662 3669 3801 3748 ,1110-

589 3747 850 3800 detrahas
880 3760 1052 3796 annos
1093 3744 1180 3800 48.
1227 3745 1428 3812 quibus
1457 3760 1565 3798 tera
1618 3745 1960 3798 Antiochena
2004 3744 2166 3799 Cliri-
2266 3748 2463 3801 dorum
2494 3741 2628 3809 Sicf,
2661 3741 2928 3800 Dionem'
2956 3741 3225 3801 Cassium,
3250 3741 3656 3801 liemdianum.
3681 3741 3810 3812 Nico-

593 3817 825 3870 stianam
844 3814 1154 3886 praevertit,
1182 3809 1353 3886 babes
1382 3830 1511 3868 ann.
1537 3815 1613 3886 C7.)
1638 3814 1786 3886 595._
1806 3814 1985 3886 Coepit
2013 3815 2161 3868 enim
2265 3827 2506 3871 stratum
2540 3816 2994 3886 'l‘rapezuntium,
3019 3817 3354 3886 sophistam,
3388 3814 3703 3886 Dexippum,
3725 3809 3811 3886 Eu-

592 3901 700 3939 tera
729 3880 1070 3954 Antibchena
1107 3900 1137 3937 a
1162 3883 1481 3954 confirmata
1541 3885 1652 3937 illis
1686 3899 1715 3954 a
1763 3880 1920 3954 .lulio
1949 3883 2164 3954 Caesare
2271 3888 2508 3949 sehium,
2548 3880 2665 3954 qui:
2688 3888 2756 3940 ab
2789 3880 3101 3948 Octaviani,
3131 3885 3357 3954 'l‘rajani
3389 3894 3446 3938 et
3488 3880 3810 3954 M’a’rci‘rebus

594 3953 912 4008 autonomia
972 3970 1158 4008 mense
1217 3953 1467 4024 00101)ιίΔ
1495 3953 1732 4024 annoUV.
1765 3953 1825 4006 C.
1863 3955 1987 4006 701.
2026 3953 2163 4009 Vide
2269 3972 2521 4018 exorsus,
2551 3950 2841 4009 Historiam
2866 3957 2933 4009 ad
2969 3957 3099 4024 imp.
3131 3950 3254 4010 Cari
3285 3955 3505 4009 obitum
3541 3950 3809 4024 produxit;

595 4024 765 4078 Henr.
815 4024 996 4087 Noris,
1055 4024 1129 4077 De
1178 4024 1385 4094 epochis
1432 4022 1566 4094 Syro
1622 4022 1989 4089 Macedonum,
2036 4039 2158 4095 pag.
2268 4029 2586 4089 Arrianum,
2619 4027 2871 4080 Asinium
2897 4022 3260 4092 Quadratum.
3297 4027 3568 4081 Joannem
3589 4023 3811 4076 civemac

597 4095 726 4168 159.
769 4164 796 4168 _
885 4165 899 4168 _
978 4165 1069 4168 ῃ.
1142 4163 1152 4168 _
1281 4163 1293 4168 _
1357 4162 1396 4168 _
1542 4162 1665 4168 _____
1863 4161 1904 4168 __
2014 4162 2026 4168 _
2265 4097 3181 4168 cognatumsuum,etAgathiam.

663 4165 736 4235 lg)
759 4164 959 4219 Confer
978 4163 1253 4220 Valesium
1280 4163 1332 4217 in
1356 4162 1579 4233 Evagrii
1607 4162 1750 4228 Vita,
1779 4168 1834 4216 et
1862 4161 2160 4218 llenricum

1335 4570 1846 4663 HENRICI
1923 4574 2395 4666 VALESII
2473 4573 3117 4666 PREFATIO

1170 4772 1254 4833 IN
1291 4770 1710 4835 HISTORIAM
1745 4771 2378 4834 ECCLESIASTICAM
2412 4771 2729 4836 EVAGRII
2761 4775 3270 4838 SCHOLASTICI.

661 5100 931 5171 Evagrius
978 5098 1354 5154 Scliolasticus
1383 5097 1558 5170 Syrus
1611 5097 1717 5152 fuit
1761 5113 1984 5170 genere,
2017 5097 2250 5167 perinde
2297 5114 2362 5152 ac
2393 5097 2778 5154 Theodoretus
2809 5115 2824 5154 :
2862 5108 3019 5154 ortus
3069 5117 3135 5156 ex
3168 5102 3304 5158 urbe
3340 5103 3680 5175 Epiphaniae,
3715 5115 3815 5170 qua:

589 5191 789 5248 civitas
838 5191 944 5245 fuit
978 5190 1148 5261 Syria:
1178 5190 1454 5255 secundae,
1492 5200 1552 5244 ut
1591 5191 1706 5261 ipse
1748 5189 1802 5243 in
1843 5191 2006 5245 titulo
2037 5188 2224 5259 Operis
2255 5187 2340 5240 sui
2372 5186 2638 5256 prodidit.
2667 5187 2858 5256 Itaque
2899 5189 3068 5243 miror
3102 5191 3415 5246 Gerardum
3447 5191 3710 5250 Vossium.
3736 5186 3815 5256 qui

590 5281 645 5336 in
679 5280 824 5334 libro
853 5278 928 5331 De
961 5279 1219 5332 historicis
1261 5278 1476 5346 (ἐι-ανεξδ,
1514 5293 1637 5348 pag.
1663 5279 1788 5342 498,
1824 5278 2120 5348 Evagrium
2150 5276 2575 5330 Antiochensem
2610 5290 2730 5330 esse
2774 5276 2988 5330 scribit.
3039 5278 3216 5348 Atque
3257 5280 3529 5350 Evagrius
3556 5279 3687 5349 ipse,
3721 5285 3816 5328 tum

591 5367 646 5423 in
676 5367 838 5421 titulo
880 5366 1149 5430 Historiae,
1199 5373 1314 5420 tum
1352 5366 1406 5420 in
1441 5367 1541 5419 lib.
1591 5383 1668 5430 ιιι,
1713 5382 1833 5436 cap.
1875 5367 1963 5428 54,
2005 5365 2210 5420 diserte
2248 5373 2479 5418 testatur
2527 5379 2586 5418 se
2633 5364 2797 5420 domo
2830 5364 3292 5435 Epiphaniensem
3323 5368 3521 5423 fuisse.
3557 5368 3668 5422 illic
3693 5363 3815 5419 enim

589 5455 657 5511 de
703 5455 899 5511 Cosma
927 5455 1187 5524 episcopo
1221 5454 1544 5522 Epiphania:
1575 5454 1808 5522 loquens
1835 5454 1908 5508 ita
1937 5453 2170 5508 scribit:
2207 5471 2224 5501 ι
2250 5453 2466 5514 Comas,
2498 5452 2789 5522 cpiscopus
2821 5464 3025 5509 nostrae
3053 5455 3400 5525 Epiphaniae,
3429 5473 3593 5527 quam
3615 5455 3822 5509 Orontes

587 5542 788 5598 fluvius
809 5543 986 5606 alluit,
1023 5560 1041 5592 ι
1074 5551 1183 5596 etc.
1221 5541 1326 5595 Sed
1358 5551 1414 5594 et
1447 5541 1701 5605 Photius,
1730 5541 1786 5594 in
1815 5540 2162 5602 Bibliotheca,
2195 5554 2314 5609 cap.
2343 5540 2433 5602 29,
2465 5541 2757 5609 Evagrium
2786 5542 3085 5597 oriundum
3133 5543 3305 5599 fuisse
3349 5547 3486 5600 dicit
3514 5541 3811 5614 Epiphania,

588 5632 724 5685 urbe
743 5632 913 5702 Syria:
928 5630 1128 5686 lees.
1153 5629 1349 5683 Mirum
1381 5641 1561 5684 tamen
1585 5638 1671 5683 est
1716 5630 2008 5699 Evagrium
2035 5639 2287 5683 nostrum
2313 5643 2420 5681 non
2440 5627 2926 5697 Epiphaniensem,
2945 5630 3038 5684 sed
3064 5632 3329 5701 ἐπιφανῆ,
3353 5633 3412 5687 id
3437 5643 3542 5697 est,
3567 5631 3816 5688 illustrem,

587 5718 805 5773 duobus
828 5719 882 5772 in
907 5719 1043 5773 locis
1075 5718 1338 5788 appellari
1372 5732 1402 5770 a
1432 5717 1749 5787 Nicephoro
1775 5717 2022 5772 Callisto.
2054 5717 2192 5772 Nam
2235 5717 2291 5771 in
2328 5732 2449 5787 cap.
2491 5717 2546 5780 1,
2578 5717 2677 5772 lib.
2713 5733 2750 5781 ι,
2785 5717 3080 5788 Nicephori
3117 5719 3194 5774 ita
3222 5721 3494 5776 scribitur
3531 5739 3544 5774 :
3574 5722 3638 5772 ὐ
3667 5735 3723 5784 γε
3755 5714 3816 5783 μὴ

588 5809 857 5880 Εὖάγριος
887 5810 915 5860 ὁ
945 5809 1236 5880 ἐπιφανὴς,
1260 5818 1368 5863 etc.
1403 5808 1470 5863 Et
1499 5807 1553 5863 in
1597 5809 1693 5864 lib.
1724 5825 1832 5870 xvi,
1864 5823 1984 5878 cap.
2013 5809 2104 5874 51,
2132 5809 2179 5863 lu

2226 5825 2316 5863 um
2356 5809 2575 5879 Evagrii
2605 5809 2886 5865 adducens
2906 5811 3358 5882 Nicephorus,ex
3385 5815 3482 5868 lib.
3509 5832 3562 5869 ιιι
3614 5795 3706 5878 cap
3742 5807 3815 5864 51.

587 5899 745 5968 cujus
788 5898 952 5969 paulo
996 5908 1124 5954 ante
1153 5898 1492 5955 mentionem
1541 5899 1672 5960 feci.
1707 5898 1783 5955 ita
1813 5899 2048 5967 scribit;
2081 5893 2178 5984 Dia

2227 5899 2267 5952 Ξὲ
2287 5900 2393 5984 sia)
2425 5900 2694 5984 εὐάγριρς
2723 5901 3064 5984 ριἑήιιιςκιιιμὶνίςΔ
3081 5902 3503 5984 περὶ-Σευῆρον
3534 5901 3818 5972 ἱστόρησεν,
