3970 6502
243 362 395 426 ειυς)
1022 341 1028 345 ’
1329 363 1565 428 naua.
1607 365 1904 446 YALESII
1937 366 2354 428 PRJEFAT-IO.
3348 369 3489 432 auo

243 499 357 555 Sed
395 497 693 568 utrobique
740 508 982 554 erratum
1011 515 1134 554 esse
1180 514 1383 556 censeo
1428 501 1500 554 ab
1544 500 1892 570 antiquariis,
1940 503 2035 570 qui
2085 503 2387 571 Ἐπιφανὴς
2423 503 2768 572 scripserunt
2811 520 2912 574 pro
2942 505 3488 574 ‘Emrpaveo;._Certe

241 585 598 656 Nicephorus
626 602 694 640 ex
727 586 901 656 ipsius
933 587 1150 656 Evagrii
1184 587 1380 642 verbis
1409 603 1532 656 quae
1561 587 1672 646 illic
1706 585 1954 650 adducit,
1978 595 2178 655 etquae
2223 587 2480 656 superius
2508 603 2539 641 a
2580 588 2742 652 nobis
2769 591 2981 657 prolata
3006 601 3156 654 sunt,
3192 594 3488 664 perspicuo,

240 672 465 728 discere
501 684 716 743 poterat
754 675 1052 746 Evagrium
1103 675 1567 744 Epiphaniensem
1612 673 1800 735 fuisse.
1852 675 2018 728 Porro
2049 685 2218 750 natus
2241 686 2324 730 est
2355 676 2963 746 Evagriusprincipalu
2994 678 3309 739 Justiniani,
3334 696 3488 742 anno

240 763 450 816 natalis
481 764 749 817 Dominici
787 764 908 824 556,
941 763 1025 816 vel
1063 764 1190 826 557,
1225 770 1380 821 ut_(-x
1428 761 1602 831 ipsius
1636 761 1859 829 Evagrii
1899 761 2213 826 testimonio
2243 762 2616 826 demonstravi
2665 762 2868 830 Annot.
2904 762 2974 826 ad
3014 780 3133 833 cap.
3169 766 3484 820 .29.!ib..|v.

239 849 408 902 Anno
452 849 661 903 Christi
688 849 792 904 540
823 849 1202 917 ludimagistro
1235 849 1469 902 traditus
1492 859 1577 904 est
1605 865 1636 901 a
1672 847 2010 912 parentibus,
2044 850 2344 922 utd-ittcras
2385 849 2646 904 disceret.
2673 837 2794 916 Quo
2821 850 3048 918 quidem
3089 861 3329 920 tempore
3359 868 3484 916 cum

242 935 494 992 Thomas
527 937 915 1005 Apamensium
941 937 1237 1005 episcopus
1269 935 1518 990 ﬁnitimis
1547 935 1780 1000 urbibus
1807 935 2204 1009 denuntiasset,
2232 951 2288 990 se
2321 936 2596 991 viviﬁcum
2627 938 2811 992 crucis
2836 937 3214 1014 lignumquod
3244 940 3486 1014 Apamia:

237 1023 595 1087 servabatur,
624 1034 775 1079 certo
806 1026 895 1078 die
926 1034 1280 1079 ostensurum
1309 1038 1452 1085 csso,
1487 1022 1758 1080 deductus
1781 1033 1865 1077 cst
1897 1023 2214 1093 Evagriusa
2246 1024 2569 1092 parentibus
2598 1025 2652 1078 in
2679 1039 2798 1078 eam
2830 1025 3045 1102 urbem,
3075 1018 3483 1105 etlmiraeulum

237 1110 372 1162 illud
417 1111 572 1179 quod
618 1119 732 1164 tum
770 1112 825 1166 in
865 1112 1108 1166 Ecclesia
1158 1102 1359 1168 faetum
1390 1118 1494 1172 est,
1532 1110 1706 1178 oculis
1737 1110 2176 1181 suisspectavit,
2210 1116 2268 1161 nt
2319 1118 2549 1182 testatur
2576 1110 2630 1164 in
2679 1111 2774 1163 lib.
2822 1126 2893 1173 iv,
2939 1125 3058 1180 cap.
3089 1102 3180 1164 9.6.
3212 1102 3484 1185 [dantem

235 1199 478 1267 contigit
506 1215 651 1256 anno
674 1200 878 1254 Christi
913 1200 1036 1260 540,
1078 1215 1203 1252 cum
1247 1199 1424 1252 Persae
1455 1198 1509 1251 in
1533 1197 1746 1268 Syriam
1775 1197 2080 1267 irruptione
2107 1197 2244 1251 facta
2278 1197 2624 1251 Antiochiam
2653 1197 3027 1252 incendissent
3060 1215 3074 1250 :
3104 1198 3250 1276 quod
3282 1189 3486 1266 tacturi:

235 1294 320 1339 est
373 1287 604 1341 Justino
631 1288 870 1342 .Juniore
898 1290 1147 1350 consule,
1195 1297 1254 1340 ut
1297 1286 1648 1348 Marcellinus
1689 1285 1906 1345 Comes.
1939 1295 2014 1340 .et
2053 1284 2256 1344 Marius
2290 1283 2343 1338 in
2377 1283 2631 1338 Chronico
2677 1283 3042 1338 tradiderunt.
3096 1275 3326 1342 Biennio
3359 1275 3487 1364 post.

235 1374 360 1426 eum
408 1373 538 1428 lues
569 1374 881 1444 inguinaria
911 1373 965 1427 in
996 1373 1220 1428 Oriente
1256 1372 1491 1442 grassari
1527 1371 1803 1441 cmpissct,
1834 1371 2105 1441 Evagrius
2133 1371 2316 1424 adhuc
2342 1371 2444 1424 sub
2479 1371 2861 1441 ludimagistro
2901 1372 3114 1426 litteras
3139 1373 3379 1436 discens,
3420 1389 3486 1428 ca

236 1460 564 1528 pestilentia
598 1470 890 1530 correptus
933 1470 1036 1523 est,
1077 1470 1138 1514 ut
1173 1461 1289 1530 ipse
1333 1469 1571 1514 testatur
1609 1459 1662 1513 in
1705 1475 1828 1527 cap.
1875 1460 1944 1514 29
1986 1459 2084 1512 lib.
2130 1473 2201 1512 iv.
2252 1457 2477 1511 Relictis
2499 1457 2698 1511 deinde
2743 1458 3226 1528 grammaticorum
3258 1449 3484 1533 scholis.

237 1547 539 1604 rhetorica:
567 1562 792 1617 operam
819 1547 992 1603 dedit.
1019 1548 1266 1617 Cumque
1291 1561 1515 1616 magnos
1544 1547 1596 1600 in
1634 1547 1735 1599 hac
1764 1553 1881 1599 arte
1907 1560 2229 1614 progressus
2260 1544 2498 1607 fecisset,
2525 1544 2918 1599 advocatorum
2955 1548 3185 1600 humero
3214 1547 3486 1618 ascriptus

234 1642 340 1686 est.
379 1623 546 1688 Unde
573 1635 739 1688 etiam
789 1642 1214 1705 cognomentum
1262 1635 1452 1688 retulit
1485 1632 1811 1689 Scholastici
1843 1650 1857 1686 :
1887 1648 2010 1702 qua:
2057 1647 2163 1685 vox
2205 1631 2529 1686 causidicum
2577 1630 2969 1701 signiﬁcabat
3007 1632 3172 1688 docet
3214 1634 3488 1688 Macarius

238 1719 290 1772 in
331 1719 490 1773 hom.
539 1722 625 1786 15,
670 1721 758 1776 bis
806 1721 990 1776 verbis
1026 1738 1039 1774 :
1095 1722 1151 1773 '0
1187 1721 1360 1772 θέλων
1392 1721 1584 1789 μαθεῖν
1610 1720 1806 1790 γράμμ

1917 1757 1937 1784 ,
1972 1717 2273 1788 ἀπέρχεται
2299 1721 2392 1773 καὶ
2421 1717 2682 1787 μανθάνει
2723 1720 2792 1772 τὰ
2839 1723 3060 1790 σημεῖα·
3093 1721 3193 1792 ,καὶ
3235 1722 3361 1776 ὅταν
3396 1723 3483 1790 γέ-

234 1823 396 1874 νηται
443 1808 562 1860 ἐκεῖ
599 1808 834 1876 πρῶτος,
875 1809 1175 1877 ἀπέρχεται
1221 1809 1300 1870 εἰς
1343 1807 1448 1876 τὴν
1478 1806 1672 1877 σχολὴν
1702 1807 1811 1860 τῶν
1861 1805 2204 1875 Ῥωμαϊκῶν,
2237 1804 2333 1858 καὶ⁸
2372 1805 2518 1857 ἐστιν
2555 1805 2693 1858 ὅλων
2720 1807 2963 1882 ἔσχατος.
3008 1808 3174 1864 Πάλιν
3213 1812 3326 1861 ἐκεῖ
3355 1811 3484 1862 ὅταν

236 1895 470 1963 γένηται
497 1895 715 1965 πρῶτος
741 1937 756 1961 ,
787 1897 1086 1966 ἀπέρχεται
1115 1895 1250 1966 πρὸς
1275 1896 1374 1966 τινι
1419 1895 1614 1966 σχολὴν
1641 1895 1750 1954 τῶν
1777 1894 2145 1965 γραμμάτων,
2175 1894 2269 1947 καὶ
2293 1895 2406 1948 ἐστι
2431 1897 2592 1950 πάλιν
2622 1898 2738 1952 ἐκεῖ
2762 1898 2898 1968 ὅλων
2924 1899 3172 1969 ἐσχατος,
3195 1902 3479 1973 ἁρχάριος.

235 1979 367 2034 Εἶτα
403 1983 540 2034 ὅταν
575 1982 797 2051 γένηται
840 1983 1211 2050 σχολαστικὸς,
1245 1981 1382 2035 ὅλων
1408 1980 1840 2049 τῶνςδικολόγων
1881 1982 2144 2053 ἀρχάριος
2176 1983 2274 2035 καὶ
2301 1982 2527 2052 ἔσχατὸς
2569 1985 2708 2036 ἐστι.
2748 1985 2916 2038 Πάλιν
2947 1987 3229 2048 ﬂuvius?
3258 1989 3480 2060 γένηται

239 2069 483 2139 πρῶτος,
553 2070 676 2122 τότε
724 2069 930 2136 γίνεται
960 2067 1202 2139 ἡγεμών.
1240 2069 1349 2120 Καὶ
1377 2068 1504 2120 ὅταν
1535 2067 1989 2138 γένηταιχᾶρχων,
2020 2069 2286 2138 λαμϐάνει
2313 2069 2494 2141 ἐαυτῷ
2522 2068 2714 2139 βοηθὸν
2743 2071 2834 2124 τὸν
2863 2073 3252 2143 συγκάϐεδρον,
3291 2073 3346 2128 id
3371 2085 3477 2139 est,

238 2165 296 2209 ut
323 2158 673 2225 interpretor
699 2173 713 2209 :
745 2155 848 2221 Qui
882 2158 1092 2226 negotia
1123 2156 1354 2224 forensia
1385 2154 1495 2208 vult
1519 2155 1738 2218 discere,
1771 2154 1880 2206 abit
1902 2157 2133 2224 primum
2163 2166 2210 2209 et
2237 2157 2386 2210 discit
2419 2165 2592 2211 notas.
2628 2156 2694 2212 Et
2728 2168 3004 2228 postquam
3039 2160 3108 2213 ibi
3134 2162 3334 2230 primus
3358 2179 3481 2217 eva-

233 2246 382 2304 serit,
419 2245 565 2296 vadit
596 2245 667 2298 ad
694 2243 928 2297 scholam
968 2242 1350 2304 Romanorum,
1385 2251 1435 2295 et
1459 2251 1536 2296 est
1561 2242 1797 2294 omnium
1831 2251 2140 2309 postremas.
2167 2241 2365 2296 Deinde
2390 2260 2507 2296 cum
2534 2244 2617 2296 hic
2643 2246 2843 2314 primus
2874 2247 3149 2310 exstiterit,
3188 2249 3355 2318 pergit
3407 2253 3480 2308 ad

232 2332 474 2384 scholam
507 2333 996 2401 pragmaticorum;
1043 2341 1091 2383 et
1117 2331 1198 2383 hic
1236 2346 1418 2383 rursus
1452 2329 1513 2397 [it
1547 2329 1781 2382 omnium
1807 2335 2118 2398 postremus,
2149 2330 2393 2398 novitins.
2435 2329 2624 2382 Postea
2668 2347 2784 2384 cum
2816 2332 2984 2400 factus
3013 2333 3170 2400 fuerit
3204 2335 3480 2392 scholasti-

164 2476 167 2477 ν
232 2436 342 2484 cus,
387 2421 634 2472 omnium
677 2419 1058 2472 causidicorum
1091 2426 1384 2487 postremus
1416 2425 1491 2470 est
1535 2425 1585 2470 et
1626 2417 1870 2469 nouitius.
1909 2416 2252 2478 Deindecum
2291 2418 2362 2470 ibi
2405 2418 2882 2488 primuslcvaserit,
2934 2428 3045 2472 tum
3084 2419 3146 2492 ﬁt
3176 2438 3395 2491 praises;
3427 2433 3478 2476 et

234 2519 522 2576 postquam
555 2509 716 2576 fuerit
743 2525 934 2577 prteses
960 2525 1050 2561 seu
1085 2515 1256 2562 rector
1279 2507 1583 2576 provinciae,
1610 2505 1910 2575 adjutorem
1947 2503 2042 2557 sibi
2068 2505 2290 2576 assumit
2311 2505 2672 2576 consiliarium
2695 2507 2804 2559 sive
2827 2523 3158 2582 assessorem.
3196 2508 3266 2566 In,
3287 2508 3476 2564 Grieco

235 2604 383 2660 textu
421 2595 642 2649 Macarii
685 2595 972 2650 emendavi
1044 2597 1072 2647 ὀ
1101 2594 1274 2648 Θέλων
1307 2593 1499 2664 μαθεῖν
1525 2594 1803 2664 πράγματι

1906 2605 1994 2645 ιοη
2026 2591 2280 2661 ut.vulgo
2310 2591 2509 2670 legitur
2534 2592 2858 2670 γράμματα.
2892 2594 3063 2650 Porro
3100 2610 3208 2666 qua
3235 2596 3290 2650 in
3339 2597 3474 2652 urbe

235 2684 508 2754 Evagrius
541 2683 1305 2748 causidicinamexercuerit,
1353 2683 1623 2738 incertum
1654 2691 1758 2737 est.
1794 2678 2056 2747 Suspicor
2095 2684 2274 2732 tamen
2304 2693 2429 2732 eum
2460 2677 2763 2734 Antiochize
2792 2695 2986 2758 causas
3022 2682 3238 2752 egisse:
3279 2699 3387 2754 qua
3419 2685 3473 2746 in

234 2771 372 2834 urbe
427 2773 535 2826 tria
564 2782 725 2826 erant
753 2772 869 2826 fora
897 2787 994 2825 seu
1032 2771 1352 2838 tribunalia,
1387 2786 1452 2825 ac
1483 2769 1709 2824 totidem
1745 2769 2138 2823 advocatorum
2175 2765 2397 2828 scholae,
2445 2774 2505 2820 ut
2537 2782 2603 2821 ex
2647 2767 2879 2822 Libanio
2909 2769 3202 2846 .observavi
3239 2773 3292 2826 in
3338 2773 3475 2832 meis

233 2859 300 2911 ad
331 2859 636 2928 Evagrium
670 2858 1150 2928 Adnotationibus,
1208 2858 1305 2910 lib.
1351 2871 1387 2922 ι,
1422 2872 1472 2910 e.
1511 2858 1595 2910 i8.
1624 2856 1782 2918 Certe
1807 2855 2147 2926 Epiphanim,
2181 2871 2343 2925 quam
2377 2856 2497 2926 ejus
2518 2856 2748 2926 patriam
2777 2857 2944 2916 fuisse
2967 2875 3132 2929 supra
3163 2861 3472 2927 docuimus,

231 2944 542 2999 advocatus
567 2960 688 2999 esse
718 2961 827 2998 non
872 2945 1069 3014 potuit,
1099 2959 1224 2998 cum
1271 2958 1335 2998 ea
1382 2943 1576 2998 civitas
1614 2943 1794 2996 forum
1827 2942 2184 3013 judiciarium
2215 2957 2331 2996 non
2368 2943 2617 3016 haberet,
2661 2943 2757 2998 sed
2801 2959 2995 3000 causas
3032 2933 3160 3020 suas
3191 2949 3472 3020 Apamiam

234 3031 502 3094 deferret,
549 3032 678 3100 quia
713 3033 768 3085 in
804 3031 1024 3086 civitate
1068 3030 1373 3085 consularis
1411 3030 1582 3101 Syria:
1629 3029 1895 3084 Secunda:
1927 3029 2048 3098 ejus
2090 3028 2329 3083 dicebat.
2374 3029 2574 3086 Verum
2609 3038 2670 3084 ut
2719 3031 3027 3104 Antiochiae
3078 3034 3262 3104 potius
3308 3019 3471 3108 quam

229 3120 479 3188 Apamia:
529 3119 850 3172 advocatum
897 3117 1066 3176 inisse
1108 3119 1325 3172 credam
1366 3118 1682 3189 Evagrium,
1724 3117 1838 3171 haec
1878 3117 2224 3186 potissimum
2260 3116 2399 3170 ratio
2429 3116 2583 3182 facit,
2612 3119 2759 3188 quod
2806 3119 2860 3173 in
2892 3134 2957 3188 ea
2997 3121 3136 3198 urbe
3179 3123 3472 3198 plurimum

232 3217 492 3260 versatus
521 3214 626 3269 est,
654 3214 710 3260 et
749 3221 973 3260 uxorem
1016 3205 1092 3258 ibi
1131 3205 1308 3268 duxit,
1346 3205 1593 3274 ﬁliosque
1623 3221 1690 3260 ex
1729 3219 1791 3259 ea
1823 3203 2068 3258 sustulit.
2102 3202 2295 3256 Filiam
2335 3218 2554 3272 quoque
2598 3219 2662 3259 ea
2694 3204 2749 3258 in
2795 3205 2932 3260 urbe
2970 3195 3164 3285 nuptui
3207 3195 3475 3288 deditur-it

233 3300 473 3347 testatur
525 3293 639 3361 ipse
685 3293 738 3345 in
788 3293 936 3360 libro.
959 3302 1177 3361 quarto,
1215 3292 1393 3361 capite
1436 3292 1716 3347 tricesimo
1748 3306 1915 3345 nono.
1957 3290 2088 3356 Quae
2128 3305 2252 3345 cum
2288 3290 2566 3354 pestilenti
2609 3291 2800 3345 morbo
2831 3293 3325 3370 exstincta'fuissct
3367 3314 3474 3366 una

230 3395 356 3433 cum
389 3380 529 3444 ﬁlio,
555 3394 698 3433 anno
730 3379 1078 3448 imperatoris
1095 3379 1346 3434 Mauricii
1367 3379 1605 3444 decimo,
1632 3378 1899 3450 Evagrius
1919 3378 2147 3448 conjuge
2171 3392 2234 3431 ac
2268 3377 2458 3430 liberis
2475 3377 2593 3431 suis
2616 3377 2843 3433 orbatus
2869 3379 2937 3433 ad
2963 3383 3232 3460 secundas
3256 3372 3476 3454 nuptias

235 3467 524 3530 transiliit,
551 3476 610 3520 et
635 3467 896 3537 virginem
932 3467 1166 3536 puellam
1203 3466 1539 3540 matrimonii
1580 3467 1704 3538 iure
1733 3467 1789 3520 in
1830 3465 2020 3520 eadem
2049 3465 2184 3518 urbe
2219 3463 2324 3518 sibi
2354 3464 2604 3527 sociavit,
2635 3465 2714 3518 uti
2740 3467 2920 3521 refert
2945 3467 3000 3522 in
3035 3469 3134 3525 lib.
3166 3487 3238 3533 vi,
3270 3487 3390 3542 cap.
3419 3473 3472 3527 8.

234 3553 330 3610 Ubi
353 3555 530 3608 etiam
559 3562 788 3608 testatur
820 3554 1132 3610 universam
1165 3553 1357 3607 urbem
1397 3569 1459 3622 ea
1489 3553 1556 3608 de
1587 3567 1750 3627 causa
1782 3547 1946 3607 ferias
1967 3551 2186 3630 .egisse,
2219 3566 2282 3614 ac
2313 3551 2585 3620 publicam
2614 3551 2988 3620 festivitatem,
3023 3563 3136 3609 tum
3168 3557 3222 3611 in
3254 3574 3474 3627 pompa,

236 3650 344 3694 tum
380 3644 536 3697 circa
561 3641 870 3712 thalamtun,
888 3641 1220 3696 celebrasse.
1249 3641 1328 3694 Ex
1348 3656 1457 3714 quo
1477 3639 1658 3715 obiter
1681 3648 1946 3718 apparet,
1961 3647 2165 3710 quanta
2187 3639 2304 3708 ejus
2332 3637 2499 3692 fuerit
2520 3639 2822 3716 auctoritas
2843 3640 3472 3716 [Antiochielprieterea

235 3728 534 3782 Historiam
583 3744 735 3783 suam
769 3727 1352 3797 scripsit.Antiocliia:,,
1375 3735 1434 3780 ut
1456 3726 1738 3800 colligitur
1765 3741 1832 3800 ex
1861 3741 1987 3802 cap.
2007 3726 2077 3795 20
2105 3725 2206 3795 lib.
2235 3728 2273 3779 i.
2310 3725 2410 3780 Ubi
2443 3725 2673 3804 loquens
2697 3726 2765 3780 de
2795 3727 3136 3806 profectione
3162 3729 3474 3803 Hierosoly-

235 3817 444 3870 mitana
493 3817 746 3871 Eudocia:
774 3817 995 3894 reginae,
1027 3816 1103 3870 ait
1145 3831 1265 3870 eam
1298 3815 1517 3886 venisse
1559 3813 1803 3868 Antiochi

1901 3830 1947 3890 ιιι
1980 3815 2192 3885 χρόνοις
2223 3813 2446 3883 ὕστερον
2477 3815 2570 3887 ἐπὶ
2606 3814 2703 3886 τὴν
2720 3815 2896 3882 ,ἁγίαν
2927 3817 3258 3888 ἐπειγομένη
3296 3819 3469 3884 πόλιν,

234 3905 469 3958 ἐνταῦθά
504 3922 564 3956 τε
595 3905 824 3972 γίνεται,
867 3905 1048 3968 idest,
1077 3919 1194 3973 qua:
1226 3905 1315 3957 diu
1354 3913 1533 3974 postea
1566 3902 1634 3956 ad
1663 3909 1905 3957 sanctam
1933 3915 2150 3977 pergens
2187 3900 2470 3973 civitatem,
2503 3900 2602 3974 huc
2630 3902 2788 3976 iven‘it
2811 3901 3176 3972 (Antiochiam
3216 3904 3471 3972 scilicet).

233 3979 480 4063 Degebat
519 3993 686 4062 igitur
728 3992 1035 4062 Antiochia:
1068 4001 1344 4064 tumcum
1378 3992 1482 4046 ista
1510 3989 1780 4065 scriberet
1816 3988 2102 4064 Evagrius.
2138 3987 2276 4062 ilinc
2320 3994 2405 4064 est
2441 3986 2587 4056 quod
2639 3986 2903 4064 Evagrius
2937 4003 3100 4058 opera
3143 3999 3201 4045 et
3239 3991 3470 4046 aediﬁcia

225 4079 455 4158 publica
495 4087 650 4156 urbis
679 4088 984 4150 Antiochiae
1013 4098 1122 4142 tam
1151 4087 1400 4154 studiose
1425 4093 1785 4152 recenset,_ut
1806 4083 1993 4138 videre
2017 4091 2102 4138 est
2132 4082 2188 4150 in
2217 4082 2316 4136 lib.
2343 4099 2383 4145 ι,
2413 4085 2536 4152 cap.
2571 4081 2656 4147 18,
2678 4092 2734 4137 ει
2763 4083 2858 4136 lib.
2887 4098 3121 4153 m,.cap.
3147 4084 3235 4140 28.
3260 4086 3472 4153 Quibus

234 4177 296 4246 in,
317 4177 459 4231 locis
489 4192 599 4231 non
631 4177 865 4244 obscure
889 4177 1119 4241 indicat,
1138 4192 1231 4241 se,
1252 4176 1394 4240 dum
1417 4177 1519 4236 ista
1561 4175 1846 4240 scriberet,
1870 4171 2175 4243 Antiochia:
2196 4170 2419 4225 vixisse.
2447 4170 2588 4243 Hinc
2612 4170 2777 4226 etiam
2806 4178 2914 4233 est.
2938 4171 3086 4242 quod
3110 4182 3269 4228 terra:
3289 4184 3470 4229 motus

234 4264 442 4332 quibus
467 4264 766 4332 Antiochia
803 4264 1039 4320 subinde
1068 4279 1333 4324 concussa
1360 4271 1468 4326 est,
1504 4270 1654 4315 tanta
1703 4275 1834 4314 cura
1879 4275 1944 4314 ac
1994 4259 2276 4329 diligentia
2319 4268 2714 4312 commemorat
2746 4275 2760 4312 :
2795 4266 2852 4314 et
2881 4259 3028 4328 quod
3060 4259 3113 4314 in
3160 4269 3468 4332 temporum

231 4354 520 4422 notatione
558 4356 722 4408 annis
760 4355 1229 4414 Antiochenorum
1257 4361 1526 4422 perpetuo
1553 4350 1748 4404 utitur.
1783 4347 2028 4416 Denique
2064 4345 2210 4401 istud
2237 4345 2404 4400 etiam
2437 4346 2715 4416 colligitur
2755 4361 2822 4400 ex
2864 4361 2986 4416 cap.
3035 4349 3086 4413 7,
3123 4348 3221 4403 lib.
3262 4363 3336 4412 vr,
3373 4350 3467 4406 ubi

231 4439 430 4494 scribit
458 4439 779 4510 Gregorium
815 4440 1183 4510 patriarcham
1234 4438 1658 4499 Antiochenam,
1695 4434 2318 4504 cumapuddoannem
2367 4432 2624 4487 comitem
2655 4432 2900 4488 Orientis
2939 4444 3230 4491 accusatus
3271 4436 3468 4492 fuisset

233 4526 434 4592 inmitti,
461 4543 495 4582 a
527 4528 763 4597 quodam
796 4528 1143 4600 argentario,
1191 4527 1260 4582 ad
1299 4527 1698 4595 imperatorem
1732 4521 1897 4590 etqad
1935 4521 2202 4592 synodum
2245 4535 2592 4590 provocasse.
2631 4519 2880 4590 Cumque
2929 4520 3464 4592 Constantinopolim

232 4623 509 4685 pergeret,
549 4631 736 4682 coram
771 4616 1106 4686 imperatore
1136 4631 1202 4670 ac
1245 4614 1455 4685 synodo
1486 4627 1708 4668 causam
1745 4624 1899 4675 suam
1944 4615 2360 4678 prosecuturus,
2406 4607 2704 4676 Evagrium,
2724 4623 2911 4664 secum
2954 4609 3270 4675 deduxisse,
3315 4611 3466 4666 velut

237 4717 578 4765 assessorem
619 4711 676 4758 et
716 4703 1116 4767 consiliarium,
1152 4712 1213 4756 ut
1249 4703 1370 4772 ejus
1415 4699 1647 4761 consilio
1691 4708 1964 4754 uteretur.
2005 4694 2217 4761 Quibus
2247 4693 2435 4748 verbis
2477 4693 2740 4764 Evagrius
2798 4695 2934 4751 satis
2973 4709 3162 4766 aperte
3195 4698 3466 4765 signiﬁcat

229 4810 287 4850 se
347 4796 676 4856 advocatum
717 4799 774 4850 et
813 4790 1194 4862 jurisperitum
1231 4787 1421 4842 fuisse.
1459 4787 1539 4841 Ex
1584 4786 1784 4840 borum
1834 4783 1982 4838 enim
2033 4796 2262 4852 corpore
2304 4795 2611 4835 assessores
2649 4781 2792 4836 sumi
2833 4782 3083 4838 solebant
3109 4798 3142 4838 a
3173 4785 3464 4855 magistra-

159 4902 167 4910 ·
231 4883 400 4946 tibus,
433 4871 552 4941 tam.
584 4880 865 4943 civilibus,
893 4893 1062 4947 quam
1096 4875 1449 4930 militaribus.
1490 4873 1610 4928 Non
1654 4873 1832 4928 solum
1864 4865 2062 4933 autem.
2089 4871 2146 4924 in
2177 4871 2282 4924 hoc
2311 4869 2590 4923 criminali
2619 4870 2862 4941 negotio,
2899 4885 3090 4926 verum
3129 4871 3296 4927 etiam
3337 4873 3463 4929 aliis

227 4970 302 5026 in.
335 4970 517 5031 causis
559 4968 858 5039 Gregorius
901 4963 1278 5019 consiliarium
1330 4960 1528 5016 habuit
1563 4959 1890 5030 Evagrium.
1921 4959 2057 5016 Nam
2083 4971 2209 5012 cum
2243 4965 2391 5012 esset
2411 4957 2728 5026 patriarcha
2761 4957 3057 5016 Orientalis
3102 4959 3378 5024 Ecclesiae,
3405 4971 3462 5015 et

229 5056 661 5117 innumerabiles
679 5053 938 5124 quotidie
961 5065 1156 5107 causas
1182 5050 1489 5117 disceptare
1519 5063 1646 5103 eum
1669 5053 1970 5116 oporteret,
1999 5045 2226 5100 omnino
2240 5059 2522 5104 assessore
2552 5043 2754 5113 aliquo
2782 5059 2923 5113 opus
2961 5044 3296 5115 babuit,,qui
3319 5046 3462 5116 juris

228 5153 284 5198 et
311 5145 490 5214 legum
517 5142 780 5197 formulas
810 5140 914 5211 ipsi
935 5146 1274 5208 suggereret.
1296 5125 1459 5192 Certe
1489 5134 1653 5190 verba
1695 5133 1907 5203 Evagrii
1943 5147 2169 5202 prorsus
2196 5132 2507 5203 significant
2543 5131 2599 5194 id
2641 5133 2786 5202 quod
2821 5132 2956 5188 dixi.
2989 5133 3081 5188 Ait
3107 5133 3256 5190 enim
3282 5152 3296 5188 :
3325 5136 3460 5205 Περὶ

229 5232 433 5284 τούτων
466 5227 560 5284 οὖν
591 5229 728 5299 ἐμοῦ
762 5227 1191 5298 παρεδρεύοντος
1220 5226 1314 5276 καὶ
1343 5224 1612 5294 παρόντος
1650 5240 1712 5290 γε
1738 5222 1888 5293 αὐτῷ
1916 5223 2059 5274 κατά
2097 5220 2196 5292 τὴν
2223 5221 2486 5290 βασιλέως
2512 5220 2725 5290 γέγονε,
2756 5221 2854 5291 τὴν
2891 5221 3187 5290 ἀπολογίαν
3224 5223 3456 5291 ὑφέξων.

229 5317 430 5372 Verum
471 5319 572 5371 hac
605 5317 674 5370 de
707 5331 762 5370 re
806 5313 1044 5369 studiosi
1079 5328 1178 5381 pro
1205 5311 1438 5366 arbitrio
1482 5326 1584 5364 suo
1602 5309 1949 5381 judicabant.
1987 5310 2119 5364 Mihi
2157 5308 2356 5364 suﬁieit
2387 5311 2757 5380 conjecturam
2791 5327 2966 5366 meam
3000 5311 3302 5366 lectoribus
3327 5327 3460 5382 pro-

230 5407 491 5476 posuisse.
525 5406 797 5461 Creterum
843 5403 986 5457 idem
1027 5399 1326 5471 Gregorius
1359 5414 1468 5453 non
1502 5400 1678 5453 solum
1709 5399 1761 5453 iu
1791 5398 2036 5468 judiciis,
2066 5397 2163 5452 sed
2194 5398 2360 5452 etiam
2397 5398 2452 5452 in
2488 5397 2800 5453 scribendis
2838 5399 3088 5468 epistolis
3120 5408 3176 5454 et
3218 5399 3270 5452 in
3323 5399 3462 5451 rela-

230 5493 467 5548 tionibus
495 5509 633 5563 quas
667 5493 733 5546 ad
774 5493 1160 5561 imperatorem
1199 5487 1434 5542 subinde
1479 5487 1752 5551 mittebat,
1792 5487 1845 5540 in
1881 5486 2396 5541 concionibusitem
2437 5495 2495 5541 et
2541 5486 2907 5551 orationibus,
2941 5487 3159 5555 ingenio
3204 5486 3460 5540 utebatur

231 5581 462 5653 Evagrii,
491 5583 954 5654 quemadmodum
995 5589 1228 5636 testatur
1259 5577 1528 5648 Evagrius
1556 5576 1610 5628 in
1644 5576 1748 5628 line
1779 5574 1966 5643 operis
2005 5574 2108 5627 sui.
2147 5572 2303 5639 Quod
2343 5573 2565 5641 quidem
2607 5574 2860 5628 volumen
2894 5588 3030 5626 .cum
3056 5572 3320 5642 Evagrius
3349 5588 3456 5626 non

230 5670 342 5725 sine
367 5688 637 5728 consensu
666 5669 918 5741 Gregorii
955 5667 1277 5738 patriarcha:
1310 5666 1363 5719 in
1402 5666 1579 5719 lucem
1612 5662 1873 5716 edidisset
1905 5662 2219 5732 principatu
2253 5660 2458 5715 Tiberii
2490 5660 2853 5726 Constantini,
2881 5661 3172 5729 quaestoria
3196 5660 3459 5731 dignitate

230 5757 296 5808 ab
332 5759 521 5812 eodem
551 5758 879 5828 imperatore
914 5755 1148 5810 donatus
1177 5760 1281 5808 est.
1312 5753 1424 5808 Nec
1454 5752 1634 5808 multo.
1662 5759 1786 5821 post
1831 5767 1957 5807 cum
1994 5750 2306 5805 orationem
2343 5748 2740 5818 composuisset
2795 5749 2864 5803 de
2913 5747 3173 5805 laudibus
3211 5747 3456 5804 Mauricii

505 5851 765 5916 Parma.
819 5849 936 5912 Gn.
981 5845 1302 5910 LXXXVI
1312 5889 1326 5909 .
3071 5840 3148 5902 76
