4028 6500
588 390 724 455 2411
1735 388 2119 449 EVAGRIUS
2157 388 2179 448 Ε

2189 387 2713 449 lCHOLASTICUS
3665 388 3780 457 2112

589 500 818 574 Augusti
855 499 927 554 ob
965 497 1203 552 natalem
1233 496 1530 552 Theodosii
1564 498 1895 553 nobilissimi
1926 500 2108 570 pueri,
2155 499 2437 554 codicillos
2471 500 2814 569 prmfecturaz
2839 497 2908 551 ab
2954 496 3148 552 eodem
3200 496 3459 550 Mauricio
3498 501 3704 569 accepit,
3734 518 3782 561 ut

576 597 705 666 ipse
733 593 787 663 in
818 590 1046 661 EpilOgo
1066 588 1315 643 Historia:
1337 603 1450 643 sua“:
1483 597 1735 643 testatur.
1758 590 1937 644 Verba
1969 588 2189 659 Evagrii
2218 588 2298 642 sic
2328 588 2724 658 interpretatus
2744 597 2829 641 est
2852 585 3421 654 Christophorsonus:
3452 604 3469 636 ι
3500 586 3597 640 Pro
3617 589 3786 657 quibus

589 683 730 738 duos
764 676 996 733 honoris
1024 676 1228 745 gradus
1264 675 1549 730 consecuti
1578 691 1770 730 sumus
1803 693 1815 728 :
1857 687 2189 745 quaesturam
2223 692 2253 729 a
2283 674 2507 729 Tiberio
2546 673 2928 738 Constantino,
2957 681 3013 728 et
3046 688 3246 727 munus
3278 672 3571 726 tabularum
3596 690 3785 731 serun-

588 772 808 826 darum.
846 766 900 819 in
940 764 1144 833 quibus
1176 762 1561 832 praefectorum
1593 764 1815 817 nomina
1848 764 2317 825 inscribebantur,
2355 778 2385 815 a
2424 761 2688 815 Mauricio
2720 761 2966 826 Tiberio,
3004 781 3022 812 ο
3058 761 3190 827 Quae
3226 760 3442 828 quidem
3470 776 3624 828 prava
3648 762 3787 816 inter-

589 854 827 927 pretatio
862 852 1128 923 imposuit
1151 850 1396 906 Gerardo
1423 850 1612 905 Vossio
1648 859 1704 905 et
1733 851 1985 920 Philippo
2031 851 2287 905 Labbaeo.
2317 850 2451 903 Nam
2481 850 2706 904 Vossius
2728 849 2950 918 quidem
2988 848 3041 902 in
3072 849 3214 902 libro
3241 847 3313 900 De
3342 848 3583 900 historicis
3608 848 3785 911 Grecis.

588 945 1077 1018 ChristOphorsoni
1121 943 1374 1014 vestigiis
1422 943 1704 1010 insistens,
1754 943 1829 998 ita
1860 943 2037 999 dicit:
2071 962 2087 994 ι
2118 944 2227 998 Pro
2256 944 2473 998 duobus
2511 952 2692 997 autem
2744 943 2895 997 hisce
2942 942 3102 997 libris
3140 942 3217 996 ait
3259 941 3473 1010 gemino
3520 956 3574 995 se
3613 941 3789 999 honore

588 1052 711 1092 esse
746 1035 1029 1090 allectum.
1066 1032 1199 1087 Nam
1230 1047 1259 1085 a
1300 1030 1529 1085 Tiberio
1561 1030 1924 1085 Constantino
1966 1038 2243 1101 quaestura
2289 1030 2460 1085 fuisse
2496 1040 2754 1085 ornatum
2786 1048 2801 1084 :
2830 1030 2924 1085 sed
2951 1046 2981 1084 a
3019 1029 3281 1084 Mauricio
3307 1040 3645 1083 consecutum
3672 1046 3789 1096 esse,

568 1126 653 1180 ’ut
687 1122 914 1177 Tabulis
946 1119 1187 1191 publicis
1232 1127 1512 1188 praeesset.
1548 1137 1565 1169 ι
1602 1118 1889 1188 Philippus
1918 1127 2105 1174 autem
2134 1118 2404 1174 Lalrba‘us
2455 1118 2507 1173 in
2562 1119 2943 1173 Dissertatione
2982 1118 3044 1171 de
3076 1118 3415 1188 scriptoribus
3454 1116 3789 1180 ecclesiasticis.

591 1193 903 1267 versionem
952 1206 1442 1275 Christophorsoni
1484 1206 1565 1258 sic
1598 1204 1951 1275 interpolavit
1978 1224 1991 1259 :
2038 1225 2057 1257 ι
2090 1205 2270 1274 Seque
2299 1204 2439 1259 duos
2468 1205 2695 1261 honoris
2721 1205 2925 1276 gradus
2965 1206 3041 1259 ait
3077 1213 3433 1259 consecutura
3465 1223 3477 1258 :
3505 1212 3558 1257 et
3588 1205 3789 1273 primum

590 1316 620 1354 a
656 1297 882 1353 Tiberio
922 1294 1288 1350 Constantino
1325 1293 1391 1345 ad
1438 1302 1772 1361 quaesturam
1818 1303 2108 1360 evectum;
2160 1302 2273 1347 tum
2310 1308 2340 1347 a
2377 1292 2640 1346 Mauricio
2665 1308 2880 1346 .munus
2911 1293 3167 1360 adeptum
3216 1290 3599 1345 servandarum
3630 1289 3791 1344 Tabu-

590 1387 789 1449 larum,
839 1384 895 1438 in
933 1381 1135 1452 quibus
1176 1395 1283 1433 non
1335 1387 1443 1432 tam
1500 1379 1768 1443 nomina,
1804 1397 1969 1450 quam
2027 1382 2141 1451 ipsa
2192 1378 2579 1449 praefectorum
2619 1391 2739 1434 acta
2785 1379 3252 1433 inscribebantur.
3294 1397 3313 1430 ι
3372 1377 3582 1443 Quanto
3628 1378 3793 1433 melius

592 1472 889 1534 llusculus,
939 1469 1035 1538 qui
1077 1466 1296 1538 Evagrii
1349 1466 1532 1520 locum
1588 1466 1663 1520 ita
1693 1468 1860 1521 vertit
1902 1487 1916 1523 :
1957 1486 1975 1519 ι
2008 1467 2251 1533 Quarum
2299 1469 2465 1524 etiam
2513 1471 2689 1539 gratia
2744 1469 2882 1524 duas
2926 1470 3224 1540 dignitates
3267 1483 3458 1522 sumus
3496 1468 3790 1521 consecuti:

590 1558 817 1614 Tiberio
853 1554 1216 1611 Constantino
1246 1563 1640 1623 quaestoratum
1672 1554 1959 1624 largiente,
1994 1554 2257 1609 Mauricio
2287 1570 2417 1609 vero
2453 1555 2675 1609 Tiberio
2703 1556 2918 1611 litteras
2948 1555 3311 1626 hyparchicas
3334 1553 3623 1608 mittente.»
3655 1552 3791 1608 Codi-

590 1646 745 1701 cillos
780 1642 1116 1713 prtefecturaa
1141 1641 1314 1696 voluit
1344 1641 1554 1705 dicere,
1599 1657 1739 1710 quos
1781 1642 1959 1697 Latini
2001 1643 2165 1697 etiam
2195 1642 2405 1696 litteras
2443 1642 2741 1712 appellant,
2778 1651 2839 1696 ut
2863 1643 2973 1713 jam
3010 1634 3221 1711 pridem
3249 1639 3533 1695 observavi
3567 1640 3616 1694 in
3637 1640 3791 1695 Adno-

591 1730 892 1787 tationibus
937 1728 1006 1784 ad
1042 1728 1392 1783 Ammianum
1446 1728 1844 1793 Marcellinum,
1894 1730 2033 1784 llinc
2062 1739 2146 1784 est
2171 1729 2318 1799 quod
2356 1730 2625 1800 Evagrius
2660 1729 2714 1783 in
2753 1730 2913 1784 titulo
2955 1729 3319 1784 Historiarum
3350 1743 3591 1791 suarum,
3628 1744 3680 1784 se
3706 1730 3793 1783 ἀπὸ

588 1821 843 1889 ἐπάρχων
883 1816 1141 1886 appellat,
1172 1830 1239 1869 eo
1262 1814 1411 1884 quod
1451 1816 1720 1870 codicillis
1755 1817 2064 1871 honorariae
2098 1818 2439 1887 praefectura:
2472 1819 2540 1872 ab
2570 1818 2904 1888 imperatore
2928 1817 3166 1872 donatus
3194 1816 3408 1871 fuisset.
3444 1816 3792 1885 Ediditpostea

589 1905 734 1959 idem
785 1902 1053 1973 Evagrius
1080 1917 1178 1956 sex
1220 1901 1395 1955 libros
1442 1902 1691 1957 Historia:
1733 1903 2117 1967 ccclesiasticw,
2164 1905 2499 1959 exorsusab
2544 1905 2612 1960 iis
2662 1905 3008 1975 temporibus
3042 1905 3096 1959 in
3137 1906 3340 1975 quibus
3372 1903 3717 1958 Theodoritus
3744 1919 3793 1958 ac

588 1992 845 2047 Socrates
889 1990 1189 2052 desierant,
1234 1989 1288 2043 id
1330 1998 1414 2044 est
1453 1990 1524 2044 ab
1570 1990 1845 2060 Ephesina
1897 1991 2107 2061 synodo
2140 1989 2195 2045 in
2243 2007 2352 2060 qua
2393 1993 2689 2047 damnatus
2712 2008 2778 2047 ac
2810 1992 3097 2062 depositus
3124 2002 3210 2047 est
3249 1992 3551 2057 Nestorius,
3579 1992 3641 2046 ab
3674 2008 3793 2045 anno

587 2082 804 2138 scilicet
847 2080 1055 2135 Christi
1095 2080 1219 2143 451,
1264 2095 1496 2148 eamque
1539 2079 1605 2134 ad
1656 2079 2046 2133 duodecimum
2087 2079 2331 2134 Mauricii
2386 2078 2735 2149 imperatoris
2779 2095 2986 2133 annum
3039 2080 3319 2149 perduxit,
3368 2080 3460 2149 qui
3507 2078 3605 2133 fuit
3648 2094 3794 2133 anuus

587 2172 787 2226 natalis
839 2167 1112 2223 Dominici
1160 2168 1282 2223 594.
1315 2168 1477 2222 Certe
1512 2168 1567 2221 in
1612 2168 1708 2221 lib.
1753 2185 1828 2232 ιιι,
1877 2183 2000 2238 cap.
2046 2169 2136 2233 35,
2179 2167 2246 2222 de
2296 2166 2501 2221 Severo
2554 2166 2925 2222 Antiochense
2956 2168 3220 2238 episcopo
3258 2169 3511 2238 loquens,
3550 2184 3652 2238 quo
3680 2176 3792 2223 tem-

589 2273 725 2329 pore
773 2256 877 2310 ista
917 2255 1217 2317 scribebat,
1267 2269 1471 2308 annum
1508 2255 1982 2309 Antiochenorum
2017 2256 2186 2310 fuisse
2226 2254 2362 2309 dicit
2399 2253 2523 2307 6M.
2562 2253 2700 2307 Cum
2739 2254 2906 2324 igitur
2937 2270 3045 2307 atra
3100 2255 3566 2309 Antiochenorum
3605 2266 3715 2310 octo
3750 2264 3791 2309 et

587 2346 952 2417 quadraginta
1001 2343 1160 2399 annis
1200 2345 1435 2397 natalem
1472 2342 1676 2399 Christi
1714 2354 2044 2409 antevertat,
2081 2342 2334 2398 deductis
2361 2356 2428 2395 ex
2458 2340 2564 2395 hoc
2594 2356 2824 2395 numero
2849 2341 3010 2396 annis
3038 2342 3129 2405 48,
3159 2352 3405 2398 remanet
3433 2360 3601 2397 annus
3622 2342 3794 2399 Christi

589 2435 710 2489 594.
757 2432 905 2487 ldem
944 2431 1112 2486 etiam
1161 2430 1452 2484 conficitur
1477 2445 1542 2483 ex
1576 2445 1695 2500 cap.
1728 2432 1819 2496 Q9,
1849 2431 1947 2486 lib.
1997 2447 2069 2493 tv,
2119 2429 2213 2483 ubi
2246 2427 2440 2483 scribit
2478 2428 2766 2499 Evagrius,
2802 2428 2933 2482 dum
2979 2428 3080 2483 ista
3118 2430 3319 2484 litteris
3354 2431 3647 2493 mandaret,
3676 2430 3792 2483 luem

590 2522 735 2575 illam
768 2518 1133 2590 ingninariam
1168 2532 1290 2585 qua:
1336 2524 1510 2571 totum
1553 2517 1744 2571 orbem
1792 2517 2150 2587 pervastavit,
2199 2516 2359 2570 annis
2398 2516 2510 2587 jam
2557 2516 2776 2570 duobus
2822 2527 2879 2571 et
2922 2517 3321 2589 quinquaginta
3360 2526 3647 2589 grassatam
3675 2532 3791 2572 esse.

587 2608 837 2665 Crassari
881 2615 1063 2662 autem
1092 2607 1332 2675 coeperat
1356 2604 1472 2659 hzec
1512 2604 1632 2661 lues
1664 2605 1892 2660 biennio
1927 2616 2052 2676 post
2078 2615 2292 2675 captam
2322 2619 2352 2657 a
2394 2604 2576 2659 Persis
2603 2603 2975 2670 Antiochiam,
3022 2605 3128 2660 hoc
3158 2615 3243 2661 est
3285 2622 3432 2661 anno
3468 2606 3659 2661 Christi
3694 2606 3792 2660 542.

587 2695 689 2749 Cui
720 2709 991 2749 annorum
1018 2707 1254 2746 numero
1283 2691 1330 2746 si
1358 2692 1499 2745 duos
1527 2692 2003 2762 etquinquaginta
2029 2708 2205 2746 annos
2230 2691 2519 2760 adjeceris,
2553 2691 2646 2747 ﬁet
2670 2708 2855 2748 annus
2878 2693 3087 2749 Christi
3117 2696 3242 2750 594.
3267 2694 3539 2750 Cancrum
3561 2694 3794 2750 laudanda

587 2790 671 2836 cst
708 2782 762 2835 in
796 2779 989 2850 primis
1022 2778 1239 2849 Evagrii
1282 2777 1588 2855 diligentia,
1621 2777 1714 2848 qui
1746 2794 1870 2833 cum
1907 2778 2195 2831 Historiam
2227 2778 2659 2833 Ecclesiasticam
2686 2782 2934 2838 scribere
2965 2797 3257 2853 aggressus
3291 2794 3462 2847 esset,
3498 2797 3795 2853 quaecunque

588 2868 655 2922 ad
694 2867 747 2922 id
791 2874 1176 2937 argumentum
1227 2866 1569 2935 spectabant.
1616 2881 1682 2920 ex
1717 2865 1941 2935 optimis
1992 2867 2362 2935 scriptoribus
2419 2870 2659 2940 collegit,
2706 2880 2838 2940 puta
2890 2887 2960 2927 ex
3005 2872 3215 2935 Prisco,
3265 2871 3502 2938 Joanne,
3548 2871 3793 2933 Zacharia,

591 2953 903 3016 Eustathio,
948 2960 1005 3007 et
1051 2952 1319 3019 Procopio
1365 2952 1730 3006 rhetoribus..
1774 2952 1961 3023 Stylus
2006 2969 2225 3022 quoque
2264 2957 2383 3025 ejus
2413 2973 2519 3010 non
2554 2959 2947 3027 improbandus
2975 2968 3082 3015 est.
3116 2960 3291 3014 llabet
3337 2962 3483 3014 enim
3512 2962 3795 3029 elegantiam

588 3050 646 3098 et
682 3048 1052 3101 venustatem,
1089 3046 1150 3091 ut
1194 3048 1426 3092 testatur
1459 3040 1622 3093 etiam
1665 3040 1914 3094 Photius.
1953 3039 2061 3094 Sed
2107 3042 2255 3110 quod
2298 3045 2573 3115 pratcipue
2620 3047 2674 3100 in
2713 3047 2947 3119 Evagrio
2985 3047 3320 3103 laudandum
3365 3059 3471 3113 est,
3520 3066 3583 3103 cx
3626 3048 3798 3102 Graacis

590 3131 979 3188 ecclesiasticae
1023 3128 1277 3183 Historiae
1310 3127 1705 3197 scriptoribus,
1752 3130 1903 3185 solus
1940 3132 2029 3186 hic
2071 3144 2233 3188 rectm
2261 3136 2384 3190 lidei
2419 3137 2724 3192 doctrinam
2758 3139 3029 3210 integram
3062 3148 3228 3209 atque
3269 3140 3534 3195 illibatam
3575 3142 3797 3205 servavit,

592 3229 653 3275 ut
676 3228 799 3290 post
818 3218 1078 3273 Photium
1109 3216 1428 3270 observavit
1459 3216 1732 3271 Baronius
1759 3218 1812 3272 in
1846 3219 2161 3276 Annalibus.
2191 3222 2326 3277 Illud
2357 3234 2537 3280 tamen
2567 3226 2619 3279 in
2644 3242 2711 3281 eo
2739 3226 3236 3297 reprehensionem
3264 3238 3531 3293 meretur,
3557 3228 3689 3298 quod
3710 3244 3792 3281 non

592 3314 799 3363 tantam
829 3305 1168 3376 diligentiam
1194 3303 1449 3357 adhibuit
1478 3305 1533 3358 in
1566 3306 1962 3375 conquirendis
1987 3310 2333 3379 antiquitatis
2362 3311 2754 3367 ecclesiastica
2782 3298 3178 3379 monumentis,
3212 3326 3476 3384 quantam
3506 3316 3559 3369 in
3590 3314 3797 3385 legendis

591 3393 840 3463 profanis
881 3390 1266 3461 scriptoribus.
1320 3389 1483 3445 Certe
1530 3400 1678 3446 totus
1733 3393 1848 3448 lere
1899 3396 2042 3449 liber
2092 3406 2280 3451 sextus
2322 3397 2377 3451 in
2432 3398 2563 3454 belli
2626 3400 2831 3454 Persici
2878 3401 3195 3455 narratione
3242 3404 3606 3457 consumitur.
3646 3402 3797 3473 Stylus

591 3489 857 3546 prtetcrea
888 3478 1168 3548 plerisque
1200 3477 1253 3530 in
1280 3478 1419 3533 locis
1455 3478 1726 3533 redundat
1751 3496 1815 3535 ac
1844 3482 2108 3547 luxuriat,
2134 3492 2195 3537 ut
2220 3493 2367 3538 recte
2391 3484 2659 3555 judicavit
2688 3486 2920 3542 Photius
2949 3487 3004 3542 in
3030 3488 3377 3544 Bibliotheca.
3405 3490 3570 3562 Cujus
3593 3507 3799 3561 περιττο-

590 3567 776 3634 λογίας
814 3566 1124 3634 cxemplum
1167 3565 1340 3619 habes
1379 3565 1434 3619 in
1469 3580 1589 3635 cap.
1624 3568 1680 3629 2,
1728 3568 1827 3622 lib.
1863 3585 1901 3631 ι,
1943 3570 2145 3624 ubi'de

2204 3572 2436 3626 Vestorio
2470 3572 2543 3627 ita
2580 3572 2716 3627 dicit
2762 3592 2775 3628 :
2822 3574 2884 3627 'H
2923 3574 3190 3646 θεομάχος
3222 3577 3467 3644 γλῶσσα,
3503 3580 3562 3632 τὸ
3607 3579 3795 3643 Καῖάφα

589 3652 843 3723 δεύτερον
891 3651 1189 3720 συνέδριον,
1234 3660 1377 3717 etc.;
1425 3661 1483 3706 et
1524 3654 1579 3706 in
1626 3670 1748 3723 cap.
1796 3656 1850 3716 5,
1895 3656 1991 3709 lib.
2036 3671 2093 3719 ll,
2131 3658 2180 3710 ul

2209 3658 2223 3710 i
2282 3660 2543 3728 templum
2590 3660 2804 3715 Sanctae
2844 3662 3165 3730 Euphemia:
3214 3664 3487 3720 describit
3524 3665 3660 3736 quod
3703 3675 3798 3721 erat

588 3739 958 3803 Chalcedone,
988 3746 1044 3793 et
1084 3739 1209 3791 aliis
1238 3740 1295 3792 in
1326 3738 1465 3794 locis
1489 3756 1609 3810 qua:
1647 3743 1929 3798 studiosus
1950 3743 2121 3797 lector
2151 3758 2249 3811 per
2281 3760 2339 3799 se
2368 3746 2483 3814 ipse
2524 3745 2683 3801 facile
2718 3747 3059 3804 observabit.
3098 3751 3269 3805 Porro
3301 3753 3590 3808 Historiam
3617 3752 3796 3822 Evagrii

592 3827 801 3897 primus
844 3825 1091 3880 omnium
1138 3826 1413 3881 Robertus
1460 3827 1773 3897 Stephanus
1811 3830 1999 3884 Graece
2030 3829 2205 3883 edidit
2236 3846 2301 3884 ex
2344 3833 2506 3887 unico
2536 3834 2723 3889 codice
2758 3851 2859 3889 ms.
2904 3836 3251 3893 bibliotheca:
3294 3840 3497 3911 Regim,
3542 3841 3796 3895 admodum

591 3923 831 3977 recente,
881 3928 982 3967 nec
1020 3912 1177 3966 valde
1233 3913 1401 3967 bono.
1451 3915 1707 3969 Pluribus
1750 3917 1896 3969 enim
1941 3917 1995 3968 in
2038 3916 2175 3970 locis
2220 3932 2448 3973 mancus
2487 3930 2571 3974 est
2620 3936 2685 3975 ac
2724 3924 2976 3978 mutilus.
3024 3926 3136 3979 Nos
3184 3943 3321 3982 vero
3351 3944 3418 3982 ex
3456 3929 3661 3984 duobus
3690 3944 3793 3980 mss.

589 4000 811 4067 optima:
854 4008 998 4052 notae
1029 3999 1337 4063 codicibus,
1378 4000 1667 4054 Historiam
1698 4002 1915 4071 Evagrii
1959 4011 2040 4055 tot
2075 4004 2127 4056 in
2163 4003 2298 4061 locis
2327 4008 2745 4064 emendavimus
2771 4027 2835 4066 ac
2869 4014 3272 4084 supplevimus,
3316 4027 3379 4072 ut
3423 4034 3568 4073 nunc
3592 4019 3794 4088 primum

588 4086 737 4139 edita
780 4086 954 4154 possit
980 4085 1180 4140 videri.
1233 4088 1448 4141 Primus
1486 4088 1591 4141 fuit
1621 4089 1790 4142 codex
1832 4090 2181 4144 Florentinus
2206 4106 2273 4144 ex
2303 4092 2635 4150 bibliotheca
2677 4096 2865 4153 Sancti
2902 4100 3213 4163 Laurentii.
3242 4120 3409 4173 quem
3436 4121 3560 4159 cum
3591 4085 3795 4158 editione

588 4172 892 4226 Genevcnsi
936 4175 1169 4226 contulit
1210 4175 1295 4228 vir
1331 4176 1669 4230 clarissimus
1701 4177 1929 4231 Michael
1971 4177 2272 4242 Erminius,
2312 4187 2367 4233 et
2408 4180 2587 4235 varias
2626 4184 2747 4253 ejus
2789 4185 3055 4242 lectiones
3087 4172 3387 4245 manusua
3432 4192 3715 4261 descriptas
3742 4188 3794 4242 ad

592 4276 675 4313 me
713 4259 881 4313 misit.
920 4259 1039 4325 Quo
1072 4260 1295 4329 quidem
1342 4262 1564 4315 nomine
1608 4262 1903 4331 plurimum
1953 4265 2004 4319 ei
2054 4280 2140 4319 me
2186 4264 2389 4320 debere
2430 4268 2711 4337 proﬁteor.
2754 4271 2852 4327 Hic
2882 4274 3055 4329 codex
3102 4278 3351 4332 omnium
3404 4259 3793 4349 Evagriiexem—

591 4347 820 4416 plarimn
852 4346 1096 4415 optimus
1116 4357 1199 4401 est
1231 4363 1295 4401 ac
1318 4349 1745 4421 vetustissimus.
1773 4350 2022 4420 Scriptus
2049 4359 2134 4405 est
2158 4352 2305 4405 enim
2335 4353 2389 4407 in
2420 4356 2755 4412 membranis
2782 4370 2910 4413 ante
2938 4377 3112 4417 annos
3146 4364 3268 4432 plus
3300 4364 3483 4419 minus
3507 4346 3797 4434 quingentos

589 4442 649 4486 ut
694 4432 826 4485 mihi
880 4432 1067 4485 retulit
1121 4433 1395 4503 αὐτόπτης
1434 4433 1717 4489 Emericus
1746 4435 2009 4506 Bigotius,
2047 4437 2133 4490 vir
2159 4439 2511 4496 doctissimus
2550 4458 2613 4497 ac
2650 4444 2718 4498 de
2754 4445 2955 4501 litteris
2992 4450 3199 4518 Optime
3239 4452 3475 4507 meritus
3507 4432 3538 4505 ε-
3555 4432 3698 4522 cujus
3724 4450 3797 4502 be-

591 4520 789 4573 ncticio
838 4528 1002 4588 atque
1050 4519 1365 4574 interventu
1410 4536 1573 4590 supra
1622 4533 1951 4578 memoratas
1992 4525 2173 4579 varias
2200 4526 2467 4582 lectiones
2515 4544 2544 4582 a
2600 4530 2863 4587 Michaele
2911 4534 3158 4590 Erminio
3200 4538 3263 4591 ν.
3300 4537 3365 4593 C.
3406 4539 3595 4593 missas
3619 4519 3792 4603 accepi.

589 4609 645 4662 In
678 4607 869 4659 eodem
897 4606 1085 4660 codice
1111 4606 1424 4660 Florentino
1454 4607 1688 4677 ascripta
1719 4620 1877 4664 erant
1908 4610 1962 4663 in
1996 4614 2238 4683 margine
2268 4616 2475 4669 scholia
2505 4618 2754 4686 quaedam
2788 4636 2897 4674 non
2944 4622 3241 4688 inerudito,
3268 4641 3393 4695 qua:
3436 4641 3535 4681 nos
3568 4626 3619 4679 in
3644 4622 3794 4678 Adno-

591 4693 890 4746 tationihus
931 4693 1136 4746 nostris
1185 4708 1284 4747 suo
1332 4693 1451 4747 loco
1484 4696 1788 4751 retulimus.
1818 4696 2090 4752 Caeterum
2124 4702 2435 4757 monendus
2466 4714 2549 4758 est
2587 4706 2780 4769 lector,
2806 4709 2859 4761 in
2887 4708 2989 4763 hoc
3023 4710 3212 4767 codice
3244 4693 3559 4768 Florentino
3588 4708 3795 4766 Soeralis

589 4780 913 4835 Seholastici
968 4779 1258 4833 Historiam
1289 4780 1453 4835 etiam
1490 4782 1783 4847 contineri,
1823 4785 1979 4855 cujus
2012 4787 2285 4842 variantes
2316 4790 2583 4845 lectiones
2615 4808 2778 4846 manu
2821 4810 2915 4848 sua
2951 4796 3241 4853 adnotatas
3278 4799 3424 4854 idem
3458 4798 3714 4855 Erminius
3738 4793 3792 4847 ad

590 4882 674 4919 me
705 4867 911 4920 dudum
941 4867 1264 4932 transmisit,
1301 4878 1361 4923 ut
1389 4879 1515 4923 ante
1546 4880 1719 4925 annos
1745 4882 1982 4941 quatuor
2008 4882 2241 4930 testatus
2275 4892 2395 4930 sum
2434 4878 2489 4931 in
2518 4894 2583 4933 ea
2618 4881 2942 4935 Prwi‘atione
2968 4899 3131 4952 quam
3177 4887 3422 4943 Socratis
3450 4866 3515 4943 ac
3544 4880 3792 4941 Sozomeni

588 4954 814 5006 editioni
853 4954 1081 5021 praeﬁxi.
1128 4954 1416 5009 Secundus
1443 4955 1615 5011 codex
1660 4956 2021 5027 depromptus
2062 4969 2241 5017 estex
2281 4964 2615 5021 bibliotheca
2664 4968 3021 5024 illustrissimi
3053 4974 3329 5029 Antistitis
3358 4976 3536 5030 Caroli
3579 4968 3790 5028 Mauricii

592 5037 841 5100 Tellerii,
896 5039 1184 5093 licmcnsis
1212 5041 1621 5111 archiepiscopi
1648 5060 1661 5095 :
1695 5059 1802 5097 non
1831 5044 1990 5100 valde
2024 5057 2274 5104 vetustus
2299 5051 2390 5106 ille
2423 5054 2646 5121 quidem
2672 5070 2687 5119 ;
2727 5055 2902 5110 bonus
2928 5065 3108 5112 tamen
3137 5068 3194 5113 et
3224 5061 3371 5117 docti
3401 5061 3635 5117 hominis
3654 5070 3790 5112 manu

589 5124 917 5193 descriptus.
959 5122 1055 5179 llic
1090 5127 1261 5181 codex
1299 5130 1488 5185 multis
1521 5131 1574 5183 in
1608 5130 1742 5185 locis
1780 5145 1976 5201 magno
2000 5135 2163 5190 nobis
2190 5137 2510 5205 adjumento
2545 5139 2667 5202 fuit,
2700 5151 2757 5195 ut
2798 5143 2849 5195 in
2881 5144 3344 5203 Adnotationibus
3370 5150 3570 5205 nostris
3592 5141 3792 5203 subinde

590 5212 953 5266 ostendimus.

590 5222 953 5269 OalClldllllllS.
