4028 6494
220 382 354 448 ειη
1396 379 1757 442 VETERUM
1793 379 1811 437 ';

1853 376 2258 438 ESTIMONIA
3303 372 3444 438 2414

239 590 3326 619 mw

1108 757 1686 849 VETERUM
1744 732 2499 846 TESTIMONIA

1771 962 1841 972 ...ι-

938 1068 941 1069 ν
972 1085 1053 1141 Es:
1077 1088 1282 1141 actione
1308 1088 1498 1157 quinta
1530 1086 1771 1156 septima:
1798 1086 1985 1156 synodi
2006 1086 2354 1150 wcumenicar,
2379 1100 2502 1155 pag.
2538 1085 2661 1140 615.

286 1223 378 1295 Ἐκ
399 1222 499 1292 τῆς
518 1222 1007 1295 Ἐκκλησιαστικῆς
1037 1222 1298 1295 Ἱστορίας
1326 1220 1718 1295 Eurotam};
1741 1218 1836 1274 τοῦ
1862 1221 2123 1290 τετάρτου
2144 1220 2325 1287 λόγου.
2350 1219 2505 1275 Μετὰ
2538 1220 2649 1291 γὰρ
2672 1220 2732 1274 τὸ
2751 1210 3044 1293 προϐαλεῖν
3074 1225 3140 1295 τῇ
3165 1224 3318 1280 πόλει
3346 1226 3438 1282 τὸν

216 1290 474 1363 Χοσρόην)
514 1300 572 1346 et
596 1290 792 1346 caetera
815 1308 939 1361 qua:
965 1290 1242 1348 habentur
1269 1292 1325 1347 in
1354 1290 1491 1359 cap.
1510 1290 1601 1356 27,
1633 1290 1733 1344 lib.
1761 1305 1834 1345 IV.

1358 1449 1442 1503 Ex
1466 1449 1809 1504 Bibliotheca
1837 1449 2033 1517 Pharii,
2074 1468 2192 1521 cap.
2216 1451 2304 1506 29.

287 1585 633 1656 ’Δνεγνώσθη
681 1583 955 1655 Εὐαγρὶου
1006 1581 1395 1653 Σχολαστικοῦ,
1431 1583 1541 1636 ἀπὸ
1592 1584 1764 1653 ἐπάρο
1800 1593 1842 1647 Α

1940 1584 2105 1639 Lecta
2142 1592 2226 1639 est
2282 1582 2501 1655 Evagrii
2559 1566 2879 1639 scholastici
2937 1579 3271 1649 carpi-refecti,
3324 1583 3435 1637 nati

210 1699 332 1752 κων.
361 1680 575 1740 πόλεως
611 1679 668 1732 δὲ
712 1675 1041 1745 Ἐπιφανοῦς
1080 1674 1183 1745 τῆς
1228 1676 1369 1729 κατὰ
1419 1676 1518 1745 τὴν
1565 1675 1768 1746 Κοίλην

1866 1677 2174 1747 Epiphania
2229 1677 2368 1731 urbe
2442 1675 2774 1747 Cwlesyrim,
2834 1672 3207 1728 Ecclesiastica
3263 1673 3436 1727 Histo-

211 1772 417 1843 Συρίαν,
446 1767 959 1836 Ἐκκλησιαστικὴ
994 1767 1251 1835 Ἰστορία
1272 1768 1329 1819 ὲν
1351 1766 1538 1837 τόμοις
1559 1767 1639 1831 ἓξ,
1671 1768 1768 1838 ἀρ-

1870 1770 1953 1823 ria
1982 1768 2140 1823 libris
2158 1783 2285 1823 sex:
2310 1767 2621 1823 inchoansa
2643 1766 2749 1821 ﬁne
2774 1764 3020 1820 Socratis
3038 1771 3093 1817 et
3112 1762 3433 1817 Theodoriti

209 1866 301 1935 χὴν
328 1863 632 1933 ποιουμένη
662 1861 723 1914 τὸ
743 1860 897 1924 τέλος
929 1861 1029 1930 τῆς
1080 1860 1405 1932 Σωκράτους
1444 1860 1539 1913 καὶ
1564 1859 1769 1912 Θεοδω-

1866 1858 2252 1925 Historiarum,
2312 1862 2739 1929 pertingensque
2810 1856 2878 1911 ad
2931 1853 3178 1909 Mauricii
3231 1870 3432 1908 annum

212 1956 349 2024 ρίτου
393 1952 685 2022 Ἱστορίας,
736 1951 829 2004 καὶ
853 1951 1115 2003 κατιοῦσα
1148 1950 1309 2020 μέχρι
1354 1948 1455 2019 τῆς
1490 1936 1767 2019 βασιλείας

1868 1952 2252 2007 duodecimum
2278 1951 2517 2020 imperii.
2545 1949 2729 2020 Stylus
2759 1947 2889 2002 huic
2918 1962 3026 2001 non
3059 1945 3326 2016 ingratus,
3356 1956 3436 2000 ta-

211 2041 527 2111 Μαυρικίου,
541 2040 661 2103 ἔτος
678 2039 978 2093 δωδέκατον
1000 2040 1057 2092 ὲν
1076 2041 1143 2109 τῇ
1171 2038 1418 2109 βασιλεία
1437 2037 1764 2101 διανύοντος.

1866 2043 2027 2098 metsi
2063 2043 2340 2097 interdum
2376 2040 2685 2097 redundare
2722 2036 3125 2117 quodammodo
3159 2035 3430 2091 videatur.

213 2133 356 2184 Ἐστι
382 2131 438 2184 δὲ
462 2133 569 2202 τὴν
596 2132 792 2202 φράσιν
837 2130 937 2184 οὐκ
968 2130 1185 2201 ἄχαρις,
1216 2133 1265 2184 εἰ
1298 2130 1393 2183 καί
1422 2148 1539 2194 πως
1574 2146 1767 2199 περιτ-

1866 2136 2068 2191 Verum
2099 2134 2155 2188 in
2192 2134 2507 2205 dogmatum
2532 2132 2763 2189 veritate
2799 2130 3012 2186 caeteris
3040 2127 3322 2182 historicis
3344 2144 3435 2181 ac-

209 2221 446 2273 τεύεσθαι
473 2222 655 2275 ἐνίοτε
689 2222 874 2275 δοκεῖ*
911 2223 969 2275 ὲν
1020 2221 1077 2274 δὲ
1130 2224 1196 2293 τῇ
1231 2220 1339 2274 τῶν
1368 2220 1654 2291 δογμάτων
1678 2220 1769 2290 ὀρ-

1866 2227 2109 2281 curatior
2130 2234 2233 2281 est.
2257 2225 2432 2282 liabet
2451 2232 2636 2280 autem
2666 2223 2809 2281 etde
2832 2219 3161 2292 imaginibus
3185 2219 3430 2289 quaedam

211 2312 378 2382 Θότητι
406 2312 645 2383 ἀκριϐὴς
670 2312 777 2366 τῶν
809 2312 985 2366 ἄλλων
1021 2312 1219 2382 μᾶλλον
1268 2310 1580 2381 ἱστορικῶν.
1611 2311 1766 2379 Ἔχει

605 2330 645 2383 ις
670 2312 777 2366 τῶν
809 2312 985 2366 ἄλλων
1021 2312 1219 2382 μᾶλλον
1268 2310 1580 2381 ἱστορικῶν.
1611 2311 1766 2379 Ἔχει
1868 2318 2196 2374 testimonia,

209 2406 262 2458 δὲ
281 2405 371 2458 καὶ
396 2406 630 2477 χρήσεις
653 2404 786 2475 περὶ
813 2406 1077 2459 εἰκόνωνφ

1239 2562 1559 2634 Nicephorus
1607 2559 1859 2617 Callistus
1894 2560 1949 2612 in
1982 2558 2073 2616 lib.
2109 2575 2148 2624 l,
2183 2576 2300 2629 cap.
2340 2560 2389 2614 l.

278 2691 534 2761 Deinceps
558 2707 697 2747 vero
724 2691 1046 2748 Theodorus
1075 2693 1251 2749 lector
1280 2694 1596 2766 Byzantius,
1625 2701 1682 2748 et
1706 2689 1941 2745 Basilius
1964 2688 2127 2754 Cilix,
2154 2698 2210 2744 et
2231 2688 2590 2770 exprael'ectus
2614 2688 2902 2760 Evagrius,
2932 2689 3284 2758 superiorum
3305 2696 3433 2741 ante

213 2781 349 2850 ipsos
383 2788 700 2850 temporum
736 2796 823 2835 res
862 2782 1261 2851 praetergressi,
1292 2792 1348 2837 et
1381 2790 1630 2850 tempora
1670 2795 1768 2834 sua
1800 2778 1939 2847 stylo
1978 2778 2277 2846 prosecuti,
2312 2790 2505 2830 eorum
2541 2792 2682 2846 quos
2717 2776 2880 2830 modo
2910 2775 3149 2831 diximus
3180 2773 3434 2829 Historiis

212 2882 328 2921 suas
369 2867 797 2937 coniunxerunt,
843 2866 1215 2924 difﬁcultatem
1260 2867 1700 2922 reformidantes.
1746 2864 2005 2921 Nonnulli
2066 2866 2296 2921 etiame
2354 2864 2465 2919 vita
2512 2866 2656 2920 inter
2695 2865 3047 2921 scribendum
3083 2864 3432 2927 excedentes,

212 2950 508 3007 institutum
542 2969 683 3022 opus
709 2954 933 3008 minime
968 2954 1401 3023 compleverunt.
1435 2953 1555 3023 lpse
1584 2953 1807 3023 quidem
1846 2954 2114 3024 Evagrius
2140 2952 2583 3023 Epiphaniensis,
2616 2952 2913 3008 Historiam
2941 2968 3115 3023 usque
3142 2951 3208 3006 ad
3232 2949 3434 3006 Justinl

208 3049 407 3094 atatem
445 3040 699 3103 deducit,
735 3041 968 3097 maxima
997 3056 1063 3095 ex
1093 3050 1249 3111 parte
1288 3057 1377 3096 res
1406 3041 1663 3111 profanas
1704 3049 1948 3097 tractans
1977 3059 1991 3095 :
2028 3056 2259 3112 quarum
2288 3048 2608 3111 argumenta
2641 3048 2699 3095 et
2729 3042 3015 3096 materiam
3046 3055 3114 3094 ex
3145 3035 3435 3093 Eustathio

206 3124 359 3195 Syro,
395 3125 649 3191 Zosimo,
693 3127 899 3191 Prisco,
944 3127 1176 3193 Joanne,
1220 3128 1492 3197 Procopio
1526 3127 1871 3193 Caesariensi,
1918 3128 2166 3199 Agathia,
2201 3128 2295 3197 qui
2335 3128 2442 3183 illis
2483 3128 2825 3198 temporibus
2853 3127 3115 3184 continua
3167 3122 3311 3180 serie
3348 3121 3434 3178 in-

206 3213 373 3285 signes
417 3213 583 3270 fuere
624 3222 891 3280 oratores,
918 3222 997 3283 et
1026 3221 1291 3284 praeterea
1325 3230 1393 3271 ex
1426 3216 1549 3270 aliis
1594 3231 1706 3270 non
1745 3216 2079 3286 paenitendis
2115 3213 2393 3271 historicis
2431 3213 2729 3285 decerpsit.
3300 3226 3307 3231 '

1421 3370 1569 3425 Idem
1611 3370 1666 3424 in
1705 3370 1799 3424 lib.
1838 3386 1952 3438 xvr,
1976 3387 2096 3440 cap.
2125 3372 2217 3426 51.

266 3493 391 3559 Ουω
421 3508 565 3549 vero
591 3493 660 3550 de
692 3493 895 3551 Severo
932 3495 1202 3569 Evagrius
1249 3497 1682 3569 Epiphaniensis
1714 3499 1993 3554 memoria:
2021 3499 2382 3556 mandaverit.
2411 3500 2598 3557 verbis
2628 3500 2720 3556 hic
2753 3500 2873 3573 ejus
2900 3514 3194 3572 apponam.
3228 3498 3435 3558 Scribit

207 3580 343 3636 enin
378 3583 447 3639 ad
489 3582 645 3639 hunc
693 3584 961 3642 modum:
1002 3586 1071 3644 Et
1115 3595 1309 3645 caetera
1360 3602 1482 3660 quas
1516 3593 1733 3643 exstant
1774 3585 1829 3642 in
1875 3585 1973 3642 lib.
2013 3601 2068 3642 ιιι
2112 3588 2353 3660 Evagrii,
2398 3603 2518 3659 cap.
2553 3589 2640 3643 54.
