3970 6562
206 472 321 537 2417
1104 459 1488 522 HISTORI/E
1526 452 1774 517 ECCLE!

1852 448 2124 513 \STICJS
2165 450 2396 510 LIBER
2436 447 2484 507 ῐ.
3270 432 3420 505 Sila

262 581 326 638 ιζ.
365 579 446 643 Ὦς
493 575 625 643 μετὰ
677 574 839 628 πέντε
874 574 1087 646 ἡμέρας
1132 572 1302 627 ἐλθὼν
1328 574 1358 625 ὁ
1399 568 1731 639 ’Δντιοχείας
1758 565 1810 623 Α

1903 564 1968 619 V.
2029 562 2321 630 Quomodo
2384 561 2625 617 Joannes
2686 556 3080 614 Antiochensis
3126 556 3426 628 episcopus

214 675 433 739 Ἰωάννης
474 668 722 737 καθαιρεῖ
766 664 1037 736 Κύριλλον
1066 664 1156 717 τὸν
1206 661 1614 733 Ἀλεξανδρείας
1642 659 1737 713 καὶ

1854 670 1969 738 sum
2024 664 2152 725 post
2208 654 2468 725 quintum
2529 650 2678 706 diem
2742 650 3090 716 advenisset,
3152 650 3422 721 Cyrillum

206 768 426 834 Μέμνονα
446 761 535 815 τὺν
574 759 827 828 Ἐφέσου*
853 756 947 820 οὒς
980 758 1014 828 ή
1046 756 1263 820 σύνοδος
1290 755 1454 810 πάλιν
1480 753 1733 826 ὴθώωσε,

1855 747 2187 806 Alexandria:
2211 756 2269 802 ct
2302 747 2648 801 Memnonem
2680 741 2886 812 Ephesi
2917 741 3209 813 episcopos
3247 742 3423 797 desti-

206 852 470 907 καθελοῦσα
511 849 765 919 Ἰωάννην
798 849 892 900 καὶ
929 848 1056 911 τοὺς
1086 848 1202 917 μετ’
1235 843 1424 900 αὐτοῦ·
1461 845 1556 899 καὶ
1587 845 1737 909 ὅπως

1856 844 1982 900 mit:
2036 842 2136 913 qui
2185 857 2311 895 mox
2343 855 2374 895 a
2432 837 2644 911 synodo
2700 837 3028 891 innocentes
3078 835 3424 907 pronuntiati

204 946 273 999 διὰ
309 943 578 998 Θεοδοσίου.
612 941 709 996 τοῦ
755 940 1022 1011 βασιλέως
1070 938 1426 1010 συμϐαίνουσι
1470 937 1741 1008 Κύριλλος

1856 945 2005 1001 sunt;
2043 943 2100 990 et
2128 934 2371 990 Joannes
2394 948 2503 985 una
2530 946 2656 986 cum
2687 930 2803 986 suis
2822 930 3114 1000 depositus
3144 947 3157 983 :
3194 939 3249 984 et
3282 945 3424 999 quo-

206 1038 280 1091 καὶ
317 1035 589 1104 Ἰωάννης,
635 1030 989 1103 κυρώσαντες
1036 1030 1117 1084 ἔτι
1165 1030 1259 1084 καὶ
1291 1023 1389 1100 τὴν
1439 1027 1738 1101 Νεστορίου

1860 1028 2009 1083 nodo
2036 1025 2276 1097 Cyrillus
2329 1039 2393 1079 ac
2421 1023 2663 1079 Joannes
2710 1023 3026 1077 interventu
3075 1021 3428 1091 imperatoris

206 1127 505 1197 καθαίρεσιν.
882 1128 885 1131 ’
1541 1191 1559 1203 ο

1858 1117 2143 1174 I‘heodosii
2172 1116 2227 1172 in
2246 1114 2481 1186 gratiam
2513 1113 2803 1181 redierint,
2843 1121 2899 1169 et
2924 1112 3167 1169 Nestorii
3205 1112 3426 1183 deposi-

1846 1212 2052 1266 tionem
2084 1207 2560 1264 conﬁrmaverint.

262 1303 338 1368 ς’.
364 1298 493 1369 Περὶ
538 1299 753 1352 Παύλου
799 1297 891 1352 τοῦ
938 1298 1192 1368 Ἐμέσης,
1222 1297 1303 1361 είς
1335 1296 1743 1368 Ἀλεξάνδρειαν

1914 1300 2003 1357 VI.
2040 1300 2116 1355 De
2146 1298 2317 1354 Paulo
2353 1298 2567 1353 Emesze
2598 1295 2861 1367 episcopo
2891 1294 2987 1365 qui
3037 1294 3425 1349 Alexandriam

207 1392 433 1456 ἐλθόντος·
456 1392 551 1446 καὶ
590 1391 817 1455 ἔπαινος
848 1391 1118 1462 Κυρίλλου
1150 1390 1238 1444 διὰ
1276 1391 1377 1461 τὴν
1428 1389 1742 1461 ἐπιστολήν.

1856 1392 2048 1447 missus
2076 1400 2181 1445 est.
2206 1390 2276 1446 Et
2294 1389 2535 1460 qualiter
2563 1387 2803 1459 Cyrillus
2860 1384 3091 1444 Joannis
3133 1386 3424 1457 epistolam

1844 1486 2111 1543 laudavit.

267 1570 329 1623 Z'.
377 1563 474 1623 Οἷα
516 1567 844 1636 δδυσσεσὴς
892 1566 1192 1637 Νεστόριος
1242 1565 1570 1621 πεπονθέναι
1616 1567 1746 1639 περὶ

1916 1578 2029 1633 VII.
2063 1571 2195 1643 Qua:
2235 1584 2293 1632 et
2346 1583 2550 1646 quanta
2595 1564 2889 1631 Nestorius
2917 1589 2977 1629 se
3023 1588 3246 1644 passum
3305 1589 3427 1629 esse

204 1660 340 1714 αὐτοῦ
362 1660 581 1731 γράφει,
612 1660 708 1712 καὶ
754 1658 830 1722 ὡς
877 1657 1116 1728 σκώληξι
1140 1657 1239 1726 τὴν
1275 1657 1523 1727 γλῶτταν
1565 1660 1626 1712 τὸ
1660 1675 1747 1711 τε-

1856 1669 2015 1725 dicat.
2046 1669 2128 1725 Et-
2145 1667 2423 1738 quomodo
2450 1667 2637 1739 lingua
2667 1666 2892 1723 tandem
2926 1668 3211 1723 vermibus
3241 1683 3424 1733 erosa,

201 1753 409 1806 λευταῖον
454 1752 706 1823 βρωθεὶς,
736 1754 814 1815 εἰς
854 1752 1049 1807 Ὄασιν
1085 1752 1365 1825 ἀπέρρηξε
1394 1752 1496 1824 τὴν
1542 1750 1742 1822 ψυχήν.

1544 1750 1742 1822 ψυχήν·
1846 1760 1993 1831 apud
2016 1758 2199 1814 Oasim
2223 1758 2459 1813 insulam
2497 1757 2747 1828 perierit.
3110 1798 3112 1801 .

260 1843 331 1901 δ’.
375 1844 459 1907 Ὦς
504 1844 647 1914 μετὰ
696 1838 993 1915 Νεστόριον
1025 1844 1415 1914 Μαξιμιανὸς,
1464 1844 1559 1897 καί
1606 1841 1747 1914 μετὰ
1774 1911 1817 1920 _

1919 1850 2059 1907 VIII.
2091 1849 2381 1917 Quomodo
2413 1858 2539 1920 post
2580 1848 2896 1903 Nestorium
2947 1848 3334 1913 Maximianus.
3370 1857 3427 1904 et

204 1934 357 1991 τοῦτον
379 1911 638 2008 Πρόκλος,
674 1933 794 1990 εἶτα
820 1911 1119 2002 Φλαὸιανδς
1149 1911 1378 2008 γίνεται.
1610 1911 1619 1914 ν

1855 1951 1975 2014 post
2000 1911 2151 1997 hunc
2174 1911 2431 2007 Proclus,
2454 1941 2655 1998 deinde
2686 1940 2982 1997 Flavianus
3006 1940 3254 2010 episcopi
3295 1911 3423 1995 facti

1844 2033 1973 2090 sint.

257 2114 322 2169 Θ.
352 2116 482 2186 Περὶ
506 2115 607 2169 τοῦ
631 2115 927 2186 δυστυχοῦς
961 2115 1257 2189 Εὕτυχοῦς,
1287 2120 1381 2172 καὶ
1410 2120 1557 2185 ὅπως
1593 2123 1745 2195 παρά

1914 2127 2009 2183 ΙΧ.
2047 2127 2125 2181 De
2150 2126 2494 2181 infortunato
2528 2123 2806 2196 Eutyche:
2837 2134 2894 2180 et
2921 2123 3200 2195 quomodo
3240 2138 3269 2177 a
3304 2125 3425 2179 Fla-

202 2204 275 2259 τοῦ
301 2208 915 2273 Κωνσταντινουπόλεως
955 2210 1235 2282 καθῃρέθη
1293 2211 1617 2279 Φλαὸιανοῦ,
1652 2216 1745 2269 καὶ

1857 2220 2006 2274 riano
2059 2218 2323 2288 episcopo
2374 2217 2660 2287 depositus
2708 2228 2822 2279 est,
2877 2227 2933 2272 et
2983 2216 3052 2275 de
3115 2216 3425 2272 latrocinali

204 2298 417 2369 περὶτῆς
447 2300 506 2353 ὲν
553 2299 769 2370 Ἐφέσῳ
811 2300 1069 2372 δευτέρας
1095 2303 1394 2375 λῃστρικῆς
1430 2306 1672 2363 συνόδου.

1096 2303 1394 2375 λῃστρικῆς
1430 2306 1672 2363 συνόδου.
1844 2311 2055 2384 synodo
2088 2309 2371 2381 Ephesina
2402 2310 2664 2365 secunda.

256 2389 303 2442 I’.
333 2390 462 2443 Ὅσα
494 2391 652 2461 παρὰ
680 2390 776 2445 τοῦ
809 2394 1107 2463 Διοσκόρου
1166 2396 1261 2448 καὶ
1310 2397 1628 2467 Χρυσαφίου
1682 2400 1745 2453 τὸ

1920 2404 1987 2459 Χ.
2020 2404 2154 2472 Qua:
2199 2419 2299 2475 per
2347 2402 2671 2458 Dioscorum
2722 2410 2778 2456 et
2821 2400 3227 2472 Chrysaphium
3273 2409 3426 2471 gesta

205 2481 469 2550 παράλογον
497 2485 557 2536 ὲν
603 2482 816 2554 Ἐφέσῳ
850 2485 1128 2556 συνέδρων
1152 2486 1504 2559 διεπράξατο.

1846 2496 1957 2552 sint
1986 2495 2042 2549 in
2078 2494 2364 2565 illegitimo
2392 2492 2633 2548 concilio
2664 2492 2968 2563 Ephesino.
3374 2477 3383 2485 ’

257 2573 345 2627 ιΑν.
385 2573 676 2643 ’Δπολογία
699 2575 793 2629 τοῦ
822 2578 1185 2646 συγγραφέως
1216 2579 1354 2648 ὑπὲρ
1384 2580 1493 2634 τῶν
1518 2583 1576 2636 ὲν
1614 2585 1745 2653 ἡμῖν

1916 2586 2008 2641 XI.
2039 2583 2295 2651 Defensio
2318 2582 2603 2639 varietatis
2630 2583 2958 2653 opinionum
2981 2598 3106 2651 quae
3126 2590 3257 2638 sunt
3278 2582 3425 2653 apud

203 2661 454 2732 διαφορῶν,
482 2666 582 2719 καὶ
614 2666 934 2733 κατάγελως
966 2660 1077 2721 τῶν
1110 2668 1441 2741 Ἑλληνικῶν
1473 2670 1670 2728 ὔθλων.

1645 2691 1670 2728 ι.
1846 2678 2214 2741 Christianos,
2247 2688 2305 2732 et
2333 2675 2542 2731 derisio
2562 2675 2875 2729 fabularum
2898 2674 3213 2746 gentilium.

260 2753 344 2808 lll'.
374 2756 560 2821 Ὅπως
613 2758 643 2810 ὁ
697 2757 953 2828 βασιλεὺς
985 2759 1263 2825 Θεοδόσιος
1315 2763 1414 2833 τὴν
1446 2763 1745 2834 Νεπορίου

1917 2772 2035 2826 ΧΠ.
2078 2770 2367 2837 Quomodo
2422 2770 2728 2840 imperator
2776 2768 3128 2826 Theodosius
3168 2769 3426 2826 rhmresim

202 2845 376 2915 αἵρεσιν
402 2848 722 2904 ἀπελαύνει.

1844 2864 2086 2920 ηΝρδιοτὶἱ
2112 2862 2442 2933 proﬂigavit.

260 2937 341 2993 lI".
366 2941 492 3011 Περὶ
514 2940 615 2993 τοῦ
648 2942 806 3026 ἁγίου
835 2942 1061 3014 Συμεὼν
1088 2945 1181 2997 τοῦ
1214 2944 1491 3002 Στυλίτουη.

1386 2965 1491 3002 του.
1918 2957 2058 3011 XIII.
2095 2956 2171 3011 De
2196 2962 2385 3009 sancto
2425 2952 2696 3025 Symeone
2737 2951 2954 3023 Stylita.

258 3030 342 3083 IA'.
367 3031 444 3083 ﬂ:
457 3032 508 3101 pl.
540 3032 638 3086 τοῦ
688 3032 950 3091 πολλάκις
977 3038 1302 3107 φαινομένου
1335 3040 1564 3110 ἀστέρος
1594 3043 1653 3095 ὲν
1680 3044 1745 3113 τῇ

1919 3046 2056 3100 XIV.
2091 3045 2167 3099 De
2196 3043 2367 3099 Stella
2412 3058 2536 3111 qua:
2602 3056 2746 3111 saepe
2796 3039 3043 3095 cernitur
3090 3037 3148 3092 in
3207 3036 3425 3107 porticu

204 3127 308 3188 περὶ
336 3125 418 3177 τδν
445 3127 603 3180 κίονα
637 3131 770 3200 στοᾷ
816 3128 911 3182 τοῦ
940 3130 1087 3184 ὁσίου
1119 3131 1365 3201 Συμεὼν,
1411 3133 1469 3186 ὃν
1508 3136 1745 3204 ἑωράκει

1860 3149 1995 3206 mxta
2027 3138 2337 3191 columnam
2377 3133 2684 3205 Symeonis,
2720 3148 2884 3202 quam
2941 3131 3182 3201 scriptor
3228 3129 3321 3183 hic
3370 3137 3428 3184 et

202 3218 566 3289 ὁσυγγραφεὺς
588 3221 688 3274 ’καὶ
718 3220 899 3287 ἄλλοι,
930 3224 1025 3276 καὶ
1054 3223 1221 3294 αὐτῆς
1248 3225 1345 3295 τῆς
1375 3225 1619 3296 κεφαλῆς
1651 3228 1745 3279 τοῦ

1860 3233 1942 3288 alii
1965 3231 2277 3299 complures
2299 3227 2591 3283 viderunt:
2612 3226 2761 3282 etde
2786 3223 2965 3295 capite
2985 3223 3230 3296 ejusdem
3252 3221 3428 3278 sancti

203 3309 347 3376 ἁγίου.

1785 3309 1812 3314 ⁷
1849 3320 2153 3394 Symeonis.

262 3402 347 3457 IE’.
388 3407 523 3477 Περὶ¹
554 3405 651 3459 τοῦ
694 3406 848 3475 ἁγίου
894 3407 1161 3479 Ἰσιδὼρου
1201 3410 1295 3463 τοῦ
1336 3411 1746 3483 Πηλουσιὼτου,

1920 3414 2033 3468 XV.
2065 3414 2140 3467 De
2154 3417 2351 3467 sancto
2380 3409 2592 3465 Isidoro
2614 3405 2893 3463 Pelusiota
2916 3414 2972 3461 et
3000 3405 3231 3478 Synesio
3252 3405 3429 3477 Cyre-

206 3496 282 3545 καὶ
302 3496 545 3551 Συνεσίου
578 3497 672 3551 τοῦ
707 3499 964 3570 Κυρήνης
996 3501 1324 3556 ἐπισκόπου.

796 3500 964 3570 ρήνης
996 3501 1324 3556 ἐπισκόπου.
1848 3520 2045 3561 narum
2074 3503 2355 3572 episcopo.

260 3584 360 3650 ΚΓ.
392 3586 583 3652 Ὅπως
606 3589 634 3641 ὁ
663 3587 921 3659 θεοφόρος
972 3590 1227 3657 Ἰγνάτιος
1253 3593 1317 3646 ὲκ
1355 3591 1575 3665 Ῥώμης
1612 3595 1748 3648 ἁνα-

1919 3592 2057 3647 XVI.
2088 3589 2377 3658 Quomodo
2403 3588 2626 3643 divinus
2653 3587 2900 3659 Ignatius
2942 3587 3020 3642 ab
3075 3587 3214 3642 urbe
3253 3588 3426 3642 Roma

207 3675 477 3744 κομισθεὶς,
506 3679 664 3750 παρὰ
702 3678 986 3734 Θεοδοσίου
1016 3684 1074 3735 ὲν
1128 3683 1429 3754 Ἀντιοχείᾳ
1453 3685 1745 3756 κατετέθη.

1858 3682 2191 3751 deportatus,
2211 3676 2521 3734 Antiochiae
2546 3675 2836 3747 depositus
2872 3676 2946 3731 sit
2978 3676 3054 3733 ab
3096 3677 3426 3747 imperatore

262 3852 346 3908 IZ'.
374 3856 504 3928 Περὶ
542 3854 763 3909 Ἀττίλα
784 3853 878 3909 τοῦ
910 3854 1134 3911 Σκυθῶν
1164 3821 1447 3926 βασιλέως,
1479 3858 1572 3911 καὶ
1600 3858 1749 3923 ὅπως
1816 3844 1819 3847 Δ

1858 3771 2182 3827 Theodosio.

1892 3862 2085 3918 .XVII.
2116 3862 2194 3916 De
2234 3859 2403 3915 Attila
2453 3858 2784 3914 Hunnorum
2830 3873 2993 3928 rege:
3038 3867 3095 3913 et
3145 3857 3426 3927 quomodo

207 3944 263 3996 ti
290 3938 421 4017 Ἔῷα
447 3948 543 4001 καὶ
571 3948 838 4017 Ἐσπὲρια
864 3946 1221 4018 κατέστρεψε-ι’
1251 3948 1347 4001 καὶ
1370 3948 1503 4020 ’περὶ
1534 3948 1628 4002 τοῦ
1658 3966 1750 4018 γε-

1856 3955 2094 4013 Drientis
2113 3962 2170 4010 et
2200 3952 2519 4009 Occidentis
2558 3951 2880 4023 provincias
2909 3951 3245 4006 v-astaverit:
3294 3951 3424 4005 item

207 4040 401 4107 νομένου
452 4040 609 4107 ξένου
640 4040 907 4111 σημείου,
962 4035 1059 4094 καὶ⁹
1096 4040 1207 4095 τῶν
1236 4041 1411 4097 ἄλλων
1452 4045 1511 4097 ὲν
1558 4045 1749 4115 κόσμῳ

1860 4046 1917 4102 de
1940 4042 2226 4100 horrendo
2248 4050 2408 4097 terrae
2429 4046 2607 4108 motu,
2628 4040 2860 4112 aliisque
2889 4040 3233 4096 terribilibus
3252 4040 3428 4111 signis

206 4130 417 4202 φοϐερῶν
438 4150 503 4203 ση
511 4132 700 4203 μείων.

1849 4153 1971 4208 quae
1996 4145 2110 4191 toto
2139 4135 2274 4190 orbe
2302 4134 2672 4204 contigerunt.

264 4222 354 4277 IH'.
384 4225 518 4295 Περὶ
566 4224 676 4277 τῶν
702 4223 1024 4296 οἰκοδομιῶν
1054 4222 1165 4280 τῶν
1199 4226 1256 4280 ὲν
1297 4227 1618 4300 Ἀντιοχείᾳ,
1654 4228 1749 4282 καὶ

1920 4230 2107 4287 XVIII.
2142 4230 2216 4284 De
2246 4227 2511 4298 operibus
2545 4214 2786 4297 publicis
2821 4218 3128 4282 Antiochia}
3156 4234 3426 4281 eteorum

202 4316 325 4380 τίνες
349 4320 395 4371 οἱ
425 4319 793 4390 ἐργασάμενοι
816 4320 1041 4384 ταύτας.

688 4337 793 4372 ενοι
816 4320 1041 4384 ταύτας.
1851 4322 2256 4378 conditoribus.

262 4409 351 4464 10'.
383 4410 803 4482 Περὶλπολέμων
829 4411 1101 4482 διαφόρων
1141 4412 1437 4481 Ἰταλικῶν,
1481 4415 1575 4468 καὶ
1606 4416 1747 4486 Περ-

1921 4413 2065 4469 XIX.
2106 4414 2180 4467 De
2204 4412 2376 4466 variis
2409 4411 2574 4467 bellis
2606 4425 2728 4481 qute
2758 4419 2872 4465 tum
2923 4411 2976 4465 in
3014 4410 3165 4465 Italia
3226 4420 3341 4466 tum
3370 4410 3425 4465 in

204 4499 367 4566 σικῶν,
394 4503 443 4555 οἳ
471 4504 565 4556 ἐπὶ
598 4503 883 4557 Θεοδοσίου
910 4505 1191 4573 γεγόνασι.

1853 4504 2079 4561 Perside
2104 4513 2255 4575 gesta
2278 4511 2410 4558 sunt
2444 4509 2709 4573 regnante
2742 4501 3079 4557 TlieodOSio.

260 4590 335 4649 ις’.
370 4596 503 4667 Περὶ
536 4599 637 4667 τῆς
684 4594 1006 4667 βασιλίσσης
1040 4596 1322 4662 Εὐδοκὶας,
1356 4598 1451 4652 καὶ
1489 4598 1746 4665 Εὑδοξίας
1771 4587 1825 4646 Ῑ)

1920 4594 2038 4649 XX.
2065 4595 2143 4650 De
2176 4594 2418 4649 Eudocia
2446 4595 2712 4665 Augusta,
2739 4595 2917 4663 deque
2945 4594 3066 4665 ejus
3100 4593 3213 4649 lilia
3238 4594 3422 4649 Eudo-

202 4683 283 4752 τῆς
316 4685 571 4758 θυγατρὸς
592 4728 607 4751 ,
640 4689 739 4743 καὶ
773 4688 923 4752 ὅπως
953 4690 1035 4752 είς
1082 4690 1413 4760 Ἀντιόχειαν
1444 4691 1536 4745 καὶ
1578 4691 1744 4762 Ἰερο-

1856 4687 2051 4742 xiazet
2082 4686 2360 4757 quomodo
2397 4686 2636 4741 Eudocia
2694 4686 3042 4742 Antiochiam
3088 4686 3326 4754 venerit,
3370 4697 3424 4745 ct

203 4773 382 4844 σόλυμα
411 4777 655 4845 ἀφίκετο.

1856 4778 2287 4850 Hierosolymam
2316 4778 2559 4850 ingressa
2589 4779 2682 4834 sit.

259 4868 377 4924 KA’.
405 4871 525 4923 Ὅτι
563 4869 749 4933 καλῶς
778 4869 847 4926 τὰ
884 4869 1014 4941 περὶ
1051 4869 1121 4923 τὰ
1183 4870 1531 4941 Ἱεροσόλυμα
1568 4868 1601 4941 ἡ
1638 4870 1747 4925 Εὑ-

1923 4870 2064 4925 XXI.
2090 4869 2247 4936 Quod
2277 4869 2517 4926 Eudocia
2538 4872 2781 4943 Augusta
2812 4871 3208 4945 Hierosolymis
3255 4873 3424 4927 multa

201 4952 331 5010 δοκία
353 4956 587 5030 διέθηκε,
621 4958 719 5015 καὶ
756 4960 885 5031 περὶ
916 4961 1174 5031 διαφόρου
1201 4962 1386 5035 βιοτῆς
1416 4964 1512 5017 καὶ
1537 4962 1746 5035 διαίτης

1857 4958 2114 5035 prazclare
2145 4962 2352 5033 gessit:
2391 4972 2448 5018 et
2477 4963 2543 5017 de
2570 4964 2925 5034 discrepante
2952 4965 3064 5020 vita
3090 4974 3147 5021 et
3189 4980 3425 5021 conver-

201 5044 291 5097 τῶν
317 5047 371 5099 ὲν
396 5049 725 5121 Παλαιστίνῃ
772 5051 1044 5120 μοναχῶν.

1853 5056 2066 5111 satione
2097 5054 2495 5108 monachorum
2520 5054 2845 5111 Palaestinae.

260 5137 373 5192 KB’.
412 5140 550 5195 Ὅσα
580 5141 836 5212 ἐδείματο
869 5143 902 5213 ἡ
938 5142 1146 5212 βασιλὶς
1182 5144 1410 5197 Εὑδοκία
1446 5144 1588 5198 κατὰ
1632 5145 1743 5198 Πα-

1921 5147 2086 5202 XXII.
2129 5148 2206 5203 De
2233 5146 2497 5217 operibus
2516 5146 2585 5202 ab
2607 5146 2850 5203 Eudocia
2874 5146 3115 5218 Augusta
3161 5145 3218 5201 in
3256 5145 3425 5201 Palm-

201 5223 471 5301 λαιστίνην,
512 5233 604 5287 καὶ
644 5234 774 5307 περὶ
806 5233 902 5288 τοῦ
949 5234 1079 5289 ναοῦ
1118 5234 1212 5289 τοῦ
1271 5237 1741 5309 πρωτομάρτυρος

1853 5240 1995 5296 stina
2053 5238 2370 5307 :cdiﬁcatis,
2419 5248 2476 5295 et
2520 5240 2588 5295 de
2634 5238 2871 5294 ecclesia
2925 5238 3099 5294 sancti
3156 5237 3420 5308 Stephani

201 5315 471 5389 Στεφάνου,
507 5325 636 5378 ἔνθα
672 5328 767 5379 καὶ
786 5326 949 5391 ὁσίως
991 5327 1187 5399 ἐτάφη.
1226 5326 1345 5382 Ἔτι
1375 5330 1431 5384 δὲ
1469 5330 1563 5385 καὶ
1612 5331 1741 5403 περὶ

1853 5332 2373 5402 protomartyris,in
2413 5348 2519 5403 qua
2554 5332 2813 5403 religiose
2865 5332 3079 5404 sepulta
3134 5336 3240 5387 cst.
3288 5330 3421 5391 Item

201 5407 286 5480 τῆς
318 5412 565 5487 τελευτῆς
590 5417 687 5473 τοῦ
719 5418 981 5490 βασιλέως
1013 5420 1316 5475 Θεοδοσίου.

1302 5460 1316 5475 .
1852 5423 1919 5479 de
1949 5431 2126 5479 morte
2159 5422 2513 5495 imperatoris
2541 5423 2862 5481 Theodosii.
