3970 6506
602 386 743 455 2419
1807 386 2123 447 EVAGRII
2165 385 2189 444 ε

2293 385 2651 448 [OLASTICI
3724 378 3839 440 2421)

1761 753 2144 841 ΤοΜοΣ
2216 752 2688 839 ΠΡΩΤΟΣο

1770 1085 2035 1177 LIBE
2060 1087 2119 1171 Β
2223 1076 2715 1169 PRIMUS.

611 1409 775 1481 249
812 1408 1131 1481 Prooemium
1176 1408 1469 1481 scriptoris,
1500 1409 1555 1463 in
1593 1423 1694 1481 quo
1717 1408 1928 1478 exponit
1957 1424 2063 1478 qua
2097 1423 2187 1459 ra-

2293 1408 2610 1481 Προοίμιον
2644 1407 2763 1481 rer
2780 1406 3191 1476 συγγραφέως,
3221 1406 3351 1481 πῶς
3383 1405 3585 1481 ἐστίτὸ
3624 1406 3840 1481 γράφειν

682 1479 821 1603 {iane
876 1480 945 1533 ad
976 1479 1303 1533 scribendam
1354 1480 1490 1533 hanc
1552 1480 1827 1533 historiam
1888 1495 1942 1531 se
1995 1486 2183 1530 contu-

704 1560 821 1603 erit.

704 1560 821 1604 erit.

680 1640 952 1696 Eusebius
982 1636 1273 1710 Pamphili,
1298 1639 1383 1694 vir
1411 1655 1537 1694 cum
1561 1640 1615 1693 in
1649 1640 1772 1694 aliis
1802 1640 1969 1695 rebus
2007 1638 2187 1694 diser-

611 1734 876 1800 tissimus,
904 1742 1017 1786 tum
1057 1732 1113 1786 in
1134 1731 1427 1787 scribendo
1451 1739 1666 1785 tantum
1688 1732 1897 1795 valens,
1925 1739 1986 1784 ut
2014 1732 2188 1800 possit

607 1829 845 1881 lectores
883 1840 1034 1889 suos,
1066 1824 1111 1879 si
1143 1840 1253 1878 non
1298 1824 1547 1894 perfecte
1578 1824 1913 1896 orthodoxos
1946 1823 2185 1889 efIicere,

608 1918 683 1973 ita
706 1925 889 1970 tamen
930 1915 1233 1985 impellere,
1273 1924 1333 1969 ut
1364 1925 1554 1969 nostra
1584 1915 1822 1969 libenter
1852 1915 2187 1984 amplectan-

610 2018 699 2065 tur
727 2023 740 2059 :
766 2005 1061 2069 Eusebius,
1111 2005 1357 2073 inquam,
1394 2003 1687 2073 Pamphili,
1723 2014 1780 2059 et
1824 2003 2184 2069 Sozomenus,

607 2115 671 2155 ac
693 2098 1068 2153 Theodoritus
1090 2105 1146 2151 et
1167 2096 1444 2161 Socrates,
1472 2096 1852 2167 benignissimi
1876 2096 2189 2151 Servatoris

608 2191 784 2246 nostri
830 2190 1127 2245 adventum
1168 2189 1223 2242 in
1268 2196 1465 2253 terras,
1512 2190 1741 2258 ejusque
1794 2203 2085 2242 ascensum
2133 2188 2188 2243 in

609 2281 810 2335 coelum
835 2296 850 2340 ;
880 2288 994 2331 tum
1018 2292 1081 2331 ea
1111 2292 1233 2346 qua:
1258 2292 1287 2330 a
1316 2276 1517 2331 divinis
1555 2276 1823 2345 apostolis
1848 2285 1906 2330 et
1935 2294 1965 2330 a
2001 2276 2189 2332 fortis-

602 2370 767 2453 simis
789 2370 1124 2439 martyribus
1147 2384 1247 2438 pro
1270 2367 1375 2423 fide
1398 2367 1744 2422 certantibus
1771 2368 2030 2436 przeclare
2061 2376 2190 2423 sunt

607 2468 757 2525 gesta
794 2475 809 2511 :
840 2456 1107 2527 quidquid
1140 2466 1426 2526 praeterea,
1457 2463 1551 2509 aut
1572 2455 1753 2518 laude,
1777 2465 1872 2509 aut
1907 2455 2189 2525 vitupera-

609 2550 757 2603 tione
778 2548 1001 2619 dignum
1028 2556 1209 2602 actum
1227 2555 1313 2602 est
1338 2563 1368 2601 a
1393 2547 1595 2600 nostris
1616 2562 1791 2616 usque
1822 2548 1889 2601 ad
1913 2548 2191 2618 principa-

610 2651 727 2694 tum
754 2640 1077 2705 Theodosii,
1130 2639 1377 2693 omnium
1409 2638 1618 2709 optime
1658 2654 1724 2693 ac
1766 2638 2189 2710 diligentissime

2428 1477 2546 1544 τὴν
2572 1477 2893 1545 παροῦσαν
2913 1475 2918 1476 ⁷
2939 1475 3354 1547 πραγματείαν
3403 1475 3721 1545 ἐλήλυθεν.

2359 1628 2606 1699 Εὐσεὸίῳ
2652 1627 2730 1698 τῷ
2776 1627 3068 1697 Παμφίλου
3118 1626 3282 1699 (ἀνὴρ
3327 1627 3396 1690 δὴ
3432 1629 3492 1685 ἐς
3534 1628 3601 1682 τὰ
3634 1629 3840 1700 μάλιστα

2286 1721 2466 1788 λόγιος
2506 1722 2534 1772 ὁ
2575 1720 2862 1789 Παμφίλου
2894 1719 2963 1773 τά
2997 1736 3057 1773 τε
3088 1719 3257 1785 ἄλλα,
3306 1720 3408 1773 καὶ
3462 1719 3605 1773 ὥστε
3668 1723 3841 1775 πείθειν

2286 1807 2396 1875 οἷός
2418 1829 2473 1864 τε
2500 1808 2640 1865 εἶναι
2669 1813 2795 1873 τοὺς
2820 1812 3245 1881 ἐντυγχάνοντας
3276 1811 3614 1883 Θρησκεὺειν
3639 1814 3701 1867 τὰ
3729 1816 3840 1885 ὴμέ-

2286 1922 2444 1974 τερα,
2475 1904 2524 1955 εί
2543 1905 2636 1957 καὶ
2664 1903 2740 1975 μὴ
2768 1903 2889 1957 λίαν
2916 1904 3165 1973 ἁκριὸεἴς
3194 1900 3302 1957 οἶδε
3330 1907 3510 1958 ποιεῖν
3542 1904 3673 1977 [llr
3696 1906 3839 1958 Εὐσε-

2290 1996 2392 2065 ϐίῳ
2420 2013 2481 2048 τε
2510 1994 2603 2048 οὖν
2641 1994 2719 2065 τῷ
2768 1993 3076 2065 Παμφίλου,
3113 1994 3420 2067 Σωζομένῳ
3463 2013 3525 2049 τε
3550 1998 3642 2050 καὶ
3668 1996 3841 2065 Θεοδω-

2294 2085 2444 2159 ρίτῳ,
2478 2089 2572 2140 καὶ
2610 2087 2912 2157 Σωκράτει,
2942 2086 3141 2156 ἄριστα
3178 2088 3403 2141 πάντων
3442 2088 3769 2157 πεπόνηται,
3809 2087 3838 2156 ἦ

2287 2200 2348 2235 τε
2387 2182 2444 2243 ἐς
2474 2180 2623 2251 ἡμᾶς
2667 2178 2849 2246 ἄφιξις
2893 2178 2985 2230 τοῦ
3020 2178 3406 2248 φιλανθρώπου
3458 2179 3618 2247 Θεοῦ,
3662 2180 3771 2250 ἤτε
3794 2180 3840 2242 ἐς

2290 2275 2553 2346 οὐρανοὺς
2569 2272 2853 2337 ἀνάϐασις,
2871 2273 2969 2326 ὃσα
2989 2290 3046 2324 τε
3066 2275 3176 2335 τοῖς
3193 2273 3511 2337 θεσπεσίοις
3532 2274 3836 2336 ἀποστόλοις,

2289 2367 2431 2438 ἀτὰρ
2448 2366 2541 2420 καὶ
2562 2369 2674 2428 τοῖς
2699 2365 2879 2427 ἄλλοις
2905 2365 3140 2434 μάρτυσι
3161 2365 3509 2418 διαθλεύουσι
3525 2364 3836 2435 κατώρθωτο,

2290 2460 2324 2529 ἢ
2355 2459 2409 2512 εί
2443 2477 2496 2512 τι
2550 2459 2645 2511 καὶ
2700 2458 2829 2512 ἄλλο
2872 2457 3151 2526 ἀξιόλογον
3179 2459 3311 2528 ἡμῖν
3337 2498 3356 2523 ,
3389 2459 3423 2528 ἢ
3463 2458 3560 2510 καὶ
3598 2457 3836 2527 τηνεὶλλως

2290 2552 2414 2623 ἔχον
2439 2552 2776 2619 πέπρακται,
2822 2549 2982 2621 μέχρι
3010 2549 3154 2613 τινὸς
3197 2550 3401 2619 μέρους
3431 2550 3510 2621 (2)
3543 2549 3641 2617 τῆς
3679 2548 3838 2601 Θεοδο-

2294 2642 2408 2695 σίου
2436 2640 2735 2710 βασιλείας.
2780 2639 3000 2711 Ἐπειδὴ
3029 2638 3083 2691 δὲ
3113 2638 3182 2692 τὰ
3214 2636 3342 2708 ἑξῆς
3368 2641 3431 2693 οὐ
3462 2639 3639 2710 πολλῷ
3662 2638 3835 2692 τούτων

608 2731 830 2801 scriptis
849 2730 1234 2801 prodiderunt.
1265 2729 1371 2784 Sed
1399 2731 1660 2799 quoniam
1693 2745 1757 2784 ea
1801 2746 1921 2799 quae
1949 2733 2189 2801 postbzec

2293 2737 2609 2802 ἀποδέοντα,
2633 2736 2848 2799 οὐδενός
2870 2752 2955 2788 πω
2986 2733 3108 2788 καθ’
3150 2734 3343 2804 εἱρμὸν
3369 2733 3447 2804 (a)
3482 2733 3737 2802 τετύχηκε
3764 2731 3835 2783 λό-

608 2831 906 2883 consecuta
932 2830 1084 2885 sunt,
1111 2820 1535 2890 haudquaquam
1557 2820 1667 2874 illis
1694 2820 1975 2885 inferiora,
2004 2824 2188 2877 nullus

609 2916 791 2971 adhuc
819 2914 1074 2984 persequi
1096 2928 1381 2989 aggressus
1402 2922 1522 2973 est;
1548 2928 1649 2983 ego
1676 2913 1803 2967 licet
1836 2912 1891 2967 in
1919 2914 2190 2984 ejusmodi

612 3010 778 3063 rebus
808 3024 1003 3078 parum
1023 3007 1381 3069 exercitatus,
1411 3006 1660 3060 laborem
1691 3004 1839 3061 hunc
1881 3007 2187 3077 suscipere,

609 3110 666 3155 et
692 3101 980 3156 historiam
1024 3114 1215 3153 earum
1261 3114 1447 3151 rerum
1480 3107 1778 3153 contexere
1807 3099 2051 3156 decrevi.
2092 3102 2189 3156 Et-

608 3192 756 3246 enim
777 3207 865 3257 eo,
898 3190 992 3261 qui
1024 3189 1393 3260 piscatoribus
1416 3191 1737 3259 sapientiam
1769 3191 1989 3258 indidit,
2017 3202 2075 3249 et
2097 3196 2191 3265 qui

609 3301 677 3339 ex
706 3284 853 3339 bruti
875 3284 1128 3338 animalis
1156 3283 1344 3353 lingua
1378 3282 1725 3338 articulatam
1754 3300 1946 3339 vocem
1971 3302 2194 3356 expres-

611 3376 703 3438 sit,
731 3374 1046 3445 adjuvante,
1091 3373 1311 3429 confido
1339 3389 1426 3428 tne
1458 3390 1546 3429 res
1575 3374 1854 3430 oblivione
1899 3376 2195 3432 intermor-

614 3474 737 3522 tuas
772 3466 1162 3528 excitaturum,
1191 3472 1248 3519 et
1273 3463 1524 3519 oratione
1563 3480 1683 3519 mea
1717 3464 1885 3519 vitam
1908 3466 1990 3521 eis
2012 3467 2195 3523 reddi-

614 3568 821 3621 turum,
852 3564 908 3611 et
936 3556 1406 3610 immortalitatem
1437 3556 1771 3610 donaturum
1804 3574 1924 3613 esse
1954 3575 2196 3616 comme-

614 3644 919 3701 moratione
937 3644 1222 3698 hominum
1236 3643 1569 3711 sempiterna
1586 3663 1596 3697 :
1613 3660 1722 3714 quo
1743 3661 1772 3699 a
1784 3636 2019 3718 Singulis
2034 3649 2197 3720 25o

613 3739 869 3809 cognosci
898 3738 1092 3808 possit,
1123 3736 1257 3807 quid
1282 3744 1338 3792 et
1367 3736 1620 3806 quando;
1665 3739 1757 3792 ubi
1804 3740 2053 3796 locorum
2074 3745 2111 3810 ,'
2136 3755 2193 3800 et

613 3830 928 3900 quomodo:
966 3830 1236 3884 adversus
1275 3844 1415 3898 quos
1441 3869 1455 3893 ,
1493 3837 1548 3882 et
1586 3845 1614 3883 a
1649 3831 1852 3898 quibus
1891 3835 1959 3887 ad
2000 3846 2188 3891 nostra

2295 2845 2394 2897 γου
2425 2845 2439 2857 ·
2471 2827 2615 2891 ἔδοξέ
2649 2845 2738 2897 μοι
2762 2866 2776 2889 ,
2809 2828 2857 2879 εί
2887 2827 2980 2879 καὶ
3033 2825 3106 2895 μὴ
3151 2824 3323 2887 δεινὸς
3358 2824 3472 2892 ἐγὼ
3504 2825 3571 2878 τὰ
3606 2822 3834 2887 τοιαῦτα,

2294 2919 2386 2971 τὸν
2432 2917 2574 2987 ὑπὲρ
2622 2916 2828 2969 τούτων
2872 2915 3157 2968 ἀνελέσθαι
3190 2915 3352 2967 πόνον
3379 2957 3395 2980 ,
3450 2914 3753 2986 συγγραφήν
3789 2928 3836 2964 τε

2295 3010 2471 3063 ταῦτα
2510 3007 2877 3077 ποιήσασθαι,
2928 3003 2987 3060 εὖ
3040 3006 3187 3076 μάλα
3238 3006 3638 3071 πιστεύσαντι,
3670 3004 3737 3074 τῷ
3763 3003 3835 3055 καὶ

2298 3102 2483 3164 ἁλιέας
2517 3100 2797 3168 σοφίσαντι
2819 3140 2834 3164 ,
2870 3098 2966 3151 καὶ
3011 3098 3263 3166 γλῶσσαν
3292 3098 3489 3167 ἄλογον
3522 3100 3577 3160 ἐς
3610 3096 3837 3167 ἔναρθρον

2300 3193 2571 3264 εὐφωνίαν
2605 3193 2911 3263 κινήσαντι,
2941 3190 3246 3261 ἀναστῆσαί
3273 3208 3333 3244 τε
3374 3193 3476 3254 τὰς
3510 3191 3608 3262 ⁸ὶξδη
3639 3192 3699 3260 τῇ
3725 3187 3835 3257 λήθῃ

2299 3286 2622 3353 τεθνηκυίας
2645 3283 2895 3355 πράξεις,
2925 3282 3173 3352 ψυχῶσαί
3231 3300 3290 3335 τε
3321 3283 3401 3353 τῷ
3440 3283 3605 3352 λόγῳ,
3636 3282 3721 3336 καὶ
3754 3281 3835 3333 ἀπ-

2297 3375 2668 3444 αθσινατῆσαι¹
2702 3377 2771 3445 τῇ
2803 3374 2993 3443 μνήμῃ
3015 3389 3028 3402 ⁸
3055 3373 3130 3436 ὡς
3152 3372 3216 3425 ἂν
3244 3372 3356 3442 ἔχοι
3384 3373 3493 3427 τῶν
3517 3370 3835 3440 ἐντυγχανόν-

2295 3486 2405 3521 των
2432 3469 2664 3529 ἓκαστος
2697 3467 2891 3536 μέχρις
2918 3464 3079 3533 ἡμῶν
3104 3464 3325 3530 εἰδέναι,
3354 3466 3411 3519 τί
3428 3483 3489 3518 τε
3521 3465 3614 3518 καὶ
3634 3466 3735 3526 ὅτε,
3762 3460 3837 3513 καὶ

2297 3562 2440 3626 ὅποι,
2470 3559 2563 3612 καὶ
2588 3559 2757 3623 ὅπως,
2790 3556 3035 3627 καὶπρὸς
3060 3555 3153 3620 οὓς
3192 3559 3285 3610 καὶ
3315 3560 3447 3630 παρ’
3490 3554 3564 3612 ὧν
3606 3555 3834 3624 ἐγένοντο,

2299 3653 2394 3706 καὶ
2423 3651 2589 3722 μηδὲν
2627 3649 2738 3702 τῶν
2782 3648 2883 3729 τῇς
2933 3649 3153 3717 μνήμης
3196 3647 3361 3712 ἀξίων
3385 3649 3627 3704 διαλάθοι
3662 3645 3755 3698 ὑπὸ
3784 3644 3836 3712 τῇ

2301 3744 2562 3815 ἀνειμένῃ
2588 3746 2686 3796 καὶ
2715 3740 2924 3810 ὲκλύτῳ
2951 3738 3194 3810 ῥᾳθυμίᾳ
3219 3780 3234 3803 ,
3261 3741 3356 3794 καὶ
3393 3744 3461 3812 τῇ
3494 3738 3689 3809 ταύτης
3712 3737 3837 3802 (me

2300 3837 2449 3907 ούρῳ
2499 3835 2641 3908 λήθῃ
2698 3833 3091 3903 κρυπτόμενον.
3130 3830 3405 3901 Ἀρξομαι
3444 3832 3526 3896 δὲ,
3573 3829 3668 3899 τῆς
3714 3826 3835 3883 θείας

616 3938 792 3993 usque
841 3932 1084 3991 tempora
1120 3922 1191 3975 sit
1230 3930 1444 3991 gestum
1480 3938 1493 3972 :
1532 3920 1781 3989 nihilque
1824 3940 2016 3979 eorum
2068 3944 2188 3997 quae

2299 3928 2609 3998 ἡγουμένης
2650 3925 2847 3995 ῥοπῆς,
2888 3923 3012 3977 ὅθεν
3046 3923 3096 3975 οί
3131 3921 3445 3993 λελεγμένοι
3479 3939 3571 3994 μοι
3598 3919 3689 3991 τὴν
3721 3918 3835 3969 icto-

615 4014 880 4067 memoria
905 4012 1068 4083 digna
1100 4020 1248 4073 sunt,
1294 4025 1392 4078 per
1417 4008 1640 4062 mollem
1670 4025 1733 4063 ac
1764 4012 1998 4065 solutam
2040 4014 2190 4071 desi-

2304 4018 2423 4089 ρίαν
2462 4017 2751 4069 ἀπέλιπον.

618 4109 784 4170 diam,
813 4122 1020 4189 perque
1048 4105 1531 4177 oblivionemquae
1594 4104 1818 4159 desidia:
1861 4109 2103 4175 proxima
2156 4121 2261 4177 est,
2301 4112 2552 4167 abditqu
2599 4110 2901 4166 delitescat.
2962 4110 3157 4165 Divino
3212 4107 3379 4179 igitur
3427 4108 3605 4162 fretus
3643 4100 3836 4163 auxilio»

620 4201 748 4267 inde
785 4200 1066 4261 scribendi
1096 4216 1309 4257 sumam
1334 4198 1648 4265 exordium,
1678 4199 1769 4255 ubi
1807 4201 1910 4259 viri
1937 4207 2192 4274 superius
2232 4224 2263 4263 a
2284 4224 2371 4263 me
2395 4207 2811 4263 commemorati
2838 4204 3085 4261 historiae
3115 4220 3229 4260 suae
3266 4203 3430 4257 finem
3461 4202 3659 4257 fecere.

1924 4367 2158 4423 VAlile
2192 4368 2598 4426 LECTIONES.

694 4466 713 4499 ι
745 4460 1169 4516 ἀπαθανατίσαι.

1805 4555 2074 4611 VALESII
2108 4556 2668 4615 ANNOTATIONES.

678 4645 1104 4716 ι(1)Είκαίμὴ
1156 4647 1299 4700 λίαν
1328 4645 1586 4716 ἀκριϐεῖς
1632 4642 1756 4699 οἶδε
1806 4647 2015 4700 ποιεῖν.
2064 4648 2183 4702 Non

2287 4665 2451 4717 quam
2496 4649 2690 4717 scripsi
2727 4649 2791 4702 ad
2843 4649 3129 4703 Historiam
3178 4647 3585 4702 ecclesiasticam
3620 4634 3833 4712 ejusdem

620 4717 797 4787 probo
824 4715 1884 4787 interpretationem,Christopborsoni,
1917 4717 2012 4785 qui
2062 4717 2185 4771 λίαν
2289 4715 2536 4779 Eusebii,
2572 4715 2789 4771 abunde
2820 4719 3097 4787 respondi.

621 4784 868 4857 ακριδείς
886 4784 1050 4841 vertit
1074 4788 1314 4857 perfecte
1334 4784 1689 4857 Christianos.
1719 4787 1829 4856 Ego
1850 4802 1979 4857 vero
2000 4789 2189 4841 ortho-

622 4856 793 4910 doxos
862 4856 1213 4925 interpretari
1248 4857 1453 4921 malui;
1484 4856 1727 4923 ἀκριϐεῖς
1772 4856 1919 4909 enim
1966 4858 2189 4925 proprie

622 4926 885 4983 dicuntur
916 4935 1193 4981 rectorum
1223 4927 1535 4995 dogmatum
1567 4934 1887 4980 sectatores.
1920 4925 2011 4980 Sic
2040 4927 2187 4980 Pho-

624 4995 736 5048 tius
761 4995 817 5049 in
839 4995 1159 5050 Bibliotheca
1183 4996 1251 5055 de
1272 4994 1494 5050 Socrate
1520 4994 1859 5053 Scholastico
1882 4995 2038 5056 dicit.
2056 4996 2193 5050 ἀλλὰ

622 5064 719 5135 καὶ
742 5067 799 5117 ὲν
827 5069 939 5128 τοῖς
972 5067 1235 5135 δόγμασιν
1261 5066 1322 5117 οὐ
1355 5064 1476 5117 λίαν
1499 5067 1643 5135 ἐστὶν
1672 5066 1929 5135 ἀκριϐής.
1986 5065 2192 5120 Sensus

622 5133 790 5201 igitur
819 5135 983 5203 hujus
1012 5133 1115 5189 loci
1146 5136 1234 5190 hic
1256 5143 1337 5188 est
1368 5152 1382 5188 :
1431 5133 1758 5195 Eusebium,
1806 5133 1907 5189 etsi
1958 5137 2191 5190 maxime

622 5204 857 5258 idoneus
877 5206 948 5258 sit
971 5206 1037 5259 ad
1061 5205 1501 5274 persuadendum
1526 5205 1824 5258 lectoribus
1847 5205 2193 5259 utChristia-

622 5289 746 5334 nam
795 5274 1113 5343 religionem
1160 5277 1582 5343 amplectantur,
1635 5290 1743 5327 non
1798 5292 1956 5342 posse
2012 5285 2191 5329 tamen

607 5351 717 5397 ‘eos
741 5343 955 5399 efiicere
992 5346 1045 5399 in
1072 5346 1395 5399 Christiana:
1422 5345 1543 5397 fidei
1576 5344 1825 5398 doctrina
1851 5345 2007 5401 valde
2031 5360 2192 5399 aecu-

624 5424 790 5477 ratos,
821 5431 943 5469 cum
965 5417 1079 5486 ipse
1102 5416 1155 5469 in
1183 5415 1505 5486 Arianorum
1530 5414 1722 5482 dogma
1747 5415 1995 5467 videatur
2020 5414 2187 5486 fuisse

646 5484 1137 5553 tmpensiorfFuit
1181 5486 1327 5539 enim
1376 5484 1491 5536 hrec
1540 5486 1837 5537 multorum
1889 5484 2076 5552 opinio
2117 5485 2188 5537 de

644 5555 862 5611 iusebio
914 5556 1227 5627 Pamphili:
1274 5555 1476 5623 quibus
1520 5562 1699 5607 tamen
1758 5554 1809 5606 in
1861 5554 2183 5609 Prmfatione

2364 4789 2441 4856 (2)
2470 4788 2658 4855 Μέχρι
2689 4790 2856 4853 τινὸς
2894 4781 3133 4857 ιίἐρους.
3168 4788 3453 4842 Postrema
3483 4799 3581 4839 vox
3621 4781 3766 4857 deest.
3786 4781 3830 4825 in

2291 4844 2483 4913 codice
2508 4844 2677 4927 Regio
2706 4874 2771 4912 ac
2794 4844 3111 4912 Ε’ῖοὶεῆιὶηό
3132 4866 3189 4912 et
3211 4857 3543 4927 Telleriano.
3575 4866 3671 4927 nec
3692 4844 3832 4900 habe-

2293 4936 2386 4981 tur
2417 4929 2470 4982 in
2498 4922 2740 4982 editione
2780 4928 3007 4983 Roberti
3045 4926 3329 4997 Stephani.
3376 4924 3544 4997 Primi
3574 4922 3827 4997 ϐςῃθγίξη-

2294 5013 2382 5051 ses
2419 4997 2738 5068 typographi
2769 5014 2906 5068 eam,
2938 4988 3269 5068 addiderunt
3298 5012 3365 5050 ex
3406 4994 3592 5068 codice
3612 4988 3829 5068 Christo;

2298 5048 2598 5147 asceam?
2609 5048 3370 5147 έίιῤυςξνὶιξξαξηῖξέίεςιιίόπίεε
3418 5066 3596 5147 θόλῳ,
3617 5048 3827 5147 sunt“?!

2297 5125 2503 5192 calcem
2557 5125 2821 5190 editionis
2866 5138 3228 5191 Coloniensis.
3279 5135 3439 5190 Certe
3473 5125 3825 5200 Christoplto'lj-

2300 5222 2469 5260 sonus
2498 5208 2553 5259 in
2580 5207 3036 5276 interpretatione
3064 5223 3162 5261 sua
3206 5221 3327 5260 eam
3358 5220 3543 5276 vocem
3570 5196 3824 5276 espre'ssit-

2299 5276 2389 5347 Sic
2415 5277 2561 5331 enim
2592 5263 2776 5339 verti-t,
2813 5278 2881 5329 ad
2903 5276 3139 5347 aliquam
3171 5286 3375 5346 partem
3400 5273 3543 5345 regni
3574 5263 3823 5347 Theodosii-

2294 5345 2426 5399 Mihi
2466 5357 2646 5400 tamen
2676 5342 3001 5417 elegantius
3023 5342 3242 5417 videtur
3274 5362 3395 5401 eam
3427 5342 3606 5398 vocem
3638 5342 3821 5417 suppl?

2294 5432 2441 5470 ntere
2468 5432 2630 5484 quam
2661 5405 2917 5485 adjicere.
2945 5416 3098 5482 Quod
3124 5417 3167 5469 si
3183 5416 3488 5485 adjiucnda
3504 5417 3640 5468 esset
3658 5405 3821 5459 dictio,

2292 5487 2510 5539 mallem
2545 5488 2799 5555 equidem
2836 5487 3038 5540 addere
3071 5487 3263 5555 χρόνου
3344 5498 3347 5501 ·

2035 5663 2418 5721 VARIORUM.

696 5756 769 5828 (α)
807 5760 945 5811 Καθ’
974 5763 1193 5828 εἱρμόν-
1237 5758 1413 5814 Verba
1446 5758 1561 5812 11ωο
1592 5757 1777 5812 omisit
1840 5760 1895 5815 in
1958 5758 2213 5817 versione
2250 5776 2347 5819 sua
2413 5761 2679 5816 Valesius.
2717 5759 2991 5816 Yertenda
3058 5772 3207 5827 sunt,
3248 5762 3500 5825 seriatim,
3538 5752 3613 5809 vel
3643 5740 3812 5802 ordine.

624 5826 709 5887 ΧΥ.
748 5826 873 5881 Low
886 5844 963 5881 ru.
