3970 6504
173 368 300 433 2491

770 484 1015 538 ΚΕΦΛᾹ.
1062 486 1138 539 A’.

177 578 321 635 Ὅτι.
337 574 493 644 μετὰ
513 576 623 642 τὴν
634 576 973 631 κατάλυσιν
988 574 1093 628 τοῦ
1108 576 1367 643 ἀσεϐοῦς
1384 576 1741 638 Ἰουλιανοῦ,

242 645 358 699 τῶν
403 644 696 711 αἱρέσεων
746 647 960 713 μικρὸν
1020 647 1382 711 παυθεισών,
1430 647 1685 714 ὓστερον
1715 648 1746 698 ό

237 714 511 782 πονηρὸς
563 713 841 796 διάϐολος
900 714 1015 783 τὴν
1076 715 1284 769 πίστιν
1364 716 1552 770 πάλιν

232 802 482 853 putrer.

243 878 403 946 Ἄρτι
436 876 541 944 τῆς
580 874 867 929 Ίουλιανοῦ
906 875 1223 938 δυσσεϐείας
1256 876 1369 940 τοῖς
1400 876 1508 929 τῶν
1539 876 1745 946 μαρτύ-

179 985 279 1037 ρων
306 968 516 1037 αἰμασι
539 967 1030 1037 κατακλυσθείσης,
1060 970 1157 1021 καὶ
1184 969 1281 1037 τῆς
1320 968 1526 1037 ’Λρείου
1555 968 1749 1037 μανίας

175 1056 525 1126 συνδεθείσης
551 1057 673 1119 ταῖς
708 1058 766 1109 ἐν
798 1054 1001 1125 Νικαίᾳ
1050 1054 1465 1124 χαλκευθείσαις
1522 1052 1711 1116 πέδαις
1733 1093 1749 1118 ,

177 1145 435 1216 Εὖνομίου
467 1162 533 1198 τε
563 1140 629 1198 αὖ
683 1145 779 1199 καὶ
819 1144 1151 1197 Μακεδονίου
1196 1144 1301 1197 ὑπὸ
1344 1143 1439 1197 τοῦ
1482 1144 1750 1211 παναγίου

176 1238 488 1307 Πνεὺματος
519 1236 657 1289 κατὰ
693 1240 783 1289 τὸν
803 1236 1074 1306 Βόσπορον
1098 1236 1506 1306 ἐκϐρασθέντων
1531 1236 1629 1305 (5).
1657 1236 1753 1288 καὶ

178 1328 305 1399 πρὸς
352 1330 419 1397 τῇ
492 1327 905 1381 Κωνσταντίνου
958 1328 1084 1397 ἱερᾷ
1136 1326 1512 1398 Θραυσθέντων
1559 1326 1751 1388 πόλει,

174 1421 264 1489 ήδη
314 1423 414 1489 τῆς
470 1420 638 1487 ἁγίας
682 1418 1012 1489 Ἐκκλησίας
1057 1419 1150 1471 τὸν
1190 1420 1502 1489 πρόσφατον
1552 1419 1754 1478 ἄποθεν

180 1511 341 1580 μένης
370 1511 571 1581 ῥύπον,
628 1512 723 1563 καὶ
770 1510 907 1581 πρὸς
934 1510 1034 1580 τὴν
1080 1510 1313 1579 ἀρχαίαν
1342 1511 1755 1579 ἐπαναγομένης

176 1600 531 1672 εὐπρέπειαν,
566 1601 625 1651 ἐν
652 1599 940 1670 ἱματισμῷ
974 1617 1033 1652 τε
1055 1601 1076 1630 ⁸
1106 1600 1382 1670 διαχρύσῳ
1424 1600 1755 1670 περιϐεϐλη-

182 1694 340 1763 μένης
378 1692 841 1762 πεποικιλμένης,
865 1691 945 1762 τῷ
981 1708 1038 1743 τε
1059 1694 1262 1762 ἐραστῇ
1289 1691 1525 1761 Νυμφίῳ
1555 1708 1755 1761 συναρ-

183 1784 506 1854 μοξομένης,
538 1785 643 1836 οὐκ
675 1782 915 1849 ἐνεγκὼν
946 1784 975 1836 ὁ
1009 1781 1305 1853 μισόκαλος
1347 1782 1577 1852 δαίμων,
1612 1783 1758 1847 ξένον

181 1879 297 1933 τινὰ
322 1880 416 1933 καὶ
443 1878 741 1932 ἀλλόκοτον
769 1878 901 1947 ἡμῖν
928 1876 1246 1945 ἐπανίστησι
1272 1875 1505 1944 πόλεμον
1531 1890 1544 1905 ο
1576 1877 1673 1945 τήν
1698 1892 1757 1928 τε

184 1970 580 2039 πεπατημένην
610 1967 1055 2039 εἰδωλολατρείαν
1078 1967 1486 2038 περιφρονήσας
1505 2008 1519 2029 ,
1547 1967 1639 2019 καὶ
1660 1966 1756 2036 τὴν

184 2060 420 2131 δουλικὴν
466 2058 687 2130 ’Δρείου
728 2058 926 2129 μανίαν
967 2057 1578 2126 παραγκωνισάμενος³
1605 2072 1619 2086 ·
1666 2057 1758 2109 καὶ

190 2153 507 2222 προσϐαλεῖν
541 2153 643 2222 μὲν
683 2152 757 2214 ὡς
793 2151 985 2221 ἐχθρὸς
1013 2154 1078 2220 τῇ
1111 2150 1293 2203 πίστει
1338 2150 1578 2203 δέδοικεν
1600 2190 1615 2214 ,
1653 2150 1758 2203 ὑπὸ

189 2244 446 2297 τοσούτων
486 2243 665 2313 ἁγίων
699 2243 957 2313 Πατέρων
982 2242 1354 2313 πυργωθείση,
1380 2244 1471 2295 καὶ
1491 2242 1557 2295 τὰ
1590 2242 1760 2296 πολλὰ

191 2340 276 2406 τῆς
297 2340 589 2408 δυνάμεως
611 2338 669 2389 ἐν
696 2339 763 2407 τῇ
799 2337 1002 2407 ταύτης
1027 2336 1313 2407 πολιορκίᾳ
1340 2337 1727 2407 παρῃρημένος
1743 2354 1755 2367 ·

192 2429 484 2501 λῃστρικῶς
515 2429 580 2483 δέ
628 2428 691 2482 τὸ
736 2429 972 2500 πρᾶγμα
1019 2430 1273 2499 μέτεισι,
1304 2428 1525 2492 πεύσεις
1563 2430 1718 2493 τινὰς
1744 2470 1760 2495 ,

198 2522 502 2591 ἀποκρίσεις
552 2538 615 2573 τε
648 2516 715 2574 αὖ
764 2519 1191 2590 μηχανώμενος,
1243 2512 1382 2589 πρὸς
1431 2521 1761 2591 Ἰουδαῖσμδν

198 2611 575 2681 καινοπρεπῶς
623 2612 915 2679 ἐπανάγων
947 2612 1009 2663 τὸ
1037 2610 1412 2681 πλανώμενον,
1455 2612 1516 2664 οὐ
1560 2614 1762 2675 συνιεὶς

199 2706 281 2757 καὶ
304 2705 398 2774 τὴν
422 2703 685 2758 ἐντεῦθεν
712 2698 883 2774 ἧτταν
913 2706 941 2757 ὁ
964 2704 1213 2767 δείλαιος.
1244 2706 1310 2759 Ὀ
1342 2704 1450 2775 γὰρ
1497 2705 1763 2775 πρότερον

202 2795 348 2864 μόνον
374 2795 677 2849 ἀντίπαλον
716 2789 829 2863 εἶχε
857 2794 932 2865 (4)
955 2836 969 2859 ,
1000 2793 1098 2847 νῦν
1140 2794 1343 2863 τέθηπέ
1383 2813 1441 2848 τε
1487 2796 1581 2848 καὶ
1613 2813 1765 2865 περι-

205 2885 490 2940 πτύσσεται
519 2902 536 2916 ⁸
584 2886 679 2939 καὶ
710 2885 809 2939 οὐκ
847 2887 895 2938 εί
920 2885 1011 2939 τοῦ
1043 2886 1243 2948 παντὸς
1264 2885 1455 2950 ἐξώσει
1478 2903 1541 2953 γε
1564 2904 1765 2957 φρυατ-

201 2977 433 3046 τόμενος,
453 2977 578 3031 ἀλλ’
606 2979 653 3030 εί
684 2977 778 3031 καὶ
814 2976 960 3041 λέξιν
990 2976 1116 3029 τινὰ
1164 2977 1610 3048 παραχαράττειν
1654 2974 1765 3038 οἷός

205 3084 257 3120 τε
309 3069 534 3137 γένοιτο.
584 3068 852 3131 Πολλάκις
907 3069 963 3121 δὲ
1012 3070 1078 3138 τῇ
1138 3068 1334 3121 ἐαυτοῦ
1394 3069 1766 3139 ἰλυσπώμενος

1612 716 1745 769 ἐτά-

1126 374 1509 434 HISTORIA!
1548 375 2136 435 ECCLESIASTIC/E
2175 375 2408 435 LIBER
2448 376 2496 435 Ι.

3273 375 3416 439 242?.

2524 482 2693 545 CAP.
2709 482 2748 537 Ι.

1849 575 2119 640 Quomodo
2172 586 2285 645 post
2333 577 2534 629 exitum
2567 577 2717 644 impii
2765 574 3005 638 Juiiaui,
3050 592 3167 629 cum
3199 578 3419 635 haereses

1920 646 2181 715 paulatim
2230 646 2559 769 deiecissem,
2598 646 2795 698 iterum
2843 645 3081 701 diabolus
3108 648 3268 716 ﬁdem
3328 669 3420 705 no-

1920 726 2085 769 stram
2107 727 2285 769 uertur
2319 724 2503 769 avent.

1917 726 2085 769 stram
2104 718 2503 785 perturbaverit.

1919 866 2054 921 Cum
2096 865 2300 921 Juliani
2352 864 2607 935 impietas
2666 874 2966 936 martyrum
3015 867 3280 937 sanguine
3308 869 3419 938 jam

1851 958 2137 1013 submersa
2163 967 2330 1021 esset,
2354 966 2410 1011 ct
2438 957 2552 1011 Arii
2577 956 2801 1011 vesania
2827 956 3109 1012 fabricatis
3145 959 3288 1027 apud
3325 960 3424 1013 Ni-

1852 1062 2017 1101 czcam
2056 1046 2414 1115 compedibus
2467 1046 2732 1100 astricta:
2775 1046 3080 1100 Eunomius
3109 1063 3328 1116 quoque
3361 1064 3425 1104 ac

1852 1139 2204 1194 Macedonius
2245 1153 2275 1192 a
2321 1146 2512 1193 sancto
2563 1137 2770 1207 Spiritu
2803 1140 2961 1208 quasi
2988 1147 3153 1194 vento
3186 1140 3423 1209 quodam

1853 1228 2088 1298 expulsi,
2114 1229 2260 1283 circa
2292 1228 2616 1297 Bosporum,
2644 1237 2700 1282 et
2720 1227 2788 1283 ad
2818 1244 3027 1283 sacram
3058 1230 3251 1285 urbem
3275 1229 3422 1284 Con-

1853 1318 2266 1387 stantinopolim
2314 1316 2472 1372 fracti
2518 1317 2813 1387 obrutique
2862 1328 3047 1373 essent
3098 1334 3269 1374 :cum
3314 1320 3428 1389 jam

1854 1419 2199 1465 sacrosancta
2224 1410 2467 1465 Ecclesia
2500 1411 2711 1465 recenti
2755 1410 3000 1466 sordium
3046 1411 3302 1481 squalore
3332 1411 3431 1466 de-

1856 1502 2056 1571 posito,
2094 1501 2388 1571 pristinum
2412 1501 2667 1557 decorem
2711 1512 3102 1573 recuperaret,
3131 1512 3187 1559 et
3225 1504 3428 1558 amictu

1856 1605 2050 1651 aurato
2098 1612 2162 1651 ac
2202 1596 2481 1666 variegato
2523 1594 2735 1661 induta,
2768 1595 2978 1650 ctelesti
3024 1594 3236 1665 Sponso
3265 1606 3431 1665 atque

1857 1686 2085 1740 amatori
2110 1685 2549 1756 desponderetur
2578 1702 2591 1739 :
2620 1684 2672 1738 id
2715 1684 2943 1739 moleste
2990 1684 3175 1740 ferens
3215 1685 3430 1739 dmmon

1858 1778 2083 1831 virtutis
2130 1776 2412 1840 inimicus,
2462 1791 2665 1831 novum
2694 1775 2970 1845 quoddam
3017 1785 3072 1830 et
3107 1776 3429 1831 inusitatum

1860 1870 1989 1926 belli
2030 1885 2203 1941 genus
2240 1869 2507 1924 adversus
2533 1884 2635 1922 nos
2671 1867 2931 1923 excitavit
2960 1885 2973 1922 :
3008 1868 3430 1923 simulacrorum

1860 1964 2069 2016 cultum
2105 1961 2198 2031 qui
2222 1962 2334 2030 jam
2365 1959 2923 2030 oppressusjacebat,
2948 1969 3003 2013 et
3036 1959 3291 2014 servilem
3316 1960 3431 2013 Arii

1861 2054 2137 2108 vesaniam
2178 2051 2466 2122 despectui
2505 2051 2733 2105 habens.
2768 2051 2845 2105 Ac
2877 2051 3036 2105 ﬁdem
3065 2050 3289 2119 quidem
3332 2066 3434 2103 no-

1860 2151 2027 2195 stram
2074 2150 2285 2210 aperte,
2341 2149 2402 2193 ut
2446 2139 2641 2203 hostis,
2690 2154 3010 2209 oppugnare
3068 2139 3283 2192 veritus
3325 2147 3432 2203 est,

1861 2232 2065 2302 quippe
2099 2247 2219 2301 quae
2243 2239 2321 2285 tot
2344 2246 2407 2285 ac
2430 2238 2707 2285 tantorum
2744 2240 2965 2300 patrum
3008 2229 3182 2300 copiis
3223 2230 3434 2283 munita

1859 2334 2025 2386 esset,
2072 2322 2211 2377 adeo
2254 2331 2315 2376 ut
2372 2323 2487 2392 ipse
2534 2324 2590 2377 in
2640 2337 2702 2376 ea
2748 2322 3115 2391 oppugnanda
3144 2322 3436 2375 maximam

1862 2421 2073 2483 partem
2107 2426 2332 2466 suarum
2371 2411 2570 2465 virium
2598 2410 2893 2466 amisisset.
2924 2410 3032 2465 Sed
3075 2411 3248 2480 magis
3271 2410 3437 2464 latro-

1862 2520 1993 2559 num
2022 2519 2174 2557 more
2212 2501 2267 2555 id
2302 2517 2466 2572 agere
2504 2516 2797 2572 aggressus
2827 2509 2942 2565 est,
2974 2500 3437 2570 interrogationes

1861 2595 2125 2667 quasdam
2158 2610 2221 2649 ac
2254 2593 2641 2665 responsiones
2675 2602 3019 2648 commentus
3040 2632 3054 2655 ,
3107 2593 3310 2662 quibus
3347 2608 3437 2646 er-

1864 2696 2050 2742 rantes
2089 2686 2157 2740 ad
2184 2684 2527 2741 Judaismum
2574 2698 2718 2739 novo
2766 2700 2917 2739 more
2952 2684 3284 2739 traduceret.
3327 2684 3439 2738 Nec

1864 2778 2136 2834 intellexit
2182 2776 2371 2842 miser,
2431 2776 2596 2831 etiam
2635 2775 2763 2830 inde
2813 2790 2872 2830 se
2919 2775 3255 2829 vincendum
3294 2789 3437 2829 esse.

1864 2869 1998 2925 Nam
2027 2868 2173 2939 quod
2197 2884 2367 2923 unum
2385 2876 2542 2922 antea
2566 2867 2799 2921 maxime
2826 2865 3199 2937 impugnabat,
3223 2864 3278 2919 id
3296 2880 3443 2920 nunc

1865 2960 2098 3014 miratur
2150 2969 2316 3029 atque
2367 2957 2722 3029 amplectitur
2761 2974 2774 3012 :
2815 2958 3099 3013 exsultans
3126 2974 3191 3013 ac
3244 2958 3443 3012 trium-

1866 3053 2044 3124 phans
2069 3052 2291 3123 gaudio,
2318 3051 2365 3106 si
2389 3066 2501 3105 non
2522 3065 2587 3105 ex
2611 3050 2872 3104 universo
2892 3064 2993 3105 nos
3022 3050 3319 3119 depulerit,
3346 3050 3443 3104 sed

206 3161 378 3230 κακία,
407 3162 505 3213 καὶ
528 3161 860 3229 γράμματος
886 3160 1191 3232 ἐναλλαγὴν
1218 3160 1473 3230 ἐτέχνασε
1504 3162 1603 3231 (5),
1634 3163 1759 3233 πρὸς

1871 3145 1955 3199 vel
1981 3159 2145 3198 unam
2173 3142 2475 3197 dictionem
2507 3140 2818 3195 adulterare
2853 3140 3115 3211 potuerit.
3157 3140 3235 3194 Ac
3271 3155 3445 3213 smpe-

211 3251 297 3319 μὲν
322 3252 417 3322 τὴν
444 3253 623 3323 αὐτὴν
645 3252 893 3315 ἕλκοντος
916 3251 1155 3305 διάνοιαν
1182 3268 1195 3281 ·
1226 3254 1372 3317 ὅπως
1402 3253 1459 3306 δὲ
1489 3253 1587 3320 τὴν
1615 3255 1763 3323 γνώ-

213 3341 306 3411 μην
328 3344 419 3413 τῆς
441 3342 702 3411 γλώσσης
732 3343 1064 3415 ἀπομερίσῃ,
1098 3344 1183 3396 ἵνα
1217 3342 1292 3414 μὴ
1319 3344 1417 3415 τὴν
1447 3344 1613 3416 αὐτὴν
1640 3348 1773 3416 ὀμο-

211 3431 378 3500 λογίαν
409 3452 468 3487 τε
504 3434 603 3487 καὶ
635 3434 943 3499 δοξολογίαν
969 3436 1287 3505 ὁμοφρόνως
1318 3436 1339 3469 ⁸
1374 3437 1541 3505 ἄμφω
1562 3436 1638 3507 τῷ
1654 3438 1773 3508 Θεῷ

214 3524 547 3591 προσάγοιεν.
585 3524 773 3587 Ὅπως
804 3525 861 3578 δὲ
887 3526 1092 3579 τούτων
1120 3525 1349 3581 ἕκαστον
1382 3528 1651 3598 ἐπράχθη,
1680 3529 1772 3581 καὶ

215 3616 321 3670 ὅποι
350 3618 763 3688 τετελεύτηκεν,
798 3620 856 3672 ἐν
888 3623 999 3681 τοῖς
1031 3620 1180 3684 ἰδίοις
1225 3623 1616 3692 παραθήσομαι
1651 3641 1771 3677 και-

219 3708 338 3776 ροίς,
361 3708 725 3777 παρυφαίνων
751 3710 803 3762 ετ
823 3727 875 3762 τι
904 3710 998 3763 καὶ
1014 3710 1142 3763 ἄλλο
1165 3712 1443 3782 πάρεργον
1478 3715 1597 3783 μὲν,
1632 3715 1772 3768 ίστο⁹

223 3797 328 3865 piat;
346 3798 401 3852 δὲ
420 3800 576 3863 ἄξιον
618 3800 861 3868 ἐξευρεῖν
885 3800 1173 3874 δυνηθείην
1193 3846 1206 3869 ,
1234 3804 1332 3874 τὴν
1370 3806 1611 3876 ἱστορίαν
1642 3807 1779 3859 ἁπο-

224 3887 480 3958 τιθέμενος
526 3893 552 3924 ⁸
606 3891 683 3962 (6)
734 3892 859 3947 ἔνθα
914 3894 991 3966 τῷ
1048 3894 1414 3966 φιλανθρώπῳ
1466 3900 1779 3970 παρασταίη

221 3974 344 4046 θεῷ.

1876 3250 2106 3291 numero
2132 3250 2229 3289 sua
2258 3248 2318 3288 se
2348 3232 2633 3289 involvens
2662 3232 2866 3288 malitia
2887 3272 2901 3295 ,
2926 3230 3090 3286 unius
3120 3232 3315 3287 litterae
3343 3232 3446 3287 im-

1877 3327 2234 3381 mutationem
2272 3335 2621 3383 commentus
2655 3332 2769 3389 est,
2802 3338 2923 3393 quae
2947 3322 3014 3377 ad
3041 3322 3295 3378 eumdem
3324 3321 3449 3392 qui-

1876 3421 2001 3475 dem
2018 3419 2247 3473 duceret
2268 3433 2523 3481 sensum;
2559 3415 2977 3486 intelligentiam
3004 3424 3185 3470 tamen
3211 3430 3241 3469 a
3263 3414 3449 3485 lingua

1876 3511 2263 3581 disjungeret:
2308 3524 2375 3562 ne
2432 3518 2666 3581 utraque
2724 3507 2941 3563 Patrem
2974 3515 3029 3561 et
3090 3504 3292 3562 Filium
3340 3520 3449 3558 uno

1876 3601 2181 3669 eodemque
2200 3598 2361 3653 modo
2378 3598 2775 3653 conﬁterentur
2790 3605 2845 3651 et
2871 3596 3258 3667 gloriﬁcarent.
3281 3595 3451 3650 Porro

1878 3708 1984 3762 qua
2015 3691 2227 3745 ratione
2273 3688 2488 3759 singula
2528 3693 2627 3743 ista
2672 3696 2983 3757 perpetrata
3013 3688 3143 3751 sint,
3192 3693 3247 3741 et
3286 3699 3448 3755 quem

1882 3784 2091 3839 exitum
2119 3782 2434 3845 habuerint,
2460 3796 2558 3835 suo
2578 3781 2697 3834 loco
2723 3796 2787 3834 ac
2822 3791 3063 3849 tempore
3092 3791 3451 3847 exponemus.

1885 3876 2134 3929 Attexam
2160 3882 2423 3942 praeterea
2450 3868 2718 3941 quidquid
2769 3878 3073 3923 memoratu
3099 3867 3324 3937 dignum
3365 3882 3451 3919 re-

1885 3965 2068 4035 perire
2098 3973 2352 4034 potuero,
2396 3964 2524 4018 licet
2567 3963 2635 4016 ab
2684 3962 2934 4015 instituto
2978 3969 3166 4015 nostro
3212 3958 3459 4013 alienum

1816 4126 1819 4127 ν
1886 4072 2008 4112 esse
2036 4056 2288 4111 videatur
2322 4072 2334 4108 :
2365 4054 2525 4112 tinem
2556 4052 2832 4110 scribendi
2855 4051 3115 4118 facturus,
3149 4049 3239 4105 ubi
3267 4048 3453 4107 divino

1889 4148 2109 4205 Numini
2133 4149 2417 4227 placuerit.

1525 4283 1764 4338 VARIAE
1807 4283 2214 4342 LECTIONES.

292 4374 312 4405 ‘
336 4374 454 4430 add.
486 4374 604 4428 καί.
681 4375 701 4405 ⁸
732 4379 1294 4447 καταγκωνισάμενος.
1372 4381 1392 4410 ⁸
1424 4381 1740 4449 ὁμοφώνως.

1818 4382 1839 4411 ⁵
1868 4381 2224 4450 ἀποθέμενος.

1414 4512 1679 4569 VALESII
1722 4513 2275 4569 ANNOTATIONES.

260 4662 261 4665 η
300 4607 369 4679 (ὅ)
393 4605 1452 4680 ’Exé‘pao'ﬂerrugr.Christophorsonus
1470 4616 1525 4660 et
1546 4606 1787 4680 Savilius
1813 4609 1865 4667 D
1891 4606 2390 4680 signct_Evagrius_.
2424 4608 2611 4680 Posset
2638 4606 2865 4680 quidem
2898 4607 3127 4680 intelligi
3160 4608 3458 4680 τὸνόμοιού-

235 4676 583 4735 emendarunt
622 4677 1046 4732 ἐκϐιασθέντων.
1100 4676 1204 4730 Sed
1232 4676 1391 4745 longe
1447 4678 1651 4729 rectior
1701 4686 1789 4731 est

238 4747 485 4819 scriptura
516 4767 683 4819 quam
710 4746 935 4819 exhibet
964 4744 1532 4819 eodeaFlore’ntinus
1562 4746 1787 4819 etATcl-

240 4814 481 4888 lerianus,
510 4814 948 4888 ἐκϐρασθέντων..
974 4816 1285 4888 Μοῑεψιιᾲοιτι
1305 4824 1410 4888 est
1451 4830 1479 4866 a
1510 4814 1789 4885 naufragis

240 4887 321 4952 qui
346 4885 679 4957 tempestatis
702 4888 752 4939 vi
778 4886 1147 4953 abripiuntur.
1173 4885 1437 4957 Spiritum
1460 4894 1640 4957 autem
1662 4900 1789 4957 san:

241 4964 373 5009 ctum
414 4954 580 5013 vento
619 4957 837 5011 cuidam
884 4966 1166 5023 comparat
1208 4954 1493 5021 Evagrius,
1536 4955 1693 5023 cujus
1734 4955 1788 5008 vi

240 5027 433 5092 expuisi
476 5028 782 5082 Eunomius
831 5042 895 5079 ac
943 5024 1313 5085 Macedonius,
1379 5024 1594 5077 tandem
1645 5024 1786 5078 Con-

243 5097 575 5166 stantinopoli
614 5096 957 5164 naufragium
979 5095 1260 5166 iecerunt,
1295 5093 1538 5148 damnati
1572 5095 1785 5149 scilicet

246 5160 295 5216 in
317 5160 518 5234 synodo
542 5160 1157 5234 Constantinopolitana.

412 5238 477 5287 Ὃ
497 5239 607 5305 γὰρ
638 5231 927 5303 πρότεροῦ-
956 5236 1148 5305 μόνον
1164 5235 1502 5289 ἀντίπαλον
1519 5231 1662 5303 εἶχε.
1696 5234 1786 5287 lit-

251 5301 424 5375 telligit
465 5301 654 5361 vocem
679 5301 1147 5359 eousubstdntialis
1193 5307 1338 5375 quod
1381 5301 1790 5375 Grzeci'bpood-

255 5386 353 5424 σιον
384 5374 791 5446 dicuntaﬂanc
839 5376 988 5429 enim
1031 5374 1223 5429 vocem
1266 5377 1538 5446 malignus
1577 5374 1791 5446 dzcmon

256 5444 504 5512 pmoipue
577 5446 936 5515 impugnavit,
991 5453 1180 5513 utpote
1246 5457 1367 5514 quae
1408 5444 1791 5499 everriculum

254 5520 385 5564 esset
410 5515 648 5569 omnium
673 5517 976 5579 hmrescon,
1001 5524 1056 5569 et
1082 5527 1242 5571 recta:
1269 5516 1393 5571 lidei
1420 5515 1793 5569 ﬁrmissimum

260 5586 722 5651 propugnaculum.

322 5650 389 5728 (ᾗ)
422 5650 766 5728 Γρᾴμματος
824 5657 1172 5728 ἐναλλαγὴν
1212 5654 1792 5728 ἐτέχνωοξξη-ὶνῐσηεηι

264 5719 490 5795 geribcre
517 5719 788 5793 ἐτέχνασε,
823 5734 883 5780 ιιι
918 5719 1127 5795 legitur
1158 5726 1210 5779 in
1246 5719 1434 5780 codice
1464 5726 1505 5778 Τ
1511 5725 1791 5778 elleriano.

266 5784 419 5843 Porro
445 5784 730 5850 obscu'fum
762 5784 845 5853 est
891 5784 1165 5865 quodnam
1198 5796 1288 5852 hic
1324 5796 1646 5851 vocabulum
1704 5797 1795 5849 de-

1896 4693 2030 4748 σιον.
2067 4676 2178 4748 δρᾶν
2203 4677 2459 4748 quoniam
2500 4677 2554 4729 in
2585 4676 2689 4731 hoc
2716 4678 2982 4748 vocabulo
3011 4676 3101 4734 est
3140 4676 3319 4748 potius
3347 4680 3456 4733 ad-

1885 4746 2056 4815 jectio
2088 4746 2253 4819 unius
2285 4746 2502 4819 litterae
2524 4762 2686 4819 quam
2724 4747 3051 4819 immutatio,
3092 4746 3457 4819 intelligenda:

1890 4825 2019 4897 sunt
2048 4817 2230 4897 potius
2257 4816 2831 4897 praepositionesillaa
2878 4816 2936 4882 ἐξ
2964 4826 3029 4897 et
3080 4819 3171 4897 iv,
3214 4816 3333 4888 qua:
3384 4820 3457 4873 ob

1894 4885 2144 4939 haeresim
2170 4885 2562 4955 Eutyehianam
2582 4886 2847 4943 maximos
2865 4895 3044 4941 motus
3055 4885 3455 4954 excitaverunt,

1889 4970 2012 5008 cum
2049 4956 2224 5009 aliiex
2242 4955 2455 5008 duabus
2472 4955 2702 5019 naturis,
2734 4956 2827 5010 alii
2856 4958 2909 5011 in
2937 4956 3153 5012 duabus
3177 4958 3461 5015 Christum

1888 5025 2225 5078 adorandum
2250 5041 2369 5079 esse
2396 5024 2661 5081 dicerent.

1956 5095 2030 5163 (6)
2068 5096 2185 5159 Τὴν
2228 5096 2495 5161 ἱστορίαν
2512 5095 2951 5164 ἀποτιθέμενος.
2997 5097 3097 5152 Hic
3153 5099 3305 5153 locus
3349 5115 3459 5154 non

1899 5174 2073 5235 caret
2105 5164 2443 5219 diﬁieultatc.
2506 5165 2785 5220 Musculus
2837 5168 3067 5235 quidem
3121 5170 3196 5223 ita
3259 5170 3458 5225 vertit:

1901 5234 1995 5309 ωε
2023 5234 2315 5309 absoiutam
2345 5237 2480 5309 hunc
2508 5236 2779 5309 historiam
2810 5234 3029 5309 benigno
3061 5238 3166 5293 Deo
3193 5256 3457 5293 commen-

1898 5304 2109 5379 davero.
2147 5304 2348 5379 yernm
2395 5306 2509 5379 lucc
2536 5304 3079 5379 interpretatio'terri
3110 5325 3218 5363 non
3256 5318 3456 5379 potest.

1899 5374 2100 5447 itaque,
2135 5374 2873 5447 Christophorsonus‘alitcr
2912 5374 3304 5447 interpretatus
3351 5386 3457 5436 est.

1898 5444 2001 5516 hoc
2030 5445 2237 5516 scilicet
2265 5446 2445 5498 modo.
2469 5445 2648 5514 Ibique
2671 5444 2829 5513 ﬁnem
2850 5444 3106 5501 scribendi
3129 5449 3342 5516 faciam.
3372 5448 3459 5499 ubi

1900 5514 2006 5586 Deo
2033 5515 2269 5568 clementi
2309 5533 2370 5569 ac
2413 5518 2639 5586 propitio
2681 5518 2850 5569 visum
2897 5519 3072 5586 fuerit.
3124 5514 3227 5571 Sed
3279 5532 3458 5585 neque

1899 5584 2015 5638 lucc
2062 5586 2441 5654 interpretatio
2497 5584 2629 5639 mihi
2684 5584 2903 5654 penitus
2948 5587 3228 5641 satisfacit.
3276 5584 3459 5641 Primo

1898 5655 2047 5726 enim
2088 5656 2351 5724 Evagrins
2383 5672 2490 5709 non
2539 5656 2671 5710 dicit
2700 5658 3126 5726 ἁποθησὸμενος,
3155 5658 3249 5711 sed
3273 5660 3461 5726 ἀποτι-

1900 5724 2125 5793 θέμενος
2192 5726 2243 5778 in
2329 5726 2599 5793 praesenti.
2679 5724 2884 5780 Deinde
2951 5724 3311 5780 ἀποτίθεσθαι
3360 5725 3460 5793 τὴν

1900 5795 2138 5867 ἱστορίαν
2165 5812 2265 5866 pro
2301 5795 2458 5853 (inire
2488 5796 2794 5863 historiam,
2824 5812 3093 5869 nusquam
3124 5796 3346 5854 memini
3380 5795 3454 5853 le-
