  <div class='ocr_page' id='page_1' title='image "/cluster/home/n/w/nwhite01/storage/ocr_20150623/86:2/hvd.32044012719696/347.png"; bbox 0 0 3970 6496; ppageno 0'>
   <div class='ocr_carea' id='block_1_1' title="bbox 498 336 3753 452">
    <p class='ocr_par' dir='ltr' id='par_1_1' title="bbox 498 336 3753 452">
     <span class='ocr_line' id='line_1_1' title="bbox 498 336 3753 452; baseline -0.006 0"><span class='ocrx_word' id='word_1_1' title='bbox 498 387 647 452; x_wconf 63' lang='lat' dir='ltr'><strong>sua</strong></span> <span class='ocrx_word' id='word_1_2' title='bbox 1700 380 2019 442; x_wconf 83' lang='lat' dir='ltr'><strong>EVAGRII</strong></span> <span class='ocrx_word' id='word_1_3' title='bbox 2059 336 2573 441; x_wconf 24' lang='lat' dir='ltr'><strong>SCHOLAS&#39;I‘ICI&#39;</strong></span> <span class='ocrx_word' id='word_1_4' title='bbox 3623 366 3753 431; x_wconf 68' lang='lat'><strong>2136</strong></span> 
     </span>
    </p>
   </div>
   <div class='ocr_carea' id='block_1_2' title="bbox 502 476 2091 573">
    <p class='ocr_par' dir='ltr' id='par_1_2' title="bbox 502 491 2086 573">
     <span class='ocr_line' id='line_1_2' title="bbox 502 491 2086 573; baseline -0.008 -17"><span class='ocrx_word' id='word_1_5' title='bbox 502 502 638 573; x_wconf 84' lang='lat' dir='ltr'><strong>quid</strong></span> <span class='ocrx_word' id='word_1_6' title='bbox 673 507 860 570; x_wconf 80' lang='lat' dir='ltr'><strong>postea</strong></span> <span class='ocrx_word' id='word_1_7' title='bbox 905 496 975 551; x_wconf 90' lang='lat' dir='ltr'><strong>de</strong></span> <span class='ocrx_word' id='word_1_8' title='bbox 1001 495 1099 550; x_wconf 83' lang='lat' dir='ltr'><strong>illo</strong></span> <span class='ocrx_word' id='word_1_9' title='bbox 1126 493 1327 549; x_wconf 81' lang='lat' dir='ltr'><strong>factum</strong></span> <span class='ocrx_word' id='word_1_10' title='bbox 1372 493 1464 554; x_wconf 85' lang='lat' dir='ltr'><strong>sit.</strong></span> <span class='ocrx_word' id='word_1_11' title='bbox 1498 502 1555 547; x_wconf 90' lang='lat' dir='ltr'><strong>et</strong></span> <span class='ocrx_word' id='word_1_12' title='bbox 1591 492 1829 561; x_wconf 77' lang='lat' dir='ltr'><strong>qualiter</strong></span> <span class='ocrx_word' id='word_1_13' title='bbox 1874 508 1942 545; x_wconf 76' lang='lat' dir='ltr'><strong>ex</strong></span> <span class='ocrx_word' id='word_1_14' title='bbox 1983 491 2086 545; x_wconf 87' lang='lat' dir='ltr'><strong>hac</strong></span> 
     </span>
    </p>
   </div>
   <div class='ocr_carea' id='block_1_3' title="bbox 2193 476 3754 573">
    <p class='ocr_par' dir='ltr' id='par_1_3' title="bbox 2193 476 3754 557">
     <span class='ocr_line' id='line_1_3' title="bbox 2193 476 3754 557; baseline -0.011 -16"><span class='ocrx_word' id='word_1_15' title='bbox 2193 488 2408 557; x_wconf 84' lang='grc' dir='ltr'>γέγονεν</span> <span class='ocrx_word' id='word_1_16' title='bbox 2436 488 2523 540; x_wconf 75' lang='grc' dir='ltr'><strong>ἐπ’</strong></span> <span class='ocrx_word' id='word_1_17' title='bbox 2548 485 2718 556; x_wconf 80' lang='grc' dir='ltr'>αὐτῷ,</span> <span class='ocrx_word' id='word_1_18' title='bbox 2752 485 2783 555; x_wconf 80' lang='grc' dir='ltr'>ἢ</span> <span class='ocrx_word' id='word_1_19' title='bbox 2808 485 2957 547; x_wconf 78' lang='grc' dir='ltr'>ὅπως</span> <span class='ocrx_word' id='word_1_20' title='bbox 2978 483 3069 536; x_wconf 77' lang='grc' dir='ltr'><strong>τὸν</strong></span> <span class='ocrx_word' id='word_1_21' title='bbox 3098 481 3225 553; x_wconf 84' lang='grc' dir='ltr'>τῇδε</span> <span class='ocrx_word' id='word_1_22' title='bbox 3252 476 3599 548; x_wconf 77' lang='grc' dir='ltr'>κατέστρεψε</span> <span class='ocrx_word' id='word_1_23' title='bbox 3628 477 3754 548; x_wconf 75' lang='grc' dir='ltr'>βίον.</span> 
     </span>
    </p>
   </div>
   <div class='ocr_carea' id='block_1_4' title="bbox 503 570 2091 662">
    <p class='ocr_par' dir='ltr' id='par_1_4' title="bbox 503 570 2083 662">
     <span class='ocr_line' id='line_1_4' title="bbox 503 570 2083 662; baseline -0.009 -11"><span class='ocrx_word' id='word_1_24' title='bbox 503 570 631 651; x_wconf 65' lang='lat' dir='ltr'><strong>luce</strong></span> <span class='ocrx_word' id='word_1_25' title='bbox 648 590 981 662; x_wconf 72' lang='lat' dir='ltr'><strong>migraverit,</strong></span> <span class='ocrx_word' id='word_1_26' title='bbox 1003 598 1059 644; x_wconf 91' lang='lat' dir='ltr'><strong>et</strong></span> <span class='ocrx_word' id='word_1_27' title='bbox 1083 604 1245 658; x_wconf 86' lang='lat' dir='ltr'><strong>quam</strong></span> <span class='ocrx_word' id='word_1_28' title='bbox 1266 585 1616 655; x_wconf 69' lang='lat' dir='ltr'><strong>blasphemia:</strong></span> <span class='ocrx_word' id='word_1_29' title='bbox 1636 600 1751 639; x_wconf 67' lang='lat' dir='ltr'><strong>sum</strong></span> <span class='ocrx_word' id='word_1_30' title='bbox 1770 582 2083 638; x_wconf 88' lang='lat' dir='ltr'><strong>mercedem</strong></span> 
     </span>
    </p>
   </div>
   <div class='ocr_carea' id='block_1_5' title="bbox 2193 570 3756 662">
    <p class='ocr_par' dir='ltr' id='par_1_5' title="bbox 2193 570 3756 649">
     <span class='ocr_line' id='line_1_5' title="bbox 2193 570 3756 649; baseline -0.008 -14"><span class='ocrx_word' id='word_1_31' title='bbox 2193 582 2280 636; x_wconf 73' lang='grc' dir='ltr'>καὶ</span> <span class='ocrx_word' id='word_1_32' title='bbox 2311 575 2388 635; x_wconf 80' lang='grc' dir='ltr'>ὧν</span> <span class='ocrx_word' id='word_1_33' title='bbox 2446 580 2639 649; x_wconf 75' lang='grc' dir='ltr'>ἔτυχεν</span> <span class='ocrx_word' id='word_1_34' title='bbox 2669 578 2914 648; x_wconf 79' lang='grc' dir='ltr'>ἀμοιϐῶν</span> <span class='ocrx_word' id='word_1_35' title='bbox 2941 576 3043 645; x_wconf 81' lang='grc' dir='ltr'><strong>τῆς</strong></span> <span class='ocrx_word' id='word_1_36' title='bbox 3082 571 3435 643; x_wconf 73' lang='grc' dir='ltr'><strong>βλασφημίας</strong></span> <span class='ocrx_word' id='word_1_37' title='bbox 3488 570 3673 631; x_wconf 72' lang='grc' dir='ltr'>ἕνεκα,</span> <span class='ocrx_word' id='word_1_38' title='bbox 3700 571 3756 623; x_wconf 73' lang='grc' dir='ltr'>οὗ</span> 
     </span>
    </p>
   </div>
   <div class='ocr_carea' id='block_1_6' title="bbox 506 673 2085 749">
    <p class='ocr_par' dir='ltr' id='par_1_6' title="bbox 506 673 2085 749">
     <span class='ocr_line' id='line_1_6' title="bbox 506 673 2085 749; baseline -0.008 -11"><span class='ocrx_word' id='word_1_39' title='bbox 506 683 780 745; x_wconf 76' lang='lat' dir='ltr'><strong>retulerit,</strong></span> <span class='ocrx_word' id='word_1_40' title='bbox 804 680 1223 749; x_wconf 79' lang='lat' dir='ltr'><strong>haudquaquam</strong></span> <span class='ocrx_word' id='word_1_41' title='bbox 1248 676 1525 746; x_wconf 88' lang='lat' dir='ltr'><strong>proditum</strong></span> <span class='ocrx_word' id='word_1_42' title='bbox 1570 684 1654 729; x_wconf 87' lang='lat' dir='ltr'><strong>est</strong></span> <span class='ocrx_word' id='word_1_43' title='bbox 1670 692 1700 729; x_wconf 88' lang='lat' dir='ltr'><strong>a</strong></span> <span class='ocrx_word' id='word_1_44' title='bbox 1721 673 2085 743; x_wconf 67' lang='lat' dir='ltr'><strong>scriptoribus</strong></span> 
     </span>
    </p>
   </div>
   <div class='ocr_carea' id='block_1_7' title="bbox 505 766 2086 839">
    <p class='ocr_par' dir='ltr' id='par_1_7' title="bbox 505 766 2086 839">
     <span class='ocr_line' id='line_1_7' title="bbox 505 766 2086 839; baseline -0.006 -11"><span class='ocrx_word' id='word_1_45' title='bbox 505 775 889 831; x_wconf 78' lang='lat' dir='ltr'><strong>historiarum.</strong></span> <span class='ocrx_word' id='word_1_46' title='bbox 930 772 1061 837; x_wconf 67' lang='lat' dir='ltr'><strong>Quae</strong></span> <span class='ocrx_word' id='word_1_47' title='bbox 1101 769 1348 839; x_wconf 81' lang='lat' dir='ltr'><strong>profecto</strong></span> <span class='ocrx_word' id='word_1_48' title='bbox 1385 767 1831 830; x_wconf 72' lang='lat' dir='ltr'><strong>intercidissent,</strong></span> <span class='ocrx_word' id='word_1_49' title='bbox 1868 775 1925 821; x_wconf 91' lang='lat' dir='ltr'><strong>et</strong></span> <span class='ocrx_word' id='word_1_50' title='bbox 1960 766 2086 820; x_wconf 79' lang='lat' dir='ltr'><strong>lon-</strong></span> 
     </span>
    </p>
   </div>
   <div class='ocr_carea' id='block_1_8' title="bbox 501 860 2086 937">
    <p class='ocr_par' dir='ltr' id='par_1_8' title="bbox 501 860 2086 937">
     <span class='ocr_line' id='line_1_8' title="bbox 501 860 2086 937; baseline -0.005 -17"><span class='ocrx_word' id='word_1_51' title='bbox 501 866 813 937; x_wconf 81' lang='lat' dir='ltr'><strong>ginquitate</strong></span> <span class='ocrx_word' id='word_1_52' title='bbox 835 864 1099 933; x_wconf 82' lang='lat' dir='ltr'><strong>temporis</strong></span> <span class='ocrx_word' id='word_1_53' title='bbox 1120 861 1343 932; x_wconf 78' lang='lat' dir='ltr'><strong>penitus</strong></span> <span class='ocrx_word' id='word_1_54' title='bbox 1366 860 1679 915; x_wconf 85' lang='lat' dir='ltr'><strong>oblitterata</strong></span> <span class='ocrx_word' id='word_1_55' title='bbox 1714 866 1898 913; x_wconf 79' lang='lat' dir='ltr'><strong>essent</strong></span> <span class='ocrx_word' id='word_1_56' title='bbox 1919 864 2086 927; x_wconf 86' lang='lat' dir='ltr'><strong>atque</strong></span> 
     </span>
    </p>
   </div>
   <div class='ocr_carea' id='block_1_9' title="bbox 503 950 2087 1024">
    <p class='ocr_par' dir='ltr' id='par_1_9' title="bbox 503 950 2087 1024">
     <span class='ocr_line' id='line_1_9' title="bbox 503 950 2087 1024; baseline -0.005 -12"><span class='ocrx_word' id='word_1_57' title='bbox 503 959 729 1021; x_wconf 86' lang='lat' dir='ltr'><strong>obruta,</strong></span> <span class='ocrx_word' id='word_1_58' title='bbox 787 957 926 1011; x_wconf 80' lang='lat' dir='ltr'><strong>adeo</strong></span> <span class='ocrx_word' id='word_1_59' title='bbox 959 964 1019 1010; x_wconf 93' lang='lat' dir='ltr'><strong>ut</strong></span> <span class='ocrx_word' id='word_1_60' title='bbox 1070 956 1185 1010; x_wconf 84' lang='lat' dir='ltr'><strong>sola</strong></span> <span class='ocrx_word' id='word_1_61' title='bbox 1218 954 1440 1024; x_wconf 87' lang='lat' dir='ltr'><strong>quidem</strong></span> <span class='ocrx_word' id='word_1_62' title='bbox 1492 950 1780 1007; x_wconf 83' lang='lat' dir='ltr'><strong>auditione</strong></span> <span class='ocrx_word' id='word_1_63' title='bbox 1834 950 2087 1020; x_wconf 89' lang='lat' dir='ltr'><strong>percipe-</strong></span> 
     </span>
    </p>
   </div>
   <div class='ocr_carea' id='block_1_10' title="bbox 505 1030 2088 1116">
    <p class='ocr_par' dir='ltr' id='par_1_10' title="bbox 505 1030 2088 1116">
     <span class='ocr_line' id='line_1_10' title="bbox 505 1030 2088 1116; baseline -0.004 -12"><span class='ocrx_word' id='word_1_64' title='bbox 505 1060 721 1112; x_wconf 87' lang='lat' dir='ltr'><strong>rentur,</strong></span> <span class='ocrx_word' id='word_1_65' title='bbox 769 1049 873 1103; x_wconf 86' lang='lat' dir='ltr'><strong>nisi</strong></span> <span class='ocrx_word' id='word_1_66' title='bbox 906 1030 1108 1102; x_wconf 87' lang='lat' dir='ltr'><strong>librum</strong></span> <span class='ocrx_word' id='word_1_67' title='bbox 1142 1046 1435 1116; x_wconf 79' lang='lat' dir='ltr'><strong>quemdam</strong></span> <span class='ocrx_word' id='word_1_68' title='bbox 1487 1042 1727 1097; x_wconf 88' lang='lat' dir='ltr'><strong>Nestorii</strong></span> <span class='ocrx_word' id='word_1_69' title='bbox 1776 1051 1969 1097; x_wconf 85' lang='lat' dir='ltr'><strong>nactus</strong></span> <span class='ocrx_word' id='word_1_70' title='bbox 1997 1057 2088 1097; x_wconf 85' lang='lat' dir='ltr'><strong>es-</strong></span> 
     </span>
    </p>
   </div>
   <div class='ocr_carea' id='block_1_11' title="bbox 504 1132 2088 1210">
    <p class='ocr_par' dir='ltr' id='par_1_11' title="bbox 504 1132 2088 1210">
     <span class='ocr_line' id='line_1_11' title="bbox 504 1132 2088 1210; baseline -0.007 -14"><span class='ocrx_word' id='word_1_71' title='bbox 504 1157 645 1205; x_wconf 78' lang='lat' dir='ltr'><strong>sem,</strong></span> <span class='ocrx_word' id='word_1_72' title='bbox 674 1138 769 1210; x_wconf 91' lang='lat' dir='ltr'><strong>qui</strong></span> <span class='ocrx_word' id='word_1_73' title='bbox 834 1133 1067 1189; x_wconf 86' lang='lat' dir='ltr'><strong>istarum</strong></span> <span class='ocrx_word' id='word_1_74' title='bbox 1114 1153 1299 1192; x_wconf 90' lang='lat' dir='ltr'><strong>rerum</strong></span> <span class='ocrx_word' id='word_1_75' title='bbox 1358 1135 1730 1188; x_wconf 86' lang='lat' dir='ltr'><strong>narrationem</strong></span> <span class='ocrx_word' id='word_1_76' title='bbox 1769 1132 2088 1201; x_wconf 88' lang='lat' dir='ltr'><strong>complecti-</strong></span> 
     </span>
    </p>
   </div>
   <div class='ocr_carea' id='block_1_12' title="bbox 506 1226 2086 1301">
    <p class='ocr_par' dir='ltr' id='par_1_12' title="bbox 506 1226 2086 1301">
     <span class='ocr_line' id='line_1_12' title="bbox 506 1226 2086 1301; baseline -0.006 -14"><span class='ocrx_word' id='word_1_77' title='bbox 506 1242 623 1287; x_wconf 83' lang='lat' dir='ltr'><strong>tur.</strong></span> <span class='ocrx_word' id='word_1_78' title='bbox 682 1231 802 1301; x_wconf 88' lang='lat' dir='ltr'><strong>Ipse</strong></span> <span class='ocrx_word' id='word_1_79' title='bbox 867 1228 1063 1298; x_wconf 19' lang='lat' dir='ltr'><strong>igitur.</strong></span> <span class='ocrx_word' id='word_1_80' title='bbox 1098 1226 1456 1297; x_wconf 64' lang='lat' dir='ltr'><strong>blasphemiae</strong></span> <span class='ocrx_word' id='word_1_81' title='bbox 1511 1241 1710 1296; x_wconf 85' lang='lat' dir='ltr'><strong>parens</strong></span> <span class='ocrx_word' id='word_1_82' title='bbox 1770 1233 1828 1281; x_wconf 91' lang='lat' dir='ltr'><strong>et</strong></span> <span class='ocrx_word' id='word_1_83' title='bbox 1890 1232 2086 1279; x_wconf 89' lang='lat' dir='ltr'><strong>auctor</strong></span> 
     </span>
    </p>
   </div>
   <div class='ocr_carea' id='block_1_13' title="bbox 505 1312 2087 1386">
    <p class='ocr_par' dir='ltr' id='par_1_13' title="bbox 505 1312 2087 1386">
     <span class='ocr_line' id='line_1_13' title="bbox 505 1312 2087 1386; baseline -0.006 -11"><span class='ocrx_word' id='word_1_84' title='bbox 505 1319 815 1380; x_wconf 83' lang='lat' dir='ltr'><strong>Nestorius,</strong></span> <span class='ocrx_word' id='word_1_85' title='bbox 854 1317 947 1386; x_wconf 85' lang='lat' dir='ltr'><strong>qui</strong></span> <span class='ocrx_word' id='word_1_86' title='bbox 994 1332 1103 1370; x_wconf 87' lang='lat' dir='ltr'><strong>non</strong></span> <span class='ocrx_word' id='word_1_87' title='bbox 1146 1332 1313 1385; x_wconf 86' lang='lat' dir='ltr'><strong>super</strong></span> <span class='ocrx_word' id='word_1_88' title='bbox 1358 1314 1412 1369; x_wconf 87' lang='lat' dir='ltr'><strong>id</strong></span> <span class='ocrx_word' id='word_1_89' title='bbox 1468 1314 1888 1369; x_wconf 80' lang='lat' dir='ltr'><strong>fundamentum</strong></span> <span class='ocrx_word' id='word_1_90' title='bbox 1939 1312 2087 1383; x_wconf 90' lang='lat' dir='ltr'><strong>quod</strong></span> 
     </span>
    </p>
   </div>
   <div class='ocr_carea' id='block_1_14' title="bbox 506 1403 2089 1479">
    <p class='ocr_par' dir='ltr' id='par_1_14' title="bbox 506 1403 2089 1479">
     <span class='ocr_line' id='line_1_14' title="bbox 506 1403 2089 1479; baseline -0.004 -15"><span class='ocrx_word' id='word_1_91' title='bbox 506 1411 749 1479; x_wconf 86' lang='lat' dir='ltr'><strong>positum</strong></span> <span class='ocrx_word' id='word_1_92' title='bbox 802 1410 998 1470; x_wconf 82' lang='lat' dir='ltr'><strong>fuerat,</strong></span> <span class='ocrx_word' id='word_1_93' title='bbox 1048 1408 1142 1462; x_wconf 88' lang='lat' dir='ltr'><strong>sed</strong></span> <span class='ocrx_word' id='word_1_94' title='bbox 1191 1422 1358 1476; x_wconf 89' lang='lat' dir='ltr'><strong>super</strong></span> <span class='ocrx_word' id='word_1_95' title='bbox 1397 1422 1621 1461; x_wconf 86' lang='lat' dir='ltr'><strong>arenam</strong></span> <span class='ocrx_word' id='word_1_96' title='bbox 1652 1404 1943 1460; x_wconf 69' lang='lat' dir='ltr'><strong>aediﬁcavit</strong></span> <span class='ocrx_word' id='word_1_97' title='bbox 1986 1403 2089 1458; x_wconf 91' lang='lat' dir='ltr'><strong>do-</strong></span> 
     </span>
    </p>
   </div>
   <div class='ocr_carea' id='block_1_15' title="bbox 507 1493 2084 1571">
    <p class='ocr_par' dir='ltr' id='par_1_15' title="bbox 507 1493 2084 1571">
     <span class='ocr_line' id='line_1_15' title="bbox 507 1493 2084 1571; baseline -0.006 -15"><span class='ocrx_word' id='word_1_98' title='bbox 507 1516 682 1565; x_wconf 87' lang='lat' dir='ltr'><strong>mum,</strong></span> <span class='ocrx_word' id='word_1_99' title='bbox 714 1517 836 1571; x_wconf 72' lang='lat' dir='ltr'><strong>qua:</strong></span> <span class='ocrx_word' id='word_1_100' title='bbox 879 1510 934 1555; x_wconf 86' lang='lat' dir='ltr'><strong>et</strong></span> <span class='ocrx_word' id='word_1_101' title='bbox 982 1500 1269 1554; x_wconf 86' lang='lat' dir='ltr'><strong>confestim</strong></span> <span class='ocrx_word' id='word_1_102' title='bbox 1299 1497 1538 1566; x_wconf 84' lang='lat' dir='ltr'><strong>collapsa</strong></span> <span class='ocrx_word' id='word_1_103' title='bbox 1578 1504 1683 1559; x_wconf 91' lang='lat' dir='ltr'><strong>est,</strong></span> <span class='ocrx_word' id='word_1_104' title='bbox 1710 1496 1864 1566; x_wconf 84' lang='lat' dir='ltr'><strong>juxta</strong></span> <span class='ocrx_word' id='word_1_105' title='bbox 1896 1493 2084 1549; x_wconf 86' lang='lat' dir='ltr'><strong>Domi-</strong></span> 
     </span>
    </p>
   </div>
   <div class='ocr_carea' id='block_1_16' title="bbox 506 1590 2089 1665">
    <p class='ocr_par' dir='ltr' id='par_1_16' title="bbox 506 1590 2089 1665">
     <span class='ocr_line' id='line_1_16' title="bbox 506 1590 2089 1665; baseline -0.004 -16"><span class='ocrx_word' id='word_1_106' title='bbox 506 1595 687 1650; x_wconf 86' lang='lat' dir='ltr'><strong>nicam</strong></span> <span class='ocrx_word' id='word_1_107' title='bbox 724 1594 1035 1665; x_wconf 87' lang='lat' dir='ltr'><strong>parabolam</strong></span> <span class='ocrx_word' id='word_1_108' title='bbox 1074 1613 1087 1649; x_wconf 89' lang='lat'>:</span> <span class='ocrx_word' id='word_1_109' title='bbox 1124 1595 1391 1649; x_wconf 89' lang='lat' dir='ltr'><strong>adversus</strong></span> <span class='ocrx_word' id='word_1_110' title='bbox 1408 1607 1508 1648; x_wconf 79' lang='lat' dir='ltr'><strong>eos</strong></span> <span class='ocrx_word' id='word_1_111' title='bbox 1525 1592 1623 1661; x_wconf 87' lang='lat' dir='ltr'><strong>qui</strong></span> <span class='ocrx_word' id='word_1_112' title='bbox 1649 1592 1828 1662; x_wconf 85' lang='lat' dir='ltr'><strong>ipsum</strong></span> <span class='ocrx_word' id='word_1_113' title='bbox 1864 1590 2089 1644; x_wconf 88' lang='lat' dir='ltr'><strong>incusa-</strong></span> 
     </span>
    </p>
   </div>
   <div class='ocr_carea' id='block_1_17' title="bbox 507 1682 2089 1759">
    <p class='ocr_par' dir='ltr' id='par_1_17' title="bbox 507 1682 2089 1759">
     <span class='ocr_line' id='line_1_17' title="bbox 507 1682 2089 1759; baseline -0.003 -19"><span class='ocrx_word' id='word_1_114' title='bbox 507 1698 735 1755; x_wconf 81' lang='lat' dir='ltr'><strong>verant,</strong></span> <span class='ocrx_word' id='word_1_115' title='bbox 784 1689 931 1759; x_wconf 87' lang='lat' dir='ltr'><strong>quod</strong></span> <span class='ocrx_word' id='word_1_116' title='bbox 984 1704 1145 1744; x_wconf 90' lang='lat' dir='ltr'><strong>secus</strong></span> <span class='ocrx_word' id='word_1_117' title='bbox 1203 1703 1368 1758; x_wconf 89' lang='lat' dir='ltr'><strong>quam</strong></span> <span class='ocrx_word' id='word_1_118' title='bbox 1417 1686 1649 1741; x_wconf 87' lang='lat' dir='ltr'><strong>decebat</strong></span> <span class='ocrx_word' id='word_1_119' title='bbox 1693 1684 1822 1739; x_wconf 87' lang='lat' dir='ltr'><strong>novi</strong></span> <span class='ocrx_word' id='word_1_120' title='bbox 1878 1682 2089 1752; x_wconf 88' lang='lat' dir='ltr'><strong>aliquid</strong></span> 
     </span>
    </p>
   </div>
   <div class='ocr_carea' id='block_1_18' title="bbox 506 1774 2090 1848">
    <p class='ocr_par' dir='ltr' id='par_1_18' title="bbox 506 1774 2090 1848">
     <span class='ocr_line' id='line_1_18' title="bbox 506 1774 2090 1848; baseline -0.003 -16"><span class='ocrx_word' id='word_1_121' title='bbox 506 1778 828 1844; x_wconf 78' lang='lat' dir='ltr'><strong>invexisset,</strong></span> <span class='ocrx_word' id='word_1_122' title='bbox 874 1794 979 1833; x_wconf 87' lang='lat' dir='ltr'><strong>nec</strong></span> <span class='ocrx_word' id='word_1_123' title='bbox 1009 1787 1159 1833; x_wconf 84' lang='lat' dir='ltr'><strong>recte</strong></span> <span class='ocrx_word' id='word_1_124' title='bbox 1200 1777 1609 1848; x_wconf 86' lang='lat' dir='ltr'><strong>postulassetut</strong></span> <span class='ocrx_word' id='word_1_125' title='bbox 1626 1775 1869 1845; x_wconf 79' lang='lat' dir='ltr'><strong>synodus</strong></span> <span class='ocrx_word' id='word_1_126' title='bbox 1888 1774 2090 1844; x_wconf 89' lang='lat' dir='ltr'><strong>Ephesi</strong></span> 
     </span>
    </p>
   </div>
   <div class='ocr_carea' id='block_1_19' title="bbox 2186 663 3755 745">
    <p class='ocr_par' dir='ltr' id='par_1_19' title="bbox 2186 663 3755 745">
     <span class='ocr_line' id='line_1_19' title="bbox 2186 663 3755 745; baseline -0.008 -18"><span class='ocrx_word' id='word_1_127' title='bbox 2186 674 2489 745; x_wconf 84' lang='grc' dir='ltr'>δεδήλωται</span> <span class='ocrx_word' id='word_1_128' title='bbox 2523 675 2635 735; x_wconf 77' lang='grc' dir='ltr'>τοῖς</span> <span class='ocrx_word' id='word_1_129' title='bbox 2684 672 3061 741; x_wconf 86' lang='grc' dir='ltr'>ἱστορήσασιν.</span> <span class='ocrx_word' id='word_1_130' title='bbox 3118 669 3185 719; x_wconf 83' lang='lat' dir='ltr'><strong>&quot;A</strong></span> <span class='ocrx_word' id='word_1_131' title='bbox 3242 664 3335 718; x_wconf 74' lang='grc' dir='ltr'>καὶ</span> <span class='ocrx_word' id='word_1_132' title='bbox 3390 663 3649 717; x_wconf 78' lang='grc' dir='ltr'><strong>διέπεσεν</strong></span> <span class='ocrx_word' id='word_1_133' title='bbox 3676 663 3755 729; x_wconf 81' lang='grc' dir='ltr'><strong>ἂν,</strong></span> 
     </span>
    </p>
   </div>
   <div class='ocr_carea' id='block_1_20' title="bbox 2187 752 3761 833">
    <p class='ocr_par' dir='ltr' id='par_1_20' title="bbox 2187 752 3761 833">
     <span class='ocr_line' id='line_1_20' title="bbox 2187 752 3761 833; baseline -0.009 -15"><span class='ocrx_word' id='word_1_134' title='bbox 2187 766 2283 818; x_wconf 77' lang='grc' dir='ltr'><strong>καὶ</strong></span> <span class='ocrx_word' id='word_1_135' title='bbox 2309 764 2495 817; x_wconf 83' lang='grc' dir='ltr'>τέλεον</span> <span class='ocrx_word' id='word_1_136' title='bbox 2526 761 2751 833; x_wconf 72' lang='grc' dir='ltr'>διερρύη</span> <span class='ocrx_word' id='word_1_137' title='bbox 2776 778 2834 814; x_wconf 90' lang='grc' dir='ltr'><strong>τε</strong></span> <span class='ocrx_word' id='word_1_138' title='bbox 2864 760 2959 813; x_wconf 76' lang='grc' dir='ltr'>καὶ</span> <span class='ocrx_word' id='word_1_139' title='bbox 2986 755 3267 825; x_wconf 78' lang='grc' dir='ltr'><strong>κατεπόθη</strong></span> <span class='ocrx_word' id='word_1_140' title='bbox 3306 753 3384 823; x_wconf 82' lang='grc' dir='ltr'>τῷ</span> <span class='ocrx_word' id='word_1_141' title='bbox 3416 752 3599 823; x_wconf 82' lang='grc' dir='ltr'>χρόνῳ</span> <span class='ocrx_word' id='word_1_142' title='bbox 3632 753 3761 821; x_wconf 72' lang='grc' dir='ltr'>μηδὲ</span> 
     </span>
    </p>
   </div>
   <div class='ocr_carea' id='block_1_21' title="bbox 2184 843 3761 926">
    <p class='ocr_par' dir='ltr' id='par_1_21' title="bbox 2184 843 3761 926">
     <span class='ocr_line' id='line_1_21' title="bbox 2184 843 3761 926; baseline -0.011 -16"><span class='ocrx_word' id='word_1_143' title='bbox 2184 855 2359 926; x_wconf 79' lang='grc' dir='ltr'>ψιλῶς</span> <span class='ocrx_word' id='word_1_144' title='bbox 2410 855 2742 925; x_wconf 80' lang='grc' dir='ltr'><strong>ἀκουόμενα,</strong></span> <span class='ocrx_word' id='word_1_145' title='bbox 2768 854 2816 905; x_wconf 90' lang='grc' dir='ltr'>εἰ</span> <span class='ocrx_word' id='word_1_146' title='bbox 2852 852 2928 921; x_wconf 85' lang='grc' dir='ltr'><strong>μὴ</strong></span> <span class='ocrx_word' id='word_1_147' title='bbox 2956 847 3255 919; x_wconf 87' lang='grc' dir='ltr'>Νεστορίου</span> <span class='ocrx_word' id='word_1_148' title='bbox 3292 845 3464 916; x_wconf 75' lang='grc' dir='ltr'><strong>βίϐλῳ</strong></span> <span class='ocrx_word' id='word_1_149' title='bbox 3514 843 3761 913; x_wconf 79' lang='grc' dir='ltr'>περιέτυ-</span> 
     </span>
    </p>
   </div>
   <div class='ocr_carea' id='block_1_22' title="bbox 2186 935 3761 1017">
    <p class='ocr_par' dir='ltr' id='par_1_22' title="bbox 2186 935 3761 1017">
     <span class='ocr_line' id='line_1_22' title="bbox 2186 935 3761 1017; baseline -0.008 -18"><span class='ocrx_word' id='word_1_150' title='bbox 2186 963 2303 1017; x_wconf 84' lang='grc' dir='ltr'>χον,</span> <span class='ocrx_word' id='word_1_151' title='bbox 2338 945 2437 1017; x_wconf 84' lang='grc' dir='ltr'><strong>τὴν</strong></span> <span class='ocrx_word' id='word_1_152' title='bbox 2481 947 2614 1017; x_wconf 79' lang='grc' dir='ltr'>περὶ</span> <span class='ocrx_word' id='word_1_153' title='bbox 2667 948 2875 999; x_wconf 82' lang='grc' dir='ltr'>τούτων</span> <span class='ocrx_word' id='word_1_154' title='bbox 2910 940 3154 1012; x_wconf 77' lang='grc' dir='ltr'><strong>ἱστορίαν</strong></span> <span class='ocrx_word' id='word_1_155' title='bbox 3186 937 3571 1009; x_wconf 77' lang='grc' dir='ltr'>παρεχομένῃ.</span> <span class='ocrx_word' id='word_1_156' title='bbox 3599 935 3761 997; x_wconf 78' lang='grc' dir='ltr'>Αὐτὸς</span> 
     </span>
    </p>
   </div>
   <div class='ocr_carea' id='block_1_23' title="bbox 2186 1026 3761 1108">
    <p class='ocr_par' dir='ltr' id='par_1_23' title="bbox 2186 1026 3761 1108">
     <span class='ocr_line' id='line_1_23' title="bbox 2186 1026 3761 1108; baseline -0.009 -16"><span class='ocrx_word' id='word_1_157' title='bbox 2186 1038 2365 1092; x_wconf 89' lang='grc' dir='ltr'>τοίνυν</span> <span class='ocrx_word' id='word_1_158' title='bbox 2413 1040 2442 1092; x_wconf 83' lang='grc' dir='ltr'><strong>ὁ</strong></span> <span class='ocrx_word' id='word_1_159' title='bbox 2488 1038 2589 1108; x_wconf 83' lang='grc' dir='ltr'>τῆς</span> <span class='ocrx_word' id='word_1_160' title='bbox 2634 1037 2985 1107; x_wconf 79' lang='grc' dir='ltr'><strong>βλασφημίας</strong></span> <span class='ocrx_word' id='word_1_161' title='bbox 3031 1034 3215 1104; x_wconf 79' lang='grc' dir='ltr'>πατὴρ</span> <span class='ocrx_word' id='word_1_162' title='bbox 3262 1030 3590 1100; x_wconf 84' lang='grc' dir='ltr'>Νεστόριος,</span> <span class='ocrx_word' id='word_1_163' title='bbox 3632 1027 3664 1080; x_wconf 73' lang='grc' dir='ltr'><strong>ό</strong></span> <span class='ocrx_word' id='word_1_164' title='bbox 3692 1026 3761 1098; x_wconf 68' lang='grc' dir='ltr'><strong>μὴ</strong></span> 
     </span>
    </p>
   </div>
   <div class='ocr_carea' id='block_1_24' title="bbox 2186 1121 3759 1200">
    <p class='ocr_par' dir='ltr' id='par_1_24' title="bbox 2186 1121 3759 1200">
     <span class='ocr_line' id='line_1_24' title="bbox 2186 1121 3759 1200; baseline -0.008 -16"><span class='ocrx_word' id='word_1_165' title='bbox 2186 1130 2331 1184; x_wconf 85' lang='grc' dir='ltr'><strong>κατά</strong></span> <span class='ocrx_word' id='word_1_166' title='bbox 2358 1130 2454 1185; x_wconf 81' lang='grc' dir='ltr'>τοῦ</span> <span class='ocrx_word' id='word_1_167' title='bbox 2482 1131 2727 1195; x_wconf 82' lang='grc' dir='ltr'>τεθέντος</span> <span class='ocrx_word' id='word_1_168' title='bbox 2759 1129 3007 1200; x_wconf 80' lang='grc' dir='ltr'><strong>θεμελίου</strong></span> <span class='ocrx_word' id='word_1_169' title='bbox 3041 1128 3142 1198; x_wconf 83' lang='grc' dir='ltr'>τὴν</span> <span class='ocrx_word' id='word_1_170' title='bbox 3192 1122 3511 1194; x_wconf 70' lang='grc' dir='ltr'>οἰκοδομίαν</span> <span class='ocrx_word' id='word_1_171' title='bbox 3537 1121 3759 1191; x_wconf 80' lang='grc' dir='ltr'>ποιησὰ-</span> 
     </span>
    </p>
   </div>
   <div class='ocr_carea' id='block_1_25' title="bbox 2190 1213 3761 1294">
    <p class='ocr_par' dir='ltr' id='par_1_25' title="bbox 2190 1213 3761 1294">
     <span class='ocr_line' id='line_1_25' title="bbox 2190 1213 3761 1294; baseline -0.011 -14"><span class='ocrx_word' id='word_1_172' title='bbox 2190 1242 2374 1293; x_wconf 85' lang='grc' dir='ltr'>μενος.</span> <span class='ocrx_word' id='word_1_173' title='bbox 2396 1224 2514 1278; x_wconf 83' lang='grc' dir='ltr'><strong>ἀλλ’</strong></span> <span class='ocrx_word' id='word_1_174' title='bbox 2539 1225 2633 1278; x_wconf 75' lang='grc' dir='ltr'><strong>ἐπὶ</strong></span> <span class='ocrx_word' id='word_1_175' title='bbox 2658 1224 2757 1294; x_wconf 84' lang='grc' dir='ltr'>τῆς</span> <span class='ocrx_word' id='word_1_176' title='bbox 2794 1223 3023 1292; x_wconf 81' lang='grc' dir='ltr'><strong>ψάμμου</strong></span> <span class='ocrx_word' id='word_1_177' title='bbox 3064 1220 3279 1284; x_wconf 81' lang='grc' dir='ltr'>κτίσας,</span> <span class='ocrx_word' id='word_1_178' title='bbox 3307 1218 3343 1289; x_wconf 75' lang='grc' dir='ltr'>ἢ</span> <span class='ocrx_word' id='word_1_179' title='bbox 3366 1216 3411 1247; x_wconf 72' lang='grc'><strong>’³</strong></span> <span class='ocrx_word' id='word_1_180' title='bbox 3435 1214 3535 1269; x_wconf 66' lang='grc' dir='ltr'><strong>καὶ</strong></span> <span class='ocrx_word' id='word_1_181' title='bbox 3564 1213 3761 1282; x_wconf 82' lang='grc' dir='ltr'>ταχέως</span> 
     </span>
    </p>
   </div>
   <div class='ocr_carea' id='block_1_26' title="bbox 2189 1304 3760 1386">
    <p class='ocr_par' dir='ltr' id='par_1_26' title="bbox 2189 1304 3760 1386">
     <span class='ocr_line' id='line_1_26' title="bbox 2189 1304 3760 1386; baseline -0.007 -17"><span class='ocrx_word' id='word_1_182' title='bbox 2189 1316 2407 1386; x_wconf 78' lang='grc' dir='ltr'><strong>διελύθη</strong></span> <span class='ocrx_word' id='word_1_183' title='bbox 2439 1316 2582 1369; x_wconf 83' lang='grc' dir='ltr'>κατὰ</span> <span class='ocrx_word' id='word_1_184' title='bbox 2620 1314 2718 1384; x_wconf 77' lang='grc' dir='ltr'>τὴν</span> <span class='ocrx_word' id='word_1_185' title='bbox 2747 1314 2842 1367; x_wconf 81' lang='grc' dir='ltr'>τοῦ</span> <span class='ocrx_word' id='word_1_186' title='bbox 2872 1312 3080 1384; x_wconf 81' lang='grc' dir='ltr'>Κυρίου</span> <span class='ocrx_word' id='word_1_187' title='bbox 3106 1308 3450 1378; x_wconf 77' lang='grc' dir='ltr'>παραδολὴν,</span> <span class='ocrx_word' id='word_1_188' title='bbox 3481 1304 3621 1379; x_wconf 75' lang='grc' dir='ltr'>πρὸς</span> <span class='ocrx_word' id='word_1_189' title='bbox 3645 1306 3760 1366; x_wconf 74' lang='grc' dir='ltr'>τοὺς</span> 
     </span>
    </p>
   </div>
   <div class='ocr_carea' id='block_1_27' title="bbox 2189 1398 3762 1475">
    <p class='ocr_par' dir='ltr' id='par_1_27' title="bbox 2189 1398 3762 1475">
     <span class='ocr_line' id='line_1_27' title="bbox 2189 1398 3762 1475; baseline -0.01 -15"><span class='ocrx_word' id='word_1_190' title='bbox 2189 1406 2595 1475; x_wconf 84' lang='grc' dir='ltr'>ὲγκαλέσαντάς</span> <span class='ocrx_word' id='word_1_191' title='bbox 2624 1405 2755 1475; x_wconf 78' lang='grc'><strong>(19’)</strong></span> <span class='ocrx_word' id='word_1_192' title='bbox 2780 1404 2849 1468; x_wconf 80' lang='grc' dir='ltr'><strong>οξ,</strong></span> <span class='ocrx_word' id='word_1_193' title='bbox 2890 1403 2966 1474; x_wconf 81' lang='grc' dir='ltr'>μὴ</span> <span class='ocrx_word' id='word_1_194' title='bbox 2997 1401 3137 1456; x_wconf 79' lang='grc' dir='ltr'>κατὰ</span> <span class='ocrx_word' id='word_1_195' title='bbox 3163 1399 3226 1453; x_wconf 81' lang='grc' dir='ltr'><strong>τὸ</strong></span> <span class='ocrx_word' id='word_1_196' title='bbox 3272 1398 3393 1452; x_wconf 88' lang='grc' dir='ltr'>δέον</span> <span class='ocrx_word' id='word_1_197' title='bbox 3424 1413 3482 1449; x_wconf 90' lang='grc' dir='ltr'><strong>τι</strong></span> <span class='ocrx_word' id='word_1_198' title='bbox 3521 1410 3762 1461; x_wconf 86' lang='grc' dir='ltr'>καινουρ-</span> 
     </span>
    </p>
   </div>
   <div class='ocr_carea' id='block_1_28' title="bbox 2188 1483 3763 1567">
    <p class='ocr_par' dir='ltr' id='par_1_28' title="bbox 2188 1483 3763 1567">
     <span class='ocr_line' id='line_1_28' title="bbox 2188 1483 3763 1567; baseline -0.01 -15"><span class='ocrx_word' id='word_1_199' title='bbox 2188 1498 2394 1567; x_wconf 81' lang='grc' dir='ltr'>γῆσαι,</span> <span class='ocrx_word' id='word_1_200' title='bbox 2446 1497 2583 1567; x_wconf 86' lang='grc' dir='ltr'>μηδὲ</span> <span class='ocrx_word' id='word_1_201' title='bbox 2635 1498 2742 1567; x_wconf 81' lang='grc' dir='ltr'>μὴν</span> <span class='ocrx_word' id='word_1_202' title='bbox 2798 1494 2980 1558; x_wconf 86' lang='grc' dir='ltr'>καλῶς</span> <span class='ocrx_word' id='word_1_203' title='bbox 3030 1492 3252 1563; x_wconf 80' lang='grc' dir='ltr'>αίτῆσαι</span> <span class='ocrx_word' id='word_1_204' title='bbox 3315 1488 3418 1559; x_wconf 79' lang='grc' dir='ltr'>τὴν</span> <span class='ocrx_word' id='word_1_205' title='bbox 3462 1488 3525 1539; x_wconf 83' lang='grc' dir='ltr'>ὲν</span> <span class='ocrx_word' id='word_1_206' title='bbox 3564 1483 3763 1554; x_wconf 79' lang='grc' dir='ltr'>Ἐφέσῳ</span> 
     </span>
    </p>
   </div>
   <div class='ocr_carea' id='block_1_29' title="bbox 2192 1575 3762 1659">
    <p class='ocr_par' dir='ltr' id='par_1_29' title="bbox 2192 1575 3762 1659">
     <span class='ocr_line' id='line_1_29' title="bbox 2192 1575 3762 1659; baseline -0.011 -15"><span class='ocrx_word' id='word_1_207' title='bbox 2192 1589 2412 1644; x_wconf 81' lang='grc' dir='ltr'>σύνοδον</span> <span class='ocrx_word' id='word_1_208' title='bbox 2433 1588 2742 1659; x_wconf 79' lang='grc' dir='ltr'>ἁλισθῆναι,</span> <span class='ocrx_word' id='word_1_209' title='bbox 2768 1588 2968 1656; x_wconf 79' lang='grc' dir='ltr'>γράφει</span> <span class='ocrx_word' id='word_1_210' title='bbox 2994 1584 3131 1655; x_wconf 82' lang='grc' dir='ltr'>πρὸς</span> <span class='ocrx_word' id='word_1_211' title='bbox 3159 1582 3339 1643; x_wconf 71' lang='grc' dir='ltr'>ἄλλοις</span> <span class='ocrx_word' id='word_1_212' title='bbox 3366 1575 3455 1643; x_wconf 82' lang='grc' dir='ltr'><strong>οἷς</strong></span> <span class='ocrx_word' id='word_1_213' title='bbox 3483 1576 3762 1645; x_wconf 71' lang='grc' dir='ltr'><strong>ἐϐουλήθη.</strong></span> 
     </span>
    </p>
   </div>
   <div class='ocr_carea' id='block_1_30' title="bbox 2190 1667 3762 1753">
    <p class='ocr_par' dir='ltr' id='par_1_30' title="bbox 2190 1667 3762 1753">
     <span class='ocr_line' id='line_1_30' title="bbox 2190 1667 3762 1753; baseline -0.011 -17"><span class='ocrx_word' id='word_1_214' title='bbox 2190 1682 2347 1753; x_wconf 80' lang='grc' dir='ltr'>ὑπὲρ</span> <span class='ocrx_word' id='word_1_215' title='bbox 2377 1684 2479 1753; x_wconf 79' lang='grc' dir='ltr'>τῆς</span> <span class='ocrx_word' id='word_1_216' title='bbox 2534 1681 2674 1745; x_wconf 70' lang='grc' dir='ltr'>ἰδίας</span> <span class='ocrx_word' id='word_1_217' title='bbox 2723 1678 3071 1752; x_wconf 80' lang='grc' dir='ltr'>βλασφημίας</span> <span class='ocrx_word' id='word_1_218' title='bbox 3101 1672 3548 1742; x_wconf 77' lang='grc' dir='ltr'>ἀπολογούμενος</span> <span class='ocrx_word' id='word_1_219' title='bbox 3566 1684 3584 1700; x_wconf 87' lang='grc'><strong>·</strong></span> <span class='ocrx_word' id='word_1_220' title='bbox 3610 1667 3683 1731; x_wconf 83' lang='grc' dir='ltr'>ὡς</span> <span class='ocrx_word' id='word_1_221' title='bbox 3705 1669 3762 1720; x_wconf 81' lang='grc' dir='ltr'>ἐκ</span> 
     </span>
    </p>
   </div>
   <div class='ocr_carea' id='block_1_31' title="bbox 2190 1762 3763 1844">
    <p class='ocr_par' dir='ltr' id='par_1_31' title="bbox 2190 1762 3763 1844">
     <span class='ocr_line' id='line_1_31' title="bbox 2190 1762 3763 1844; baseline -0.01 -17"><span class='ocrx_word' id='word_1_222' title='bbox 2190 1773 2373 1844; x_wconf 83' lang='grc' dir='ltr'>πάσης</span> <span class='ocrx_word' id='word_1_223' title='bbox 2425 1772 2674 1842; x_wconf 82' lang='grc' dir='ltr'><strong>ἀνάγκης</strong></span> <span class='ocrx_word' id='word_1_224' title='bbox 2719 1773 2780 1835; x_wconf 80' lang='grc' dir='ltr'>ές</span> <span class='ocrx_word' id='word_1_225' title='bbox 2827 1769 2985 1823; x_wconf 82' lang='grc' dir='ltr'>τοῦτο</span> <span class='ocrx_word' id='word_1_226' title='bbox 3012 1768 3222 1834; x_wconf 78' lang='grc' dir='ltr'>τάξεως</span> <span class='ocrx_word' id='word_1_227' title='bbox 3255 1764 3519 1836; x_wconf 75' lang='grc' dir='ltr'>ἐλήλυθεν</span> <span class='ocrx_word' id='word_1_228' title='bbox 3545 1762 3763 1829; x_wconf 81' lang='grc' dir='ltr'>ἀποκρι-</span> 
     </span>
    </p>
   </div>
   <div class='ocr_carea' id='block_1_32' title="bbox 502 1848 2091 1940">
    <p class='ocr_par' dir='ltr' id='par_1_32' title="bbox 502 1864 2079 1940">
     <span class='ocr_line' id='line_1_32' title="bbox 502 1864 2079 1940; baseline -0.004 -16"><span class='ocrx_word' id='word_1_229' title='bbox 502 1878 963 1940; x_wconf 84' lang='lat' dir='ltr'><strong>congregaretur:</strong></span> <span class='ocrx_word' id='word_1_230' title='bbox 986 1868 1379 1938; x_wconf 80' lang='lat' dir='ltr'><strong>blasphemiam</strong></span> <span class='ocrx_word' id='word_1_231' title='bbox 1404 1883 1581 1933; x_wconf 86' lang='lat' dir='ltr'><strong>suam,</strong></span> <span class='ocrx_word' id='word_1_232' title='bbox 1595 1877 1656 1922; x_wconf 88' lang='lat' dir='ltr'><strong>ut</strong></span> <span class='ocrx_word' id='word_1_233' title='bbox 1674 1866 1867 1930; x_wconf 90' lang='lat' dir='ltr'><strong>voluit,</strong></span> <span class='ocrx_word' id='word_1_234' title='bbox 1886 1864 2079 1919; x_wconf 85' lang='lat' dir='ltr'><strong>defen-</strong></span> 
     </span>
    </p>
   </div>
   <div class='ocr_carea' id='block_1_33' title="bbox 2193 1848 3766 1940">
    <p class='ocr_par' dir='ltr' id='par_1_33' title="bbox 2193 1848 3766 1940">
     <span class='ocr_line' id='line_1_33' title="bbox 2193 1848 3766 1940; baseline -0.01 -25"><span class='ocrx_word' id='word_1_235' title='bbox 2193 1861 2380 1934; x_wconf 88' lang='grc' dir='ltr'>θείσης</span> <span class='ocrx_word' id='word_1_236' title='bbox 2431 1862 2529 1932; x_wconf 80' lang='grc' dir='ltr'>τῆς</span> <span class='ocrx_word' id='word_1_237' title='bbox 2583 1860 2745 1929; x_wconf 82' lang='grc' dir='ltr'>ἁγίας</span> <span class='ocrx_word' id='word_1_238' title='bbox 2796 1857 3146 1928; x_wconf 82' lang='grc' dir='ltr'>Ἐκκλησίας,</span> <span class='ocrx_word' id='word_1_239' title='bbox 3179 1854 3421 1910; x_wconf 77' lang='grc' dir='ltr'>καὶτῶν</span> <span class='ocrx_word' id='word_1_240' title='bbox 3456 1852 3561 1923; x_wconf 77' lang='grc' dir='ltr'>μὲν</span> <span class='ocrx_word' id='word_1_241' title='bbox 3603 1848 3766 1940; x_wconf 37' lang='grc' dir='ltr'>λεγόνῖ</span> 
     </span>
    </p>
   </div>
   <div class='ocr_carea' id='block_1_34' title="bbox 503 1956 2091 2027">
    <p class='ocr_par' dir='ltr' id='par_1_34' title="bbox 503 1956 2091 2027">
     <span class='ocr_line' id='line_1_34' title="bbox 503 1956 2091 2027; baseline -0.001 -15"><span class='ocrx_word' id='word_1_242' title='bbox 503 1959 666 2024; x_wconf 88' lang='lat' dir='ltr'><strong>deus,</strong></span> <span class='ocrx_word' id='word_1_243' title='bbox 712 1966 909 2027; x_wconf 68' lang='lat' dir='ltr'><strong>praeter</strong></span> <span class='ocrx_word' id='word_1_244' title='bbox 931 1957 1036 2012; x_wconf 87' lang='lat' dir='ltr'><strong>alia</strong></span> <span class='ocrx_word' id='word_1_245' title='bbox 1072 1958 1148 2012; x_wconf 91' lang='lat' dir='ltr'><strong>ita</strong></span> <span class='ocrx_word' id='word_1_246' title='bbox 1180 1958 1376 2014; x_wconf 87' lang='lat' dir='ltr'><strong>scribit</strong></span> <span class='ocrx_word' id='word_1_247' title='bbox 1398 1973 1489 2013; x_wconf 91' lang='lat' dir='ltr'><strong>:se</strong></span> <span class='ocrx_word' id='word_1_248' title='bbox 1509 1958 1735 2011; x_wconf 90' lang='lat' dir='ltr'><strong>omnino</strong></span> <span class='ocrx_word' id='word_1_249' title='bbox 1764 1956 2091 2011; x_wconf 81' lang='lat' dir='ltr'><strong>necessitate</strong></span> 
     </span>
    </p>
   </div>
   <div class='ocr_carea' id='block_1_35' title="bbox 502 2047 2089 2121">
    <p class='ocr_par' dir='ltr' id='par_1_35' title="bbox 502 2047 2089 2121">
     <span class='ocr_line' id='line_1_35' title="bbox 502 2047 2089 2121; baseline -0.004 -15"><span class='ocrx_word' id='word_1_250' title='bbox 502 2051 849 2121; x_wconf 86' lang='lat' dir='ltr'><strong>compulsum</strong></span> <span class='ocrx_word' id='word_1_251' title='bbox 875 2050 945 2104; x_wconf 88' lang='lat' dir='ltr'><strong>ad</strong></span> <span class='ocrx_word' id='word_1_252' title='bbox 963 2050 1085 2121; x_wconf 86' lang='lat' dir='ltr'><strong>ejus</strong></span> <span class='ocrx_word' id='word_1_253' title='bbox 1110 2050 1284 2119; x_wconf 87' lang='lat' dir='ltr'><strong>partis</strong></span> <span class='ocrx_word' id='word_1_254' title='bbox 1309 2048 1682 2105; x_wconf 78' lang='lat' dir='ltr'><strong>defensionem</strong></span> <span class='ocrx_word' id='word_1_255' title='bbox 1708 2047 1945 2110; x_wconf 83' lang='lat' dir='ltr'><strong>venisse,</strong></span> <span class='ocrx_word' id='word_1_256' title='bbox 1965 2062 2089 2101; x_wconf 88' lang='lat' dir='ltr'><strong>cum</strong></span> 
     </span>
    </p>
   </div>
   <div class='ocr_carea' id='block_1_36' title="bbox 501 2136 2090 2211">
    <p class='ocr_par' dir='ltr' id='par_1_36' title="bbox 501 2136 2090 2211">
     <span class='ocr_line' id='line_1_36' title="bbox 501 2136 2090 2211; baseline 0 -14"><span class='ocrx_word' id='word_1_257' title='bbox 501 2151 859 2197; x_wconf 83' lang='lat' dir='ltr'><strong>sacrosancta</strong></span> <span class='ocrx_word' id='word_1_258' title='bbox 894 2136 1320 2196; x_wconf 85' lang='lat' dir='ltr'><strong>Ecclesia-duas</strong></span> <span class='ocrx_word' id='word_1_259' title='bbox 1375 2141 1431 2195; x_wconf 91' lang='lat' dir='ltr'><strong>in</strong></span> <span class='ocrx_word' id='word_1_260' title='bbox 1478 2150 1666 2211; x_wconf 89' lang='lat' dir='ltr'><strong>partes</strong></span> <span class='ocrx_word' id='word_1_261' title='bbox 1695 2140 1872 2195; x_wconf 89' lang='lat' dir='ltr'><strong>divisa</strong></span> <span class='ocrx_word' id='word_1_262' title='bbox 1926 2140 2090 2210; x_wconf 73' lang='lat'><strong>257</strong></span> 
     </span>
    </p>
   </div>
   <div class='ocr_carea' id='block_1_37' title="bbox 502 2232 2092 2303">
    <p class='ocr_par' dir='ltr' id='par_1_37' title="bbox 502 2232 2092 2303">
     <span class='ocr_line' id='line_1_37' title="bbox 502 2232 2092 2303; baseline -0.003 -16"><span class='ocrx_word' id='word_1_263' title='bbox 502 2244 680 2298; x_wconf 84' lang='lat' dir='ltr'><strong>esset,</strong></span> <span class='ocrx_word' id='word_1_264' title='bbox 694 2233 854 2287; x_wconf 85' lang='lat' dir='ltr'><strong>ctalii</strong></span> <span class='ocrx_word' id='word_1_265' title='bbox 868 2232 1094 2303; x_wconf 89' lang='lat' dir='ltr'><strong>quidem</strong></span> <span class='ocrx_word' id='word_1_266' title='bbox 1113 2232 1209 2284; x_wconf 81' lang='grc' dir='ltr'>ἀνθ</span> <span class='ocrx_word' id='word_1_267' title='bbox 1218 2232 1552 2302; x_wconf 83' lang='grc' dir='ltr'>ρωποτόκον,</span> <span class='ocrx_word' id='word_1_268' title='bbox 1566 2232 1663 2285; x_wconf 84' lang='lat' dir='ltr'><strong>alii</strong></span> <span class='ocrx_word' id='word_1_269' title='bbox 1682 2247 1816 2286; x_wconf 90' lang='lat' dir='ltr'><strong>vero</strong></span> <span class='ocrx_word' id='word_1_270' title='bbox 1829 2232 2092 2284; x_wconf 85' lang='grc' dir='ltr'>Θεοτόκον</span> 
     </span>
    </p>
   </div>
   <div class='ocr_carea' id='block_1_38' title="bbox 497 2322 2094 2395">
    <p class='ocr_par' dir='ltr' id='par_1_38' title="bbox 497 2322 2094 2395">
     <span class='ocr_line' id='line_1_38' title="bbox 497 2322 2094 2395; baseline -0.003 -14"><span class='ocrx_word' id='word_1_271' title='bbox 497 2326 737 2381; x_wconf 71' lang='lat' dir='ltr'><strong>Mariam</strong></span> <span class='ocrx_word' id='word_1_272' title='bbox 756 2322 1139 2393; x_wconf 83' lang='lat' dir='ltr'><strong>appellandam</strong></span> <span class='ocrx_word' id='word_1_273' title='bbox 1162 2338 1287 2378; x_wconf 90' lang='lat' dir='ltr'><strong>esse</strong></span> <span class='ocrx_word' id='word_1_274' title='bbox 1307 2322 1668 2378; x_wconf 70' lang='lat' dir='ltr'><strong>afﬁrmarent.</strong></span> <span class='ocrx_word' id='word_1_275' title='bbox 1694 2324 1773 2377; x_wconf 89' lang='lat' dir='ltr'><strong>Ne</strong></span> <span class='ocrx_word' id='word_1_276' title='bbox 1795 2323 1984 2395; x_wconf 79' lang='lat' dir='ltr'><strong>igitur,</strong></span> <span class='ocrx_word' id='word_1_277' title='bbox 2010 2323 2094 2377; x_wconf 87' lang='lat' dir='ltr'><strong>in-</strong></span> 
     </span>
    </p>
   </div>
   <div class='ocr_carea' id='block_1_39' title="bbox 505 2412 2092 2487">
    <p class='ocr_par' dir='ltr' id='par_1_39' title="bbox 505 2412 2092 2487">
     <span class='ocr_line' id='line_1_39' title="bbox 505 2412 2092 2487; baseline -0.002 -17"><span class='ocrx_word' id='word_1_278' title='bbox 505 2417 653 2487; x_wconf 87' lang='lat' dir='ltr'><strong>quit,</strong></span> <span class='ocrx_word' id='word_1_279' title='bbox 701 2415 940 2469; x_wconf 89' lang='lat' dir='ltr'><strong>duorum</strong></span> <span class='ocrx_word' id='word_1_280' title='bbox 985 2414 1220 2468; x_wconf 89' lang='lat' dir='ltr'><strong>alterum</strong></span> <span class='ocrx_word' id='word_1_281' title='bbox 1270 2427 1583 2483; x_wconf 88' lang='lat' dir='ltr'><strong>peccarem,</strong></span> <span class='ocrx_word' id='word_1_282' title='bbox 1620 2422 1715 2467; x_wconf 88' lang='lat' dir='ltr'><strong>aut</strong></span> <span class='ocrx_word' id='word_1_283' title='bbox 1758 2412 2092 2467; x_wconf 86' lang='lat' dir='ltr'><strong>immortalia</strong></span> 
     </span>
    </p>
   </div>
   <div class='ocr_carea' id='block_1_40' title="bbox 514 2502 2091 2576">
    <p class='ocr_par' dir='ltr' id='par_1_40' title="bbox 514 2502 2091 2576">
     <span class='ocr_line' id='line_1_40' title="bbox 514 2502 2091 2576; baseline -0.002 -15"><span class='ocrx_word' id='word_1_284' title='bbox 514 2506 789 2576; x_wconf 90' lang='lat' dir='ltr'><strong>copulans</strong></span> <span class='ocrx_word' id='word_1_285' title='bbox 830 2503 1187 2569; x_wconf 86' lang='lat' dir='ltr'><strong>mortalibus,</strong></span> <span class='ocrx_word' id='word_1_286' title='bbox 1224 2511 1323 2557; x_wconf 87' lang='lat' dir='ltr'><strong>aut</strong></span> <span class='ocrx_word' id='word_1_287' title='bbox 1374 2503 1419 2557; x_wconf 91' lang='lat' dir='ltr'><strong>si</strong></span> <span class='ocrx_word' id='word_1_288' title='bbox 1465 2502 1534 2557; x_wconf 89' lang='lat' dir='ltr'><strong>ad</strong></span> <span class='ocrx_word' id='word_1_289' title='bbox 1586 2504 1818 2558; x_wconf 83' lang='lat' dir='ltr'><strong>alteram</strong></span> <span class='ocrx_word' id='word_1_290' title='bbox 1876 2512 2091 2573; x_wconf 89' lang='lat' dir='ltr'><strong>partem</strong></span> 
     </span>
    </p>
   </div>
   <div class='ocr_carea' id='block_1_41' title="bbox 511 2595 2093 2668">
    <p class='ocr_par' dir='ltr' id='par_1_41' title="bbox 511 2595 2093 2668">
     <span class='ocr_line' id='line_1_41' title="bbox 511 2595 2093 2668; baseline -0.003 -14"><span class='ocrx_word' id='word_1_291' title='bbox 511 2613 603 2653; x_wconf 89' lang='lat' dir='ltr'><strong>me</strong></span> <span class='ocrx_word' id='word_1_292' title='bbox 625 2596 1023 2668; x_wconf 76' lang='lat' dir='ltr'><strong>adjunxissem,</strong></span> <span class='ocrx_word' id='word_1_293' title='bbox 1063 2595 1376 2651; x_wconf 79' lang='lat' dir='ltr'><strong>excidercm</strong></span> <span class='ocrx_word' id='word_1_294' title='bbox 1430 2596 1626 2662; x_wconf 87' lang='lat' dir='ltr'><strong>altera,</strong></span> <span class='ocrx_word' id='word_1_295' title='bbox 1678 2610 1870 2651; x_wconf 89' lang='lat' dir='ltr'><strong>vocem</strong></span> <span class='ocrx_word' id='word_1_296' title='bbox 1919 2598 2093 2668; x_wconf 84' lang='grc' dir='ltr'>Χρισ-</span> 
     </span>
    </p>
   </div>
   <div class='ocr_carea' id='block_1_42' title="bbox 513 2686 2092 2758">
    <p class='ocr_par' dir='ltr' id='par_1_42' title="bbox 513 2686 2092 2758">
     <span class='ocr_line' id='line_1_42' title="bbox 513 2686 2092 2758; baseline 0.001 -15"><span class='ocrx_word' id='word_1_297' title='bbox 513 2690 736 2751; x_wconf 85' lang='grc' dir='ltr'>τοτόκος</span> <span class='ocrx_word' id='word_1_298' title='bbox 761 2686 1117 2758; x_wconf 77' lang='lat' dir='ltr'><strong>excogitavit.</strong></span> <span class='ocrx_word' id='word_1_299' title='bbox 1144 2686 1311 2741; x_wconf 83' lang='lat' dir='ltr'><strong>Addit</strong></span> <span class='ocrx_word' id='word_1_300' title='bbox 1325 2688 1493 2743; x_wconf 88' lang='lat' dir='ltr'><strong>etiam</strong></span> <span class='ocrx_word' id='word_1_301' title='bbox 1529 2686 1911 2742; x_wconf 85' lang='lat' dir='ltr'><strong>Theodosium</strong></span> <span class='ocrx_word' id='word_1_302' title='bbox 1932 2688 2092 2744; x_wconf 90' lang='lat' dir='ltr'><strong>initio</strong></span> 
     </span>
    </p>
   </div>
   <div class='ocr_carea' id='block_1_43' title="bbox 512 2777 2093 2851">
    <p class='ocr_par' dir='ltr' id='par_1_43' title="bbox 512 2777 2093 2851">
     <span class='ocr_line' id='line_1_43' title="bbox 512 2777 2093 2851; baseline 0.001 -18"><span class='ocrx_word' id='word_1_303' title='bbox 512 2779 741 2850; x_wconf 83' lang='lat' dir='ltr'><strong>quidem</strong></span> <span class='ocrx_word' id='word_1_304' title='bbox 774 2778 848 2833; x_wconf 90' lang='lat' dir='ltr'><strong>ob</strong></span> <span class='ocrx_word' id='word_1_305' title='bbox 882 2777 1330 2833; x_wconf 89' lang='lat' dir='ltr'><strong>benevolentiam</strong></span> <span class='ocrx_word' id='word_1_306' title='bbox 1364 2794 1474 2849; x_wconf 89' lang='lat' dir='ltr'><strong>qua</strong></span> <span class='ocrx_word' id='word_1_307' title='bbox 1507 2778 1688 2849; x_wconf 88' lang='lat' dir='ltr'><strong>ipsum</strong></span> <span class='ocrx_word' id='word_1_308' title='bbox 1720 2780 2093 2851; x_wconf 87' lang='lat' dir='ltr'><strong>prosequeba-</strong></span> 
     </span>
    </p>
   </div>
   <div class='ocr_carea' id='block_1_44' title="bbox 516 2866 2092 2946">
    <p class='ocr_par' dir='ltr' id='par_1_44' title="bbox 516 2866 2092 2946">
     <span class='ocr_line' id='line_1_44' title="bbox 516 2866 2092 2946; baseline 0.001 -22"><span class='ocrx_word' id='word_1_309' title='bbox 516 2881 629 2935; x_wconf 87' lang='lat' dir='ltr'><strong>tur,</strong></span> <span class='ocrx_word' id='word_1_310' title='bbox 657 2867 995 2938; x_wconf 88' lang='lat' dir='ltr'><strong>depositioni</strong></span> <span class='ocrx_word' id='word_1_311' title='bbox 1029 2866 1204 2938; x_wconf 89' lang='lat' dir='ltr'><strong>ipsius</strong></span> <span class='ocrx_word' id='word_1_312' title='bbox 1234 2868 1460 2946; x_wconf 80' lang='lat' dir='ltr'><strong>minime</strong></span> <span class='ocrx_word' id='word_1_313' title='bbox 1479 2869 1825 2925; x_wconf 89' lang='lat' dir='ltr'><strong>consensisse</strong></span> <span class='ocrx_word' id='word_1_314' title='bbox 1854 2886 1868 2923; x_wconf 91' lang='lat'><strong>:</strong></span> <span class='ocrx_word' id='word_1_315' title='bbox 1899 2883 2092 2939; x_wconf 82' lang='lat' dir='ltr'><strong>postea</strong></span> 
     </span>
    </p>
   </div>
   <div class='ocr_carea' id='block_1_45' title="bbox 515 2956 2093 3030">
    <p class='ocr_par' dir='ltr' id='par_1_45' title="bbox 515 2956 2093 3030">
     <span class='ocr_line' id='line_1_45' title="bbox 515 2956 2093 3030; baseline 0.002 -17"><span class='ocrx_word' id='word_1_316' title='bbox 515 2974 648 3015; x_wconf 91' lang='lat' dir='ltr'><strong>vero</strong></span> <span class='ocrx_word' id='word_1_317' title='bbox 691 2974 817 3013; x_wconf 89' lang='lat' dir='ltr'><strong>cum</strong></span> <span class='ocrx_word' id='word_1_318' title='bbox 866 2956 1093 3027; x_wconf 88' lang='lat' dir='ltr'><strong>quidam</strong></span> <span class='ocrx_word' id='word_1_319' title='bbox 1144 2957 1390 3029; x_wconf 82' lang='lat' dir='ltr'><strong>episcOpi</strong></span> <span class='ocrx_word' id='word_1_320' title='bbox 1454 2959 1745 3029; x_wconf 89' lang='lat' dir='ltr'><strong>utriusque</strong></span> <span class='ocrx_word' id='word_1_321' title='bbox 1794 2961 1966 3030; x_wconf 88' lang='lat' dir='ltr'><strong>partis</strong></span> <span class='ocrx_word' id='word_1_322' title='bbox 2024 2977 2093 3016; x_wconf 78' lang='lat' dir='ltr'><strong>ex</strong></span> 
     </span>
    </p>
   </div>
   <div class='ocr_carea' id='block_1_46' title="bbox 516 3048 2089 3122">
    <p class='ocr_par' dir='ltr' id='par_1_46' title="bbox 516 3048 2089 3122">
     <span class='ocr_line' id='line_1_46' title="bbox 516 3048 2089 3122; baseline -0.001 -15"><span class='ocrx_word' id='word_1_323' title='bbox 516 3049 885 3122; x_wconf 82' lang='lat' dir='ltr'><strong>Ephesiorum</strong></span> <span class='ocrx_word' id='word_1_324' title='bbox 931 3049 1070 3103; x_wconf 90' lang='lat' dir='ltr'><strong>urbe</strong></span> <span class='ocrx_word' id='word_1_325' title='bbox 1122 3048 1277 3103; x_wconf 90' lang='lat' dir='ltr'><strong>missi</strong></span> <span class='ocrx_word' id='word_1_326' title='bbox 1321 3057 1511 3103; x_wconf 88' lang='lat' dir='ltr'><strong>essent</strong></span> <span class='ocrx_word' id='word_1_327' title='bbox 1567 3049 1639 3104; x_wconf 89' lang='lat' dir='ltr'><strong>ad</strong></span> <span class='ocrx_word' id='word_1_328' title='bbox 1692 3049 2089 3119; x_wconf 86' lang='lat' dir='ltr'><strong>Theodosium,</strong></span> 
     </span>
    </p>
   </div>
   <div class='ocr_carea' id='block_1_47' title="bbox 512 3140 2091 3213">
    <p class='ocr_par' dir='ltr' id='par_1_47' title="bbox 512 3140 2091 3213">
     <span class='ocr_line' id='line_1_47' title="bbox 512 3140 2091 3213; baseline -0.001 -14"><span class='ocrx_word' id='word_1_329' title='bbox 512 3154 571 3199; x_wconf 89' lang='lat' dir='ltr'><strong>et</strong></span> <span class='ocrx_word' id='word_1_330' title='bbox 598 3141 888 3198; x_wconf 84' lang='lat' dir='ltr'><strong>Nestorius</strong></span> <span class='ocrx_word' id='word_1_331' title='bbox 916 3141 1035 3211; x_wconf 87' lang='lat' dir='ltr'><strong>ipse</strong></span> <span class='ocrx_word' id='word_1_332' title='bbox 1074 3140 1127 3195; x_wconf 92' lang='lat' dir='ltr'><strong>id</strong></span> <span class='ocrx_word' id='word_1_333' title='bbox 1163 3148 1432 3211; x_wconf 81' lang='lat' dir='ltr'><strong>rogasset,</strong></span> <span class='ocrx_word' id='word_1_334' title='bbox 1474 3141 1801 3211; x_wconf 87' lang='lat' dir='ltr'><strong>permissum</strong></span> <span class='ocrx_word' id='word_1_335' title='bbox 1830 3142 1935 3213; x_wconf 90' lang='lat' dir='ltr'><strong>ipsi</strong></span> <span class='ocrx_word' id='word_1_336' title='bbox 1969 3158 2091 3199; x_wconf 90' lang='lat' dir='ltr'><strong>esse</strong></span> 
     </span>
    </p>
   </div>
   <div class='ocr_carea' id='block_1_48' title="bbox 2196 1938 3761 2021">
    <p class='ocr_par' dir='ltr' id='par_1_48' title="bbox 2196 1938 3761 2021">
     <span class='ocr_line' id='line_1_48' title="bbox 2196 1938 3761 2021; baseline -0.009 -14"><span class='ocrx_word' id='word_1_337' title='bbox 2196 1970 2308 2007; x_wconf 89' lang='grc' dir='ltr'><strong>των</strong></span> <span class='ocrx_word' id='word_1_338' title='bbox 2335 1953 2795 2021; x_wconf 81' lang='grc' dir='ltr'>ἀνθρωποτόκον</span> <span class='ocrx_word' id='word_1_339' title='bbox 2818 1951 2932 2004; x_wconf 83' lang='grc' dir='ltr'>δεῖν</span> <span class='ocrx_word' id='word_1_340' title='bbox 2972 1954 3071 2021; x_wconf 81' lang='grc' dir='ltr'>τὴν</span> <span class='ocrx_word' id='word_1_341' title='bbox 3114 1949 3335 2019; x_wconf 86' lang='grc' dir='ltr'>Μαρίαν</span> <span class='ocrx_word' id='word_1_342' title='bbox 3358 1941 3727 2015; x_wconf 77' lang='grc' dir='ltr'>ὀνομάζεσθαι</span> <span class='ocrx_word' id='word_1_343' title='bbox 3746 1938 3761 1953; x_wconf 82' lang='grc'><strong>⁸</strong></span> 
     </span>
    </p>
   </div>
   <div class='ocr_carea' id='block_1_49' title="bbox 2201 2038 3763 2111">
    <p class='ocr_par' dir='ltr' id='par_1_49' title="bbox 2201 2038 3763 2111">
     <span class='ocr_line' id='line_1_49' title="bbox 2201 2038 3763 2111; baseline -0.006 -13"><span class='ocrx_word' id='word_1_344' title='bbox 2201 2044 2310 2099; x_wconf 82' lang='grc' dir='ltr'><strong>τῶν</strong></span> <span class='ocrx_word' id='word_1_345' title='bbox 2349 2043 2407 2097; x_wconf 83' lang='grc' dir='ltr'>δὲ</span> <span class='ocrx_word' id='word_1_346' title='bbox 2453 2043 2746 2097; x_wconf 81' lang='grc' dir='ltr'>Θεοτόκον</span> <span class='ocrx_word' id='word_1_347' title='bbox 2766 2059 2782 2072; x_wconf 89' lang='grc'><strong>·</strong></span> <span class='ocrx_word' id='word_1_348' title='bbox 2815 2043 2903 2096; x_wconf 73' lang='grc' dir='ltr'><strong>ἵνα</strong></span> <span class='ocrx_word' id='word_1_349' title='bbox 2931 2058 2996 2110; x_wconf 88' lang='grc' dir='ltr'><strong>γε</strong></span> <span class='ocrx_word' id='word_1_350' title='bbox 3024 2042 3090 2105; x_wconf 71' lang='grc'><strong>⁸⁸,</strong></span> <span class='ocrx_word' id='word_1_351' title='bbox 3127 2041 3291 2111; x_wconf 59' lang='grc' dir='ltr'>φησὶν</span> <span class='ocrx_word' id='word_1_352' title='bbox 3314 2038 3393 2110; x_wconf 81' lang='grc' dir='ltr'>μὴ</span> <span class='ocrx_word' id='word_1_353' title='bbox 3432 2039 3582 2093; x_wconf 80' lang='grc' dir='ltr'>δυοῖν</span> <span class='ocrx_word' id='word_1_354' title='bbox 3611 2038 3763 2093; x_wconf 67' lang='grc' dir='ltr'>θάτεδ</span> 
     </span>
    </p>
   </div>
   <div class='ocr_carea' id='block_1_50' title="bbox 2200 2132 3762 2209">
    <p class='ocr_par' dir='ltr' id='par_1_50' title="bbox 2200 2132 3762 2209">
     <span class='ocr_line' id='line_1_50' title="bbox 2200 2132 3762 2209; baseline -0.004 -18"><span class='ocrx_word' id='word_1_355' title='bbox 2200 2155 2292 2209; x_wconf 83' lang='grc' dir='ltr'><strong>ρον</strong></span> <span class='ocrx_word' id='word_1_356' title='bbox 2315 2136 2704 2207; x_wconf 81' lang='grc' dir='ltr'>ἁμαρτάνοιτο,</span> <span class='ocrx_word' id='word_1_357' title='bbox 2734 2135 2769 2206; x_wconf 80' lang='grc' dir='ltr'>ἢ</span> <span class='ocrx_word' id='word_1_358' title='bbox 2803 2135 3048 2189; x_wconf 81' lang='grc' dir='ltr'>ἀθάνατα</span> <span class='ocrx_word' id='word_1_359' title='bbox 3069 2134 3115 2166; x_wconf 74' lang='grc'>⁸⁸</span> <span class='ocrx_word' id='word_1_360' title='bbox 3137 2134 3616 2205; x_wconf 80' lang='grc' dir='ltr'>συμπλεκομένων</span> <span class='ocrx_word' id='word_1_361' title='bbox 3638 2132 3762 2203; x_wconf 74' lang='lat'><strong>(20),</strong></span> 
     </span>
    </p>
   </div>
   <div class='ocr_carea' id='block_1_51' title="bbox 2198 2226 3763 2301">
    <p class='ocr_par' dir='ltr' id='par_1_51' title="bbox 2198 2226 3763 2301">
     <span class='ocr_line' id='line_1_51' title="bbox 2198 2226 3763 2301; baseline -0.002 -19"><span class='ocrx_word' id='word_1_362' title='bbox 2198 2229 2231 2300; x_wconf 73' lang='grc' dir='ltr'>ἢ</span> <span class='ocrx_word' id='word_1_363' title='bbox 2259 2228 2707 2301; x_wconf 82' lang='grc' dir='ltr'>προσχωροῦντος</span> <span class='ocrx_word' id='word_1_364' title='bbox 2739 2228 2890 2298; x_wconf 83' lang='grc' dir='ltr'>αὐτῷ</span> <span class='ocrx_word' id='word_1_365' title='bbox 2917 2227 3149 2299; x_wconf 85' lang='grc' dir='ltr'>θατέρου</span> <span class='ocrx_word' id='word_1_366' title='bbox 3184 2226 3291 2281; x_wconf 84' lang='grc' dir='ltr'>τῶν</span> <span class='ocrx_word' id='word_1_367' title='bbox 3320 2227 3511 2297; x_wconf 86' lang='grc' dir='ltr'>μερῶν</span> <span class='ocrx_word' id='word_1_368' title='bbox 3540 2226 3632 2280; x_wconf 82' lang='grc' dir='ltr'>τοῦ</span> <span class='ocrx_word' id='word_1_369' title='bbox 3654 2226 3763 2280; x_wconf 77' lang='grc' dir='ltr'>ἑτέ-</span> 
     </span>
    </p>
   </div>
   <div class='ocr_carea' id='block_1_52' title="bbox 2199 2319 3765 2392">
    <p class='ocr_par' dir='ltr' id='par_1_52' title="bbox 2199 2319 3765 2392">
     <span class='ocr_line' id='line_1_52' title="bbox 2199 2319 3765 2392; baseline -0.003 -17"><span class='ocrx_word' id='word_1_370' title='bbox 2199 2339 2296 2392; x_wconf 87' lang='grc' dir='ltr'><strong>ρου</strong></span> <span class='ocrx_word' id='word_1_371' title='bbox 2360 2320 2671 2391; x_wconf 81' lang='grc' dir='ltr'>στερηθείη,</span> <span class='ocrx_word' id='word_1_372' title='bbox 2698 2320 2795 2390; x_wconf 82' lang='grc' dir='ltr'>τὴν</span> <span class='ocrx_word' id='word_1_373' title='bbox 2816 2319 3211 2389; x_wconf 81' lang='grc' dir='ltr'>Χριστοτόκος</span> <span class='ocrx_word' id='word_1_374' title='bbox 3238 2319 3319 2389; x_wconf 86' lang='lat' dir='ltr'><strong>(d)</strong></span> <span class='ocrx_word' id='word_1_375' title='bbox 3351 2319 3621 2390; x_wconf 75' lang='grc' dir='ltr'>ἐπενόησε</span> <span class='ocrx_word' id='word_1_376' title='bbox 3660 2336 3765 2388; x_wconf 87' lang='grc' dir='ltr'>φω-</span> 
     </span>
    </p>
   </div>
   <div class='ocr_carea' id='block_1_53' title="bbox 2197 2410 3764 2483">
    <p class='ocr_par' dir='ltr' id='par_1_53' title="bbox 2197 2410 3764 2483">
     <span class='ocr_line' id='line_1_53' title="bbox 2197 2410 3764 2483; baseline -0.003 -17"><span class='ocrx_word' id='word_1_377' title='bbox 2197 2410 2338 2482; x_wconf 45' lang='grc' dir='ltr'>νήν(</span> <span class='ocrx_word' id='word_1_378' title='bbox 2359 2414 2554 2483; x_wconf 78' lang='grc' dir='ltr'>Ἐπιση</span> <span class='ocrx_word' id='word_1_379' title='bbox 2565 2412 2818 2483; x_wconf 88' lang='grc' dir='ltr'>μαίνεταί</span> <span class='ocrx_word' id='word_1_380' title='bbox 2844 2428 2903 2464; x_wconf 85' lang='grc' dir='ltr'><strong>τε</strong></span> <span class='ocrx_word' id='word_1_381' title='bbox 2929 2412 3008 2474; x_wconf 81' lang='grc' dir='ltr'>ὡς</span> <span class='ocrx_word' id='word_1_382' title='bbox 3036 2411 3108 2464; x_wconf 80' lang='grc' dir='ltr'>τὰ</span> <span class='ocrx_word' id='word_1_383' title='bbox 3136 2410 3239 2481; x_wconf 82' lang='grc' dir='ltr'><strong>μὲν</strong></span> <span class='ocrx_word' id='word_1_384' title='bbox 3274 2410 3475 2482; x_wconf 83' lang='grc' dir='ltr'>πρῶτα</span> <span class='ocrx_word' id='word_1_385' title='bbox 3503 2410 3764 2473; x_wconf 82' lang='grc' dir='ltr'>Θεοδόσιος</span> 
     </span>
    </p>
   </div>
   <div class='ocr_carea' id='block_1_54' title="bbox 2196 2501 3762 2576">
    <p class='ocr_par' dir='ltr' id='par_1_54' title="bbox 2196 2501 3762 2576">
     <span class='ocr_line' id='line_1_54' title="bbox 2196 2501 3762 2576; baseline -0.003 -19"><span class='ocrx_word' id='word_1_386' title='bbox 2196 2507 2264 2576; x_wconf 81' lang='grc' dir='ltr'>τῇ</span> <span class='ocrx_word' id='word_1_387' title='bbox 2299 2504 2435 2576; x_wconf 80' lang='grc' dir='ltr'>πρὸς</span> <span class='ocrx_word' id='word_1_388' title='bbox 2464 2505 2628 2559; x_wconf 85' lang='grc' dir='ltr'>αὑτὸν</span> <span class='ocrx_word' id='word_1_389' title='bbox 2674 2504 3020 2575; x_wconf 85' lang='grc' dir='ltr'>προσπαθείᾳ</span> <span class='ocrx_word' id='word_1_390' title='bbox 3044 2503 3141 2574; x_wconf 81' lang='grc' dir='ltr'><strong>τὴν</strong></span> <span class='ocrx_word' id='word_1_391' title='bbox 3169 2503 3256 2557; x_wconf 70' lang='grc' dir='ltr'><strong>ἐπ’</strong></span> <span class='ocrx_word' id='word_1_392' title='bbox 3296 2503 3449 2574; x_wconf 80' lang='grc' dir='ltr'><strong>αὑτῷ</strong></span> <span class='ocrx_word' id='word_1_393' title='bbox 3481 2501 3762 2572; x_wconf 75' lang='grc' dir='ltr'>γενομένην</span> 
     </span>
    </p>
   </div>
   <div class='ocr_carea' id='block_1_55' title="bbox 2195 2594 3765 2668">
    <p class='ocr_par' dir='ltr' id='par_1_55' title="bbox 2195 2594 3765 2668">
     <span class='ocr_line' id='line_1_55' title="bbox 2195 2594 3765 2668; baseline -0.001 -20"><span class='ocrx_word' id='word_1_394' title='bbox 2195 2595 2471 2667; x_wconf 78' lang='grc' dir='ltr'>ἀποϐολὴν</span> <span class='ocrx_word' id='word_1_395' title='bbox 2504 2597 2606 2650; x_wconf 82' lang='grc' dir='ltr'><strong>οὐκ</strong></span> <span class='ocrx_word' id='word_1_396' title='bbox 2634 2597 2944 2668; x_wconf 71' lang='grc' dir='ltr'>ἐκύρωσενο</span> <span class='ocrx_word' id='word_1_397' title='bbox 2986 2594 3107 2649; x_wconf 76' lang='grc' dir='ltr'>εἶτα</span> <span class='ocrx_word' id='word_1_398' title='bbox 3145 2596 3225 2649; x_wconf 84' lang='grc' dir='ltr'><strong>ὅτι</strong></span> <span class='ocrx_word' id='word_1_399' title='bbox 3256 2596 3425 2650; x_wconf 86' lang='grc' dir='ltr'>τινῶν</span> <span class='ocrx_word' id='word_1_400' title='bbox 3463 2595 3765 2648; x_wconf 66' lang='grc' dir='ltr'>ἐπισκότησιν</span> 
     </span>
    </p>
   </div>
   <div class='ocr_carea' id='block_1_56' title="bbox 2198 2686 3760 2761">
    <p class='ocr_par' dir='ltr' id='par_1_56' title="bbox 2198 2686 3760 2761">
     <span class='ocr_line' id='line_1_56' title="bbox 2198 2686 3760 2761; baseline -0.002 -20"><span class='ocrx_word' id='word_1_401' title='bbox 2198 2688 2352 2741; x_wconf 79' lang='grc' dir='ltr'>ἔνθεν</span> <span class='ocrx_word' id='word_1_402' title='bbox 2385 2706 2445 2741; x_wconf 90' lang='grc' dir='ltr'><strong>τε</strong></span> <span class='ocrx_word' id='word_1_403' title='bbox 2486 2689 2740 2743; x_wconf 83' lang='grc' dir='ltr'>κάκεῖθεν</span> <span class='ocrx_word' id='word_1_404' title='bbox 2768 2688 2881 2761; x_wconf 72' lang='grc'>(21)</span> <span class='ocrx_word' id='word_1_405' title='bbox 2916 2687 3275 2759; x_wconf 80' lang='grc' dir='ltr'>πεμφθέντων</span> <span class='ocrx_word' id='word_1_406' title='bbox 3325 2687 3469 2757; x_wconf 80' lang='grc' dir='ltr'>πρὸς</span> <span class='ocrx_word' id='word_1_407' title='bbox 3497 2686 3760 2741; x_wconf 77' lang='grc' dir='ltr'>Θεοδόσιον</span> 
     </span>
    </p>
   </div>
   <div class='ocr_carea' id='block_1_57' title="bbox 2197 2772 3757 2851">
    <p class='ocr_par' dir='ltr' id='par_1_57' title="bbox 2197 2772 3757 2851">
     <span class='ocr_line' id='line_1_57' title="bbox 2197 2772 3757 2851; baseline -0.002 -17"><span class='ocrx_word' id='word_1_408' title='bbox 2197 2782 2261 2834; x_wconf 85' lang='grc' dir='ltr'>ὲκ</span> <span class='ocrx_word' id='word_1_409' title='bbox 2286 2780 2385 2851; x_wconf 81' lang='grc' dir='ltr'>τῆς</span> <span class='ocrx_word' id='word_1_410' title='bbox 2411 2781 2677 2849; x_wconf 81' lang='grc' dir='ltr'>Ἐφεσίων</span> <span class='ocrx_word' id='word_1_411' title='bbox 2710 2780 3122 2843; x_wconf 81' lang='grc' dir='ltr'>πόλεως.αὐτοῦ</span> <span class='ocrx_word' id='word_1_412' title='bbox 3146 2797 3207 2833; x_wconf 88' lang='grc' dir='ltr'><strong>τε</strong></span> <span class='ocrx_word' id='word_1_413' title='bbox 3232 2774 3299 2834; x_wconf 79' lang='grc' dir='ltr'><strong>αὖ</strong></span> <span class='ocrx_word' id='word_1_414' title='bbox 3326 2772 3616 2850; x_wconf 81' lang='grc' dir='ltr'>δεηθέντος</span> <span class='ocrx_word' id='word_1_415' title='bbox 3637 2779 3757 2850; x_wconf 69' lang='lat'><strong>(22),</strong></span> 
     </span>
    </p>
   </div>
   <div class='ocr_carea' id='block_1_58' title="bbox 2196 2874 3761 2946">
    <p class='ocr_par' dir='ltr' id='par_1_58' title="bbox 2196 2874 3761 2946">
     <span class='ocr_line' id='line_1_58' title="bbox 2196 2874 3761 2946; baseline 0.001 -20"><span class='ocrx_word' id='word_1_416' title='bbox 2196 2874 2485 2945; x_wconf 75' lang='grc' dir='ltr'>ἐπετράπη</span> <span class='ocrx_word' id='word_1_417' title='bbox 2522 2874 2661 2928; x_wconf 81' lang='grc' dir='ltr'>κατὰ</span> <span class='ocrx_word' id='word_1_418' title='bbox 2710 2875 2773 2928; x_wconf 85' lang='grc' dir='ltr'><strong>τὸ</strong></span> <span class='ocrx_word' id='word_1_419' title='bbox 2826 2876 3029 2928; x_wconf 79' lang='grc' dir='ltr'>οἰκεῖον</span> <span class='ocrx_word' id='word_1_420' title='bbox 3079 2874 3454 2940; x_wconf 76' lang='grc' dir='ltr'>ὲπαναζεῦξαι</span> <span class='ocrx_word' id='word_1_421' title='bbox 3513 2874 3761 2946; x_wconf 81' lang='grc' dir='ltr'>μοναστή-</span> 
     </span>
    </p>
   </div>
   <div class='ocr_carea' id='block_1_59' title="bbox 2198 2965 3762 3037">
    <p class='ocr_par' dir='ltr' id='par_1_59' title="bbox 2198 2965 3762 3037">
     <span class='ocr_line' id='line_1_59' title="bbox 2198 2965 3762 3037; baseline -0.001 -19"><span class='ocrx_word' id='word_1_422' title='bbox 2198 2980 2336 3033; x_wconf 81' lang='grc' dir='ltr'>ριον,</span> <span class='ocrx_word' id='word_1_423' title='bbox 2366 2966 2397 3018; x_wconf 78' lang='grc' dir='ltr'><strong>δ</strong></span> <span class='ocrx_word' id='word_1_424' title='bbox 2440 2966 2546 3036; x_wconf 80' lang='grc' dir='ltr'><strong>πρὸ</strong></span> <span class='ocrx_word' id='word_1_425' title='bbox 2575 2965 2684 3020; x_wconf 86' lang='grc' dir='ltr'><strong>τῶν</strong></span> <span class='ocrx_word' id='word_1_426' title='bbox 2714 2966 2898 3021; x_wconf 82' lang='grc' dir='ltr'>πυλῶν</span> <span class='ocrx_word' id='word_1_427' title='bbox 2935 2968 3036 3037; x_wconf 82' lang='grc' dir='ltr'>τῆς</span> <span class='ocrx_word' id='word_1_428' title='bbox 3060 2967 3179 3019; x_wconf 78' lang='grc' dir='ltr'>νυνὶ</span> <span class='ocrx_word' id='word_1_429' title='bbox 3211 2966 3558 3020; x_wconf 86' lang='grc' dir='ltr'>Θεοπολιτῶν</span> <span class='ocrx_word' id='word_1_430' title='bbox 3582 2966 3762 3020; x_wconf 78' lang='grc' dir='ltr'>διάκει·</span> 
     </span>
    </p>
   </div>
   <div class='ocr_carea' id='block_1_60' title="bbox 2195 3058 3755 3131">
    <p class='ocr_par' dir='ltr' id='par_1_60' title="bbox 2195 3058 3755 3131">
     <span class='ocr_line' id='line_1_60' title="bbox 2195 3058 3755 3131; baseline 0.001 -22"><span class='ocrx_word' id='word_1_431' title='bbox 2195 3073 2309 3121; x_wconf 85' lang='grc' dir='ltr'>ται,</span> <span class='ocrx_word' id='word_1_432' title='bbox 2342 3058 2436 3111; x_wconf 68' lang='grc' dir='ltr'><strong>καὶ</strong></span> <span class='ocrx_word' id='word_1_433' title='bbox 2463 3058 2746 3127; x_wconf 84' lang='grc' dir='ltr'>Νεστορίῳ</span> <span class='ocrx_word' id='word_1_434' title='bbox 2779 3059 2879 3126; x_wconf 79' lang='grc' dir='ltr'>μὲν</span> <span class='ocrx_word' id='word_1_435' title='bbox 2904 3060 3002 3112; x_wconf 72' lang='grc' dir='ltr'><strong>ἐπὶ</strong></span> <span class='ocrx_word' id='word_1_436' title='bbox 3025 3058 3226 3124; x_wconf 83' lang='grc' dir='ltr'>λέξεως</span> <span class='ocrx_word' id='word_1_437' title='bbox 3258 3061 3361 3113; x_wconf 81' lang='grc' dir='ltr'><strong>οὐκ</strong></span> <span class='ocrx_word' id='word_1_438' title='bbox 3402 3059 3755 3131; x_wconf 77' lang='grc' dir='ltr'>-ὠνόμασταιο</span> 
     </span>
    </p>
   </div>
   <div class='ocr_carea' id='block_1_61' title="bbox 2198 3146 3759 3220">
    <p class='ocr_par' dir='ltr' id='par_1_61' title="bbox 2198 3146 3759 3220">
     <span class='ocr_line' id='line_1_61' title="bbox 2198 3146 3759 3220; baseline -0.001 -20"><span class='ocrx_word' id='word_1_439' title='bbox 2198 3146 2334 3214; x_wconf 76' lang='grc' dir='ltr'>φασὶ</span> <span class='ocrx_word' id='word_1_440' title='bbox 2371 3147 2429 3199; x_wconf 84' lang='grc' dir='ltr'>δὲ</span> <span class='ocrx_word' id='word_1_441' title='bbox 2476 3146 2570 3199; x_wconf 78' lang='grc' dir='ltr'>νῦν</span> <span class='ocrx_word' id='word_1_442' title='bbox 2606 3147 2667 3200; x_wconf 81' lang='grc' dir='ltr'><strong>τὸ</strong></span> <span class='ocrx_word' id='word_1_443' title='bbox 2711 3148 3029 3218; x_wconf 83' lang='grc' dir='ltr'>Εὐπρεπίου</span> <span class='ocrx_word' id='word_1_444' title='bbox 3079 3148 3612 3220; x_wconf 75' lang='grc' dir='ltr'>προσαγορεύεσθαι,</span> <span class='ocrx_word' id='word_1_445' title='bbox 3635 3149 3759 3217; x_wconf 82' lang='grc' dir='ltr'>ὅπερ</span> 
     </span>
    </p>
   </div>
   <div class='ocr_carea' id='block_1_62' title="bbox 518 3230 2091 3310">
    <p class='ocr_par' dir='ltr' id='par_1_62' title="bbox 518 3230 2087 3297">
     <span class='ocr_line' id='line_1_62' title="bbox 518 3230 2087 3297; baseline 0 -10"><span class='ocrx_word' id='word_1_446' title='bbox 518 3243 582 3287; x_wconf 88' lang='lat' dir='ltr'><strong>nt</strong></span> <span class='ocrx_word' id='word_1_447' title='bbox 604 3232 673 3287; x_wconf 86' lang='lat' dir='ltr'><strong>ad</strong></span> <span class='ocrx_word' id='word_1_448' title='bbox 706 3230 1103 3285; x_wconf 82' lang='lat' dir='ltr'><strong>monasterium</strong></span> <span class='ocrx_word' id='word_1_449' title='bbox 1128 3244 1291 3285; x_wconf 90' lang='lat' dir='ltr'><strong>suum</strong></span> <span class='ocrx_word' id='word_1_450' title='bbox 1324 3237 1724 3297; x_wconf 86' lang='lat' dir='ltr'><strong>reverteretur,</strong></span> <span class='ocrx_word' id='word_1_451' title='bbox 1759 3231 1926 3286; x_wconf 89' lang='lat' dir='ltr'><strong>situm</strong></span> <span class='ocrx_word' id='word_1_452' title='bbox 1959 3242 2087 3287; x_wconf 87' lang='lat' dir='ltr'><strong>ante</strong></span> 
     </span>
    </p>
   </div>
   <div class='ocr_carea' id='block_1_63' title="bbox 2193 3230 3760 3310">
    <p class='ocr_par' dir='ltr' id='par_1_63' title="bbox 2193 3238 3760 3310">
     <span class='ocr_line' id='line_1_63' title="bbox 2193 3238 3760 3310; baseline -0.001 -19"><span class='ocrx_word' id='word_1_453' title='bbox 2193 3240 2351 3308; x_wconf 85' lang='grc' dir='ltr'>ῐσμεν</span> <span class='ocrx_word' id='word_1_454' title='bbox 2376 3240 2496 3300; x_wconf 84' lang='grc' dir='ltr'>ταῖς</span> <span class='ocrx_word' id='word_1_455' title='bbox 2526 3238 2810 3307; x_wconf 81' lang='grc' dir='ltr'>ἀληθείαις</span> <span class='ocrx_word' id='word_1_456' title='bbox 2838 3239 2946 3310; x_wconf 77' lang='grc' dir='ltr'><strong>πρὸ</strong></span> <span class='ocrx_word' id='word_1_457' title='bbox 2986 3240 3088 3309; x_wconf 84' lang='grc' dir='ltr'>τῆς</span> <span class='ocrx_word' id='word_1_458' title='bbox 3126 3238 3472 3293; x_wconf 85' lang='grc' dir='ltr'>Θεοπολιτῶν</span> <span class='ocrx_word' id='word_1_459' title='bbox 3503 3239 3760 3308; x_wconf 86' lang='grc' dir='ltr'>διακείμε-</span> 
     </span>
    </p>
   </div>
   <div class='ocr_carea' id='block_1_64' title="bbox 518 3322 2098 3396">
    <p class='ocr_par' dir='ltr' id='par_1_64' title="bbox 518 3322 2098 3396">
     <span class='ocr_line' id='line_1_64' title="bbox 518 3322 2098 3396; baseline 0.003 -17"><span class='ocrx_word' id='word_1_460' title='bbox 518 3334 707 3396; x_wconf 87' lang='lat' dir='ltr'><strong>portas</strong></span> <span class='ocrx_word' id='word_1_461' title='bbox 763 3323 918 3378; x_wconf 89' lang='lat' dir='ltr'><strong>urbis</strong></span> <span class='ocrx_word' id='word_1_462' title='bbox 970 3322 1303 3379; x_wconf 60' lang='lat' dir='ltr'><strong>Antiochiae.</strong></span> <span class='ocrx_word' id='word_1_463' title='bbox 1355 3322 1527 3394; x_wconf 86' lang='lat' dir='ltr'><strong>Cujus</strong></span> <span class='ocrx_word' id='word_1_464' title='bbox 1571 3339 1774 3380; x_wconf 89' lang='lat' dir='ltr'><strong>nomen</strong></span> <span class='ocrx_word' id='word_1_465' title='bbox 1807 3326 2098 3383; x_wconf 88' lang='lat' dir='ltr'><strong>Nestorius</strong></span> 
     </span>
    </p>
   </div>
   <div class='ocr_carea' id='block_1_65' title="bbox 519 3414 2100 3485">
    <p class='ocr_par' dir='ltr' id='par_1_65' title="bbox 519 3414 2100 3485">
     <span class='ocr_line' id='line_1_65' title="bbox 519 3414 2100 3485; baseline 0.002 -16"><span class='ocrx_word' id='word_1_466' title='bbox 519 3414 747 3485; x_wconf 80' lang='lat' dir='ltr'><strong>quidem</strong></span> <span class='ocrx_word' id='word_1_467' title='bbox 777 3414 855 3468; x_wconf 91' lang='lat' dir='ltr'><strong>ibi</strong></span> <span class='ocrx_word' id='word_1_468' title='bbox 888 3429 1000 3468; x_wconf 90' lang='lat' dir='ltr'><strong>non</strong></span> <span class='ocrx_word' id='word_1_469' title='bbox 1040 3414 1316 3483; x_wconf 78' lang='lat' dir='ltr'><strong>expressit</strong></span> <span class='ocrx_word' id='word_1_470' title='bbox 1353 3431 1366 3467; x_wconf 88' lang='lat'><strong>:</strong></span> <span class='ocrx_word' id='word_1_471' title='bbox 1395 3414 1555 3468; x_wconf 89' lang='lat' dir='ltr'><strong>aiunt</strong></span> <span class='ocrx_word' id='word_1_472' title='bbox 1602 3424 1789 3470; x_wconf 84' lang='lat' dir='ltr'><strong>tamen</strong></span> <span class='ocrx_word' id='word_1_473' title='bbox 1822 3424 2100 3473; x_wconf 89' lang='lat' dir='ltr'><strong>monaste-</strong></span> 
     </span>
    </p>
   </div>
   <div class='ocr_carea' id='block_1_66' title="bbox 521 3503 2102 3575">
    <p class='ocr_par' dir='ltr' id='par_1_66' title="bbox 521 3503 2102 3575">
     <span class='ocr_line' id='line_1_66' title="bbox 521 3503 2102 3575; baseline 0.001 -14"><span class='ocrx_word' id='word_1_474' title='bbox 521 3507 665 3561; x_wconf 90' lang='lat' dir='ltr'><strong>rium</strong></span> <span class='ocrx_word' id='word_1_475' title='bbox 690 3503 953 3574; x_wconf 85' lang='lat' dir='ltr'><strong>Enprepii</strong></span> <span class='ocrx_word' id='word_1_476' title='bbox 980 3519 1129 3558; x_wconf 90' lang='lat' dir='ltr'><strong>nunc</strong></span> <span class='ocrx_word' id='word_1_477' title='bbox 1144 3503 1411 3574; x_wconf 85' lang='lat' dir='ltr'><strong>appellari</strong></span> <span class='ocrx_word' id='word_1_478' title='bbox 1438 3521 1454 3557; x_wconf 87' lang='lat'><strong>:</strong></span> <span class='ocrx_word' id='word_1_479' title='bbox 1482 3504 1629 3574; x_wconf 89' lang='lat' dir='ltr'><strong>quod</strong></span> <span class='ocrx_word' id='word_1_480' title='bbox 1652 3505 1875 3575; x_wconf 90' lang='lat' dir='ltr'><strong>quidem</strong></span> <span class='ocrx_word' id='word_1_481' title='bbox 1907 3522 2102 3563; x_wconf 86' lang='lat' dir='ltr'><strong>revera</strong></span> 
     </span>
    </p>
   </div>
   <div class='ocr_carea' id='block_1_67' title="bbox 521 3592 2101 3666">
    <p class='ocr_par' dir='ltr' id='par_1_67' title="bbox 521 3592 2101 3666">
     <span class='ocr_line' id='line_1_67' title="bbox 521 3592 2101 3666; baseline 0.001 -16"><span class='ocrx_word' id='word_1_482' title='bbox 521 3597 588 3650; x_wconf 76' lang='lat' dir='ltr'><strong>in</strong></span> <span class='ocrx_word' id='word_1_483' title='bbox 612 3593 952 3649; x_wconf 86' lang='lat' dir='ltr'><strong>suburbanis</strong></span> <span class='ocrx_word' id='word_1_484' title='bbox 982 3592 1296 3648; x_wconf 70' lang='lat' dir='ltr'><strong>Antiochia:</strong></span> <span class='ocrx_word' id='word_1_485' title='bbox 1330 3593 1497 3648; x_wconf 91' lang='lat' dir='ltr'><strong>situm</strong></span> <span class='ocrx_word' id='word_1_486' title='bbox 1545 3608 1669 3649; x_wconf 87' lang='lat' dir='ltr'><strong>esse</strong></span> <span class='ocrx_word' id='word_1_487' title='bbox 1720 3596 2101 3666; x_wconf 81' lang='lat' dir='ltr'><strong>cognovimus,</strong></span> 
     </span>
    </p>
   </div>
   <div class='ocr_carea' id='block_1_68' title="bbox 518 3672 2103 3753">
    <p class='ocr_par' dir='ltr' id='par_1_68' title="bbox 518 3672 2103 3753">
     <span class='ocr_line' id='line_1_68' title="bbox 518 3672 2103 3753; baseline -0.001 -1"><span class='ocrx_word' id='word_1_488' title='bbox 518 3695 743 3752; x_wconf 85' lang='lat' dir='ltr'><strong>duobus</strong></span> <span class='ocrx_word' id='word_1_489' title='bbox 790 3693 1015 3750; x_wconf 87' lang='lat' dir='ltr'><strong>circiter</strong></span> <span class='ocrx_word' id='word_1_490' title='bbox 1062 3692 1259 3749; x_wconf 87' lang='lat' dir='ltr'><strong>stadiis</strong></span> <span class='ocrx_word' id='word_1_491' title='bbox 1311 3692 1525 3749; x_wconf 84' lang='lat' dir='ltr'><strong>distans</strong></span> <span class='ocrx_word' id='word_1_492' title='bbox 1579 3672 1649 3749; x_wconf 86' lang='lat' dir='ltr'><strong>ab</strong></span> <span class='ocrx_word' id='word_1_493' title='bbox 1696 3695 1856 3752; x_wconf 88' lang='lat' dir='ltr'><strong>urbe.</strong></span> <span class='ocrx_word' id='word_1_494' title='bbox 1915 3696 2103 3753; x_wconf 81' lang='lat' dir='ltr'><strong>Refert</strong></span> 
     </span>
    </p>
   </div>
   <div class='ocr_carea' id='block_1_69' title="bbox 2194 3329 3760 3402">
    <p class='ocr_par' dir='ltr' id='par_1_69' title="bbox 2194 3329 3760 3402">
     <span class='ocr_line' id='line_1_69' title="bbox 2194 3329 3760 3402; baseline -0.002 -19"><span class='ocrx_word' id='word_1_495' title='bbox 2194 3346 2306 3393; x_wconf 85' lang='grc' dir='ltr'>νον,</span> <span class='ocrx_word' id='word_1_496' title='bbox 2333 3330 2563 3392; x_wconf 86' lang='grc' dir='ltr'>σταδίοις</span> <span class='ocrx_word' id='word_1_497' title='bbox 2592 3330 2875 3402; x_wconf 79' lang='grc' dir='ltr'>διεστηκὸς</span> <span class='ocrx_word' id='word_1_498' title='bbox 2921 3332 2983 3384; x_wconf 80' lang='grc' dir='ltr'><strong>οὐ</strong></span> <span class='ocrx_word' id='word_1_499' title='bbox 3028 3331 3240 3384; x_wconf 87' lang='grc' dir='ltr'>πλείοσι</span> <span class='ocrx_word' id='word_1_500' title='bbox 3290 3331 3403 3386; x_wconf 81' lang='grc' dir='ltr'>δύο.</span> <span class='ocrx_word' id='word_1_501' title='bbox 3447 3332 3590 3401; x_wconf 77' lang='grc' dir='ltr'>Φησὶ</span> <span class='ocrx_word' id='word_1_502' title='bbox 3616 3329 3659 3384; x_wconf 82' lang='grc' dir='ltr'>δ’</span> <span class='ocrx_word' id='word_1_503' title='bbox 3678 3329 3760 3382; x_wconf 79' lang='grc' dir='ltr'><strong>οὖν</strong></span> 
     </span>
    </p>
   </div>
   <div class='ocr_carea' id='block_1_70' title="bbox 2195 3422 3759 3496">
    <p class='ocr_par' dir='ltr' id='par_1_70' title="bbox 2195 3422 3759 3496">
     <span class='ocr_line' id='line_1_70' title="bbox 2195 3422 3759 3496; baseline -0.001 -21"><span class='ocrx_word' id='word_1_504' title='bbox 2195 3422 2359 3486; x_wconf 80' lang='grc' dir='ltr'>αὐτὸς</span> <span class='ocrx_word' id='word_1_505' title='bbox 2388 3424 2416 3476; x_wconf 87' lang='grc' dir='ltr'><strong>ό</strong></span> <span class='ocrx_word' id='word_1_506' title='bbox 2443 3423 2756 3494; x_wconf 82' lang='grc' dir='ltr'>Νεστόριος,</span> <span class='ocrx_word' id='word_1_507' title='bbox 2789 3424 2866 3487; x_wconf 87' lang='grc' dir='ltr'>ὼς</span> <span class='ocrx_word' id='word_1_508' title='bbox 2916 3424 3184 3495; x_wconf 84' lang='grc' dir='ltr'>τετραετῆ</span> <span class='ocrx_word' id='word_1_509' title='bbox 3217 3425 3411 3496; x_wconf 80' lang='grc' dir='ltr'>χρόνον</span> <span class='ocrx_word' id='word_1_510' title='bbox 3445 3424 3634 3479; x_wconf 82' lang='grc' dir='ltr'>αὐτόθι</span> <span class='ocrx_word' id='word_1_511' title='bbox 3660 3422 3759 3475; x_wconf 85' lang='grc' dir='ltr'>δισ-</span> 
     </span>
    </p>
   </div>
   <div class='ocr_carea' id='block_1_71' title="bbox 2199 3504 3761 3586">
    <p class='ocr_par' dir='ltr' id='par_1_71' title="bbox 2199 3504 3761 3586">
     <span class='ocr_line' id='line_1_71' title="bbox 2199 3504 3761 3586; baseline -0.003 -17"><span class='ocrx_word' id='word_1_512' title='bbox 2199 3514 2423 3586; x_wconf 82' lang='grc' dir='ltr'>τρίψας,</span> <span class='ocrx_word' id='word_1_513' title='bbox 2458 3515 2719 3580; x_wconf 87' lang='grc' dir='ltr'>παντοίας</span> <span class='ocrx_word' id='word_1_514' title='bbox 2753 3515 2913 3586; x_wconf 77' lang='grc' dir='ltr'>ἔτυχε</span> <span class='ocrx_word' id='word_1_515' title='bbox 2941 3516 3125 3586; x_wconf 85' lang='grc' dir='ltr'>τιμῆς,</span> <span class='ocrx_word' id='word_1_516' title='bbox 3158 3518 3252 3569; x_wconf 76' lang='grc' dir='ltr'>καὶ</span> <span class='ocrx_word' id='word_1_517' title='bbox 3286 3516 3564 3569; x_wconf 89' lang='grc' dir='ltr'>παντοίων</span> <span class='ocrx_word' id='word_1_518' title='bbox 3598 3504 3761 3584; x_wconf 84' lang='grc' dir='ltr'>γερῶν</span> 
     </span>
    </p>
   </div>
   <div class='ocr_carea' id='block_1_72' title="bbox 2200 3603 3760 3673">
    <p class='ocr_par' dir='ltr' id='par_1_72' title="bbox 2200 3603 3760 3673">
     <span class='ocr_line' id='line_1_72' title="bbox 2200 3603 3760 3673; baseline -0.005 -10"><span class='ocrx_word' id='word_1_519' title='bbox 2200 3607 2499 3673; x_wconf 83' lang='grc' dir='ltr'>ἀπέλαυσε,</span> <span class='ocrx_word' id='word_1_520' title='bbox 2529 3608 2623 3661; x_wconf 75' lang='grc' dir='ltr'>καὶ</span> <span class='ocrx_word' id='word_1_521' title='bbox 2660 3608 2736 3671; x_wconf 84' lang='grc' dir='ltr'><strong>ὠς</strong></span> <span class='ocrx_word' id='word_1_522' title='bbox 2761 3607 2918 3671; x_wconf 81' lang='grc' dir='ltr'>αὖθις</span> <span class='ocrx_word' id='word_1_523' title='bbox 2948 3607 3231 3661; x_wconf 88' lang='grc' dir='ltr'>Θεοδοσίου</span> <span class='ocrx_word' id='word_1_524' title='bbox 3264 3606 3643 3668; x_wconf 83' lang='grc' dir='ltr'>θεσπίσαντος,</span> <span class='ocrx_word' id='word_1_525' title='bbox 3670 3603 3760 3656; x_wconf 75' lang='grc' dir='ltr'><strong>ἀνὰ</strong></span> 
     </span>
    </p>
   </div>
   <div class='ocr_carea' id='block_1_73' title="bbox 2201 3696 3760 3770">
    <p class='ocr_par' dir='ltr' id='par_1_73' title="bbox 2201 3696 3760 3770">
     <span class='ocr_line' id='line_1_73' title="bbox 2201 3696 3760 3770; baseline -0.003 -19"><span class='ocrx_word' id='word_1_526' title='bbox 2201 3697 2303 3764; x_wconf 82' lang='grc' dir='ltr'><strong>τὴν</strong></span> <span class='ocrx_word' id='word_1_527' title='bbox 2354 3698 2691 3770; x_wconf 84' lang='grc' dir='ltr'>καλουμένην</span> <span class='ocrx_word' id='word_1_528' title='bbox 2734 3700 2928 3752; x_wconf 84' lang='grc' dir='ltr'>Ὄασιν</span> <span class='ocrx_word' id='word_1_529' title='bbox 2956 3697 3320 3767; x_wconf 70' lang='grc' dir='ltr'>φυγαδεύεται</span> <span class='ocrx_word' id='word_1_530' title='bbox 3368 3699 3463 3769; x_wconf 83' lang='lat' dir='ltr'><strong>(e).</strong></span> <span class='ocrx_word' id='word_1_531' title='bbox 3493 3698 3567 3751; x_wconf 83' lang='grc' dir='ltr'>Τδ</span> <span class='ocrx_word' id='word_1_532' title='bbox 3607 3696 3661 3750; x_wconf 75' lang='grc' dir='ltr'><strong>δέ</strong></span> <span class='ocrx_word' id='word_1_533' title='bbox 3704 3709 3760 3761; x_wconf 75' lang='grc' dir='ltr'><strong>γε</strong></span> 
     </span>
    </p>
   </div>
   <div class='ocr_carea' id='block_1_74' title="bbox 1819 3828 2504 3888">
    <p class='ocr_par' dir='ltr' id='par_1_74' title="bbox 1819 3828 2504 3888">
     <span class='ocr_line' id='line_1_74' title="bbox 1819 3828 2504 3888; baseline 0.01 -7"><span class='ocrx_word' id='word_1_534' title='bbox 1819 3828 2055 3886; x_wconf 67' lang='grc' dir='ltr'>νΑιιιλΕ</span> <span class='ocrx_word' id='word_1_535' title='bbox 2095 3830 2393 3888; x_wconf 79' lang='lat' dir='ltr'><strong>LECTION</strong></span> <span class='ocrx_word' id='word_1_536' title='bbox 2402 3833 2504 3888; x_wconf 87' lang='lat' dir='ltr'><strong>ES.</strong></span> 
     </span>
    </p>
   </div>
   <div class='ocr_carea' id='block_1_75' title="bbox 595 3893 1593 3972">
    <p class='ocr_par' dir='ltr' id='par_1_75' title="bbox 595 3893 1593 3972">
     <span class='ocr_line' id='line_1_75' title="bbox 595 3893 1593 3972; baseline -0.005 -16"><span class='ocrx_word' id='word_1_537' title='bbox 595 3900 639 3933; x_wconf 82' lang='lat'><strong>&quot;</strong></span> <span class='ocrx_word' id='word_1_538' title='bbox 673 3897 737 3956; x_wconf 89' lang='lat' dir='ltr'><strong>C.</strong></span> <span class='ocrx_word' id='word_1_539' title='bbox 769 3899 833 3957; x_wconf 87' lang='lat' dir='ltr'><strong>C.</strong></span> <span class='ocrx_word' id='word_1_540' title='bbox 997 3897 1042 3930; x_wconf 76' lang='lat'><em>“</em></span> <span class='ocrx_word' id='word_1_541' title='bbox 1064 3897 1195 3968; x_wconf 80' lang='grc' dir='ltr'>γάρ.</span> <span class='ocrx_word' id='word_1_542' title='bbox 1266 3898 1309 3929; x_wconf 79' lang='grc'>⁸⁸</span> <span class='ocrx_word' id='word_1_543' title='bbox 1337 3896 1593 3952; x_wconf 80' lang='grc' dir='ltr'>ἀδύνατα.</span> 
     </span>
    </p>
   </div>
   <div class='ocr_carea' id='block_1_76' title="bbox 1724 4014 2574 4074">
    <p class='ocr_par' dir='ltr' id='par_1_76' title="bbox 1724 4014 2574 4074">
     <span class='ocr_line' id='line_1_76' title="bbox 1724 4014 2574 4074; baseline 0.005 -5"><span class='ocrx_word' id='word_1_544' title='bbox 1724 4015 1999 4072; x_wconf 80' lang='lat' dir='ltr'><strong>VALESII</strong></span> <span class='ocrx_word' id='word_1_545' title='bbox 2037 4014 2574 4074; x_wconf 82' lang='lat' dir='ltr'><strong>ANNOTATIONES</strong></span> 
     </span>
    </p>
   </div>
   <div class='ocr_carea' id='block_1_77' title="bbox 589 4106 2105 4183">
    <p class='ocr_par' dir='ltr' id='par_1_77' title="bbox 589 4106 2105 4183">
     <span class='ocr_line' id='line_1_77' title="bbox 589 4106 2105 4183; baseline -0.019 1"><span class='ocrx_word' id='word_1_546' title='bbox 589 4110 730 4183; x_wconf 55' lang='lat'><strong>(19:)</strong></span> <span class='ocrx_word' id='word_1_547' title='bbox 767 4111 918 4179; x_wconf 76' lang='grc' dir='ltr'><strong>Πρὸς</strong></span> <span class='ocrx_word' id='word_1_548' title='bbox 948 4111 1089 4177; x_wconf 82' lang='grc' dir='ltr'><strong>τοὺς</strong></span> <span class='ocrx_word' id='word_1_549' title='bbox 1116 4106 1581 4183; x_wconf 67' lang='grc' dir='ltr'>ἐγκαλέᾳοντας.</span> <span class='ocrx_word' id='word_1_550' title='bbox 1618 4109 1678 4183; x_wconf 81' lang='lat' dir='ltr'><strong>ln</strong></span> <span class='ocrx_word' id='word_1_551' title='bbox 1733 4110 1963 4183; x_wconf 80' lang='lat' dir='ltr'><strong>Optimo,</strong></span> <span class='ocrx_word' id='word_1_552' title='bbox 2012 4126 2105 4183; x_wconf 62' lang='grc' dir='ltr'><strong>ρο.</strong></span> 
     </span>
    </p>
   </div>
   <div class='ocr_carea' id='block_1_78' title="bbox 520 4180 2106 4249">
    <p class='ocr_par' dir='ltr' id='par_1_78' title="bbox 520 4180 2106 4249">
     <span class='ocr_line' id='line_1_78' title="bbox 520 4180 2106 4249; baseline -0.003 -11"><span class='ocrx_word' id='word_1_553' title='bbox 520 4180 646 4238; x_wconf 81' lang='lat' dir='ltr'><strong>dice</strong></span> <span class='ocrx_word' id='word_1_554' title='bbox 674 4180 1003 4249; x_wconf 79' lang='lat' dir='ltr'><strong>Florentino</strong></span> <span class='ocrx_word' id='word_1_555' title='bbox 1023 4182 1288 4249; x_wconf 90' lang='lat' dir='ltr'><strong>scriptum</strong></span> <span class='ocrx_word' id='word_1_556' title='bbox 1348 4180 1532 4234; x_wconf 86' lang='lat' dir='ltr'><strong>inveni</strong></span> <span class='ocrx_word' id='word_1_557' title='bbox 1567 4180 1703 4249; x_wconf 82' lang='grc' dir='ltr'>πρὸς</span> <span class='ocrx_word' id='word_1_558' title='bbox 1732 4180 1859 4249; x_wconf 84' lang='grc' dir='ltr'>τοὺς</span> <span class='ocrx_word' id='word_1_559' title='bbox 1884 4181 2106 4248; x_wconf 78' lang='grc' dir='ltr'>ἐγκαλέ-</span> 
     </span>
    </p>
   </div>
   <div class='ocr_carea' id='block_1_79' title="bbox 524 4246 2103 4339">
    <p class='ocr_par' dir='ltr' id='par_1_79' title="bbox 524 4246 2103 4339">
     <span class='ocr_line' id='line_1_79' title="bbox 524 4246 2103 4339; baseline -0.001 -32"><span class='ocrx_word' id='word_1_560' title='bbox 524 4252 834 4339; x_wconf 52' lang='grc' dir='ltr'>σαντςιςρί,</span> <span class='ocrx_word' id='word_1_561' title='bbox 872 4246 1018 4307; x_wconf 67' lang='lat' dir='ltr'><strong>recte</strong></span> <span class='ocrx_word' id='word_1_562' title='bbox 1046 4246 1237 4321; x_wconf 71' lang='lat' dir='ltr'><strong>procul</strong></span> <span class='ocrx_word' id='word_1_563' title='bbox 1274 4250 1468 4314; x_wconf 90' lang='lat' dir='ltr'><strong>dubio,</strong></span> <span class='ocrx_word' id='word_1_564' title='bbox 1519 4250 1570 4301; x_wconf 91' lang='grc' dir='ltr'>οί</span> <span class='ocrx_word' id='word_1_565' title='bbox 1599 4246 1734 4304; x_wconf 79' lang='lat' dir='ltr'><strong>vero</strong></span> <span class='ocrx_word' id='word_1_566' title='bbox 1778 4246 1934 4305; x_wconf 88' lang='lat' dir='ltr'><strong>idem</strong></span> <span class='ocrx_word' id='word_1_567' title='bbox 1955 4251 2103 4305; x_wconf 84' lang='lat' dir='ltr'><strong>valet</strong></span> 
     </span>
    </p>
   </div>
   <div class='ocr_carea' id='block_1_80' title="bbox 520 4338 1053 4378">
    <p class='ocr_par' dir='ltr' id='par_1_80' title="bbox 520 4338 1053 4378">
     <span class='ocr_line' id='line_1_80' title="bbox 520 4338 1053 4378; baseline 0 -1"><span class='ocrx_word' id='word_1_568' title='bbox 520 4339 589 4378; x_wconf 87' lang='lat' dir='ltr'><strong>ac</strong></span> <span class='ocrx_word' id='word_1_569' title='bbox 618 4338 786 4378; x_wconf 80' lang='grc' dir='ltr'>αυτω.</span> <span class='ocrx_word' id='word_1_570' title='bbox 1046 4342 1053 4349; x_wconf 87' lang='grc'><em>’</em></span> 
     </span>
    </p>
   </div>
   <div class='ocr_carea' id='block_1_81' title="bbox 597 4340 2103 4463">
    <p class='ocr_par' dir='ltr' id='par_1_81' title="bbox 597 4340 2103 4463">
     <span class='ocr_line' id='line_1_81' title="bbox 597 4340 2103 4463; baseline -0.001 -19"><span class='ocrx_word' id='word_1_571' title='bbox 597 4340 827 4463; x_wconf 40' lang='grc' dir='ltr'><strong>(ἕδῖίέίὶι</strong></span> <span class='ocrx_word' id='word_1_572' title='bbox 856 4390 1123 4463; x_wconf 49' lang='lat' dir='ltr'><strong>datin-crta</strong></span> <span class='ocrx_word' id='word_1_573' title='bbox 1142 4388 1677 4463; x_wconf 61' lang='grc' dir='ltr'>συμπαίεκομένων.</span> <span class='ocrx_word' id='word_1_574' title='bbox 1697 4388 1985 4463; x_wconf 66' lang='lat' dir='ltr'><strong>Obscurus</strong></span> <span class='ocrx_word' id='word_1_575' title='bbox 2017 4397 2103 4463; x_wconf 83' lang='lat' dir='ltr'><strong>est</strong></span> 
     </span>
    </p>
   </div>
   <div class='ocr_carea' id='block_1_82' title="bbox 524 4460 2100 4531">
    <p class='ocr_par' dir='ltr' id='par_1_82' title="bbox 524 4460 2100 4531">
     <span class='ocr_line' id='line_1_82' title="bbox 524 4460 2100 4531; baseline -0.003 -14"><span class='ocrx_word' id='word_1_576' title='bbox 524 4460 724 4517; x_wconf 87' lang='lat' dir='ltr'><strong>sensus</strong></span> <span class='ocrx_word' id='word_1_577' title='bbox 745 4461 909 4531; x_wconf 81' lang='lat' dir='ltr'><strong>hujus</strong></span> <span class='ocrx_word' id='word_1_578' title='bbox 941 4460 1068 4522; x_wconf 89' lang='lat' dir='ltr'><strong>loci,</strong></span> <span class='ocrx_word' id='word_1_579' title='bbox 1101 4460 1383 4531; x_wconf 15' lang='lat' dir='ltr'><strong>quemhsic</strong></span> <span class='ocrx_word' id='word_1_580' title='bbox 1406 4460 1810 4531; x_wconf 80' lang='lat' dir='ltr'><strong>explanandum</strong></span> <span class='ocrx_word' id='word_1_581' title='bbox 1838 4474 1959 4531; x_wconf 76' lang='lat' dir='ltr'><strong>esse</strong></span> <span class='ocrx_word' id='word_1_582' title='bbox 1980 4460 2100 4531; x_wconf 82' lang='lat' dir='ltr'><strong>exi-</strong></span> 
     </span>
    </p>
   </div>
   <div class='ocr_carea' id='block_1_83' title="bbox 523 4529 2097 4600">
    <p class='ocr_par' dir='ltr' id='par_1_83' title="bbox 523 4529 2097 4600">
     <span class='ocr_line' id='line_1_83' title="bbox 523 4529 2097 4600; baseline -0.003 -13"><span class='ocrx_word' id='word_1_583' title='bbox 523 4532 711 4587; x_wconf 75' lang='lat' dir='ltr'><strong>Stimo.</strong></span> <span class='ocrx_word' id='word_1_584' title='bbox 742 4529 869 4584; x_wconf 80' lang='lat' dir='ltr'><strong>Post</strong></span> <span class='ocrx_word' id='word_1_585' title='bbox 899 4531 1223 4584; x_wconf 86' lang='lat' dir='ltr'><strong>concionem</strong></span> <span class='ocrx_word' id='word_1_586' title='bbox 1268 4529 1415 4583; x_wconf 90' lang='lat' dir='ltr'><strong>illam</strong></span> <span class='ocrx_word' id='word_1_587' title='bbox 1455 4530 1725 4583; x_wconf 86' lang='lat' dir='ltr'><strong>Anastasii</strong></span> <span class='ocrx_word' id='word_1_588' title='bbox 1764 4530 2097 4600; x_wconf 84' lang='lat' dir='ltr'><strong>presbyteri,</strong></span> 
     </span>
    </p>
   </div>
   <div class='ocr_carea' id='block_1_84' title="bbox 524 4599 2099 4673">
    <p class='ocr_par' dir='ltr' id='par_1_84' title="bbox 524 4599 2099 4673">
     <span class='ocr_line' id='line_1_84' title="bbox 524 4599 2099 4673; baseline -0.003 -17"><span class='ocrx_word' id='word_1_589' title='bbox 524 4602 619 4673; x_wconf 89' lang='lat' dir='ltr'><strong>qui</strong></span> <span class='ocrx_word' id='word_1_590' title='bbox 646 4601 934 4673; x_wconf 81' lang='lat' dir='ltr'><strong>syncellus</strong></span> <span class='ocrx_word' id='word_1_591' title='bbox 960 4610 1081 4673; x_wconf 76' lang='lat' dir='ltr'><strong>erat</strong></span> <span class='ocrx_word' id='word_1_592' title='bbox 1105 4600 1365 4673; x_wconf 82' lang='lat' dir='ltr'><strong>Nestorii,</strong></span> <span class='ocrx_word' id='word_1_593' title='bbox 1395 4600 1582 4673; x_wconf 82' lang='lat' dir='ltr'><strong>gravis</strong></span> <span class='ocrx_word' id='word_1_594' title='bbox 1612 4599 2099 4673; x_wconf 65' lang='lat' dir='ltr'><strong>dissensioexorta</strong></span> 
     </span>
    </p>
   </div>
   <div class='ocr_carea' id='block_1_85' title="bbox 525 4669 2101 4739">
    <p class='ocr_par' dir='ltr' id='par_1_85' title="bbox 525 4669 2101 4739">
     <span class='ocr_line' id='line_1_85' title="bbox 525 4669 2101 4739; baseline -0.003 -12"><span class='ocrx_word' id='word_1_595' title='bbox 525 4669 611 4727; x_wconf 77' lang='lat' dir='ltr'><strong>est</strong></span> <span class='ocrx_word' id='word_1_596' title='bbox 641 4669 702 4725; x_wconf 80' lang='lat' dir='ltr'><strong>in</strong></span> <span class='ocrx_word' id='word_1_597' title='bbox 730 4670 973 4725; x_wconf 87' lang='lat' dir='ltr'><strong>Ecclesia</strong></span> <span class='ocrx_word' id='word_1_598' title='bbox 1010 4669 1620 4739; x_wconf 76' lang='lat' dir='ltr'><strong>Constantinopomana</strong></span> <span class='ocrx_word' id='word_1_599' title='bbox 1658 4669 1831 4725; x_wconf 88' lang='lat' dir='ltr'><strong>:Cum</strong></span> <span class='ocrx_word' id='word_1_600' title='bbox 1860 4669 1950 4723; x_wconf 88' lang='lat' dir='ltr'><strong>alii</strong></span> <span class='ocrx_word' id='word_1_601' title='bbox 1978 4670 2101 4738; x_wconf 87' lang='lat' dir='ltr'><strong>qui-</strong></span> 
     </span>
    </p>
   </div>
   <div class='ocr_carea' id='block_1_86' title="bbox 526 4739 2097 4804">
    <p class='ocr_par' dir='ltr' id='par_1_86' title="bbox 526 4739 2097 4804">
     <span class='ocr_line' id='line_1_86' title="bbox 526 4739 2097 4804; baseline -0.001 -9"><span class='ocrx_word' id='word_1_602' title='bbox 526 4743 651 4796; x_wconf 90' lang='lat' dir='ltr'><strong>dem</strong></span> <span class='ocrx_word' id='word_1_603' title='bbox 690 4741 914 4795; x_wconf 78' lang='lat' dir='ltr'><strong>Mariam</strong></span> <span class='ocrx_word' id='word_1_604' title='bbox 937 4739 1197 4792; x_wconf 83' lang='grc' dir='ltr'>Θεοτόκον</span> <span class='ocrx_word' id='word_1_605' title='bbox 1221 4739 1508 4795; x_wconf 89' lang='lat' dir='ltr'><strong>dicendam</strong></span> <span class='ocrx_word' id='word_1_606' title='bbox 1534 4755 1655 4794; x_wconf 89' lang='lat' dir='ltr'><strong>esse</strong></span> <span class='ocrx_word' id='word_1_607' title='bbox 1682 4740 2097 4804; x_wconf 86' lang='lat' dir='ltr'><strong>contenderent,</strong></span> 
     </span>
    </p>
   </div>
   <div class='ocr_carea' id='block_1_87' title="bbox 2205 4110 3759 4183">
    <p class='ocr_par' dir='ltr' id='par_1_87' title="bbox 2205 4110 3759 4183">
     <span class='ocr_line' id='line_1_87' title="bbox 2205 4110 3759 4183; baseline 0.001 -21"><span class='ocrx_word' id='word_1_608' title='bbox 2205 4111 2438 4183; x_wconf 64' lang='grc' dir='ltr'>ποτόκον</span> <span class='ocrx_word' id='word_1_609' title='bbox 2460 4113 2747 4183; x_wconf 81' lang='lat' dir='ltr'><strong>amplexus</strong></span> <span class='ocrx_word' id='word_1_610' title='bbox 2769 4120 2937 4177; x_wconf 88' lang='lat' dir='ltr'><strong>esset,</strong></span> <span class='ocrx_word' id='word_1_611' title='bbox 2966 4114 3138 4168; x_wconf 88' lang='lat' dir='ltr'><strong>altera</strong></span> <span class='ocrx_word' id='word_1_612' title='bbox 3170 4128 3316 4183; x_wconf 89' lang='lat' dir='ltr'><strong>pars,</strong></span> <span class='ocrx_word' id='word_1_613' title='bbox 3348 4127 3545 4169; x_wconf 90' lang='lat' dir='ltr'><strong>eorum</strong></span> <span class='ocrx_word' id='word_1_614' title='bbox 3568 4110 3759 4167; x_wconf 82' lang='lat' dir='ltr'><strong>scilicet</strong></span> 
     </span>
    </p>
   </div>
   <div class='ocr_carea' id='block_1_88' title="bbox 2205 4178 3759 4253">
    <p class='ocr_par' dir='ltr' id='par_1_88' title="bbox 2205 4178 3759 4253">
     <span class='ocr_line' id='line_1_88' title="bbox 2205 4178 3759 4253; baseline -0.001 -19"><span class='ocrx_word' id='word_1_615' title='bbox 2205 4181 2299 4250; x_wconf 87' lang='lat' dir='ltr'><strong>qui</strong></span> <span class='ocrx_word' id='word_1_616' title='bbox 2351 4178 2614 4235; x_wconf 75' lang='grc' dir='ltr'>Θεοτόκον</span> <span class='ocrx_word' id='word_1_617' title='bbox 2678 4182 3069 4245; x_wconf 88' lang='lat' dir='ltr'><strong>defendebant,</strong></span> <span class='ocrx_word' id='word_1_618' title='bbox 3117 4178 3187 4238; x_wconf 77' lang='lat' dir='ltr'><strong>ab</strong></span> <span class='ocrx_word' id='word_1_619' title='bbox 3219 4178 3338 4253; x_wconf 88' lang='lat' dir='ltr'><strong>ipso</strong></span> <span class='ocrx_word' id='word_1_620' title='bbox 3387 4184 3759 4253; x_wconf 23' lang='lat' dir='ltr'><strong>deficeretaet</strong></span> 
     </span>
    </p>
   </div>
   <div class='ocr_carea' id='block_1_89' title="bbox 2204 4251 3759 4320">
    <p class='ocr_par' dir='ltr' id='par_1_89' title="bbox 2204 4251 3759 4320">
     <span class='ocr_line' id='line_1_89' title="bbox 2204 4251 3759 4320; baseline -0.001 -15"><span class='ocrx_word' id='word_1_621' title='bbox 2204 4266 2451 4307; x_wconf 89' lang='lat' dir='ltr'><strong>seorsum</strong></span> <span class='ocrx_word' id='word_1_622' title='bbox 2473 4262 2777 4307; x_wconf 89' lang='lat' dir='ltr'><strong>conventus</strong></span> <span class='ocrx_word' id='word_1_623' title='bbox 2799 4254 3123 4309; x_wconf 89' lang='lat' dir='ltr'><strong>celebraret.</strong></span> <span class='ocrx_word' id='word_1_624' title='bbox 3153 4251 3255 4308; x_wconf 76' lang='lat' dir='ltr'><strong>Hic</strong></span> <span class='ocrx_word' id='word_1_625' title='bbox 3275 4263 3359 4308; x_wconf 90' lang='lat' dir='ltr'><strong>est</strong></span> <span class='ocrx_word' id='word_1_626' title='bbox 3394 4269 3591 4309; x_wconf 85' lang='lat' dir='ltr'><strong>sensus</strong></span> <span class='ocrx_word' id='word_1_627' title='bbox 3613 4251 3759 4320; x_wconf 86' lang='lat' dir='ltr'><strong>hujus</strong></span> 
     </span>
    </p>
   </div>
   <div class='ocr_carea' id='block_1_90' title="bbox 2202 4320 3758 4394">
    <p class='ocr_par' dir='ltr' id='par_1_90' title="bbox 2202 4320 3758 4394">
     <span class='ocr_line' id='line_1_90' title="bbox 2202 4320 3758 4394; baseline -0.001 -19"><span class='ocrx_word' id='word_1_628' title='bbox 2202 4320 2537 4394; x_wconf 18' lang='lat' dir='ltr'><strong>loci,»quem</strong></span> <span class='ocrx_word' id='word_1_629' title='bbox 2584 4339 2700 4394; x_wconf 9' lang='lat' dir='ltr'><strong>nec;</strong></span> <span class='ocrx_word' id='word_1_630' title='bbox 2734 4323 3033 4394; x_wconf 75' lang='lat' dir='ltr'><strong>Musonius,</strong></span> <span class='ocrx_word' id='word_1_631' title='bbox 3078 4340 3181 4379; x_wconf 89' lang='lat' dir='ltr'><strong>nec</strong></span> <span class='ocrx_word' id='word_1_632' title='bbox 3234 4323 3758 4394; x_wconf 82' lang='lat' dir='ltr'><strong>Christophorsonus</strong></span> 
     </span>
    </p>
   </div>
   <div class='ocr_carea' id='block_1_91' title="bbox 2204 4390 3758 4470">
    <p class='ocr_par' dir='ltr' id='par_1_91' title="bbox 2204 4390 3758 4470">
     <span class='ocr_line' id='line_1_91' title="bbox 2204 4390 3758 4470; baseline 0.002 -25"><span class='ocrx_word' id='word_1_633' title='bbox 2204 4390 2612 4470; x_wconf 45' lang='lat' dir='ltr'><strong>intellegerunt.</strong></span> <span class='ocrx_word' id='word_1_634' title='bbox 2680 4392 3170 4470; x_wconf 79' lang='lat' dir='ltr'><strong>Scribendum_est</strong></span> <span class='ocrx_word' id='word_1_635' title='bbox 3229 4394 3395 4463; x_wconf 86' lang='lat' dir='ltr'><strong>igitur</strong></span> <span class='ocrx_word' id='word_1_636' title='bbox 3419 4390 3562 4470; x_wconf 57' lang='grc' dir='ltr'><strong>ᾖτὰ</strong></span> <span class='ocrx_word' id='word_1_637' title='bbox 3607 4391 3758 4470; x_wconf 69' lang='grc' dir='ltr'>θνητὰ</span> 
     </span>
    </p>
   </div>
   <div class='ocr_carea' id='block_1_92' title="bbox 2203 4460 3759 4534">
    <p class='ocr_par' dir='ltr' id='par_1_92' title="bbox 2203 4460 3759 4534">
     <span class='ocr_line' id='line_1_92' title="bbox 2203 4460 3759 4534; baseline 0.001 -22"><span class='ocrx_word' id='word_1_638' title='bbox 2203 4462 2314 4534; x_wconf 55' lang='grc' dir='ltr'>καί</span> <span class='ocrx_word' id='word_1_639' title='bbox 2355 4463 2599 4534; x_wconf 79' lang='grc' dir='ltr'>ἀθάνατα</span> <span class='ocrx_word' id='word_1_640' title='bbox 2649 4464 3007 4534; x_wconf 83' lang='grc' dir='ltr'>συμπλέκων.</span> <span class='ocrx_word' id='word_1_641' title='bbox 3053 4464 3110 4518; x_wconf 83' lang='grc' dir='ltr'><strong>1η</strong></span> <span class='ocrx_word' id='word_1_642' title='bbox 3155 4460 3535 4534; x_wconf 72' lang='lat' dir='ltr'><strong>manuscripto</strong></span> <span class='ocrx_word' id='word_1_643' title='bbox 3585 4460 3759 4534; x_wconf 82' lang='lat' dir='ltr'><strong>codice</strong></span> 
     </span>
    </p>
   </div>
   <div class='ocr_carea' id='block_1_93' title="bbox 2200 4530 3759 4670">
    <p class='ocr_par' dir='ltr' id='par_1_93' title="bbox 2200 4530 3759 4670">
     <span class='ocr_line' id='line_1_93' title="bbox 2200 4530 3759 4670; baseline -0.001 -86"><span class='ocrx_word' id='word_1_644' title='bbox 2200 4530 2512 4670; x_wconf 46' lang='lat' dir='ltr'><strong>Elleriano</strong></span> <span class='ocrx_word' id='word_1_645' title='bbox 2551 4530 2819 4602; x_wconf 85' lang='lat' dir='ltr'><strong>scriptum</strong></span> <span class='ocrx_word' id='word_1_646' title='bbox 2872 4533 3056 4588; x_wconf 91' lang='lat' dir='ltr'><strong>inveni</strong></span> <span class='ocrx_word' id='word_1_647' title='bbox 3092 4534 3125 4603; x_wconf 81' lang='grc' dir='ltr'>ἢ</span> <span class='ocrx_word' id='word_1_648' title='bbox 3164 4530 3759 4604; x_wconf 50' lang='grc' dir='ltr'>ἀθανάτου-συμπλεκο-</span> 
     </span>
     <span class='ocr_line' id='line_1_94' title="bbox 2276 4612 2534 4665; baseline 0.016 -12"><span class='ocrx_word' id='word_1_649' title='bbox 2276 4619 2387 4665; x_wconf 83' lang='grc' dir='ltr'>νου,</span> <span class='ocrx_word' id='word_1_650' title='bbox 2428 4612 2534 4657; x_wconf 89' lang='lat' dir='ltr'><strong>etc.</strong></span> 
     </span>
    </p>
   </div>
   <div class='ocr_carea' id='block_1_94' title="bbox 2276 4612 2534 4665">
    <p class='ocr_par' dir='ltr' id='par_1_94' title="bbox 2276 4612 2534 4665">
     <span class='ocr_line' id='line_1_95' title="bbox 2276 4612 2534 4665; baseline 0.016 -12"><span class='ocrx_word' id='word_1_651' title='bbox 2276 4619 2387 4665; x_wconf 83' lang='grc' dir='ltr'>νου,</span> <span class='ocrx_word' id='word_1_652' title='bbox 2428 4612 2534 4657; x_wconf 89' lang='lat' dir='ltr'><strong>etc.</strong></span> 
     </span>
    </p>
   </div>
   <div class='ocr_carea' id='block_1_95' title="bbox 2273 4670 3758 4743">
    <p class='ocr_par' dir='ltr' id='par_1_95' title="bbox 2273 4670 3758 4743">
     <span class='ocr_line' id='line_1_96' title="bbox 2273 4670 3758 4743; baseline -0.013 -2"><span class='ocrx_word' id='word_1_653' title='bbox 2273 4671 2384 4741; x_wconf 66' lang='lat'><strong>(&#39;21)</strong></span> <span class='ocrx_word' id='word_1_654' title='bbox 2429 4672 2647 4743; x_wconf 73' lang='grc' dir='ltr'>Ἔνθεν</span> <span class='ocrx_word' id='word_1_655' title='bbox 2671 4690 2736 4726; x_wconf 75' lang='grc' dir='ltr'><strong>τε</strong></span> <span class='ocrx_word' id='word_1_656' title='bbox 2757 4671 3052 4727; x_wconf 80' lang='grc' dir='ltr'>κακεῖθεν.</span> <span class='ocrx_word' id='word_1_657' title='bbox 3093 4673 3278 4743; x_wconf 75' lang='lat' dir='ltr'><strong>ldest,</strong></span> <span class='ocrx_word' id='word_1_658' title='bbox 3304 4670 3374 4729; x_wconf 88' lang='lat' dir='ltr'><strong>ab</strong></span> <span class='ocrx_word' id='word_1_659' title='bbox 3396 4682 3625 4743; x_wconf 89' lang='lat' dir='ltr'><strong>utraque</strong></span> <span class='ocrx_word' id='word_1_660' title='bbox 3640 4683 3758 4743; x_wconf 76' lang='lat' dir='ltr'><strong>par-</strong></span> 
     </span>
    </p>
   </div>
   <div class='ocr_carea' id='block_1_96' title="bbox 2203 4683 3759 4812">
    <p class='ocr_par' dir='ltr' id='par_1_96' title="bbox 2203 4683 3759 4812">
     <span class='ocr_line' id='line_1_97' title="bbox 2273 4683 3758 4795; baseline 0.003 -72"><span class='ocrx_word' id='word_1_661' title='bbox 2273 4683 2384 4741; x_wconf 66' lang='lat'><strong>(21)</strong></span> <span class='ocrx_word' id='word_1_662' title='bbox 2429 4683 2647 4727; x_wconf 72' lang='grc' dir='ltr'>Ἔνθεν</span> <span class='ocrx_word' id='word_1_663' title='bbox 2671 4690 2736 4726; x_wconf 74' lang='grc' dir='ltr'><strong>τε</strong></span> <span class='ocrx_word' id='word_1_664' title='bbox 2757 4683 3052 4727; x_wconf 79' lang='grc' dir='ltr'>κακειυεν.</span> <span class='ocrx_word' id='word_1_665' title='bbox 3093 4683 3149 4728; x_wconf 81' lang='grc' dir='ltr'>ια</span> <span class='ocrx_word' id='word_1_666' title='bbox 3174 4683 3278 4737; x_wconf 89' lang='lat' dir='ltr'><strong>est,</strong></span> <span class='ocrx_word' id='word_1_667' title='bbox 3304 4683 3374 4729; x_wconf 87' lang='lat' dir='ltr'><strong>ab</strong></span> <span class='ocrx_word' id='word_1_668' title='bbox 3396 4683 3625 4743; x_wconf 86' lang='lat' dir='ltr'><strong>utraque</strong></span> <span class='ocrx_word' id='word_1_669' title='bbox 3638 4683 3758 4795; x_wconf 52' lang='lat'><strong>£2:-</strong></span> 
     </span>
     <span class='ocr_line' id='line_1_98' title="bbox 2203 4741 3759 4812; baseline 0.003 -19"><span class='ocrx_word' id='word_1_670' title='bbox 2203 4748 2276 4812; x_wconf 86' lang='lat' dir='ltr'><strong>te,</strong></span> <span class='ocrx_word' id='word_1_671' title='bbox 2314 4749 2421 4795; x_wconf 91' lang='lat' dir='ltr'><strong>tam</strong></span> <span class='ocrx_word' id='word_1_672' title='bbox 2461 4742 2881 4807; x_wconf 89' lang='lat' dir='ltr'><strong>catholicorum,</strong></span> <span class='ocrx_word' id='word_1_673' title='bbox 2921 4758 3085 4812; x_wconf 90' lang='lat' dir='ltr'><strong>quam</strong></span> <span class='ocrx_word' id='word_1_674' title='bbox 3126 4741 3599 4806; x_wconf 80' lang='lat' dir='ltr'><strong>Nestorianorum.</strong></span> <span class='ocrx_word' id='word_1_675' title='bbox 3729 4751 3759 4791; x_wconf 75' lang='grc' dir='ltr'>θ</span> 
     </span>
    </p>
   </div>
   <div class='ocr_carea' id='block_1_97' title="bbox 525 4808 3190 4891">
    <p class='ocr_par' dir='ltr' id='par_1_97' title="bbox 525 4808 3190 4891">
     <span class='ocr_line' id='line_1_99' title="bbox 525 4808 3190 4891; baseline 0 -25"><span class='ocrx_word' id='word_1_676' title='bbox 525 4813 619 4891; x_wconf 81' lang='lat' dir='ltr'><strong>alii</strong></span> <span class='ocrx_word' id='word_1_677' title='bbox 650 4827 781 4866; x_wconf 87' lang='lat' dir='ltr'><strong>vero</strong></span> <span class='ocrx_word' id='word_1_678' title='bbox 842 4809 1276 4891; x_wconf 51' lang='grc' dir='ltr'>ἀνθριρποῴκον.</span> <span class='ocrx_word' id='word_1_679' title='bbox 1308 4808 1804 4891; x_wconf 83' lang='lat' dir='ltr'><strong>Cumque_seditio</strong></span> <span class='ocrx_word' id='word_1_680' title='bbox 1837 4810 2099 4891; x_wconf 43' lang='lat' dir='ltr'><strong>.quotidie</strong></span> <span class='ocrx_word' id='word_1_681' title='bbox 2129 4824 2177 4883; x_wconf 79' lang='grc' dir='ltr'><strong>ι)</strong></span> <span class='ocrx_word' id='word_1_682' title='bbox 2203 4811 2710 4891; x_wconf 43' lang='grc' dir='ltr'>Μυεουιυανθςιὶι,</span> <span class='ocrx_word' id='word_1_683' title='bbox 2755 4812 2922 4891; x_wconf 42' lang='lat' dir='ltr'><strong>uitro-</strong></span> <span class='ocrx_word' id='word_1_684' title='bbox 2940 4808 3190 4891; x_wconf 58' lang='lat' dir='ltr'><strong>citroque.</strong></span> 
     </span>
    </p>
   </div>
   <div class='ocr_carea' id='block_1_98' title="bbox 531 4879 2098 4952">
    <p class='ocr_par' dir='ltr' id='par_1_98' title="bbox 531 4879 2098 4952">
     <span class='ocr_line' id='line_1_100' title="bbox 531 4879 2098 4952; baseline -0.001 -16"><span class='ocrx_word' id='word_1_685' title='bbox 531 4879 959 4952; x_wconf 83' lang='lat' dir='ltr'><strong>ingravesceret,</strong></span> <span class='ocrx_word' id='word_1_686' title='bbox 1003 4879 1289 4952; x_wconf 82' lang='lat' dir='ltr'><strong>Nestorius</strong></span> <span class='ocrx_word' id='word_1_687' title='bbox 1336 4896 1457 4952; x_wconf 88' lang='lat' dir='ltr'><strong>eam</strong></span> <span class='ocrx_word' id='word_1_688' title='bbox 1499 4880 1697 4952; x_wconf 82' lang='lat' dir='ltr'><strong>sedare</strong></span> <span class='ocrx_word' id='word_1_689' title='bbox 1715 4880 1973 4952; x_wconf 80' lang='lat' dir='ltr'><strong>cupiens,</strong></span> <span class='ocrx_word' id='word_1_690' title='bbox 1998 4896 2098 4935; x_wconf 87' lang='lat' dir='ltr'><strong>vo-</strong></span> 
     </span>
    </p>
   </div>
   <div class='ocr_carea' id='block_1_99' title="bbox 529 4949 2104 5021">
    <p class='ocr_par' dir='ltr' id='par_1_99' title="bbox 529 4949 2104 5021">
     <span class='ocr_line' id='line_1_101' title="bbox 529 4949 2104 5021; baseline -0.001 -16"><span class='ocrx_word' id='word_1_691' title='bbox 529 4949 649 5005; x_wconf 80' lang='lat' dir='ltr'><strong>cem</strong></span> <span class='ocrx_word' id='word_1_692' title='bbox 668 4949 1217 5021; x_wconf 65' lang='lat' dir='ltr'><strong>quamdamjmediam</strong></span> <span class='ocrx_word' id='word_1_693' title='bbox 1242 4950 1588 5019; x_wconf 78' lang='lat' dir='ltr'><strong>excogitavit,</strong></span> <span class='ocrx_word' id='word_1_694' title='bbox 1607 4960 1667 5021; x_wconf 88' lang='lat' dir='ltr'><strong>ut</strong></span> <span class='ocrx_word' id='word_1_695' title='bbox 1682 4949 1849 5004; x_wconf 82' lang='lat' dir='ltr'><strong>Maria</strong></span> <span class='ocrx_word' id='word_1_696' title='bbox 1872 4951 2104 5021; x_wconf 83' lang='grc' dir='ltr'>Χριστο-</span> 
     </span>
    </p>
   </div>
   <div class='ocr_carea' id='block_1_100' title="bbox 530 5020 2102 5089">
    <p class='ocr_par' dir='ltr' id='par_1_100' title="bbox 530 5020 2102 5089">
     <span class='ocr_line' id='line_1_102' title="bbox 530 5020 2102 5089; baseline 0.001 -16"><span class='ocrx_word' id='word_1_697' title='bbox 530 5020 693 5083; x_wconf 61' lang='grc' dir='ltr'>τόκοζ</span> <span class='ocrx_word' id='word_1_698' title='bbox 727 5022 781 5074; x_wconf 89' lang='lat' dir='ltr'><strong>in</strong></span> <span class='ocrx_word' id='word_1_699' title='bbox 824 5032 1103 5089; x_wconf 85' lang='lat' dir='ltr'><strong>posterum</strong></span> <span class='ocrx_word' id='word_1_700' title='bbox 1136 5029 1428 5074; x_wconf 86' lang='lat' dir='ltr'><strong>vocaretur</strong></span> <span class='ocrx_word' id='word_1_701' title='bbox 1449 5037 1461 5073; x_wconf 92' lang='lat'><strong>:</strong></span> <span class='ocrx_word' id='word_1_702' title='bbox 1482 5036 1549 5075; x_wconf 89' lang='lat' dir='ltr'><strong>ne</strong></span> <span class='ocrx_word' id='word_1_703' title='bbox 1574 5020 1619 5075; x_wconf 91' lang='lat' dir='ltr'><strong>si</strong></span> <span class='ocrx_word' id='word_1_704' title='bbox 1654 5020 2102 5075; x_wconf 69' lang='grc' dir='ltr'>Θεοτόκονόὶοε-</span> 
     </span>
    </p>
   </div>
   <div class='ocr_carea' id='block_1_101' title="bbox 531 5089 2104 5158">
    <p class='ocr_par' dir='ltr' id='par_1_101' title="bbox 531 5089 2104 5158">
     <span class='ocr_line' id='line_1_103' title="bbox 531 5089 2104 5158; baseline -0.001 -14"><span class='ocrx_word' id='word_1_705' title='bbox 531 5100 636 5151; x_wconf 88' lang='lat' dir='ltr'><strong>ret.</strong></span> <span class='ocrx_word' id='word_1_706' title='bbox 664 5092 913 5144; x_wconf 86' lang='lat' dir='ltr'><strong>mortalia</strong></span> <span class='ocrx_word' id='word_1_707' title='bbox 940 5090 1341 5145; x_wconf 90' lang='lat' dir='ltr'><strong>immortalibus</strong></span> <span class='ocrx_word' id='word_1_708' title='bbox 1369 5090 1623 5158; x_wconf 86' lang='lat' dir='ltr'><strong>copulare</strong></span> <span class='ocrx_word' id='word_1_709' title='bbox 1648 5090 1929 5144; x_wconf 88' lang='lat' dir='ltr'><strong>videretur</strong></span> <span class='ocrx_word' id='word_1_710' title='bbox 1957 5089 2104 5158; x_wconf 91' lang='lat' dir='ltr'><strong>quod</strong></span> 
     </span>
    </p>
   </div>
   <div class='ocr_carea' id='block_1_102' title="bbox 532 5159 2104 5232">
    <p class='ocr_par' dir='ltr' id='par_1_102' title="bbox 532 5159 2104 5232">
     <span class='ocr_line' id='line_1_104' title="bbox 532 5159 2104 5232; baseline -0.001 -18"><span class='ocrx_word' id='word_1_711' title='bbox 532 5161 649 5232; x_wconf 80' lang='lat' dir='ltr'><strong>ipse</strong></span> <span class='ocrx_word' id='word_1_712' title='bbox 677 5160 900 5231; x_wconf 85' lang='lat' dir='ltr'><strong>quidem</strong></span> <span class='ocrx_word' id='word_1_713' title='bbox 935 5160 1163 5231; x_wconf 90' lang='lat' dir='ltr'><strong>impium</strong></span> <span class='ocrx_word' id='word_1_714' title='bbox 1200 5174 1322 5215; x_wconf 89' lang='lat' dir='ltr'><strong>esse</strong></span> <span class='ocrx_word' id='word_1_715' title='bbox 1355 5159 1585 5214; x_wconf 84' lang='lat' dir='ltr'><strong>ducebat</strong></span> <span class='ocrx_word' id='word_1_716' title='bbox 1624 5178 1636 5212; x_wconf 91' lang='lat'><strong>:</strong></span> <span class='ocrx_word' id='word_1_717' title='bbox 1670 5168 1764 5213; x_wconf 90' lang='lat' dir='ltr'><strong>aut</strong></span> <span class='ocrx_word' id='word_1_718' title='bbox 1808 5159 1854 5215; x_wconf 91' lang='lat' dir='ltr'><strong>si</strong></span> <span class='ocrx_word' id='word_1_719' title='bbox 1894 5160 2104 5231; x_wconf 81' lang='grc' dir='ltr'>ἀνθρω-</span> 
     </span>
    </p>
   </div>
   <div class='ocr_carea' id='block_1_103' title="bbox 2280 4880 3760 4960">
    <p class='ocr_par' dir='ltr' id='par_1_103' title="bbox 2280 4880 3760 4960">
     <span class='ocr_line' id='line_1_105' title="bbox 2280 4880 3760 4960; baseline -0.003 -26"><span class='ocrx_word' id='word_1_720' title='bbox 2280 4881 2627 4960; x_wconf 45' lang='grc' dir='ltr'><strong>(ἓῖλ-Αὐτοᾷ</strong></span> <span class='ocrx_word' id='word_1_721' title='bbox 2654 4900 2716 4937; x_wconf 86' lang='grc' dir='ltr'><strong>τε</strong></span> <span class='ocrx_word' id='word_1_722' title='bbox 2739 4882 2932 4960; x_wconf 50' lang='lat' dir='ltr'><strong>adiat}</strong></span> <span class='ocrx_word' id='word_1_723' title='bbox 2955 4880 3289 4960; x_wconf 52' lang='lat' dir='ltr'><strong>danger-(oc.</strong></span> <span class='ocrx_word' id='word_1_724' title='bbox 3331 4880 3639 4960; x_wconf 79' lang='lat' dir='ltr'><strong>Rectius_in</strong></span> <span class='ocrx_word' id='word_1_725' title='bbox 3677 4890 3760 4960; x_wconf 66' lang='lat' dir='ltr'><strong>eo;</strong></span> 
     </span>
    </p>
   </div>
   <div class='ocr_carea' id='block_1_104' title="bbox 2210 4950 3755 5023">
    <p class='ocr_par' dir='ltr' id='par_1_104' title="bbox 2210 4950 3755 5023">
     <span class='ocr_line' id='line_1_106' title="bbox 2210 4950 3755 5023; baseline -0.005 -17"><span class='ocrx_word' id='word_1_726' title='bbox 2210 4950 2333 5023; x_wconf 84' lang='lat' dir='ltr'><strong>dice</strong></span> <span class='ocrx_word' id='word_1_727' title='bbox 2360 4950 2692 5023; x_wconf 86' lang='lat' dir='ltr'><strong>Florentino</strong></span> <span class='ocrx_word' id='word_1_728' title='bbox 2720 4960 2777 5007; x_wconf 90' lang='lat' dir='ltr'><strong>et</strong></span> <span class='ocrx_word' id='word_1_729' title='bbox 2818 4952 3129 5007; x_wconf 89' lang='lat' dir='ltr'><strong>Telleriano</strong></span> <span class='ocrx_word' id='word_1_730' title='bbox 3172 4954 3374 5023; x_wconf 86' lang='lat' dir='ltr'><strong>legitur</strong></span> <span class='ocrx_word' id='word_1_731' title='bbox 3422 4952 3593 5023; x_wconf 63' lang='lat' dir='ltr'><strong>aia-toti</strong></span> <span class='ocrx_word' id='word_1_732' title='bbox 3613 4965 3668 5002; x_wconf 86' lang='grc' dir='ltr'><strong>τε</strong></span> <span class='ocrx_word' id='word_1_733' title='bbox 3696 4950 3755 5023; x_wconf 70' lang='grc' dir='ltr'><strong>αὐ</strong></span> 
     </span>
    </p>
   </div>
   <div class='ocr_carea' id='block_1_105' title="bbox 2209 5021 3759 5095">
    <p class='ocr_par' dir='ltr' id='par_1_105' title="bbox 2209 5021 3759 5095">
     <span class='ocr_line' id='line_1_107' title="bbox 2209 5021 3759 5095; baseline 0.001 -22"><span class='ocrx_word' id='word_1_734' title='bbox 2209 5021 2515 5095; x_wconf 62' lang='grc' dir='ltr'>δεηθέντος.</span> <span class='ocrx_word' id='word_1_735' title='bbox 2546 5023 2621 5077; x_wconf 82' lang='lat' dir='ltr'><strong>Ex</strong></span> <span class='ocrx_word' id='word_1_736' title='bbox 2649 5023 2841 5095; x_wconf 83' lang='lat' dir='ltr'><strong>iisdem</strong></span> <span class='ocrx_word' id='word_1_737' title='bbox 2863 5022 3149 5077; x_wconf 89' lang='lat' dir='ltr'><strong>codicibus</strong></span> <span class='ocrx_word' id='word_1_738' title='bbox 3169 5021 3455 5095; x_wconf 81' lang='lat' dir='ltr'><strong>emendavi</strong></span> <span class='ocrx_word' id='word_1_739' title='bbox 3477 5021 3633 5095; x_wconf 80' lang='lat' dir='ltr'><strong>paulo</strong></span> <span class='ocrx_word' id='word_1_740' title='bbox 3650 5022 3759 5087; x_wconf 66' lang='lat' dir='ltr'><strong>post</strong></span> 
     </span>
    </p>
   </div>
   <div class='ocr_carea' id='block_1_106' title="bbox 2211 5090 3758 5173">
    <p class='ocr_par' dir='ltr' id='par_1_106' title="bbox 2211 5090 3758 5173">
     <span class='ocr_line' id='line_1_108' title="bbox 2211 5090 3758 5173; baseline 0 -30"><span class='ocrx_word' id='word_1_741' title='bbox 2211 5092 2309 5171; x_wconf 71' lang='grc' dir='ltr'><strong>νῦν</strong></span> <span class='ocrx_word' id='word_1_742' title='bbox 2335 5092 2397 5173; x_wconf 45' lang='lat' dir='ltr'><strong>ab</strong></span> <span class='ocrx_word' id='word_1_743' title='bbox 2426 5093 2739 5173; x_wconf 59' lang='grc' dir='ltr'>Ιξὺπρεπίου</span> <span class='ocrx_word' id='word_1_744' title='bbox 2765 5110 2860 5163; x_wconf 86' lang='grc' dir='ltr'><strong>πρ.</strong></span> <span class='ocrx_word' id='word_1_745' title='bbox 2902 5108 3029 5148; x_wconf 90' lang='lat' dir='ltr'><strong>cum</strong></span> <span class='ocrx_word' id='word_1_746' title='bbox 3053 5103 3211 5149; x_wconf 86' lang='lat' dir='ltr'><strong>antea</strong></span> <span class='ocrx_word' id='word_1_747' title='bbox 3248 5090 3525 5165; x_wconf 81' lang='lat' dir='ltr'><strong>legeretur</strong></span> <span class='ocrx_word' id='word_1_748' title='bbox 3559 5090 3758 5145; x_wconf 81' lang='grc' dir='ltr'>νύντισα</span> 
     </span>
    </p>
   </div>
   <div class='ocr_carea' id='block_1_107' title="bbox 2214 5174 2573 5231">
    <p class='ocr_par' dir='ltr' id='par_1_107' title="bbox 2214 5174 2573 5231">
     <span class='ocr_line' id='line_1_109' title="bbox 2214 5174 2573 5231; baseline 0 -16"><span class='ocrx_word' id='word_1_749' title='bbox 2214 5174 2573 5231; x_wconf 72' lang='grc' dir='ltr'>ιιιθριιεδιιιιο.</span> 
     </span>
    </p>
   </div>
   <div class='ocr_carea' id='block_1_108' title="bbox 1951 5291 2339 5349">
    <p class='ocr_par' dir='ltr' id='par_1_108' title="bbox 1951 5291 2339 5349">
     <span class='ocr_line' id='line_1_110' title="bbox 1951 5291 2339 5349; baseline 0.003 -1"><span class='ocrx_word' id='word_1_750' title='bbox 1951 5291 2339 5349; x_wconf 78' lang='lat' dir='ltr'><strong>VARIORUM.</strong></span> 
     </span>
    </p>
   </div>
   <div class='ocr_carea' id='block_1_109' title="bbox 605 5387 2454 5463">
    <p class='ocr_par' dir='ltr' id='par_1_109' title="bbox 605 5387 2454 5463">
     <span class='ocr_line' id='line_1_111' title="bbox 605 5387 2454 5463; baseline 0 -16"><span class='ocrx_word' id='word_1_751' title='bbox 605 5395 683 5463; x_wconf 76' lang='grc' dir='ltr'><strong>(ά)</strong></span> <span class='ocrx_word' id='word_1_752' title='bbox 724 5395 1147 5462; x_wconf 80' lang='grc' dir='ltr'>Χριστοτόκος.</span> <span class='ocrx_word' id='word_1_753' title='bbox 1175 5412 1193 5445; x_wconf 78' lang='grc' dir='ltr'><strong>ι</strong></span> <span class='ocrx_word' id='word_1_754' title='bbox 1219 5394 1369 5447; x_wconf 91' lang='lat' dir='ltr'><strong>Duos</strong></span> <span class='ocrx_word' id='word_1_755' title='bbox 1388 5406 1511 5447; x_wconf 88' lang='lat' dir='ltr'><strong>esse</strong></span> <span class='ocrx_word' id='word_1_756' title='bbox 1535 5392 1650 5463; x_wconf 84' lang='lat' dir='ltr'><strong>vult</strong></span> <span class='ocrx_word' id='word_1_757' title='bbox 1674 5391 1815 5446; x_wconf 83' lang='lat' dir='ltr'><strong>filios</strong></span> <span class='ocrx_word' id='word_1_758' title='bbox 1836 5392 1954 5456; x_wconf 90' lang='lat' dir='ltr'><strong>Dei,</strong></span> <span class='ocrx_word' id='word_1_759' title='bbox 1980 5393 2121 5447; x_wconf 91' lang='lat' dir='ltr'><strong>duos</strong></span> <span class='ocrx_word' id='word_1_760' title='bbox 2195 5398 2317 5462; x_wconf 84' lang='lat' dir='ltr'><strong>cap.</strong></span> <span class='ocrx_word' id='word_1_761' title='bbox 2369 5387 2454 5447; x_wconf 85' lang='lat' dir='ltr'><strong>i7.</strong></span> 
     </span>
    </p>
   </div>
   <div class='ocr_carea' id='block_1_110' title="bbox 530 5462 2100 5529">
    <p class='ocr_par' dir='ltr' id='par_1_110' title="bbox 530 5462 2100 5529">
     <span class='ocr_line' id='line_1_112' title="bbox 530 5462 2100 5529; baseline -0.003 -9"><span class='ocrx_word' id='word_1_762' title='bbox 530 5462 809 5529; x_wconf 83' lang='lat' dir='ltr'><strong>Christos;</strong></span> <span class='ocrx_word' id='word_1_763' title='bbox 843 5478 1015 5518; x_wconf 92' lang='lat' dir='ltr'><strong>unum</strong></span> <span class='ocrx_word' id='word_1_764' title='bbox 1053 5465 1247 5529; x_wconf 90' lang='lat' dir='ltr'><strong>Deum,</strong></span> <span class='ocrx_word' id='word_1_765' title='bbox 1298 5463 1530 5516; x_wconf 92' lang='lat' dir='ltr'><strong>alterum</strong></span> <span class='ocrx_word' id='word_1_766' title='bbox 1583 5462 1895 5526; x_wconf 90' lang='lat' dir='ltr'><strong>hominem;</strong></span> <span class='ocrx_word' id='word_1_767' title='bbox 1929 5479 2100 5516; x_wconf 85' lang='lat' dir='ltr'><strong>unum</strong></span> 
     </span>
    </p>
   </div>
   <div class='ocr_carea' id='block_1_111' title="bbox 531 5532 2100 5612">
    <p class='ocr_par' dir='ltr' id='par_1_111' title="bbox 531 5532 2100 5612">
     <span class='ocr_line' id='line_1_113' title="bbox 531 5532 2100 5612; baseline -0.001 -25"><span class='ocrx_word' id='word_1_768' title='bbox 531 5535 625 5612; x_wconf 82' lang='lat' dir='ltr'><strong>qui</strong></span> <span class='ocrx_word' id='word_1_769' title='bbox 654 5536 933 5612; x_wconf 72' lang='lat' dir='ltr'><strong>ex_f_’atre,</strong></span> <span class='ocrx_word' id='word_1_770' title='bbox 976 5535 1211 5612; x_wconf 79' lang='lat' dir='ltr'><strong>alterum</strong></span> <span class='ocrx_word' id='word_1_771' title='bbox 1252 5532 1344 5602; x_wconf 92' lang='lat' dir='ltr'><strong>qui</strong></span> <span class='ocrx_word' id='word_1_772' title='bbox 1377 5532 1451 5612; x_wconf 84' lang='lat' dir='ltr'><strong>_s_it</strong></span> <span class='ocrx_word' id='word_1_773' title='bbox 1479 5542 1879 5612; x_wconf 52' lang='lat' dir='ltr'><strong>generatusmex</strong></span> <span class='ocrx_word' id='word_1_774' title='bbox 1907 5543 2100 5612; x_wconf 88' lang='lat' dir='ltr'><strong>matre.</strong></span> 
     </span>
    </p>
   </div>
   <div class='ocr_carea' id='block_1_112' title="bbox 531 5601 2102 5674">
    <p class='ocr_par' dir='ltr' id='par_1_112' title="bbox 531 5601 2102 5674">
     <span class='ocr_line' id='line_1_114' title="bbox 531 5601 2102 5674; baseline -0.002 -15"><span class='ocrx_word' id='word_1_775' title='bbox 531 5601 711 5674; x_wconf 71' lang='lat' dir='ltr'><strong>Atque</strong></span> <span class='ocrx_word' id='word_1_776' title='bbox 733 5605 858 5659; x_wconf 89' lang='lat' dir='ltr'><strong>ideo</strong></span> <span class='ocrx_word' id='word_1_777' title='bbox 882 5606 1078 5660; x_wconf 89' lang='lat' dir='ltr'><strong>asserit</strong></span> <span class='ocrx_word' id='word_1_778' title='bbox 1107 5601 1349 5674; x_wconf 78' lang='lat' dir='ltr'><strong>sanctam</strong></span> <span class='ocrx_word' id='word_1_779' title='bbox 1376 5601 1598 5674; x_wconf 82' lang='lat' dir='ltr'><strong>Mariam</strong></span> <span class='ocrx_word' id='word_1_780' title='bbox 1630 5617 1736 5674; x_wconf 86' lang='lat' dir='ltr'><strong>non</strong></span> <span class='ocrx_word' id='word_1_781' title='bbox 1764 5601 2102 5674; x_wconf 78' lang='lat' dir='ltr'><strong>Theotocon,</strong></span> 
     </span>
    </p>
   </div>
   <div class='ocr_carea' id='block_1_113' title="bbox 534 5671 2105 5740">
    <p class='ocr_par' dir='ltr' id='par_1_113' title="bbox 534 5671 2105 5740">
     <span class='ocr_line' id='line_1_115' title="bbox 534 5671 2105 5740; baseline -0.003 -11"><span class='ocrx_word' id='word_1_782' title='bbox 534 5671 638 5729; x_wconf 82' lang='lat' dir='ltr'><strong>sed</strong></span> <span class='ocrx_word' id='word_1_783' title='bbox 677 5674 1064 5730; x_wconf 86' lang='lat' dir='ltr'><strong>Christotocon</strong></span> <span class='ocrx_word' id='word_1_784' title='bbox 1097 5690 1217 5729; x_wconf 86' lang='lat' dir='ltr'><strong>esse</strong></span> <span class='ocrx_word' id='word_1_785' title='bbox 1261 5671 1551 5727; x_wconf 90' lang='lat' dir='ltr'><strong>dicendam</strong></span> <span class='ocrx_word' id='word_1_786' title='bbox 1586 5688 1599 5724; x_wconf 91' lang='lat'><strong>:</strong></span> <span class='ocrx_word' id='word_1_787' title='bbox 1632 5673 1759 5740; x_wconf 88' lang='lat' dir='ltr'><strong>quia</strong></span> <span class='ocrx_word' id='word_1_788' title='bbox 1798 5672 2007 5725; x_wconf 87' lang='lat' dir='ltr'><strong>scilicet</strong></span> <span class='ocrx_word' id='word_1_789' title='bbox 2039 5688 2105 5725; x_wconf 77' lang='lat' dir='ltr'><strong>ex</strong></span> 
     </span>
    </p>
   </div>
   <div class='ocr_carea' id='block_1_114' title="bbox 534 5740 2108 5814">
    <p class='ocr_par' dir='ltr' id='par_1_114' title="bbox 534 5740 2108 5814">
     <span class='ocr_line' id='line_1_116' title="bbox 534 5740 2108 5814; baseline -0.001 -18"><span class='ocrx_word' id='word_1_790' title='bbox 534 5760 599 5797; x_wconf 82' lang='lat' dir='ltr'><strong>ca</strong></span> <span class='ocrx_word' id='word_1_791' title='bbox 642 5761 751 5799; x_wconf 91' lang='lat' dir='ltr'><strong>non</strong></span> <span class='ocrx_word' id='word_1_792' title='bbox 799 5746 889 5799; x_wconf 90' lang='lat' dir='ltr'><strong>ille</strong></span> <span class='ocrx_word' id='word_1_793' title='bbox 933 5745 1190 5801; x_wconf 86' lang='lat' dir='ltr'><strong>Christus</strong></span> <span class='ocrx_word' id='word_1_794' title='bbox 1225 5744 1319 5814; x_wconf 92' lang='lat' dir='ltr'><strong>qui</strong></span> <span class='ocrx_word' id='word_1_795' title='bbox 1368 5741 1685 5814; x_wconf 80' lang='lat' dir='ltr'><strong>Deus,_sed</strong></span> <span class='ocrx_word' id='word_1_796' title='bbox 1732 5740 1821 5814; x_wconf 75' lang='lat' dir='ltr'><strong>ille</strong></span> <span class='ocrx_word' id='word_1_797' title='bbox 1855 5742 1948 5810; x_wconf 89' lang='lat' dir='ltr'><strong>qui</strong></span> <span class='ocrx_word' id='word_1_798' title='bbox 1987 5752 2108 5795; x_wconf 90' lang='lat' dir='ltr'><strong>erat</strong></span> 
     </span>
    </p>
   </div>
   <div class='ocr_carea' id='block_1_115' title="bbox 536 5809 2107 5881">
    <p class='ocr_par' dir='ltr' id='par_1_115' title="bbox 536 5809 2107 5881">
     <span class='ocr_line' id='line_1_117' title="bbox 536 5809 2107 5881; baseline -0.001 -14"><span class='ocrx_word' id='word_1_799' title='bbox 536 5814 721 5881; x_wconf 87' lang='lat' dir='ltr'><strong>homo,</strong></span> <span class='ocrx_word' id='word_1_800' title='bbox 768 5826 930 5869; x_wconf 90' lang='lat' dir='ltr'><strong>natus</strong></span> <span class='ocrx_word' id='word_1_801' title='bbox 967 5816 1055 5871; x_wconf 85' lang='lat' dir='ltr'><strong>sit.</strong></span> <span class='ocrx_word' id='word_1_802' title='bbox 1090 5834 1108 5865; x_wconf 70' lang='grc' dir='ltr'>ι</span> <span class='ocrx_word' id='word_1_803' title='bbox 1153 5809 1404 5870; x_wconf 81' lang='lat' dir='ltr'><strong>Vincent.</strong></span> <span class='ocrx_word' id='word_1_804' title='bbox 1456 5811 1727 5867; x_wconf 87' lang='lat' dir='ltr'><strong>Lirinens.</strong></span> <span class='ocrx_word' id='word_1_805' title='bbox 1766 5809 2107 5878; x_wconf 77' lang='lat' dir='ltr'><strong>Commonit.,</strong></span> 
     </span>
    </p>
   </div>
   <div class='ocr_carea' id='block_1_116' title="bbox 2278 5458 3753 5532">
    <p class='ocr_par' dir='ltr' id='par_1_116' title="bbox 2278 5458 3753 5532">
     <span class='ocr_line' id='line_1_118' title="bbox 2278 5458 3753 5532; baseline -0.018 0"><span class='ocrx_word' id='word_1_806' title='bbox 2278 5463 2349 5532; x_wconf 77' lang='grc' dir='ltr'><strong>(ε)</strong></span> <span class='ocrx_word' id='word_1_807' title='bbox 2402 5464 2541 5517; x_wconf 77' lang='grc' dir='ltr'><strong>Ἀνὰ</strong></span> <span class='ocrx_word' id='word_1_808' title='bbox 2569 5463 2685 5529; x_wconf 79' lang='grc' dir='ltr'><strong>τὴν</strong></span> <span class='ocrx_word' id='word_1_809' title='bbox 2710 5464 3096 5532; x_wconf 74' lang='grc' dir='ltr'>καλουμένην</span> <span class='ocrx_word' id='word_1_810' title='bbox 3121 5464 3340 5517; x_wconf 76' lang='grc' dir='ltr'>Ὄασιν</span> <span class='ocrx_word' id='word_1_811' title='bbox 3367 5458 3753 5532; x_wconf 72' lang='grc' dir='ltr'>φυγαδεύεται.</span> 
     </span>
    </p>
   </div>
   <div class='ocr_carea' id='block_1_117' title="bbox 2208 5532 3755 5604">
    <p class='ocr_par' dir='ltr' id='par_1_117' title="bbox 2208 5532 3755 5604">
     <span class='ocr_line' id='line_1_119' title="bbox 2208 5532 3755 5604; baseline -0.003 -18"><span class='ocrx_word' id='word_1_812' title='bbox 2208 5532 2496 5588; x_wconf 88' lang='lat' dir='ltr'><strong>Nestorius</strong></span> <span class='ocrx_word' id='word_1_813' title='bbox 2528 5549 2597 5589; x_wconf 82' lang='lat' dir='ltr'><strong>ex</strong></span> <span class='ocrx_word' id='word_1_814' title='bbox 2638 5534 2821 5589; x_wconf 92' lang='lat' dir='ltr'><strong>edicto</strong></span> <span class='ocrx_word' id='word_1_815' title='bbox 2870 5533 3219 5604; x_wconf 89' lang='lat' dir='ltr'><strong>imperatoris</strong></span> <span class='ocrx_word' id='word_1_816' title='bbox 3267 5535 3458 5589; x_wconf 81' lang='lat' dir='ltr'><strong>Petras</strong></span> <span class='ocrx_word' id='word_1_817' title='bbox 3511 5532 3755 5597; x_wconf 81' lang='lat' dir='ltr'><strong>relegatus</strong></span> 
     </span>
    </p>
   </div>
   <div class='ocr_carea' id='block_1_118' title="bbox 2209 5604 3752 5673">
    <p class='ocr_par' dir='ltr' id='par_1_118' title="bbox 2209 5604 3752 5673">
     <span class='ocr_line' id='line_1_120' title="bbox 2209 5604 3752 5673; baseline -0.008 -17"><span class='ocrx_word' id='word_1_818' title='bbox 2209 5610 2314 5665; x_wconf 91' lang='lat' dir='ltr'><strong>est,</strong></span> <span class='ocrx_word' id='word_1_819' title='bbox 2338 5612 2399 5657; x_wconf 92' lang='lat' dir='ltr'><strong>ut</strong></span> <span class='ocrx_word' id='word_1_820' title='bbox 2418 5604 2606 5659; x_wconf 89' lang='lat' dir='ltr'><strong>videre</strong></span> <span class='ocrx_word' id='word_1_821' title='bbox 2621 5616 2707 5659; x_wconf 89' lang='lat' dir='ltr'><strong>est</strong></span> <span class='ocrx_word' id='word_1_822' title='bbox 2731 5605 2785 5658; x_wconf 91' lang='lat' dir='ltr'><strong>in</strong></span> <span class='ocrx_word' id='word_1_823' title='bbox 2810 5605 2961 5658; x_wconf 90' lang='lat' dir='ltr'><strong>Actis</strong></span> <span class='ocrx_word' id='word_1_824' title='bbox 2980 5604 3199 5659; x_wconf 83' lang='lat' dir='ltr'><strong>concilii</strong></span> <span class='ocrx_word' id='word_1_825' title='bbox 3222 5604 3502 5673; x_wconf 83' lang='lat' dir='ltr'><strong>Ephesini,</strong></span> <span class='ocrx_word' id='word_1_826' title='bbox 3528 5608 3752 5673; x_wconf 30' lang='grc' dir='ltr'><strong>ιιιι-ινζιιι3</strong></span> 
     </span>
    </p>
   </div>
   <div class='ocr_carea' id='block_1_119' title="bbox 2214 5667 3753 5743">
    <p class='ocr_par' dir='ltr' id='par_1_119' title="bbox 2214 5667 3753 5743">
     <span class='ocr_line' id='line_1_121' title="bbox 2214 5667 3753 5743; baseline -0.003 -18"><span class='ocrx_word' id='word_1_827' title='bbox 2214 5674 2408 5743; x_wconf 84' lang='lat' dir='ltr'><strong>Postea</strong></span> <span class='ocrx_word' id='word_1_828' title='bbox 2432 5689 2585 5737; x_wconf 88' lang='lat' dir='ltr'><strong>vero,</strong></span> <span class='ocrx_word' id='word_1_829' title='bbox 2618 5675 2933 5739; x_wconf 85' lang='lat' dir='ltr'><strong>utvidetur,</strong></span> <span class='ocrx_word' id='word_1_830' title='bbox 2958 5673 3123 5733; x_wconf 83' lang='lat' dir='ltr'><strong>Oastn</strong></span> <span class='ocrx_word' id='word_1_831' title='bbox 3144 5667 3481 5743; x_wconf 78' lang='lat' dir='ltr'><strong>deportatus.</strong></span> <span class='ocrx_word' id='word_1_832' title='bbox 3510 5667 3621 5725; x_wconf 63' lang='lat' dir='ltr'><strong>Vid.</strong></span> <span class='ocrx_word' id='word_1_833' title='bbox 3643 5667 3753 5730; x_wconf 75' lang='lat' dir='ltr'><strong>Pagi</strong></span> 
     </span>
    </p>
   </div>
   <div class='ocr_carea' id='block_1_120' title="bbox 2214 5742 3749 5816">
    <p class='ocr_par' dir='ltr' id='par_1_120' title="bbox 2214 5742 3749 5816">
     <span class='ocr_line' id='line_1_122' title="bbox 2214 5742 3749 5816; baseline 0 -20"><span class='ocrx_word' id='word_1_834' title='bbox 2214 5742 2616 5816; x_wconf 31' lang='lat' dir='ltr'><strong>ad‘_an_n._590,</strong></span> <span class='ocrx_word' id='word_1_835' title='bbox 2650 5746 2807 5816; x_wconf 24' lang='lat' dir='ltr'><strong>n34,</strong></span> <span class='ocrx_word' id='word_1_836' title='bbox 2857 5753 2965 5816; x_wconf 88' lang='lat' dir='ltr'><strong>etc.</strong></span> <span class='ocrx_word' id='word_1_837' title='bbox 3006 5742 3350 5816; x_wconf 29' lang='lat' dir='ltr'><strong>WLLOvvrn.</strong></span> <span class='ocrx_word' id='word_1_838' title='bbox 3588 5809 3621 5816; x_wconf 84' lang='lat'><strong><em>_</em></strong></span> <span class='ocrx_word' id='word_1_839' title='bbox 3657 5806 3669 5816; x_wconf 45' lang='lat'><strong><em>.</em></strong></span> <span class='ocrx_word' id='word_1_840' title='bbox 3743 5806 3749 5816; x_wconf 18' lang='grc' dir='ltr'><em>Δ</em></span> 
     </span>
    </p>
   </div>
   <div class='ocr_carea' id='block_1_121' title="bbox 2285 5809 3754 5870">
    <p class='ocr_par' dir='ltr' id='par_1_121' title="bbox 2285 5809 3754 5870">
     <span class='ocr_line' id='line_1_123' title="bbox 2285 5809 3754 5870; baseline -0.008 -5"><span class='ocrx_word' id='word_1_841' title='bbox 2285 5810 2432 5867; x_wconf 82' lang='lat' dir='ltr'><strong>Guil.</strong></span> <span class='ocrx_word' id='word_1_842' title='bbox 2461 5811 2673 5869; x_wconf 86' lang='lat' dir='ltr'><strong>Caveus</strong></span> <span class='ocrx_word' id='word_1_843' title='bbox 2709 5815 2949 5870; x_wconf 88' lang='lat' dir='ltr'><strong>Ncstorii</strong></span> <span class='ocrx_word' id='word_1_844' title='bbox 2981 5814 3170 5869; x_wconf 86' lang='lat' dir='ltr'><strong>exsilia</strong></span> <span class='ocrx_word' id='word_1_845' title='bbox 3208 5814 3289 5868; x_wconf 90' lang='lat' dir='ltr'><strong>sic</strong></span> <span class='ocrx_word' id='word_1_846' title='bbox 3326 5818 3561 5869; x_wconf 77' lang='lat' dir='ltr'><strong>enarrat.</strong></span> <span class='ocrx_word' id='word_1_847' title='bbox 3588 5809 3754 5863; x_wconf 82' lang='lat' dir='ltr'><strong>Primo</strong></span> 
     </span>
    </p>
   </div>
  </div>
