4028 6492
221 407 355 474 2137
1120 387 1505 451 ῘΠΞἸῸῘΠἉΕ
1546 384 1810 445 ECCLES

1913 382 2141 443 ΞΤΙοᾹέ
2180 381 2413 441 LIBER
2451 381 2503 440 Ι.
3322 379 3465 440 2433

227 526 430 594 καίριον
460 513 833 587 ἀπεκρύψατο.
879 510 1013 565 Οὐδὲ
1064 510 1173 579 γὰρ
1216 508 1398 560 ἐνθαδὶ
1444 505 1519 557 ὢν
1548 504 1661 575 (23)
1689 504 1788 573 τῆς

1913 502 2057 555 :tiam
2108 500 2253 555 idem
2317 496 2625 559 Nestorius,
2662 496 3033 566 quadriennio
3062 510 3121 551 se
3176 495 3288 551 illic
3317 512 3467 551 com-

225 586 418 673 οἰκείας
449 586 795 677 βλασφημίας
829 602 1108 671 ἠρέμησεν
1132 617 1143 628 ο
1176 597 1252 660 ὡς
1280 596 1373 649 καὶ⁸
1416 595 1667 665 Ἰωάννην
1693 596 1785 647 τὸν

1913 586 2181 657 noratum,
2224 589 2375 644 omni
2442 588 2655 643 honore
2724 602 2789 642 ac
2846 586 3155 641 reverentia
3205 586 3465 642 allectum

225 706 316 775 τῆς
356 700 625 767 Ἀντιόχου
668 694 933 766 πρόεδρον
967 690 1139 743 ταῦτα
1201 687 1465 759 μηνῦσαι,
1526 684 1789 755 ἀειφυγίᾳ

1914 687 2056 741 uisse
2089 704 2102 740 :
2139 694 2328 755 postea
2359 692 2542 738 autem
2573 681 2757 737 edicto
2790 681 3142 750 imperatoris
3169 680 3470 736 Theodosii

224 815 277 849 τε
330 794 422 846 τὸν
462 782 1292 858 Νεστόριον·καταδικασθῆναι.
1347 780 1554 849 Γράφει
1606 776 1659 829 δὲ
1692 776 1790 828 καὶ

224 881 566 943 διαλεκτικῶς
596 878 709 948 (iri)
763 877 951 947 ἕτερον
981 876 1140 941 λόγον
1181 873 1317 941 πρός
1346 889 1469 924 τινα
1498 869 1659 939 δῆθεν
1692 868 1789 920 Δία

226 978 447 1046 γύπτιον
478 969 836 1038 συγκείμενον
873 964 1131 1036 περὶτῆς
1158 963 1323 1016 αὑτοῦ
1360 964 1418 1025 ἐς
1466 962 1661 1014 Ὄασιν
1692 958 1791 1046 ἐξ·-

225 1042 391 1136 ορίας,
435 1061 564 1114 ἔνθα
604 1058 675 1112 τὰ
706 1057 833 1127 περὶ
874 1056 1081 1109 τούτων
1116 1052 1452 1123 πλατύτερον
1479 1050 1647 1115 λέγει.
1690 1042 1791 1101 Ὧν

304 1154 571 1223 τετύχηκε
601 1151 689 1204 διά
716 1150 813 1211 τὰς
852 1146 982 1216 παρ’
1012 1144 1178 1199 αὐτοῦ
1218 1143 1517 1213 κυηθείσας
1552 1141 1794 1211 βλασφη-

229 1249 344 1320 μίας
372 1246 461 1300 τὸν
500 1244 782 1313 πανόπτην
832 1242 906 1311 μὴ
939 1238 1112 1291 λαθὼν
1149 1236 1450 1305 ὀφθαλμὸν,
1495 1234 1555 1298 ἐξ
1591 1234 1795 1304 ἑτέρων

226 1339 560 1411 γραμμάτων
606 1335 751 1387 ἔστιν
798 1332 959 1393 ἑλεῖν,
992 1329 1299 1399 γενομένων
1328 1326 1479 1397 αὐτῷ
1514 1325 1653 1395 πρὸς
1701 1322 1793 1375 τὸν

225 1433 317 1501 τῆς
352 1427 604 1498 Θηϐαίων
640 1423 960 1495 ἡγούμενον.
1020 1423 1108 1473 Ἐν
1136 1419 1364 1480 ἐκείνοις
1398 1417 1507 1487 γὰρ
1536 1417 1682 1501 ἐστιν
1709 1415 1799 1467 εὐ-

231 1499 355 1595 ρεῖν,
397 1520 474 1582 ὡς
511 1518 702 1587 ἐπειδὴ
756 1514 830 1585 μὴ
871 1515 969 1583 τῆς
1030 1512 1255 1578 δεούσης
1292 1509 1478 1579 ἔτυχεν
1509 1499 1797 1573 ἐπεξελεύο

228 1629 358 1675 σεως
387 1612 526 1681 (25),
561 1612 594 1679 ἡ
622 1607 717 1661 τοῦ
746 1606 882 1660 Θεοῦ
914 1604 1095 1675 κρίσις
1136 1602 1301 1655 αὐτὸν
1332 1600 1689 1670 ἐκδεξαμένη,
1712 1600 1798 1651 αἰ-

228 1701 505 1775 χμαλωσίᾳ
543 1700 677 1771 (9.6),
728 1701 794 1767 τῇ
843 1697 1060 1750 πάντων
1124 1693 1469 1762 ἒλεεινοτάτῃ
1519 1691 1795 1760 συμφορᾷ,

230 1793 563 1860 περιϐάλλει.
607 1788 826 1858 Ἐπειδὴ
866 1786 999 1856 γοῦν
1045 1784 1311 1855 μειζόνων
1354 1782 1523 1835 ἐδεῖτο
1575 1781 1797 1844 ποινῶν,

1892 778 1947 833 ἰιι
1989 779 2172 833 locum
2222 777 2317 846 qui
2353 774 2513 830 Oasis
2558 774 2785 837 dicitur,
2824 769 2959 827 esse
2995 773 3321 842 relegatum.
3361 772 3471 827 Sed

1893 868 2042 939 quod
2084 866 2424 937 przecipuum
2466 873 2573 930 est,
2638 863 2885 917 reticuit.
2921 861 3037 916 Illic
3086 862 3235 916 enim
3266 862 3472 932 degens

1892 959 2205 1023 Nestorius,
2258 974 2288 1011 a
2320 956 2665 1025 blasphemia
2711 970 2808 1008 sua
2861 968 3207 1022 nequaquam
3236 953 3470 1008 destitit.

1894 1054 2047 1109 Adeo
2082 1061 2143 1107 ut
2178 1051 2417 1107 Joannes
2451 1048 2749 1118 episcopus
2786 1046 3096 1101 Antiochiae
3128 1042 3247 1101 htec
3273 1046 3341 1100 ad
3373 1046 3475 1100 im-

1895 1157 2206 1217 peratorem
2240 1142 2516 1203 retulerit,
2550 1151 2606 1194 et
2630 1140 2922 1194 Ncstorius
2957 1148 3231 1208 perpetuo
3272 1138 3477 1211 exsilio

1898 1238 2065 1293 fuerit.
2092 1236 2517 1291 condemnatus.
2552 1231 2787 1301 Scripsit
2819 1232 2985 1285 etiam
3043 1230 3214 1284 alium
3266 1230 3474 1285 librum

1898 1331 1965 1385 ad
1996 1327 2289 1399 quemdam
2342 1324 2677 1395 (Egyplium,
2732 1322 2908 1377 instar
2961 1322 3354 1392 disputationis
3407 1322 3476 1375 de

1899 1439 1998 1479 sua
2050 1422 2103 1476 in
2151 1418 2338 1474 Oasim
2372 1417 2759 1485 relegatione:
2800 1416 2852 1469 in
2904 1430 3014 1484 quo
3071 1415 3140 1469 de
3176 1415 3264 1468 his
3314 1414 3479 1468 rebus

1901 1515 2134 1570 uberius
2172 1513 2415 1567 disserit.
2447 1510 2593 1575 Quas
2632 1523 2765 1561 vero
2799 1523 2991 1576 pmnas
3018 1505 3232 1560 dederit
3267 1507 3336 1559 ob
3364 1506 3481 1558 bla-

1901 1604 2178 1675 sphemias
2207 1602 2276 1656 ab
2308 1601 2429 1670 ipso
2457 1598 2655 1661 editas,
2694 1596 2824 1651 dum
2860 1596 2953 1649 Dei
3012 1596 3251 1649 oculum‘
3289 1595 3477 1648 omnia

1905 1698 2211 1752 intuentem
2244 1695 2419 1749 latere
2448 1708 2559 1746 non
2598 1698 2806 1761 posset.
2833 1705 2899 1744 ex
2934 1688 3100 1758 258
3131 1688 3253 1743 aliis
3280 1689 3482 1742 litteris

1902 1788 2139 1859 perspici
2159 1794 2359 1856 potest,
2380 1800 2517 1854 quas
2532 1783 2598 1837 ad
2618 1781 2905 1852 praesidem
2925 1780 3223 1835 Thebaidis
3240 1780 3477 1850 scripsit.

228 1888 415 1958 ἀφείθη
461 1886 559 1957 μὲν
604 1886 668 1937 ἐκ
712 1882 819 1935 τῶν
870 1878 1281 1950 Βλεμμύωνυ),
1328 1876 1458 1947 παρ’
1485 1870 1561 1928 ὧν
1605 1875 1699 1927 καὶ
1720 1873 1803 1927 δο-

1913 1882 1968 1935 In
2004 1880 2116 1935 illis
2174 1880 2321 1934 enim
2368 1893 2597 1932 cernere
2646 1877 2795 1942 licet,
2834 1890 2943 1944 quo
2996 1883 3178 1945 pacto,
3223 1874 3483 1944 quoniam

232 1981 501 2050 ρυάλωτος
546 1977 704 2045 ἔτυχε
746 1972 1005 2042 γεγονώς.
1041 1971 1389 2038 Θεσπίσμασι
1426 1968 1483 2020 δὲ
1513 1967 1797 2020 Θεοδοσίου

229 2073 319 2140 τὴν
349 2068 612 2124 ἐπάνοδον
642 2065 963 2133 ἐγνωκότος,
991 2062 1190 2123 τόπους
1222 2062 1286 2113 ὲκ
1314 2060 1495 2112 τόπων
1526 2059 1664 2126 πρδς
1682 2060 1803 2119 ταῖς

228 2162 507 2232 ἐσχατιαῖς
544 2159 643 2227 τῆς
672 2154 925 2227 Θηϐαίων
978 2151 1245 2222 ἀμείϐων,
1273 2153 1337 2221 τῇ
1370 2167 1429 2203 τε
1455 2152 1524 2220 γῇ
1555 2166 1803 2220 προσρη-

230 2253 517 2322 γνύμενος,
568 2248 737 2314 ἀξίως
779 2246 883 2314 τῆς
934 2244 1143 2306 οίκείας
1178 2242 1361 2312 βιοτῆς
1413 2242 1505 2293 τὸν
1534 2241 1659 2311 τῇδε
1693 2239 1806 2310 βίον

230 2343 486 2398 ἀπέθετο·
509 2339 762 2409 δεύτερος
786 2337 1006 2406 Ἀρειος
1035 2334 1122 2387 διὰ
1156 2333 1258 2402 τῆς
1296 2332 1683 2401 καταστροφῆς
1722 2332 1799 2384 δι-

229 2432 528 2505 ηγούμενός
574 2447 636 2483 τε
679 2430 773 2483 καὶ
810 2427 1119 2497 νομοθετῶν
1162 2427 1292 2479 ποτα
1336 2424 1630 2494 τάπίχειρα
1677 2423 1809 2476 καθ-

232 2521 414 2573 ιστᾶσι
474 2520 571 2587 τῆς
624 2516 705 2579 είς
752 2514 987 2585 Χριστὸν
1032 2512 1398 2582 βλασφημίας.
1453 2513 1656 2582 Ἀμφω
1699 2512 1809 2582 γὰρ

234 2609 626 2681 παραπλησίως
686 2609 744 2670 ἐς
791 2607 954 2659 αὐτὸν
1005 2604 1539 2674 ὲϐλασφημήσαντο,
1598 2604 1628 2655 ὁ
1687 2603 1806 2673 μὲν,

235 2705 434 2773 κτίσμα
482 2699 661 2754 καλῶν
688 2716 701 2730 ·
732 2701 761 2753 ὀ
800 2698 879 2764 δὲ,
928 2696 1215 2767 ἄνθρωπον
1257 2694 1517 2762 δοξάζων.
1570 2695 1713 2765 Πρὸς
1752 2696 1810 2749 ὃν

232 2795 415 2866 ἥδιστα
456 2792 524 2846 ἂν
567 2790 801 2860 εἴποιμι,
845 2790 1196 2858 μεμφόμενον
1245 2787 1319 2856 μὴ
1349 2785 1493 2839 κατὰ
1516 2787 1578 2838 τὸ
1602 2785 1722 2838 δέον
1743 2785 1811 2839 τά

234 2890 291 2941 ἐν
327 2885 543 2955 Ἐφέσῳ
586 2881 908 2951 συντεθῆναι
958 2879 1356 2949 ὑπομνήματα,
1400 2876 1709 2948 πανουργίᾳ
1755 2876 1811 2930 δὲ

235 2981 323 3032 καί
348 2995 463 3030 τινι
481 2970 727 3045 ’ἀθέσμῳ
777 2972 1095 3042 καινοτομίᾳ
1120 2969 1387 3041 Κυρίλλου
1417 2970 1775 3041 τεχνάζοντος
1793 2985 1808 2999 ⁸

234 3070 284 3123 τί
316 3069 379 3139 δή
427 3084 564 3121 ποτε
601 3066 699 3118 καὶ
737 3063 886 3135 παρὰ
929 3061 1212 3115 Θεοδοσίου
1252 3060 1702 3131 προσπάσχοντός
1741 3061 1810 3125 οί,

236 3158 495 3229 ἐξηλάθη,
545 3157 641 3209 καὶ
678 3153 934 3223 οὐδεμιᾶς
982 3150 1197 3220 φειδοῦς
1236 3149 1572 3221 τετυχηκὼς,
1625 3150 1814 3203 τοσού-

235 3227 343 3310 τοις
374 3243 830 3315 ὲξοστρακισμοῖς
874 3238 1197 3309 κατεκρίθη,
1248 3240 1343 3292 ml.
1385 3238 1528 3293 οὕτω
1566 3240 1658 3293 τὸν
1685 3240 1811 3311 τῇδε
1839 3227 1881 3284 C

238 3340 500 3393 κατέλυσε
532 3336 643 3407 βίον
665 3351 678 3364 °
712 3334 746 3405 ἢ
775 3334 827 3386 τί
866 3332 930 3397 δή
962 3348 1115 3394 ποτε,
1143 3332 1193 3384 εί
1226 3316 1301 3403 μὴ
1326 3330 1448 3385 θεία
1491 3331 1673 3403 κρίσις
1697 3333 1814 3400 ἐγε-

236 3432 400 3499 γόνει,
433 3431 483 3499 ἡ
512 3427 601 3482 διὰ
642 3425 913 3497 Κυρίλλου
946 3424 1040 3476 καὶ
1080 3423 1189 3475 τῶν
1222 3423 1360 3493 ἀμφ’
1398 3424 1563 3476 αὐτὸν
1596 3426 1809 3495 ἱερέων,

235 3520 563 3591 ἀμφοτέρων
592 3516 771 3571 αὐτῶν
804 3517 915 3578 τοῖς
953 3513 1246 3567 ἀπελθοῦσι
1278 3514 1812 3585 συναριθμηθέντων,

237 3612 394 3683 ἡνίκα
420 3612 504 3675 ὥς
548 3626 659 3663 τινι
707 3606 815 3662 τῶν
853 3602 1089 3679 θύραθεν
1139 3605 1322 3675 σοφῶν
1365 3607 1601 3677 εἴρηται,
1636 3605 1697 3659 τὸ
1738 3607 1814 3679 μὴ

1907 1985 2177 2040 congruas
2205 1970 2387 2023 adhuc
2413 1982 2605 2038 pinnas
2639 1983 2749 2020 non
2800 1966 3047 2032 dederat,
3100 1966 3286 2021 divina
3346 1967 3485 2020 ultio

1906 2062 2058 2116 illum
2084 2059 2562 2128 comprehendens
2588 2059 2893 2126 captivitati
2915 2058 3172 2125 subjecit,
3196 2074 3320 2128 qua:
3340 2058 3486 2112 cala-

1908 2153 2069 2206 mitas
2121 2158 2207 2205 est
2240 2150 2486 2203 omnium
2523 2149 2954 2204 luctuosissima.
2987 2148 3093 2202 Sed
3127 2150 3480 2219 quandoqui-

1907 2244 2030 2298 dem
2068 2242 2419 2313 gravioribus
2461 2256 2588 2293 euln
2642 2241 2932 2310 suppliciis
2983 2241 3122 2295 allici
3168 2242 3485 2311 oportebat,

1907 2334 2169 2388 dimissus
2197 2340 2284 2386 est
2309 2331 2534 2400 quidem
2564 2346 2593 2383 a
2622 2330 2942 2401 Blemmyis,
2988 2333 3133 2401 apud
3165 2348 3306 2402 quos
3352 2348 3486 2401 cap-

1909 2424 2056 2478 tivus
2086 2423 2286 2477 fuerat.
2321 2423 2524 2477 Verum
2567 2420 2752 2475 edicto
2808 2422 3105 2478 Theodosii
3154 2425 3249 2494 qui
3304 2425 3487 2480 redire

1911 2520 2063 2573 illum
2093 2518 2438 2578 decreverat,
2476 2516 2595 2570 loca
2624 2515 2864 2569 subinde
2902 2527 3123 2571 mutans
3158 2518 3302 2571 circa
3350 2519 3488 2573 ﬂues

1910 2608 2232 2672 Thebaidis,
2262 2616 2319 2662 et
2355 2608 2422 2661 ad
2459 2618 2662 2662 terram
2708 2608 2921 2672 allisus,
2975 2610 3198 2680 dignum
3234 2620 3485 2665 anteacta

1910 2703 2021 2756 vita
2059 2701 2266 2755 exitum
2294 2701 2525 2755 sortitus
2561 2708 2647 2753 est
2676 2716 2690 2753 :
2724 2701 2880 2753 velut
2904 2701 3042 2754 alter
3072 2702 3262 2765 Arius,
3309 2713 3487 2757 morte

1911 2808 2011 2847 sua
2046 2791 2357 2861 prazdicans
2395 2805 2460 2845 ac
2503 2789 2861 2854 denuntians,
2915 2791 3220 2859 cuiusmodi
3276 2807 3492 2847 merces

1916 2892 2139 2938 maneat
2192 2883 2317 2937 illos
2366 2881 2460 2950 qui
2511 2880 2780 2935 adversus
2831 2880 3110 2936 Christum
3186 2882 3354 2952 impie
3413 2883 3494 2936 lo-

1913 2984 2178 3042 quuntur.
2204 2972 2450 3040 Uterque
2471 2971 2620 3026 enim
2643 2971 2862 3026 illorum
2914 2972 3174 3027 similiter
3204 2972 3491 3029 Christum

1915 3062 2315 3133 blasphemavit
2338 3078 2352 3115 :
2376 3061 2468 3115 ille
2492 3071 2803 3116 creaturam
2831 3078 2960 3117 eum
2989 3077 3194 3118 vocans
3222 3080 3236 3116 :
3269 3063 3361 3117 hic
3383 3079 3492 3117 nu-

1914 3152 2044 3206 dum
2076 3151 2359 3205 hominem
2391 3165 2515 3205 esse
2544 3165 2801 3205 censeas.
2822 3153 2901 3205 Ac
2922 3150 3236 3205 Nestorium
3265 3151 3492 3221 quidem

1914 3244 2010 3313 qui
2056 3253 2177 3297 acta
2232 3241 2435 3310 Ephesi
2483 3257 2594 3295 non
2642 3251 2792 3297 recte
2849 3256 2973 3297 esse
3022 3242 3347 3312 composita,
3396 3242 3493 3298 sed

1915 3335 2106 3389 fraude
2138 3342 2207 3403 et
2254 3334 2446 3388 illicita
2494 3332 2686 3405 Cyrilli
2748 3334 3158 3389 machinatione
3226 3334 3495 3389 fabricata

1916 3428 2297 3497 conqueritur,
2329 3426 2569 3480 libenter
2610 3427 3023 3498 iuterrogarim,
3063 3444 3169 3497 qua
3203 3427 3272 3482 de
3304 3443 3493 3491 causa,

1915 3534 2041 3574 cum
2090 3515 2440 3570 Theodosius
2500 3515 2602 3586 ipsi
2663 3516 2896 3583 faveret,
2957 3519 3234 3588 relegatus
3281 3517 3375 3575 sit.
3435 3524 3494 3570 et

1918 3611 2054 3664 citra
2090 3609 2255 3663 ullam
2296 3606 2738 3663 misericordiam
2795 3618 2877 3663 tot
2918 3609 3129 3663 exsiliis
3158 3608 3497 3665 condemna-

1418 3717 1693 3774 \'Al.ESli
1735 3721 2290 3779 ANNOTATIONES.

308 3819 416 3891 (εὖ)
507 3814 749 3891 Ἐῗθρδὶ
777 3812 997 3891 dmum
1025 3809 1342 3891 supradicto
1373 3810 1586 3865 scilicet
1622 3829 1815 3869 mona-

237 3882 409 3946 sterio"
451 3887 600 3957 quod
650 3883 910 3957 Euprepii
946 3882 1252 3957 dicebatur.

306 3958 416 4030 (24)
462 3948 687 4030 Ϋράερει
809 3948 908 4030 agat
937 3950 1346 4030 διαλεκτικῶς-ε
1369 3948 1704 4030 Νοιιηριλοιιο
1736 3952 1820 4006 in-

239 4022 690 4098 ter'pretationem
712 4022 1197 4098 Christgphorsoni
1222 4022 1551 4098 et‘biusculi.
1571 4022 1815 4087 Quorum

239 4088 338 4154 hic.
372 4098 600 4168 quidem
629 4094 815 4168 _vert_it
834 4110 873 4168 ἐ
895 4088 1115 4168 scripsit
1148 4099 1198 4143 et
1242 4090 1409 4168 alium
1456 4088 1819 4168 librumumorc

237 4160 532 4229 dialectico,
560 4165 697 4220 velut
716 4165 783 4215 ad
804 4163 1109 4232 zEgyptium
1136 4162 1415 4232 quemdam
1434 4160 1498 4232 de
1527 4163 1709 4215 exsilio
1725 4179 1818 4232 suo

238 4240 601 4308 compositum.
636 4230 1174 4308 Christopliorsonns
1221 4246 1353 4308 vero
1389 4231 1463 4308 ita
1490 4230 1819 4308 interpreta-

240 4298 363 4372 tur,'
386 4307 608 4376 Scripsit
634 4298 1177 4376 prmteredNes-torius
1210 4300 1373 4353 alium
1407 4298 1821 4376 libellum—acute

239 4389 287 4432 et
321 4370 607 4442 subtiliter,
634 4370 762 4427 'etc.
812 4372 951 4438 Quid
1006 4371 1184 4442 enim_
1215 4385 1353 4442 opus
1386 4370 1506 4442 iuit
1566 4374 1822 4426 acumine

238 4460 293 4501 et
320 4440 630 4503 subtilitate
679 4443 967 4497 dialectica
1024 4441 1078 4509 in
1130 4440 1341 4502 libello,
1383 4440 1439 4492 in
1478 4457 1587 4509 quo
1628 4443 1823 4495 Nesto-

240 4520 355 4573 rius
401 4516 601 4588 agebat
654 4514 721 4588 de
752 4528 871 4588 ‘sua
902 4513 980 4588 in‘_
1014 4508 1194 4564 Oasi‘n
1232 4508 1601 4588 relegatione?
1634 4511 1823 4588 Itaque

241 4590 411 4659 magis
439 4579 639 4657 Vplacet
663 4581 1020 4642 διαλεκτικῶς
1067 4579 1429 4649 συγκείμενον
1469 4579 1823 4650 interpretari

1918 3815 2119 3869 librum
2155 3814 2210 3866 in
2262 3812 2506 3884 modum
2532 3813 2731 3884 dialogi
2778 3813 3162 3883 compositum.
3206 3813 3496 3884 Atqueita

1918 3884 2285 3967 Nicephorus‘
2311 3883 2439 3967 h‘mc‘
2474 3883 2699 3967 Evagrii
2745 3885 2912 3967 verba
2952 3884 3225 3967 exp-Posuit.
3263 3884 3366 3938 Pro
3390 3883 3498 3967 illis

1916 3952 2069 4009 enini
2109 3952 2292 4022 posuit
2333 3952 2804 4024 διαλογικώτερον.
2842 3953 2997 4019 Quod
3024 3952 3260 4024 Langus
3308 3955 3494 4018 vertit,

1917 4025 2212 4106 disertius":
2249 4023 2405 4106 quasi
2455 4023 2796 4106 'Nicephorus
2827 4023 3423 4106 ιᾶίέξεερι·λογιιιῖιτεροντ

1990 4094 2102 4164 (25)
2154 4092 2649 4164 ’Υπξξελεύσεωζκ
2688 4094 2843 4163 Apud
2877 4094 3247 4164 Nicephorum
3303 4092 3357 4148 in
3395 4092 3494 4147 lib.

1918 4163 2027 4230 xw,
2082 4179 2202 4229 cap.
2254 4163 2341 4223 3G,
2388 4164 2593 4217 rectius
2623 4164 2823 4233 legitur
2860 4163 3278 4229 ἐπεξελεύσεως,
3315 4167 3497 4233 Atque

1920 4234 1995 4288 ita
2030 4236 2081 4288 in
2120 4233 2425 4286 Tcllcriauo
2476 4233 2663 4286 codice
2712 4235 2976 4289 scriptum
3008 4233 3212 4288 inveni.

1994 4304 2105 4373 (26)
2146 4302 2613 4373 Αὶχιιςιλώσασα.
2646 4303 2800 4373 llunc
2824 4301 3003 4358 locum
3026 4302 3238 4359 correxi
3265 4318 3331 4357 ex
3353 4301 3496 4371 opti-

1920 4371 2010 4428 mo
2058 4372 2246 4445 codice
2280 4371 2614 4445 Florentino,
2663 4372 2715 4426 in
2770 4388 2880 4443 quo
2954 4374 3028 4428 ita
3078 4374 3298 4445 legitur,
3334 4375 3496 4441 αίχμ-

1921 4445 2131 4515 αλωσῖᾳ
2162 4441 2480 4515 τῇΑπάντων
2510 4441 2849 4515 ἐλεεινοτάτῃ
2879 4441 3156 4515 συμφορᾷ,
3175 4458 3281 4513 qua
3309 4458 3497 4515 emenf

1923 4510 2145 4585 dation'e
2197 4510 2333 4563 nihil
2384 4513 2612 4567 certius.
2668 4514 2748 4568 lta
2814 4510 3293 4585 quoque'l'egi'tur
3347 4510 3493 4581 apud

1924 4583 2321 4652 Nicephorum.

1656 4696 2046 4753 VARIORUM.

244 4792 457 4851 Petras,
481 4786 696 4841 Arabiae
731 4785 946 4861 urbem,
981 4784 1209 4861 relegari
1236 4800 1361 4856 eum
1388 4785 1551 4861 jussit
1582 4786 1819 4855 impera-
1844 4790 1897 4849 D
1924 4805 2070 4861 anno
2106 4792 2229 4846 4'56.
2270 4792 2471 4847 Verum
2520 4789 2574 4844 in
2625 4789 2749 4844 Oasi
2775 4789 2999 4861 rvixisse
3038 4804 3184 4844 anno
3216 4789 3340 4855 459,
3385 4806 3497 4861 quo

242 4872 369 4914 tor:
402 4874 593 4911 verum
628 4857 889 4925 precibus
922 4855 1098 4923 ipsius
1150 4865 1315 4923 atque
1352 4856 1657 4910 amicorum
1692 4873 1816 4911 mox

241 4936 519 4990 exoratus,
552 4922 796 4996 mitigata
828 4922 1122 4996 sententia,
1151 4922 1496 4996 permisitut
1530 4928 1595 4981 ad
1629 4943 1821 4982 mona-

239 5000 471 5055 sterium
503 4997 559 5051 S.
606 4994 894 5065 Eu'prepii,
930 4996 995 5065 in,
1028 4994 1372 5065 Suburrbanis
1398 4995 1703 5053 Antiochia:
1746 4998 1819 5052 si-

244 5078 379 5147 tum,
402 5064 721 5147 secederet.
744 5066 822 5119 lbi
852 5064 1226 5147 quadriennio
1248 5077 1652 5147 commoratus,
1697 5077 1817 5147 tart-

242 5138 364 5192 dem
402 5136 755 5206 imperatoris
801 5133 985 5189 edicto
1006 5133 1211 5206 Oasim,
1244 5134 1428 5206 Libya!
1451 5137 1666 5200 urbem,
1697 5138 1815 5192 Ibin

241 5208 407 5263 etiam
446 5205 671 5270 dictam,
708 5206 982 5276 relegatus
1012 5216 1115 5259 est.
1172 5205 1294 5271 Quo
1331 5205 1385 5259 in
1417 5206 1538 5261 loco
1578 5223 1607 5262 a
1637 5207 1819 5262 Blem-

242 5279 381 5349 myis
415 5277 614 5349 urbem
640 5276 987 5349 vastantibus
1012 5284 1236 5349 captus,
1258 5290 1382 5329 mox
1412 5276 1671 5332 dimissus
1703 5286 1814 5343 est;

241 5345 314 5402 ρι’
355 5347 680 5417 Panopolin,
722 5345 1022 5417 Thebaidis
1074 5346 1360 5417 Oppidum,
1411 5362 1470 5401 se
1531 5349 1813 5403 contulit:

244 5418 318 5472 Ex
352 5415 1055 5488 PanopoliElephantinam
1114 5415 1360 5488 ejusdem
1403 5418 1697 5488 provincia:
1720 5434 1790 5488 op

244 5488 433 5556 pidum
464 5485 798 5541 a’militibus
816 5485 1301 5539 abducitur.‘Dum
1327 5486 1381 5539 in
1406 5485 1603 5541 itinere
1630 5485 1813 5543 autem

244 5558 426 5611 adhuc
448 5566 615 5619 esset,
646 5572 677 5610 a
715 5556 945 5625 praeside
984 5565 1273 5610 revocatus
1302 5556 1603 5626 Panopolin
1638 5558 1815 5612 redire

242 5628 557 5694 jubebatur.
595 5626 724 5680 lude
769 5628 937 5683 etiam
987 5626 1236 5694 priesidis
1268 5626 1526 5681 mandato
1566 5644 1619 5681 ιιι
1647 5629 1813 5681 alium

249 5698 537 5764 quemdam
567 5698 747 5751 locum
792 5695 1053 5764 Panopoli
1085 5694 1324 5749 vicinum
1343 5696 1663 5763 deportatus
1691 5709 1811 5763 est;

247 5767 451 5820 recenti
505 5767 726 5833 demum
790 5764 1140 5837 imperatoris
1196 5766 1379 5837 edicto
1432 5767 1485 5819 in
1558 5776 1813 5837 quartum

245 5836 395 5891 exilii
446 5837 625 5891 locum
682 5834 983 5906 ablegatus.
1050 5834 1231 5905 Aliqui
1292 5834 1591 5891 mortuunf
1628 5839 1817 5892 volunt

1928 4860 2222 4915 Historiam
2269 4878 2425 4917 suam
2467 4861 2684 4923 clausit,
2731 4860 2935 4915 diserte
2975 4870 3205 4914 testatur
3244 4860 3498 4917 Socrates
3553 4886 3558 4891 ·

1927 4931 2023 5003 lib.
2071 4947 2163 5003 vn,
2209 4948 2329 5001 cap.
2366 4932 2453 4986 ⁸54.
2482 4930 2628 5003 G_uil_.
2677 4929 2807 5003 Cav.
2842 4931 2915 5003 in
2952 4931 3224 4988 Nestorio.
3256 4930 3499 5003 Scripta

1926 5000 2168 5055 Nestorii
2216 5000 2343 5056 vide
2390 5000 2794 5070 apudiMarium
2838 5001 3213 5066 Mereatorem,
3243 5000 3338 5056 Gr.
3374 5000 3496 5058 Lat.

1925 5087 1992 5124 ex
2015 5069 2505 5127 editione‘Joannis
2529 5069 2803 5136 Garncrii,
2839 5070 2934 5123 fol.
2966 5071 3137 5125 Paris.
3163 5087 3309 5125 anno
3341 5073 3496 5128 1675.

2000 5141 2062 5209 (Γ)
2103 5143 2448 5209 Βλεμμύων.
2491 5140 2688 5198 Strabo
2751 5142 2973 5195 ineunte
3022 5142 3165 5196 libro
3196 5159 3268 5197 vn
3324 5143 3499 5197 Rieu.-

1928 5212 2430 5282 ιιιγειεᾲΑίγυπτίοις
2468 5213 2701 5282 ὁμόρους
2742 5211 2899 5265 dixit.
2934 5212 3204 5274 Zozimus,
3239 5213 3335 5266 lib.
3371 5229 3407 5273 ι,
3444 5229 3495 5266 e.

1929 5282 2031 5344 7i,
2079 5280 2388 5350 Blemmyas
2438 5280 2617 5335 socios
2653 5281 2787 5335 dicit
2834 5282 2989 5336 urbis
3037 5282 3388 5336 Ptolemaidis
3442 5282 3496 5334 in

1926 5350 2210 5423 Thebaide
2260 5352 2814 5423 contra_Romanos.
2869 5351 3294 5423 Olympiodorus
3352 5352 3498 5423 apud

1931 5420 2210 5492 P_hotium,
2242 5437 2367 5491 pag.
2390 5421 2543 5492 A112,
2576 5422 2880 5492 Blemmyas
2901 5420 3057 5492 juxta
3090 5421 3302 5492 Talmin
3323 5422 3496 5492 ponit,

1926 5490 2139 5560 Egypti
2168 5490 2361 5546 urbem
2388 5490 2443 5544 in
2476 5493 2736 5547 extremis
2760 5490 2980 5545 finibus.
3009 5491 3329 5560 Procopius,
3360 5490 3458 5544 lib.
3483 5507 3498 5543 ι

1922 5552 2243 5641 ρςξζϊΡενε.
2287 5563 2712 5641 _cap._-_l9,_eo_s
2759 5577 2928 5641 prope
2989 5552 3390 5641 Elephantinen
3444 5568 3500 5614 (t

1920 5632 2105 5702 Philas
2133 5634 2347 5687 statuit.
2403 5632 2537 5685 Mira
2574 5632 2641 5685 de
2674 5632 2808 5702 ipsis
2835 5646 3138 5702 eorumque
3173 5633 3345 5702 t'orma
3377 5646 3501 5702 cor-

1958 5700 2070 5755 oris
2107 5703 2338 5758 conﬁcta
2374 5710 2524 5755 sunt.
2567 5700 2709 5756 Plin:
2739 5700 2777 5754 l.
2810 5718 2861 5759 v.
2892 5717 3009 5769 cap.
3050 5701 3118 5765 8;
3149 5701 3417 5770 Vopiscus
3446 5701 3499 5753 Ξιι

1920 5717 2070 5824 ραι-ιε
2107 5717 2338 5758 conttcta
2374 5717 2524 5755 sunt.
2568 5717 2707 5756 ιίιιι.
2741 5717 2777 5754 ι.
2810 5718 2861 5759 v.
2892 5717 3009 5769 cap.
3050 5717 3118 5765 5;
3157 5717 3417 5770 vopiscus
3446 5717 3499 5753 :n

1967 5772 2119 5836 robo,
2146 5788 2265 5845 cap.
2294 5775 2394 5839 17;
2423 5773 2627 5827 Christ.
2660 5771 2946 5835 Cellarius,
2970 5770 3182 5841 (ἔρυμνα
3212 5772 3264 5825 in
3295 5771 3499 5832 Africa,

1922 5856 2043 5911 pag.
2088 5844 2208 5898 i5/i.
