4028 6486
267 346 403 412 2449

1176 316 1563 408 ΗΙΞΤΟΒΙΙΕ
1601 346 2195 412 ECCLESIASTICIE
2234 353 2467 417 LIBER
2512 360 2559 420 Ι.

3375 365 3520 431 2450

268 462 354 514 καὶ
401 456 537 529 πρός
576 472 638 526 γε
684 456 963 521 Ἀκυλῖνος
994 454 1227 514 Βύϐλου.
1266 457 1548 529 Ἐπράχθη
1578 457 1673 512 καί
1705 475 1827 512 τινα

1932 469 1986 515 ει
2016 461 2203 532 Daniel
2238 465 2531 521 Carrarum
2565 468 2860 539 episcopus
2884 480 2969 527 est
2993 468 3325 528 destitutus:
3360 475 3521 547 263

265 548 560 619 Σωφρονίσυ
582 550 740 618 χάριν
762 548 862 618 τὴν
887 550 1373 604 Κωνσταντιναιων
1389 550 1503 619 (43)
1528 551 1829 621 ἐπισκοπή-

266 658 467 701 σαντος.
528 639 885 709 Καθαιρεῖται
930 640 988 694 δέ
1040 642 1171 711 παρ’
1198 640 1378 694 αὐτῶν
1412 643 1506 695 καὶ
1534 644 1562 695 ὁ
1587 643 1687 713 τῆς
1714 644 1827 696 Κυ-

264 730 458 802 ρεστῶν
510 732 893 802 ἐπισκοπὴσας
942 731 1297 802 Θεοδὼριτος,
1334 733 1430 786 καὶ
1466 734 1575 805 μὴν
1609 733 1703 788 καὶ
1730 733 1828 786 Δόη

265 841 386 893 pws;
412 825 441 876 ὁ
464 825 564 894 τῆς
593 824 930 894 Ἀντιοχέων·
970 826 1055 892 ἐφ’
1086 819 1131 895 ᾧ
1158 826 1213 878 τι
1240 826 1425 879 λοιπὸν
1450 825 1673 894 γέγονεν
1688 824 1825 897 (44).

259 917 351 969 οὐκ
377 914 527 967 ἐστιν
557 915 760 986 εὑρεῖν.
813 915 925 987 Καὶ
968 915 1113 970 οὕτω
1146 916 1245 986 μὲν
1279 916 1341 970 τὸ
1370 918 1428 972 ἐν
1467 916 1678 987 Ἐφέσῳ
1706 915 1827 969 δεύ-

259 1023 405 1077 τερον
430 1006 651 1077 διελύθη
683 1006 980 1076 συνέδριον.
1242 1030 1251 1051 ι

841 1099 1091 1153 ΚΕΦΛΛ.
1130 1101 1232 1154 IA'.

258 1191 574 1281 Ἀξολοτίρ
619 1191 727 1247 τοῦ
765 1191 1160 1281 συγγραφέως
1210 1192 1368 1271 ὑπεὶρ
1416 1192 1647 1281 ttinere
1683 1193 1831 1275 ἡμῖν

320 1261 618 1385 ﬁgat-€367
640 1303 656 1329 ,
715 1261 813 1315 καὶ
865 1261 1207 1332 κατάγελως
1272 1262 1390 1317 τῶν
1456 1261 1830 1332 Ἑλληνικῶν

318 1424 404 1493 Μή
458 1440 552 1493 μοι
593 1422 650 1476 δέ
696 1440 780 1487 τις
817 1423 927 1477 τῶν
959 1422 1472 1494 εἰδωλομανούντων
1500 1423 1826 1499 ἐπιγελάσῃ,

252 1517 324 1580 ὡς
351 1515 457 1569 τῶν
484 1515 760 1587 δευτέρων
790 1515 917 1581 τοὺς
946 1517 1249 1588 προτέρους
1276 1517 1710 1589 καθαιρούντων,
1735 1518 1830 1572 καὶ

256 1608 825 1679 προσεφευρισκόντων
890 1609 976 1661 ἀει
1034 1626 1089 1662 τι
1140 1612 1206 1681 τῇ
1264 1610 1447 1662 πίστει
1494 1610 1826 1679 καινότερον.

265 1700 447 1769 Ἡμεῖς
494 1701 597 1768 μὲν
642 1700 749 1770 γὰρ
799 1698 901 1772 τὴν
940 1700 1219 1772 ἄφραστον
1276 1702 1374 1755 καὶ
1420 1700 1829 1773 ἀνεξιχνίαστον

1932 553 2173 609 ιτεηωυε
2200 556 2329 611 item
2364 558 2515 629 Tyri,
2552 568 2611 614 et
2652 562 2945 631 Aquilinns
2980 564 3155 635 Bybli.
3196 564 3359 621 Gesta
3392 577 3523 623 sunt

1930 644 2095 698 etiam
2126 646 2376 714 quaedam
2410 648 2835 719 proSophronio
2849 652 3392 713 Constantiuensium
3412 659 3523 726 epi-

1930 747 2116 802 scopo.
2136 735 2430 805 Depositus
2443 746 2527 793 est
2542 738 2615 793 ab
2634 739 2827 794 iisdem
2846 742 3010 796 etiam
3031 743 3399 801 Theodoritns
3412 749 3525 817 epi-

1930 838 2134 893 scopus
2159 824 2312 895 Cyri,
2332 834 2389 880 et
2419 827 2664 883 Domnus
2682 829 3072 885 Antiochensis
3098 832 3417 902 episcopus.
3444 835 3521 888 De

1930 928 2041 983 quo
2076 914 2209 984 quid
2245 926 2433 985 postea
2468 916 2672 972 factum
2710 918 2899 984 fuerit,
2930 920 3181 976 invenire
3201 938 3311 977 non
3340 925 3518 993 potui.

1930 1004 2029 1061 His
2049 1005 2124 1061 ita
2145 1008 2333 1078 gestis,
2366 1008 2545 1064 soluta
2569 1019 2655 1065 est
2679 1010 2922 1066 secunda
2954 1012 3200 1083 synodus
3220 1015 3515 1085 Ephesina.

2565 1102 2719 1157 CAP.
2776 1103 2869 1159 XI.

1931 1190 2174 1261 Defensio
2199 1195 2500 1270 ‘varietatis
2541 1197 2849 1270 opinionum
2891 1214 3012 1267 qua:
3042 1208 3165 1252 sunt
3193 1200 3338 1270 apud
3367 1199 3522 1257 Chri-

2141 1265 2438 1335 stianam“
2466 1264 2655 1321 derisit)
2684 1264 2991 1337 fabularum
3011 1264 3310 1340 gentilium.

2002 1419 2172 1477 Nemo
2217 1403 2386 1492 porro
2438 1422 2725 1492 gentilium
2771 1439 2871 1479 nos
2920 1425 3189 1491 derideat,
3225 1436 3515 1497 propterea

1931 1512 2078 1583 quod
2128 1514 2467 1584 posteriores
2520 1514 2763 1585 episc0pi
2811 1517 3025 1586 priores
3075 1518 3400 1585 destituant,
3450 1534 3515 1575 ac

1930 1618 2149 1673 semper
2194 1604 2323 1659 novi
2374 1603 2582 1674 aliquid
2638 1605 2898 1676 adjiciam
2951 1606 3079 1662 ﬁdei
3128 1618 3349 1664 nostrae.
3403 1609 3515 1664 Nos

1930 1692 2079 1749 enim
2144 1693 2588 1764 inexplicabilem
2637 1706 2695 1751 et
2744 1696 3183 1768 investigabilem
3238 1700 3337 1755 Dei
3388 1717 3518 1772 erga

254 1793 339 1845 τοῦ
370 1790 506 1845 Θεοῦ
560 1792 975 1861 φιλανθρωπίαν
1010 1792 1371 1864 ἐρευνῶντες,
1418 1793 1514 1847 καὶ
1545 1794 1603 1857 ἐς
1630 1795 1699 1849 τὰ
1727 1795 1827 1864 μά-

1934 1784 2185 1841 homines
2211 1785 2649 1842 benevolentiam
2679 1796 3011 1854 scrutantes,
3040 1790 3171 1845 dum
3200 1807 3320 1846 eam
3342 1792 3517 1847 maxi-

253 1883 399 1936 λιστα
444 1881 736 1953 σεμνύνειν
765 1883 860 1937 καὶ
886 1882 1126 1955 ἐξαίρειν
1154 1885 1512 1956 βουλόμενοι,
1548 1886 1582 1957 ἢ
1612 1887 1761 1957 τῇδε,
1791 1886 1825 1957 ἧ

254 1975 421 2028 ἐκεῖσε
450 1975 797 2046 τρεπόμεθα.
832 1977 944 2030 Καὶ
973 1977 1150 2041 οὐδεὶς
1177 1977 1521 2032 asumma
1544 1978 1654 2032 τῶν
1680 1978 1828 2050 αἱρέ-

255 2082 359 2129 σεις
400 2066 559 2135 παρὰ
589 2068 942 2137 Χριστιανοῖς
983 2068 1404 2139 ἐξευρηκότων,
1456 2069 1828 2142 πρωτοτύπως

254 2156 590 2227 βλασφημεῖν
635 2158 931 2229 ἠθέλησεν,
986 2160 1021 2228 ἢ
1066 2160 1334 2229 ἀτιμάσαι
1365 2161 1425 2215 τὸ
1453 2162 1607 2217 Θεῖον
1639 2162 1827 2232 βουλό-

256 2265 406 2317 μενος
464 2247 837 2319 ὲξωλίσθησεν
867 2266 881 2279 ο
966 2249 1102 2304 ἀλλὰ
1159 2251 1359 2322 μᾶλλον
1427 2252 1828 2323 ὑπολαμϐάνων

253 2342 497 2409 κρεῖσσον
534 2338 634 2394 τοῦ
670 2340 978 2412 φθάσαντος
1007 2341 1191 2411 λέγειν
1222 2344 1271 2396 εἰ
1296 2345 1415 2397 τόδε
1445 2344 1825 2412 πρεσϐεύσειε.

254 2430 351 2484 Καὶ
398 2432 465 2484 τὰ
517 2432 622 2503 μὲν
665 2433 963 2486 συνεκτικὰ
996 2433 1090 2486 καὶ
1122 2433 1289 2502 κύρια
1321 2434 1433 2505 (45)
1468 2436 1603 2488 πᾶσι
1633 2434 1828 2498 κοινῶς

249 2520 611 2593 ὡμολόγηται.
673 2522 842 2593 Τριὰς
886 2524 992 2596 γὰρ
1038 2526 1172 2597 ἡμῖν
1223 2526 1285 2579 τὸ
1328 2525 1824 2598 προσκυνούμενον,

258 2614 345 2666 καὶ
380 2617 553 2684 μονὰς
583 2615 653 2669 τὰ
681 2616 1109 2689 δοξολογούμενα
1129 2635 1142 2648 ’
1179 2620 1207 2673 ὅ
1233 2636 1294 2673 τε
1326 2620 1432 2691 πρὸ
1460 2619 1671 2673 αἰώνων
1699 2637 1828 2688 γενι-

254 2705 425 2778 νηθεὶς
470 2707 610 2771 Θεὸς
648 2709 852 2777 Λόγος,
909 2710 1280 2780 σαρκούμενος
1318 2711 1545 2782 δευτέρᾳ
1579 2712 1828 2781 γεννήσει

252 2799 413 2866 φειδοῖ
436 2798 536 2852 τοῦ
566 2798 907 2869 πλάσματος.
940 2802 1002 2854 El
1028 2802 1084 2855 δὲ
1116 2820 1179 2854 πε
1191 2803 1244 2870 ρὶ
1273 2803 1437 2873 ἕτερα
1469 2802 1608 2856 ἄττα
1640 2818 1831 2857 κεκαι-

251 2889 564 2960 νούργηται,
586 2892 843 2959 γεγόνασί
871 2892 1161 2947 καὶταῦτα
1188 2893 1278 2947 τοῦ
1306 2893 1559 2963 Σωτῆρος
1587 2894 1829 2957 ἐνδόντος

251 2978 377 3032 Θεοῦ
424 2978 505 3049 τῷ
555 2979 886 3051 αύτεξουσίῳ
936 2982 1029 3035 καὶ
1075 2982 1207 3051 περὶ
1234 2981 1462 3046 τούτων,
1502 2983 1591 3035 ἴνα
1627 2982 1829 3054 μᾶλλον

251 3071 431 3141 ἠάγία
457 3071 727 3142 καθολικὴ
760 3073 855 3126 καὶ
883 3074 1214 3144 ἀποστολικὴ
1249 3073 1568 3145 Ἐκκλησία,
1606 3072 1827 3127 ἐνθένδε

1929 1895 2016 1933 me
2043 1878 2317 1933 honorare
2355 1885 2411 1933 et
2435 1878 2696 1934 omnibus
2744 1879 2923 1935 modis
2948 1882 3210 1937 extollere
3239 1884 3515 1953 cupimus,

1931 1978 2028 2024 aut
2055 1969 2231 2035 hanc,
2280 1978 2378 2024 aut
2429 1969 2579 2024 illam
2625 1970 2989 2034 sententiam,
3043 1973 3349 2042 sequimur.
3404 1972 3518 2028 Nec

1926 2064 2220 2136 quisquam
2282 2080 2477 2120 eorum
2533 2064 2628 2135 qui
2677 2066 2822 2121 inter
2872 2066 3218 2123 Christianos
3278 2069 3516 2124 haereses

1926 2157 2334 2228 excogitarunt,
2372 2156 2558 2213 dedita
2586 2173 2751 2227 opera
2797 2159 2961 2230 impie
2999 2160 3148 2229 loqui
3184 2160 3393 2217 voluit:
3422 2170 3517 2215 aut

1928 2232 2053 2303 cum
2078 2249 2266 2304 divino
2291 2250 2504 2304 numini
2534 2251 2922 2306 contumeliam
2950 2252 3129 2306 facere
3156 2251 3513 2315 decrevisset,

1929 2338 1983 2393 in
2015 2356 2261 2395 errorem
2302 2340 2560 2411 delapsus
2603 2349 2725 2396 est:
2761 2342 2856 2397 sed
2902 2342 3085 2412 potius
3132 2344 3511 2412 unusquisque

1928 2447 2121 2487 eorum
2170 2432 2521 2497 exiStimavit,
2574 2448 2633 2487 se
2680 2433 2775 2503 qui
2820 2434 2924 2489 hoc
2973 2433 3169 2504 dogma
3215 2442 3509 2497 assereret,

1928 2524 2129 2580 melius
2154 2525 2337 2580 dicere
2366 2540 2529 2594 quam
2565 2524 2806 2594 reliquos
2836 2524 2928 2593 qui
2977 2525 3154 2595 ipsum
3201 2526 3512 2596 praecessis-

1929 2625 2071 2673 sent.
2118 2616 2184 2671 Et
2224 2632 2289 2671 ea
2335 2615 2559 2685 quidem
2607 2629 2729 2685 quae
2761 2616 3036 2685 przecipua
3064 2626 3194 2671 sunt
3220 2631 3285 2671 ac
3310 2615 3511 2670 funda-

1930 2719 2114 2765 menta
2145 2709 2267 2764 ﬁdei
2299 2718 2523 2772 nostra),
2576 2724 2685 2761 uno
2730 2724 3000 2764 consensu
3050 2724 3245 2763 omnes
3278 2708 3510 2764 conﬁte-

1929 2819 2076 2858 mur.
2105 2800 2347 2855 Trinitas
2378 2799 2527 2854 enim
2556 2808 2641 2855 est
2673 2816 2838 2869 quam
2883 2800 3200 2865 adoramus,
3248 2809 3306 2855 et
3333 2799 3513 2854 unitas

1930 2910 2093 2965 quam
2126 2892 2499 2964 gloriﬁcamus
2528 2909 2542 2946 :
2573 2900 2630 2947 et
2658 2892 2801 2947 Dens
2825 2892 2969 2946 idem
3002 2906 3066 2946 ac
3093 2890 3359 2954 Verbum,
3381 2899 3513 2945 ante

1931 2983 2127 3039 s:ccula
2154 2981 2421 3053 genitum,
2452 2989 2509 3035 et
2538 2989 2761 3051 prepter
2796 2982 3048 3037 homines
3076 2981 3317 3036 secunda
3343 2995 3509 3051 gene-

1932 3075 2144 3128 ratione
2184 3073 2553 3127 incarnatum.
2589 3072 2744 3139 Quod
2786 3082 2968 3128 autem
2998 3073 3051 3126 in
3079 3074 3201 3129 aliis
3242 3073 3514 3143 capitibus

250 3162 492 3216 κάκεῖθεν
548 3163 685 3233 πρὸς
727 3164 787 3215 τὸ
818 3164 936 3217 δέον
965 3182 1027 3218 τε
1064 3165 1160 3218 καὶ
1190 3164 1408 3229 εὐσεϐὲς
1439 3165 1823 3236 αἱχμαλωτίσῃ

1932 3165 2181 3237 quaedam
2233 3166 2493 3219 innovata
2538 3172 2688 3228 sunt,
2716 3164 2780 3217 id
2812 3180 2877 3218 ex
2914 3180 2981 3218 eo
3015 3165 3218 3219 factum
3249 3172 3333 3220 est
3364 3165 3510 3234 quod

249 3253 323 3321 ιε.ςὰ¹
346 3253 652 3325 λεγόμενα,
709 3256 805 3309 καὶ
849 3256 988 3326 πρὸς
1023 3256 1154 3327 μίαν
1197 3256 1581 3327 ἀπεξεσμένην
1612 3255 1706 3310 καὶ
1734 3256 1825 3309 εύ-

249 3345 391 3401 θεῖαν
417 3348 542 3401 ὁδὸν
570 3348 880 3422 ὑπαντήσῃ.
912 3351 1004 3403 Διὸ
1033 3350 1127 3403 καὶ
1152 3350 1228 3418 τῷ
1261 3349 1569 3419 Ἀποστόλῳ
1597 3345 1655 3403 εὖ
1682 3348 1827 3418 μάλα

252 3437 424 3507 σαφῶς
461 3437 684 3510 εἴρηται
704 3455 719 3471 '
758 3458 778 3492 ι
808 3442 899 3493 Δεῖ
924 3440 980 3494 δὲ
1012 3441 1105 3495 καὶ
1135 3441 1378 3513 αἱρέσεις
1412 3444 1470 3494 ἐν
1503 3442 1631 3512 ὑμῖν
1665 3438 1826 3507 εῖναι,

251 3524 332 3581 ῐνα
382 3530 431 3581 οἱ
478 3527 699 3600 δόκιμοι
746 3530 971 3600 φανεροὶ
1000 3529 1284 3599 γένωνται.
1332 3549 1349 3581 ›
1383 3530 1492 3584 Kal.
1548 3529 1829 3600 θαυμάσαι

251 3619 348 3673 κάν
376 3618 563 3690 τούτῳ
618 3620 735 3674 ἐστι
773 3622 871 3689 τὴν
904 3623 1142 3694 ἄρρητον
1174 3623 1267 3675 τοῦ
1297 3621 1432 3675 Θεοῦ
1466 3621 1693 3690 σοφίαν,
1732 3621 1828 3675 τοῦ

251 3711 500 3781 καὶπρὸς
531 3712 625 3766 τὸν
668 3711 953 3768 θεσπέσιον
982 3714 1191 3768 Παῦλον
1216 3714 1497 3785 εἰρηκότος
1518 3728 1532 3742 ·
1563 3731 1583 3764 ι
1626 3712 1690 3766 'H
1720 3713 1829 3783 γὰρ

250 3800 605 3873 δύναμιςξμου
640 3804 700 3857 ἐν
745 3806 998 3877 ἀσθενείᾳ
1035 3805 1353 3861 τελειοῦται.
1392 3825 1411 3857 ι
1456 3804 1548 3870 Ἐξ
1589 3798 1663 3858 ὧν
1719 3805 1829 3874 γὰρ

251 3892 342 3963 τῆς
382 3894 713 3965 Ἐκκλησίας
761 3897 1054 3969 ἀπερρὰγη
1098 3898 1168 3953 τὰ
1209 3895 1382 3970 μέλη,
1426 3901 1491 3951 ἐκ
1518 3896 1728 3951 τούτων
1762 3896 1831 3949 τὰ

314 4008 338 4041 ³
378 4009 401 4064 Ι
434 4010 568 4067 Cor.
601 4029 678 4076 iu,
715 4014 799 4069 l9.

1936 3258 2197 3312 Servator
2256 3265 2448 3311 noster
2508 3256 2657 3310 Deus
2704 3254 2934 3310 liberam
2984 3257 3144 3312 nobis
3195 3257 3511 3313 facultatem

1935 3349 2162 3418 reliquit
2212 3348 2280 3403 de
2332 3347 2399 3402 iis
2446 3348 2746 3412 sentiendi,
2798 3358 2861 3403 ut
2902 3358 3091 3404 sancta
3139 3350 3411 3406 catholica
3458 3360 3515 3408 et

1935 3437 2237 3509 apostolica
2286 3435 2551 3501 Ecclesia,
2590 3451 2653 3490 ea
2701 3452 2821 3507 qua:
2850 3438 2918 3494 ab
2952 3448 3187 3508 utraque
3223 3444 3377 3510 parte
3426 3440 3514 3495 di-

1933 3540 2157 3597 cuntur,
2199 3532 2268 3586 ad
2299 3540 2507 3586 rectam
2555 3547 2805 3585 normam
2838 3547 2903 3586 ac
2932 3533 3193 3601 pietatem
3242 3531 3513 3595 traducat,

1932 3632 1989 3679 et
2030 3623 2097 3678 ad
2132 3639 2295 3677 unam
2338 3623 2557 3691 planam
2592 3632 2907 3693 rectamque
2935 3625 3184 3680 semitam
3211 3624 3512 3695 perveniat.

1933 3716 2111 3785 Atque
2162 3715 2234 3769 ob
2281 3715 2423 3769 hanc
2468 3730 2687 3769 causam
2733 3717 3012 3785 sapienter
3048 3715 3347 3770 admodum
3376 3716 3516 3770 dixit

1934 3806 2217 3877 apostolus
2238 3806 2471 3860 Paulus:
2508 3824 2526 3857 ι
2570 3804 2800 3875 Oportet
2824 3806 3059 3863 haereses
3078 3821 3201 3862 esse
3226 3806 3368 3865 inter
3395 3820 3511 3870 vos,

1936 3905 1998 3951 ut
2025 3896 2121 3966 qui
2154 3895 2314 3966 probi
2343 3902 2492 3962 sunt,
2538 3893 2811 3951 manifesti
2837 3894 2971 3950 ﬁant
2985 3897 3027 3952 ⁸.
3062 3914 3081 3949 ι
3114 3896 3175 3951 in
3199 3911 3310 3966 quo
3337 3894 3515 3951 admi-

1514 4082 1752 4140 VAllI/E
1793 4081 2203 4139 LECTIONES.

1450 4206 1720 4278 VALESll
1763 4221 2334 4278 ANNOTATIONES.

314 4148 356 4181 ⁸⁸
377 4149 441 4207 (1.
477 4150 546 4208 C.
579 4152 754 4216 οὐδεὶς
781 4153 889 4207 οὐδ’
922 4154 1126 4209 αὐτῶν.

315 4313 453 4437 V5)
502 4317 847 4383 Σωφρονίου
905 4318 1082 4387 χάριν
1121 4316 1238 4383 τὴν
1278 4317 1829 4371 Κωνσταντιγαιων.
1866 4320 1913 4376 ι)

341 4385 484 4437 iuius
506 4385 611 4437 loci
627 4388 901 4437 versione.
932 4390 1132 4437 mirum
1153 4398 1237 4437 est
1261 4395 1597 4437 mmntonere
1618 4387 1834 4437 aberra-

251 4382 306 4457 πῃ
325 4382 484 4453 hujus
506 4382 611 4438 loci
627 4382 1132 4451 Versione,"mirum
1153 4382 1237 4443 est
1261 4395 1597 4457 quantopere
1618 4387 1834 4440 aberra-

253 4454 357 4538 [int
403 4457 759 4538 interpretes.
796 4459 987 4538 Δ,ΝςιιιιἏ
1021 4458 1242 4538 Langus
1279 4454 1831 4538 quidemlintcrpres

251 4522 660 4596 Nicephoriiita
689 4528 853 4582 vertit
890 4545 904 4581 :
946 4522 1181 4581 Decrevit
1223 4522 1330 4582 huic
1369 4526 1596 4596 synodus
1624 4522 1829 4596 quoque

248 4592 311 4667 de
341 4592 637 4664 sap/ironia
690 4598 953 4667 quwdam,
1001 4600 1092 4667 qui
1140 4606 1253 4650 tum
1310 4592 1826 4665 Constantinopolim

250 4664 471 4736 visenda:
502 4668 619 4735 ejus
646 4664 823 4736 gratia
848 4664 1082 4721 venerat.
1128 4664 1670 4735 Christophorsonus’
1695 4681 1825 4719 vero

253 4733 329 4786 sic
382 4733 782 4804 interpretatur
834 4755 848 4792 :
910 4737 1181 4791 Nonnulla
1241 4733 1431 4791 ibidem
1491 4745 1610 4805 acta
1681 4735 1825 4805 [uere

255 4813 429 4877 contra
456 4805 815 4875 Sophronium
842 4809 1133 4877 episcopum
1154 4804 1819 4877 Constantinopolitanum.

258 4872 356 4926 Sed
378 4872 920 4931 Constantiniensein
957 4872 1144 4931 dicere
1189 4877 1475 4931 debuerat.
1504 4872 1643 4928 Erat
1672 4875 1820 4928 enim

257 4942 597 5017 SOphronius
621 4949 914 5017 cpiscopus
939 4947 1331 5010 Constantinae,
1362 4956 1429 5017 fut
1461 4954 1609 5014 patet
1638 4960 1706 4999 ex
1737 4961 1824 5015 sy-

256 5013 395 5086 nodo
425 5013 768 5071 Antioclicna
797 5013 900 5071 sub
930 5019 1140 5071 Domno
1159 5059 1173 5081 ,
1203 5032 1325 5086 qua).
1361 5013 1566 5086 intexta
1597 5022 1690 5086 est
1717 5013 1825 5086 ac-

256 5080 387 5157 tioni
432 5102 551 5157 xw,
611 5088 806 5157 synodi
847 5080 1332 5142 Chalcedonensis.
1382 5085 1636 5157 Interfuit
1680 5083 1823 5157 idem

255 5149 599 5227 §ophrotiius
628 5149 815 5227 postea
837 5156 1273 5213 Chalcedonensi
1302 5157 1510 5227 synodo
1541 5164 1601 5209 ut
1623 5155 1823 5227 legitur

254 5221 489 5295 in_actis
526 5221 773 5295 ejusdem
817 5228 1058 5281 concilii.
1094 5228 1190 5282 Est
1237 5221 1420 5280 autem
1461 5221 1821 5280 Constantina

262 5292 389 5369 urbs
424 5292 733 5369 Phoenices.
770 5297 875 5369 [Ad
904 5298 1053 5352 hunc
1083 5297 1453 5369 Sophronia!"
1496 5296 1820 5369 9Pi_390l2‘1“3

253 5360 625 5421 Constantina:
668 5360 871 5438 scripta
915 5377 1000 5423 est
1043 5360 1275 5437 cpistola
1323 5360 1820 5435 Theodoriti,'55.]

2010 4315 2122 4385 (44)
2166 4316 2297 4381 Ἐφ’
2318 4308 2366 4382 ᾧ
2396 4313 2694 4385 21.2mm
2718 4313 2983 4385 γέγονεν.
3017 4313 3076 4369 In
3109 4315 3288 4369 locum
3319 4317 3513 4370 Domni

1937 4383 2329 4463 Antiochensis
2375 4383 2977 4463 episcopisubrogatus
3009 4395 3095 4463 est
3121 4386 3408 4463 Maaimus,
3454 4395 3515 4440 ut

1936 4455 2129 4525 seribit
2179 4454 2474 4509 Liberatus
2512 4454 2567 4525 in
2597 4453 2907 4525 Breviario.
2938 4454 3108 4525 Cujus
3134 4457 3512 4525 episcopatum

1934 4524 2046 4577 Leo
2096 4540 2233 4593 papa
2282 4522 2631 4595 postmodum
2684 4522 3050 4595 conﬁrmavit,
3108 4522 3403 4595 ut'lcgit'ur
3456 4527 3512 4581 in

1931 4592 2232 4648 actione’x
2282 4592 2748 4649 Chalcedonensis
2800 4595 3043 4650 concilii.
3120 4592 3273 4649 Idem
3332 4605 3512 4649 tamen

1930 4664 2201 4717 Maximus
2242 4665 2474 4725 Domno,
2512 4664 2691 4733 quoad
2727 4663 2863 4717 vixit
2891 4702 2905 4723 ,
2949 4673 3132 4719 certos
3166 4674 3419 4733 sumptus
3447 4682 3513 4717 ex

1932 4734 2194 4788 Ecclesia:
2219 4749 2332 4788 sua:
2357 4732 2633 4787 reditibus
2666 4733 2975 4797 constituit,
3004 4742 3065 4787 ut
3094 4732 3389 4789 contentus
3412 4736 3514 4789 ali-

1930 4804 2134 4857 mentis
2161 4802 2215 4856 in
2254 4804 2875 4873 postermnquiesccret
2920 4820 2933 4855 :
2981 4804 3127 4873 quod
3159 4803 3379 4873 quidem
3409 4820 3514 4858 ca:-

1924 4873 2034 4926 ‘teri
2067 4871 2392 4944 patriarcha:
2426 4874 2481 4926 in
2518 4871 2955 4944 Chalcedonensi
2986 4871 3197 4944 synodo
3240 4874 3513 4943 approba-

1929 4953 2081 4999 runt.
2116 4952 2176 4995 ut
2198 4942 2394 4996 .videre
2421 4950 2505 4995 est
2537 4942 2591 4996 in
2612 4943 2831 4997 actione
2856 4944 2963 4999 iam
2993 4942 3157 4997 citata
3178 4943 3229 4997 ³⁸.

2002 4960 2081 4999 nt.
2116 4960 2176 4995 ut
2198 4960 2394 4996 maere
2421 4960 2505 4995 εει
2537 4960 2591 4996 tn
2612 4960 2831 4997 acuone
2876 4960 2963 4996 am
2993 4960 3157 4997 enata
3178 4960 3229 4997 τ.

2002 5012 2116 5082 (45)
2156 5011 2237 5083 Τὰ
2258 5011 2379 5083 μὲν
2405 5014 2743 5083 συνεκτικὰ.
2772 4960 2873 5065 καὶ
2916 5013 3109 5081 κύρια.
3152 5013 3311 5083 Apud
3350 5015 3512 5069 Nice-

1929 5082 2244 5154 phorumiin
2270 5081 2365 5154 lib.
2388 5098 2506 5154 Axrv,
2540 5098 2662 5154 cap.
2682 5081 2771 5154 48,
2796 5082 2887 5136 ubi
2917 5083 3062 5154 hunc
3078 5081 3296 5154 Evagrii
3329 5084 3511 5138 locum

1930 5153 2271 5223 transcribit,
2296 5151 2498 5223 legitur
2528 5153 2623 5205 καὶ
2652 5152 2862 5221 καίρια,
2890 5152 3076 5207 minus
3108 5151 3257 5208 recte
3289 5168 3351 5208 ut
3390 5154 3511 5223 opi-

1930 5237 2053 5292 nor.
2084 5222 2159 5292 lta
2200 5230 2382 5275 tamen
2414 5221 2623 5277 diserte
2662 5223 2933 5292 scriptum
2964 5223 3152 5278 inveni
3186 5226 3243 5278 in
3276 5239 3377 5279 ms.
3407 5221 3507 5279 (Ξο-

1928 5291 2050 5347 dice
2082 5291 2416 5347 Tclleriano.

1688 5480 1774 5534 VA
1786 5477 1999 5536 RIORU
2011 5478 2079 5534 Μ.

329 5579 346 5597 '
364 5575 526 5631 lstam
555 5577 829 5632 actionem
857 5575 1074 5631 concilii
1101 5573 1569 5632 Chalcedonensis
1592 5588 1652 5631 ut
1673 5593 1823 5633 com-

263 5648 561 5719 mentitiam
610 5648 788 5719 rejicit
833 5647 1197 5719 Qnesnellus,
1227 5647 1449 5719 dissert.
1473 5649 1527 5719 9,
1550 5650 1603 5719 in
1643 5647 1820 5719 Opera

261 5714 460 5770 Leonis
483 5736 495 5771 :
517 5733 547 5771 c
571 5714 784 5783 contra,
803 5733 922 5770 eam
958 5725 1016 5770 ut
1040 5717 1354 5783 genuinam,
1391 5717 1634 5773 defendit
1661 5714 1820 5771 Baln-

264 5786 400 5851 Lius,
430 5786 648 5846 Praefat.
682 5789 739 5844 in
773 5782 984 5844 Concil.
1038 5782 1295 5843 Chalced.
1324 5804 1381 5842 n.
1412 5790 1502 5854 52,
1551 5797 1655 5844 etc.
1702 5788 1819 5857 Ipse

1932 5578 2178 5632 Dumnus
2194 5586 2317 5647 post
2345 5576 2743 5648 depositionem
2767 5576 3257 5648 suaminemmum
3280 5571 3507 5648 secessit

1932 5647 1999 5702 ad
2025 5642 2497 5718 Euthj'miumfsi-
2510 5664 2616 5718 qua
2633 5646 2784 5718 Alides
2808 5645 3011 5718 Cyrillo
3039 5643 3307 5718 monacho
3333 5642 3506 5718 scrip-

1932 5713 2205 5790 tori'j’ilce
2232 5713 2668 5790 I'Iuthymiifvid.
2720 5713 2943 5787 l’agi'ad
2982 5730 3112 5769 ann.
3146 5714 3269 5780 451,
3305 5730 3361 5769 n.
3413 5713 3502 5775 ΞΗ,

1925 5787 2015 5841 55.
2055 5786 2140 5841 W.
2167 5786 2384 5843 Lowru.
