4028 6514
519 321 657 384 2351

1722 322 2036 383 EVAGRII
2077 323 2563 387 SCHOLASTICI

3624 329 3765 395 2552

521 439 633 494 rari
665 436 828 493 etiam
864 431 1028 505 264
1065 432 1195 487 licet
1234 430 1569 487 iueﬂabilem
1610 431 1708 488 Dei
1746 434 2090 506 sapientiam,

2203 435 2333 506 ὑρθά
2376 438 2471 490 καὶ
2515 437 2795 509 ἀμώμητοι
2826 434 2989 493 πλέον
3018 438 3291 510 ἀπεξέσθη
3318 456 3379 493 τε
3412 440 3503 494 καὶ
3524 440 3764 514 ἀπετέθη

522 531 615 601 qui
651 526 719 583 ad
750 526 999 581 divinum
1034 524 1343 594 apostolum
1381 524 1610 579 Paulum
1635 524 1812 580 dixit:
1851 543 1870 578 ι
1912 526 2098 581 Virtus

522 620 670 677 enim
719 632 841 671 mea
881 616 937 669 in
982 613 1301 670 inﬁrmitate
1336 613 1679 683 perﬁcitur‘.
1719 632 1737 665 ι
1782 614 1861 669 Ex
1893 614 2097 684 quibus

520 712 669 767 enim
735 707 916 763 causis
978 707 1239 763 Ecclesia:
1277 706 1492 761 divulsa
1544 714 1673 761 sunt
1710 706 1979 771 membra,
2027 722 2097 762 ex

523 803 720 858 iisdem
766 810 916 856 recta
941 807 999 855 et
1029 798 1533 869 irreprehensibilis
1577 798 1827 852 doctrina
1869 813 2097 852 accura-

523 894 635 948 tius
684 892 872 947 limata
923 902 979 947 et
1031 890 1279 960 exposita
1331 898 1459 944 est:
1507 896 1563 943 et
1609 888 1877 944 catholica
1923 897 2097 957 atque

520 983 820 1055 apostolica
846 982 942 1039 Dei
964 982 1209 1038 Ecclesia
1235 981 1413 1052 majus
1433 980 1834 1035 incrementum
1861 979 2094 1050 accepit,

520 1082 578 1129 et
621 1074 691 1129 ad
732 1074 912 1143 ipsum
943 1088 1117 1143 usque
1161 1072 1362 1128 cmlum
1401 1071 1619 1126 sublata
1660 1079 1761 1126 est.
1797 1070 2096 1127 Gentilium

521 1181 656 1223 vero
687 1165 1098 1236 superstitionis
1125 1164 1354 1229 alumni,
1379 1163 1509 1218 dum
1540 1178 1645 1218 nec
1682 1163 1777 1219 Dei
1820 1172 2096 1230 naturam,

524 1274 629 1314 nec
669 1258 790 1330 ejus
823 1256 1227 1328 providentiam
1270 1255 1328 1311 in
1371 1255 1537 1310 rebus
1578 1254 1836 1310 humanis
1868 1256 2097 1311 investi-

524 1365 653 1421 gare
692 1348 937 1417 student,
969 1357 1026 1404 et
1055 1348 1325 1418 majorum
1373 1362 1624 1411 suorum,
1673 1354 1731 1401 et
1778 1361 1907 1401 suas
1950 1346 2095 1401 invi-

525 1457 646 1498 cem
676 1441 966 1511 opiniones
991 1448 1267 1495 evertunt.
1313 1438 1497 1493 Novos
1520 1437 1668 1492 enim
1692 1437 1929 1493 subinde
1963 1438 2099 1493 deos

523 1529 857 1601 excogitant,
902 1543 1105 1599 eosque
1142 1543 1209 1583 ex
1246 1527 1485 1599 propriis
1516 1527 1685 1582 animi
1720 1527 2097 1597 perturbatio-

524 1624 691 1679 nibus
722 1622 1014 1694 designant
1043 1638 1107 1678 ac
1132 1623 1440 1689 nominant,
1479 1638 1589 1693 quo
1616 1622 1828 1679 scilicet
1848 1622 2098 1678 libidini-

525 1711 631 1766 bus
666 1710 784 1766 suis
822 1711 1203 1781 impunitatem
1236 1712 1550 1777 concilient,
1600 1712 1916 1784 hujusmodi
1962 1714 2095 1769 deos

524 1799 630 1855 sibi
679 1800 1058 1856 adsciscendo.
1107 1800 1199 1857 Sic
1226 1812 1376 1857 certe
1404 1802 1549 1872 apud
1583 1802 1708 1857 illos
1734 1804 1781 1858 is
1804 1803 1899 1874 qui
1945 1820 2095 1859 sum-

524 1908 648 1947 mus
692 1892 927 1949 habetur
969 1893 1135 1959 Deus,
1179 1902 1235 1950 et
1285 1904 1444 1966 pater
1493 1896 1780 1951 hominum
1828 1896 1991 1953 simul
2038 1912 2102 1952 ac

523 1983 752 2038 deorum
792 1994 1038 2049 vocatur,
1072 1985 1127 2039 in
1156 1987 1273 2041 avis
1297 1987 1540 2057 speciem
1578 1998 1845 2055 mutatus,
1882 1989 2102 2045 adoles-

524 2084 741 2131 centem
770 2076 1042 2146 Phrygem
1071 2075 1424 2148 impudenter
1464 2081 1666 2149 rapuit,
1702 2092 1759 2136 et
1784 2081 2100 2137 mercedem

524 2167 701 2237 stupri
770 2169 1031 2238 poculum
1084 2168 1136 2223 ei
1193 2168 1421 2234 tribuit,
1483 2172 1813 2241 permittens
1870 2180 1931 2227 ut
1995 2172 2099 2243 ipsi

523 2259 730 2315 amoris
776 2260 949 2331 gratia
991 2261 1332 2331 propinaret,
1379 2278 1489 2332 quo
1518 2274 1751 2333 uterque
1781 2264 1945 2319 simul
1974 2279 2100 2318 cum

524 2360 748 2407 nectare
782 2351 1022 2408 dedecus
1059 2368 1123 2408 ac
1156 2353 1417 2423 probrum
1456 2355 1724 2410 hauriret.
1760 2355 1909 2409 Idem
1940 2356 2102 2409 innu-

529 2442 699 2497 meris
742 2442 867 2497 aliis
910 2442 1232 2508 sceleribus,
1278 2459 1400 2513 quae
1445 2460 1515 2500 ne
1559 2444 1840 2501 vilissimis
1876 2445 2099 2516 quidem

526 2532 848 2589 hominibus
876 2534 1141 2605 permissa
1191 2544 1341 2601 sunt,
1390 2550 1510 2592 sese
1557 2537 1884 2607 inquinavit.
1930 2539 2000 2593 Et
2046 2539 2102 2594 in

524 2640 718 2682 omnes
766 2624 1061 2681 brutorum
1110 2627 1471 2682 animantium
1528 2628 1764 2698 species,
1820 2628 1938 2699 ipse
1980 2644 2101 2684 om-

526 2715 682 2770 nium
708 2715 1064 2773 brutissimus
1107 2726 1374 2783 mutatus,
1419 2718 1767 2790 androgynus
1798 2719 1973 2776 factus
1995 2730 2102 2789 est,

526 2822 637 2861 non
667 2806 722 2862 in
750 2817 908 2863 utero
936 2809 1179 2880 quidem.
1201 2808 1297 2865 sed
1321 2810 1378 2864 in
1406 2809 1615 2866 femore
1642 2809 1834 2868 [uatum
1861 2820 2101 2884 gestans,

530 2910 591 2955 ut
618 2908 677 2955 et
712 2899 815 2956 ista
842 2911 1042 2971 praeter
1079 2912 1327 2958 naturam
1367 2904 1437 2957 ab
1481 2918 1549 2958 eo
1596 2904 2101 2961 committerentur.

528 2989 686 3049 Unde
751 3002 909 3047 ortus
968 2992 1215 3049 Bacchus
1279 2992 1397 3064 ipse
1460 3009 1681 3065 quoque
1729 2994 2103 3066 androgynus,

2197 529 2481 599 δόγματα,
2537 532 2632 584 καὶ
2682 532 2823 602 πρὸς
2861 532 3091 603 αὔξησιν
3140 534 3235 586 καὶ
3278 532 3381 603 τὴν
3414 533 3472 595 ές
3502 534 3767 605 οὐρανοὺς

2197 621 2464 673 ἀνάϐασιν
2514 623 2549 692 ἠ
2591 623 2853 694 καθολικὴ
2885 624 2977 677 καί⁵
3004 623 3332 692 ἀποστολικὴ
3359 622 3455 676 τοῦ
3480 623 3615 677 Θεοῦ
3645 626 3767 695 ἐλή-

2198 705 2359 759 λυθεν
2397 707 2716 778 Ἐκκλησία.
2769 709 2837 765 Οἱ
2876 711 2934 765 δέ
2976 727 3041 780 γε
3080 710 3182 780 τῆς
3208 709 3530 782 Ἑλληνικῆς
3559 712 3769 781 πλάνης

2196 797 2478 869 τρόφιμοι,
2514 797 2574 853 ού
2608 799 2743 854 Θεὸν
2769 800 3014 873 ἐξευρεῖν
3044 800 3359 873 βουλόμενοι
3402 802 3437 870 ἢ
3472 803 3572 873 τὴν
3599 802 3768 856 αὐτοῦ

2197 887 2329 959 περὶ
2353 886 2481 953 τοὺς
2499 889 2822 961 ἀνθρώπους
2847 890 3198 962 κηδεμονίαν,
3225 889 3297 944 τά
3317 907 3378 943 τε
3402 891 3511 944 τῶν
3528 891 3772 959 φθασάν-

2196 996 2335 1044 των,
2388 979 2458 1033 τά
2487 997 2549 1033 τε
2585 979 2833 1051 ἀλλήλων
2860 981 3223 1035 καταλύουσιν
3244 996 3260 1013 ⁸
3312 979 3450 1036 ἀλλά
3479 980 3640 1044 θεοὺς
3678 981 3772 1034 ἐπὶ

2199 1071 2341 1137 θεοῖς
2371 1072 2718 1137 ἐπινοοῦντες
2741 1114 2760 1141 ,
2812 1074 2906 1127 καί
2948 1072 3061 1128 τῶν
3104 1073 3320 1127 οἰκείων
3358 1073 3548 1127 παθῶν
3587 1091 3773 1145 χειρο-

2195 1165 2477 1228 τονούντές
2502 1182 2564 1218 τε
2593 1166 2688 1219 καὶ
2711 1164 3071 1236 ὀνομάζοντες
3092 1205 3110 1232 ,
3160 1164 3249 1218 ἵνα
3291 1164 3624 1237 συγγνώμην
3651 1168 3771 1231 ταῖς

2197 1255 2429 1320 οἰκείαις
2459 1254 2779 1320 ἀκολασίαις
2806 1254 3139 1325 πορίζοιντο,
3170 1254 3327 1319 θεοὺς
3354 1254 3631 1318 τοιούτους
3655 1256 3772 1309 ἑπι-

2198 1348 2559 1419 γραφόμενοι.
2616 1348 2781 1401 Ὥστε
2827 1344 3023 1419 ἀμέλει
3074 1348 3103 1401 δ
3154 1347 3283 1418 παρ’
3330 1347 3515 1410 αὐτοῖς
3567 1347 3773 1410 ὕπατος

2200 1438 2382 1510 πατὴρ
2413 1437 2621 1510 ἀνδρῶν
2647 1454 2707 1491 τε
2739 1436 2878 1491 θεῶν
2903 1454 2997 1503 τε,
3046 1437 3140 1491 τὸν
3167 1436 3357 1509 Φρύγα
3395 1436 3458 1491 τὺ
3487 1437 3774 1507 μειράκιον

2199 1532 2257 1593 ἐς
2314 1530 2500 1601 ὄρνεον
2566 1528 3109 1600 μετασχηματισθείς
3167 1528 3414 1597 ἀσελγῶς
3464 1529 3771 1600 διήρπασε·

2203 1620 2393 1690 μισθόν
2421 1637 2481 1673 τε
2512 1620 2613 1690 τῆς
2641 1619 3053 1690 αἰσχρουργίας,
3090 1618 3188 1690 τὴν
3217 1618 3418 1673 κύλικα
3446 1620 3773 1691 παρέσχετο,

2199 1714 2298 1783 τὴν
2346 1710 2664 1781 φιλοτησίαν
2713 1711 3000 1781 προπίνειν
3046 1710 3382 1781 ἐπιτρέψας,
3434 1709 3511 1773 ὡς
3537 1710 3605 1764 ἂν
3637 1710 3773 1780 μετά

2200 1804 2295 1858 τοῦ
2329 1803 2595 1875 νέκταρος
2628 1804 2724 1857 καὶ
2754 1803 2822 1856 τά
2850 1803 3029 1873 ὀνείδη
3060 1802 3257 1867 κοινῶς
3285 1803 3513 1857 πίνοιεν.
3550 1804 3651 1865 Ὃς
3683 1803 3776 1855 καί⁵

2205 1899 2421 1970 μυρίοις
2469 1897 2650 1961 ἄλλοις
2697 1898 3051 1967 ἀτοπήμασι,
3105 1896 3204 1949 καὶ
3252 1894 3406 1966 παρά
3444 1895 3560 1956 τοῖς
3600 1894 3778 1947 οὐδέσι

2200 1992 2311 2045 τῶν
2358 1990 2667 2062 ἀνθρώπων
2715 1988 3221 2060 ἀπηγορευμένοις,
3282 1987 3378 2040 καὶ
3424 1986 3561 2058 πρὸς
3600 1988 3780 2040 πᾶσαν

2201 2083 2418 2151 ἀλόγων
2467 2081 2614 2135 ἰδέαν
2666 2081 2696 2133 ὁ
2744 2079 2966 2135 πάντων
3011 2077 3354 2147 ἀλογώτατος
3395 2078 3778 2149 μεταϐληθεὶς,

2200 2175 2530 2245 ἀνδρόγυνος
2576 2173 2833 2241 γίνεται,
2877 2172 2927 2225 εἰ
2973 2171 3067 2225 καὶ
3109 2171 3185 2242 μὴ
3214 2172 3317 2241 τὴν
3341 2169 3609 2241 γαστέρα,
3646 2169 3782 2225 ἀλλά

2202 2268 2335 2338 γοῦν
2368 2267 2460 2320 τὸν
2493 2266 2668 2338 μηρὸν
2698 2262 3014 2336 κυοφορῶν,
3050 2264 3140 2317 ἵνα
3174 2266 3269 2317 καὶ
3296 2263 3469 2316 ταῦτα
3500 2262 3659 2334 παρά
3684 2262 3780 2333 φύ-

2204 2377 2289 2414 σιν
2340 2358 2489 2428 αύτῷ
2539 2358 2856 2430 πράττοιτο.
2906 2350 2983 2413 Oi:
3012 2344 3108 2410 καὶ
3141 2356 3202 2410 τὸ
3230 2355 3566 2428 διθύραμϐον
3594 2355 3781 2428 κύημα

2202 2450 2532 2522 ἀνδρόγυνον
2574 2448 2869 2520 γενόμενον
2897 2487 2913 2514 ,
2971 2446 3243 2517 ἑκατέραν
3294 2446 3547 2519 ἐνύϐρισε
3600 2448 3779 2517 φύσιν,

2206 2540 2387 2613 μέθης
2424 2540 2654 2612 ἔξαρχον
2675 2582 2692 2608 ,
2746 2540 3098 2611 οἰνοφλυγίας
3127 2556 3187 2593 τε
3216 2535 3285 2593 αὖ
3319 2540 3415 2594 καὶ
3446 2539 3780 2611 κραιπάλης,

2204 2632 2298 2687 καί
2327 2649 2391 2702 γε
2425 2632 2815 2703 ὲωλοκρασίας,
2855 2632 2952 2687 καὶ
2983 2632 3091 2685 τῶν
3124 2631 3374 2686 ἐντεῦθεν
3401 2631 3612 2687 δεινῶν.
3642 2631 3784 2685 Τού-

2203 2740 2282 2794 τῳ
2328 2721 2408 2792 τῷ
2450 2721 2678 2793 αἰγιόχῳ
2714 2721 2793 2793 τῷ
2839 2719 3175 2793 ὲριϐρεμέτη
3209 2720 3303 2775 καί
3329 2738 3381 2775 τι
3410 2721 3613 2791 σεμνὸν
3645 2721 3784 2792 (46)

2205 2815 2385 2867 ἐκεῖνο
2434 2812 2779 2883 περιτιθέασι
2802 2853 2817 2874 ,
2871 2811 3209 2883 πατραλοίαν
3249 2811 3657 2876 ἀποκαλοῦντες
3689 2812 3786 2883 τὴν

2206 2904 2443 2975 ἐσχάτην
2467 2904 2620 2974 παρὰ
2643 2906 2779 2958 πᾶσι
2802 2902 3016 2974 ποινὴν,
3037 2897 3126 2956 οἷα
3146 2903 3239 2956 τὸν
3261 2902 3471 2973 Κρόνον
3489 2901 3582 2956 τδν
3600 2903 3785 2965 κακῶς

2207 2997 2372 3049 αὑτὸν
2400 3000 2649 3066 φύσαντα
2679 2994 2781 3065 τῆς
2811 2994 3089 3064 βασιλείας
3114 2993 3483 3063 ὲξωθήσαντα.
3536 2994 3606 3046 Τί
3647 2993 3694 3046 δ’
3722 2995 3786 3046 ἀν

530 3091 827 3155 utrumque
873 3098 1064 3139 sexum
1095 3086 1429 3152 contumelia
1454 3086 1670 3143 aﬂ’eeit:
1704 3098 1898 3144 auctor
1924 3095 2096 3142 temu-

2209 3089 2376 3160 φαίην
2410 3089 2506 3143 καὶ
2535 3088 2664 3159 περὶ
2694 3088 2792 3158 τῆς
2820 3085 3250 3159 θεουργηθείσης
3282 3086 3469 3147 αὐτοῖς
3503 3084 3784 3155 πορνείας,

529 3173 736 3241 lentiae,
767 3173 1072 3241 ebrietatis,
1107 3182 1165 3231 et
1192 3176 1449 3245 crapulae.
1480 3186 1536 3232 et
1561 3177 1805 3232 omnium
1828 3194 1951 3248 quae
1974 3177 2108 3233 inde

528 3275 834 3321 nascuntur
877 3266 1169 3321 malorum.
1212 3266 1353 3321 Huic
1382 3266 1650 3338 ZEgiocbo
1687 3277 1746 3325 et
1784 3268 2106 3324 Altitonanti

531 3356 683 3411 aliud
709 3355 969 3426 quiddam
1016 3366 1077 3411 ut
1118 3358 1471 3429 magnificum
1518 3360 1851 3426 attribuunt,
1882 3359 2111 3431 parrici-

531 3446 655 3501 dam
698 3461 826 3501 eum
874 3447 1235 3516 appellantes,
1288 3448 1435 3518 quod
1482 3450 1791 3505 extremum
1823 3451 1967 3521 apud
1993 3466 2111 3505 om-

531 3552 633 3592 nes
676 3537 860 3594 scelus
887 3538 1271 3594 existimatur:
1298 3548 1590 3610 propterea
1619 3541 1768 3612 quod
1808 3534 2108 3597 Saturnum

530 3627 624 3697 qui
654 3628 799 3683 malo
826 3627 940 3683 fato
970 3628 1148 3699 ipsum
1173 3637 1462 3700 genuerat,
1491 3646 1559 3684 ex
1590 3647 1759 3702 regno
1783 3633 2106 3702 expulisset.

528 3719 649 3775 Jam
672 3736 803 3775 vero
828 3721 962 3791 quid
993 3721 1061 3776 de
1090 3724 1428 3778 scortatione
1450 3722 1629 3778 dicam
1655 3724 1725 3778 ab
1754 3724 1889 3794 ipsis
1916 3739 2109 3780 conse-

529 3820 704 3877 crata,
754 3812 845 3866 cui
893 3811 1165 3868 Venerem
1225 3813 1485 3886 Cypriam
1530 3829 1563 3870 e
1606 3815 1821 3870 concha
1867 3816 2107 3887 genitam

530 3902 937 3971 praefecerunt:
969 3920 1090 3974 quas
1116 3906 1513 3962 continentiam
1559 3907 1808 3976 quidem,
1848 3916 2106 3977 tanquam

530 3992 712 4048 scelus
755 3993 1032 4063 quoddam
1084 4011 1149 4050 ac
1191 3997 1471 4067 piaculum
1516 4005 1851 4052 aversatur:
1901 3997 2110 4067 stupris

529 4098 664 4139 vero
684 4094 743 4140 et
771 4087 1111 4156 quibuslibet
1136 4088 1358 4160 ﬂagitiis
1381 4089 1711 4154 delectatur,
1759 4087 1938 4158 iisque
1976 4088 2110 4157 ipsis

528 4174 636 4229 coli
679 4191 800 4232 sese
837 4192 901 4231 ac
928 4178 1135 4248 placari
1163 4178 1337 4249 cupit.
1364 4178 1502 4234 Cum
1533 4194 1640 4248 qua
1674 4178 1817 4234 Mars
1845 4192 2108 4249 congres~

528 4279 645 4328 sus,
676 4273 799 4320 astu
823 4265 1052 4321 Vulcani
1082 4266 1316 4334 reliquis
1346 4266 1453 4321 diis
1482 4267 1816 4336 spectandus
1854 4281 1918 4322 ac
1957 4267 2108 4322 deri-

528 4356 745 4413 dendus
799 4360 1121 4428 exponitur.
1170 4359 1373 4414 Riserit
1426 4358 1595 4414 etiam
1651 4374 1763 4414 non
1826 4359 2108 4414 immerito

2210 3178 2246 3260 ᾖ
2292 3185 2391 3254 τὴν
2428 3181 2753 3254 Ἀφροδίτην
2806 3180 2906 3252 τήν
2933 3178 3366 3249 κοχλογεννήτην
3389 3175 3650 3246 Κυπρίαν
3693 3176 3786 3227 ἐπλ-

2209 3275 2468 3345 έστησαν,
2500 3274 2602 3343 τὴν
2642 3272 2740 3343 μὲν
2772 3270 3149 3342 σωφροσύνην,
3187 3268 3262 3333 ὡς
3295 3267 3487 3337 ὲναγές
3515 3284 3568 3320 τι
3601 3266 3787 3338 χρῆμα

2209 3366 2303 3420 καὶ
2345 3363 2625 3435 τηνάλλως
2659 3363 2888 3416 ἔκτοπον
2922 3359 3339 3430 μυσαττομένην
3360 3374 3376 3389 ο
3423 3356 3704 3429 πορνείαις
3730 3353 3786 3409 δὲ

2208 3458 2305 3512 καὶ
2334 3457 2537 3520 πάσαις
2565 3452 2983 3526 αἰσχρουργίαις
3005 3451 3293 3522 ήδομὲνην,
3318 3449 3413 3503 καὶ
3434 3448 3653 3512 τούτοις
3679 3447 3790 3502 na-

2210 3549 2436 3605 σκεσθαι
2467 3546 2821 3621 βουλομένην.
2859 3543 2996 3599 Μεθ’
3025 3536 3093 3615 ἦς
3118 3544 3293 3613 Ἄρης
3322 3542 3648 3612 ἀσχημονεῖ,
3684 3540 3788 3602 τοῖς

2219 3636 2517 3704 Ἡφαίστου
2549 3634 2918 3704 τεχνάσμασιν
2965 3633 3071 3685 ὑπὸ
3116 3633 3227 3693 τοῖς
3258 3628 3399 3694 θεοῖς
3432 3628 3789 3699 θεατριζόμε-

2212 3726 2299 3789 νὸς
2330 3743 2389 3779 τε
2419 3725 2514 3778 καί¹
2539 3723 2867 3793 γελώμενος.
2909 3722 3132 3776 Γελάσοι
3163 3721 3220 3775 δὲ
3245 3721 3309 3776 ἀν
3336 3736 3419 3783 τις
3443 3718 3673 3781 δικαίως
3701 3718 3789 3770 καὶ

2212 3816 2446 3884 φαλλοὺς
2497 3815 2701 3877 αὐτῶν,
2740 3814 2836 3867 καὶ
2898 3812 3244 3881 ἰθυφάλλους,
3278 3812 3374 3865 καὶ
3403 3808 3787 3877 Φαλλαγώγια,

2211 3908 2304 3961 καὶ
2333 3906 2585 3978 Πρίαπον
2615 3903 2989 3976 ὑπερμεγέθη,
3022 3906 3116 3957 καὶ
3140 3905 3293 3957 Πᾶνα
3319 3903 3590 3972 ἀσχημονι
3616 3901 3788 3971 μορίῳ

2209 4001 2543 4068 τιμώμενον,
2602 3997 2696 4050 καί⁸
2743 3996 2812 4049 τὰ
2861 3997 2920 4049 ὲν
2953 3995 3220 4049 Ἐλευσῖνι
3251 3993 3552 4065 μυστήρια,
3583 3990 3709 4044 καθ’
3733 3988 3788 4043 ἒν
3819 4039 3822 4042 .

2214 4091 2373 4162 μόνον
2403 4088 2688 4155 ἐπαινετὰ,
2713 4089 2795 4142 ὅτι
2821 4105 2886 4156 γε
2914 4088 3067 4158 ἥλιος
3089 4088 3189 4158 ούχ
3208 4087 3329 4157 ὁρᾷ,
3354 4084 3491 4139 ἀλλά
3512 4082 3590 4153 τῷ
3610 4082 3787 4148 σκότῳ

2211 4179 2481 4233 συνοικεῖν
2510 4176 3166 4247 κατεκρίθησαν.Τούτων
3184 4177 3294 4239 τοῖς
3318 4173 3559 4245 αἰσχρῶς
3586 4168 3786 4241 τιμῶσί

2188 4283 2269 4332 ,τε
2333 4266 2430 4320 καὶ
2472 4266 2806 4336 τιμωμένοις
2889 4262 3488 4333 καταλιμπανομένων,
3541 4259 3641 4313 ἐπὶ
3692 4255 3785 4327 τὴν

2209 4357 2413 4414 νύσσαν
2442 4358 2536 4411 τὸν
2561 4356 2744 4410 πῶλον
2774 4358 3224 4426 ὲκκεντήσωμεν,
3271 4353 3367 4408 καὶ
3394 4351 3465 4407 τὰ
3489 4350 3783 4421 λειπόμενα

529 4449 805 4520 quispiam
837 4451 1056 4509 Phallos
1079 4467 1296 4517 eorum,
1322 4459 1379 4507 et
1410 4450 1749 4522 Ithyphallos
1788 4466 1852 4507 ac
1893 4452 2101 4507 Phalla-

2208 4450 2307 4520 τῆς
2336 4447 2620 4503 Θεοδοσίου
2650 4446 2931 4518 βασιλείας
2958 4447 3303 4510 εύσυνόπτως
3331 4443 3693 4514 ἀποθώμεθα.

528 4547 709 4616 gogia,
742 4550 799 4601 et
842 4557 1126 4599 enormem
1165 4543 1448 4613 Priapum,
1496 4557 1561 4598 ac
1602 4543 1948 4614 Panem-qui
1994 4543 2141 4613 turpi
2175 4542 2376 4599 colitur
2404 4540 2674 4595 membro.
2705 4538 2961 4610 Mysteria
2993 4538 3122 4592 item
3165 4552 3287 4607 qua:
3350 4534 3610 4590 Eleusine
3643 4534 3781 4589 cclc-

532 4640 783 4705 brantur,
831 4639 904 4694 ob
966 4639 1022 4693 id
1080 4637 1257 4693 solum
1299 4636 1595 4704 laudanda,
1643 4638 1790 4707 quod
1834 4654 1864 4692 a
1905 4639 2019 4697 sole
2060 4654 2172 4693 non
2212 4637 2505 4702 videntur,
2550 4634 2648 4692 sed
2701 4633 2985 4705 perpetuis
3032 4631 3277 4688 tenebris
3328 4631 3584 4687 damnata
3633 4638 3778 4684 sunt.

531 4732 736 4786 Verum
764 4730 883 4784 haec
933 4737 1041 4783 tam
1073 4728 1161 4784 his
1184 4728 1278 4800 qui
1305 4728 1410 4784 ista
1437 4728 1672 4799 turpiter
1697 4729 1906 4795 colunt,
1933 4745 2099 4799 quam
2140 4728 2209 4784 iis
2242 4728 2337 4799 qui
2382 4727 2642 4783 coluntur
2674 4725 3073 4795 relinquentes,
3104 4738 3308 4794 equum
3365 4722 3434 4777 ad
3464 4729 3639 4775 metas
3704 4721 3782 4775 in-

530 4827 789 4891 citemus,
817 4832 873 4881 et
900 4840 1023 4894 qua:
1053 4833 1353 4894 supersunt
1372 4824 1440 4880 de
1472 4806 1640 4880 rebus
1669 4826 1839 4896 gestis
1862 4824 2187 4890 Theodosii,
2221 4823 2470 4880 omnium
2500 4821 2677 4877 oculis
2706 4820 3088 4892 subjiciamus.

1050 4938 1211 5009 265
1239 4938 1391 4995 CAP.
1426 4939 1545 4994 xu.
1811 4954 1820 4962 -

2802 4939 3050 4992 ΚΕΦΔΛ.
3094 4937 3193 4989 lB’.

532 5028 802 5096 Quomodo
845 5034 979 5103 imp.
1005 5033 1318 5089 Theodosius
1362 5034 1602 5088 haeresim
1650 5032 1879 5087 Nestorii
1921 5036 2101 5105 proﬂi-

2215 5036 2409 5100 Ὅπως
2452 5036 2484 5086 ό
2503 5030 2806 5097 βασιλεὺς
2831 5029 3170 5105 Θεοδόσιος.
3196 5026 3311 5093 τὴν
3337 5022 3670 5091 Νωτορίου
3699 5020 3779 5073 αῖ-

1241 5107 1405 5175 9αυὶι.
1863 5131 1865 5133 ι
1921 5097 1932 5105 ’
2019 5097 2030 5104 ’
2276 5153 2281 5159 ,
2384 5097 2395 5100 ⁷
2716 5116 2898 5168 ρεσιν
2938 5097 3289 5153 ἀπελαύνει.

602 5188 817 5259 Scripta
848 5200 933 5247 est
961 5192 1029 5248 ab
1062 5153 1267 5249 eodeni
1304 5196 1637 5265 imperatore
1663 5196 1985 5251 constitutio
2008 5196 2101 5250 ad-

2276 5153 2594 5263 l‘éypantat
2622 5191 2666 5245 δ’
2696 5153 2790 5246 0'69
2833 5189 2982 5260 αύτῷ
3014 5186 3360 5256 πανευσεϐὴς
3389 5182 3654 5249 διάταξις,
3680 5182 3776 5235 ἀνα

529 5281 756 5337 modum
782 5284 872 5355 pia
894 5302 910 5351 ;
932 5302 1054 5356 quae
1073 5288 1246 5343 relata
1264 5296 1349 5343 est
1367 5288 1423 5345 in
1442 5288 1622 5359 primo
1647 5288 1940 5345 Iustiniani
1963 5289 2101 5344 libro

2208 5286 2270 5340 τὺ
2299 5284 2509 5356 πρῶτον
2533 5284 2733 5354 βιϐλίον
2762 5285 3009 5355 κειμένη,
3045 5278 3418 5337 ἰουστινιανού
3446 5276 3625 5343 Κώδιξ
3654 5274 3776 5328 ὠνό-

605 5439 627 5469 δ
658 5436 703 5494 ll
736 5436 866 5495 Cor.
898 5455 992 5508 xu,
1033 5440 1086 5495 9.

1739 5559 2010 5614 VALESll
2053 5552 2614 5615 ANNOTATIONES.

603 5659 713 5782 3&6)
749 5657 861 5740 ιςαί
912 5675 964 5711 τι
994 5658 1239 5739 ρἐμνὸν.
1292 5656 1409 5713 Νοιι
1462 5656 1653 5713 dubito
1688 5656 1818 5726 quin
1857 5656 2101 5712 scribcnd

656 5744 855 5782 nasstm
892 5739 1131 5782 nos‘itum
1160 5738 1279 5782 erat
1311 5744 1411 5782 nro
1438 5730 1533 5782 ὡς.

2203 5652 2405 5718 ιείιῶς
2434 5669 2485 5707 τι
2542 5649 2760 5722 σεμνόν,
2795 5659 2927 5717 etc.,
2970 5648 3025 5704 in
3064 5649 3152 5705 his
3200 5647 3347 5703 enim
3377 5646 3591 5720 Evagrii
3618 5642 3769 5703 libris

532 5729 625 5783 καί
654 5730 855 5797 passim
891 5729 1131 5798 positum
1160 5738 1279 5784 erat
1310 5744 1411 5799 pro
1438 5730 1533 5792 ὠς.
