3970 6508
487 321 632 384 2ί53

1701 325 2015 387 EVAGRII
2059 326 2549 389 SCHOLASTICI

3614 328 3764 393 2456

489 432 745 487 moravit.
783 432 987 486 Verum
1035 429 1525 502 deprehendimus,
1557 433 1610 488 id
1662 433 1730 491 ab
1784 437 1896 493 illis
1927 455 2066 508 pra:-

2175 443 2328 514 παρὰ
2352 443 2464 505 τοῖς
2489 442 2588 511 τῆς
2613 440 2774 510 ἁγίας
2803 439 3011 511 ἐρήμου
3043 438 3471 510 κατειλήφαμεν,
3497 439 3604 492 καὶ
3623 435 3766 513 παρ’

489 526 648 596 cipue
681 524 944 579 omissum
988 539 1131 590 esse,
1184 526 1342 596 cujus
1388 527 1653 582 memoria
1693 531 1838 599 apud
1865 542 2068 587 sancta:

489 618 806 674 solitudinis
833 618 1042 690 incolas
1071 620 1373 674 etiamnum
1403 631 1676 687 servatur,
1707 631 1764 678 et
1795 629 1941 694 quod
1967 640 2068 681 nos

489 710 694 764 abillis
719 709 1056 780 accepimus.
1103 711 1240 766 Cum
1283 711 1452 782 igitur
1507 711 1808 785 Symeones
1841 716 1944 771 iste
1971 717 2067 786 qui

491 802 544 854 in
573 800 738 856 terris
767 801 1015 871 angelus,
1046 809 1102 856 et
1147 801 1203 855 in
1233 817 1400 857 carne
1431 801 1569 858 civis
1605 804 1849 859 caelestis
1870 803 2069 860 Hieru-

488 893 656 947 salem
684 892 811 958 l'uit,
865 909 1064 949 novam
1123 894 1268 949 hanc
1320 903 1377 951 et
1430 895 1759 952 mortalibus
1800 900 2068 956 hactenus

488 986 730 1057 ignotam
756 987 977 1043 vivendi
1010 988 1278 1044 rationem
1315 991 1667 1059 instituisset,
1696 1004 1899 1051 sancta:
1939 997 2068 1052 soli-

491 1078 703 1134 tudinis
724 1079 917 1135 incol:e
943 1082 1235 1150 quemdam
1291 1083 1361 1138 ad
1409 1099 1537 1140 eum
1579 1086 1876 1154 miserunt,
1910 1104 2067 1144 man-

489 1170 685 1226 dantes
714 1181 774 1226 ut
801 1187 868 1226 ex
896 1172 990 1227 illo
1014 1173 1414 1241 sciscitaretur,
1459 1192 1710 1247 quaenam
1749 1189 1899 1235 esset
1949 1180 2067 1236 hzec

488 1274 630 1314 nova
675 1275 741 1314 ac
787 1261 1078 1330 peregrina
1113 1263 1481 1330 conversatio,
1529 1273 1586 1320 et
1631 1280 1731 1320 cur
1768 1267 1914 1320 viam
1953 1268 2064 1338 jam

490 1351 673 1406 tritam
695 1359 750 1407 et
765 1361 1080 1408 sanctorum
1107 1351 1358 1421 vestigiis
1376 1353 1696 1425 impressam
1724 1357 2062 1428 relinquens.

490 1442 650 1495 aliam
705 1442 822 1513 ipse
877 1458 1072 1497 novam
1119 1445 1368 1514 nullique
1415 1445 1732 1500 mortalium
1767 1447 1949 1502 adhuc
1973 1463 2067 1503 co-

491 1533 694 1602 gnitam
721 1531 1002 1587 inivisset:
1039 1533 1202 1588 simul
1247 1534 1630 1605 praecipientes
1656 1536 1707 1590 ei
1741 1543 1802 1590 ut
1830 1537 2064 1594 descen-

490 1623 670 1688 deret,
697 1631 756 1677 et
781 1623 1081 1679 electorum
1112 1625 1336 1680 Patrum
1379 1625 1523 1680 viam
1582 1627 1881 1684 insiSteret.
1905 1628 2062 1695 Quod

488 1712 536 1768 si
586 1712 679 1767 ille
729 1721 978 1783 paratum
1026 1729 1085 1769 se
1128 1714 1464 1771 ostendisset
1491 1715 1560 1771 ad
1593 1716 2062 1787 descendendum,

2171 535 2353 590 αὐτῶν
2381 532 2824 606 παρειλήφαμεν.
2856 531 2986 584 Ὅτε
3011 529 3056 584 δ’
3085 526 3179 584 οὖν
3205 529 3498 602 Συμεὼνης
3534 525 3707 596 οὗτος
3733 534 3764 584 ό

2171 628 2266 682 ἐπὶ
2291 629 2391 696 τῆς
2429 626 2534 697 γῆς
2565 623 2820 693 ἄγγελος,
2854 622 2882 674 ό
2909 623 2970 676 ἐν
3000 622 3164 690 σαρκὶ
3195 621 3298 692 τῆς
3325 622 3440 675 ἄνω
3472 624 3766 692 Ἰερουσα..

2169 717 2282 788 λὴμ
2311 716 2560 785 πολίτης,
2599 713 2698 784 τὴν
2737 712 2897 783 ξένην
2919 708 3123 781 ταύτην
3164 710 3259 763 καὶ
3291 713 3404 774 τοῖς
3433 711 3763 782 ἀνθρώποις

2169 807 2392 876 ἀγνῶτα.
2419 805 2607 879 τρίϐον
2634 803 2985 874 ἐπετήδευσε,
3018 800 3293 884 στέλλουσί
3326 818 3448 879 τινα
3480 801 3624 872 παρ’
3660 803 3765 856 αὖ-

2167 900 2259 954 τὸν
2285 899 2336 953 οἰ
2363 901 2464 971 τῆς
2512 896 2675 966 ἁγίας
2705 897 2936 966 ἐρήμου,
2967 893 3336 964 ἐντειλάμενοι
3377 893 3544 963 φάναι
3582 894 3677 957 τίς
3725 897 3761 964 ἡ

2169 989 2509 1064 ξενοπρεπὴς
2540 987 2680 1059 αὕτη
2712 987 2978 1041 πολιτεία·
3011 986 3063 1039 τί
3091 985 3190 1057 τὴν
3232 985 3617 1056 τετριμμένην
3661 987 3762 1038 καὶ
3855 993 3861 997 '

2166 1089 2282 1152 τοῖς
2314 1084 2494 1155 ἁγίοις
2527 1081 2923 1151 πεπατημένην
2948 1077 3070 1133 ὁδὸν
3093 1077 3274 1146 ἀφεὶς,
3305 1076 3472 1148 ἄλλην
3498 1076 3635 1130 τινὰ
3661 1075 3761 1143 ξέ-

2166 1196 2265 1250 νην
2323 1176 2422 1231 καὶ
2499 1176 2612 1238 τοῖς
2684 1170 2994 1242 ἀνθρώποις
3048 1166 3304 1232 καθάπαξ
3364 1167 3759 1236 ἀγνοουμένην

2164 1267 2363 1325 ὁδεύει·
2392 1267 2488 1321 καὶ
2515 1265 2591 1329 ὡς
2635 1261 3071 1332 ἐπιτετράφασιν
3101 1259 3252 1330 αὐτῷ
3280 1257 3621 1328 καταϐῆναι,
3656 1259 3759 1311 καὶ

2165 1360 2266 1432 τὴν
2300 1358 2408 1413 τῶν
2444 1355 2717 1412 ἐκλεκτῶν
2767 1351 3025 1421 Πατέρων
3051 1350 3170 1404 ὁδὸν
3215 1347 3418 1403 ἀνύειν.
3452 1350 3664 1419 Οἴπερ,
3703 1347 3756 1400 εἰ

2171 1453 2270 1523 μὲν
2299 1449 2555 1518 ἐκθύμως
2587 1447 2701 1518 (50)
2735 1443 2928 1500 ἑαυτὸν
2956 1441 3092 1514 πρὸς
3116 1441 3221 1511 τὴν
3247 1441 3552 1495 κατάϐασιν
3603 1441 3754 1510 δοίη,

2171 1545 2480 1616 συγχωρεῖν
2509 1539 2802 1595 ἐκέλευσαν
2827 1535 2979 1606 αὑτῷ
3023 1534 3122 1606 τὴν
3164 1535 3301 1588 ἰδίαν
3339 1533 3654 1605 ἐκτρέχειν·
3687 1534 3755 1584 ἐκ

2165 1635 2276 1706 γὰρ
2322 1635 2422 1706 τῆς
2468 1629 2716 1700 ὑπακοῆς
2747 1629 2905 1700 δῆλον
2933 1623 3093 1692 εἶναι,
3121 1627 3197 1691 ὡς
3237 1629 3302 1680 ἐκ
3333 1623 3469 1678 Θεοῦ
3502 1623 3756 1692 ποδηγη-

2167 1727 2282 1790 θεὶς
2325 1720 2426 1780 ὧδε
2470 1721 2762 1778 διαθλεύει.
2811 1721 2877 1776 Εἰ
2915 1719 2976 1774 δέ
3022 1735 3085 1788 γε
3117 1717 3421 1785 ἀντισταίη,
3447 1716 3482 1785 ἦ
3515 1715 3621 1767 καὶ
3652 1713 3750 1766 τοῦ

481 1803 769 1871 jusserunt
799 1811 859 1857 ut
879 1817 980 1857 suo
1006 1817 1158 1859 more
1189 1805 1376 1861 vivere
1414 1805 1713 1862 sineretur.
1735 1807 2062 1865 Obedientia

2170 1787 2302 1873 ἰδίου
2345 1815 2652 1886 Θελήματος
2697 1809 2883 1873 δοῦλος
2927 1807 3159 1877 γένοιτο,
3212 1806 3309 1858 καὶ
3354 1805 3428 1874 μὴ
3471 1803 3618 1873 πρὸς
3651 1801 3754 1870 την

482 1894 632 1949 enim
661 1895 783 1966 ejus
810 1894 946 1950 satis
995 1895 1285 1963 declarari,
1332 1897 1479 1967 quod
1529 1897 1643 1954 Deo
1701 1898 1841 1956 duce
1899 1908 2066 1972 atque

485 1996 712 2041 auctore
741 1986 1056 2057 huiusmodi
1107 1988 1556 2044 exercitationem
1616 1991 1969 2061 suscepisset.
2007 1991 2066 2048 Si

486 2093 617 2132 vero
647 2077 1005 2142 detrectaret,
1062 2094 1126 2134 ac
1185 2081 1422 2150 propriae
1473 2081 1744 2137 voluntati
1777 2083 2065 2140 «inservire

486 2169 690 2235 mallet,
734 2185 839 2226 nec
896 2170 1138 2240 ipsorum
1175 2171 1400 2227 monitis
1452 2173 1601 2230 illico
1643 2175 2064 2245 obsequeretur,

487 2264 818 2341 mandarunt
867 2275 930 2321 ut
979 2281 1108 2321 eum
1158 2268 1212 2323 vi
1269 2269 1560 2339 abreptum
1596 2270 1934 2328 detraheret.
1959 2273 2064 2341 Qui

487 2336 614 2412 eum
642 2357 712 2411 ad
759 2359 916 2414 illum
966 2359 1226 2427 venisset,
1274 2369 1331 2416 et
1376 2336 1598 2417 Patrum
1649 2363 1702 2418 ei
1746 2336 2063 2421 mandatum

487 2459 853 2519 exposuisset,
880 2459 938 2507 et
985 2451 1270 2509 confestim
1317 2451 1554 2526 Symeon
1592 2453 1829 2511 alterum
1867 2456 2065 2527 pedem

488 2539 804 2597 demisisset
857 2550 918 2597 ut
963 2545 1256 2615 praeceptis
1290 2545 1510 2602 Patrum
1536 2545 1980 2618 obtemperaret:
2020 2551 2068 2605 is

487 2631 584 2701 qui
615 2631 684 2687 ad
710 2632 868 2687 illum
898 2635 1101 2690 missus
1129 2635 1328 2701 fuerat,
1353 2636 1604 2708 permisit
1625 2637 1699 2702 ei.
1751 2649 1810 2693 ut
1841 2655 2066 2695 cursum

487 2739 652 2794 quem
684 2724 995 2780 instituerat
1022 2735 1256 2790 teneret,
1284 2728 1372 2783 his
1404 2745 1531 2786 eum
1585 2731 1774 2786 verbis
1822 2733 2069 2804 compeio

489 2816 644 2870 lans:
678 2815 858 2872 Fortis
892 2827 1032 2882 esto,
1077 2826 1135 2873 et
1165 2818 1403 2876 viriliter
1435 2836 1553 2891 age.
1575 2822 1748 2878 Statio
1777 2833 1870 2880 tua
1897 2841 1928 2879 a
1955 2827 2067 2882 Deo

487 2915 595 2964 est.
645 2907 761 2963 Hoc
809 2907 1098 2981 Symeonis
1156 2909 1360 2966 factum
1407 2929 1632 2983 prorsus
1685 2917 2067 2985 memorabile,

491 2996 596 3052 hoc
624 2996 748 3052 loco
785 3001 1232 3066 commemoravi,
1256 3000 1404 3072 quod
1429 3011 1609 3058 tamen
1637 3004 1705 3059 ab
1738 3004 1808 3060 iis
1850 3005 1946 3077 qui
1998 3006 2067 3062 de

491 3088 589 3144 illo
639 3089 999 3158 scripserunt,
1051 3093 1480 3161 praetermissum
1518 3103 1622 3149 est.
1674 3095 1848 3151 Tanta
1897 3113 2066 3168 porro

489 3179 691 3236 divinae
739 3181 926 3253 gratiae
962 3182 1144 3238 virtus
1195 3183 1252 3237 in
1285 3199 1352 3239 eo
1384 3183 1584 3252 inerat,
1629 3196 1693 3242 ut
1732 3203 1856 3243 cum
1888 3189 2065 3259 Impe-

490 3280 640 3327 rator
675 3271 1022 3330 Theodosius
1070 3275 1275 3331 ludatis
1315 3275 1662 3333 Antiochiam
1697 3279 2071 3337 incolentibus

489 3379 788 3436 synagogas
815 3382 953 3436 quas
981 3366 1279 3422 Christiani
1314 3367 1424 3425 illis
1458 3369 1801 3438 ademerant,
1842 3375 2066 3429 restitui

484 3456 760 3523 iussisset,
805 3457 1043 3529 Symeon
1077 3468 1224 3515 tanta
1261 3476 1387 3516 cum
1446 3461 1647 3518 ﬁducia
1697 3479 1764 3519 ac
1808 3465 2069 3521 libertate

422 3551 427 3556 '
487 3545 555 3600 ad
577 3563 703 3603 eum
727 3549 1030 3620 scripserit,
1050 3561 1268 3624 tamque
1293 3554 1494 3610 acriter
1515 3571 1640 3610 eum
1671 3556 2066 3628 obiurgaverit,

488 3642 665 3696 solum
698 3641 1086 3712 imperatorem
1120 3659 1282 3700 suum
1334 3647 1505 3702 Deum
1545 3648 1840 3713 reveritus,
1873 3657 1934 3703 ut
1973 3650 2067 3703 im-

487 3742 708 3802 perator
734 3733 1100 3801 Theodosius,
1147 3746 1401 3792 revocata
1439 3737 1688 3808 jussione
1713 3753 1834 3804 sua,
1866 3750 2066 3795 cuncta

488 3825 555 3878 in.
595 3824 823 3894 gratiam
885 3825 1331 3882 Christianorum
1393 3828 1625 3896 fecerit;
1687 3836 1744 3884 et
1803 3831 2070 3901 prafecto

489 3915 729 3982 praetorii
761 3915 857 3985 qui
887 3917 1003 3971 hazc
1023 3917 1126 3986 ipsi
1158 3928 1526 3989 suggesserat,
1545 3928 1873 3989 potestatem
1905 3921 2068 3976 ahro—

487 4007 698 4074 gaverit
723 4023 736 4060 :
760 4007 1092 4077 petieritque
1113 4009 1441 4065 nominatim
1464 4024 1494 4063 a
1522 4010 1870 4065 sanctissimo
1901 4021 2065 4082 atque

489 4097 643 4151 aerio
700 4110 960 4170 martyre,
1015 4110 1077 4156 u-t
1142 4117 1242 4171 pro
1307 4102 1429 4170 ipso
1492 4102 1664 4157 Deum
1723 4113 2065 4171 precaretur,

491 4205 758 4261 suamque
823 4192 926 4263 ipsi
992 4193 1440 4250 benedictionem
1501 4190 1832 4264 impertiret.
1893 4195 2068 4251 Porro

494 4280 730 4352 Symeon
773 4281 831 4336 in
877 4281 981 4338 hac
1031 4283 1426 4341 exercitatione
1457 4299 1551 4340 sex
1584 4295 1641 4340 et
1669 4284 2064 4356 quinquaginta

2165 1909 2472 1982 ἐπιτροπὴν
2509 1905 2878 1974 ἰθυδρομήσοι,
2915 1900 3012 1955 καὶ
3041 1901 3178 1971 πρὸς
3205 1898 3327 1969 βίαν
3349 1895 3514 1950 αὐτὸν
3545 1893 3754 1948 καθέλ-

2166 2023 2306 2061 κειν.
2343 2005 2440 2066 Ὃς
2460 1989 2766 2067 ’ἐπειδήπερ
2817 1997 2949 2067 παρ’
2995 1995 3158 2049 αὐτὸν
3199 1991 3436 2060 ἐγένετο,
3495 1988 3598 2042 καὶ
3647 1987 3753 2055 τὴν

2165 2097 2273 2151 τῶν
2320 2093 2581 2162 Πατέρων
2629 2086 2962 2159 ἀπήγγειλεν
2997 2085 3236 2155 ἐντολὴν,
3265 2083 3465 2144 εὐθέως
3488 2097 3552 2132 τε
3585 2078 3752 2131 Θάτε-

2171 2205 2260 2260 ρον
2286 2187 2402 2240 τοῖν
2437 2181 2619 2236 ποδοῖν
2657 2176 3007 2249 προύπεμψε,
3033 2175 3140 2229 τῶν
3171 2174 3428 2245 Πατέρων
3472 2172 3578 2242 τὴν
3622 2170 3750 2221 ἐπι-

2167 2277 2379 2350 τροπὴν
2429 2270 2786 2344 ἐκπληρῶσαι
2852 2269 3194 2338 βουλόμενος,
3239 2265 3388 2336 ἀφίει
3435 2264 3608 2316 αὑτὸν
3647 2261 3750 2331 τὴν

2169 2373 2307 2427 ἰδίαν
2340 2369 2461 2423 όδδν
2502 2365 2833 2436 ἐκπληροῦν,
2889 2361 3384 2432 ἐπιφθεγξάμενος·
3420 2360 3608 2428 Ἵσχυε
3649 2357 3747 2409 καὶ

2167 2459 2455 2534 ἀνδρίζου·
2496 2461 2530 2530 η
2585 2459 2772 2520 στάσις
2832 2472 2926 2510 σου
2967 2455 3119 2525 παρὰ
3159 2451 3296 2506 Θεοῦ
3327 2453 3497 2504 ἐστιν.
3528 2450 3604 2504 Ὀ
3655 2465 3747 2516 μοι

2169 2553 2449 2621 ἀξιόλογον
2472 2548 2533 2604 δν
2557 2547 2802 2618 ἐξετέθη,
2829 2549 2943 2610 τοῖς
2969 2545 3100 2617 περὶ
3119 2542 3287 2598 αὑτοῦ
3311 2543 3575 2612 γραφεῖσι
3597 2555 3754 2604 παρα

2166 2644 2400 2716 ειμένον.
2444 2639 2632 2710 Τούτῳ
2677 2637 2934 2692 τοσοῦτον
2987 2639 3020 2708 ὴ
3062 2636 3159 2705 τῆς
3203 2633 3353 2697 Θείας
3395 2633 3624 2705 χάριτος
3656 2631 3745 2682 ἐν⁴

2167 2737 2373 2808 έσκηψε
2395 2721 2746 2803 δύναμιςηῖἰς
2774 2721 2870 2784 καὶ
2895 2727 3174 2782 Θεοδοσίου
3207 2725 3298 2780 τοῦ
3339 2723 3748 2793 αὐτοκράτορος

2166 2827 2552 2886 τεθεσπικότος
2597 2823 2714 2886 τοῖς
2762 2819 2906 2874 κατὰ
2968 2820 3067 2888 τὴν
3130 2815 3405 2886 Ἀντιόχου
3463 2811 3746 2870 Ἰουδαίοις

2167 2916 2495 2985 ἀποδοθῆναι
2545 2912 2648 2974 τὰς
2700 2913 2850 2981 σφῶν
2892 2911 3240 2979 συναγωγὰς,
3273 2907 3451 2975 ἇσπερ
3494 2903 3748 2972 ἔφθησαν

2168 3008 2322 3080 παρὰ
2356 3006 2702 3078 Χριστιανῶν
2739 3002 3120 3077 ἀφῃρημένοι,
3151 2997 3294 3053 οὕτω
3324 2994 3612 3068 παρρησία
3653 2991 3746 3059 γέ-

2089 3141 2134 3203 C
2168 3116 2400 3172 γραφεν,
2446 3097 2588 3151 οὕτω
2640 3093 2885 3165 σφοδρῶς
2931 3089 3254 3203 ἐπετίμησε),
3288 3085 3446 3203 μόνον
3461 3081 3748 3203 attigui»

2171 3192 2396 3264 βασιλέα
2413 3188 2834 3258 εὐλαϐούμενος,
2863 3185 2940 3248 ὡς
2969 3183 3064 3237 καὶ
3089 3183 3182 3235 τὸν
3211 3177 3433 3251 βασιλέα
3461 3175 3746 3229 Θεοδόσιον

2169 3285 2269 3348 τὰς
2323 3283 2458 3345 ἰδίας
2504 3278 2979 3347 ἀνακαλεσάμενον
3027 3274 3328 3337 κελεύσεις,
3376 3270 3556 3324 πάντα
3611 3264 3746 3337 πρὸς

2171 3376 2332 3446 χάριν
2376 3370 2722 3443 Χριστιανῶν
2771 3366 3148 3439 ἐκπληρῶσαι·
3174 3362 3511 3435 ρπαραλῦσαι
3558 3359 3619 3412 δέ
3651 3355 3746 3410 καὶ

2169 3466 2262 3520 τὸν
2289 3463 2536 3536 ὕπαρχον
2570 3462 2663 3516 τὸν
2683 3460 2859 3515 ταῦτα
2884 3458 3168 3526 διδάξαντα
3190 3457 3286 3524 τῆς
3314 3454 3508 3526 ἀρχῆς·
3543 3447 3744 3521 δεηθῆ-

2171 3556 2259 3611 ναί
2287 3572 2346 3608 τε
2371 3553 2467 3607 τοῦ
2502 3551 2773 3618 παναγίου
2820 3551 2917 3604 καὶ
2956 3549 3142 3620 ἀερίου
3183 3547 3461 3618 μάρτυρος
3497 3541 3598 3596 ἐπὶ
3649 3539 3746 3610 ῥή-

2174 3663 2344 3718 ματος
2373 3645 2510 3715 (51),
2542 3645 2810 3699 ἱκετεύειν
2854 3660 2912 3696 τε
2960 3643 3051 3698 καὶ
3084 3638 3338 3710 εὔχεσθαι
3383 3637 3524 3706 ὑπὲρ
3552 3630 3743 3693 αὑτοῦ,

2169 3739 2264 3793 καὶ
2292 3737 2392 3809 τῆς
2415 3739 2626 3801 οἰκείας
2656 3738 2906 3806 εὐλογίας
2946 3732 3305 3806 μεταδιδόναι.
3342 3726 3604 3797 Διέτριψε
3635 3720 3743 3776 τοί·
3847 3778 3862 3784 _

2169 3846 2264 3882 νυν
2315 3828 2374 3880 ἐν
2409 3829 2575 3898 σαρκὶ
2605 3827 2756 3881 τόνδε
2799 3826 2889 3879 τὸν
2931 3825 3042 3896 βίον
3081 3820 3378 3875 amonem
3416 3819 3509 3888 ἐτη
3541 3816 3605 3880 ἐξ
3653 3812 3743 3866 καὶ

2171 3921 2541 3990 πεντήκοντα·
2587 3921 2645 3972 ἐν
2682 3919 2780 3987 μὲν
2817 3917 2896 3988 τῷ
2933 3917 3136 3987 πρώτῳ
3173 3911 3573 3986 φροντιστηρίῳ
3620 3906 3745 3960 ἔνθα

2173 4009 2244 4065 τὰ
2277 4010 2398 4064 θεῖα
2428 3997 2735 4081 κατηχήθη,
2763 4009 2859 4079 ἐτη
2901 4007 3080 4062 ἐννέα·
3113 4009 3169 4059 ἐν
3197 4005 3253 4058 δὲ
3280 4003 3348 4057 αὖ
3378 4006 3444 4073 τῇ
3471 3998 3741 4069 καλουμέο

2175 4117 2243 4176 νῃ
2275 4102 2504 4174 Μάνδρα
2529 4101 2625 4174 (ο),
2651 4101 2792 4154 ἐπτὰ
2836 4100 2930 4154 καὶ
2959 4097 3391 4167 τεσσαράκοντα·
3415 4093 3472 4146 ἐν
3499 4110 3614 4144 τινι
3650 4089 3744 4161 μὲν

2175 4193 2436 4265 στενωπῷ
2454 4193 2601 4247 ἐτεσι
2623 4193 2758 4247 δέκα
2791 4192 2882 4246 τὸν
2908 4191 3094 4258 ἀγῶνα
3124 4188 3403 4252 διανύσας·
3434 4188 3492 4239 ἐν
3517 4185 3574 4239 δὲ
3605 4183 3743 4238 κίοσι

2176 4287 2530 4358 βραχυτέροις
2550 4284 2712 4353 ἑπτὰ,
2747 4284 2844 4338 καὶ
2874 4284 2967 4337 ἐπὶ
2999 4280 3610 4353 τεσσαρακοντάπηχυν,
3652 4274 3742 4341 ἐτη

1698 4422 1966 4479 VALESH
2005 4423 2565 4482 ANNOTATIONES.

491 4515 778 4572 codicibus
820 4514 923 4570 has
971 4513 1390 4587 emendationes
1443 4517 1926 4587 transcripserant.
1960 4519 2067 4574 Alii
2101 4525 2142 4579 [ι
2176 4529 2265 4574 tur
2297 4534 2417 4574 esse
2462 4519 2630 4573 verba
2677 4518 2809 4587 imp.
2837 4514 3159 4587 Theodosii,
3169 4530 3272 4587 _ex
3302 4513 3556 4587 epistola,
3579 4524 3740 4587 quam

489 4588 637 4641 enim
683 4595 814 4657 post
851 4585 1313 4657 παραλελοιπότες
1371 4586 1582 4644 addunt
1632 4585 2065 4644 verbumslciv.

488 4659 596 4712 Alii
633 4655 766 4713 vero
805 4655 996 4723 legunt
1041 4655 1439 4723 παραλέλοιπεν
1463 4697 1480 4720 ,
1517 4668 1577 4712 ut
1616 4657 1685 4712 de
1731 4657 2070 4714 Theodorito

490 4729 608 4782 solo
649 4728 700 4782 id
723 4726 1103 4798 intelligatur.
1137 4728 1251 4798 Ego
1280 4743 1413 4782 vero
1443 4728 1593 4798 h_uuc
1631 4729 1813 4783 locum
1851 4728 1926 4783 ita
1974 4744 2070 4784 re-

491 4797 837 4869 stituendum
870 4792 990 4852 esSe
1013 4792 1270 4869 existimo
1295 4815 1310 4852 :
1341 4798 1429 4869 Ἐν
1453 4792 1498 4866 ᾧ
1519 4799 1588 4853 τὰ
1613 4799 1857 4869 μάλιστα
1889 4815 2070 4869 παρα-

492 4867 809 4940 λελοιπότας
853 4868 1292 4940 κατειλήφαμεν,
1347 4867 1376 4920 ὅ
1425 4869 1586 4940 μέχρι
1616 4866 1736 4940 ⁷νῖδῖ
1761 4866 2069 4940 σωζόμείνον

493 4939 644 5006 παρὰ
676 4939 788 5009 τοίς
817 4936 916 5009 τῆς
955 4936 1127 5009 ’ἁγίας
1159 4936 1368 5009 ἐρήμου
1399 4936 1574 5009 (παρ’
1599 4937 1777 5009 αὐτῶν
1806 4938 2070 5009 παρειλή-

495 5005 696 5073 φαμεν.
733 5005 844 5061 Nec
861 5005 1071 5077 dubito
1093 5007 1225 5076 quin
1250 5005 1536 5077 'Evagrius'
1563 5009 1634 5064 ita
1666 5005 1971 5077 scripserit.

567 5077 677 5146 (50-)
710 5077 778 5128 El
802 5075 917 5146 μὲν
941 5075 1226 5146 ἐκθύμως.
1259 5076 1318 5130 In
1360 5075 1568 5146 optimo
1614 5075 1805 5133 codice
1834 5078 2060 5146 Floren-

494 5143 622 5217 tino
647 5145 761 5217 haec
782 5143 850 5197 ad
878 5144 1024 5217 latus
1053 5145 1363 5217 adscripta
1393 5143 1520 5203 Sunt
1549 5166 1562 5202 ε
1605 5143 1956 5217 Πνευματικῆ
1983 5150 2058 5212 ὡς

494 5215 712 5288 αληθῶς
745 5215 804 5266 ἐν
835 5213 913 5288 τῷ
944 5214 1162 5288 Χριστῷ
1193 5218 1227 5286 ἡ
1260 5217 1518 5288 ῌάτέρων
1546 5219 1674 5288 περὶ
1695 5213 1789 5271 τοῦ
1823 5213 2061 5288 μεγάλου

2173 4588 2395 4663 scripsit
2414 4588 2483 4642 ad
2517 4588 2738 4663 beatum
2755 4583 3121 4663 'Symeon_ei_n.
3145 4585 3303 4638 llunc
3320 4583 3737 4663 nigitur_tit_ulu'in

2173 4651 2766 4736 prielixeratuepistolze
2797 4651 2909 4712 sua:
2941 4673 2955 4709 :
2992 4654 3098 4736 Τῷ.
3127 4651 3378 4723 παναγίῴ
3427 4654 3520 4706 καὶ
3545 4651 3738 4736 “aspir?

2175 4718 2433 4806 μάρτυρι.
2477 4718 2582 4783 υἰὶἰ
2639 4737 2932 4798 martyrem
2969 4718 3207 4806 quidet}:
3233 4718 3360 4778 enni
3401 4718 3738 4806 appellatob

2171 4795 2526 4870 gravissimas
2573 4795 2848 4870 aerumnas
2895 4795 3097 4865 quibus
3154 4795 3244 4870 ille
3288 4807 3517 4870 _corpus
3579 4803 3734 4870 suum

2172 4863 2471 4942 adlictahat
2491 4885 2521 4942 ;_
2556 4867 2766 4922 aerium
2795 4863 2926 4942 vero
2951 4881 3018 4942 eo
3046 4865 3190 4942 quod
3221 4863 3474 4918 sublimis
3497 4863 3735 4942 st_aret_in

2181 4937 2456 4992 columna.
2484 4938 2643 4993 Certe
2670 4952 2834 4991 voces
2857 4937 2961 4990 illae
2990 4937 3080 4987 ἐπὶ
3121 4935 3384 5005 ῥήματος,
3409 4935 3634 4987 omnino
3661 4935 3733 4982 in-

2173 5005 2360 5061 dicant
2402 5007 2455 5060 id
2483 5006 2627 5077 quod
2657 5007 2769 5061 dixi
2797 5025 2811 5061 :
2839 5006 3000 5059 verba
3027 5003 3131 5078 illa
3151 5003 3382 5078 scilicet,
3411 5010 3506 5078 aut
3533 5012 3734 5078 caquge

2210 5078 2417 5147 rosime
2471 5071 2799 5147 sequuntur,
2843 5091 2976 5147 esse
3025 5071 3732 5147 imperatoris__Thcodosii.

2210 5093 2417 5132 roxime
2471 5092 2799 5147 sequuntur,
2843 5092 2964 5130 esse
3025 5092 3371 5143 imperatoris
3429 5092 3732 5151 lucanus".

2161 5092 2694 5217 ghristophorsonus
2746 5156 2926 5217 tamen
2964 5145 3113 5217 hunc
3138 5144 3317 5198 locum
3356 5142 3514 5217 aliter
3543 5140 3734 5217 distin-

2166 5217 2265 5275 xit.
2322 5208 2481 5271 ut'ex
2516 5216 2969 5286 interpretatione
3001 5215 3121 5286 ejus
3144 5220 3389 5282 apparet.
3450 5210 3542 5266 Sic
3591 5208 3730 5264 enim

494 5235 712 5284 αιιηυως
745 5235 804 5266 εν
835 5235 913 5265 τω
944 5235 1162 5284 Αριστῳ
1193 5235 1227 5286 η
1260 5235 1518 5288 ιιατερων
1546 5235 1674 5288 περι
1695 5236 1789 5271 του
1863 5235 2061 5286 εγαωυ
2166 5235 2265 5275 Xlt.
2322 5235 2381 5271 Ut
2414 5235 2481 5270 ex
2516 5235 2969 5286 interpretatione
3001 5235 3121 5296 ejus
3144 5235 3389 5282 apparet.
3451 5235 3542 5266 ou;
3591 5235 3728 5264 enim

494 5285 780 5351 Συμεῶνος
806 5265 1005 5352 κρίσις.
1033 5284 1093 5359 ld_
1119 5295 1222 5359 est,
1254 5286 1484 5359 Patrum
1507 5289 1568 5342 de
1596 5305 1786 5359 magno
1809 5235 2065 5358 gymeane
2165 5287 2330 5341 vertit
2358 5305 2370 5340 :
2402 5287 2469 5341 Et
2495 5288 2881 5359 sanctissimum
2908 5301 2970 5338 ac
2995 5300 3207 5359 genitus
3231 5289 3407 5359 oraret
3431 5289 3728 5359 martgrem.

491 5355 748 5421 iudicium
775 5369 987 5424 prorsus
1013 5355 1292 5424 spirituale
1318 5357 1372 5409 in
1398 5356 1623 5411 Christo.

567 5424 679 5497 (51)
718 5421 827 5480 Kal
857 5421 1060 5492 dep/ou
1092 5421 1396 5494 μάρτυρος
1423 5427 1518 5481 ἐπὶ
1543 5428 1834 5498 ῥήματος.
1860 5428 2066 5484 Viden-

2167 5359 2245 5410 uti
2296 5359 2607 5410 nominatim
2668 5373 2769 5426 pro,
2829 5358 2940 5424 ipso
2982 5355 3150 5426 Deum
3194 5353 3510 5406 obsecraret.
3567 5349 3731 5416 Quam

2170 5426 2581 5482 distinctionem
2611 5425 2866 5496 equidem
2894 5425 3129 5495 probare
3157 5438 3267 5477 non
3289 5435 3536 5492 possum.

1906 5558 2294 5615 VAlllORUM.

568 5650 640 5721 to)
693 5651 958 5721 Μάνδρα.
1007 5653 1086 5708 De
1135 5652 1304 5726 huius
1361 5652 1513 5712 vocis
1567 5653 1876 5724 signiﬁcatu
1933 5653 2058 5709 vide

2174 5653 2329 5711 alcsii
2397 5661 2581 5710 notam
2630 5669 2688 5709 in
2737 5666 2973 5722 sequens
3025 5657 3211 5721 caput,
3266 5663 3400 5704 voce
3432 5642 3723 5716 Μανδρὶαν.
