3970 6502
220 358 303 421 245
311 355 341 419 7

1112 351 1499 412 HISTORIA:
1539 350 2136 413 ECCLESIAS’I‘ICBE
2175 352 2407 412 LIBER
2447 353 2499 413 Ι.

3311 357 3375 421 24
3383 359 3451 421 58

220 467 509 539 τριάκοντα.
538 461 745 516 Τούτου
783 460 845 515 τδ
874 462 1138 529 πανάγιον
1176 463 1337 532 σῶμα
1370 464 1509 534 μετὰ
1553 464 1653 532 τὴν
1682 462 1770 515 ὲνο

1878 478 2047 517 annos
2092 463 2253 519 vixit.
2286 465 2496 519 Novem
2548 463 2773 534 quidem
2820 480 2993 526 annos
3024 467 3079 521 in
3115 468 3296 537 primo
3336 486 3453 525 mo-

221 560 352 613 θένδε
382 556 642 627 ἐκδημίαν
694 555 775 624 (ρ)
813 555 953 607 κατὰ
1000 552 1101 623 τὴν
1168 554 1489 623 Ἀντιοχέων
1542 552 1770 621 ὕστερον

219 650 426 722 ἐσήχθη,
452 649 679 711 Λέοντος
699 648 768 700 τὰ
819 647 1073 717 σκῆπτρα
1110 646 1411 710 διέποντος,
1448 645 1768 715 Μαρτυρίου

218 738 495 810 τηνικαῦτα
540 739 640 807 τῆς
681 737 954 807 Ἀντιόχου
993 735 1434 807 προεδρεύοντος,
1480 734 1770 808 Ἀρδαϐου-

217 835 325 903 ρίου
347 833 397 884 δὲ
416 830 480 883 αὖ
508 829 618 882 τῶν
648 827 799 898 ἑῴων
824 828 1257 897 στρατηγοῦντος
1285 828 1603 898 ταγμάτων,
1633 826 1771 898 μετά

214 923 315 975 τῶν
344 920 470 990 ἀμφ’
503 920 704 981 αὐτοὺς
746 918 1157 986 στρατιωτικῶν
1194 917 1363 971 τελῶν
1420 936 1480 972 τε
1530 920 1627 974 καὶ
1654 920 1771 973 λοι-

214 1015 343 1079 πῶν,
382 1014 516 1066 κατὰ
558 1013 658 1083 τὴν
706 1010 872 1065 αὑτοῦ
921 1011 1163 1082 μάνδραν
1193 1013 1524 1083 γενομένων,
1558 1013 1771 1067 καὶτὸν

213 1109 500 1162 πάνσεπτον
550 1098 936 1159 δωσωῖιάντων
969 1105 1163 1177 νεκρὸν
1202 1106 1493 1176 Συμεώνου
1532 1107 1626 1161 τοῦ
1665 1124 1766 1177 μα-

210 1198 410 1264 καρίου,
436 1197 510 1259 ὡς
553 1197 621 1250 ἂν
659 1197 734 1267 μὴ
766 1199 821 1251 αἱ
851 1198 1167 1265 γειτνιῶσαι
1194 1199 1381 1261 πόλεις
1420 1198 1768 1253 συνελθοῦσαι

208 1289 385 1343 τοῦτον
408 1289 779 1359 διαρπάζοιεν.
828 1289 1137 1358 Θαυμάτων
1166 1291 1345 1344 τοίνυν
1376 1291 1645 1361 μεγίστων
1674 1292 1769 1344 καὶ

207 1383 341 1436 κατὰ
359 1382 455 1448 τὴν
480 1382 792 1452 ὁδοιπορίαν
818 1382 1151 1453 γενομένων,
1188 1383 1475 1454 κομίζεται
1500 1384 1640 1437 κατὰ
1667 1384 1769 1453 τὴν

216 1475 477 1544 Ἀντιόχου
518 1473 584 1526 τὸ
627 1473 794 1527 αὐτοῦ
836 1476 1103 1543 πανάγιον
1134 1474 1316 1544 σῶμαο
1347 1474 1376 1527 6
1423 1474 1521 1528 καὶ
1564 1474 1715 1528 Δίων
1741 1476 1770 1527 6

204 1568 547 1638 αὐτοκράτωρ
598 1564 902 1638 ἐξῃτήσατο
951 1567 1105 1638 παρὰ
1154 1568 1267 1622 τῶν
1303 1567 1627 1639 Ἀντιοχέων
1668 1568 1767 1622 λα-

200 1659 336 1711 ϐεῖν.
368 1657 473 1710 Καὶ
492 1656 708 1728 δεήσεις
741 1658 790 1709 oi
819 1657 919 1727 τῆς
963 1656 1242 1728 Ἀντιόχου
1277 1658 1414 1729 πρὸς
1448 1657 1611 1712 αὐτὸν
1641 1660 1770 1711 ἁνα-

201 1748 496 1817 τεινάμενοι
536 1746 884 1817 γεγράφασιν
910 1746 1106 1809 οῦτωςο
1134 1747 1233 1800 Διὰ
1276 1747 1339 1800 τδ
1387 1748 1462 1817 μὴ
1502 1748 1768 1816 ὑπάρχειν

198 1804 372 1909 τεῖχος
398 1842 461 1910 τῇ
696 1804 976 1905 (πέπτωκε
1008 1804 1119 1913 γάρ
1166 1843 1224 1894 ὲν
1254 1804 1399 1911 ὀργῇ¹
1423 1804 1595 1911 Ῐὲῖυ,
1622 1804 1766 1910 η’γά-
1796 1804 1842 1863 Β

200 1949 364 2001 γομεν
386 1933 445 1985 τὺ
476 1932 741 2001 πανάγιον
775 1932 959 2003 σῶμα,
987 1932 1139 1995 ὃπως
1169 1934 1303 2003 ἡμῖν
1335 1933 1562 2001 γένηται
1590 1934 1767 2002 τεῖχος

202 2028 297 2078 καὶ
319 2025 604 2096 ὀχύρωμα.
634 2020 733 2089 Οἷς
768 2026 865 2079 καὶ
900 2024 1165 2089 πεισθεὶς,
1194 2024 1378 2087 ἐνδούς
1410 2042 1469 2077 τε
1496 2027 1617 2087 ταῖς
1644 2024 1769 2095 δεή-

203 2132 337 2177 σεσι,
364 2115 425 2168 τὸ
454 2114 650 2168 σεπτὸν
676 2115 863 2178 αὐτοῖς
895 2114 1048 2168 εἴασε
1098 2115 1277 2184 σῶμα.
1305 2114 1509 2167 Τούτου
1540 2114 1609 2167 τὰ
1638 2114 1769 2166 πολ-

200 2206 266 2257 λὰ
296 2206 485 2274 μέχρις
520 2204 681 2273 ἡμῶν
722 2203 1025 2274 ἐφυλάχθη,
1054 2196 1117 2257 οῦ
1152 2204 1246 2257 καὶ
1281 2203 1381 2275 τὴν
1410 2203 1575 2272 ἁγίαν
1606 2222 1772 2275 κορυ-

203 2298 305 2368 φὴν
339 2296 477 2367 μετὰ
506 2296 719 2348 πολλῶν
763 2297 956 2366 ἱερέων
1003 2294 1301 2365 τεθέαμαι,
1344 2296 1774 2360 ἑπισκοποῦντος

201 2394 451 2464 τηνικάδε
516 2392 822 2464 Γρηγορίου
881 2391 977 2445 τοῦ
1019 2392 1397 2463 παναοιδίμου,
1444 2392 1773 2446 Φιλιππικοῦ

204 2486 479 2557 δεηθέντος
506 2485 911 2557 παραφυλακῆς
935 2484 1099 2537 ἕνεκα
1135 2485 1244 2539 τῶν
1269 2484 1418 2554 ἑῴων
1447 2486 1776 2556 ὲκστρατευυ

207 2578 421 2647 μάτων,
450 2576 610 2647 τίμια
659 2575 889 2644 λείψανα
922 2574 1095 2643 ἁγίων
1140 2576 1189 2627 οί
1224 2574 1631 2645 ἐκπεμφθῆναι.
1666 2576 1778 2630 Καὶ

204 2671 262 2723 τὸ
291 2670 613 2741 παράδοξον,
639 2670 694 2721 αἱ
725 2668 869 2722 κατὰ
894 2670 995 2738 τῆς
1028 2667 1274 2736 κεφαλῆς
1300 2668 1647 2737 ἐπικείμεναι
1666 2668 1779 2739 τρί-

204 2778 295 2832 χες
339 2762 402 2814 οὐ
433 2760 827 2832 διεφθάρησαν,
857 2759 934 2822 ὼς
963 2758 1010 2811 δ’
1056 2758 1125 2811 αὖ
1172 2757 1375 2821 ζῶντος
1412 2759 1507 2811 καὶ
1535 2761 1648 2821 τοῖς
1681 2759 1779 2812 ἀν-

206 2852 443 2923 θρώποις
471 2850 951 2922 συναυλιζομένου,
983 2850 1361 2913 διασώζονται.
1402 2850 1514 2902 Καὶ
1548 2850 1610 2902 τὸ
1637 2850 1779 2903 κατὰ

202 2946 294 2999 τοῦ
336 2944 588 3015 μετώπου
642 2942 858 3013 δέρμα,
913 2941 1236 3013 ὲρῤυτίδωτο
1309 2939 1440 3009 μὲν,
1514 2940 1608 2993 καὶ
1668 2940 1779 2992 ἀπ·-

204 3038 456 3105 ἐσκληκε·
497 3033 730 3097 σώζεται
773 3032 817 3084 δ’
868 3030 961 3084 οῦν
994 3032 1168 3100 ὅμως,
1207 3030 1301 3083 καὶ
1338 3029 1447 3081 τῶν
1476 3028 1705 3081 ὀδόντων
1734 3027 1780 3081 δ’

1872 556 2113 609 nasterio
2165 557 2221 610 in
2270 572 2381 625 quo
2420 556 2620 611 divinae
2653 557 2779 612 vita:
2817 560 3104 628 praeceptis
3139 559 3319 614 fuerat
3352 561 3455 613 im-

1872 646 2061 702 butus.
2080 647 2302 718 Septem
2342 650 2504 719 267
2532 665 2663 703 vero
2683 651 3212 721 ctquadraginta,in
3235 668 3302 706 eo
3332 652 3454 707 loco

1870 738 1964 807 qui
1996 738 2202 793 dicitur
2230 739 2451 794 Mandra
2477 757 2491 794 :
2518 740 2709 795 decem
2740 740 3000 795 videlicet
3034 756 3209 795 annos
3238 742 3291 795 in
3317 758 3454 811 quo-

1870 831 1994 885 dam
2033 832 2349 901 angiportu,
2403 832 2457 887 in
2505 832 2858 886 brevioribus
2915 844 3099 887 autem
3156 835 3447 899 columnis,

1871 933 2117 995 septem:
2156 925 2374 995 triginta
2411 934 2593 979 autem
2621 939 2795 978 annos
2829 924 2881 977 in
2931 924 3188 982 columna
3211 929 3451 992 quadra-

1870 1016 2019 1085 ginta
2054 1016 2369 1070 cubitorum
2424 1016 2703 1071 laborioso
2754 1016 3055 1070 certamine
3105 1016 3447 1084 perfunctus.

1870 1106 2043 1179 Hujus
2064 1107 2493 1161 sacratissimum
2517 1123 2719 1177 corpus
2735 1116 2859 1177 post
2873 1106 3086 1160 obitum
3104 1107 3451 1161 Antiochiam

1870 1200 2217 1269 deportatum
2249 1207 2356 1263 est,
2393 1198 2577 1254 Leone
2628 1200 2919 1268 imperium
2958 1207 3072 1253 tum
3128 1208 3373 1269 gerente,
3396 1210 3453 1254 et

1870 1292 2129 1363 Martyrio
2173 1292 2530 1346 Antiochente
2573 1292 2727 1345 urbis
2769 1293 3148 1361 episcopatum
3180 1292 3447 1345 adminis-

1871 1392 2081 1438 trante:
2102 1400 2226 1439 cum
2251 1384 2593 1439 Ardaburius
2618 1384 2880 1453 magister
2911 1384 3199 1438 orientalis
3219 1384 3447 1450 militize,

1870 1490 1977 1529 una
2004 1490 2128 1530 cum
2154 1475 2488 1529 militaribus
2507 1475 2754 1529 numeris
2769 1490 2905 1544 quos
2928 1475 3075 1529 circa
3104 1491 3161 1529 se
3189 1474 3448 1539 habebat,

1866 1574 2086 1621 etcum
2147 1566 2360 1636 reliqua
2421 1567 2573 1620 omni
2629 1566 2985 1621 mullitudine
3036 1567 3102 1620 ad
3163 1566 3453 1638 Symeonis
3538 1630 3545 1637 ,

1868 1659 2151 1713 mandram
2209 1658 2485 1724 venisset,
2536 1668 2593 1713 et
2645 1668 2897 1713 sanctum
2968 1658 3270 1712 beatissimi
3346 1659 3450 1711 viri

1869 1764 2074 1819 corpus
2106 1757 2397 1813 servasset,
2434 1763 2503 1803 ne
2537 1764 2566 1803 a
2616 1748 2866 1803 ﬁnitimis
2917 1749 3233 1804 civitatibus
3273 1748 3455 1804 subri-

1870 1849 2115 1911 peretur.
2148 1839 2318 1909 Igitur
2348 1854 2567 1894 sacrum
2619 1841 2739 1909 ejus
2791 1832 3016 1909 corpus,
3070 1855 3178 1893 non
3219 1840 3337 1893 sine
3370 1838 3455 1891 in-

1870 1934 2128 2005 gentibus
2171 1933 2456 1987 miraculis
2501 1949 2623 2004 qua:
2648 1950 2748 2004 per
2788 1942 2964 1987 totum
3002 1935 3107 1987 iter
3131 1933 3269 1987 facta
3301 1941 3450 1995 sunt,

1872 2024 2115 2079 delatum
2174 2034 2257 2079 est
2317 2024 2688 2079 Antiochiam.
2731 2022 2889 2090 Quod
2924 2032 2979 2079 et
3012 2024 3310 2093 imperator
3342 2022 3453 2077 Leo

1873 2115 1941 2170 ab
1979 2116 2449 2171 Antiochensibus
2488 2115 2592 2170 sibi
2638 2115 2758 2169 dari
2802 2114 3075 2185 poposcit.
3113 2115 3315 2169 Verum
3344 2114 3453 2167 Au-

1875 2207 2115 2261 tiocheni
2147 2207 2315 2262 misso
2376 2207 2443 2261 ad
2495 2206 2803 2277 principem
2835 2206 3084 2276 supplice
3128 2206 3335 2269 libello,
3370 2206 3454 2259 his

1876 2300 2063 2355 verbis
2088 2308 2218 2355 sunt
2248 2301 2354 2365 usi.
2379 2300 2649 2366 Quoniam
2674 2299 2871 2354 civitas
2910 2308 3099 2353 nostra
3129 2315 3317 2352 muros
3344 2313 3451 2351 non

1876 2393 2080 2447 habet:
2118 2400 2450 2449 corruerunt
2497 2391 2646 2448 enim
2685 2392 2756 2447 ob
2800 2391 3233 2461 indignationem
3282 2390 3454 2445 divini

1879 2483 2123 2538 numinis
2149 2500 2164 2537 :
2191 2482 2602 2537 sanctissimum
2633 2497 2834 2551 corpus
2862 2482 2972 2536 huc
3012 2481 3454 2551 importavimus,

1879 2586 1942 2631 ut
1993 2576 2156 2630 nobis
2214 2590 2314 2645 pro
2367 2590 2527 2628 muro
2560 2574 3015 2643 munimentoque
3050 2581 3216 2627 esset.
3247 2570 3459 2637 Quibus

1880 2675 2166 2737 permotus
2216 2666 2349 2728 Leo,
2404 2664 2665 2734 precibus
2717 2679 2909 2717 eorum
2962 2664 3148 2726 cessit,
3183 2671 3238 2716 et
3272 2676 3459 2715 sacro-

1882 2766 2131 2813 sanctum
2169 2772 2369 2825 corpus
2405 2756 2487 2809 eis
2520 2754 2763 2823 reliquit.
2819 2754 2994 2823 llujus
3030 2754 3344 2821 complures
3375 2767 3463 2805 re-

1881 2850 2066 2919 liquiae
2092 2848 2159 2902 ad
2183 2850 2370 2901 nostra
2398 2860 2572 2915 usque
2609 2854 2857 2913 tempora
2903 2852 3195 2897 asservatae
3224 2853 3372 2896 sunt.
3396 2842 3464 2895 Et

1884 2939 2291 2997 sanctissimum
2321 2938 2441 3007 ejus
2471 2946 2638 3005 caput
2682 2936 2800 3005 ipse
2853 2935 3222 3004 praesentibus
3276 2933 3465 2987 multis

1885 3030 2267 3087 sacerdotibus
2292 3028 2429 3092 vidi,
2465 3028 2831 3082 celeberrimo
2868 3026 3135 3095 Gregorio
3174 3026 3462 3095 episcopa-

202 3130 248 3181 οί
281 3127 505 3189 πλείους
526 3167 541 3191 ,
576 3125 626 3178 οἳ
684 3123 819 3193 μηδὲ
854 3124 970 3176 ὅσοι
1002 3122 1046 3153 ’ί
1082 3120 1196 3191 (53)
1244 3121 1431 3191 χερσὶν
1476 3117 1776 3190 ἀνθρώπων

1888 3131 2003 3178 tum
2031 3118 2385 3175 Antiochena:
2406 3116 2560 3171 urbis
2580 3116 2959 3186 gubernante:
2984 3131 3106 3168 cum
3126 3114 3467 3183 Philippicus

204 3217 415 3272 πιστῶν
453 3215 642 3286 βιαίως
691 3212 1066 3285 ἀφῃρέθησαν,
1106 3210 1195 3264 διὰ
1223 3210 1316 3263 τοῦ
1351 3211 1634 3281 σχήματος
1680 3226 1780 3279 κη-

210 3309 519 3380 ρύσσοντες,
550 3301 662 3365 οἷός
685 3321 745 3357 τε
782 3304 879 3356 κα.)⁸
903 3302 1099 3365 ὁπόσος
1125 3300 1223 3354 καὶ
1248 3299 1477 3370 πηλίκος
1504 3302 1533 3353 6
1560 3299 1779 3370 ἄνθρω-

206 3417 302 3462 πος
335 3396 436 3452 τοῦ
460 3395 599 3450 Θεοῦ
626 3396 822 3463 γέγονε
853 3390 1169 3463 Συμεώνης.
1202 3391 1389 3464 Ταύτῃ
1420 3392 1515 3445 καὶ
1547 3393 1575 3444 6
1606 3392 1671 3444 ὲκ
1697 3408 1781 3443 σι-

205 3494 373 3563 δήρου
418 3488 788 3559 πεποιημένος
841 3486 1020 3548 κλοιὸς
1072 3486 1429 3555 παράκειται,
1470 3484 1588 3553 μεθ’
1619 3477 1680 3537 οὗ
1722 3485 1784 3537 τὸ

208 3584 590 3653 πολυύμνητον
626 3582 722 3634 καὶ
756 3578 1077 3634 διαθλεῦσαν
1109 3578 1269 3647 σῶμα
1300 3578 1413 3649 (54)
1436 3577 1544 3631 τῶν
1564 3578 1628 3630 ὲκ
1645 3576 1782 3630 Θεοῦ

209 3678 385 3748 γερῶν
418 3674 807 3747 μεταδὲδωκεν.
859 3670 995 3724 Οὐδὲ
1028 3668 1138 3740 γὰρ
1180 3668 1521 3723 ἀποθανόντα
1551 3667 1643 3720 τὸν
1681 3668 1785 3720 Συο

214 3768 449 3837 μεώνην,
492 3767 520 3818 ὁ
571 3760 803 3832 ἐραστὴς
835 3754 1067 3813 ἀπέλιπε
1100 3758 1337 3828 σίδηρος.
1371 3756 1528 3811 Οῦτω
1572 3756 1631 3810 τὸ
1660 3756 1784 3809 καθ’

212 3860 441 3913 ἕκαστον
486 3856 597 3925 (55)
637 3854 703 3909 ἂν
733 3852 1154 3923 διεξεληθύθειν,
1200 3850 1325 3920 ἐμοί
1358 3868 1416 3904 τε
1454 3851 1554 3919 τῆς
1588 3850 1782 3919 διηγή-

214 3967 349 4011 σεως
380 3948 649 4016 ὠφέλειαν
677 3944 949 4016 παρέξων,
985 3944 1082 3997 καὶ
1115 3944 1230 4005 τοῖς
1260 3941 1703 4011 ἐντυγχάνουσιν,
1736 3941 1784 3993 εί

217 4042 287 4113 μὴ
328 4039 672 4109 πλατύτερον
732 4036 904 4090 ταῦτα
954 4033 1312 4105 θεοδωρίτῳ,
1362 4033 1437 4097 ῶς
1489 4032 1659 4103 ἔφθην
1711 4034 1789 4085 εί-

215 4135 325 4187 πὼν
353 4133 492 4204 (56),
516 4129 842 4201 ἐπεπόνητο.

1884 3214 1951 3270 ad
1980 3212 2285 3269 custodiam
2324 3226 2387 3265 ac
2426 3209 2747 3279 praesidium
2773 3207 3063 3263 orientalis
3089 3207 3319 3273 militiae,
3348 3221 3469 3275 pre-

1884 3308 2056 3362 tiosas
2083 3314 2401 3361 sanctorum
2426 3300 2690 3371 reliquias
2710 3299 2779 3353 ad
2803 3315 2863 3353 se
2887 3300 3029 3353 mitti
3057 3298 3465 3369 postulavisset.

1886 3401 1954 3455 Et
1981 3398 2127 3468 quod
2162 3396 2475 3451 mirandum
2528 3402 2635 3456 est,
2678 3392 2857 3463 capilli
2892 3392 3089 3462 capitis
3122 3406 3467 3461 nequaquam

1886 3491 2281 3547 dililuxerunt:
2328 3486 2422 3540 sed
2472 3484 2701 3555 perinde
2750 3500 2813 3538 ac
2849 3483 2894 3538 si
2932 3484 3020 3537 ille
3053 3484 3235 3537 adhuc
3258 3483 3469 3537 viveret

1889 3593 2051 3651 atque
2082 3581 2225 3633 inter
2263 3576 2518 3631 homines
2572 3583 2910 3637 versaretur,
2968 3574 3169 3644 integri
3225 3581 3468 3627 manent.

1888 3673 2043 3729 Cutis
2064 3672 2193 3725 item
2223 3670 2276 3723 in
2309 3669 2489 3722 fronte
2511 3682 2707 3737 rugosa
2734 3666 2958 3736 quidem
2986 3675 3071 3720 est
3100 3675 3263 3735 atque
3296 3664 3472 3718 obdu—

1892 3775 2045 3829 rata;
2083 3770 2266 3816 manet
2296 3770 2476 3814 tamen
2504 3758 2686 3813 adhuc
2717 3757 3047 3812 incolumis:
3075 3757 3217 3811 sicut
3244 3764 3301 3811 et
3337 3755 3472 3809 den-

1894 3856 2030 3910 tium
2075 3852 2347 3922 plerique,
2391 3850 2639 3919 exceptis
2690 3849 2777 3903 his
2835 3864 2975 3917 quos
3022 3848 3097 3917 pii
3147 3847 3370 3917 quidam
3408 3862 3472 3901 ac

1897 3947 2085 4002 ﬁdeles
2135 3944 2241 3999 viri
2302 3959 2403 4014 per
2458 3941 2568 3996 vim
2631 3940 2998 3995 abstulerunt.
3070 3938 3172 4005 Qui
3243 3938 3470 4008 quidem

1896 4037 2126 4093 dentes‘
2156 4032 2535 4105 magnitudine
2585 4047 2683 4086 sua
2726 4030 2944 4085 abunde
2976 4038 3269 4095 testantur,
3295 4030 3475 4098 qualis

1897 4138 2247 4199 quantusque
2270 4126 2438 4181 fuerit
2465 4124 2549 4179 vir
2578 4124 2671 4179 Dei
2701 4122 3021 4195 Symeones.
3059 4122 3285 4193 Adjacet
3309 4121 3474 4190 capiti

1492 4241 1725 4299 VARle
1774 4242 2184 4303 LECTIONES.

1401 4381 1670 4438 VALESII
1709 4368 2275 4445 ANNOTATIUNES.

281 4320 323 4354 ¹¹
351 4319 416 4376 C.
446 4316 509 4374 C.
544 4316 593 4370 εί
629 4318 703 4388 μή
741 4333 803 4380 γε
830 4316 968 4371 ὅσοι.

284 4486 397 4557 (52‘,
438 4482 717 4557 Πέπτωκε
744 4476 953 4557 γᾴρ-ἑν
987 4476 1153 4547 ὀργῆ.
1184 4478 1327 4557 _Post
1358 4478 1457 4557 has
1492 4493 1657 4532 voces
1702 4478 1796 4533 Ni-

221 4548 491 4627 cephOrus
566 4553 685 4605 haec
743 4548 929 4613 addit,
984 4548 1211 4618 σεισμοῦ
1270 4549 1508 4617 μεγάλου
1567 4565 1797 4619 γεγενη.

225 4628 438 4765 μέῧέ)
471 4691 538 4745 Οἳ
578 4689 737 4765 μηδὲ
774 4688 940 4765 ῥ’σοι.
986 4686 1524 4765 (ihristophorsonus
1570 4688 1794 4765 quidem

1898 4480 2100 4551 legitur
2126 4477 2270 4551 apud
2302 4475 2697 4551 Nicephorum.

1972 4537 2284 4617 (SSLO'ﬁtw
2314 4548 2381 4617 τὸ
2419 4537 2822 4617 θὶαθέκαστογ.
2874 4540 3053 4595 Malim
3083 4539 3310 4617 omnino
3344 4537 3482 4593 scri—

1898 4610 2030 4675 bere
2054 4610 2116 4672 οὗ
2146 4618 2205 4670 τὸ
2224 4616 2582 4676 καθέκαστον,
2610 4624 2716 4668 etc.
2746 4614 2875 4677 Quae
2907 4610 3223 4665 emendatio
3252 4610 3503 4677 prorsus;

1897 4660 2209 4745 necessaria
2238 4686 2375 4740 mihi
2404 4660 2647 4745 videtur,
2678 4660 2809 4736 liezt
2833 4681 3179 4750 Nicephorus
3205 4660 3503 4750 γιῖιςιςιιιιιιιἱ

224 4780 276 4824 et
294 4748 554 4820 ‘éavilius
578 4748 740 4816 'htinc
774 4759 955 4812 locum
1009 4760 1083 4813 ita
1134 4748 1524 4819 em‘eudarunt,
1566 4748 1683 4811 ὅσοι
1721 4759 1795 4827 μὴ
1828 4808 1873 4828 η
1899 4760 2229 4828 scripturam
2267 4762 2508 4828 tueatur.
2541 4753 2703 4828 Certe
2732 4748 3271 4820 Christophorsonus
3302 4748 3373 4801 ita
3406 4749 3483 4801 le-
3547 4774 3553 4779 -

225 4845 432 4908 χερσίν,
482 4845 589 4888 etc.
644 4848 658 4894 ;
705 4845 801 4884 seu
852 4845 1375 4883 revnortmutauone
1414 4845 1570 4882 iocus
1594 4845 1795 4898 corrigi

227 4913 409 4978 potest
447 4903 550 4957 hoc
579 4900 824 4978 _modo_:
867 4900 930 4952 Et
974 4898 1060 4978 μὴ
1098 4900 1247 4978 ῥσοι,
1289 4898 1800 4978 etc._Nicepliorus

229 4968 320 5047 pro
354 4975 448 5028 his
481 4972 663 5028 verbis
697 4970 885 5035 habet,
932 4968 1070 5038 πλὴν
1096 4969 1233 5021 ὅσοι.
1283 4968 1438 5035 Quod
1467 4976 1550 5023 est
1577 4970 1799 5037 elegan-

231 5060 407 5186 ungit)
466 5112 573 5186 Καὶ
626 5111 1001 5186 διαθλεῦσιιν
1049 5108 1242 5178 σῶμα.
1295 5108 1532 5186 [)elenda
1568 5109 1804 5186 _videtur

233 5179 569 5257 εοίιιυηειίον
612 5192 804 5257 ιιινοιε
839 5180 1015 5257 otiosa
1048 5190 1104 5257 et
1134 5179 1429 5257 superﬂua.
1452 5180 1529 5233 Ac
1558 5179 1797 5257 fortasse

236 5249 501 5329 Eva'grius
529 5252 825 5321 scripserat
862 5250 1305 5315 συνδιαθὶεῦσαν,
1339 5249 1803 5319 quemadmodum

705 4829 801 4901 sed
852 4828 1045 4901 leviori
1070 4828 1375 4901 mutatione
1414 4808 1570 4901 locus
1828 4808 1875 4867 ί)
2360 4833 2421 4878 ιιι
2456 4824 2592 4901 dixi.

1981 4897 2091 4968 (56)
2138 4897 2232 4961 Ὠς
2265 4886 2421 4968 ἔφην
2446 4892 2646 4968 statim.
2672 4892 2956 4968 Assentior
2995 4890 3237 4968 Henrico
3257 4886 3482 4968 S'avilio,

1906 4957 2002 5038 qui
2041 4957 2108 5038 in,
2128 4957 2376 5038 margine
2408 4964 2492 5038 sui
2520 4962 2731 5017 codicis
2759 4962 3074 5016 emendavit
3105 4960 3177 5020 ὡς
3215 4957 3495 5038 estimat-

1908 5026 2047 5095 πῶν.
2094 5026 2552 5091 Ιιίρηινῐιιοιιὼιιιι
2607 5048 2775 5101 supra
2820 5043 3130 5085 correctum
3157 5037 3253 5101 est
3290 5026 3492 5101 in_h_oc

1906 5109 2106 5179 capite,
2136 5107 2225 5179 ubi
2257 5105 2437 5179 agitur
2465 5105 2532 5159 de
2559 5096 3495 5179 SynagogisquasAntiocheni‘Ju-

1909 5168 2043 5233 dacis
2080 5168 2209 5231 olim
2260 5168 2816 5241 adetnerantIAtQue
2862 5168 2936 5227 ita
2985 5171 3191 5225 diserte
3223 5168 3493 5237 scriptum

1909 5259 1996 5304 est
2026 5243 2309 5303 i-n'codice
2336 5246 2674 5300 Tellcriano.

1637 5351 2026 5408 VARIORUM.

304 5455 376 5524 (pl
403 5454 564 5508 Μετὰ
615 5453 731 5521 τὴν
773 5453 1019 5509 ἐνθένδε
1062 5451 1384 5524 ἐκδημίαν.
1450 5450 1816 5524 Theophanes

241 5520 377 5579 anno
416 5520 815 5579 incarnationis
867 5522 1174 5580 secundum
1232 5520 1633 5576 Alexandrinos
1686 5520 1814 5581 455,

242 5596 328 5660 qui
365 5595 591 5649 Kalend.
622 5595 902 5664 Septemb.
950 5610 1072 5649 atrae
1112 5592 1262 5661 vulg.
1296 5592 1400 5646 460
1420 5591 1811 5664 incipit,_ait_:

1917 5450 2241 5530 (Gmssmus
2260 5446 2322 5530 iu_
2338 5455 2484 5530 “tom.
2505 5444 2546 5498 ν
2563 5443 2804 5514 Operum
2824 5434 3169 5500 Tlieodoriti,
3190 5433 3411 5487 dissert.
3430 5428 3493 5493 2,

1913 5535 2031 5588 cup.
2066 5520 2118 5581 5,
2157 5534 2276 5587 μιᾳ.
2306 5517 2450 5585 197.)
3267 5572 3279 5583 .

1987 5596 2000 5607 '
2021 5588 2387 5657 Magnitudine
2415 5603 2513 5657 sua
2550 5603 2562 5638 :
2596 5583 2695 5638 Διά
2729 5580 2823 5636 τοῦ
2849 5568 3497 5657 σχῄματοςηρίιειυιξξειί-

1126 5641 1392 5735 'Biiignit}
1408 5641 1626 5731 έὶῂὶίὶάζ
1639 5641 1813 5715 bilius
1912 5641 2143 5735 deretur
2157 5659 2330 5735 [arma
2348 5657 2433 5712 vel
2452 5656 2629 5729 ﬁgura
2651 5671 2773 5720 sua,
2800 5660 2859 5706 ut
2884 5641 3202 5705 observavit
3227 5642 3297 5699 ill.
3320 5641 3503 5696 δίωτ-

246 5731 474 5789 Joannes
493 5731 795 5790 GaFnerius
821 5731 1103 5789 concludit
1127 5731 1252 5786 eum
1282 5732 1589 5786 columnam
1616 5746 1809 5783 ascen-

248 5804 385 5861 disse
409 5820 553 5861 anno
585 5804 710 5872 619,
738 5805 942 5878 quippe
981 5805 1037 5859 in
1063 5820 1126 5860 ea
1161 5802 1471 5875 perstiterit
1516 5798 1689 5858 annos
1722 5802 1810 5855 41.

1912 5730 2026 5800 ting
2064 5730 2119 5793 in
2159 5729 2360 5785 locum.
