  <div class='ocr_page' id='page_1' title='image "/cluster/home/n/w/nwhite01/storage/ocr_20150623/86:2/hvd.32044012719696/363.png"; bbox 0 0 4028 6482; ppageno 0'>
   <div class='ocr_carea' id='block_1_1' title="bbox 517 329 656 394">
    <p class='ocr_par' dir='ltr' id='par_1_1' title="bbox 517 329 656 394">
     <span class='ocr_line' id='line_1_1' title="bbox 517 329 656 394; baseline 0 -28"><span class='ocrx_word' id='word_1_1' title='bbox 517 329 656 394; x_wconf 47' lang='grc' dir='ltr'><strong>ρλϐ’]</strong></span> 
     </span>
    </p>
   </div>
   <div class='ocr_carea' id='block_1_2' title="bbox 1686 328 2533 391">
    <p class='ocr_par' dir='ltr' id='par_1_2' title="bbox 1686 328 2533 391">
     <span class='ocr_line' id='line_1_2' title="bbox 1686 328 2533 391; baseline -0.002 -1"><span class='ocrx_word' id='word_1_2' title='bbox 1686 329 2003 391; x_wconf 82' lang='lat' dir='ltr'><strong>EVAGRII</strong></span> <span class='ocrx_word' id='word_1_3' title='bbox 2042 328 2533 390; x_wconf 70' lang='lat' dir='ltr'><strong>SCIIOLASTICI</strong></span> 
     </span>
    </p>
   </div>
   <div class='ocr_carea' id='block_1_3' title="bbox 3649 324 3792 391">
    <p class='ocr_par' dir='ltr' id='par_1_3' title="bbox 3649 324 3792 391">
     <span class='ocr_line' id='line_1_3' title="bbox 3649 324 3792 391; baseline 0.035 -5"><span class='ocrx_word' id='word_1_4' title='bbox 3649 324 3792 391; x_wconf 64' lang='grc'><strong>2468</strong></span> 
     </span>
    </p>
   </div>
   <div class='ocr_carea' id='block_1_4' title="bbox 519 435 2111 514">
    <p class='ocr_par' dir='ltr' id='par_1_4' title="bbox 519 440 2104 514">
     <span class='ocr_line' id='line_1_4' title="bbox 519 440 2104 514; baseline -0.001 -17"><span class='ocrx_word' id='word_1_5' title='bbox 519 444 639 514; x_wconf 99' lang='lat' dir='ltr'><strong>ejus</strong></span> <span class='ocrx_word' id='word_1_6' title='bbox 674 440 921 512; x_wconf 68' lang='lat' dir='ltr'><strong>reliquiae</strong></span> <span class='ocrx_word' id='word_1_7' title='bbox 973 440 1181 511; x_wconf 90' lang='lat' dir='ltr'><strong>ingenti</strong></span> <span class='ocrx_word' id='word_1_8' title='bbox 1216 456 1416 513; x_wconf 81' lang='lat' dir='ltr'><strong>pompa</strong></span> <span class='ocrx_word' id='word_1_9' title='bbox 1462 455 1633 497; x_wconf 90' lang='lat' dir='ltr'><strong>curru</strong></span> <span class='ocrx_word' id='word_1_10' title='bbox 1677 442 1732 497; x_wconf 93' lang='lat' dir='ltr'><strong>in</strong></span> <span class='ocrx_word' id='word_1_11' title='bbox 1780 443 1973 497; x_wconf 92' lang='lat' dir='ltr'><strong>urbem</strong></span> <span class='ocrx_word' id='word_1_12' title='bbox 2016 442 2104 496; x_wconf 93' lang='lat' dir='ltr'><strong>in-</strong></span> 
     </span>
    </p>
   </div>
   <div class='ocr_carea' id='block_1_5' title="bbox 2220 435 3789 514">
    <p class='ocr_par' dir='ltr' id='par_1_5' title="bbox 2220 435 3789 512">
     <span class='ocr_line' id='line_1_5' title="bbox 2220 435 3789 512; baseline -0.001 -19"><span class='ocrx_word' id='word_1_13' title='bbox 2220 442 2318 512; x_wconf 78' lang='grc' dir='ltr'>πῆς</span> <span class='ocrx_word' id='word_1_14' title='bbox 2345 442 2499 512; x_wconf 78' lang='grc' dir='ltr'>ίερᾶς</span> <span class='ocrx_word' id='word_1_15' title='bbox 2528 438 2633 495; x_wconf 82' lang='grc' dir='ltr'><strong>ἀνὰ</strong></span> <span class='ocrx_word' id='word_1_16' title='bbox 2661 438 2760 510; x_wconf 79' lang='grc' dir='ltr'>τὴν</span> <span class='ocrx_word' id='word_1_17' title='bbox 2786 437 2943 493; x_wconf 82' lang='grc' dir='ltr'>πόλιν</span> <span class='ocrx_word' id='word_1_18' title='bbox 2978 436 3070 493; x_wconf 73' lang='grc' dir='ltr'><strong>ἐπ’</strong></span> <span class='ocrx_word' id='word_1_19' title='bbox 3111 436 3392 509; x_wconf 80' lang='grc' dir='ltr'>ὀχήματος</span> <span class='ocrx_word' id='word_1_20' title='bbox 3421 435 3749 505; x_wconf 72' lang='grc' dir='ltr'><strong>ἐνεχθέντων</strong></span> <span class='ocrx_word' id='word_1_21' title='bbox 3774 480 3789 500; x_wconf 88' lang='grc'><strong>,</strong></span> 
     </span>
    </p>
   </div>
   <div class='ocr_carea' id='block_1_6' title="bbox 520 533 2108 603">
    <p class='ocr_par' dir='ltr' id='par_1_6' title="bbox 520 533 2108 603">
     <span class='ocr_line' id='line_1_6' title="bbox 520 533 2108 603; baseline 0.002 -16"><span class='ocrx_word' id='word_1_22' title='bbox 520 542 688 589; x_wconf 70' lang='lat' dir='ltr'><strong>vecta:</strong></span> <span class='ocrx_word' id='word_1_23' title='bbox 724 541 781 587; x_wconf 90' lang='lat' dir='ltr'><strong>et</strong></span> <span class='ocrx_word' id='word_1_24' title='bbox 812 533 866 586; x_wconf 90' lang='lat' dir='ltr'><strong>in</strong></span> <span class='ocrx_word' id='word_1_25' title='bbox 902 534 1107 602; x_wconf 86' lang='lat' dir='ltr'><strong>templo</strong></span> <span class='ocrx_word' id='word_1_26' title='bbox 1142 534 1405 603; x_wconf 76' lang='lat' dir='ltr'><strong>deposita:</strong></span> <span class='ocrx_word' id='word_1_27' title='bbox 1430 544 1638 589; x_wconf 87' lang='lat' dir='ltr'><strong>essent.</strong></span> <span class='ocrx_word' id='word_1_28' title='bbox 1670 534 1843 600; x_wconf 88' lang='lat' dir='ltr'><strong>Quam</strong></span> <span class='ocrx_word' id='word_1_29' title='bbox 1872 536 1943 590; x_wconf 92' lang='lat' dir='ltr'><strong>ob</strong></span> <span class='ocrx_word' id='word_1_30' title='bbox 1974 550 2108 590; x_wconf 88' lang='lat' dir='ltr'><strong>cau-</strong></span> 
     </span>
    </p>
   </div>
   <div class='ocr_carea' id='block_1_7' title="bbox 520 624 2110 695">
    <p class='ocr_par' dir='ltr' id='par_1_7' title="bbox 520 624 2110 695">
     <span class='ocr_line' id='line_1_7' title="bbox 520 624 2110 695; baseline 0 -16"><span class='ocrx_word' id='word_1_31' title='bbox 520 640 638 679; x_wconf 85' lang='lat' dir='ltr'><strong>sam</strong></span> <span class='ocrx_word' id='word_1_32' title='bbox 684 624 906 693; x_wconf 91' lang='lat' dir='ltr'><strong>publica</strong></span> <span class='ocrx_word' id='word_1_33' title='bbox 938 624 1209 680; x_wconf 73' lang='lat' dir='ltr'><strong>festivitas</strong></span> <span class='ocrx_word' id='word_1_34' title='bbox 1252 626 1551 694; x_wconf 90' lang='lat' dir='ltr'><strong>quotannis</strong></span> <span class='ocrx_word' id='word_1_35' title='bbox 1582 625 1651 679; x_wconf 91' lang='lat' dir='ltr'><strong>ad</strong></span> <span class='ocrx_word' id='word_1_36' title='bbox 1702 634 1889 680; x_wconf 90' lang='lat' dir='ltr'><strong>nostra</strong></span> <span class='ocrx_word' id='word_1_37' title='bbox 1936 640 2110 695; x_wconf 85' lang='lat' dir='ltr'><strong>usque</strong></span> 
     </span>
    </p>
   </div>
   <div class='ocr_carea' id='block_1_8' title="bbox 522 714 2107 784">
    <p class='ocr_par' dir='ltr' id='par_1_8' title="bbox 522 714 2107 784">
     <span class='ocr_line' id='line_1_8' title="bbox 522 714 2107 784; baseline 0.001 -16"><span class='ocrx_word' id='word_1_38' title='bbox 522 726 769 784; x_wconf 87' lang='lat' dir='ltr'><strong>tempora</strong></span> <span class='ocrx_word' id='word_1_39' title='bbox 803 714 1084 769; x_wconf 90' lang='lat' dir='ltr'><strong>communi</strong></span> <span class='ocrx_word' id='word_1_40' title='bbox 1119 715 1291 769; x_wconf 86' lang='lat' dir='ltr'><strong>totius</strong></span> <span class='ocrx_word' id='word_1_41' title='bbox 1321 716 1510 784; x_wconf 89' lang='lat' dir='ltr'><strong>populi</strong></span> <span class='ocrx_word' id='word_1_42' title='bbox 1554 716 1744 770; x_wconf 78' lang='lat' dir='ltr'><strong>hetitia</strong></span> <span class='ocrx_word' id='word_1_43' title='bbox 1773 717 2107 779; x_wconf 83' lang='lat' dir='ltr'><strong>celebratur,</strong></span> 
     </span>
    </p>
   </div>
   <div class='ocr_carea' id='block_1_9' title="bbox 521 805 2113 876">
    <p class='ocr_par' dir='ltr' id='par_1_9' title="bbox 521 805 2113 876">
     <span class='ocr_line' id='line_1_9' title="bbox 521 805 2113 876; baseline 0.001 -17"><span class='ocrx_word' id='word_1_44' title='bbox 521 822 685 875; x_wconf 90' lang='lat' dir='ltr'><strong>quam</strong></span> <span class='ocrx_word' id='word_1_45' title='bbox 717 806 1019 875; x_wconf 84' lang='lat' dir='ltr'><strong>Gregorius</strong></span> <span class='ocrx_word' id='word_1_46' title='bbox 1047 805 1295 876; x_wconf 87' lang='lat' dir='ltr'><strong>ejusdem</strong></span> <span class='ocrx_word' id='word_1_47' title='bbox 1325 806 1431 859; x_wconf 91' lang='lat' dir='ltr'><strong>loci</strong></span> <span class='ocrx_word' id='word_1_48' title='bbox 1471 806 1788 876; x_wconf 82' lang='lat' dir='ltr'><strong>cpiscOpus,</strong></span> <span class='ocrx_word' id='word_1_49' title='bbox 1828 807 1987 876; x_wconf 89' lang='lat' dir='ltr'><strong>longe</strong></span> <span class='ocrx_word' id='word_1_50' title='bbox 2016 806 2113 861; x_wconf 87' lang='lat' dir='ltr'><strong>ad-</strong></span> 
     </span>
    </p>
   </div>
   <div class='ocr_carea' id='block_1_10' title="bbox 523 897 2113 969">
    <p class='ocr_par' dir='ltr' id='par_1_10' title="bbox 523 897 2113 969">
     <span class='ocr_line' id='line_1_10' title="bbox 523 897 2113 969; baseline 0.001 -19"><span class='ocrx_word' id='word_1_51' title='bbox 523 898 632 952; x_wconf 92' lang='lat' dir='ltr'><strong>huc</strong></span> <span class='ocrx_word' id='word_1_52' title='bbox 681 897 1215 969; x_wconf 82' lang='lat' dir='ltr'><strong>magniﬁcentiorem</strong></span> <span class='ocrx_word' id='word_1_53' title='bbox 1264 897 1528 952; x_wconf 85' lang='lat' dir='ltr'><strong>reddidit.</strong></span> <span class='ocrx_word' id='word_1_54' title='bbox 1576 897 1700 951; x_wconf 77' lang='lat' dir='ltr'><strong>[hec</strong></span> <span class='ocrx_word' id='word_1_55' title='bbox 1748 897 1954 951; x_wconf 88' lang='lat' dir='ltr'><strong>idcirco</strong></span> <span class='ocrx_word' id='word_1_56' title='bbox 1996 897 2113 951; x_wconf 91' lang='lat' dir='ltr'><strong>illic</strong></span> 
     </span>
    </p>
   </div>
   <div class='ocr_carea' id='block_1_11' title="bbox 522 989 2109 1061">
    <p class='ocr_par' dir='ltr' id='par_1_11' title="bbox 522 989 2109 1061">
     <span class='ocr_line' id='line_1_11' title="bbox 522 989 2109 1061; baseline 0 -18"><span class='ocrx_word' id='word_1_57' title='bbox 522 989 663 1045; x_wconf 80' lang='lat' dir='ltr'><strong>facta</strong></span> <span class='ocrx_word' id='word_1_58' title='bbox 698 1000 848 1052; x_wconf 89' lang='lat' dir='ltr'><strong>sunt,</strong></span> <span class='ocrx_word' id='word_1_59' title='bbox 886 992 1032 1060; x_wconf 88' lang='lat' dir='ltr'><strong>quod</strong></span> <span class='ocrx_word' id='word_1_60' title='bbox 1066 992 1211 1046; x_wconf 93' lang='lat' dir='ltr'><strong>Deus</strong></span> <span class='ocrx_word' id='word_1_61' title='bbox 1240 1000 1559 1046; x_wconf 89' lang='lat' dir='ltr'><strong>sanctorum</strong></span> <span class='ocrx_word' id='word_1_62' title='bbox 1591 991 1854 1060; x_wconf 84' lang='lat' dir='ltr'><strong>reliquias</strong></span> <span class='ocrx_word' id='word_1_63' title='bbox 1875 991 1987 1061; x_wconf 89' lang='lat' dir='ltr'><strong>jam</strong></span> <span class='ocrx_word' id='word_1_64' title='bbox 2012 1007 2109 1045; x_wconf 68' lang='lat' dir='ltr'><strong>ex-</strong></span> 
     </span>
    </p>
   </div>
   <div class='ocr_carea' id='block_1_12' title="bbox 523 1082 2113 1153">
    <p class='ocr_par' dir='ltr' id='par_1_12' title="bbox 523 1082 2113 1153">
     <span class='ocr_line' id='line_1_12' title="bbox 523 1082 2113 1153; baseline 0.001 -18"><span class='ocrx_word' id='word_1_65' title='bbox 523 1082 652 1137; x_wconf 88' lang='lat' dir='ltr'><strong>hinc</strong></span> <span class='ocrx_word' id='word_1_66' title='bbox 678 1082 889 1136; x_wconf 87' lang='lat' dir='ltr'><strong>honore</strong></span> <span class='ocrx_word' id='word_1_67' title='bbox 919 1082 1138 1137; x_wconf 80' lang='lat' dir='ltr'><strong>alliciat.</strong></span> <span class='ocrx_word' id='word_1_68' title='bbox 1171 1084 1307 1137; x_wconf 87' lang='lat' dir='ltr'><strong>Nam</strong></span> <span class='ocrx_word' id='word_1_69' title='bbox 1342 1083 1596 1139; x_wconf 85' lang='lat' dir='ltr'><strong>Julianus</strong></span> <span class='ocrx_word' id='word_1_70' title='bbox 1622 1083 1845 1153; x_wconf 82' lang='lat' dir='ltr'><strong>quidem</strong></span> <span class='ocrx_word' id='word_1_71' title='bbox 1878 1084 2113 1138; x_wconf 91' lang='lat' dir='ltr'><strong>scelera-</strong></span> 
     </span>
    </p>
   </div>
   <div class='ocr_carea' id='block_1_13' title="bbox 525 1174 2114 1245">
    <p class='ocr_par' dir='ltr' id='par_1_13' title="bbox 525 1174 2114 1245">
     <span class='ocr_line' id='line_1_13' title="bbox 525 1174 2114 1245; baseline 0.001 -17"><span class='ocrx_word' id='word_1_72' title='bbox 525 1182 614 1229; x_wconf 87' lang='lat' dir='ltr'><strong>tus</strong></span> <span class='ocrx_word' id='word_1_73' title='bbox 663 1174 753 1228; x_wconf 92' lang='lat' dir='ltr'><strong>illc</strong></span> <span class='ocrx_word' id='word_1_74' title='bbox 800 1188 865 1227; x_wconf 90' lang='lat' dir='ltr'><strong>ac</strong></span> <span class='ocrx_word' id='word_1_75' title='bbox 906 1174 1019 1227; x_wconf 91' lang='lat' dir='ltr'><strong>Deo</strong></span> <span class='ocrx_word' id='word_1_76' title='bbox 1064 1174 1277 1228; x_wconf 91' lang='lat' dir='ltr'><strong>invisus</strong></span> <span class='ocrx_word' id='word_1_77' title='bbox 1324 1186 1613 1245; x_wconf 79' lang='lat' dir='ltr'><strong>tyrannus,</strong></span> <span class='ocrx_word' id='word_1_78' title='bbox 1644 1190 1768 1228; x_wconf 91' lang='lat' dir='ltr'><strong>eum</strong></span> <span class='ocrx_word' id='word_1_79' title='bbox 1804 1175 2114 1245; x_wconf 70' lang='lat' dir='ltr'><strong>Daphnzeus</strong></span> 
     </span>
    </p>
   </div>
   <div class='ocr_carea' id='block_1_14' title="bbox 524 1265 2112 1338">
    <p class='ocr_par' dir='ltr' id='par_1_14' title="bbox 524 1265 2112 1338">
     <span class='ocr_line' id='line_1_14' title="bbox 524 1265 2112 1338; baseline 0.003 -20"><span class='ocrx_word' id='word_1_80' title='bbox 524 1266 737 1335; x_wconf 82' lang='lat' dir='ltr'><strong>Apollo,</strong></span> <span class='ocrx_word' id='word_1_81' title='bbox 768 1265 862 1335; x_wconf 87' lang='lat' dir='ltr'><strong>qui</strong></span> <span class='ocrx_word' id='word_1_82' title='bbox 891 1266 1189 1321; x_wconf 86' lang='lat' dir='ltr'><strong>Castalium</strong></span> <span class='ocrx_word' id='word_1_83' title='bbox 1226 1266 1432 1321; x_wconf 81' lang='lat' dir='ltr'><strong>fontem</strong></span> <span class='ocrx_word' id='word_1_84' title='bbox 1475 1283 1576 1337; x_wconf 91' lang='lat' dir='ltr'><strong>pro</strong></span> <span class='ocrx_word' id='word_1_85' title='bbox 1612 1284 1745 1323; x_wconf 83' lang='lat' dir='ltr'><strong>voce</strong></span> <span class='ocrx_word' id='word_1_86' title='bbox 1790 1279 1955 1338; x_wconf 89' lang='lat' dir='ltr'><strong>atque</strong></span> <span class='ocrx_word' id='word_1_87' title='bbox 1985 1284 2112 1323; x_wconf 90' lang='lat' dir='ltr'><strong>ora-</strong></span> 
     </span>
    </p>
   </div>
   <div class='ocr_carea' id='block_1_15' title="bbox 522 1356 2114 1431">
    <p class='ocr_par' dir='ltr' id='par_1_15' title="bbox 522 1356 2114 1431">
     <span class='ocr_line' id='line_1_15' title="bbox 522 1356 2114 1431; baseline 0.003 -21"><span class='ocrx_word' id='word_1_88' title='bbox 522 1357 649 1411; x_wconf 92' lang='lat' dir='ltr'><strong>culo</strong></span> <span class='ocrx_word' id='word_1_89' title='bbox 704 1356 971 1417; x_wconf 88' lang='lat' dir='ltr'><strong>habebat.</strong></span> <span class='ocrx_word' id='word_1_90' title='bbox 1025 1358 1334 1412; x_wconf 90' lang='lat' dir='ltr'><strong>consulenti</strong></span> <span class='ocrx_word' id='word_1_91' title='bbox 1396 1359 1717 1431; x_wconf 88' lang='lat' dir='ltr'><strong>imperatori</strong></span> <span class='ocrx_word' id='word_1_92' title='bbox 1775 1360 2114 1429; x_wconf 90' lang='lat' dir='ltr'><strong>respondere</strong></span> 
     </span>
    </p>
   </div>
   <div class='ocr_carea' id='block_1_16' title="bbox 524 1449 2113 1523">
    <p class='ocr_par' dir='ltr' id='par_1_16' title="bbox 524 1449 2113 1523">
     <span class='ocr_line' id='line_1_16' title="bbox 524 1449 2113 1523; baseline 0.004 -22"><span class='ocrx_word' id='word_1_93' title='bbox 524 1462 633 1501; x_wconf 92' lang='lat' dir='ltr'><strong>non</strong></span> <span class='ocrx_word' id='word_1_94' title='bbox 655 1457 858 1518; x_wconf 86' lang='lat' dir='ltr'><strong>posset,</strong></span> <span class='ocrx_word' id='word_1_95' title='bbox 877 1464 944 1502; x_wconf 93' lang='lat' dir='ltr'><strong>eo</strong></span> <span class='ocrx_word' id='word_1_96' title='bbox 966 1449 1111 1518; x_wconf 86' lang='lat' dir='ltr'><strong>quod</strong></span> <span class='ocrx_word' id='word_1_97' title='bbox 1143 1450 1526 1506; x_wconf 91' lang='lat' dir='ltr'><strong>sanctissimus</strong></span> <span class='ocrx_word' id='word_1_98' title='bbox 1549 1452 1752 1523; x_wconf 87' lang='lat' dir='ltr'><strong>Babyla</strong></span> <span class='ocrx_word' id='word_1_99' title='bbox 1774 1452 1841 1507; x_wconf 88' lang='lat' dir='ltr'><strong>de</strong></span> <span class='ocrx_word' id='word_1_100' title='bbox 1862 1453 2113 1522; x_wconf 84' lang='lat' dir='ltr'><strong>proximo</strong></span> 
     </span>
    </p>
   </div>
   <div class='ocr_carea' id='block_1_17' title="bbox 523 1539 2115 1613">
    <p class='ocr_par' dir='ltr' id='par_1_17' title="bbox 523 1539 2115 1613">
     <span class='ocr_line' id='line_1_17' title="bbox 523 1539 2115 1613; baseline 0.004 -22"><span class='ocrx_word' id='word_1_101' title='bbox 523 1553 586 1593; x_wconf 89' lang='lat' dir='ltr'><strong>os</strong></span> <span class='ocrx_word' id='word_1_102' title='bbox 609 1539 659 1593; x_wconf 93' lang='lat' dir='ltr'><strong>ei</strong></span> <span class='ocrx_word' id='word_1_103' title='bbox 689 1539 911 1608; x_wconf 91' lang='lat' dir='ltr'><strong>penitus</strong></span> <span class='ocrx_word' id='word_1_104' title='bbox 934 1540 1095 1609; x_wconf 76' lang='lat'><strong>272</strong></span> <span class='ocrx_word' id='word_1_105' title='bbox 1126 1541 1417 1596; x_wconf 86' lang='lat' dir='ltr'><strong>obturaret</strong></span> <span class='ocrx_word' id='word_1_106' title='bbox 1444 1560 1457 1595; x_wconf 89' lang='lat'><strong>:</strong></span> <span class='ocrx_word' id='word_1_107' title='bbox 1482 1543 1689 1597; x_wconf 89' lang='lat' dir='ltr'><strong>invitus</strong></span> <span class='ocrx_word' id='word_1_108' title='bbox 1722 1552 1777 1597; x_wconf 86' lang='lat' dir='ltr'><strong>et</strong></span> <span class='ocrx_word' id='word_1_109' title='bbox 1805 1543 1959 1613; x_wconf 91' lang='lat' dir='ltr'><strong>quasi</strong></span> <span class='ocrx_word' id='word_1_110' title='bbox 1991 1559 2115 1599; x_wconf 83' lang='lat' dir='ltr'><strong>ver-</strong></span> 
     </span>
    </p>
   </div>
   <div class='ocr_carea' id='block_1_18' title="bbox 523 1630 2110 1704">
    <p class='ocr_par' dir='ltr' id='par_1_18' title="bbox 523 1630 2110 1704">
     <span class='ocr_line' id='line_1_18' title="bbox 523 1630 2110 1704; baseline 0.003 -19"><span class='ocrx_word' id='word_1_111' title='bbox 523 1630 654 1686; x_wconf 87' lang='lat' dir='ltr'><strong>bere</strong></span> <span class='ocrx_word' id='word_1_112' title='bbox 679 1630 926 1697; x_wconf 88' lang='lat' dir='ltr'><strong>adactus,</strong></span> <span class='ocrx_word' id='word_1_113' title='bbox 964 1641 1258 1704; x_wconf 83' lang='lat' dir='ltr'><strong>martyrem</strong></span> <span class='ocrx_word' id='word_1_114' title='bbox 1291 1634 1677 1690; x_wconf 82' lang='lat' dir='ltr'><strong>transferendo</strong></span> <span class='ocrx_word' id='word_1_115' title='bbox 1702 1636 2110 1690; x_wconf 82' lang='lat' dir='ltr'><strong>honoraverat:</strong></span> 
     </span>
    </p>
   </div>
   <div class='ocr_carea' id='block_1_19' title="bbox 522 1722 2111 1798">
    <p class='ocr_par' dir='ltr' id='par_1_19' title="bbox 522 1722 2111 1798">
     <span class='ocr_line' id='line_1_19' title="bbox 522 1722 2111 1798; baseline 0.004 -23"><span class='ocrx_word' id='word_1_116' title='bbox 522 1722 743 1792; x_wconf 83' lang='lat' dir='ltr'><strong>quando</strong></span> <span class='ocrx_word' id='word_1_117' title='bbox 778 1732 834 1778; x_wconf 92' lang='lat' dir='ltr'><strong>et</strong></span> <span class='ocrx_word' id='word_1_118' title='bbox 862 1726 1161 1780; x_wconf 82' lang='lat' dir='ltr'><strong>maximum</strong></span> <span class='ocrx_word' id='word_1_119' title='bbox 1195 1726 1247 1781; x_wconf 91' lang='lat' dir='ltr'><strong>ei</strong></span> <span class='ocrx_word' id='word_1_120' title='bbox 1277 1728 1542 1797; x_wconf 84' lang='lat' dir='ltr'><strong>templum</strong></span> <span class='ocrx_word' id='word_1_121' title='bbox 1584 1730 1737 1798; x_wconf 80' lang='lat' dir='ltr'><strong>juxta</strong></span> <span class='ocrx_word' id='word_1_122' title='bbox 1777 1728 1970 1782; x_wconf 86' lang='lat' dir='ltr'><strong>urbem</strong></span> <span class='ocrx_word' id='word_1_123' title='bbox 2016 1742 2111 1782; x_wconf 79' lang='lat' dir='ltr'><strong>ex-</strong></span> 
     </span>
    </p>
   </div>
   <div class='ocr_carea' id='block_1_20' title="bbox 2214 528 3795 600">
    <p class='ocr_par' dir='ltr' id='par_1_20' title="bbox 2214 528 3795 600">
     <span class='ocr_line' id='line_1_20' title="bbox 2214 528 3795 600; baseline -0.002 -16"><span class='ocrx_word' id='word_1_124' title='bbox 2214 531 2311 584; x_wconf 77' lang='grc' dir='ltr'>καὶ</span> <span class='ocrx_word' id='word_1_125' title='bbox 2347 531 2492 585; x_wconf 83' lang='grc' dir='ltr'>κατὰ</span> <span class='ocrx_word' id='word_1_126' title='bbox 2519 531 2581 584; x_wconf 83' lang='grc' dir='ltr'>τὸ</span> <span class='ocrx_word' id='word_1_127' title='bbox 2607 530 2835 600; x_wconf 79' lang='grc' dir='ltr'>τέμενος</span> <span class='ocrx_word' id='word_1_128' title='bbox 2864 530 3151 585; x_wconf 78' lang='grc' dir='ltr'>τεθέντων.</span> <span class='ocrx_word' id='word_1_129' title='bbox 3187 530 3351 583; x_wconf 71' lang='grc' dir='ltr'>Ὅθεν</span> <span class='ocrx_word' id='word_1_130' title='bbox 3380 529 3474 582; x_wconf 80' lang='grc' dir='ltr'>καὶ</span> <span class='ocrx_word' id='word_1_131' title='bbox 3496 528 3795 592; x_wconf 68' lang='grc' dir='ltr'>δημοτελὴς</span> 
     </span>
    </p>
   </div>
   <div class='ocr_carea' id='block_1_21' title="bbox 2212 620 3796 695">
    <p class='ocr_par' dir='ltr' id='par_1_21' title="bbox 2212 620 3796 695">
     <span class='ocr_line' id='line_1_21' title="bbox 2212 620 3796 695; baseline -0.003 -18"><span class='ocrx_word' id='word_1_132' title='bbox 2212 624 2375 695; x_wconf 80' lang='grc' dir='ltr'>ἑορτὴ</span> <span class='ocrx_word' id='word_1_133' title='bbox 2404 623 2501 676; x_wconf 70' lang='grc' dir='ltr'>καὶ</span> <span class='ocrx_word' id='word_1_134' title='bbox 2554 623 2835 694; x_wconf 81' lang='grc' dir='ltr'><strong>πάνδημος</strong></span> <span class='ocrx_word' id='word_1_135' title='bbox 2864 622 3176 693; x_wconf 80' lang='grc' dir='ltr'>εὐφροσύνη</span> <span class='ocrx_word' id='word_1_136' title='bbox 3211 621 3407 692; x_wconf 81' lang='grc' dir='ltr'><strong>μέχρις</strong></span> <span class='ocrx_word' id='word_1_137' title='bbox 3437 620 3598 691; x_wconf 79' lang='grc' dir='ltr'>ἡμῶν</span> <span class='ocrx_word' id='word_1_138' title='bbox 3624 620 3796 673; x_wconf 81' lang='grc' dir='ltr'>τελεί-</span> 
     </span>
    </p>
   </div>
   <div class='ocr_carea' id='block_1_22' title="bbox 2212 713 3799 785">
    <p class='ocr_par' dir='ltr' id='par_1_22' title="bbox 2212 713 3799 785">
     <span class='ocr_line' id='line_1_22' title="bbox 2212 713 3799 785; baseline -0.001 -18"><span class='ocrx_word' id='word_1_139' title='bbox 2212 733 2325 776; x_wconf 87' lang='grc' dir='ltr'>ται,</span> <span class='ocrx_word' id='word_1_140' title='bbox 2354 716 2492 785; x_wconf 83' lang='grc' dir='ltr'>πρὸς</span> <span class='ocrx_word' id='word_1_141' title='bbox 2520 714 2583 769; x_wconf 84' lang='grc' dir='ltr'>τὸ</span> <span class='ocrx_word' id='word_1_142' title='bbox 2612 716 3201 785; x_wconf 80' lang='grc' dir='ltr'>μεγαλοπρεπέστερον</span> <span class='ocrx_word' id='word_1_143' title='bbox 3234 715 3329 767; x_wconf 84' lang='grc' dir='ltr'>τοῦ</span> <span class='ocrx_word' id='word_1_144' title='bbox 3364 713 3627 783; x_wconf 74' lang='grc' dir='ltr'>ίεράρχου</span> <span class='ocrx_word' id='word_1_145' title='bbox 3658 713 3799 783; x_wconf 81' lang='grc' dir='ltr'>Γρη-</span> 
     </span>
    </p>
   </div>
   <div class='ocr_carea' id='block_1_23' title="bbox 2213 804 3796 879">
    <p class='ocr_par' dir='ltr' id='par_1_23' title="bbox 2213 804 3796 879">
     <span class='ocr_line' id='line_1_23' title="bbox 2213 804 3796 879; baseline -0.003 -18"><span class='ocrx_word' id='word_1_146' title='bbox 2213 809 2401 879; x_wconf 92' lang='grc' dir='ltr'>γορίου</span> <span class='ocrx_word' id='word_1_147' title='bbox 2428 808 2636 879; x_wconf 85' lang='grc' dir='ltr'>ταύτην</span> <span class='ocrx_word' id='word_1_148' title='bbox 2664 808 2985 879; x_wconf 82' lang='grc' dir='ltr'>ὲξάραντος.</span> <span class='ocrx_word' id='word_1_149' title='bbox 3019 808 3217 876; x_wconf 64' lang='grc' dir='ltr'>Γέγονε</span> <span class='ocrx_word' id='word_1_150' title='bbox 3251 807 3309 860; x_wconf 78' lang='grc' dir='ltr'>δὲ</span> <span class='ocrx_word' id='word_1_151' title='bbox 3337 806 3513 859; x_wconf 83' lang='grc' dir='ltr'>ταῦτα</span> <span class='ocrx_word' id='word_1_152' title='bbox 3561 804 3796 868; x_wconf 72' lang='grc' dir='ltr'>ἐκεῖθεν,</span> 
     </span>
    </p>
   </div>
   <div class='ocr_carea' id='block_1_24' title="bbox 2214 896 3798 967">
    <p class='ocr_par' dir='ltr' id='par_1_24' title="bbox 2214 896 3798 967">
     <span class='ocr_line' id='line_1_24' title="bbox 2214 896 3798 967; baseline -0.003 -16"><span class='ocrx_word' id='word_1_153' title='bbox 2214 898 2368 951; x_wconf 78' lang='grc' dir='ltr'>ἔνθεν</span> <span class='ocrx_word' id='word_1_154' title='bbox 2387 899 2501 967; x_wconf 77' lang='grc'><strong>(75)</strong></span> <span class='ocrx_word' id='word_1_155' title='bbox 2529 898 2623 951; x_wconf 79' lang='grc' dir='ltr'><strong>τοῦ</strong></span> <span class='ocrx_word' id='word_1_156' title='bbox 2649 897 2782 951; x_wconf 80' lang='grc' dir='ltr'>Θεοῦ</span> <span class='ocrx_word' id='word_1_157' title='bbox 2816 897 2914 961; x_wconf 84' lang='grc' dir='ltr'>τὰς</span> <span class='ocrx_word' id='word_1_158' title='bbox 2939 897 3092 961; x_wconf 85' lang='grc' dir='ltr'>ὁσίας</span> <span class='ocrx_word' id='word_1_159' title='bbox 3118 898 3226 950; x_wconf 92' lang='grc' dir='ltr'><strong>τῶν</strong></span> <span class='ocrx_word' id='word_1_160' title='bbox 3263 897 3437 965; x_wconf 80' lang='grc' dir='ltr'>ἁγίων</span> <span class='ocrx_word' id='word_1_161' title='bbox 3459 896 3737 965; x_wconf 81' lang='grc' dir='ltr'><strong>τιμῶντος</strong></span> <span class='ocrx_word' id='word_1_162' title='bbox 3754 896 3798 926; x_wconf 68' lang='grc'><strong>’⁸</strong></span> 
     </span>
    </p>
   </div>
   <div class='ocr_carea' id='block_1_25' title="bbox 2217 988 3802 1061">
    <p class='ocr_par' dir='ltr' id='par_1_25' title="bbox 2217 988 3802 1061">
     <span class='ocr_line' id='line_1_25' title="bbox 2217 988 3802 1061; baseline -0.003 -18"><span class='ocrx_word' id='word_1_163' title='bbox 2217 991 2460 1061; x_wconf 79' lang='grc' dir='ltr'><strong>μνήμας.</strong></span> <span class='ocrx_word' id='word_1_164' title='bbox 2507 990 2797 1052; x_wconf 83' lang='grc' dir='ltr'>Ἰουλιανὸς</span> <span class='ocrx_word' id='word_1_165' title='bbox 2831 989 2933 1060; x_wconf 77' lang='grc' dir='ltr'>μὲν</span> <span class='ocrx_word' id='word_1_166' title='bbox 2961 991 3070 1060; x_wconf 78' lang='grc' dir='ltr'>γὰρ</span> <span class='ocrx_word' id='word_1_167' title='bbox 3108 992 3137 1044; x_wconf 87' lang='grc' dir='ltr'>ὁ</span> <span class='ocrx_word' id='word_1_168' title='bbox 3163 990 3465 1060; x_wconf 79' lang='grc' dir='ltr'>ἁλιτήριος,</span> <span class='ocrx_word' id='word_1_169' title='bbox 3510 990 3544 1057; x_wconf 87' lang='grc' dir='ltr'>ἠ</span> <span class='ocrx_word' id='word_1_170' title='bbox 3579 988 3802 1041; x_wconf 80' lang='grc' dir='ltr'>θεοστυ-</span> 
     </span>
    </p>
   </div>
   <div class='ocr_carea' id='block_1_26' title="bbox 2214 1078 3802 1152">
    <p class='ocr_par' dir='ltr' id='par_1_26' title="bbox 2214 1078 3802 1152">
     <span class='ocr_line' id='line_1_26' title="bbox 2214 1078 3802 1152; baseline -0.01 -7"><span class='ocrx_word' id='word_1_171' title='bbox 2214 1082 2318 1151; x_wconf 76' lang='grc' dir='ltr'>γῆς</span> <span class='ocrx_word' id='word_1_172' title='bbox 2346 1085 2625 1152; x_wconf 79' lang='grc' dir='ltr'>τυραννὶς,</span> <span class='ocrx_word' id='word_1_173' title='bbox 2653 1080 2804 1134; x_wconf 82' lang='grc' dir='ltr'><strong>ἄκων</strong></span> <span class='ocrx_word' id='word_1_174' title='bbox 2829 1080 2924 1133; x_wconf 79' lang='grc' dir='ltr'><strong>καί</strong></span> <span class='ocrx_word' id='word_1_175' title='bbox 2963 1080 3380 1150; x_wconf 78' lang='grc' dir='ltr'>μαστιζόμενος,</span> <span class='ocrx_word' id='word_1_176' title='bbox 3416 1078 3608 1147; x_wconf 70' lang='grc' dir='ltr'>ἐπειδὴ</span> <span class='ocrx_word' id='word_1_177' title='bbox 3654 1078 3736 1147; x_wconf 80' lang='grc' dir='ltr'>μὴ</span> <span class='ocrx_word' id='word_1_178' title='bbox 3773 1079 3802 1130; x_wconf 80' lang='grc' dir='ltr'>ὀ</span> 
     </span>
    </p>
   </div>
   <div class='ocr_carea' id='block_1_27' title="bbox 2214 1171 3804 1244">
    <p class='ocr_par' dir='ltr' id='par_1_27' title="bbox 2214 1171 3804 1244">
     <span class='ocr_line' id='line_1_27' title="bbox 2214 1171 3804 1244; baseline -0.003 -18"><span class='ocrx_word' id='word_1_179' title='bbox 2214 1175 2481 1243; x_wconf 81' lang='grc' dir='ltr'><strong>Δαφναῖος</strong></span> <span class='ocrx_word' id='word_1_180' title='bbox 2550 1172 2861 1237; x_wconf 84' lang='grc' dir='ltr'>Ἀπόλλων,</span> <span class='ocrx_word' id='word_1_181' title='bbox 2891 1175 2920 1226; x_wconf 81' lang='grc' dir='ltr'><strong>ὁ</strong></span> <span class='ocrx_word' id='word_1_182' title='bbox 2946 1173 3131 1244; x_wconf 81' lang='grc' dir='ltr'>φωνὴν</span> <span class='ocrx_word' id='word_1_183' title='bbox 3175 1173 3270 1226; x_wconf 66' lang='grc' dir='ltr'>καὶ</span> <span class='ocrx_word' id='word_1_184' title='bbox 3314 1171 3659 1242; x_wconf 70' lang='grc' dir='ltr'><strong>προφητείαν</strong></span> <span class='ocrx_word' id='word_1_185' title='bbox 3705 1171 3804 1240; x_wconf 73' lang='grc' dir='ltr'>τὴν</span> 
     </span>
    </p>
   </div>
   <div class='ocr_carea' id='block_1_28' title="bbox 2216 1263 3803 1336">
    <p class='ocr_par' dir='ltr' id='par_1_28' title="bbox 2216 1263 3803 1336">
     <span class='ocr_line' id='line_1_28' title="bbox 2216 1263 3803 1336; baseline -0.003 -15"><span class='ocrx_word' id='word_1_186' title='bbox 2216 1265 2534 1321; x_wconf 79' lang='grc' dir='ltr'>Κασταλίαν</span> <span class='ocrx_word' id='word_1_187' title='bbox 2565 1266 2677 1334; x_wconf 67' lang='grc' dir='ltr'><strong>ιη)</strong></span> <span class='ocrx_word' id='word_1_188' title='bbox 2709 1265 2869 1336; x_wconf 78' lang='grc' dir='ltr'>ἔχων,</span> <span class='ocrx_word' id='word_1_189' title='bbox 2898 1265 3112 1319; x_wconf 84' lang='grc' dir='ltr'><strong>ἀνελεῖν</strong></span> <span class='ocrx_word' id='word_1_190' title='bbox 3135 1283 3187 1318; x_wconf 90' lang='grc' dir='ltr'><strong>τι</strong></span> <span class='ocrx_word' id='word_1_191' title='bbox 3215 1265 3450 1334; x_wconf 75' lang='grc' dir='ltr'>ἠδύνατο</span> <span class='ocrx_word' id='word_1_192' title='bbox 3479 1264 3558 1334; x_wconf 85' lang='grc' dir='ltr'><strong>τῷ</strong></span> <span class='ocrx_word' id='word_1_193' title='bbox 3592 1263 3803 1333; x_wconf 80' lang='grc' dir='ltr'>βασιλεί</span> 
     </span>
    </p>
   </div>
   <div class='ocr_carea' id='block_1_29' title="bbox 2215 1355 3804 1431">
    <p class='ocr_par' dir='ltr' id='par_1_29' title="bbox 2215 1355 3804 1431">
     <span class='ocr_line' id='line_1_29' title="bbox 2215 1355 3804 1431; baseline -0.003 -20"><span class='ocrx_word' id='word_1_194' title='bbox 2215 1358 2746 1431; x_wconf 75' lang='grc' dir='ltr'><strong>χρηστηριαζομένῳ</strong></span> <span class='ocrx_word' id='word_1_195' title='bbox 2769 1396 2784 1420; x_wconf 94' lang='grc'><strong>,</strong></span> <span class='ocrx_word' id='word_1_196' title='bbox 2822 1356 3043 1409; x_wconf 73' lang='grc' dir='ltr'>Βαϐύλα</span> <span class='ocrx_word' id='word_1_197' title='bbox 3072 1356 3164 1409; x_wconf 79' lang='grc' dir='ltr'><strong>τοῦ</strong></span> <span class='ocrx_word' id='word_1_198' title='bbox 3205 1356 3363 1425; x_wconf 83' lang='grc' dir='ltr'>ἁγίου</span> <span class='ocrx_word' id='word_1_199' title='bbox 3412 1356 3689 1418; x_wconf 79' lang='grc' dir='ltr'>παντοίως</span> <span class='ocrx_word' id='word_1_200' title='bbox 3740 1355 3804 1407; x_wconf 69' lang='grc' dir='ltr'>ιιι</span> 
     </span>
    </p>
   </div>
   <div class='ocr_carea' id='block_1_30' title="bbox 2215 1446 3799 1520">
    <p class='ocr_par' dir='ltr' id='par_1_30' title="bbox 2215 1446 3799 1520">
     <span class='ocr_line' id='line_1_30' title="bbox 2215 1446 3799 1520; baseline -0.003 -17"><span class='ocrx_word' id='word_1_201' title='bbox 2215 1450 2474 1520; x_wconf 86' lang='grc' dir='ltr'>γειτόνων</span> <span class='ocrx_word' id='word_1_202' title='bbox 2509 1448 2979 1519; x_wconf 73' lang='grc' dir='ltr'>ἐπιστομίζοντος,</span> <span class='ocrx_word' id='word_1_203' title='bbox 3008 1450 3143 1519; x_wconf 77' lang='grc' dir='ltr'>τιμᾷ</span> <span class='ocrx_word' id='word_1_204' title='bbox 3173 1446 3464 1517; x_wconf 83' lang='grc' dir='ltr'>μεταθέσει</span> <span class='ocrx_word' id='word_1_205' title='bbox 3489 1448 3584 1501; x_wconf 74' lang='grc' dir='ltr'>τὸν</span> <span class='ocrx_word' id='word_1_206' title='bbox 3607 1446 3767 1515; x_wconf 75' lang='grc' dir='ltr'>ἅγιον</span> <span class='ocrx_word' id='word_1_207' title='bbox 3788 1465 3799 1478; x_wconf 86' lang='grc'><strong>·</strong></span> 
     </span>
    </p>
   </div>
   <div class='ocr_carea' id='block_1_31' title="bbox 2214 1539 3804 1612">
    <p class='ocr_par' dir='ltr' id='par_1_31' title="bbox 2214 1539 3804 1612">
     <span class='ocr_line' id='line_1_31' title="bbox 2214 1539 3804 1612; baseline -0.003 -16"><span class='ocrx_word' id='word_1_208' title='bbox 2214 1545 2303 1597; x_wconf 84' lang='grc' dir='ltr'>ὅτε</span> <span class='ocrx_word' id='word_1_209' title='bbox 2344 1544 2439 1597; x_wconf 82' lang='grc' dir='ltr'>καὶ</span> <span class='ocrx_word' id='word_1_210' title='bbox 2485 1541 2620 1605; x_wconf 87' lang='grc' dir='ltr'>νεὼς</span> <span class='ocrx_word' id='word_1_211' title='bbox 2676 1542 2825 1610; x_wconf 82' lang='grc' dir='ltr'>αὐτῷ</span> <span class='ocrx_word' id='word_1_212' title='bbox 2870 1542 2978 1612; x_wconf 81' lang='grc' dir='ltr'>πρὸ</span> <span class='ocrx_word' id='word_1_213' title='bbox 3024 1543 3122 1612; x_wconf 81' lang='grc' dir='ltr'>τῆς</span> <span class='ocrx_word' id='word_1_214' title='bbox 3171 1539 3385 1602; x_wconf 79' lang='grc' dir='ltr'>πόλεως</span> <span class='ocrx_word' id='word_1_215' title='bbox 3428 1540 3804 1610; x_wconf 70' lang='grc' dir='ltr'>παμμεγέθης</span> 
     </span>
    </p>
   </div>
   <div class='ocr_carea' id='block_1_32' title="bbox 2215 1630 3803 1704">
    <p class='ocr_par' dir='ltr' id='par_1_32' title="bbox 2215 1630 3803 1704">
     <span class='ocr_line' id='line_1_32' title="bbox 2215 1630 3803 1704; baseline -0.003 -17"><span class='ocrx_word' id='word_1_216' title='bbox 2215 1633 2493 1697; x_wconf 81' lang='grc' dir='ltr'>ἀνίστατο,</span> <span class='ocrx_word' id='word_1_217' title='bbox 2527 1635 2555 1686; x_wconf 86' lang='grc' dir='ltr'>ὁ</span> <span class='ocrx_word' id='word_1_218' title='bbox 2586 1632 2682 1687; x_wconf 75' lang='grc' dir='ltr'>καὶ</span> <span class='ocrx_word' id='word_1_219' title='bbox 2715 1633 2910 1704; x_wconf 80' lang='grc' dir='ltr'>μέχρις</span> <span class='ocrx_word' id='word_1_220' title='bbox 2939 1632 3096 1703; x_wconf 81' lang='grc' dir='ltr'>ήμῶν</span> <span class='ocrx_word' id='word_1_221' title='bbox 3124 1632 3433 1701; x_wconf 75' lang='grc' dir='ltr'>σωζόμενος</span> <span class='ocrx_word' id='word_1_222' title='bbox 3456 1646 3472 1663; x_wconf 78' lang='grc' dir='ltr'><strong><em>ο</em></strong></span> <span class='ocrx_word' id='word_1_223' title='bbox 3500 1631 3591 1684; x_wconf 82' lang='grc' dir='ltr'>ῑνα</span> <span class='ocrx_word' id='word_1_224' title='bbox 3615 1630 3803 1684; x_wconf 76' lang='grc' dir='ltr'>λοιπὸν</span> 
     </span>
    </p>
   </div>
   <div class='ocr_carea' id='block_1_33' title="bbox 2215 1723 3805 1797">
    <p class='ocr_par' dir='ltr' id='par_1_33' title="bbox 2215 1723 3805 1797">
     <span class='ocr_line' id='line_1_33' title="bbox 2215 1723 3805 1797; baseline -0.003 -18"><span class='ocrx_word' id='word_1_225' title='bbox 2215 1727 2265 1779; x_wconf 84' lang='lat' dir='ltr'><strong>oi</strong></span> <span class='ocrx_word' id='word_1_226' title='bbox 2296 1725 2552 1797; x_wconf 81' lang='grc' dir='ltr'>δαίμονες</span> <span class='ocrx_word' id='word_1_227' title='bbox 2581 1725 2667 1779; x_wconf 77' lang='grc' dir='ltr'><strong>ἐπ’</strong></span> <span class='ocrx_word' id='word_1_228' title='bbox 2707 1725 2892 1789; x_wconf 84' lang='grc' dir='ltr'>ἁδείας</span> <span class='ocrx_word' id='word_1_229' title='bbox 2936 1725 3005 1779; x_wconf 69' lang='grc' dir='ltr'><strong>τὰ</strong></span> <span class='ocrx_word' id='word_1_230' title='bbox 3042 1726 3219 1779; x_wconf 79' lang='grc' dir='ltr'>οίκεῖα</span> <span class='ocrx_word' id='word_1_231' title='bbox 3264 1724 3476 1797; x_wconf 83' lang='grc' dir='ltr'>δρῷεν,</span> <span class='ocrx_word' id='word_1_232' title='bbox 3524 1723 3603 1786; x_wconf 87' lang='grc' dir='ltr'><strong>ῶς</strong></span> <span class='ocrx_word' id='word_1_233' title='bbox 3637 1740 3805 1792; x_wconf 82' lang='grc' dir='ltr'>φασιν</span> 
     </span>
    </p>
   </div>
   <div class='ocr_carea' id='block_1_34' title="bbox 522 1804 2111 1889">
    <p class='ocr_par' dir='ltr' id='par_1_34' title="bbox 522 1818 2111 1887">
     <span class='ocr_line' id='line_1_34' title="bbox 522 1818 2111 1887; baseline 0.004 -20"><span class='ocrx_word' id='word_1_234' title='bbox 522 1822 799 1869; x_wconf 89' lang='lat' dir='ltr'><strong>structum</strong></span> <span class='ocrx_word' id='word_1_235' title='bbox 831 1824 935 1882; x_wconf 88' lang='lat' dir='ltr'><strong>est,</strong></span> <span class='ocrx_word' id='word_1_236' title='bbox 982 1818 1129 1887; x_wconf 90' lang='lat' dir='ltr'><strong>quod</strong></span> <span class='ocrx_word' id='word_1_237' title='bbox 1173 1819 1474 1874; x_wconf 88' lang='lat' dir='ltr'><strong>etiamnum</strong></span> <span class='ocrx_word' id='word_1_238' title='bbox 1498 1829 1683 1875; x_wconf 89' lang='lat' dir='ltr'><strong>manet</strong></span> <span class='ocrx_word' id='word_1_239' title='bbox 1716 1838 1729 1874; x_wconf 89' lang='lat'><strong>:</strong></span> <span class='ocrx_word' id='word_1_240' title='bbox 1760 1836 1828 1875; x_wconf 91' lang='lat' dir='ltr'><strong>eo</strong></span> <span class='ocrx_word' id='word_1_241' title='bbox 1858 1819 2111 1885; x_wconf 85' lang='lat' dir='ltr'><strong>consilio,</strong></span> 
     </span>
    </p>
   </div>
   <div class='ocr_carea' id='block_1_35' title="bbox 2220 1804 3804 1889">
    <p class='ocr_par' dir='ltr' id='par_1_35' title="bbox 2228 1816 3804 1889">
     <span class='ocr_line' id='line_1_35' title="bbox 2228 1816 3804 1889; baseline -0.003 -17"><span class='ocrx_word' id='word_1_242' title='bbox 2228 1819 2500 1889; x_wconf 78' lang='grc' dir='ltr'>Ἰουλιανῷ</span> <span class='ocrx_word' id='word_1_243' title='bbox 2532 1818 2734 1889; x_wconf 78' lang='grc' dir='ltr'>φθῆναι</span> <span class='ocrx_word' id='word_1_244' title='bbox 2779 1817 3008 1881; x_wconf 78' lang='grc' dir='ltr'>τούτους</span> <span class='ocrx_word' id='word_1_245' title='bbox 3067 1817 3518 1886; x_wconf 77' lang='grc' dir='ltr'>ἐπαγγείλασθαι.</span> <span class='ocrx_word' id='word_1_246' title='bbox 3555 1816 3728 1869; x_wconf 73' lang='grc' dir='ltr'>Τοῦτο</span> <span class='ocrx_word' id='word_1_247' title='bbox 3757 1816 3804 1868; x_wconf 82' lang='grc' dir='ltr'>δ’</span> 
     </span>
    </p>
   </div>
   <div class='ocr_carea' id='block_1_36' title="bbox 523 1906 2111 1984">
    <p class='ocr_par' dir='ltr' id='par_1_36' title="bbox 523 1906 2111 1984">
     <span class='ocr_line' id='line_1_36' title="bbox 523 1906 2111 1984; baseline 0.004 -25"><span class='ocrx_word' id='word_1_248' title='bbox 523 1915 583 1959; x_wconf 93' lang='lat' dir='ltr'><strong>ut</strong></span> <span class='ocrx_word' id='word_1_249' title='bbox 618 1906 896 1963; x_wconf 66' lang='lat' dir='ltr'><strong>daemones</strong></span> <span class='ocrx_word' id='word_1_250' title='bbox 930 1910 1193 1981; x_wconf 89' lang='lat' dir='ltr'><strong>deinceps</strong></span> <span class='ocrx_word' id='word_1_251' title='bbox 1236 1912 1410 1968; x_wconf 89' lang='lat' dir='ltr'><strong>libere</strong></span> <span class='ocrx_word' id='word_1_252' title='bbox 1454 1929 1553 1969; x_wconf 88' lang='lat' dir='ltr'><strong>sua</strong></span> <span class='ocrx_word' id='word_1_253' title='bbox 1588 1914 1834 1984; x_wconf 90' lang='lat' dir='ltr'><strong>ipsorum</strong></span> <span class='ocrx_word' id='word_1_254' title='bbox 1882 1927 2111 1983; x_wconf 86' lang='lat' dir='ltr'><strong>perage-</strong></span> 
     </span>
    </p>
   </div>
   <div class='ocr_carea' id='block_1_37' title="bbox 523 2006 2112 2078">
    <p class='ocr_par' dir='ltr' id='par_1_37' title="bbox 523 2006 2112 2078">
     <span class='ocr_line' id='line_1_37' title="bbox 523 2006 2112 2078; baseline 0.006 -25"><span class='ocrx_word' id='word_1_255' title='bbox 523 2010 681 2066; x_wconf 87' lang='lat' dir='ltr'><strong>rent,</strong></span> <span class='ocrx_word' id='word_1_256' title='bbox 732 2006 1198 2073; x_wconf 88' lang='lat' dir='ltr'><strong>quemadmodum</strong></span> <span class='ocrx_word' id='word_1_257' title='bbox 1232 2008 1489 2073; x_wconf 83' lang='lat' dir='ltr'><strong>Juliano,</strong></span> <span class='ocrx_word' id='word_1_258' title='bbox 1542 2019 1604 2063; x_wconf 95' lang='lat' dir='ltr'><strong>ut</strong></span> <span class='ocrx_word' id='word_1_259' title='bbox 1642 2009 1832 2073; x_wconf 87' lang='lat' dir='ltr'><strong>aiunt,</strong></span> <span class='ocrx_word' id='word_1_260' title='bbox 1882 2006 2112 2078; x_wconf 86' lang='lat' dir='ltr'><strong>polliciti</strong></span> 
     </span>
    </p>
   </div>
   <div class='ocr_carea' id='block_1_38' title="bbox 521 2093 2111 2157">
    <p class='ocr_par' dir='ltr' id='par_1_38' title="bbox 521 2093 2111 2157">
     <span class='ocr_line' id='line_1_38' title="bbox 521 2093 2111 2157; baseline 0.005 -10"><span class='ocrx_word' id='word_1_261' title='bbox 521 2093 762 2150; x_wconf 81' lang='lat' dir='ltr'><strong>fuerant.</strong></span> <span class='ocrx_word' id='word_1_262' title='bbox 798 2096 923 2153; x_wconf 78' lang='lat' dir='ltr'><strong>llzec</strong></span> <span class='ocrx_word' id='word_1_263' title='bbox 960 2099 1173 2155; x_wconf 83' lang='lat' dir='ltr'><strong>scilicet</strong></span> <span class='ocrx_word' id='word_1_264' title='bbox 1205 2100 1466 2156; x_wconf 90' lang='lat' dir='ltr'><strong>Servator</strong></span> <span class='ocrx_word' id='word_1_265' title='bbox 1492 2110 1681 2157; x_wconf 87' lang='lat' dir='ltr'><strong>noster</strong></span> <span class='ocrx_word' id='word_1_266' title='bbox 1706 2103 1852 2155; x_wconf 91' lang='lat' dir='ltr'><strong>Deus</strong></span> <span class='ocrx_word' id='word_1_267' title='bbox 1886 2101 2034 2155; x_wconf 89' lang='lat' dir='ltr'><strong>hunc</strong></span> <span class='ocrx_word' id='word_1_268' title='bbox 2057 2101 2111 2155; x_wconf 93' lang='lat' dir='ltr'><strong>in</strong></span> 
     </span>
    </p>
   </div>
   <div class='ocr_carea' id='block_1_39' title="bbox 521 2187 2114 2266">
    <p class='ocr_par' dir='ltr' id='par_1_39' title="bbox 521 2187 2114 2266">
     <span class='ocr_line' id='line_1_39' title="bbox 521 2187 2114 2266; baseline 0.004 -26"><span class='ocrx_word' id='word_1_269' title='bbox 521 2187 745 2242; x_wconf 88' lang='lat' dir='ltr'><strong>modum</strong></span> <span class='ocrx_word' id='word_1_270' title='bbox 776 2189 1139 2260; x_wconf 82' lang='lat' dir='ltr'><strong>dispensavit,</strong></span> <span class='ocrx_word' id='word_1_271' title='bbox 1169 2202 1228 2247; x_wconf 90' lang='lat' dir='ltr'><strong>ut</strong></span> <span class='ocrx_word' id='word_1_272' title='bbox 1257 2209 1450 2247; x_wconf 89' lang='lat' dir='ltr'><strong>eorum</strong></span> <span class='ocrx_word' id='word_1_273' title='bbox 1478 2195 1571 2264; x_wconf 90' lang='lat' dir='ltr'><strong>qui</strong></span> <span class='ocrx_word' id='word_1_274' title='bbox 1601 2194 1866 2266; x_wconf 79' lang='lat' dir='ltr'><strong>martyrio</strong></span> <span class='ocrx_word' id='word_1_275' title='bbox 1890 2193 2114 2264; x_wconf 81' lang='lat' dir='ltr'><strong>perfun-</strong></span> 
     </span>
    </p>
   </div>
   <div class='ocr_carea' id='block_1_40' title="bbox 523 2279 2112 2355">
    <p class='ocr_par' dir='ltr' id='par_1_40' title="bbox 523 2279 2112 2355">
     <span class='ocr_line' id='line_1_40' title="bbox 523 2279 2112 2355; baseline 0.005 -22"><span class='ocrx_word' id='word_1_276' title='bbox 523 2279 599 2334; x_wconf 90' lang='lat' dir='ltr'><strong>cti</strong></span> <span class='ocrx_word' id='word_1_277' title='bbox 646 2290 842 2347; x_wconf 88' lang='lat' dir='ltr'><strong>erant,</strong></span> <span class='ocrx_word' id='word_1_278' title='bbox 894 2282 977 2337; x_wconf 92' lang='lat' dir='ltr'><strong>vis</strong></span> <span class='ocrx_word' id='word_1_279' title='bbox 1024 2299 1088 2339; x_wconf 90' lang='lat' dir='ltr'><strong>ac</strong></span> <span class='ocrx_word' id='word_1_280' title='bbox 1119 2286 1361 2355; x_wconf 89' lang='lat' dir='ltr'><strong>potentia</strong></span> <span class='ocrx_word' id='word_1_281' title='bbox 1405 2286 1894 2351; x_wconf 90' lang='lat' dir='ltr'><strong>deelararetur,et</strong></span> <span class='ocrx_word' id='word_1_282' title='bbox 1937 2286 2112 2341; x_wconf 86' lang='lat' dir='ltr'><strong>sancti</strong></span> 
     </span>
    </p>
   </div>
   <div class='ocr_carea' id='block_1_41' title="bbox 523 2373 2111 2444">
    <p class='ocr_par' dir='ltr' id='par_1_41' title="bbox 523 2373 2111 2444">
     <span class='ocr_line' id='line_1_41' title="bbox 523 2373 2111 2444; baseline 0.005 -19"><span class='ocrx_word' id='word_1_283' title='bbox 523 2373 781 2444; x_wconf 88' lang='lat' dir='ltr'><strong>martyris</strong></span> <span class='ocrx_word' id='word_1_284' title='bbox 811 2375 1059 2444; x_wconf 68' lang='lat' dir='ltr'><strong>reliquiae</strong></span> <span class='ocrx_word' id='word_1_285' title='bbox 1082 2377 1137 2430; x_wconf 92' lang='lat' dir='ltr'><strong>in</strong></span> <span class='ocrx_word' id='word_1_286' title='bbox 1155 2386 1408 2432; x_wconf 88' lang='lat' dir='ltr'><strong>sanetum</strong></span> <span class='ocrx_word' id='word_1_287' title='bbox 1442 2380 1879 2434; x_wconf 83' lang='lat' dir='ltr'><strong>transferrentur</strong></span> <span class='ocrx_word' id='word_1_288' title='bbox 1908 2381 2111 2444; x_wconf 88' lang='lat' dir='ltr'><strong>locum,</strong></span> 
     </span>
    </p>
   </div>
   <div class='ocr_carea' id='block_1_42' title="bbox 525 2468 1725 2537">
    <p class='ocr_par' dir='ltr' id='par_1_42' title="bbox 525 2468 1725 2537">
     <span class='ocr_line' id='line_1_42' title="bbox 525 2468 1725 2537; baseline 0.005 -16"><span class='ocrx_word' id='word_1_289' title='bbox 525 2482 590 2522; x_wconf 89' lang='lat' dir='ltr'><strong>ae</strong></span> <span class='ocrx_word' id='word_1_290' title='bbox 618 2468 992 2537; x_wconf 87' lang='lat' dir='ltr'><strong>pulcherrimo</strong></span> <span class='ocrx_word' id='word_1_291' title='bbox 1020 2468 1256 2525; x_wconf 91' lang='lat' dir='ltr'><strong>delubro</strong></span> <span class='ocrx_word' id='word_1_292' title='bbox 1288 2471 1725 2528; x_wconf 89' lang='lat' dir='ltr'><strong>honorarentur.</strong></span> 
     </span>
    </p>
   </div>
   <div class='ocr_carea' id='block_1_43' title="bbox 1140 2583 1499 2641">
    <p class='ocr_par' dir='ltr' id='par_1_43' title="bbox 1140 2583 1499 2641">
     <span class='ocr_line' id='line_1_43' title="bbox 1140 2583 1499 2641; baseline 0.006 -2"><span class='ocrx_word' id='word_1_293' title='bbox 1140 2583 1293 2640; x_wconf 84' lang='lat' dir='ltr'><strong>CAP.</strong></span> <span class='ocrx_word' id='word_1_294' title='bbox 1335 2586 1499 2641; x_wconf 82' lang='lat' dir='ltr'><strong>XVII.</strong></span> 
     </span>
    </p>
   </div>
   <div class='ocr_carea' id='block_1_44' title="bbox 529 2669 2115 2750">
    <p class='ocr_par' dir='ltr' id='par_1_44' title="bbox 529 2669 2115 2750">
     <span class='ocr_line' id='line_1_44' title="bbox 529 2669 2115 2750; baseline 0.004 -26"><span class='ocrx_word' id='word_1_295' title='bbox 529 2669 806 2750; x_wconf 42' lang='lat' dir='ltr'><strong>DeAAttila</strong></span> <span class='ocrx_word' id='word_1_296' title='bbox 833 2673 1152 2750; x_wconf 66' lang='lat' dir='ltr'><strong>Hunnorum</strong></span> <span class='ocrx_word' id='word_1_297' title='bbox 1179 2693 1328 2747; x_wconf 82' lang='lat' dir='ltr'><strong>rege;</strong></span> <span class='ocrx_word' id='word_1_298' title='bbox 1352 2688 1399 2731; x_wconf 83' lang='lat' dir='ltr'><strong>et</strong></span> <span class='ocrx_word' id='word_1_299' title='bbox 1427 2678 1684 2747; x_wconf 84' lang='lat' dir='ltr'><strong>quomodo</strong></span> <span class='ocrx_word' id='word_1_300' title='bbox 1704 2677 1932 2733; x_wconf 77' lang='lat' dir='ltr'><strong>Orientis</strong></span> <span class='ocrx_word' id='word_1_301' title='bbox 1958 2689 2115 2750; x_wconf 83' lang='lat' dir='ltr'><strong>atque</strong></span> 
     </span>
    </p>
   </div>
   <div class='ocr_carea' id='block_1_45' title="bbox 595 2742 2114 2815">
    <p class='ocr_par' dir='ltr' id='par_1_45' title="bbox 595 2742 2114 2815">
     <span class='ocr_line' id='line_1_45' title="bbox 595 2742 2114 2815; baseline 0.003 -18"><span class='ocrx_word' id='word_1_302' title='bbox 595 2742 885 2797; x_wconf 77' lang='lat' dir='ltr'><strong>Occidentis</strong></span> <span class='ocrx_word' id='word_1_303' title='bbox 913 2748 1209 2815; x_wconf 80' lang='lat' dir='ltr'><strong>provincias</strong></span> <span class='ocrx_word' id='word_1_304' title='bbox 1238 2742 1558 2812; x_wconf 64' lang='lat' dir='ltr'><strong>uastuvérit;</strong></span> <span class='ocrx_word' id='word_1_305' title='bbox 1590 2750 1715 2802; x_wconf 84' lang='lat' dir='ltr'><strong>item</strong></span> <span class='ocrx_word' id='word_1_306' title='bbox 1755 2750 1818 2803; x_wconf 75' lang='lat' dir='ltr'><strong>ile</strong></span> <span class='ocrx_word' id='word_1_307' title='bbox 1852 2742 2114 2803; x_wconf 80' lang='lat' dir='ltr'><strong>horrendo</strong></span> 
     </span>
    </p>
   </div>
   <div class='ocr_carea' id='block_1_46' title="bbox 596 2815 2113 2890">
    <p class='ocr_par' dir='ltr' id='par_1_46' title="bbox 596 2815 2113 2890">
     <span class='ocr_line' id='line_1_46' title="bbox 596 2815 2113 2890; baseline 0.006 -26"><span class='ocrx_word' id='word_1_308' title='bbox 596 2822 752 2890; x_wconf 72' lang='lat' dir='ltr'><strong>terra:</strong></span> <span class='ocrx_word' id='word_1_309' title='bbox 787 2825 965 2890; x_wconf 75' lang='lat' dir='ltr'><strong>motu,</strong></span> <span class='ocrx_word' id='word_1_310' title='bbox 1018 2815 1243 2887; x_wconf 75' lang='lat' dir='ltr'><strong>aliisque</strong></span> <span class='ocrx_word' id='word_1_311' title='bbox 1282 2818 1602 2873; x_wconf 76' lang='lat' dir='ltr'><strong>terribilibus</strong></span> <span class='ocrx_word' id='word_1_312' title='bbox 1648 2820 1811 2889; x_wconf 75' lang='lat' dir='ltr'><strong>signis</strong></span> <span class='ocrx_word' id='word_1_313' title='bbox 1842 2836 1961 2890; x_wconf 82' lang='lat' dir='ltr'><strong>qua:</strong></span> <span class='ocrx_word' id='word_1_314' title='bbox 2007 2830 2113 2873; x_wconf 90' lang='lat' dir='ltr'><strong>toto</strong></span> 
     </span>
    </p>
   </div>
   <div class='ocr_carea' id='block_1_47' title="bbox 595 2885 1123 2955">
    <p class='ocr_par' dir='ltr' id='par_1_47' title="bbox 595 2885 1123 2955">
     <span class='ocr_line' id='line_1_47' title="bbox 595 2885 1123 2955; baseline 0.006 -19"><span class='ocrx_word' id='word_1_315' title='bbox 595 2885 717 2938; x_wconf 82' lang='lat' dir='ltr'><strong>orbe</strong></span> <span class='ocrx_word' id='word_1_316' title='bbox 765 2887 1123 2955; x_wconf 84' lang='lat' dir='ltr'><strong>contigerunt.</strong></span> 
     </span>
    </p>
   </div>
   <div class='ocr_carea' id='block_1_48' title="bbox 598 2991 2113 3062">
    <p class='ocr_par' dir='ltr' id='par_1_48' title="bbox 598 2991 2113 3062">
     <span class='ocr_line' id='line_1_48' title="bbox 598 2991 2113 3062; baseline 0.002 -16"><span class='ocrx_word' id='word_1_317' title='bbox 598 2991 797 3046; x_wconf 83' lang='lat' dir='ltr'><strong>Iisdem</strong></span> <span class='ocrx_word' id='word_1_318' title='bbox 835 2993 1200 3062; x_wconf 85' lang='lat' dir='ltr'><strong>temporibus,</strong></span> <span class='ocrx_word' id='word_1_319' title='bbox 1246 2994 1451 3049; x_wconf 91' lang='lat' dir='ltr'><strong>bellum</strong></span> <span class='ocrx_word' id='word_1_320' title='bbox 1489 2994 1626 3051; x_wconf 90' lang='lat' dir='ltr'><strong>illud</strong></span> <span class='ocrx_word' id='word_1_321' title='bbox 1656 2996 1955 3051; x_wconf 89' lang='lat' dir='ltr'><strong>multorum</strong></span> <span class='ocrx_word' id='word_1_322' title='bbox 1992 3011 2113 3051; x_wconf 87' lang='lat' dir='ltr'><strong>ser-</strong></span> 
     </span>
    </p>
   </div>
   <div class='ocr_carea' id='block_1_49' title="bbox 526 3084 2113 3159">
    <p class='ocr_par' dir='ltr' id='par_1_49' title="bbox 526 3084 2113 3159">
     <span class='ocr_line' id='line_1_49' title="bbox 526 3084 2113 3159; baseline 0.004 -21"><span class='ocrx_word' id='word_1_323' title='bbox 526 3100 687 3139; x_wconf 87' lang='lat' dir='ltr'><strong>mone</strong></span> <span class='ocrx_word' id='word_1_324' title='bbox 724 3084 1086 3149; x_wconf 90' lang='lat' dir='ltr'><strong>celebratum,</strong></span> <span class='ocrx_word' id='word_1_325' title='bbox 1120 3085 1188 3140; x_wconf 90' lang='lat' dir='ltr'><strong>ab</strong></span> <span class='ocrx_word' id='word_1_326' title='bbox 1231 3086 1399 3141; x_wconf 76' lang='lat' dir='ltr'><strong>Attila</strong></span> <span class='ocrx_word' id='word_1_327' title='bbox 1435 3088 1763 3143; x_wconf 85' lang='lat' dir='ltr'><strong>Hunnorum</strong></span> <span class='ocrx_word' id='word_1_328' title='bbox 1805 3104 1930 3159; x_wconf 87' lang='lat' dir='ltr'><strong>rege</strong></span> <span class='ocrx_word' id='word_1_329' title='bbox 1965 3089 2113 3144; x_wconf 82' lang='lat' dir='ltr'><strong>exci-</strong></span> 
     </span>
    </p>
   </div>
   <div class='ocr_carea' id='block_1_50' title="bbox 2214 1907 3802 1985">
    <p class='ocr_par' dir='ltr' id='par_1_50' title="bbox 2214 1907 3802 1985">
     <span class='ocr_line' id='line_1_50' title="bbox 2214 1907 3802 1985; baseline -0.004 -18"><span class='ocrx_word' id='word_1_330' title='bbox 2214 1912 2324 1984; x_wconf 84' lang='grc' dir='ltr'>ἄρα</span> <span class='ocrx_word' id='word_1_331' title='bbox 2354 1908 2422 1985; x_wconf 74' lang='grc' dir='ltr'>ἦν</span> <span class='ocrx_word' id='word_1_332' title='bbox 2451 1911 2512 1965; x_wconf 82' lang='grc' dir='ltr'>τὸ</span> <span class='ocrx_word' id='word_1_333' title='bbox 2540 1910 2996 1985; x_wconf 85' lang='grc' dir='ltr'>οίκονομούμενον</span> <span class='ocrx_word' id='word_1_334' title='bbox 3028 1913 3181 1982; x_wconf 70' lang='grc' dir='ltr'>παρὰ</span> <span class='ocrx_word' id='word_1_335' title='bbox 3212 1911 3308 1963; x_wconf 82' lang='grc' dir='ltr'>τοῦ</span> <span class='ocrx_word' id='word_1_336' title='bbox 3339 1910 3597 1980; x_wconf 78' lang='grc' dir='ltr'>Σωτῆρος</span> <span class='ocrx_word' id='word_1_337' title='bbox 3622 1907 3761 1961; x_wconf 78' lang='grc' dir='ltr'>Θεοῦ</span> <span class='ocrx_word' id='word_1_338' title='bbox 3786 1948 3802 1973; x_wconf 95' lang='grc'><strong>,</strong></span> 
     </span>
    </p>
   </div>
   <div class='ocr_carea' id='block_1_51' title="bbox 2214 2003 3805 2077">
    <p class='ocr_par' dir='ltr' id='par_1_51' title="bbox 2214 2003 3805 2077">
     <span class='ocr_line' id='line_1_51' title="bbox 2214 2003 3805 2077; baseline -0.003 -19"><span class='ocrx_word' id='word_1_339' title='bbox 2214 2006 2289 2069; x_wconf 80' lang='grc' dir='ltr'>ὡς</span> <span class='ocrx_word' id='word_1_340' title='bbox 2317 2006 2382 2059; x_wconf 85' lang='grc' dir='ltr'>ἂν</span> <span class='ocrx_word' id='word_1_341' title='bbox 2416 2008 2507 2060; x_wconf 70' lang='grc' dir='ltr'>καὶ</span> <span class='ocrx_word' id='word_1_342' title='bbox 2541 2006 2649 2059; x_wconf 85' lang='grc' dir='ltr'><strong>τῶν</strong></span> <span class='ocrx_word' id='word_1_343' title='bbox 2696 2008 3207 2077; x_wconf 80' lang='grc' dir='ltr'>μεμαρτυρηκότων</span> <span class='ocrx_word' id='word_1_344' title='bbox 3241 2007 3274 2075; x_wconf 71' lang='grc' dir='ltr'><strong>η</strong></span> <span class='ocrx_word' id='word_1_345' title='bbox 3305 2004 3535 2073; x_wconf 79' lang='grc' dir='ltr'>δύναμις</span> <span class='ocrx_word' id='word_1_346' title='bbox 3577 2003 3805 2072; x_wconf 76' lang='grc' dir='ltr'>ἔκδηλος</span> 
     </span>
    </p>
   </div>
   <div class='ocr_carea' id='block_1_52' title="bbox 2214 2097 3803 2172">
    <p class='ocr_par' dir='ltr' id='par_1_52' title="bbox 2214 2097 3803 2172">
     <span class='ocr_line' id='line_1_52' title="bbox 2214 2097 3803 2172; baseline -0.004 -18"><span class='ocrx_word' id='word_1_347' title='bbox 2214 2097 2272 2172; x_wconf 80' lang='grc' dir='ltr'><strong>ᾖ.</strong></span> <span class='ocrx_word' id='word_1_348' title='bbox 2301 2100 2393 2152; x_wconf 80' lang='grc' dir='ltr'>κα¹ι</span> <span class='ocrx_word' id='word_1_349' title='bbox 2428 2099 2521 2153; x_wconf 76' lang='grc' dir='ltr'>τοῦ</span> <span class='ocrx_word' id='word_1_350' title='bbox 2555 2099 2712 2168; x_wconf 84' lang='grc' dir='ltr'>ἁγίου</span> <span class='ocrx_word' id='word_1_351' title='bbox 2755 2099 3037 2171; x_wconf 80' lang='grc' dir='ltr'>μάρτυρος</span> <span class='ocrx_word' id='word_1_352' title='bbox 3062 2099 3129 2152; x_wconf 78' lang='grc' dir='ltr'>τὰ</span> <span class='ocrx_word' id='word_1_353' title='bbox 3168 2098 3347 2168; x_wconf 81' lang='grc' dir='ltr'>εὐαγῆ</span> <span class='ocrx_word' id='word_1_354' title='bbox 3412 2097 3669 2167; x_wconf 73' lang='grc' dir='ltr'>λείψανα,</span> <span class='ocrx_word' id='word_1_355' title='bbox 3719 2098 3803 2149; x_wconf 76' lang='grc' dir='ltr'>εὐ-</span> 
     </span>
    </p>
   </div>
   <div class='ocr_carea' id='block_1_53' title="bbox 2216 2188 3805 2264">
    <p class='ocr_par' dir='ltr' id='par_1_53' title="bbox 2216 2188 3805 2264">
     <span class='ocr_line' id='line_1_53' title="bbox 2216 2188 3805 2264; baseline -0.003 -18"><span class='ocrx_word' id='word_1_356' title='bbox 2216 2196 2343 2261; x_wconf 85' lang='grc' dir='ltr'>αγεῖ</span> <span class='ocrx_word' id='word_1_357' title='bbox 2370 2193 2414 2223; x_wconf 76' lang='grc'><strong>’⁸</strong></span> <span class='ocrx_word' id='word_1_358' title='bbox 2434 2191 2805 2263; x_wconf 85' lang='grc' dir='ltr'>μετενεχθεῖεν</span> <span class='ocrx_word' id='word_1_359' title='bbox 2840 2191 3026 2264; x_wconf 83' lang='grc' dir='ltr'>χώρῳ,</span> <span class='ocrx_word' id='word_1_360' title='bbox 3068 2190 3342 2263; x_wconf 78' lang='grc' dir='ltr'>καλλίστῳ</span> <span class='ocrx_word' id='word_1_361' title='bbox 3372 2191 3595 2262; x_wconf 73' lang='grc' dir='ltr'>τεμένει</span> <span class='ocrx_word' id='word_1_362' title='bbox 3631 2188 3805 2261; x_wconf 76' lang='grc' dir='ltr'>τιμώ-</span> 
     </span>
    </p>
   </div>
   <div class='ocr_carea' id='block_1_54' title="bbox 2220 2302 2380 2356">
    <p class='ocr_par' dir='ltr' id='par_1_54' title="bbox 2220 2302 2380 2356">
     <span class='ocr_line' id='line_1_54' title="bbox 2220 2302 2380 2356; baseline 0.006 -18"><span class='ocrx_word' id='word_1_363' title='bbox 2220 2302 2380 2356; x_wconf 89' lang='grc' dir='ltr'>μενα.</span> 
     </span>
    </p>
   </div>
   <div class='ocr_carea' id='block_1_55' title="bbox 2818 2584 3199 2640">
    <p class='ocr_par' dir='ltr' id='par_1_55' title="bbox 2818 2584 3199 2640">
     <span class='ocr_line' id='line_1_55' title="bbox 2818 2584 3199 2640; baseline 0.003 -2"><span class='ocrx_word' id='word_1_364' title='bbox 2818 2587 3072 2639; x_wconf 81' lang='grc' dir='ltr'><strong>ΚΕΦΛΛ.</strong></span> <span class='ocrx_word' id='word_1_365' title='bbox 3104 2584 3199 2640; x_wconf 92' lang='lat' dir='ltr'><strong>IZ&#39;.</strong></span> 
     </span>
    </p>
   </div>
   <div class='ocr_carea' id='block_1_56' title="bbox 2216 2678 3806 2748">
    <p class='ocr_par' dir='ltr' id='par_1_56' title="bbox 2216 2678 3806 2748">
     <span class='ocr_line' id='line_1_56' title="bbox 2216 2678 3806 2748; baseline 0 -13"><span class='ocrx_word' id='word_1_366' title='bbox 2216 2682 2355 2748; x_wconf 77' lang='grc' dir='ltr'>Περὶ</span> <span class='ocrx_word' id='word_1_367' title='bbox 2396 2680 2625 2734; x_wconf 73' lang='grc' dir='ltr'>Ἄττίλα</span> <span class='ocrx_word' id='word_1_368' title='bbox 2649 2679 2756 2732; x_wconf 88' lang='grc' dir='ltr'>τοῦ</span> <span class='ocrx_word' id='word_1_369' title='bbox 2781 2678 3030 2733; x_wconf 76' lang='grc' dir='ltr'>Σκυθῶν</span> <span class='ocrx_word' id='word_1_370' title='bbox 3052 2679 3383 2744; x_wconf 81' lang='grc' dir='ltr'>βασιλέως,</span> <span class='ocrx_word' id='word_1_371' title='bbox 3420 2680 3515 2732; x_wconf 74' lang='grc' dir='ltr'><strong>καί</strong></span> <span class='ocrx_word' id='word_1_372' title='bbox 3544 2678 3712 2746; x_wconf 77' lang='grc' dir='ltr'>ὅπως</span> <span class='ocrx_word' id='word_1_373' title='bbox 3735 2683 3806 2735; x_wconf 80' lang='grc' dir='ltr'>τὰ</span> 
     </span>
    </p>
   </div>
   <div class='ocr_carea' id='block_1_57' title="bbox 2288 2748 3801 2821">
    <p class='ocr_par' dir='ltr' id='par_1_57' title="bbox 2288 2748 3801 2821">
     <span class='ocr_line' id='line_1_57' title="bbox 2288 2748 3801 2821; baseline 0 -17"><span class='ocrx_word' id='word_1_374' title='bbox 2288 2749 2404 2815; x_wconf 81' lang='grc' dir='ltr'><strong>ἑῷα</strong></span> <span class='ocrx_word' id='word_1_375' title='bbox 2428 2751 2522 2803; x_wconf 80' lang='grc' dir='ltr'><strong>καί</strong></span> <span class='ocrx_word' id='word_1_376' title='bbox 2546 2750 2798 2821; x_wconf 59' lang='grc' dir='ltr'>ἑσπέρια</span> <span class='ocrx_word' id='word_1_377' title='bbox 2819 2748 3196 2821; x_wconf 71' lang='grc' dir='ltr'>κατέστρεψε</span> <span class='ocrx_word' id='word_1_378' title='bbox 3216 2764 3229 2777; x_wconf 88' lang='grc'><strong>·</strong></span> <span class='ocrx_word' id='word_1_379' title='bbox 3252 2749 3515 2821; x_wconf 50' lang='grc' dir='ltr'>καί-περί</span> <span class='ocrx_word' id='word_1_380' title='bbox 3551 2750 3659 2803; x_wconf 83' lang='grc' dir='ltr'>τοῦ</span> <span class='ocrx_word' id='word_1_381' title='bbox 3705 2770 3801 2821; x_wconf 78' lang='grc' dir='ltr'><strong>τε·</strong></span> 
     </span>
    </p>
   </div>
   <div class='ocr_carea' id='block_1_58' title="bbox 2288 2819 3806 2887">
    <p class='ocr_par' dir='ltr' id='par_1_58' title="bbox 2288 2819 3806 2887">
     <span class='ocr_line' id='line_1_58' title="bbox 2288 2819 3806 2887; baseline 0.001 -14"><span class='ocrx_word' id='word_1_382' title='bbox 2288 2820 2548 2885; x_wconf 78' lang='grc' dir='ltr'>νομένου</span> <span class='ocrx_word' id='word_1_383' title='bbox 2608 2819 2790 2883; x_wconf 75' lang='grc' dir='ltr'>ξένου</span> <span class='ocrx_word' id='word_1_384' title='bbox 2843 2820 3126 2887; x_wconf 81' lang='grc' dir='ltr'>σημείου,</span> <span class='ocrx_word' id='word_1_385' title='bbox 3167 2819 3427 2873; x_wconf 78' lang='grc' dir='ltr'>καὶτῶν</span> <span class='ocrx_word' id='word_1_386' title='bbox 3478 2819 3806 2875; x_wconf 61' lang='grc' dir='ltr'><strong>ἀλλων-έν</strong></span> 
     </span>
    </p>
   </div>
   <div class='ocr_carea' id='block_1_59' title="bbox 2292 2888 3127 2960">
    <p class='ocr_par' dir='ltr' id='par_1_59' title="bbox 2292 2888 3127 2960">
     <span class='ocr_line' id='line_1_59' title="bbox 2292 2888 3127 2960; baseline 0 -17"><span class='ocrx_word' id='word_1_387' title='bbox 2292 2892 2499 2960; x_wconf 77' lang='grc' dir='ltr'>κόσμῳ</span> <span class='ocrx_word' id='word_1_388' title='bbox 2534 2888 2803 2959; x_wconf 73' lang='grc' dir='ltr'>φοϐερῶν</span> <span class='ocrx_word' id='word_1_389' title='bbox 2837 2892 3127 2959; x_wconf 79' lang='grc' dir='ltr'>σημείων.</span> 
     </span>
    </p>
   </div>
   <div class='ocr_carea' id='block_1_60' title="bbox 2298 2999 3806 3071">
    <p class='ocr_par' dir='ltr' id='par_1_60' title="bbox 2298 2999 3806 3071">
     <span class='ocr_line' id='line_1_60' title="bbox 2298 2999 3806 3071; baseline 0.001 -18"><span class='ocrx_word' id='word_1_390' title='bbox 2298 3001 2388 3053; x_wconf 83' lang='grc' dir='ltr'>Ἐν</span> <span class='ocrx_word' id='word_1_391' title='bbox 2412 3002 2625 3063; x_wconf 76' lang='grc' dir='ltr'>τούτοις</span> <span class='ocrx_word' id='word_1_392' title='bbox 2647 3002 2760 3063; x_wconf 83' lang='grc' dir='ltr'>τοῖς</span> <span class='ocrx_word' id='word_1_393' title='bbox 2783 2999 2997 3071; x_wconf 74' lang='grc' dir='ltr'>χρόνοις</span> <span class='ocrx_word' id='word_1_394' title='bbox 3040 3001 3069 3054; x_wconf 81' lang='grc' dir='ltr'>ὁ</span> <span class='ocrx_word' id='word_1_395' title='bbox 3120 3000 3286 3064; x_wconf 81' lang='grc' dir='ltr'>πολὺς</span> <span class='ocrx_word' id='word_1_396' title='bbox 3331 2999 3411 3070; x_wconf 84' lang='grc' dir='ltr'>τῷ</span> <span class='ocrx_word' id='word_1_397' title='bbox 3449 3000 3596 3070; x_wconf 79' lang='grc' dir='ltr'>λόγῳ</span> <span class='ocrx_word' id='word_1_398' title='bbox 3638 3001 3806 3055; x_wconf 75' lang='grc' dir='ltr'>πόλι-</span> 
     </span>
    </p>
   </div>
   <div class='ocr_carea' id='block_1_61' title="bbox 2221 3090 3806 3163">
    <p class='ocr_par' dir='ltr' id='par_1_61' title="bbox 2221 3090 3806 3163">
     <span class='ocr_line' id='line_1_61' title="bbox 2221 3090 3806 3163; baseline 0.001 -20"><span class='ocrx_word' id='word_1_399' title='bbox 2221 3108 2319 3161; x_wconf 89' lang='grc' dir='ltr'><strong>μος</strong></span> <span class='ocrx_word' id='word_1_400' title='bbox 2356 3092 2433 3163; x_wconf 90' lang='lat' dir='ltr'><strong>(u)</strong></span> <span class='ocrx_word' id='word_1_401' title='bbox 2479 3091 2787 3163; x_wconf 73' lang='grc' dir='ltr'>ἐκεκίνητο,</span> <span class='ocrx_word' id='word_1_402' title='bbox 2846 3090 3066 3143; x_wconf 82' lang='grc' dir='ltr'>’Δττίλα</span> <span class='ocrx_word' id='word_1_403' title='bbox 3095 3090 3193 3144; x_wconf 82' lang='grc' dir='ltr'>τοῦ</span> <span class='ocrx_word' id='word_1_404' title='bbox 3223 3090 3333 3145; x_wconf 88' lang='grc' dir='ltr'><strong>τῶν</strong></span> <span class='ocrx_word' id='word_1_405' title='bbox 3372 3092 3597 3146; x_wconf 79' lang='grc' dir='ltr'>Σκυθῶν</span> <span class='ocrx_word' id='word_1_406' title='bbox 3648 3091 3806 3162; x_wconf 75' lang='grc' dir='ltr'>βασι-</span> 
     </span>
    </p>
   </div>
   <div class='ocr_carea' id='block_1_62' title="bbox 524 3158 2111 3253">
    <p class='ocr_par' dir='ltr' id='par_1_62' title="bbox 524 3158 2111 3246">
     <span class='ocr_line' id='line_1_62' title="bbox 524 3158 2111 3246; baseline 0.003 -15"><span class='ocrx_word' id='word_1_407' title='bbox 524 3183 699 3231; x_wconf 88' lang='lat' dir='ltr'><strong>tatum</strong></span> <span class='ocrx_word' id='word_1_408' title='bbox 732 3184 834 3231; x_wconf 87' lang='lat' dir='ltr'><strong>est.</strong></span> <span class='ocrx_word' id='word_1_409' title='bbox 871 3175 1027 3242; x_wconf 86' lang='lat' dir='ltr'><strong>Quod</strong></span> <span class='ocrx_word' id='word_1_410' title='bbox 1073 3176 1297 3246; x_wconf 89' lang='lat' dir='ltr'><strong>quidem</strong></span> <span class='ocrx_word' id='word_1_411' title='bbox 1347 3178 1569 3234; x_wconf 87' lang='lat' dir='ltr'><strong>Priscus</strong></span> <span class='ocrx_word' id='word_1_412' title='bbox 1617 3180 1809 3235; x_wconf 84' lang='lat' dir='ltr'><strong>rhetor</strong></span> <span class='ocrx_word' id='word_1_413' title='bbox 1853 3158 2111 3236; x_wconf 85' lang='lat' dir='ltr'><strong>accurate</strong></span> 
     </span>
    </p>
   </div>
   <div class='ocr_carea' id='block_1_63' title="bbox 2220 3158 3805 3253">
    <p class='ocr_par' dir='ltr' id='par_1_63' title="bbox 2220 3158 3805 3253">
     <span class='ocr_line' id='line_1_63' title="bbox 2220 3158 3805 3253; baseline -0.001 -16"><span class='ocrx_word' id='word_1_414' title='bbox 2220 3158 2499 3247; x_wconf 49' lang='grc' dir='ltr'>λέωςίὸν</span> <span class='ocrx_word' id='word_1_415' title='bbox 2558 3158 2868 3253; x_wconf 76' lang='grc' dir='ltr'>περιέργως</span> <span class='ocrx_word' id='word_1_416' title='bbox 2932 3181 3028 3236; x_wconf 78' lang='grc' dir='ltr'>καὶ</span> <span class='ocrx_word' id='word_1_417' title='bbox 3084 3183 3142 3245; x_wconf 80' lang='grc' dir='ltr'>ἐς</span> <span class='ocrx_word' id='word_1_418' title='bbox 3186 3182 3257 3235; x_wconf 71' lang='grc' dir='ltr'>τὰ</span> <span class='ocrx_word' id='word_1_419' title='bbox 3314 3182 3551 3253; x_wconf 87' lang='grc' dir='ltr'>μάλιστα</span> <span class='ocrx_word' id='word_1_420' title='bbox 3604 3158 3805 3249; x_wconf 79' lang='grc' dir='ltr'>λογίως</span> 
     </span>
    </p>
   </div>
   <div class='ocr_carea' id='block_1_64' title="bbox 524 3266 2111 3344">
    <p class='ocr_par' dir='ltr' id='par_1_64' title="bbox 524 3266 2111 3344">
     <span class='ocr_line' id='line_1_64' title="bbox 524 3266 2111 3344; baseline 0.004 -23"><span class='ocrx_word' id='word_1_421' title='bbox 524 3267 689 3321; x_wconf 84' lang='lat' dir='ltr'><strong>simul</strong></span> <span class='ocrx_word' id='word_1_422' title='bbox 742 3282 809 3321; x_wconf 89' lang='lat' dir='ltr'><strong>ac</strong></span> <span class='ocrx_word' id='word_1_423' title='bbox 853 3266 1059 3321; x_wconf 89' lang='lat' dir='ltr'><strong>diserte</strong></span> <span class='ocrx_word' id='word_1_424' title='bbox 1106 3269 1473 3338; x_wconf 88' lang='lat' dir='ltr'><strong>conscripsit,</strong></span> <span class='ocrx_word' id='word_1_425' title='bbox 1525 3271 1790 3342; x_wconf 81' lang='lat' dir='ltr'><strong>singulari</strong></span> <span class='ocrx_word' id='word_1_426' title='bbox 1841 3273 2111 3344; x_wconf 83' lang='lat' dir='ltr'><strong>elegantia</strong></span> 
     </span>
    </p>
   </div>
   <div class='ocr_carea' id='block_1_65' title="bbox 524 3358 2116 3427">
    <p class='ocr_par' dir='ltr' id='par_1_65' title="bbox 524 3358 2116 3427">
     <span class='ocr_line' id='line_1_65' title="bbox 524 3358 2116 3427; baseline 0.005 -16"><span class='ocrx_word' id='word_1_427' title='bbox 524 3358 687 3411; x_wconf 90' lang='lat' dir='ltr'><strong>nobis</strong></span> <span class='ocrx_word' id='word_1_428' title='bbox 726 3373 1037 3427; x_wconf 80' lang='lat' dir='ltr'><strong>exponens,</strong></span> <span class='ocrx_word' id='word_1_429' title='bbox 1070 3360 1351 3427; x_wconf 88' lang='lat' dir='ltr'><strong>quomodo</strong></span> <span class='ocrx_word' id='word_1_430' title='bbox 1396 3360 1487 3414; x_wconf 90' lang='lat' dir='ltr'><strong>ille</strong></span> <span class='ocrx_word' id='word_1_431' title='bbox 1526 3362 1793 3417; x_wconf 85' lang='lat' dir='ltr'><strong>adversus</strong></span> <span class='ocrx_word' id='word_1_432' title='bbox 1830 3364 2116 3419; x_wconf 89' lang='lat' dir='ltr'><strong>orientalis</strong></span> 
     </span>
    </p>
   </div>
   <div class='ocr_carea' id='block_1_66' title="bbox 526 3448 2109 3521">
    <p class='ocr_par' dir='ltr' id='par_1_66' title="bbox 526 3448 2109 3521">
     <span class='ocr_line' id='line_1_66' title="bbox 526 3448 2109 3521; baseline 0.004 -19"><span class='ocrx_word' id='word_1_433' title='bbox 526 3456 583 3503; x_wconf 85' lang='lat' dir='ltr'><strong>et</strong></span> <span class='ocrx_word' id='word_1_434' title='bbox 616 3448 976 3502; x_wconf 87' lang='lat' dir='ltr'><strong>occidentalis</strong></span> <span class='ocrx_word' id='word_1_435' title='bbox 1006 3449 1223 3518; x_wconf 90' lang='lat' dir='ltr'><strong>imperii</strong></span> <span class='ocrx_word' id='word_1_436' title='bbox 1252 3458 1437 3518; x_wconf 91' lang='lat' dir='ltr'><strong>partes</strong></span> <span class='ocrx_word' id='word_1_437' title='bbox 1471 3451 1877 3521; x_wconf 81' lang='lat' dir='ltr'><strong>expeditionem</strong></span> <span class='ocrx_word' id='word_1_438' title='bbox 1919 3468 2109 3508; x_wconf 87' lang='lat' dir='ltr'><strong>susce-</strong></span> 
     </span>
    </p>
   </div>
   <div class='ocr_carea' id='block_1_67' title="bbox 527 3540 2108 3615">
    <p class='ocr_par' dir='ltr' id='par_1_67' title="bbox 527 3540 2108 3615">
     <span class='ocr_line' id='line_1_67' title="bbox 527 3540 2108 3615; baseline 0.004 -21"><span class='ocrx_word' id='word_1_439' title='bbox 527 3540 954 3612; x_wconf 88' lang='lat' dir='ltr'><strong>perit,quotque</strong></span> <span class='ocrx_word' id='word_1_440' title='bbox 970 3550 1026 3595; x_wconf 90' lang='lat' dir='ltr'><strong>ct</strong></span> <span class='ocrx_word' id='word_1_441' title='bbox 1049 3550 1285 3611; x_wconf 88' lang='lat' dir='ltr'><strong>quantas</strong></span> <span class='ocrx_word' id='word_1_442' title='bbox 1312 3544 1475 3599; x_wconf 88' lang='lat' dir='ltr'><strong>urbes</strong></span> <span class='ocrx_word' id='word_1_443' title='bbox 1498 3554 1687 3615; x_wconf 87' lang='lat' dir='ltr'><strong>captas</strong></span> <span class='ocrx_word' id='word_1_444' title='bbox 1712 3546 1814 3599; x_wconf 86' lang='lat' dir='ltr'><strong>sub</strong></span> <span class='ocrx_word' id='word_1_445' title='bbox 1840 3545 2108 3602; x_wconf 90' lang='lat' dir='ltr'><strong>ditionem</strong></span> 
     </span>
    </p>
   </div>
   <div class='ocr_carea' id='block_1_68' title="bbox 528 3633 2111 3707">
    <p class='ocr_par' dir='ltr' id='par_1_68' title="bbox 528 3633 2111 3707">
     <span class='ocr_line' id='line_1_68' title="bbox 528 3633 2111 3707; baseline 0.002 -19"><span class='ocrx_word' id='word_1_446' title='bbox 528 3648 682 3688; x_wconf 88' lang='lat' dir='ltr'><strong>suam</strong></span> <span class='ocrx_word' id='word_1_447' title='bbox 728 3633 1051 3704; x_wconf 82' lang='lat' dir='ltr'><strong>redegerit:</strong></span> <span class='ocrx_word' id='word_1_448' title='bbox 1099 3633 1301 3704; x_wconf 83' lang='lat' dir='ltr'><strong>quibus</strong></span> <span class='ocrx_word' id='word_1_449' title='bbox 1343 3634 1582 3705; x_wconf 90' lang='lat' dir='ltr'><strong>denique</strong></span> <span class='ocrx_word' id='word_1_450' title='bbox 1623 3636 1791 3691; x_wconf 89' lang='lat' dir='ltr'><strong>rebus</strong></span> <span class='ocrx_word' id='word_1_451' title='bbox 1836 3637 2005 3707; x_wconf 82' lang='lat' dir='ltr'><strong>gestis</strong></span> <span class='ocrx_word' id='word_1_452' title='bbox 2043 3653 2111 3693; x_wconf 80' lang='lat' dir='ltr'><strong>ex</strong></span> 
     </span>
    </p>
   </div>
   <div class='ocr_carea' id='block_1_69' title="bbox 2218 3271 3804 3346">
    <p class='ocr_par' dir='ltr' id='par_1_69' title="bbox 2218 3271 3804 3346">
     <span class='ocr_line' id='line_1_69' title="bbox 2218 3271 3804 3346; baseline -0.004 -16"><span class='ocrx_word' id='word_1_453' title='bbox 2218 3277 2461 3346; x_wconf 86' lang='grc' dir='ltr'>Πρίσκος</span> <span class='ocrx_word' id='word_1_454' title='bbox 2497 3277 2526 3328; x_wconf 82' lang='grc' dir='ltr'><strong>ὁ</strong></span> <span class='ocrx_word' id='word_1_455' title='bbox 2577 3275 2791 3345; x_wconf 81' lang='grc' dir='ltr'>Ῥήτωρ</span> <span class='ocrx_word' id='word_1_456' title='bbox 2816 3273 3060 3341; x_wconf 86' lang='grc' dir='ltr'>γράφει,</span> <span class='ocrx_word' id='word_1_457' title='bbox 3104 3272 3247 3339; x_wconf 84' lang='grc' dir='ltr'>μετὰ</span> <span class='ocrx_word' id='word_1_458' title='bbox 3297 3271 3502 3341; x_wconf 83' lang='grc' dir='ltr'>πολλῆς</span> <span class='ocrx_word' id='word_1_459' title='bbox 3531 3274 3633 3342; x_wconf 79' lang='grc' dir='ltr'>τῆς</span> <span class='ocrx_word' id='word_1_460' title='bbox 3664 3288 3804 3341; x_wconf 82' lang='grc' dir='ltr'>κομ-</span> 
     </span>
    </p>
   </div>
   <div class='ocr_carea' id='block_1_70' title="bbox 2217 3361 3794 3436">
    <p class='ocr_par' dir='ltr' id='par_1_70' title="bbox 2217 3361 3794 3436">
     <span class='ocr_line' id='line_1_70' title="bbox 2217 3361 3794 3436; baseline -0.003 -16"><span class='ocrx_word' id='word_1_461' title='bbox 2217 3366 2379 3436; x_wconf 77' lang='grc' dir='ltr'>ψείας</span> <span class='ocrx_word' id='word_1_462' title='bbox 2409 3363 2788 3436; x_wconf 79' lang='grc' dir='ltr'>διηγούμενος,</span> <span class='ocrx_word' id='word_1_463' title='bbox 2814 3364 2964 3426; x_wconf 81' lang='grc' dir='ltr'>ὅπως</span> <span class='ocrx_word' id='word_1_464' title='bbox 2996 3379 3058 3416; x_wconf 85' lang='grc' dir='ltr'><strong>τε</strong></span> <span class='ocrx_word' id='word_1_465' title='bbox 3086 3362 3230 3416; x_wconf 76' lang='grc' dir='ltr'>κατὰ</span> <span class='ocrx_word' id='word_1_466' title='bbox 3248 3361 3361 3415; x_wconf 89' lang='grc' dir='ltr'><strong>τῶν</strong></span> <span class='ocrx_word' id='word_1_467' title='bbox 3393 3362 3546 3433; x_wconf 78' lang='grc' dir='ltr'>ἑῴων</span> <span class='ocrx_word' id='word_1_468' title='bbox 3576 3363 3669 3415; x_wconf 70' lang='grc' dir='ltr'>καὶ</span> <span class='ocrx_word' id='word_1_469' title='bbox 3710 3362 3794 3415; x_wconf 67' lang='lat'><strong>£6-</strong></span> 
     </span>
    </p>
   </div>
   <div class='ocr_carea' id='block_1_71' title="bbox 2221 3450 3805 3526">
    <p class='ocr_par' dir='ltr' id='par_1_71' title="bbox 2221 3450 3805 3526">
     <span class='ocr_line' id='line_1_71' title="bbox 2221 3450 3805 3526; baseline -0.002 -18"><span class='ocrx_word' id='word_1_470' title='bbox 2221 3455 2426 3526; x_wconf 85' lang='grc' dir='ltr'>περίων</span> <span class='ocrx_word' id='word_1_471' title='bbox 2457 3453 2823 3525; x_wconf 76' lang='grc' dir='ltr'>ἐπεστράτευε</span> <span class='ocrx_word' id='word_1_472' title='bbox 2849 3452 3054 3523; x_wconf 83' lang='grc' dir='ltr'>μερῶν,</span> <span class='ocrx_word' id='word_1_473' title='bbox 3085 3452 3205 3515; x_wconf 78' lang='grc' dir='ltr'>οἵας</span> <span class='ocrx_word' id='word_1_474' title='bbox 3236 3468 3296 3504; x_wconf 90' lang='grc' dir='ltr'><strong>τε</strong></span> <span class='ocrx_word' id='word_1_475' title='bbox 3327 3450 3421 3505; x_wconf 74' lang='grc' dir='ltr'><strong>καὶ</strong></span> <span class='ocrx_word' id='word_1_476' title='bbox 3446 3453 3578 3514; x_wconf 81' lang='grc' dir='ltr'>ὅσας</span> <span class='ocrx_word' id='word_1_477' title='bbox 3623 3451 3805 3515; x_wconf 83' lang='grc' dir='ltr'>πόλεις</span> 
     </span>
    </p>
   </div>
   <div class='ocr_carea' id='block_1_72' title="bbox 2217 3543 3806 3619">
    <p class='ocr_par' dir='ltr' id='par_1_72' title="bbox 2217 3543 3806 3619">
     <span class='ocr_line' id='line_1_72' title="bbox 2217 3543 3806 3619; baseline -0.004 -18"><span class='ocrx_word' id='word_1_478' title='bbox 2217 3549 2353 3601; x_wconf 78' lang='grc' dir='ltr'>ἐλὼν</span> <span class='ocrx_word' id='word_1_479' title='bbox 2384 3548 2668 3616; x_wconf 81' lang='grc' dir='ltr'>κατήγαγε</span> <span class='ocrx_word' id='word_1_480' title='bbox 2691 3587 2708 3613; x_wconf 94' lang='grc'><strong>,</strong></span> <span class='ocrx_word' id='word_1_481' title='bbox 2748 3546 2843 3599; x_wconf 78' lang='grc' dir='ltr'>καὶ</span> <span class='ocrx_word' id='word_1_482' title='bbox 2889 3546 3011 3619; x_wconf 80' lang='grc' dir='ltr'>ὅσα</span> <span class='ocrx_word' id='word_1_483' title='bbox 3032 3546 3339 3615; x_wconf 86' lang='grc' dir='ltr'>πεπραχὼς</span> <span class='ocrx_word' id='word_1_484' title='bbox 3362 3585 3377 3610; x_wconf 96' lang='grc'><strong>,</strong></span> <span class='ocrx_word' id='word_1_485' title='bbox 3406 3545 3516 3599; x_wconf 84' lang='grc' dir='ltr'><strong>τῶν</strong></span> <span class='ocrx_word' id='word_1_486' title='bbox 3552 3543 3806 3599; x_wconf 76' lang='grc' dir='ltr'>ἐντεῦθεν</span> 
     </span>
    </p>
   </div>
   <div class='ocr_carea' id='block_1_73' title="bbox 2222 3637 3804 3713">
    <p class='ocr_par' dir='ltr' id='par_1_73' title="bbox 2222 3637 3804 3713">
     <span class='ocr_line' id='line_1_73' title="bbox 2222 3637 3804 3713; baseline -0.004 -18"><span class='ocrx_word' id='word_1_487' title='bbox 2222 3642 2478 3713; x_wconf 88' lang='grc' dir='ltr'>μετέστη.</span> <span class='ocrx_word' id='word_1_488' title='bbox 2512 3641 2620 3694; x_wconf 79' lang='grc' dir='ltr'>Τοῦ</span> <span class='ocrx_word' id='word_1_489' title='bbox 2659 3641 2827 3696; x_wconf 78' lang='grc' dir='ltr'>αὐτοῦ</span> <span class='ocrx_word' id='word_1_490' title='bbox 2873 3643 3056 3695; x_wconf 87' lang='grc' dir='ltr'>τοίνυν</span> <span class='ocrx_word' id='word_1_491' title='bbox 3100 3640 3384 3694; x_wconf 85' lang='grc' dir='ltr'>Θεοδοσίου</span> <span class='ocrx_word' id='word_1_492' title='bbox 3424 3640 3495 3693; x_wconf 76' lang='grc' dir='ltr'><strong>τα</strong></span> <span class='ocrx_word' id='word_1_493' title='bbox 3547 3637 3804 3707; x_wconf 79' lang='grc' dir='ltr'>σκῆπτρα</span> 
     </span>
    </p>
   </div>
   <div class='ocr_carea' id='block_1_74' title="bbox 530 3726 2111 3804">
    <p class='ocr_par' dir='ltr' id='par_1_74' title="bbox 530 3726 2109 3797">
     <span class='ocr_line' id='line_1_74' title="bbox 530 3726 2109 3797; baseline 0.003 -17"><span class='ocrx_word' id='word_1_494' title='bbox 530 3727 633 3782; x_wconf 89' lang='lat' dir='ltr'><strong>hac</strong></span> <span class='ocrx_word' id='word_1_495' title='bbox 664 3726 787 3781; x_wconf 91' lang='lat' dir='ltr'><strong>lucc</strong></span> <span class='ocrx_word' id='word_1_496' title='bbox 825 3726 1163 3797; x_wconf 87' lang='lat' dir='ltr'><strong>migraverit.</strong></span> <span class='ocrx_word' id='word_1_497' title='bbox 1210 3726 1415 3782; x_wconf 84' lang='lat' dir='ltr'><strong>Eodem</strong></span> <span class='ocrx_word' id='word_1_498' title='bbox 1455 3726 1768 3784; x_wconf 85' lang='lat' dir='ltr'><strong>Theodosio</strong></span> <span class='ocrx_word' id='word_1_499' title='bbox 1800 3728 2109 3785; x_wconf 87' lang='lat' dir='ltr'><strong>Romanum</strong></span> 
     </span>
    </p>
   </div>
   <div class='ocr_carea' id='block_1_75' title="bbox 2220 3726 3805 3804">
    <p class='ocr_par' dir='ltr' id='par_1_75' title="bbox 2220 3727 3805 3804">
     <span class='ocr_line' id='line_1_75' title="bbox 2220 3727 3805 3804; baseline -0.004 -16"><span class='ocrx_word' id='word_1_500' title='bbox 2220 3734 2495 3798; x_wconf 83' lang='grc' dir='ltr'>διέποντος</span> <span class='ocrx_word' id='word_1_501' title='bbox 2519 3774 2535 3799; x_wconf 90' lang='grc'><strong>,</strong></span> <span class='ocrx_word' id='word_1_502' title='bbox 2586 3734 2843 3804; x_wconf 83' lang='grc' dir='ltr'>μέγιστος</span> <span class='ocrx_word' id='word_1_503' title='bbox 2889 3734 2985 3789; x_wconf 69' lang='grc' dir='ltr'>καὶ</span> <span class='ocrx_word' id='word_1_504' title='bbox 3019 3734 3254 3800; x_wconf 78' lang='grc' dir='ltr'>ἐξαίσιος</span> <span class='ocrx_word' id='word_1_505' title='bbox 3294 3732 3388 3787; x_wconf 81' lang='grc' dir='ltr'>καὶ</span> <span class='ocrx_word' id='word_1_506' title='bbox 3421 3731 3551 3796; x_wconf 76' lang='grc' dir='ltr'>τοὺς</span> <span class='ocrx_word' id='word_1_507' title='bbox 3602 3727 3805 3801; x_wconf 77' lang='grc' dir='ltr'>προλαο</span> 
     </span>
    </p>
   </div>
   <div class='ocr_carea' id='block_1_76' title="bbox 1861 3864 2529 3923">
    <p class='ocr_par' dir='ltr' id='par_1_76' title="bbox 1861 3864 2529 3923">
     <span class='ocr_line' id='line_1_76' title="bbox 1861 3864 2529 3923; baseline 0.003 -5"><span class='ocrx_word' id='word_1_508' title='bbox 1861 3864 2092 3922; x_wconf 62' lang='lat' dir='ltr'><strong>VARIIE</strong></span> <span class='ocrx_word' id='word_1_509' title='bbox 2125 3865 2529 3923; x_wconf 82' lang='lat' dir='ltr'><strong>LECTIONES.</strong></span> 
     </span>
    </p>
   </div>
   <div class='ocr_carea' id='block_1_77' title="bbox 601 3957 1812 4030">
    <p class='ocr_par' dir='ltr' id='par_1_77' title="bbox 601 3957 1812 4030">
     <span class='ocr_line' id='line_1_77' title="bbox 601 3957 1812 4030; baseline -0.006 -13"><span class='ocrx_word' id='word_1_510' title='bbox 601 3965 649 3997; x_wconf 75' lang='lat'><em>“</em></span> <span class='ocrx_word' id='word_1_511' title='bbox 682 3962 854 4030; x_wconf 84' lang='grc' dir='ltr'>ἁγίων</span> <span class='ocrx_word' id='word_1_512' title='bbox 884 3957 1049 4014; x_wconf 75' lang='grc' dir='ltr'>αὐτοῦ</span> <span class='ocrx_word' id='word_1_513' title='bbox 1082 3958 1376 4029; x_wconf 88' lang='grc' dir='ltr'>τιμῶντος.</span> <span class='ocrx_word' id='word_1_514' title='bbox 1444 3958 1491 3990; x_wconf 87' lang='grc'>¹⁸</span> <span class='ocrx_word' id='word_1_515' title='bbox 1514 3958 1573 4010; x_wconf 83' lang='grc' dir='ltr'>ὲν</span> <span class='ocrx_word' id='word_1_516' title='bbox 1600 3957 1812 4025; x_wconf 81' lang='grc' dir='ltr'>εὐαγεῖ.</span> 
     </span>
    </p>
   </div>
   <div class='ocr_carea' id='block_1_78' title="bbox 1737 4075 2615 4135">
    <p class='ocr_par' dir='ltr' id='par_1_78' title="bbox 1737 4075 2615 4135">
     <span class='ocr_line' id='line_1_78' title="bbox 1737 4075 2615 4135; baseline 0.003 -4"><span class='ocrx_word' id='word_1_517' title='bbox 1737 4075 2010 4131; x_wconf 79' lang='lat' dir='ltr'><strong>VALESII</strong></span> <span class='ocrx_word' id='word_1_518' title='bbox 2053 4077 2615 4135; x_wconf 78' lang='lat' dir='ltr'><strong>ANNOTATIONES.</strong></span> 
     </span>
    </p>
   </div>
   <div class='ocr_carea' id='block_1_79' title="bbox 602 4152 2117 4244">
    <p class='ocr_par' dir='ltr' id='par_1_79' title="bbox 602 4152 2117 4244">
     <span class='ocr_line' id='line_1_79' title="bbox 602 4152 2117 4244; baseline -0.001 -15"><span class='ocrx_word' id='word_1_519' title='bbox 602 4176 718 4244; x_wconf 76' lang='lat'><strong>(73)</strong></span> <span class='ocrx_word' id='word_1_520' title='bbox 759 4152 1233 4228; x_wconf 58' lang='grc' dir='ltr'><strong>Ἐκεῖθεκὲνθιι.</strong></span> <span class='ocrx_word' id='word_1_521' title='bbox 1279 4172 1340 4226; x_wconf 82' lang='lat' dir='ltr'><strong>in</strong></span> <span class='ocrx_word' id='word_1_522' title='bbox 1382 4172 1591 4244; x_wconf 86' lang='lat' dir='ltr'><strong>optimo</strong></span> <span class='ocrx_word' id='word_1_523' title='bbox 1618 4171 1836 4244; x_wconf 78' lang='lat' dir='ltr'><strong>codice</strong></span> <span class='ocrx_word' id='word_1_524' title='bbox 1886 4172 2117 4228; x_wconf 86' lang='lat' dir='ltr'><strong>Floren-</strong></span> 
     </span>
    </p>
   </div>
   <div class='ocr_carea' id='block_1_80' title="bbox 530 4242 2118 4314">
    <p class='ocr_par' dir='ltr' id='par_1_80' title="bbox 530 4242 2118 4314">
     <span class='ocr_line' id='line_1_80' title="bbox 530 4242 2118 4314; baseline -0.004 -12"><span class='ocrx_word' id='word_1_525' title='bbox 530 4248 649 4302; x_wconf 87' lang='lat' dir='ltr'><strong>tino</strong></span> <span class='ocrx_word' id='word_1_526' title='bbox 677 4242 947 4314; x_wconf 84' lang='lat' dir='ltr'><strong>scriptum</strong></span> <span class='ocrx_word' id='word_1_527' title='bbox 974 4254 1062 4298; x_wconf 86' lang='lat' dir='ltr'><strong>est</strong></span> <span class='ocrx_word' id='word_1_528' title='bbox 1098 4244 1274 4314; x_wconf 72' lang='grc' dir='ltr'>ἐνθεν,</span> <span class='ocrx_word' id='word_1_529' title='bbox 1305 4242 1455 4311; x_wconf 90' lang='lat' dir='ltr'><strong>quod</strong></span> <span class='ocrx_word' id='word_1_530' title='bbox 1487 4242 1663 4312; x_wconf 89' lang='lat' dir='ltr'><strong>magis</strong></span> <span class='ocrx_word' id='word_1_531' title='bbox 1686 4242 1900 4314; x_wconf 77' lang='lat' dir='ltr'><strong>placet.</strong></span> <span class='ocrx_word' id='word_1_532' title='bbox 1943 4259 2118 4312; x_wconf 88' lang='lat' dir='ltr'><strong>quan-</strong></span> 
     </span>
    </p>
   </div>
   <div class='ocr_carea' id='block_1_81' title="bbox 530 4312 2138 4388">
    <p class='ocr_par' dir='ltr' id='par_1_81' title="bbox 530 4312 2138 4388">
     <span class='ocr_line' id='line_1_81' title="bbox 530 4312 2138 4388; baseline -0.006 -17"><span class='ocrx_word' id='word_1_533' title='bbox 530 4332 695 4388; x_wconf 89' lang='lat' dir='ltr'><strong>quam</strong></span> <span class='ocrx_word' id='word_1_534' title='bbox 728 4312 991 4388; x_wconf 71' lang='lat' dir='ltr'><strong>alterutra</strong></span> <span class='ocrx_word' id='word_1_535' title='bbox 1036 4329 1142 4388; x_wconf 72' lang='lat' dir='ltr'><strong>vox</strong></span> <span class='ocrx_word' id='word_1_536' title='bbox 1188 4312 1420 4388; x_wconf 59' lang='lat' dir='ltr'><strong>videtur</strong></span> <span class='ocrx_word' id='word_1_537' title='bbox 1461 4312 2138 4388; x_wconf 21' lang='lat' dir='ltr'><strong>supgrlluauUtrumqn‘e.</strong></span> 
     </span>
    </p>
   </div>
   <div class='ocr_carea' id='block_1_82' title="bbox 530 4382 2119 4453">
    <p class='ocr_par' dir='ltr' id='par_1_82' title="bbox 530 4382 2119 4453">
     <span class='ocr_line' id='line_1_82' title="bbox 530 4382 2119 4453; baseline -0.003 -11"><span class='ocrx_word' id='word_1_538' title='bbox 530 4382 678 4443; x_wconf 72' lang='lat' dir='ltr'><strong>enim</strong></span> <span class='ocrx_word' id='word_1_539' title='bbox 708 4384 1037 4439; x_wconf 83' lang='lat' dir='ltr'><strong>vocabulum</strong></span> <span class='ocrx_word' id='word_1_540' title='bbox 1070 4385 1214 4439; x_wconf 89' lang='lat' dir='ltr'><strong>idem</strong></span> <span class='ocrx_word' id='word_1_541' title='bbox 1245 4382 1541 4453; x_wconf 73' lang='lat' dir='ltr'><strong>significat.</strong></span> <span class='ocrx_word' id='word_1_542' title='bbox 1564 4382 1935 4449; x_wconf 85' lang='lat' dir='ltr'><strong>Quamobrem</strong></span> <span class='ocrx_word' id='word_1_543' title='bbox 1960 4382 2119 4438; x_wconf 91' lang='lat' dir='ltr'><strong>Chri-</strong></span> 
     </span>
    </p>
   </div>
   <div class='ocr_carea' id='block_1_83' title="bbox 531 4452 2117 4526">
    <p class='ocr_par' dir='ltr' id='par_1_83' title="bbox 531 4452 2117 4526">
     <span class='ocr_line' id='line_1_83' title="bbox 531 4452 2117 4526; baseline -0.002 -14"><span class='ocrx_word' id='word_1_544' title='bbox 531 4457 944 4526; x_wconf 86' lang='lat' dir='ltr'><strong>stophorsonus</strong></span> <span class='ocrx_word' id='word_1_545' title='bbox 996 4452 1331 4526; x_wconf 30' lang='lat' dir='ltr'><strong>utrumque;</strong></span> <span class='ocrx_word' id='word_1_546' title='bbox 1361 4452 1687 4508; x_wconf 88' lang='lat' dir='ltr'><strong>adverbium</strong></span> <span class='ocrx_word' id='word_1_547' title='bbox 1742 4453 1813 4507; x_wconf 71' lang='lat' dir='ltr'><strong>in&#39;</strong></span> <span class='ocrx_word' id='word_1_548' title='bbox 1855 4455 2117 4526; x_wconf 86' lang='lat' dir='ltr'><strong>versione</strong></span> 
     </span>
    </p>
   </div>
   <div class='ocr_carea' id='block_1_84' title="bbox 531 4523 2117 4595">
    <p class='ocr_par' dir='ltr' id='par_1_84' title="bbox 531 4523 2117 4595">
     <span class='ocr_line' id='line_1_84' title="bbox 531 4523 2117 4595; baseline -0.003 -12"><span class='ocrx_word' id='word_1_549' title='bbox 531 4523 638 4583; x_wconf 80' lang='lat' dir='ltr'><strong>sua</strong></span> <span class='ocrx_word' id='word_1_550' title='bbox 655 4527 911 4594; x_wconf 68' lang='lat' dir='ltr'><strong>exposuit</strong></span> <span class='ocrx_word' id='word_1_551' title='bbox 936 4525 1039 4579; x_wconf 93' lang='lat' dir='ltr'><strong>hoc</strong></span> <span class='ocrx_word' id='word_1_552' title='bbox 1062 4523 1227 4579; x_wconf 83' lang='lat' dir='ltr'><strong>modo</strong></span> <span class='ocrx_word' id='word_1_553' title='bbox 1252 4542 1265 4578; x_wconf 91' lang='lat'>:</span> <span class='ocrx_word' id='word_1_554' title='bbox 1304 4523 1418 4577; x_wconf 78' lang='lat' dir='ltr'><strong>Ista</strong></span> <span class='ocrx_word' id='word_1_555' title='bbox 1441 4532 1720 4595; x_wconf 85' lang='lat' dir='ltr'><strong>prapterea</strong></span> <span class='ocrx_word' id='word_1_556' title='bbox 1775 4526 1832 4577; x_wconf 87' lang='lat' dir='ltr'><strong>in</strong></span> <span class='ocrx_word' id='word_1_557' title='bbox 1883 4540 1944 4578; x_wconf 84' lang='lat' dir='ltr'><strong>eo</strong></span> <span class='ocrx_word' id='word_1_558' title='bbox 2001 4524 2117 4578; x_wconf 87' lang='lat' dir='ltr'><strong>loco</strong></span> 
     </span>
    </p>
   </div>
   <div class='ocr_carea' id='block_1_85' title="bbox 532 4596 2387 4679">
    <p class='ocr_par' dir='ltr' id='par_1_85' title="bbox 532 4596 2387 4679">
     <span class='ocr_line' id='line_1_85' title="bbox 532 4596 2387 4679; baseline -0.002 -27"><span class='ocrx_word' id='word_1_559' title='bbox 532 4601 954 4679; x_wconf 13' lang='lat' dir='ltr'><strong>factaafuerunt,</strong></span> <span class='ocrx_word' id='word_1_560' title='bbox 989 4597 1129 4679; x_wconf 66' lang='lat' dir='ltr'><strong>quod</strong></span> <span class='ocrx_word' id='word_1_561' title='bbox 1163 4596 1854 4679; x_wconf 31' lang='lat' dir='ltr'><strong>DeusOsacras‘sanciorum</strong></span> <span class='ocrx_word' id='word_1_562' title='bbox 1887 4612 2107 4679; x_wconf 72' lang='lat' dir='ltr'><strong>sitorum</strong></span> <span class='ocrx_word' id='word_1_563' title='bbox 2134 4598 2188 4657; x_wconf 90' lang='lat' dir='ltr'><strong>D</strong></span> <span class='ocrx_word' id='word_1_564' title='bbox 2217 4597 2387 4679; x_wconf 66' lang='grc' dir='ltr'>μάλιν</span> 
     </span>
    </p>
   </div>
   <div class='ocr_carea' id='block_1_86' title="bbox 2221 4175 3800 4249">
    <p class='ocr_par' dir='ltr' id='par_1_86' title="bbox 2221 4175 3800 4249">
     <span class='ocr_line' id='line_1_86' title="bbox 2221 4175 3800 4249; baseline 0.005 -23"><span class='ocrx_word' id='word_1_565' title='bbox 2221 4175 2433 4249; x_wconf 45' lang='lat' dir='ltr'><strong>exemp</strong></span> <span class='ocrx_word' id='word_1_566' title='bbox 2466 4175 2619 4249; x_wconf 70' lang='grc' dir='ltr'>ἐνρεν</span> <span class='ocrx_word' id='word_1_567' title='bbox 2642 4175 2807 4232; x_wconf 82' lang='lat' dir='ltr'><strong>simul</strong></span> <span class='ocrx_word' id='word_1_568' title='bbox 2856 4177 3089 4249; x_wconf 89' lang='lat' dir='ltr'><strong>jungere</strong></span> <span class='ocrx_word' id='word_1_569' title='bbox 3142 4178 3304 4243; x_wconf 86' lang='lat' dir='ltr'><strong>solet,</strong></span> <span class='ocrx_word' id='word_1_570' title='bbox 3330 4186 3394 4233; x_wconf 88' lang='lat' dir='ltr'><strong>ut</strong></span> <span class='ocrx_word' id='word_1_571' title='bbox 3452 4178 3510 4233; x_wconf 87' lang='lat' dir='ltr'><strong>in</strong></span> <span class='ocrx_word' id='word_1_572' title='bbox 3537 4178 3690 4233; x_wconf 89' lang='lat' dir='ltr'><strong>libro</strong></span> <span class='ocrx_word' id='word_1_573' title='bbox 3727 4197 3800 4247; x_wconf 75' lang='grc' dir='ltr'>ιι,</span> 
     </span>
    </p>
   </div>
   <div class='ocr_carea' id='block_1_87' title="bbox 2221 4245 2776 4315">
    <p class='ocr_par' dir='ltr' id='par_1_87' title="bbox 2221 4245 2776 4315">
     <span class='ocr_line' id='line_1_87' title="bbox 2221 4245 2776 4315; baseline 0.002 -15"><span class='ocrx_word' id='word_1_574' title='bbox 2221 4260 2344 4315; x_wconf 89' lang='lat' dir='ltr'><strong>cap.</strong></span> <span class='ocrx_word' id='word_1_575' title='bbox 2368 4245 2421 4309; x_wconf 84' lang='lat'><strong>5,</strong></span> <span class='ocrx_word' id='word_1_576' title='bbox 2456 4246 2561 4301; x_wconf 91' lang='lat' dir='ltr'><strong>sub</strong></span> <span class='ocrx_word' id='word_1_577' title='bbox 2592 4245 2776 4301; x_wconf 81' lang='lat' dir='ltr'><strong>linem.</strong></span> 
     </span>
    </p>
   </div>
   <div class='ocr_carea' id='block_1_88' title="bbox 2296 4317 3802 4384">
    <p class='ocr_par' dir='ltr' id='par_1_88' title="bbox 2296 4317 3802 4384">
     <span class='ocr_line' id='line_1_88' title="bbox 2296 4317 3802 4384; baseline 0.004 -16"><span class='ocrx_word' id='word_1_578' title='bbox 2296 4317 2407 4384; x_wconf 66' lang='lat'><strong>(74)</strong></span> <span class='ocrx_word' id='word_1_579' title='bbox 2442 4317 2562 4383; x_wconf 75' lang='grc' dir='ltr'><strong>Τὴν</strong></span> <span class='ocrx_word' id='word_1_580' title='bbox 2613 4319 2987 4372; x_wconf 73' lang='grc' dir='ltr'>Κασταλίαν.</span> <span class='ocrx_word' id='word_1_581' title='bbox 3020 4318 3325 4373; x_wconf 87' lang='lat' dir='ltr'><strong>Castalium</strong></span> <span class='ocrx_word' id='word_1_582' title='bbox 3358 4318 3566 4372; x_wconf 81' lang='lat' dir='ltr'><strong>fontem</strong></span> <span class='ocrx_word' id='word_1_583' title='bbox 3591 4320 3802 4375; x_wconf 77' lang='lat' dir='ltr'><strong>intelli-</strong></span> 
     </span>
    </p>
   </div>
   <div class='ocr_carea' id='block_1_89' title="bbox 2222 4386 3802 4457">
    <p class='ocr_par' dir='ltr' id='par_1_89' title="bbox 2222 4386 3802 4457">
     <span class='ocr_line' id='line_1_89' title="bbox 2222 4386 3802 4457; baseline 0.004 -19"><span class='ocrx_word' id='word_1_584' title='bbox 2222 4386 2319 4456; x_wconf 90' lang='lat' dir='ltr'><strong>git.</strong></span> <span class='ocrx_word' id='word_1_585' title='bbox 2360 4387 2435 4440; x_wconf 92' lang='lat' dir='ltr'><strong>De</strong></span> <span class='ocrx_word' id='word_1_586' title='bbox 2459 4402 2569 4456; x_wconf 93' lang='lat' dir='ltr'><strong>quo</strong></span> <span class='ocrx_word' id='word_1_587' title='bbox 2592 4387 2915 4442; x_wconf 82' lang='lat' dir='ltr'><strong>Ammianus</strong></span> <span class='ocrx_word' id='word_1_588' title='bbox 2937 4389 3313 4453; x_wconf 84' lang='lat' dir='ltr'><strong>Marcellinus,</strong></span> <span class='ocrx_word' id='word_1_589' title='bbox 3364 4388 3669 4457; x_wconf 86' lang='lat' dir='ltr'><strong>Gregorius</strong></span> <span class='ocrx_word' id='word_1_590' title='bbox 3698 4391 3802 4444; x_wconf 83' lang='lat' dir='ltr'><strong>Na-</strong></span> 
     </span>
    </p>
   </div>
   <div class='ocr_carea' id='block_1_90' title="bbox 2225 4458 3802 4527">
    <p class='ocr_par' dir='ltr' id='par_1_90' title="bbox 2225 4458 3802 4527">
     <span class='ocr_line' id='line_1_90' title="bbox 2225 4458 3802 4527; baseline 0.003 -17"><span class='ocrx_word' id='word_1_591' title='bbox 2225 4458 2528 4511; x_wconf 83' lang='lat' dir='ltr'><strong>zianzenus</strong></span> <span class='ocrx_word' id='word_1_592' title='bbox 2584 4458 2793 4525; x_wconf 90' lang='lat' dir='ltr'><strong>aliique</strong></span> <span class='ocrx_word' id='word_1_593' title='bbox 2828 4459 3002 4512; x_wconf 90' lang='lat' dir='ltr'><strong>multa</strong></span> <span class='ocrx_word' id='word_1_594' title='bbox 3039 4460 3408 4527; x_wconf 88' lang='lat' dir='ltr'><strong>scripserunt.</strong></span> <span class='ocrx_word' id='word_1_595' title='bbox 3441 4458 3622 4512; x_wconf 82' lang='lat' dir='ltr'><strong>Verba</strong></span> <span class='ocrx_word' id='word_1_596' title='bbox 3664 4459 3802 4514; x_wconf 83' lang='lat' dir='ltr'><strong>Gre—</strong></span> 
     </span>
    </p>
   </div>
   <div class='ocr_carea' id='block_1_91' title="bbox 2223 4527 3798 4595">
    <p class='ocr_par' dir='ltr' id='par_1_91' title="bbox 2223 4527 3798 4595">
     <span class='ocr_line' id='line_1_91' title="bbox 2223 4527 3798 4595; baseline 0.003 -16"><span class='ocrx_word' id='word_1_597' title='bbox 2223 4527 2362 4595; x_wconf 85' lang='lat' dir='ltr'><strong>gorii</strong></span> <span class='ocrx_word' id='word_1_598' title='bbox 2392 4542 2461 4580; x_wconf 80' lang='lat' dir='ltr'><strong>ex</strong></span> <span class='ocrx_word' id='word_1_599' title='bbox 2493 4527 2732 4581; x_wconf 88' lang='lat' dir='ltr'><strong>secunda</strong></span> <span class='ocrx_word' id='word_1_600' title='bbox 2764 4527 3038 4582; x_wconf 65' lang='lat' dir='ltr'><strong>invectiva</strong></span> <span class='ocrx_word' id='word_1_601' title='bbox 3067 4530 3121 4583; x_wconf 84' lang='lat' dir='ltr'><strong>in</strong></span> <span class='ocrx_word' id='word_1_602' title='bbox 3148 4529 3449 4591; x_wconf 72' lang='lat' dir='ltr'><strong>lulianum,</strong></span> <span class='ocrx_word' id='word_1_603' title='bbox 3480 4528 3597 4584; x_wconf 68' lang='lat' dir='ltr'><strong>haec</strong></span> <span class='ocrx_word' id='word_1_604' title='bbox 3638 4542 3798 4584; x_wconf 89' lang='lat' dir='ltr'><strong>sunt:</strong></span> 
     </span>
    </p>
   </div>
   <div class='ocr_carea' id='block_1_92' title="bbox 2416 4597 3802 4669">
    <p class='ocr_par' dir='ltr' id='par_1_92' title="bbox 2416 4597 3802 4669">
     <span class='ocr_line' id='line_1_92' title="bbox 2416 4597 3802 4669; baseline 0.001 -20"><span class='ocrx_word' id='word_1_605' title='bbox 2416 4600 2449 4669; x_wconf 77' lang='grc' dir='ltr'><strong>ἡ</strong></span> <span class='ocrx_word' id='word_1_606' title='bbox 2503 4597 2795 4651; x_wconf 84' lang='grc' dir='ltr'>Κασταλία</span> <span class='ocrx_word' id='word_1_607' title='bbox 2834 4598 3122 4669; x_wconf 88' lang='grc' dir='ltr'>σεσίγηται</span> <span class='ocrx_word' id='word_1_608' title='bbox 3168 4599 3265 4669; x_wconf 73' lang='grc' dir='ltr'>καὶ</span> <span class='ocrx_word' id='word_1_609' title='bbox 3316 4600 3465 4667; x_wconf 81' lang='grc' dir='ltr'>σιγᾷ,</span> <span class='ocrx_word' id='word_1_610' title='bbox 3500 4599 3598 4669; x_wconf 71' lang='grc' dir='ltr'>καὶ</span> <span class='ocrx_word' id='word_1_611' title='bbox 3654 4599 3802 4669; x_wconf 77' lang='grc' dir='ltr'>ὕδωρ</span> 
     </span>
    </p>
   </div>
   <div class='ocr_carea' id='block_1_93' title="bbox 531 4665 3800 4737">
    <p class='ocr_par' dir='ltr' id='par_1_93' title="bbox 531 4665 3800 4737">
     <span class='ocr_line' id='line_1_93' title="bbox 531 4665 3800 4737; baseline -0 -15"><span class='ocrx_word' id='word_1_612' title='bbox 531 4665 819 4723; x_wconf 68' lang='lat' dir='ltr'><strong>memorias</strong></span> <span class='ocrx_word' id='word_1_613' title='bbox 845 4667 915 4720; x_wconf 90' lang='lat' dir='ltr'><strong>ibi</strong></span> <span class='ocrx_word' id='word_1_614' title='bbox 944 4667 1045 4719; x_wconf 88' lang='lat' dir='ltr'><strong>coli</strong></span> <span class='ocrx_word' id='word_1_615' title='bbox 1069 4666 1426 4735; x_wconf 82' lang='lat' dir='ltr'><strong>honorarique</strong></span> <span class='ocrx_word' id='word_1_616' title='bbox 1447 4665 1633 4719; x_wconf 84' lang='lat' dir='ltr'><strong>voluit.</strong></span> <span class='ocrx_word' id='word_1_617' title='bbox 1667 4666 1781 4737; x_wconf 72' lang='lat' dir='ltr'><strong>Ego</strong></span> <span class='ocrx_word' id='word_1_618' title='bbox 1803 4680 1935 4737; x_wconf 73' lang='lat' dir='ltr'><strong>vero</strong></span> <span class='ocrx_word' id='word_1_619' title='bbox 1954 4665 2109 4737; x_wconf 62' lang='grc' dir='ltr'>ἐνθεν</span> <span class='ocrx_word' id='word_1_620' title='bbox 2212 4668 2364 4720; x_wconf 77' lang='grc' dir='ltr'>ἐστὶν</span> <span class='ocrx_word' id='word_1_621' title='bbox 2383 4665 2446 4720; x_wconf 74' lang='grc' dir='ltr'>οὗ</span> <span class='ocrx_word' id='word_1_622' title='bbox 2477 4668 2899 4737; x_wconf 77' lang='grc' dir='ltr'>μαντευόμενον,</span> <span class='ocrx_word' id='word_1_623' title='bbox 2922 4665 3060 4721; x_wconf 80' lang='grc' dir='ltr'>ἀλλὰ</span> <span class='ocrx_word' id='word_1_624' title='bbox 3103 4665 3456 4737; x_wconf 76' lang='grc' dir='ltr'>γελώμενον·</span> <span class='ocrx_word' id='word_1_625' title='bbox 3501 4668 3671 4722; x_wconf 79' lang='grc' dir='ltr'>πάλιν</span> <span class='ocrx_word' id='word_1_626' title='bbox 3698 4665 3800 4721; x_wconf 54' lang='grc' dir='ltr'>άνέ</span> 
     </span>
    </p>
   </div>
   <div class='ocr_carea' id='block_1_94' title="bbox 531 4735 2109 4808">
    <p class='ocr_par' dir='ltr' id='par_1_94' title="bbox 531 4735 2109 4808">
     <span class='ocr_line' id='line_1_94' title="bbox 531 4735 2109 4808; baseline -0.003 -15"><span class='ocrx_word' id='word_1_627' title='bbox 531 4739 740 4808; x_wconf 86' lang='lat' dir='ltr'><strong>aliquid</strong></span> <span class='ocrx_word' id='word_1_628' title='bbox 777 4737 1015 4808; x_wconf 82' lang='lat' dir='ltr'><strong>amplius</strong></span> <span class='ocrx_word' id='word_1_629' title='bbox 1036 4738 1352 4808; x_wconf 77' lang='lat' dir='ltr'><strong>signiﬁcare</strong></span> <span class='ocrx_word' id='word_1_630' title='bbox 1380 4737 1676 4808; x_wconf 79' lang='lat' dir='ltr'><strong>existimo:</strong></span> <span class='ocrx_word' id='word_1_631' title='bbox 1713 4735 1914 4808; x_wconf 58' lang='lat' dir='ltr'><strong>Abliinc</strong></span> <span class='ocrx_word' id='word_1_632' title='bbox 1959 4735 2109 4808; x_wconf 80' lang='lat' dir='ltr'><strong>scili-</strong></span> 
     </span>
    </p>
   </div>
   <div class='ocr_carea' id='block_1_95' title="bbox 531 4737 3796 4887">
    <p class='ocr_par' dir='ltr' id='par_1_95' title="bbox 531 4737 3796 4887">
     <span class='ocr_line' id='line_1_95' title="bbox 531 4737 3796 4808; baseline -0.001 -15"><span class='ocrx_word' id='word_1_633' title='bbox 531 4739 740 4808; x_wconf 85' lang='lat' dir='ltr'><strong>aliquid</strong></span> <span class='ocrx_word' id='word_1_634' title='bbox 777 4737 1015 4806; x_wconf 76' lang='lat' dir='ltr'><strong>amplius</strong></span> <span class='ocrx_word' id='word_1_635' title='bbox 1036 4738 1345 4807; x_wconf 82' lang='lat' dir='ltr'><strong>signiﬁcare</strong></span> <span class='ocrx_word' id='word_1_636' title='bbox 1380 4737 1676 4791; x_wconf 82' lang='lat' dir='ltr'><strong>existimo:</strong></span> <span class='ocrx_word' id='word_1_637' title='bbox 1713 4737 1914 4790; x_wconf 80' lang='lat' dir='ltr'><strong>Abhinc</strong></span> <span class='ocrx_word' id='word_1_638' title='bbox 1959 4737 2109 4789; x_wconf 86' lang='lat' dir='ltr'><strong>scili-</strong></span> <span class='ocrx_word' id='word_1_639' title='bbox 2213 4737 2371 4807; x_wconf 81' lang='grc' dir='ltr'>δριάς</span> <span class='ocrx_word' id='word_1_640' title='bbox 2399 4738 2616 4807; x_wconf 71' lang='grc' dir='ltr'>ἄφωνος</span> <span class='ocrx_word' id='word_1_641' title='bbox 2671 4740 2700 4790; x_wconf 88' lang='grc' dir='ltr'><strong>ὁ</strong></span> <span class='ocrx_word' id='word_1_642' title='bbox 2745 4738 3023 4791; x_wconf 80' lang='grc' dir='ltr'>Ἀπόλλων</span> <span class='ocrx_word' id='word_1_643' title='bbox 3049 4778 3064 4801; x_wconf 91' lang='grc'><strong>,</strong></span> <span class='ocrx_word' id='word_1_644' title='bbox 3098 4738 3261 4792; x_wconf 85' lang='grc' dir='ltr'>πάλιν</span> <span class='ocrx_word' id='word_1_645' title='bbox 3287 4739 3321 4808; x_wconf 78' lang='grc' dir='ltr'>ὴ</span> <span class='ocrx_word' id='word_1_646' title='bbox 3373 4738 3559 4807; x_wconf 83' lang='grc' dir='ltr'>Δάφνη</span> <span class='ocrx_word' id='word_1_647' title='bbox 3607 4740 3796 4806; x_wconf 80' lang='grc' dir='ltr'>φυτόν,</span> 
     </span>
     <span class='ocr_line' id='line_1_96' title="bbox 531 4805 3796 4887; baseline 0 -26"><span class='ocrx_word' id='word_1_648' title='bbox 531 4819 641 4887; x_wconf 72' lang='lat' dir='ltr'><strong>eet,</strong></span> <span class='ocrx_word' id='word_1_649' title='bbox 690 4807 876 4887; x_wconf 39' lang='lat' dir='ltr'><strong>quasiA</strong></span> <span class='ocrx_word' id='word_1_650' title='bbox 908 4808 1118 4861; x_wconf 68' lang='grc' dir='ltr'>ἐνθένδε</span> <span class='ocrx_word' id='word_1_651' title='bbox 1145 4807 1267 4887; x_wconf 63' lang='grc' dir='ltr'><strong>Ιᾕδη</strong></span> <span class='ocrx_word' id='word_1_652' title='bbox 1302 4806 1538 4887; x_wconf 71' lang='lat' dir='ltr'><strong>diceres.</strong></span> <span class='ocrx_word' id='word_1_653' title='bbox 1593 4806 1754 4887; x_wconf 66' lang='lat' dir='ltr'><strong>Certe</strong></span> <span class='ocrx_word' id='word_1_654' title='bbox 1804 4805 2111 4887; x_wconf 73' lang='lat' dir='ltr'><strong>Hesychius</strong></span> <span class='ocrx_word' id='word_1_655' title='bbox 2212 4818 2321 4862; x_wconf 88' lang='lat' dir='ltr'><strong>etc.</strong></span> <span class='ocrx_word' id='word_1_656' title='bbox 2378 4808 2457 4862; x_wconf 82' lang='lat' dir='ltr'><strong>Ad</strong></span> <span class='ocrx_word' id='word_1_657' title='bbox 2490 4824 2627 4887; x_wconf 67' lang='lat' dir='ltr'><strong>qum_</strong></span> <span class='ocrx_word' id='word_1_658' title='bbox 2665 4806 3147 4887; x_wconf 72' lang='lat' dir='ltr'><strong>Cregorii_verba,</strong></span> <span class='ocrx_word' id='word_1_659' title='bbox 3192 4808 3345 4871; x_wconf 81' lang='lat' dir='ltr'><strong>vide,</strong></span> <span class='ocrx_word' id='word_1_660' title='bbox 3386 4808 3441 4887; x_wconf 72' lang='lat' dir='ltr'><strong>si</strong></span> <span class='ocrx_word' id='word_1_661' title='bbox 3496 4808 3705 4887; x_wconf 75' lang='lat' dir='ltr'><strong>placet,</strong></span> <span class='ocrx_word' id='word_1_662' title='bbox 3735 4824 3796 4862; x_wconf 90' lang='lat' dir='ltr'><strong>ea</strong></span> 
     </span>
    </p>
   </div>
   <div class='ocr_carea' id='block_1_96' title="bbox 532 4876 3466 4947">
    <p class='ocr_par' dir='ltr' id='par_1_96' title="bbox 532 4876 3466 4947">
     <span class='ocr_line' id='line_1_97' title="bbox 532 4876 3466 4947; baseline -0.001 -15"><span class='ocrx_word' id='word_1_663' title='bbox 532 4880 686 4933; x_wconf 74' lang='grc' dir='ltr'>ἔνθεν</span> <span class='ocrx_word' id='word_1_664' title='bbox 709 4876 943 4932; x_wconf 72' lang='grc' dir='ltr'>αὐτόθεν</span> <span class='ocrx_word' id='word_1_665' title='bbox 962 4876 1191 4947; x_wconf 83' lang='lat' dir='ltr'><strong>exponit</strong></span> <span class='ocrx_word' id='word_1_666' title='bbox 1220 4876 1277 4931; x_wconf 89' lang='lat' dir='ltr'><strong>et</strong></span> <span class='ocrx_word' id='word_1_667' title='bbox 1324 4879 1389 4929; x_wconf 83' lang='grc' dir='ltr'>ὲκ</span> <span class='ocrx_word' id='word_1_668' title='bbox 1419 4876 1635 4929; x_wconf 87' lang='grc' dir='ltr'>τούτου.</span> <span class='ocrx_word' id='word_1_669' title='bbox 1685 4877 1891 4931; x_wconf 84' lang='lat' dir='ltr'><strong>Sensus</strong></span> <span class='ocrx_word' id='word_1_670' title='bbox 1922 4876 2108 4947; x_wconf 77' lang='lat' dir='ltr'><strong>igitur</strong></span> <span class='ocrx_word' id='word_1_671' title='bbox 2215 4894 2338 4947; x_wconf 73' lang='lat' dir='ltr'><strong>qua:</strong></span> <span class='ocrx_word' id='word_1_672' title='bbox 2367 4876 2526 4932; x_wconf 80' lang='lat' dir='ltr'><strong>notat</strong></span> <span class='ocrx_word' id='word_1_673' title='bbox 2552 4876 2880 4932; x_wconf 82' lang='lat' dir='ltr'><strong>scholiastes</strong></span> <span class='ocrx_word' id='word_1_674' title='bbox 2931 4878 3185 4943; x_wconf 89' lang='lat' dir='ltr'><strong>Nonnus,</strong></span> <span class='ocrx_word' id='word_1_675' title='bbox 3219 4893 3341 4947; x_wconf 88' lang='lat' dir='ltr'><strong>cap.</strong></span> <span class='ocrx_word' id='word_1_676' title='bbox 3381 4878 3466 4931; x_wconf 75' lang='grc'><strong>14.</strong></span> 
     </span>
    </p>
   </div>
   <div class='ocr_carea' id='block_1_97' title="bbox 3536 4808 3799 4873">
    <p class='ocr_par' dir='ltr' id='par_1_97' title="bbox 3536 4808 3799 4873">
     <span class='ocr_line' id='line_1_98' title="bbox 3536 4808 3799 4873; baseline 0.004 -12"><span class='ocrx_word' id='word_1_677' title='bbox 3536 4808 3705 4873; x_wconf 87' lang='lat' dir='ltr'><strong>Iacet,</strong></span> <span class='ocrx_word' id='word_1_678' title='bbox 3735 4824 3799 4862; x_wconf 89' lang='lat' dir='ltr'><strong>ea</strong></span> 
     </span>
    </p>
   </div>
   <div class='ocr_carea' id='block_1_98' title="bbox 3552 4892 3795 4933">
    <p class='ocr_par' dir='ltr' id='par_1_98' title="bbox 3552 4892 3795 4933">
     <span class='ocr_line' id='line_1_99' title="bbox 3552 4892 3795 4933; baseline -0.012 0"><span class='ocrx_word' id='word_1_679' title='bbox 3552 4894 3633 4933; x_wconf 60' lang='grc' dir='ltr'>κο</span> <span class='ocrx_word' id='word_1_680' title='bbox 3687 4892 3795 4931; x_wconf 77' lang='grc'><strong>11011</strong></span> 
     </span>
    </p>
   </div>
   <div class='ocr_carea' id='block_1_99' title="bbox 531 4945 3800 5018">
    <p class='ocr_par' dir='ltr' id='par_1_99' title="bbox 531 4945 3800 5018">
     <span class='ocr_line' id='line_1_100' title="bbox 531 4945 3800 5018; baseline -0.001 -13"><span class='ocrx_word' id='word_1_681' title='bbox 531 4960 618 5005; x_wconf 86' lang='lat' dir='ltr'><strong>est</strong></span> <span class='ocrx_word' id='word_1_682' title='bbox 652 4952 820 5003; x_wconf 88' lang='lat' dir='ltr'><strong>Deum</strong></span> <span class='ocrx_word' id='word_1_683' title='bbox 864 4945 1114 5006; x_wconf 60' lang='lat' dir='ltr'><strong>velle.&#39;ut</strong></span> <span class='ocrx_word' id='word_1_684' title='bbox 1146 4957 1464 5001; x_wconf 85' lang='lat' dir='ltr'><strong>sanctorum</strong></span> <span class='ocrx_word' id='word_1_685' title='bbox 1500 4946 1749 5018; x_wconf 69' lang='lat' dir='ltr'><strong>reliquiae</strong></span> <span class='ocrx_word' id='word_1_686' title='bbox 1768 4945 1973 5018; x_wconf 14' lang='lat' dir='ltr'><strong>jamgab</strong></span> <span class='ocrx_word' id='word_1_687' title='bbox 2006 4948 2113 5018; x_wconf 80' lang='lat' dir='ltr'><strong>hoc</strong></span> <span class='ocrx_word' id='word_1_688' title='bbox 2215 4945 2520 5010; x_wconf 87' lang='lat' dir='ltr'><strong>monerem,</strong></span> <span class='ocrx_word' id='word_1_689' title='bbox 2553 4947 2659 5002; x_wconf 86' lang='lat' dir='ltr'><strong>nisi</strong></span> <span class='ocrx_word' id='word_1_690' title='bbox 2714 4948 3231 5004; x_wconf 86' lang='lat' dir='ltr'><strong>animadvertissem</strong></span> <span class='ocrx_word' id='word_1_691' title='bbox 3276 4945 3577 5018; x_wconf 86' lang='lat' dir='ltr'><strong>utrumque</strong></span> <span class='ocrx_word' id='word_1_692' title='bbox 3624 4949 3800 5004; x_wconf 90' lang='lat' dir='ltr'><strong>inter-</strong></span> 
     </span>
    </p>
   </div>
   <div class='ocr_carea' id='block_1_100' title="bbox 533 5015 2921 5088">
    <p class='ocr_par' dir='ltr' id='par_1_100' title="bbox 533 5015 2921 5088">
     <span class='ocr_line' id='line_1_101' title="bbox 533 5015 2921 5088; baseline -0 -13"><span class='ocrx_word' id='word_1_693' title='bbox 533 5022 735 5075; x_wconf 72' lang='lat' dir='ltr'><strong>szeculo</strong></span> <span class='ocrx_word' id='word_1_694' title='bbox 764 5020 1131 5073; x_wconf 90' lang='lat' dir='ltr'><strong>honorentur.</strong></span> <span class='ocrx_word' id='word_1_695' title='bbox 1161 5018 1325 5074; x_wconf 87' lang='lat' dir='ltr'><strong>Certe</strong></span> <span class='ocrx_word' id='word_1_696' title='bbox 1368 5015 1637 5088; x_wconf 83' lang='lat' dir='ltr'><strong>Evagrius</strong></span> <span class='ocrx_word' id='word_1_697' title='bbox 1680 5015 1797 5071; x_wconf 74' lang='lat' dir='ltr'><strong>lucc</strong></span> <span class='ocrx_word' id='word_1_698' title='bbox 1841 5015 2111 5072; x_wconf 85' lang='lat' dir='ltr'><strong>adverbia</strong></span> <span class='ocrx_word' id='word_1_699' title='bbox 2217 5027 2431 5088; x_wconf 89' lang='lat' dir='ltr'><strong>pretem</strong></span> <span class='ocrx_word' id='word_1_700' title='bbox 2460 5018 2515 5073; x_wconf 91' lang='lat' dir='ltr'><strong>id</strong></span> <span class='ocrx_word' id='word_1_701' title='bbox 2547 5034 2658 5072; x_wconf 92' lang='lat' dir='ltr'><strong>non</strong></span> <span class='ocrx_word' id='word_1_702' title='bbox 2693 5018 2921 5074; x_wconf 82' lang='lat' dir='ltr'><strong>vidisse.</strong></span> 
     </span>
    </p>
   </div>
   <div class='ocr_carea' id='block_1_101' title="bbox 1952 5154 2333 5212">
    <p class='ocr_par' dir='ltr' id='par_1_101' title="bbox 1952 5154 2333 5212">
     <span class='ocr_line' id='line_1_102' title="bbox 1952 5154 2333 5212; baseline -0.005 0"><span class='ocrx_word' id='word_1_703' title='bbox 1952 5154 2333 5212; x_wconf 76' lang='lat' dir='ltr'><strong>VARIORUM.</strong></span> 
     </span>
    </p>
   </div>
   <div class='ocr_carea' id='block_1_102' title="bbox 612 5268 2121 5344">
    <p class='ocr_par' dir='ltr' id='par_1_102' title="bbox 612 5268 2121 5344">
     <span class='ocr_line' id='line_1_103' title="bbox 612 5268 2121 5344; baseline -0.001 -19"><span class='ocrx_word' id='word_1_704' title='bbox 612 5272 689 5344; x_wconf 84' lang='grc' dir='ltr'>(ιι)</span> <span class='ocrx_word' id='word_1_705' title='bbox 737 5272 802 5326; x_wconf 91' lang='lat'><strong>&#39;0</strong></span> <span class='ocrx_word' id='word_1_706' title='bbox 824 5272 1021 5338; x_wconf 71' lang='grc' dir='ltr'>πολὺς</span> <span class='ocrx_word' id='word_1_707' title='bbox 1039 5271 1120 5337; x_wconf 81' lang='grc' dir='ltr'>τῷ</span> <span class='ocrx_word' id='word_1_708' title='bbox 1170 5273 1332 5344; x_wconf 74' lang='grc' dir='ltr'><strong>λόγῳ</strong></span> <span class='ocrx_word' id='word_1_709' title='bbox 1381 5270 1664 5344; x_wconf 77' lang='grc' dir='ltr'>πόλεμος.</span> <span class='ocrx_word' id='word_1_710' title='bbox 1726 5270 1802 5344; x_wconf 57' lang='lat' dir='ltr'><strong>Ile</strong></span> <span class='ocrx_word' id='word_1_711' title='bbox 1859 5268 2018 5344; x_wconf 70' lang='lat' dir='ltr'><strong>bello</strong></span> <span class='ocrx_word' id='word_1_712' title='bbox 2065 5279 2121 5325; x_wconf 90' lang='lat' dir='ltr'><strong>et</strong></span> 
     </span>
    </p>
   </div>
   <div class='ocr_carea' id='block_1_103' title="bbox 539 5339 2117 5411">
    <p class='ocr_par' dir='ltr' id='par_1_103' title="bbox 539 5339 2117 5411">
     <span class='ocr_line' id='line_1_104' title="bbox 539 5339 2117 5411; baseline -0.001 -15"><span class='ocrx_word' id='word_1_713' title='bbox 539 5339 703 5398; x_wconf 75' lang='lat' dir='ltr'><strong>terrae</strong></span> <span class='ocrx_word' id='word_1_714' title='bbox 737 5353 889 5397; x_wconf 92' lang='lat' dir='ltr'><strong>motu</strong></span> <span class='ocrx_word' id='word_1_715' title='bbox 957 5344 1063 5398; x_wconf 90' lang='lat' dir='ltr'><strong>hoc</strong></span> <span class='ocrx_word' id='word_1_716' title='bbox 1102 5339 1281 5411; x_wconf 84' lang='lat' dir='ltr'><strong>capite</strong></span> <span class='ocrx_word' id='word_1_717' title='bbox 1352 5339 2117 5411; x_wconf 78' lang='lat' dir='ltr'><strong>memoratis,Theodoritus</strong></span> 
     </span>
    </p>
   </div>
   <div class='ocr_carea' id='block_1_104' title="bbox 535 5409 2115 5483">
    <p class='ocr_par' dir='ltr' id='par_1_104' title="bbox 535 5409 2115 5483">
     <span class='ocr_line' id='line_1_105' title="bbox 535 5409 2115 5483; baseline -0.004 -15"><span class='ocrx_word' id='word_1_718' title='bbox 535 5413 770 5483; x_wconf 84' lang='lat' dir='ltr'><strong>epistola</strong></span> <span class='ocrx_word' id='word_1_719' title='bbox 804 5416 895 5479; x_wconf 69' lang='lat' dir='ltr'><strong>4t,</strong></span> <span class='ocrx_word' id='word_1_720' title='bbox 925 5414 993 5468; x_wconf 91' lang='lat' dir='ltr'><strong>ad</strong></span> <span class='ocrx_word' id='word_1_721' title='bbox 1038 5409 1427 5475; x_wconf 28' lang='lat' dir='ltr'><strong>Clau’dianum,</strong></span> <span class='ocrx_word' id='word_1_722' title='bbox 1460 5412 1576 5465; x_wconf 65' lang='lat' dir='ltr'><strong>hare</strong></span> <span class='ocrx_word' id='word_1_723' title='bbox 1634 5410 1839 5483; x_wconf 87' lang='lat' dir='ltr'><strong>habet:</strong></span> <span class='ocrx_word' id='word_1_724' title='bbox 1879 5411 2003 5483; x_wconf 67' lang='grc' dir='ltr'><strong>Ἐπὶ</strong></span> <span class='ocrx_word' id='word_1_725' title='bbox 2056 5409 2115 5483; x_wconf 60' lang='grc' dir='ltr'>δὲ</span> 
     </span>
    </p>
   </div>
   <div class='ocr_carea' id='block_1_105' title="bbox 534 5480 2114 5554">
    <p class='ocr_par' dir='ltr' id='par_1_105' title="bbox 534 5480 2114 5554">
     <span class='ocr_line' id='line_1_106' title="bbox 534 5480 2114 5554; baseline -0.003 -19"><span class='ocrx_word' id='word_1_726' title='bbox 534 5480 630 5536; x_wconf 74' lang='grc' dir='ltr'>τοῦ</span> <span class='ocrx_word' id='word_1_727' title='bbox 660 5486 948 5554; x_wconf 79' lang='grc' dir='ltr'>παρόντος,</span> <span class='ocrx_word' id='word_1_728' title='bbox 981 5488 1074 5538; x_wconf 83' lang='grc' dir='ltr'>καὶ</span> <span class='ocrx_word' id='word_1_729' title='bbox 1105 5485 1204 5551; x_wconf 83' lang='grc' dir='ltr'>τὴν</span> <span class='ocrx_word' id='word_1_730' title='bbox 1231 5484 1333 5552; x_wconf 82' lang='grc' dir='ltr'>γῆν</span> <span class='ocrx_word' id='word_1_731' title='bbox 1381 5485 1564 5533; x_wconf 80' lang='grc' dir='ltr'>κλονεί</span> <span class='ocrx_word' id='word_1_732' title='bbox 1597 5482 1707 5554; x_wconf 31' lang='grc' dir='ltr'>-καΟ</span> <span class='ocrx_word' id='word_1_733' title='bbox 1727 5484 1739 5501; x_wconf 88' lang='grc'>’</span> <span class='ocrx_word' id='word_1_734' title='bbox 1771 5481 1973 5554; x_wconf 36' lang='grc' dir='ltr'>-ημῶν,</span> <span class='ocrx_word' id='word_1_735' title='bbox 2022 5480 2114 5533; x_wconf 78' lang='grc' dir='ltr'><strong>καὶ</strong></span> 
     </span>
    </p>
   </div>
   <div class='ocr_carea' id='block_1_106' title="bbox 532 5552 2109 5624">
    <p class='ocr_par' dir='ltr' id='par_1_106' title="bbox 532 5552 2109 5624">
     <span class='ocr_line' id='line_1_107' title="bbox 532 5552 2109 5624; baseline -0.003 -19"><span class='ocrx_word' id='word_1_736' title='bbox 532 5554 605 5605; x_wconf 68' lang='grc' dir='ltr'>τὰ</span> <span class='ocrx_word' id='word_1_737' title='bbox 628 5552 768 5623; x_wconf 72' lang='grc' dir='ltr'>φῦλα</span> <span class='ocrx_word' id='word_1_738' title='bbox 803 5556 910 5607; x_wconf 83' lang='grc' dir='ltr'><strong>τῶν</strong></span> <span class='ocrx_word' id='word_1_739' title='bbox 960 5554 1252 5624; x_wconf 66' lang='grc' dir='ltr'>βαρϐάρων</span> <span class='ocrx_word' id='word_1_740' title='bbox 1277 5554 1537 5605; x_wconf 78' lang='grc' dir='ltr'>πάντοθεν</span> <span class='ocrx_word' id='word_1_741' title='bbox 1586 5552 1715 5619; x_wconf 80' lang='grc' dir='ltr'>ἡμῖν</span> <span class='ocrx_word' id='word_1_742' title='bbox 1767 5552 2109 5624; x_wconf 25' lang='grc' dir='ltr'>ἐπέ-στησενς</span> 
     </span>
    </p>
   </div>
   <div class='ocr_carea' id='block_1_107' title="bbox 538 5618 2107 5693">
    <p class='ocr_par' dir='ltr' id='par_1_107' title="bbox 538 5618 2107 5693">
     <span class='ocr_line' id='line_1_108' title="bbox 538 5618 2107 5693; baseline -0.003 -16"><span class='ocrx_word' id='word_1_743' title='bbox 538 5625 601 5677; x_wconf 88' lang='lat' dir='ltr'><strong>In</strong></span> <span class='ocrx_word' id='word_1_744' title='bbox 625 5618 853 5693; x_wconf 58' lang='lat' dir='ltr'><strong>[irruens</strong></span> <span class='ocrx_word' id='word_1_745' title='bbox 880 5618 1001 5679; x_wconf 73' lang='lat' dir='ltr'><strong>vero</strong></span> <span class='ocrx_word' id='word_1_746' title='bbox 1033 5618 1082 5677; x_wconf 71' lang='lat' dir='ltr'><strong>et</strong></span> <span class='ocrx_word' id='word_1_747' title='bbox 1109 5618 1308 5677; x_wconf 57' lang='lat' dir='ltr'><strong>unum</strong></span> <span class='ocrx_word' id='word_1_748' title='bbox 1340 5632 1525 5676; x_wconf 88' lang='lat' dir='ltr'><strong>contra</strong></span> <span class='ocrx_word' id='word_1_749' title='bbox 1545 5618 1637 5673; x_wconf 75' lang='lat' dir='ltr'><strong>n03</strong></span> <span class='ocrx_word' id='word_1_750' title='bbox 1666 5622 1892 5674; x_wconf 84' lang='lat' dir='ltr'><strong>concutit</strong></span> <span class='ocrx_word' id='word_1_751' title='bbox 1915 5618 2107 5691; x_wconf 72' lang='lat' dir='ltr'><strong>[Deus]</strong></span> 
     </span>
    </p>
   </div>
   <div class='ocr_carea' id='block_1_108' title="bbox 536 5693 2100 5765">
    <p class='ocr_par' dir='ltr' id='par_1_108' title="bbox 536 5693 2100 5765">
     <span class='ocr_line' id='line_1_109' title="bbox 536 5693 2100 5765; baseline -0.002 -18"><span class='ocrx_word' id='word_1_752' title='bbox 536 5703 585 5765; x_wconf 64' lang='lat' dir='ltr'><strong>et</strong></span> <span class='ocrx_word' id='word_1_753' title='bbox 631 5694 887 5749; x_wconf 84' lang='lat' dir='ltr'><strong>barbaras</strong></span> <span class='ocrx_word' id='word_1_754' title='bbox 934 5696 1278 5765; x_wconf 79' lang='lat' dir='ltr'><strong>undiqnaque</strong></span> <span class='ocrx_word' id='word_1_755' title='bbox 1320 5695 1559 5765; x_wconf 63' lang='lat' dir='ltr'><strong>nationes</strong></span> <span class='ocrx_word' id='word_1_756' title='bbox 1608 5693 1662 5744; x_wconf 89' lang='lat' dir='ltr'><strong>in</strong></span> <span class='ocrx_word' id='word_1_757' title='bbox 1719 5710 1809 5765; x_wconf 87' lang='lat' dir='ltr'><strong>nos</strong></span> <span class='ocrx_word' id='word_1_758' title='bbox 1863 5693 2100 5744; x_wconf 79' lang='lat' dir='ltr'><strong>innnisit.</strong></span> 
     </span>
    </p>
   </div>
   <div class='ocr_carea' id='block_1_109' title="bbox 2219 5619 2736 5680">
    <p class='ocr_par' dir='ltr' id='par_1_109' title="bbox 2219 5619 2736 5680">
     <span class='ocr_line' id='line_1_110' title="bbox 2219 5619 2736 5680; baseline 0.002 -9"><span class='ocrx_word' id='word_1_759' title='bbox 2219 5628 2310 5672; x_wconf 88' lang='lat' dir='ltr'><strong>tur</strong></span> <span class='ocrx_word' id='word_1_760' title='bbox 2354 5619 2736 5680; x_wconf 87' lang='lat' dir='ltr'><strong>Cassiodorus,</strong></span> 
     </span>
    </p>
   </div>
   <div class='ocr_carea' id='block_1_110' title="bbox 2210 5686 3788 5759">
    <p class='ocr_par' dir='ltr' id='par_1_110' title="bbox 2210 5686 3788 5759">
     <span class='ocr_line' id='line_1_111' title="bbox 2210 5686 3788 5759; baseline -0.003 -17"><span class='ocrx_word' id='word_1_761' title='bbox 2210 5690 2545 5754; x_wconf 87' lang='lat' dir='ltr'><strong>.Iurnandes,</strong></span> <span class='ocrx_word' id='word_1_762' title='bbox 2580 5689 2653 5743; x_wconf 88' lang='lat' dir='ltr'><strong>Dc</strong></span> <span class='ocrx_word' id='word_1_763' title='bbox 2678 5689 2877 5759; x_wconf 80' lang='lat' dir='ltr'><strong>origine</strong></span> <span class='ocrx_word' id='word_1_764' title='bbox 2908 5690 3193 5744; x_wconf 74' lang='lat' dir='ltr'><strong>Gothorum</strong></span> <span class='ocrx_word' id='word_1_765' title='bbox 3219 5705 3235 5752; x_wconf 86' lang='lat'><strong><em>;</em></strong></span> <span class='ocrx_word' id='word_1_766' title='bbox 3263 5688 3464 5741; x_wconf 78' lang='lat' dir='ltr'><strong>Paulus</strong></span> <span class='ocrx_word' id='word_1_767' title='bbox 3502 5686 3788 5746; x_wconf 83' lang='lat' dir='ltr'><strong>diaconus.</strong></span> 
     </span>
    </p>
   </div>
   <div class='ocr_carea' id='block_1_111' title="bbox 2230 5265 3793 5339">
    <p class='ocr_par' dir='ltr' id='par_1_111' title="bbox 2230 5265 3793 5339">
     <span class='ocr_line' id='line_1_112' title="bbox 2230 5265 3793 5339; baseline -0.002 -18"><span class='ocrx_word' id='word_1_768' title='bbox 2230 5276 2355 5339; x_wconf 87' lang='lat' dir='ltr'><strong>post</strong></span> <span class='ocrx_word' id='word_1_769' title='bbox 2384 5267 2528 5321; x_wconf 92' lang='lat' dir='ltr'><strong>diem</strong></span> <span class='ocrx_word' id='word_1_770' title='bbox 2560 5268 2798 5324; x_wconf 79' lang='lat' dir='ltr'><strong>natalem</strong></span> <span class='ocrx_word' id='word_1_771' title='bbox 2827 5265 3056 5330; x_wconf 83' lang='lat' dir='ltr'><strong>Christi,</strong></span> <span class='ocrx_word' id='word_1_772' title='bbox 3083 5280 3229 5319; x_wconf 90' lang='lat' dir='ltr'><strong>anno</strong></span> <span class='ocrx_word' id='word_1_773' title='bbox 3258 5266 3501 5335; x_wconf 71' lang='lat' dir='ltr'><strong>M7,quo</strong></span> <span class='ocrx_word' id='word_1_774' title='bbox 3525 5282 3688 5328; x_wconf 86' lang='lat' dir='ltr'><strong>anno,</strong></span> <span class='ocrx_word' id='word_1_775' title='bbox 3708 5266 3793 5319; x_wconf 82' lang='lat' dir='ltr'><strong>in-</strong></span> 
     </span>
    </p>
   </div>
   <div class='ocr_carea' id='block_1_112' title="bbox 2226 5340 3793 5408">
    <p class='ocr_par' dir='ltr' id='par_1_112' title="bbox 2226 5340 3793 5408">
     <span class='ocr_line' id='line_1_113' title="bbox 2226 5340 3793 5408; baseline -0.001 -17"><span class='ocrx_word' id='word_1_776' title='bbox 2226 5340 2369 5408; x_wconf 85' lang='lat' dir='ltr'><strong>quit.</strong></span> <span class='ocrx_word' id='word_1_777' title='bbox 2403 5346 2540 5391; x_wconf 79' lang='lat' dir='ltr'><strong>totus</strong></span> <span class='ocrx_word' id='word_1_778' title='bbox 2597 5340 2704 5407; x_wconf 80' lang='lat' dir='ltr'><strong>fere</strong></span> <span class='ocrx_word' id='word_1_779' title='bbox 2723 5340 2861 5392; x_wconf 88' lang='lat' dir='ltr'><strong>orbis</strong></span> <span class='ocrx_word' id='word_1_780' title='bbox 2913 5347 3070 5391; x_wconf 79' lang='lat' dir='ltr'><strong>terra:</strong></span> <span class='ocrx_word' id='word_1_781' title='bbox 3124 5346 3269 5389; x_wconf 86' lang='lat' dir='ltr'><strong>motu</strong></span> <span class='ocrx_word' id='word_1_782' title='bbox 3311 5352 3591 5389; x_wconf 77' lang='lat' dir='ltr'><strong>concussus</strong></span> <span class='ocrx_word' id='word_1_783' title='bbox 3617 5346 3712 5397; x_wconf 77' lang='lat' dir='ltr'><strong>est,</strong></span> <span class='ocrx_word' id='word_1_784' title='bbox 3744 5347 3793 5389; x_wconf 82' lang='lat' dir='ltr'><strong>et</strong></span> 
     </span>
    </p>
   </div>
   <div class='ocr_carea' id='block_1_113' title="bbox 2226 5408 3793 5476">
    <p class='ocr_par' dir='ltr' id='par_1_113' title="bbox 2226 5408 3793 5476">
     <span class='ocr_line' id='line_1_114' title="bbox 2226 5408 3793 5476; baseline -0.003 -14"><span class='ocrx_word' id='word_1_785' title='bbox 2226 5409 2422 5462; x_wconf 84' lang='lat' dir='ltr'><strong>multas</strong></span> <span class='ocrx_word' id='word_1_786' title='bbox 2458 5410 2625 5462; x_wconf 81' lang='lat' dir='ltr'><strong>Attila</strong></span> <span class='ocrx_word' id='word_1_787' title='bbox 2658 5408 2886 5462; x_wconf 76' lang='lat' dir='ltr'><strong>Orientis</strong></span> <span class='ocrx_word' id='word_1_788' title='bbox 2927 5408 3219 5476; x_wconf 79' lang='lat' dir='ltr'><strong>provincias</strong></span> <span class='ocrx_word' id='word_1_789' title='bbox 3244 5409 3492 5468; x_wconf 81' lang='lat' dir='ltr'><strong>vastavit,</strong></span> <span class='ocrx_word' id='word_1_790' title='bbox 3528 5408 3793 5476; x_wconf 76' lang='lat' dir='ltr'><strong>coegitque</strong></span> 
     </span>
    </p>
   </div>
   <div class='ocr_carea' id='block_1_114' title="bbox 2226 5476 3791 5549">
    <p class='ocr_par' dir='ltr' id='par_1_114' title="bbox 2226 5476 3791 5549">
     <span class='ocr_line' id='line_1_115' title="bbox 2226 5476 3791 5549; baseline -0.001 -18"><span class='ocrx_word' id='word_1_791' title='bbox 2226 5480 2567 5532; x_wconf 72' lang='lat' dir='ltr'><strong>Theodosium</strong></span> <span class='ocrx_word' id='word_1_792' title='bbox 2594 5481 2724 5549; x_wconf 74' lang='lat' dir='ltr'><strong>imp.</strong></span> <span class='ocrx_word' id='word_1_793' title='bbox 2750 5480 2955 5549; x_wconf 82' lang='lat' dir='ltr'><strong>tributo</strong></span> <span class='ocrx_word' id='word_1_794' title='bbox 2972 5493 3153 5549; x_wconf 78' lang='lat' dir='ltr'><strong>pacem</strong></span> <span class='ocrx_word' id='word_1_795' title='bbox 3174 5478 3237 5529; x_wconf 86' lang='lat' dir='ltr'><strong>de</strong></span> <span class='ocrx_word' id='word_1_796' title='bbox 3258 5479 3371 5549; x_wconf 10' lang='lat' dir='ltr'><strong>hoc?</strong></span> <span class='ocrx_word' id='word_1_797' title='bbox 3388 5476 3668 5549; x_wconf 64' lang='lat' dir='ltr'><strong>redimere.</strong></span> <span class='ocrx_word' id='word_1_798' title='bbox 3720 5477 3791 5529; x_wconf 84' lang='lat' dir='ltr'><strong>De</strong></span> 
     </span>
    </p>
   </div>
   <div class='ocr_carea' id='block_1_115' title="bbox 2223 5546 3791 5672">
    <p class='ocr_par' dir='ltr' id='par_1_115' title="bbox 2223 5546 3791 5672">
     <span class='ocr_line' id='line_1_116' title="bbox 2223 5546 3791 5672; baseline -0.003 -71"><span class='ocrx_word' id='word_1_799' title='bbox 2223 5549 2328 5603; x_wconf 81' lang='lat' dir='ltr'><strong>hoc</strong></span> <span class='ocrx_word' id='word_1_800' title='bbox 2364 5550 2553 5611; x_wconf 85' lang='lat' dir='ltr'><strong>Attila,</strong></span> <span class='ocrx_word' id='word_1_801' title='bbox 2583 5546 2679 5618; x_wconf 85' lang='lat' dir='ltr'><strong>qui</strong></span> <span class='ocrx_word' id='word_1_802' title='bbox 2712 5565 2769 5603; x_wconf 88' lang='lat' dir='ltr'><strong>se</strong></span> <span class='ocrx_word' id='word_1_803' title='bbox 2794 5546 3069 5672; x_wconf 49' lang='lat' dir='ltr'><strong>flagellum</strong></span> <span class='ocrx_word' id='word_1_804' title='bbox 3102 5546 3195 5599; x_wconf 73' lang='lat' dir='ltr'><strong>Dei</strong></span> <span class='ocrx_word' id='word_1_805' title='bbox 3220 5546 3537 5617; x_wconf 71' lang='lat' dir='ltr'><strong>appellavit.</strong></span> <span class='ocrx_word' id='word_1_806' title='bbox 3564 5546 3791 5600; x_wconf 87' lang='lat' dir='ltr'><strong>videan-</strong></span> 
     </span>
     <span class='ocr_line' id='line_1_117' title="bbox 2223 5616 3787 5672; baseline 0 0"><span class='ocrx_word' id='word_1_807' title='bbox 2223 5628 2310 5672; x_wconf 85' lang='lat' dir='ltr'><strong>tur</strong></span> <span class='ocrx_word' id='word_1_808' title='bbox 2354 5619 2736 5672; x_wconf 88' lang='lat' dir='ltr'><strong>Cassiodorus.</strong></span> <span class='ocrx_word' id='word_1_809' title='bbox 2841 5634 3052 5672; x_wconf 82' lang='lat' dir='ltr'><strong>rosucr.</strong></span> <span class='ocrx_word' id='word_1_810' title='bbox 3104 5616 3345 5670; x_wconf 80' lang='lat' dir='ltr'><strong>Isidorus</strong></span> <span class='ocrx_word' id='word_1_811' title='bbox 3397 5616 3450 5668; x_wconf 90' lang='lat' dir='ltr'><strong>in</strong></span> <span class='ocrx_word' id='word_1_812' title='bbox 3498 5616 3787 5672; x_wconf 80' lang='lat' dir='ltr'><strong>Chronicis.</strong></span> 
     </span>
    </p>
   </div>
   <div class='ocr_carea' id='block_1_116' title="bbox 2841 5616 3787 5686">
    <p class='ocr_par' dir='ltr' id='par_1_116' title="bbox 2841 5616 3787 5686">
     <span class='ocr_line' id='line_1_118' title="bbox 2841 5616 3787 5686; baseline -0.004 -15"><span class='ocrx_word' id='word_1_813' title='bbox 2841 5616 3052 5686; x_wconf 80' lang='lat' dir='ltr'><strong>rospcr,</strong></span> <span class='ocrx_word' id='word_1_814' title='bbox 3104 5616 3345 5670; x_wconf 80' lang='lat' dir='ltr'><strong>Isidorus</strong></span> <span class='ocrx_word' id='word_1_815' title='bbox 3397 5616 3450 5668; x_wconf 90' lang='lat' dir='ltr'><strong>in</strong></span> <span class='ocrx_word' id='word_1_816' title='bbox 3498 5616 3787 5675; x_wconf 81' lang='lat' dir='ltr'><strong>Chronicis,</strong></span> 
     </span>
    </p>
   </div>
   <div class='ocr_carea' id='block_1_117' title="bbox 539 5761 2419 5836">
    <p class='ocr_par' dir='ltr' id='par_1_117' title="bbox 539 5761 2419 5836">
     <span class='ocr_line' id='line_1_119' title="bbox 539 5761 2419 5836; baseline -0.002 -20"><span class='ocrx_word' id='word_1_817' title='bbox 539 5762 687 5820; x_wconf 87' lang='lat' dir='ltr'><strong>Ilanc</strong></span> <span class='ocrx_word' id='word_1_818' title='bbox 708 5766 992 5836; x_wconf 81' lang='lat' dir='ltr'><strong>epistolam</strong></span> <span class='ocrx_word' id='word_1_819' title='bbox 1016 5761 1255 5821; x_wconf 78' lang='lat' dir='ltr'><strong>Joannes</strong></span> <span class='ocrx_word' id='word_1_820' title='bbox 1292 5763 1613 5827; x_wconf 74' lang='lat' dir='ltr'><strong>Carnerius,</strong></span> <span class='ocrx_word' id='word_1_821' title='bbox 1654 5764 1914 5832; x_wconf 81' lang='lat' dir='ltr'><strong>scriptam</strong></span> <span class='ocrx_word' id='word_1_822' title='bbox 1948 5772 2102 5831; x_wconf 88' lang='lat' dir='ltr'><strong>putat</strong></span> <span class='ocrx_word' id='word_1_823' title='bbox 2209 5761 2304 5813; x_wconf 85' lang='lat' dir='ltr'><strong>lin.</strong></span> <span class='ocrx_word' id='word_1_824' title='bbox 2335 5777 2419 5813; x_wconf 75' lang='lat' dir='ltr'><strong>xv.</strong></span> 
     </span>
    </p>
   </div>
  </div>
