  <div class='ocr_page' id='page_1' title='image "/cluster/home/n/w/nwhite01/storage/ocr_20150623/86:2/hvd.32044012719696/368.png"; bbox 0 0 3970 6544; ppageno 0'>
   <div class='ocr_carea' id='block_1_1' title="bbox 194 425 320 490">
    <p class='ocr_par' dir='ltr' id='par_1_1' title="bbox 194 425 320 490">
     <span class='ocr_line' id='line_1_1' title="bbox 194 425 320 490; baseline -0.016 0"><span class='ocrx_word' id='word_1_1' title='bbox 194 425 320 490; x_wconf 67' lang='grc'><strong>2477</strong></span> 
     </span>
    </p>
   </div>
   <div class='ocr_carea' id='block_1_2' title="bbox 1124 418 2508 482">
    <p class='ocr_par' dir='ltr' id='par_1_2' title="bbox 1124 418 2508 482">
     <span class='ocr_line' id='line_1_2' title="bbox 1124 418 2508 482; baseline -0.003 0"><span class='ocrx_word' id='word_1_2' title='bbox 1124 420 1513 482; x_wconf 75' lang='lat' dir='ltr'><strong>lIISTORI/E</strong></span> <span class='ocrx_word' id='word_1_3' title='bbox 1552 418 2147 480; x_wconf 62' lang='lat' dir='ltr'><strong>ECCLESIASTICAZ</strong></span> <span class='ocrx_word' id='word_1_4' title='bbox 2188 419 2416 479; x_wconf 80' lang='lat' dir='ltr'><strong>LIBER</strong></span> <span class='ocrx_word' id='word_1_5' title='bbox 2460 419 2508 478; x_wconf 88' lang='grc' dir='ltr'><strong>Ῐ.</strong></span> 
     </span>
    </p>
   </div>
   <div class='ocr_carea' id='block_1_3' title="bbox 3289 400 3432 481">
    <p class='ocr_par' dir='ltr' id='par_1_3' title="bbox 3289 400 3432 481">
     <span class='ocr_line' id='line_1_3' title="bbox 3289 400 3432 481; baseline 0 0"><span class='ocrx_word' id='word_1_6' title='bbox 3289 400 3432 481; x_wconf 63' lang='grc'><strong>9473</strong></span> 
     </span>
    </p>
   </div>
   <div class='ocr_carea' id='block_1_4' title="bbox 190 527 1749 608">
    <p class='ocr_par' dir='ltr' id='par_1_4' title="bbox 190 533 1738 608">
     <span class='ocr_line' id='line_1_4' title="bbox 190 533 1738 608; baseline -0.006 -15"><span class='ocrx_word' id='word_1_7' title='bbox 190 539 260 604; x_wconf 58' lang='lat' dir='ltr'><strong>Et;</strong></span> <span class='ocrx_word' id='word_1_8' title='bbox 284 537 579 608; x_wconf 72' lang='grc' dir='ltr'>ἀφικνεῖται</span> <span class='ocrx_word' id='word_1_9' title='bbox 780 535 887 589; x_wconf 79' lang='grc' dir='ltr'><strong>Καὶ</strong></span> <span class='ocrx_word' id='word_1_10' title='bbox 920 536 1044 589; x_wconf 82' lang='grc' dir='ltr'>ὅτου</span> <span class='ocrx_word' id='word_1_11' title='bbox 1080 534 1182 605; x_wconf 85' lang='grc' dir='ltr'>μὲν</span> <span class='ocrx_word' id='word_1_12' title='bbox 1218 535 1399 604; x_wconf 83' lang='grc' dir='ltr'><strong>χάριν,</strong></span> <span class='ocrx_word' id='word_1_13' title='bbox 1430 533 1463 602; x_wconf 86' lang='grc' dir='ltr'>ἢ</span> <span class='ocrx_word' id='word_1_14' title='bbox 1498 533 1551 585; x_wconf 86' lang='grc' dir='ltr'><strong>τί</strong></span> <span class='ocrx_word' id='word_1_15' title='bbox 1586 550 1738 604; x_wconf 86' lang='grc' dir='ltr'><strong>πρω-</strong></span> 
     </span>
    </p>
   </div>
   <div class='ocr_carea' id='block_1_5' title="bbox 1850 527 3433 608">
    <p class='ocr_par' dir='ltr' id='par_1_5' title="bbox 1850 527 3433 599">
     <span class='ocr_line' id='line_1_5' title="bbox 1850 527 3433 599; baseline 0.001 -14"><span class='ocrx_word' id='word_1_16' title='bbox 1850 548 1987 585; x_wconf 89' lang='lat' dir='ltr'><strong>mam</strong></span> <span class='ocrx_word' id='word_1_17' title='bbox 2021 533 2065 586; x_wconf 83' lang='grc'><strong>⁷.</strong></span> <span class='ocrx_word' id='word_1_18' title='bbox 2121 532 2189 585; x_wconf 88' lang='lat' dir='ltr'><strong>Et</strong></span> <span class='ocrx_word' id='word_1_19' title='bbox 2229 531 2390 599; x_wconf 83' lang='lat' dir='ltr'><strong>cujus</strong></span> <span class='ocrx_word' id='word_1_20' title='bbox 2437 527 2665 598; x_wconf 86' lang='lat' dir='ltr'><strong>quidem</strong></span> <span class='ocrx_word' id='word_1_21' title='bbox 2714 528 2790 583; x_wconf 94' lang='lat' dir='ltr'><strong>rei</strong></span> <span class='ocrx_word' id='word_1_22' title='bbox 2819 543 2989 583; x_wconf 85' lang='lat' dir='ltr'><strong>causa</strong></span> <span class='ocrx_word' id='word_1_23' title='bbox 3020 528 3072 583; x_wconf 89' lang='lat' dir='ltr'><strong>id</strong></span> <span class='ocrx_word' id='word_1_24' title='bbox 3130 528 3347 593; x_wconf 76' lang='lat' dir='ltr'><strong>fecerit,</strong></span> <span class='ocrx_word' id='word_1_25' title='bbox 3377 542 3433 587; x_wconf 79' lang='lat' dir='ltr'><strong>ct</strong></span> 
     </span>
    </p>
   </div>
   <div class='ocr_carea' id='block_1_6' title="bbox 190 625 1745 697">
    <p class='ocr_par' dir='ltr' id='par_1_6' title="bbox 190 625 1745 697">
     <span class='ocr_line' id='line_1_6' title="bbox 190 625 1745 697; baseline -0.006 -12"><span class='ocrx_word' id='word_1_26' title='bbox 190 631 427 692; x_wconf 80' lang='grc' dir='ltr'>τοτύπως,</span> <span class='ocrx_word' id='word_1_27' title='bbox 465 626 538 689; x_wconf 83' lang='grc' dir='ltr'>ὥς</span> <span class='ocrx_word' id='word_1_28' title='bbox 579 645 739 697; x_wconf 84' lang='grc' dir='ltr'>φασι,</span> <span class='ocrx_word' id='word_1_29' title='bbox 772 625 1093 697; x_wconf 78' lang='grc' dir='ltr'>βουλομένη,</span> <span class='ocrx_word' id='word_1_30' title='bbox 1127 628 1241 688; x_wconf 82' lang='grc' dir='ltr'>τοῖς</span> <span class='ocrx_word' id='word_1_31' title='bbox 1290 625 1613 695; x_wconf 85' lang='grc' dir='ltr'>ίστορήσασι</span> <span class='ocrx_word' id='word_1_32' title='bbox 1640 639 1745 676; x_wconf 86' lang='grc' dir='ltr'><strong>κα-</strong></span> 
     </span>
    </p>
   </div>
   <div class='ocr_carea' id='block_1_7' title="bbox 190 715 1742 793">
    <p class='ocr_par' dir='ltr' id='par_1_7' title="bbox 190 715 1742 793">
     <span class='ocr_line' id='line_1_7' title="bbox 190 715 1742 793; baseline -0.005 -17"><span class='ocrx_word' id='word_1_33' title='bbox 190 720 463 793; x_wconf 74' lang='grc' dir='ltr'>ταληπτέον</span> <span class='ocrx_word' id='word_1_34' title='bbox 488 719 556 784; x_wconf 77' lang='grc'><strong>⁸⁸,</strong></span> <span class='ocrx_word' id='word_1_35' title='bbox 602 722 653 773; x_wconf 72' lang='grc' dir='ltr'>εἰ</span> <span class='ocrx_word' id='word_1_36' title='bbox 691 720 783 773; x_wconf 78' lang='grc' dir='ltr'><strong>καὶ</strong></span> <span class='ocrx_word' id='word_1_37' title='bbox 814 720 890 790; x_wconf 83' lang='grc' dir='ltr'>μὴ</span> <span class='ocrx_word' id='word_1_38' title='bbox 940 717 1294 788; x_wconf 73' lang='grc' dir='ltr'><strong>ἀληθίζεσθαι</strong></span> <span class='ocrx_word' id='word_1_39' title='bbox 1342 734 1432 787; x_wconf 85' lang='grc' dir='ltr'><strong>μοι</strong></span> <span class='ocrx_word' id='word_1_40' title='bbox 1470 715 1742 770; x_wconf 79' lang='grc' dir='ltr'>δοκοῦσιν.</span> 
     </span>
    </p>
   </div>
   <div class='ocr_carea' id='block_1_8' title="bbox 192 807 1747 882">
    <p class='ocr_par' dir='ltr' id='par_1_8' title="bbox 192 807 1747 882">
     <span class='ocr_line' id='line_1_8' title="bbox 192 807 1747 882; baseline -0.005 -15"><span class='ocrx_word' id='word_1_41' title='bbox 192 816 356 882; x_wconf 82' lang='grc' dir='ltr'>Ὅμως</span> <span class='ocrx_word' id='word_1_42' title='bbox 385 811 428 864; x_wconf 73' lang='grc' dir='ltr'>δ’</span> <span class='ocrx_word' id='word_1_43' title='bbox 462 807 555 865; x_wconf 76' lang='grc' dir='ltr'>οὖν</span> <span class='ocrx_word' id='word_1_44' title='bbox 585 811 690 865; x_wconf 69' lang='grc' dir='ltr'>ἀνὰ</span> <span class='ocrx_word' id='word_1_45' title='bbox 719 811 820 881; x_wconf 75' lang='grc' dir='ltr'>τὴν</span> <span class='ocrx_word' id='word_1_46' title='bbox 854 810 1018 879; x_wconf 86' lang='grc' dir='ltr'>ἁγίαν</span> <span class='ocrx_word' id='word_1_47' title='bbox 1052 809 1149 863; x_wconf 81' lang='grc' dir='ltr'>τοῦ</span> <span class='ocrx_word' id='word_1_48' title='bbox 1183 810 1422 881; x_wconf 77' lang='grc' dir='ltr'>Χριστοῦ</span> <span class='ocrx_word' id='word_1_49' title='bbox 1462 809 1619 862; x_wconf 85' lang='grc' dir='ltr'>πόλιν</span> <span class='ocrx_word' id='word_1_50' title='bbox 1658 825 1747 874; x_wconf 83' lang='grc' dir='ltr'><strong>γε·</strong></span> 
     </span>
    </p>
   </div>
   <div class='ocr_carea' id='block_1_9' title="bbox 191 900 1747 974">
    <p class='ocr_par' dir='ltr' id='par_1_9' title="bbox 191 900 1747 974">
     <span class='ocr_line' id='line_1_9' title="bbox 191 900 1747 974; baseline -0.004 -16"><span class='ocrx_word' id='word_1_51' title='bbox 191 903 387 974; x_wconf 83' lang='grc' dir='ltr'>νομένη.</span> <span class='ocrx_word' id='word_1_52' title='bbox 416 900 589 955; x_wconf 76' lang='grc' dir='ltr'>πολλὰ</span> <span class='ocrx_word' id='word_1_53' title='bbox 639 903 777 971; x_wconf 84' lang='grc' dir='ltr'>πρὸς</span> <span class='ocrx_word' id='word_1_54' title='bbox 821 903 989 972; x_wconf 81' lang='grc' dir='ltr'>τιμῆς</span> <span class='ocrx_word' id='word_1_55' title='bbox 1039 902 1137 955; x_wconf 83' lang='grc' dir='ltr'>τοῦ</span> <span class='ocrx_word' id='word_1_56' title='bbox 1193 903 1447 972; x_wconf 81' lang='grc' dir='ltr'><strong>Σωτῆρος</strong></span> <span class='ocrx_word' id='word_1_57' title='bbox 1493 901 1747 971; x_wconf 76' lang='grc' dir='ltr'>πέπραχε</span> 
     </span>
    </p>
   </div>
   <div class='ocr_carea' id='block_1_10' title="bbox 189 992 1748 1064">
    <p class='ocr_par' dir='ltr' id='par_1_10' title="bbox 189 992 1748 1064">
     <span class='ocr_line' id='line_1_10' title="bbox 189 992 1748 1064; baseline -0.001 -17"><span class='ocrx_word' id='word_1_58' title='bbox 189 993 323 1047; x_wconf 76' lang='grc' dir='ltr'>Θεοῦ.</span> <span class='ocrx_word' id='word_1_59' title='bbox 352 994 513 1047; x_wconf 81' lang='grc' dir='ltr'>Ὥστε</span> <span class='ocrx_word' id='word_1_60' title='bbox 547 994 644 1047; x_wconf 79' lang='grc' dir='ltr'><strong>καὶ</strong></span> <span class='ocrx_word' id='word_1_61' title='bbox 670 995 845 1064; x_wconf 80' lang='grc' dir='ltr'>εὐαγῆ</span> <span class='ocrx_word' id='word_1_62' title='bbox 879 992 1175 1062; x_wconf 75' lang='grc' dir='ltr'><strong>δείμασθαι</strong></span> <span class='ocrx_word' id='word_1_63' title='bbox 1210 993 1627 1063; x_wconf 81' lang='grc' dir='ltr'>φροντιστήρια,</span> <span class='ocrx_word' id='word_1_64' title='bbox 1654 993 1748 1046; x_wconf 75' lang='grc' dir='ltr'><strong>καὶ</strong></span> 
     </span>
    </p>
   </div>
   <div class='ocr_carea' id='block_1_11' title="bbox 188 1078 1743 1156">
    <p class='ocr_par' dir='ltr' id='par_1_11' title="bbox 188 1078 1743 1156">
     <span class='ocr_line' id='line_1_11' title="bbox 188 1078 1743 1156; baseline -0.005 -16"><span class='ocrx_word' id='word_1_65' title='bbox 188 1087 271 1148; x_wconf 73' lang='grc' dir='ltr'>τὰς</span> <span class='ocrx_word' id='word_1_66' title='bbox 290 1084 621 1156; x_wconf 78' lang='grc' dir='ltr'><strong>καλουμένας</strong></span> <span class='ocrx_word' id='word_1_67' title='bbox 648 1083 856 1153; x_wconf 79' lang='grc' dir='ltr'>λαύρας</span> <span class='ocrx_word' id='word_1_68' title='bbox 890 1083 1028 1151; x_wconf 80' lang='grc'><strong>(95).</strong></span> <span class='ocrx_word' id='word_1_69' title='bbox 1080 1083 1171 1137; x_wconf 87' lang='grc' dir='ltr'>Ἐν</span> <span class='ocrx_word' id='word_1_70' title='bbox 1210 1078 1295 1146; x_wconf 73' lang='grc' dir='ltr'><strong>οἷς</strong></span> <span class='ocrx_word' id='word_1_71' title='bbox 1331 1084 1364 1152; x_wconf 84' lang='grc' dir='ltr'>ἡ</span> <span class='ocrx_word' id='word_1_72' title='bbox 1410 1083 1513 1151; x_wconf 80' lang='grc' dir='ltr'>μὲν</span> <span class='ocrx_word' id='word_1_73' title='bbox 1542 1082 1743 1145; x_wconf 83' lang='grc' dir='ltr'><strong>δίαιτα,</strong></span> 
     </span>
    </p>
   </div>
   <div class='ocr_carea' id='block_1_12' title="bbox 187 1172 1745 1247">
    <p class='ocr_par' dir='ltr' id='par_1_12' title="bbox 187 1172 1745 1247">
     <span class='ocr_line' id='line_1_12' title="bbox 187 1172 1745 1247; baseline -0.004 -15"><span class='ocrx_word' id='word_1_74' title='bbox 187 1177 433 1246; x_wconf 75' lang='grc' dir='ltr'>διάφορος·</span> <span class='ocrx_word' id='word_1_75' title='bbox 460 1176 494 1247; x_wconf 80' lang='grc' dir='ltr'>ἠ</span> <span class='ocrx_word' id='word_1_76' title='bbox 526 1175 583 1229; x_wconf 80' lang='grc' dir='ltr'>δέ</span> <span class='ocrx_word' id='word_1_77' title='bbox 617 1192 682 1241; x_wconf 89' lang='grc' dir='ltr'><strong>γε</strong></span> <span class='ocrx_word' id='word_1_78' title='bbox 714 1175 985 1241; x_wconf 76' lang='grc' dir='ltr'><strong>πολιτεία,</strong></span> <span class='ocrx_word' id='word_1_79' title='bbox 1020 1175 1078 1235; x_wconf 76' lang='grc' dir='ltr'>ἐς</span> <span class='ocrx_word' id='word_1_80' title='bbox 1125 1174 1223 1227; x_wconf 78' lang='grc' dir='ltr'>ἕνα</span> <span class='ocrx_word' id='word_1_81' title='bbox 1258 1172 1494 1244; x_wconf 78' lang='grc' dir='ltr'><strong>τελευτᾷ</strong></span> <span class='ocrx_word' id='word_1_82' title='bbox 1519 1172 1745 1243; x_wconf 81' lang='grc' dir='ltr'>θεοφιλῆ</span> 
     </span>
    </p>
   </div>
   <div class='ocr_carea' id='block_1_13' title="bbox 189 1264 1744 1337">
    <p class='ocr_par' dir='ltr' id='par_1_13' title="bbox 189 1264 1744 1337">
     <span class='ocr_line' id='line_1_13' title="bbox 189 1264 1744 1337; baseline -0.002 -18"><span class='ocrx_word' id='word_1_83' title='bbox 189 1267 382 1320; x_wconf 80' lang='grc' dir='ltr'>σκοπόν.</span> <span class='ocrx_word' id='word_1_84' title='bbox 420 1267 485 1319; x_wconf 76' lang='lat' dir='ltr'><strong>Oi</strong></span> <span class='ocrx_word' id='word_1_85' title='bbox 519 1267 619 1336; x_wconf 82' lang='grc' dir='ltr'>μὲν</span> <span class='ocrx_word' id='word_1_86' title='bbox 648 1266 758 1337; x_wconf 77' lang='grc' dir='ltr'><strong>γὰρ</strong></span> <span class='ocrx_word' id='word_1_87' title='bbox 784 1266 1051 1335; x_wconf 73' lang='grc' dir='ltr'>ἀγεληδὸν</span> <span class='ocrx_word' id='word_1_88' title='bbox 1090 1264 1318 1330; x_wconf 79' lang='grc' dir='ltr'>ζῶντες,</span> <span class='ocrx_word' id='word_1_89' title='bbox 1339 1264 1519 1317; x_wconf 78' lang='grc' dir='ltr'>οὐδενὶ</span> <span class='ocrx_word' id='word_1_90' title='bbox 1550 1264 1661 1317; x_wconf 84' lang='grc' dir='ltr'><strong>τῶν</strong></span> <span class='ocrx_word' id='word_1_91' title='bbox 1687 1266 1744 1327; x_wconf 87' lang='grc' dir='ltr'>ὲς</span> 
     </span>
    </p>
   </div>
   <div class='ocr_carea' id='block_1_14' title="bbox 186 1356 1748 1432">
    <p class='ocr_par' dir='ltr' id='par_1_14' title="bbox 186 1356 1748 1432">
     <span class='ocr_line' id='line_1_14' title="bbox 186 1356 1748 1432; baseline -0.004 -17"><span class='ocrx_word' id='word_1_92' title='bbox 186 1364 274 1431; x_wconf 76' lang='grc' dir='ltr'><strong>γῆν</strong></span> <span class='ocrx_word' id='word_1_93' title='bbox 301 1361 590 1432; x_wconf 81' lang='grc' dir='ltr'>βριθόντων</span> <span class='ocrx_word' id='word_1_94' title='bbox 640 1358 991 1429; x_wconf 75' lang='grc' dir='ltr'><strong>κρατοῦνται⁸</strong></span> <span class='ocrx_word' id='word_1_95' title='bbox 1044 1360 1105 1413; x_wconf 79' lang='grc' dir='ltr'>οὐ</span> <span class='ocrx_word' id='word_1_96' title='bbox 1158 1358 1357 1431; x_wconf 78' lang='grc' dir='ltr'>χρυσὸς</span> <span class='ocrx_word' id='word_1_97' title='bbox 1410 1356 1520 1427; x_wconf 85' lang='grc' dir='ltr'><strong>γὰρ</strong></span> <span class='ocrx_word' id='word_1_98' title='bbox 1564 1357 1748 1420; x_wconf 80' lang='grc' dir='ltr'>αὐτοῖς</span> 
     </span>
    </p>
   </div>
   <div class='ocr_carea' id='block_1_15' title="bbox 186 1448 1749 1523">
    <p class='ocr_par' dir='ltr' id='par_1_15' title="bbox 186 1448 1749 1523">
     <span class='ocr_line' id='line_1_15' title="bbox 186 1448 1749 1523; baseline -0.004 -16"><span class='ocrx_word' id='word_1_99' title='bbox 186 1457 330 1507; x_wconf 78' lang='grc' dir='ltr'>ἐστιν.</span> <span class='ocrx_word' id='word_1_100' title='bbox 361 1453 425 1506; x_wconf 81' lang='grc' dir='ltr'>Τί</span> <span class='ocrx_word' id='word_1_101' title='bbox 457 1452 504 1504; x_wconf 86' lang='grc' dir='ltr'>δ’</span> <span class='ocrx_word' id='word_1_102' title='bbox 533 1452 601 1506; x_wconf 77' lang='grc' dir='ltr'>ἂν</span> <span class='ocrx_word' id='word_1_103' title='bbox 646 1452 814 1523; x_wconf 73' lang='grc' dir='ltr'>φαίην</span> <span class='ocrx_word' id='word_1_104' title='bbox 863 1451 1095 1522; x_wconf 72' lang='grc' dir='ltr'>χρυσὸς,</span> <span class='ocrx_word' id='word_1_105' title='bbox 1152 1452 1242 1505; x_wconf 82' lang='grc' dir='ltr'>ὅτε</span> <span class='ocrx_word' id='word_1_106' title='bbox 1294 1448 1422 1503; x_wconf 78' lang='grc' dir='ltr'>οὔτε</span> <span class='ocrx_word' id='word_1_107' title='bbox 1477 1449 1619 1519; x_wconf 80' lang='grc' dir='ltr'>ίδική</span> <span class='ocrx_word' id='word_1_108' title='bbox 1662 1465 1749 1511; x_wconf 78' lang='grc' dir='ltr'><strong>τις</strong></span> 
     </span>
    </p>
   </div>
   <div class='ocr_carea' id='block_1_16' title="bbox 186 1541 1745 1617">
    <p class='ocr_par' dir='ltr' id='par_1_16' title="bbox 186 1541 1745 1617">
     <span class='ocr_line' id='line_1_16' title="bbox 186 1541 1745 1617; baseline -0.005 -16"><span class='ocrx_word' id='word_1_109' title='bbox 186 1546 344 1617; x_wconf 77' lang='grc' dir='ltr'>ἐσθὴς,</span> <span class='ocrx_word' id='word_1_110' title='bbox 382 1545 504 1599; x_wconf 78' lang='grc' dir='ltr'><strong>οὑδέ</strong></span> <span class='ocrx_word' id='word_1_111' title='bbox 537 1562 589 1599; x_wconf 88' lang='grc' dir='ltr'><strong>τι</strong></span> <span class='ocrx_word' id='word_1_112' title='bbox 621 1544 730 1598; x_wconf 85' lang='grc' dir='ltr'>τῶν</span> <span class='ocrx_word' id='word_1_113' title='bbox 759 1544 1070 1613; x_wconf 82' lang='grc' dir='ltr'>ὲδωδίμων;</span> <span class='ocrx_word' id='word_1_114' title='bbox 1111 1544 1178 1596; x_wconf 89' lang='grc' dir='ltr'><strong>Ὃ</strong></span> <span class='ocrx_word' id='word_1_115' title='bbox 1213 1544 1323 1614; x_wconf 77' lang='grc' dir='ltr'><strong>γὰρ</strong></span> <span class='ocrx_word' id='word_1_116' title='bbox 1349 1541 1444 1596; x_wconf 79' lang='grc' dir='ltr'><strong>νῦν</strong></span> <span class='ocrx_word' id='word_1_117' title='bbox 1476 1559 1560 1605; x_wconf 87' lang='grc' dir='ltr'><strong>τις</strong></span> <span class='ocrx_word' id='word_1_118' title='bbox 1589 1543 1745 1610; x_wconf 79' lang='grc' dir='ltr'><strong>ἀμπ-</strong></span> 
     </span>
    </p>
   </div>
   <div class='ocr_carea' id='block_1_17' title="bbox 186 1633 1745 1708">
    <p class='ocr_par' dir='ltr' id='par_1_17' title="bbox 186 1633 1745 1708">
     <span class='ocr_line' id='line_1_17' title="bbox 186 1633 1745 1708; baseline -0.003 -16"><span class='ocrx_word' id='word_1_119' title='bbox 186 1640 343 1708; x_wconf 82' lang='grc' dir='ltr'>έχεται</span> <span class='ocrx_word' id='word_1_120' title='bbox 390 1636 684 1708; x_wconf 72' lang='grc' dir='ltr'>τριϐώνιον</span> <span class='ocrx_word' id='word_1_121' title='bbox 723 1636 756 1706; x_wconf 77' lang='grc' dir='ltr'><strong>ἢ</strong></span> <span class='ocrx_word' id='word_1_122' title='bbox 801 1635 1064 1706; x_wconf 80' lang='grc' dir='ltr'>ἐξωμίδα,</span> <span class='ocrx_word' id='word_1_123' title='bbox 1094 1634 1256 1688; x_wconf 85' lang='grc' dir='ltr'>τοῦτο</span> <span class='ocrx_word' id='word_1_124' title='bbox 1314 1634 1455 1705; x_wconf 80' lang='grc' dir='ltr'>μετὰ</span> <span class='ocrx_word' id='word_1_125' title='bbox 1512 1633 1745 1704; x_wconf 81' lang='grc' dir='ltr'>σμικρὸν</span> 
     </span>
    </p>
   </div>
   <div class='ocr_carea' id='block_1_18' title="bbox 187 1724 1749 1801">
    <p class='ocr_par' dir='ltr' id='par_1_18' title="bbox 187 1724 1749 1801">
     <span class='ocr_line' id='line_1_18' title="bbox 187 1724 1749 1801; baseline -0.003 -19"><span class='ocrx_word' id='word_1_126' title='bbox 187 1730 350 1801; x_wconf 73' lang='grc' dir='ltr'>ἔτερος</span> <span class='ocrx_word' id='word_1_127' title='bbox 375 1728 766 1799; x_wconf 75' lang='grc' dir='ltr'>ἀμφιέννυταιο</span> <span class='ocrx_word' id='word_1_128' title='bbox 797 1727 872 1790; x_wconf 83' lang='grc' dir='ltr'>ὡς</span> <span class='ocrx_word' id='word_1_129' title='bbox 895 1729 991 1780; x_wconf 80' lang='grc' dir='ltr'>καὶ</span> <span class='ocrx_word' id='word_1_130' title='bbox 1013 1729 1113 1796; x_wconf 80' lang='grc' dir='ltr'>τὴν</span> <span class='ocrx_word' id='word_1_131' title='bbox 1142 1728 1361 1781; x_wconf 82' lang='grc' dir='ltr'>πάντων</span> <span class='ocrx_word' id='word_1_132' title='bbox 1398 1724 1604 1797; x_wconf 73' lang='grc' dir='ltr'>ἐσθῆτα</span> <span class='ocrx_word' id='word_1_133' title='bbox 1627 1725 1749 1790; x_wconf 81' lang='grc' dir='ltr'>ἐνὸς</span> 
     </span>
    </p>
   </div>
   <div class='ocr_carea' id='block_1_19' title="bbox 187 1818 1749 1892">
    <p class='ocr_par' dir='ltr' id='par_1_19' title="bbox 187 1818 1749 1892">
     <span class='ocr_line' id='line_1_19' title="bbox 187 1818 1749 1892; baseline -0.003 -16"><span class='ocrx_word' id='word_1_134' title='bbox 187 1820 307 1876; x_wconf 70' lang='grc' dir='ltr'>εἶναι</span> <span class='ocrx_word' id='word_1_135' title='bbox 337 1822 534 1888; x_wconf 79' lang='grc' dir='ltr'>δοκεῖν,</span> <span class='ocrx_word' id='word_1_136' title='bbox 562 1822 662 1875; x_wconf 81' lang='grc' dir='ltr'><strong>καὶ</strong></span> <span class='ocrx_word' id='word_1_137' title='bbox 705 1820 803 1892; x_wconf 81' lang='grc' dir='ltr'><strong>τὴν</strong></span> <span class='ocrx_word' id='word_1_138' title='bbox 839 1820 960 1884; x_wconf 78' lang='grc' dir='ltr'>ἐνὸς</span> <span class='ocrx_word' id='word_1_139' title='bbox 986 1820 1266 1875; x_wconf 81' lang='grc' dir='ltr'>ἁπάντων.</span> <span class='ocrx_word' id='word_1_140' title='bbox 1298 1819 1410 1874; x_wconf 76' lang='grc' dir='ltr'><strong>Καὶ</strong></span> <span class='ocrx_word' id='word_1_141' title='bbox 1441 1818 1597 1889; x_wconf 80' lang='grc' dir='ltr'>κοινὴ</span> <span class='ocrx_word' id='word_1_142' title='bbox 1622 1818 1749 1890; x_wconf 76' lang='grc' dir='ltr'>τρα-</span> 
     </span>
    </p>
   </div>
   <div class='ocr_carea' id='block_1_20' title="bbox 188 1890 1823 1984">
    <p class='ocr_par' dir='ltr' id='par_1_20' title="bbox 188 1890 1823 1984">
     <span class='ocr_line' id='line_1_20' title="bbox 188 1890 1823 1984; baseline -0.003 -17"><span class='ocrx_word' id='word_1_143' title='bbox 188 1913 310 1979; x_wconf 75' lang='grc' dir='ltr'>πεζα</span> <span class='ocrx_word' id='word_1_144' title='bbox 348 1912 735 1984; x_wconf 73' lang='grc' dir='ltr'>παρατίθεται,</span> <span class='ocrx_word' id='word_1_145' title='bbox 762 1890 871 1967; x_wconf 80' lang='grc' dir='ltr'><strong>οὐκ</strong></span> <span class='ocrx_word' id='word_1_146' title='bbox 918 1912 1073 1983; x_wconf 80' lang='grc' dir='ltr'>ὄψοις</span> <span class='ocrx_word' id='word_1_147' title='bbox 1105 1911 1592 1982; x_wconf 83' lang='grc' dir='ltr'>κεκαρυκευμένη,</span> <span class='ocrx_word' id='word_1_148' title='bbox 1626 1908 1747 1963; x_wconf 80' lang='grc' dir='ltr'>οὐδέ</span> <span class='ocrx_word' id='word_1_149' title='bbox 1777 1890 1823 1949; x_wconf 82' lang='grc' dir='ltr'>Β</span> 
     </span>
    </p>
   </div>
   <div class='ocr_carea' id='block_1_21' title="bbox 187 2002 1748 2076">
    <p class='ocr_par' dir='ltr' id='par_1_21' title="bbox 187 2002 1748 2076">
     <span class='ocr_line' id='line_1_21' title="bbox 187 2002 1748 2076; baseline -0.003 -17"><span class='ocrx_word' id='word_1_150' title='bbox 187 2024 279 2060; x_wconf 86' lang='grc' dir='ltr'>τινι</span> <span class='ocrx_word' id='word_1_151' title='bbox 308 2007 409 2061; x_wconf 85' lang='grc' dir='ltr'><strong>τῶν</strong></span> <span class='ocrx_word' id='word_1_152' title='bbox 436 2006 617 2061; x_wconf 82' lang='grc' dir='ltr'>ἄλλων</span> <span class='ocrx_word' id='word_1_153' title='bbox 644 2006 981 2076; x_wconf 78' lang='grc' dir='ltr'>ἐδεσμάτων·</span> <span class='ocrx_word' id='word_1_154' title='bbox 1018 2004 1274 2076; x_wconf 81' lang='grc' dir='ltr'>λαχάνοις</span> <span class='ocrx_word' id='word_1_155' title='bbox 1295 2003 1352 2058; x_wconf 78' lang='grc' dir='ltr'>δὲ</span> <span class='ocrx_word' id='word_1_156' title='bbox 1378 2004 1473 2058; x_wconf 69' lang='grc' dir='ltr'><strong>καὶ</strong></span> <span class='ocrx_word' id='word_1_157' title='bbox 1496 2002 1748 2073; x_wconf 81' lang='grc' dir='ltr'>ὀσπρίοις</span> 
     </span>
    </p>
   </div>
   <div class='ocr_carea' id='block_1_22' title="bbox 190 2095 1748 2169">
    <p class='ocr_par' dir='ltr' id='par_1_22' title="bbox 190 2095 1748 2169">
     <span class='ocr_line' id='line_1_22' title="bbox 190 2095 1748 2169; baseline -0.004 -17"><span class='ocrx_word' id='word_1_158' title='bbox 190 2100 349 2169; x_wconf 86' lang='grc' dir='ltr'>μόνοις</span> <span class='ocrx_word' id='word_1_159' title='bbox 374 2098 726 2169; x_wconf 81' lang='grc' dir='ltr'>δεξιουμένη,</span> <span class='ocrx_word' id='word_1_160' title='bbox 766 2099 824 2161; x_wconf 86' lang='grc' dir='ltr'>ὲς</span> <span class='ocrx_word' id='word_1_161' title='bbox 871 2095 1128 2151; x_wconf 79' lang='grc' dir='ltr'>τοσοῦτον</span> <span class='ocrx_word' id='word_1_162' title='bbox 1155 2095 1584 2167; x_wconf 81' lang='grc' dir='ltr'>χορηγουμένοις</span> <span class='ocrx_word' id='word_1_163' title='bbox 1622 2096 1748 2149; x_wconf 80' lang='grc' dir='ltr'>ὅσον</span> 
     </span>
    </p>
   </div>
   <div class='ocr_carea' id='block_1_23' title="bbox 184 2185 1749 2260">
    <p class='ocr_par' dir='ltr' id='par_1_23' title="bbox 184 2185 1749 2260">
     <span class='ocr_line' id='line_1_23' title="bbox 184 2185 1749 2260; baseline -0.005 -15"><span class='ocrx_word' id='word_1_164' title='bbox 184 2190 372 2260; x_wconf 75' lang='grc' dir='ltr'>ἁποξῇν</span> <span class='ocrx_word' id='word_1_165' title='bbox 392 2192 488 2243; x_wconf 75' lang='grc' dir='ltr'>καὶ</span> <span class='ocrx_word' id='word_1_166' title='bbox 517 2191 702 2260; x_wconf 83' lang='grc' dir='ltr'>μόνον.</span> <span class='ocrx_word' id='word_1_167' title='bbox 732 2188 931 2253; x_wconf 80' lang='grc' dir='ltr'>Κοινὰς</span> <span class='ocrx_word' id='word_1_168' title='bbox 950 2188 1007 2241; x_wconf 83' lang='grc' dir='ltr'>δὲ</span> <span class='ocrx_word' id='word_1_169' title='bbox 1029 2187 1129 2251; x_wconf 83' lang='grc' dir='ltr'>τὰς</span> <span class='ocrx_word' id='word_1_170' title='bbox 1159 2187 1297 2258; x_wconf 76' lang='grc' dir='ltr'>πρὸς</span> <span class='ocrx_word' id='word_1_171' title='bbox 1318 2187 1409 2240; x_wconf 86' lang='grc' dir='ltr'>τὸν</span> <span class='ocrx_word' id='word_1_172' title='bbox 1437 2186 1569 2239; x_wconf 71' lang='grc' dir='ltr'>θεὸν</span> <span class='ocrx_word' id='word_1_173' title='bbox 1595 2185 1749 2248; x_wconf 78' lang='grc' dir='ltr'>λιτὰς</span> 
     </span>
    </p>
   </div>
   <div class='ocr_carea' id='block_1_24' title="bbox 185 2277 1746 2353">
    <p class='ocr_par' dir='ltr' id='par_1_24' title="bbox 185 2277 1746 2353">
     <span class='ocr_line' id='line_1_24' title="bbox 185 2277 1746 2353; baseline -0.004 -18"><span class='ocrx_word' id='word_1_174' title='bbox 185 2280 550 2353; x_wconf 77' lang='grc' dir='ltr'>διημερεύουσι</span> <span class='ocrx_word' id='word_1_175' title='bbox 594 2299 655 2334; x_wconf 89' lang='grc' dir='ltr'><strong>τε</strong></span> <span class='ocrx_word' id='word_1_176' title='bbox 705 2282 799 2334; x_wconf 74' lang='grc' dir='ltr'><strong>καὶ</strong></span> <span class='ocrx_word' id='word_1_177' title='bbox 827 2278 1342 2351; x_wconf 85' lang='grc' dir='ltr'>διανυκτερεύουσιν</span> <span class='ocrx_word' id='word_1_178' title='bbox 1369 2294 1384 2309; x_wconf 77' lang='grc' dir='ltr'><strong>ο</strong></span> <span class='ocrx_word' id='word_1_179' title='bbox 1424 2277 1569 2331; x_wconf 76' lang='grc' dir='ltr'>οὕτω</span> <span class='ocrx_word' id='word_1_180' title='bbox 1604 2278 1746 2343; x_wconf 76' lang='grc' dir='ltr'>σφᾶς</span> 
     </span>
    </p>
   </div>
   <div class='ocr_carea' id='block_1_25' title="bbox 187 2369 1747 2438">
    <p class='ocr_par' dir='ltr' id='par_1_25' title="bbox 187 2369 1747 2438">
     <span class='ocr_line' id='line_1_25' title="bbox 187 2369 1747 2438; baseline -0.002 -14"><span class='ocrx_word' id='word_1_181' title='bbox 187 2372 529 2438; x_wconf 61' lang='grc' dir='ltr'>ἐπιθλίϐοντες,</span> <span class='ocrx_word' id='word_1_182' title='bbox 559 2372 706 2426; x_wconf 74' lang='grc' dir='ltr'>οὕτω</span> <span class='ocrx_word' id='word_1_183' title='bbox 731 2376 844 2437; x_wconf 87' lang='grc' dir='ltr'>τοῖς</span> <span class='ocrx_word' id='word_1_184' title='bbox 892 2370 1077 2435; x_wconf 83' lang='grc' dir='ltr'>πόνοις</span> <span class='ocrx_word' id='word_1_185' title='bbox 1114 2370 1416 2436; x_wconf 78' lang='grc' dir='ltr'>πιέζοντες,</span> <span class='ocrx_word' id='word_1_186' title='bbox 1449 2369 1525 2433; x_wconf 84' lang='grc' dir='ltr'><strong>ὡς</strong></span> <span class='ocrx_word' id='word_1_187' title='bbox 1561 2370 1747 2437; x_wconf 66' lang='grc' dir='ltr'>τάφων</span> 
     </span>
    </p>
   </div>
   <div class='ocr_carea' id='block_1_26' title="bbox 186 2461 1746 2539">
    <p class='ocr_par' dir='ltr' id='par_1_26' title="bbox 186 2461 1746 2539">
     <span class='ocr_line' id='line_1_26' title="bbox 186 2461 1746 2539; baseline -0.003 -19"><span class='ocrx_word' id='word_1_188' title='bbox 186 2464 297 2521; x_wconf 69' lang='grc' dir='ltr'>ἄιεν</span> <span class='ocrx_word' id='word_1_189' title='bbox 324 2468 551 2539; x_wconf 79' lang='grc' dir='ltr'>νεκροὺς</span> <span class='ocrx_word' id='word_1_190' title='bbox 594 2466 792 2526; x_wconf 81' lang='grc' dir='ltr'>αὐτοὺς</span> <span class='ocrx_word' id='word_1_191' title='bbox 831 2465 1011 2519; x_wconf 79' lang='grc' dir='ltr'>δοκεῖν</span> <span class='ocrx_word' id='word_1_192' title='bbox 1055 2464 1163 2518; x_wconf 81' lang='grc' dir='ltr'><strong>ὑπὸ</strong></span> <span class='ocrx_word' id='word_1_193' title='bbox 1185 2465 1289 2535; x_wconf 82' lang='grc' dir='ltr'><strong>γῆν</strong></span> <span class='ocrx_word' id='word_1_194' title='bbox 1330 2466 1463 2535; x_wconf 80' lang='grc' dir='ltr'>ὁρᾷν</span> <span class='ocrx_word' id='word_1_195' title='bbox 1512 2462 1647 2534; x_wconf 74' lang='grc' dir='ltr'><strong>(9ι).</strong></span> <span class='ocrx_word' id='word_1_196' title='bbox 1683 2461 1746 2516; x_wconf 82' lang='grc' dir='ltr'><strong>Οἳ</strong></span> 
     </span>
    </p>
   </div>
   <div class='ocr_carea' id='block_1_27' title="bbox 187 2556 1746 2633">
    <p class='ocr_par' dir='ltr' id='par_1_27' title="bbox 187 2556 1746 2633">
     <span class='ocr_line' id='line_1_27' title="bbox 187 2556 1746 2633; baseline 0.007 -21"><span class='ocrx_word' id='word_1_197' title='bbox 187 2560 423 2626; x_wconf 64' lang='grc' dir='ltr'>πολλάκις</span> <span class='ocrx_word' id='word_1_198' title='bbox 459 2561 565 2633; x_wconf 83' lang='grc' dir='ltr'>μὲν</span> <span class='ocrx_word' id='word_1_199' title='bbox 594 2559 804 2624; x_wconf 75' lang='grc' dir='ltr'>καὶτὰς</span> <span class='ocrx_word' id='word_1_200' title='bbox 824 2558 1169 2631; x_wconf 79' lang='grc' dir='ltr'>καλουμένας</span> <span class='ocrx_word' id='word_1_201' title='bbox 1199 2556 1601 2631; x_wconf 75' lang='grc' dir='ltr'>ὑπερθεσίμους</span> <span class='ocrx_word' id='word_1_202' title='bbox 1633 2556 1746 2629; x_wconf 72' lang='grc'><strong>(93)</strong></span> 
     </span>
    </p>
   </div>
   <div class='ocr_carea' id='block_1_28' title="bbox 250 2697 969 2769">
    <p class='ocr_par' dir='ltr' id='par_1_28' title="bbox 250 2697 969 2769">
     <span class='ocr_line' id='line_1_28' title="bbox 250 2697 969 2769; baseline -0.006 -14"><span class='ocrx_word' id='word_1_203' title='bbox 250 2699 271 2731; x_wconf 82' lang='grc'><strong>⁷</strong></span> <span class='ocrx_word' id='word_1_204' title='bbox 301 2697 450 2755; x_wconf 88' lang='lat' dir='ltr'><strong>Socr.</strong></span> <span class='ocrx_word' id='word_1_205' title='bbox 503 2698 545 2754; x_wconf 92' lang='lat' dir='ltr'><strong>l.</strong></span> <span class='ocrx_word' id='word_1_206' title='bbox 577 2713 674 2761; x_wconf 89' lang='lat' dir='ltr'><strong>vn,</strong></span> <span class='ocrx_word' id='word_1_207' title='bbox 714 2712 835 2769; x_wconf 88' lang='lat' dir='ltr'><strong>cap.</strong></span> <span class='ocrx_word' id='word_1_208' title='bbox 879 2697 969 2752; x_wconf 67' lang='lat'><strong>47.</strong></span> 
     </span>
    </p>
   </div>
   <div class='ocr_carea' id='block_1_29' title="bbox 1849 620 3434 694">
    <p class='ocr_par' dir='ltr' id='par_1_29' title="bbox 1849 620 3434 694">
     <span class='ocr_line' id='line_1_29' title="bbox 1849 620 3434 694; baseline 0.001 -19"><span class='ocrx_word' id='word_1_209' title='bbox 1849 625 2113 694; x_wconf 85' lang='lat' dir='ltr'><strong>quidnam</strong></span> <span class='ocrx_word' id='word_1_210' title='bbox 2140 624 2419 692; x_wconf 70' lang='lat' dir='ltr'><strong>praecipue</strong></span> <span class='ocrx_word' id='word_1_211' title='bbox 2442 622 2533 676; x_wconf 90' lang='lat' dir='ltr'><strong>illa</strong></span> <span class='ocrx_word' id='word_1_212' title='bbox 2550 621 2905 691; x_wconf 91' lang='lat' dir='ltr'><strong>spectaverit,</strong></span> <span class='ocrx_word' id='word_1_213' title='bbox 2923 620 3177 677; x_wconf 71' lang='lat' dir='ltr'><strong>Historia:</strong></span> <span class='ocrx_word' id='word_1_214' title='bbox 3195 623 3434 693; x_wconf 80' lang='lat' dir='ltr'><strong>scripto-</strong></span> 
     </span>
    </p>
   </div>
   <div class='ocr_carea' id='block_1_30' title="bbox 1848 714 3429 785">
    <p class='ocr_par' dir='ltr' id='par_1_30' title="bbox 1848 714 3429 785">
     <span class='ocr_line' id='line_1_30' title="bbox 1848 714 3429 785; baseline 0 -15"><span class='ocrx_word' id='word_1_215' title='bbox 1848 718 2005 770; x_wconf 85' lang='lat' dir='ltr'><strong>ribus</strong></span> <span class='ocrx_word' id='word_1_216' title='bbox 2072 715 2500 785; x_wconf 88' lang='lat' dir='ltr'><strong>relinquendum</strong></span> <span class='ocrx_word' id='word_1_217' title='bbox 2541 724 2678 784; x_wconf 88' lang='lat' dir='ltr'><strong>puto</strong></span> <span class='ocrx_word' id='word_1_218' title='bbox 2709 730 2724 773; x_wconf 84' lang='lat'><strong>;</strong></span> <span class='ocrx_word' id='word_1_219' title='bbox 2759 714 2855 783; x_wconf 88' lang='lat' dir='ltr'><strong>qui</strong></span> <span class='ocrx_word' id='word_1_220' title='bbox 2909 722 3092 768; x_wconf 92' lang='lat' dir='ltr'><strong>tamen</strong></span> <span class='ocrx_word' id='word_1_221' title='bbox 3144 715 3429 785; x_wconf 88' lang='lat' dir='ltr'><strong>haudqua-</strong></span> 
     </span>
    </p>
   </div>
   <div class='ocr_carea' id='block_1_31' title="bbox 1849 806 3433 874">
    <p class='ocr_par' dir='ltr' id='par_1_31' title="bbox 1849 806 3433 874">
     <span class='ocr_line' id='line_1_31' title="bbox 1849 806 3433 874; baseline -0.002 -11"><span class='ocrx_word' id='word_1_222' title='bbox 1849 824 2013 874; x_wconf 89' lang='lat' dir='ltr'><strong>quam</strong></span> <span class='ocrx_word' id='word_1_223' title='bbox 2050 808 2185 861; x_wconf 88' lang='lat' dir='ltr'><strong>mihi</strong></span> <span class='ocrx_word' id='word_1_224' title='bbox 2231 808 2491 861; x_wconf 88' lang='lat' dir='ltr'><strong>videntur</strong></span> <span class='ocrx_word' id='word_1_225' title='bbox 2520 822 2714 860; x_wconf 88' lang='lat' dir='ltr'><strong>verum</strong></span> <span class='ocrx_word' id='word_1_226' title='bbox 2744 806 2951 862; x_wconf 84' lang='lat' dir='ltr'><strong>dicere.</strong></span> <span class='ocrx_word' id='word_1_227' title='bbox 2999 806 3274 861; x_wconf 74' lang='lat' dir='ltr'><strong>Caeterum</strong></span> <span class='ocrx_word' id='word_1_228' title='bbox 3306 824 3433 863; x_wconf 88' lang='lat' dir='ltr'><strong>cum</strong></span> 
     </span>
    </p>
   </div>
   <div class='ocr_carea' id='block_1_32' title="bbox 1848 899 3435 961">
    <p class='ocr_par' dir='ltr' id='par_1_32' title="bbox 1848 899 3435 961">
     <span class='ocr_line' id='line_1_32' title="bbox 1848 899 3435 961; baseline -0.001 -6"><span class='ocrx_word' id='word_1_229' title='bbox 1848 900 1916 955; x_wconf 84' lang='lat' dir='ltr'><strong>ad</strong></span> <span class='ocrx_word' id='word_1_230' title='bbox 1966 915 2179 956; x_wconf 82' lang='lat' dir='ltr'><strong>sacram</strong></span> <span class='ocrx_word' id='word_1_231' title='bbox 2225 899 2432 954; x_wconf 82' lang='lat' dir='ltr'><strong>Christi</strong></span> <span class='ocrx_word' id='word_1_232' title='bbox 2466 900 2659 953; x_wconf 87' lang='lat' dir='ltr'><strong>urbem</strong></span> <span class='ocrx_word' id='word_1_233' title='bbox 2705 900 2967 961; x_wconf 90' lang='lat' dir='ltr'><strong>venisset,</strong></span> <span class='ocrx_word' id='word_1_234' title='bbox 3019 900 3191 953; x_wconf 88' lang='lat' dir='ltr'><strong>multa</strong></span> <span class='ocrx_word' id='word_1_235' title='bbox 3246 899 3303 955; x_wconf 89' lang='lat' dir='ltr'><strong>in</strong></span> <span class='ocrx_word' id='word_1_236' title='bbox 3335 900 3435 954; x_wconf 81' lang='lat' dir='ltr'><strong>ho-</strong></span> 
     </span>
    </p>
   </div>
   <div class='ocr_carea' id='block_1_33' title="bbox 1848 991 3434 1061">
    <p class='ocr_par' dir='ltr' id='par_1_33' title="bbox 1848 991 3434 1061">
     <span class='ocr_line' id='line_1_33' title="bbox 1848 991 3434 1061; baseline -0.001 -14"><span class='ocrx_word' id='word_1_237' title='bbox 1848 1008 2042 1047; x_wconf 87' lang='lat' dir='ltr'><strong>norem</strong></span> <span class='ocrx_word' id='word_1_238' title='bbox 2074 992 2168 1047; x_wconf 86' lang='lat' dir='ltr'><strong>Dei</strong></span> <span class='ocrx_word' id='word_1_239' title='bbox 2214 992 2528 1048; x_wconf 89' lang='lat' dir='ltr'><strong>Servatoris</strong></span> <span class='ocrx_word' id='word_1_240' title='bbox 2570 992 2745 1047; x_wconf 89' lang='lat' dir='ltr'><strong>nostri</strong></span> <span class='ocrx_word' id='word_1_241' title='bbox 2794 992 2988 1061; x_wconf 78' lang='lat' dir='ltr'><strong>gessit.</strong></span> <span class='ocrx_word' id='word_1_242' title='bbox 3031 991 3166 1046; x_wconf 89' lang='lat' dir='ltr'><strong>Nam</strong></span> <span class='ocrx_word' id='word_1_243' title='bbox 3205 1002 3266 1048; x_wconf 89' lang='lat' dir='ltr'><strong>et</strong></span> <span class='ocrx_word' id='word_1_244' title='bbox 3301 992 3434 1048; x_wconf 87' lang='lat' dir='ltr'><strong>reli-</strong></span> 
     </span>
    </p>
   </div>
   <div class='ocr_carea' id='block_1_34' title="bbox 1848 1081 3436 1155">
    <p class='ocr_par' dir='ltr' id='par_1_34' title="bbox 1848 1081 3436 1155">
     <span class='ocr_line' id='line_1_34' title="bbox 1848 1081 3436 1155; baseline 0.001 -19"><span class='ocrx_word' id='word_1_245' title='bbox 1848 1082 2002 1155; x_wconf 88' lang='lat' dir='ltr'><strong>giosa</strong></span> <span class='ocrx_word' id='word_1_246' title='bbox 2033 1081 2325 1137; x_wconf 69' lang='lat' dir='ltr'><strong>aedificavit</strong></span> <span class='ocrx_word' id='word_1_247' title='bbox 2361 1082 2718 1145; x_wconf 89' lang='lat' dir='ltr'><strong>monasteria,</strong></span> <span class='ocrx_word' id='word_1_248' title='bbox 2746 1092 2802 1137; x_wconf 91' lang='lat' dir='ltr'><strong>et</strong></span> <span class='ocrx_word' id='word_1_249' title='bbox 2846 1082 3030 1137; x_wconf 79' lang='lat' dir='ltr'><strong>lautas</strong></span> <span class='ocrx_word' id='word_1_250' title='bbox 3070 1098 3207 1152; x_wconf 89' lang='lat' dir='ltr'><strong>quas</strong></span> <span class='ocrx_word' id='word_1_251' title='bbox 3236 1092 3436 1139; x_wconf 86' lang='lat' dir='ltr'><strong>vocant</strong></span> 
     </span>
    </p>
   </div>
   <div class='ocr_carea' id='block_1_35' title="bbox 1847 1174 3433 1245">
    <p class='ocr_par' dir='ltr' id='par_1_35' title="bbox 1847 1174 3433 1245">
     <span class='ocr_line' id='line_1_35' title="bbox 1847 1174 3433 1245; baseline 0.001 -15"><span class='ocrx_word' id='word_1_252' title='bbox 1847 1176 2184 1231; x_wconf 78' lang='lat' dir='ltr'><strong>construxit.</strong></span> <span class='ocrx_word' id='word_1_253' title='bbox 2204 1175 2261 1228; x_wconf 89' lang='lat' dir='ltr'><strong>In</strong></span> <span class='ocrx_word' id='word_1_254' title='bbox 2283 1174 2487 1244; x_wconf 84' lang='lat' dir='ltr'><strong>quibus</strong></span> <span class='ocrx_word' id='word_1_255' title='bbox 2506 1175 2826 1244; x_wconf 83' lang='lat' dir='ltr'><strong>discrepans</strong></span> <span class='ocrx_word' id='word_1_256' title='bbox 2855 1176 3079 1245; x_wconf 89' lang='lat' dir='ltr'><strong>quidem</strong></span> <span class='ocrx_word' id='word_1_257' title='bbox 3108 1184 3193 1231; x_wconf 92' lang='lat' dir='ltr'><strong>est</strong></span> <span class='ocrx_word' id='word_1_258' title='bbox 3212 1177 3433 1233; x_wconf 84' lang='lat' dir='ltr'><strong>vivendi</strong></span> 
     </span>
    </p>
   </div>
   <div class='ocr_carea' id='block_1_36' title="bbox 1851 1267 3431 1341">
    <p class='ocr_par' dir='ltr' id='par_1_36' title="bbox 1851 1267 3431 1341">
     <span class='ocr_line' id='line_1_36' title="bbox 1851 1267 3431 1341; baseline 0.001 -17"><span class='ocrx_word' id='word_1_259' title='bbox 1851 1269 1993 1324; x_wconf 85' lang='lat' dir='ltr'><strong>ratio</strong></span> <span class='ocrx_word' id='word_1_260' title='bbox 2018 1285 2033 1321; x_wconf 87' lang='lat'><strong>:</strong></span> <span class='ocrx_word' id='word_1_261' title='bbox 2068 1267 2135 1322; x_wconf 90' lang='lat' dir='ltr'><strong>ad</strong></span> <span class='ocrx_word' id='word_1_262' title='bbox 2170 1284 2339 1321; x_wconf 88' lang='lat' dir='ltr'><strong>unum</strong></span> <span class='ocrx_word' id='word_1_263' title='bbox 2368 1278 2549 1322; x_wconf 85' lang='lat' dir='ltr'><strong>tamen</strong></span> <span class='ocrx_word' id='word_1_264' title='bbox 2572 1268 2939 1338; x_wconf 85' lang='lat' dir='ltr'><strong>cutndemque</strong></span> <span class='ocrx_word' id='word_1_265' title='bbox 2966 1270 3187 1338; x_wconf 87' lang='lat' dir='ltr'><strong>pietatis</strong></span> <span class='ocrx_word' id='word_1_266' title='bbox 3204 1285 3431 1341; x_wconf 87' lang='lat' dir='ltr'><strong>scopum</strong></span> 
     </span>
    </p>
   </div>
   <div class='ocr_carea' id='block_1_37' title="bbox 1848 1360 3430 1433">
    <p class='ocr_par' dir='ltr' id='par_1_37' title="bbox 1848 1360 3430 1433">
     <span class='ocr_line' id='line_1_37' title="bbox 1848 1360 3430 1433; baseline 0.001 -15"><span class='ocrx_word' id='word_1_267' title='bbox 1848 1362 2194 1418; x_wconf 84' lang='lat' dir='ltr'><strong>conversatio</strong></span> <span class='ocrx_word' id='word_1_268' title='bbox 2222 1360 2500 1430; x_wconf 78' lang='lat' dir='ltr'><strong>dirigitur.</strong></span> <span class='ocrx_word' id='word_1_269' title='bbox 2538 1360 2645 1415; x_wconf 82' lang='lat' dir='ltr'><strong>Alii</strong></span> <span class='ocrx_word' id='word_1_270' title='bbox 2680 1361 2827 1415; x_wconf 90' lang='lat' dir='ltr'><strong>enim</strong></span> <span class='ocrx_word' id='word_1_271' title='bbox 2858 1362 3119 1432; x_wconf 87' lang='lat' dir='ltr'><strong>gregatim</strong></span> <span class='ocrx_word' id='word_1_272' title='bbox 3148 1362 3430 1433; x_wconf 84' lang='lat' dir='ltr'><strong>degentes.</strong></span> 
     </span>
    </p>
   </div>
   <div class='ocr_carea' id='block_1_38' title="bbox 1850 1453 3433 1524">
    <p class='ocr_par' dir='ltr' id='par_1_38' title="bbox 1850 1453 3433 1524">
     <span class='ocr_line' id='line_1_38' title="bbox 1850 1453 3433 1524; baseline 0.001 -15"><span class='ocrx_word' id='word_1_273' title='bbox 1850 1454 2059 1510; x_wconf 90' lang='lat' dir='ltr'><strong>nullius</strong></span> <span class='ocrx_word' id='word_1_274' title='bbox 2088 1454 2168 1510; x_wconf 92' lang='lat' dir='ltr'><strong>rei</strong></span> <span class='ocrx_word' id='word_1_275' title='bbox 2220 1469 2343 1524; x_wconf 71' lang='lat' dir='ltr'><strong>qua:</strong></span> <span class='ocrx_word' id='word_1_276' title='bbox 2386 1454 2454 1509; x_wconf 89' lang='lat' dir='ltr'><strong>ad</strong></span> <span class='ocrx_word' id='word_1_277' title='bbox 2514 1461 2719 1509; x_wconf 89' lang='lat' dir='ltr'><strong>terram</strong></span> <span class='ocrx_word' id='word_1_278' title='bbox 2763 1453 2963 1524; x_wconf 86' lang='lat' dir='ltr'><strong>vergit,</strong></span> <span class='ocrx_word' id='word_1_279' title='bbox 3026 1453 3305 1511; x_wconf 87' lang='lat' dir='ltr'><strong>desiderio</strong></span> <span class='ocrx_word' id='word_1_280' title='bbox 3339 1472 3433 1511; x_wconf 83' lang='lat' dir='ltr'><strong>ca-</strong></span> 
     </span>
    </p>
   </div>
   <div class='ocr_carea' id='block_1_39' title="bbox 1848 1546 3433 1618">
    <p class='ocr_par' dir='ltr' id='par_1_39' title="bbox 1848 1546 3433 1618">
     <span class='ocr_line' id='line_1_39' title="bbox 1848 1546 3433 1618; baseline 0.001 -17"><span class='ocrx_word' id='word_1_281' title='bbox 1848 1548 2083 1618; x_wconf 90' lang='lat' dir='ltr'><strong>piuntur</strong></span> <span class='ocrx_word' id='word_1_282' title='bbox 2112 1564 2124 1601; x_wconf 95' lang='lat'>:</span> <span class='ocrx_word' id='word_1_283' title='bbox 2165 1547 2370 1617; x_wconf 86' lang='lat' dir='ltr'><strong>quippe</strong></span> <span class='ocrx_word' id='word_1_284' title='bbox 2409 1561 2513 1602; x_wconf 91' lang='lat' dir='ltr'><strong>nec</strong></span> <span class='ocrx_word' id='word_1_285' title='bbox 2540 1561 2739 1601; x_wconf 90' lang='lat' dir='ltr'><strong>aurum</strong></span> <span class='ocrx_word' id='word_1_286' title='bbox 2779 1546 3004 1601; x_wconf 88' lang='lat' dir='ltr'><strong>habent.</strong></span> <span class='ocrx_word' id='word_1_287' title='bbox 3036 1547 3107 1602; x_wconf 85' lang='lat' dir='ltr'><strong>Et</strong></span> <span class='ocrx_word' id='word_1_288' title='bbox 3137 1548 3273 1617; x_wconf 91' lang='lat' dir='ltr'><strong>quid</strong></span> <span class='ocrx_word' id='word_1_289' title='bbox 3309 1548 3433 1603; x_wconf 84' lang='lat' dir='ltr'><strong>dico</strong></span> 
     </span>
    </p>
   </div>
   <div class='ocr_carea' id='block_1_40' title="bbox 1848 1638 3433 1710">
    <p class='ocr_par' dir='ltr' id='par_1_40' title="bbox 1848 1638 3433 1710">
     <span class='ocr_line' id='line_1_40' title="bbox 1848 1638 3433 1710; baseline 0 -17"><span class='ocrx_word' id='word_1_290' title='bbox 1848 1654 2066 1703; x_wconf 88' lang='lat' dir='ltr'><strong>aurum,</strong></span> <span class='ocrx_word' id='word_1_291' title='bbox 2115 1638 2337 1709; x_wconf 89' lang='lat' dir='ltr'><strong>quando</strong></span> <span class='ocrx_word' id='word_1_292' title='bbox 2380 1653 2483 1695; x_wconf 91' lang='lat' dir='ltr'><strong>nec</strong></span> <span class='ocrx_word' id='word_1_293' title='bbox 2516 1638 2792 1710; x_wconf 86' lang='lat' dir='ltr'><strong>propriam</strong></span> <span class='ocrx_word' id='word_1_294' title='bbox 2841 1648 3073 1705; x_wconf 86' lang='lat' dir='ltr'><strong>vestem,</strong></span> <span class='ocrx_word' id='word_1_295' title='bbox 3125 1654 3228 1695; x_wconf 90' lang='lat' dir='ltr'><strong>nec</strong></span> <span class='ocrx_word' id='word_1_296' title='bbox 3262 1640 3433 1695; x_wconf 87' lang='lat' dir='ltr'><strong>ullum</strong></span> 
     </span>
    </p>
   </div>
   <div class='ocr_carea' id='block_1_41' title="bbox 1849 1730 3433 1801">
    <p class='ocr_par' dir='ltr' id='par_1_41' title="bbox 1849 1730 3433 1801">
     <span class='ocr_line' id='line_1_41' title="bbox 1849 1730 3433 1801; baseline -0.001 -15"><span class='ocrx_word' id='word_1_297' title='bbox 1849 1731 2198 1786; x_wconf 89' lang='lat' dir='ltr'><strong>esculentum</strong></span> <span class='ocrx_word' id='word_1_298' title='bbox 2254 1730 2548 1801; x_wconf 87' lang='lat' dir='ltr'><strong>quisquam</strong></span> <span class='ocrx_word' id='word_1_299' title='bbox 2622 1732 2911 1801; x_wconf 89' lang='lat' dir='ltr'><strong>proprium</strong></span> <span class='ocrx_word' id='word_1_300' title='bbox 2975 1730 3162 1786; x_wconf 89' lang='lat' dir='ltr'><strong>habet.</strong></span> <span class='ocrx_word' id='word_1_301' title='bbox 3214 1731 3433 1787; x_wconf 83' lang='lat' dir='ltr'><strong>Etenim</strong></span> 
     </span>
    </p>
   </div>
   <div class='ocr_carea' id='block_1_42' title="bbox 1852 1824 3432 1895">
    <p class='ocr_par' dir='ltr' id='par_1_42' title="bbox 1852 1824 3432 1895">
     <span class='ocr_line' id='line_1_42' title="bbox 1852 1824 3432 1895; baseline 0 -16"><span class='ocrx_word' id='word_1_302' title='bbox 1852 1825 2019 1895; x_wconf 91' lang='lat' dir='ltr'><strong>pallio</strong></span> <span class='ocrx_word' id='word_1_303' title='bbox 2076 1825 2160 1880; x_wconf 85' lang='lat' dir='ltr'><strong>vel</strong></span> <span class='ocrx_word' id='word_1_304' title='bbox 2197 1824 2384 1880; x_wconf 88' lang='lat' dir='ltr'><strong>tunica</strong></span> <span class='ocrx_word' id='word_1_305' title='bbox 2435 1824 2643 1894; x_wconf 88' lang='lat' dir='ltr'><strong>quibus</strong></span> <span class='ocrx_word' id='word_1_306' title='bbox 2688 1825 2814 1895; x_wconf 89' lang='lat' dir='ltr'><strong>quis</strong></span> <span class='ocrx_word' id='word_1_307' title='bbox 2844 1824 3013 1879; x_wconf 88' lang='lat' dir='ltr'><strong>hodie</strong></span> <span class='ocrx_word' id='word_1_308' title='bbox 3068 1824 3297 1879; x_wconf 89' lang='lat' dir='ltr'><strong>indutus</strong></span> <span class='ocrx_word' id='word_1_309' title='bbox 3325 1835 3432 1886; x_wconf 82' lang='lat' dir='ltr'><strong>est,</strong></span> 
     </span>
    </p>
   </div>
   <div class='ocr_carea' id='block_1_43' title="bbox 1851 1912 3435 1983">
    <p class='ocr_par' dir='ltr' id='par_1_43' title="bbox 1851 1912 3435 1983">
     <span class='ocr_line' id='line_1_43' title="bbox 1851 1912 3435 1983; baseline 0.002 -16"><span class='ocrx_word' id='word_1_310' title='bbox 1851 1913 2017 1983; x_wconf 89' lang='lat' dir='ltr'><strong>paulo</strong></span> <span class='ocrx_word' id='word_1_311' title='bbox 2064 1922 2188 1983; x_wconf 89' lang='lat' dir='ltr'><strong>post</strong></span> <span class='ocrx_word' id='word_1_312' title='bbox 2224 1914 2367 1969; x_wconf 79' lang='lat' dir='ltr'><strong>alius</strong></span> <span class='ocrx_word' id='word_1_313' title='bbox 2400 1912 2651 1967; x_wconf 91' lang='lat' dir='ltr'><strong>induitur</strong></span> <span class='ocrx_word' id='word_1_314' title='bbox 2689 1931 2704 1967; x_wconf 90' lang='lat'><strong>:</strong></span> <span class='ocrx_word' id='word_1_315' title='bbox 2735 1913 2899 1983; x_wconf 74' lang='grc'><strong>277</strong></span> <span class='ocrx_word' id='word_1_316' title='bbox 2928 1913 3066 1968; x_wconf 88' lang='lat' dir='ltr'><strong>adeo</strong></span> <span class='ocrx_word' id='word_1_317' title='bbox 3110 1922 3170 1968; x_wconf 88' lang='lat' dir='ltr'><strong>ut</strong></span> <span class='ocrx_word' id='word_1_318' title='bbox 3198 1928 3321 1983; x_wconf 71' lang='lat' dir='ltr'><strong>qua:</strong></span> <span class='ocrx_word' id='word_1_319' title='bbox 3350 1925 3435 1970; x_wconf 83' lang='lat' dir='ltr'><strong>est</strong></span> 
     </span>
    </p>
   </div>
   <div class='ocr_carea' id='block_1_44' title="bbox 1850 2004 3435 2075">
    <p class='ocr_par' dir='ltr' id='par_1_44' title="bbox 1850 2004 3435 2075">
     <span class='ocr_line' id='line_1_44' title="bbox 1850 2004 3435 2075; baseline 0.002 -17"><span class='ocrx_word' id='word_1_320' title='bbox 1850 2004 2098 2060; x_wconf 92' lang='lat' dir='ltr'><strong>omnium</strong></span> <span class='ocrx_word' id='word_1_321' title='bbox 2132 2006 2322 2069; x_wconf 85' lang='lat' dir='ltr'><strong>vestis,</strong></span> <span class='ocrx_word' id='word_1_322' title='bbox 2356 2020 2421 2061; x_wconf 87' lang='lat' dir='ltr'><strong>ea</strong></span> <span class='ocrx_word' id='word_1_323' title='bbox 2453 2005 2619 2060; x_wconf 88' lang='lat' dir='ltr'><strong>unius</strong></span> <span class='ocrx_word' id='word_1_324' title='bbox 2656 2020 2777 2061; x_wconf 88' lang='lat' dir='ltr'><strong>esse</strong></span> <span class='ocrx_word' id='word_1_325' title='bbox 2801 2004 3078 2069; x_wconf 84' lang='lat' dir='ltr'><strong>videatur,</strong></span> <span class='ocrx_word' id='word_1_326' title='bbox 3124 2014 3182 2060; x_wconf 90' lang='lat' dir='ltr'><strong>et</strong></span> <span class='ocrx_word' id='word_1_327' title='bbox 3206 2021 3329 2075; x_wconf 71' lang='lat' dir='ltr'><strong>qua:</strong></span> <span class='ocrx_word' id='word_1_328' title='bbox 3348 2016 3435 2061; x_wconf 84' lang='lat' dir='ltr'><strong>est</strong></span> 
     </span>
    </p>
   </div>
   <div class='ocr_carea' id='block_1_45' title="bbox 1851 2088 3431 2168">
    <p class='ocr_par' dir='ltr' id='par_1_45' title="bbox 1851 2088 3431 2168">
     <span class='ocr_line' id='line_1_45' title="bbox 1851 2088 3431 2168; baseline 0 -17"><span class='ocrx_word' id='word_1_329' title='bbox 1851 2098 2039 2162; x_wconf 92' lang='lat' dir='ltr'><strong>unius,</strong></span> <span class='ocrx_word' id='word_1_330' title='bbox 2067 2097 2342 2153; x_wconf 90' lang='lat' dir='ltr'><strong>omnium.</strong></span> <span class='ocrx_word' id='word_1_331' title='bbox 2390 2088 2576 2152; x_wconf 82' lang='lat' dir='ltr'><strong>Mensa</strong></span> <span class='ocrx_word' id='word_1_332' title='bbox 2605 2096 2735 2152; x_wconf 82' lang='lat' dir='ltr'><strong>item</strong></span> <span class='ocrx_word' id='word_1_333' title='bbox 2777 2098 3088 2153; x_wconf 88' lang='lat' dir='ltr'><strong>communis</strong></span> <span class='ocrx_word' id='word_1_334' title='bbox 3116 2097 3431 2168; x_wconf 86' lang='lat' dir='ltr'><strong>apponitur,</strong></span> 
     </span>
    </p>
   </div>
   <div class='ocr_carea' id='block_1_46' title="bbox 1852 2185 3441 2243">
    <p class='ocr_par' dir='ltr' id='par_1_46' title="bbox 1852 2185 3441 2243">
     <span class='ocr_line' id='line_1_46' title="bbox 1852 2185 3441 2243; baseline 0 -1"><span class='ocrx_word' id='word_1_335' title='bbox 1852 2203 1965 2242; x_wconf 91' lang='lat' dir='ltr'><strong>non</strong></span> <span class='ocrx_word' id='word_1_336' title='bbox 2010 2187 2264 2243; x_wconf 86' lang='lat' dir='ltr'><strong>delicatis</strong></span> <span class='ocrx_word' id='word_1_337' title='bbox 2292 2186 2541 2242; x_wconf 86' lang='lat' dir='ltr'><strong>obsoniis</strong></span> <span class='ocrx_word' id='word_1_338' title='bbox 2574 2194 2670 2241; x_wconf 90' lang='lat' dir='ltr'><strong>aut</strong></span> <span class='ocrx_word' id='word_1_339' title='bbox 2693 2185 2819 2241; x_wconf 90' lang='lat' dir='ltr'><strong>aliis</strong></span> <span class='ocrx_word' id='word_1_340' title='bbox 2848 2187 2976 2242; x_wconf 91' lang='lat' dir='ltr'><strong>ullis</strong></span> <span class='ocrx_word' id='word_1_341' title='bbox 3010 2187 3154 2243; x_wconf 91' lang='lat' dir='ltr'><strong>cibis</strong></span> <span class='ocrx_word' id='word_1_342' title='bbox 3181 2189 3387 2243; x_wconf 82' lang='lat' dir='ltr'><strong>referta</strong></span> <span class='ocrx_word' id='word_1_343' title='bbox 3412 2188 3441 2242; x_wconf 66' lang='grc' dir='ltr'><strong>τ</strong></span> 
     </span>
    </p>
   </div>
   <div class='ocr_carea' id='block_1_47' title="bbox 1850 2277 3437 2350">
    <p class='ocr_par' dir='ltr' id='par_1_47' title="bbox 1850 2277 3437 2350">
     <span class='ocr_line' id='line_1_47' title="bbox 1850 2277 3437 2350; baseline 0.001 -15"><span class='ocrx_word' id='word_1_344' title='bbox 1850 2279 1947 2335; x_wconf 89' lang='lat' dir='ltr'><strong>sed</strong></span> <span class='ocrx_word' id='word_1_345' title='bbox 1982 2280 2117 2334; x_wconf 90' lang='lat' dir='ltr'><strong>solis</strong></span> <span class='ocrx_word' id='word_1_346' title='bbox 2162 2278 2411 2333; x_wconf 89' lang='lat' dir='ltr'><strong>oleribus</strong></span> <span class='ocrx_word' id='word_1_347' title='bbox 2448 2294 2514 2333; x_wconf 91' lang='lat' dir='ltr'><strong>ac</strong></span> <span class='ocrx_word' id='word_1_348' title='bbox 2567 2277 2942 2347; x_wconf 79' lang='lat' dir='ltr'><strong>leguminibus</strong></span> <span class='ocrx_word' id='word_1_349' title='bbox 2971 2279 3257 2345; x_wconf 89' lang='lat' dir='ltr'><strong>instructa,</strong></span> <span class='ocrx_word' id='word_1_350' title='bbox 3314 2296 3437 2350; x_wconf 79' lang='lat' dir='ltr'><strong>quae</strong></span> 
     </span>
    </p>
   </div>
   <div class='ocr_carea' id='block_1_48' title="bbox 1855 2371 3436 2442">
    <p class='ocr_par' dir='ltr' id='par_1_48' title="bbox 1855 2371 3436 2442">
     <span class='ocr_line' id='line_1_48' title="bbox 1855 2371 3436 2442; baseline 0 -15"><span class='ocrx_word' id='word_1_351' title='bbox 1855 2373 2125 2428; x_wconf 88' lang='lat' dir='ltr'><strong>hactenus</strong></span> <span class='ocrx_word' id='word_1_352' title='bbox 2160 2380 2375 2427; x_wconf 89' lang='lat' dir='ltr'><strong>tantum</strong></span> <span class='ocrx_word' id='word_1_353' title='bbox 2420 2371 2761 2441; x_wconf 70' lang='lat' dir='ltr'><strong>prtebentur,</strong></span> <span class='ocrx_word' id='word_1_354' title='bbox 2793 2380 3061 2442; x_wconf 88' lang='lat' dir='ltr'><strong>quantum</strong></span> <span class='ocrx_word' id='word_1_355' title='bbox 3088 2372 3225 2428; x_wconf 87' lang='lat' dir='ltr'><strong>satis</strong></span> <span class='ocrx_word' id='word_1_356' title='bbox 3251 2382 3339 2427; x_wconf 90' lang='lat' dir='ltr'><strong>est</strong></span> <span class='ocrx_word' id='word_1_357' title='bbox 3366 2373 3436 2427; x_wconf 87' lang='lat' dir='ltr'><strong>ad</strong></span> 
     </span>
    </p>
   </div>
   <div class='ocr_carea' id='block_1_49' title="bbox 1855 2460 3437 2533">
    <p class='ocr_par' dir='ltr' id='par_1_49' title="bbox 1855 2460 3437 2533">
     <span class='ocr_line' id='line_1_49' title="bbox 1855 2460 3437 2533; baseline 0 -16"><span class='ocrx_word' id='word_1_358' title='bbox 1855 2463 2024 2517; x_wconf 91' lang='lat' dir='ltr'><strong>vitam</strong></span> <span class='ocrx_word' id='word_1_359' title='bbox 2069 2460 2509 2517; x_wconf 85' lang='lat' dir='ltr'><strong>sustentandam.</strong></span> <span class='ocrx_word' id='word_1_360' title='bbox 2561 2460 2897 2516; x_wconf 89' lang='lat' dir='ltr'><strong>Communes</strong></span> <span class='ocrx_word' id='word_1_361' title='bbox 2932 2462 3063 2517; x_wconf 89' lang='lat' dir='ltr'><strong>item</strong></span> <span class='ocrx_word' id='word_1_362' title='bbox 3116 2477 3311 2533; x_wconf 89' lang='lat' dir='ltr'><strong>preces</strong></span> <span class='ocrx_word' id='word_1_363' title='bbox 3366 2462 3437 2517; x_wconf 86' lang='lat' dir='ltr'><strong>ad</strong></span> 
     </span>
    </p>
   </div>
   <div class='ocr_carea' id='block_1_50' title="bbox 1854 2553 3435 2626">
    <p class='ocr_par' dir='ltr' id='par_1_50' title="bbox 1854 2553 3435 2626">
     <span class='ocr_line' id='line_1_50' title="bbox 1854 2553 3435 2626; baseline 0.001 -14"><span class='ocrx_word' id='word_1_364' title='bbox 1854 2557 2028 2612; x_wconf 85' lang='lat' dir='ltr'><strong>Deum</strong></span> <span class='ocrx_word' id='word_1_365' title='bbox 2078 2554 2337 2620; x_wconf 84' lang='lat' dir='ltr'><strong>fundunt,</strong></span> <span class='ocrx_word' id='word_1_366' title='bbox 2388 2553 2484 2609; x_wconf 92' lang='lat' dir='ltr'><strong>diu</strong></span> <span class='ocrx_word' id='word_1_367' title='bbox 2534 2564 2814 2626; x_wconf 87' lang='lat' dir='ltr'><strong>noctuque</strong></span> <span class='ocrx_word' id='word_1_368' title='bbox 2858 2557 3229 2623; x_wconf 89' lang='lat' dir='ltr'><strong>continuatas,</strong></span> <span class='ocrx_word' id='word_1_369' title='bbox 3269 2556 3345 2612; x_wconf 87' lang='lat' dir='ltr'><strong>ita</strong></span> <span class='ocrx_word' id='word_1_370' title='bbox 3376 2572 3435 2612; x_wconf 80' lang='lat' dir='ltr'><strong>Sc</strong></span> 
     </span>
    </p>
   </div>
   <div class='ocr_carea' id='block_1_51' title="bbox 1434 2789 2093 2846">
    <p class='ocr_par' dir='ltr' id='par_1_51' title="bbox 1434 2789 2093 2846">
     <span class='ocr_line' id='line_1_51' title="bbox 1434 2789 2093 2846; baseline 0.005 -4"><span class='ocrx_word' id='word_1_371' title='bbox 1434 2790 1663 2845; x_wconf 77' lang='lat' dir='ltr'><strong>VAHl/E</strong></span> <span class='ocrx_word' id='word_1_372' title='bbox 1710 2789 2093 2846; x_wconf 73' lang='lat' dir='ltr'><strong>LECTIONES</strong></span> 
     </span>
    </p>
   </div>
   <div class='ocr_carea' id='block_1_52' title="bbox 250 2886 737 2942">
    <p class='ocr_par' dir='ltr' id='par_1_52' title="bbox 250 2886 737 2942">
     <span class='ocr_line' id='line_1_52' title="bbox 250 2886 737 2942; baseline 0.002 -1"><span class='ocrx_word' id='word_1_373' title='bbox 250 2886 292 2918; x_wconf 77' lang='grc'>³⁸</span> <span class='ocrx_word' id='word_1_374' title='bbox 322 2886 737 2942; x_wconf 80' lang='grc' dir='ltr'>καταλειπτέον.</span> 
     </span>
    </p>
   </div>
   <div class='ocr_carea' id='block_1_53' title="bbox 1382 2971 2260 3030">
    <p class='ocr_par' dir='ltr' id='par_1_53' title="bbox 1382 2971 2260 3030">
     <span class='ocr_line' id='line_1_53' title="bbox 1382 2971 2260 3030; baseline 0 -1"><span class='ocrx_word' id='word_1_375' title='bbox 1382 2973 1655 3030; x_wconf 79' lang='lat' dir='ltr'><strong>VALESH</strong></span> <span class='ocrx_word' id='word_1_376' title='bbox 1698 2971 2260 3029; x_wconf 75' lang='lat' dir='ltr'><strong>ANNOTATIONES.</strong></span> 
     </span>
    </p>
   </div>
   <div class='ocr_carea' id='block_1_54' title="bbox 252 3062 1572 3143">
    <p class='ocr_par' dir='ltr' id='par_1_54' title="bbox 252 3062 1572 3143">
     <span class='ocr_line' id='line_1_54' title="bbox 252 3062 1572 3143; baseline -0.005 -17"><span class='ocrx_word' id='word_1_377' title='bbox 252 3069 353 3143; x_wconf 59' lang='grc' dir='ltr'><strong>(Ἡ)</strong></span> <span class='ocrx_word' id='word_1_378' title='bbox 371 3067 773 3143; x_wconf 57' lang='lat' dir='ltr'><strong>Aruseius-situt</strong></span> <span class='ocrx_word' id='word_1_379' title='bbox 810 3067 1159 3143; x_wconf 51' lang='lat' dir='ltr'><strong>Eicephorus</strong></span> <span class='ocrx_word' id='word_1_380' title='bbox 1252 3066 1348 3121; x_wconf 93' lang='lat' dir='ltr'><strong>lib.</strong></span> <span class='ocrx_word' id='word_1_381' title='bbox 1373 3082 1572 3143; x_wconf 69' lang='lat' dir='ltr'><strong>xiv,_ca</strong></span> 
     </span>
    </p>
   </div>
   <div class='ocr_carea' id='block_1_55' title="bbox 1856 3066 3436 3139">
    <p class='ocr_par' dir='ltr' id='par_1_55' title="bbox 1856 3066 3436 3139">
     <span class='ocr_line' id='line_1_55' title="bbox 1856 3066 3436 3139; baseline 0.008 -19"><span class='ocrx_word' id='word_1_382' title='bbox 1856 3067 2100 3139; x_wconf 79' lang='lat' dir='ltr'><strong>profecta</strong></span> <span class='ocrx_word' id='word_1_383' title='bbox 2141 3075 2226 3120; x_wconf 91' lang='lat' dir='ltr'><strong>est</strong></span> <span class='ocrx_word' id='word_1_384' title='bbox 2257 3066 2628 3139; x_wconf 81' lang='lat' dir='ltr'><strong>Hierosolyma</strong></span> <span class='ocrx_word' id='word_1_385' title='bbox 2649 3109 2662 3131; x_wconf 93' lang='lat'><strong>,</strong></span> <span class='ocrx_word' id='word_1_386' title='bbox 2691 3068 2867 3139; x_wconf 14' lang='lat' dir='ltr'><strong>juxta,</strong></span> <span class='ocrx_word' id='word_1_387' title='bbox 2886 3067 3185 3139; x_wconf 76' lang='lat' dir='ltr'><strong>Marcellini</strong></span> <span class='ocrx_word' id='word_1_388' title='bbox 3214 3082 3436 3131; x_wconf 81' lang='lat' dir='ltr'><strong>senten-</strong></span> 
     </span>
    </p>
   </div>
   <div class='ocr_carea' id='block_1_56' title="bbox 190 3064 3437 3212">
    <p class='ocr_par' dir='ltr' id='par_1_56' title="bbox 190 3064 3437 3212">
     <span class='ocr_line' id='line_1_56' title="bbox 252 3064 3436 3189; baseline 0.002 -63"><span class='ocrx_word' id='word_1_389' title='bbox 252 3067 773 3143; x_wconf 58' lang='grc' dir='ltr'>(ωὶΔιαρικηῖται</span> <span class='ocrx_word' id='word_1_390' title='bbox 815 3067 1159 3137; x_wconf 82' lang='lat' dir='ltr'><strong>Nicephorus</strong></span> <span class='ocrx_word' id='word_1_391' title='bbox 1178 3064 1232 3120; x_wconf 91' lang='lat' dir='ltr'><strong>in</strong></span> <span class='ocrx_word' id='word_1_392' title='bbox 1252 3066 1348 3121; x_wconf 93' lang='lat' dir='ltr'><strong>lib.</strong></span> <span class='ocrx_word' id='word_1_393' title='bbox 1373 3082 1482 3130; x_wconf 81' lang='lat' dir='ltr'><strong>xiv,</strong></span> <span class='ocrx_word' id='word_1_394' title='bbox 1511 3082 1631 3189; x_wconf 51' lang='grc' dir='ltr'>σεξ.</span> <span class='ocrx_word' id='word_1_395' title='bbox 1658 3064 1746 3131; x_wconf 84' lang='grc'><strong>50,</strong></span> <span class='ocrx_word' id='word_1_396' title='bbox 1856 3067 2100 3136; x_wconf 88' lang='lat' dir='ltr'><strong>profecta</strong></span> <span class='ocrx_word' id='word_1_397' title='bbox 2141 3075 2226 3120; x_wconf 91' lang='lat' dir='ltr'><strong>est</strong></span> <span class='ocrx_word' id='word_1_398' title='bbox 2257 3066 2628 3139; x_wconf 81' lang='lat' dir='ltr'><strong>Hierosolyma</strong></span> <span class='ocrx_word' id='word_1_399' title='bbox 2649 3109 2662 3131; x_wconf 93' lang='lat'><strong>,</strong></span> <span class='ocrx_word' id='word_1_400' title='bbox 2691 3068 2846 3139; x_wconf 81' lang='lat' dir='ltr'><strong>juxta</strong></span> <span class='ocrx_word' id='word_1_401' title='bbox 2886 3067 3185 3125; x_wconf 76' lang='lat' dir='ltr'><strong>Marcellini</strong></span> <span class='ocrx_word' id='word_1_402' title='bbox 3214 3082 3436 3131; x_wconf 81' lang='lat' dir='ltr'><strong>senten-</strong></span> 
     </span>
     <span class='ocr_line' id='line_1_57' title="bbox 190 3135 3437 3212; baseline 0.004 -27"><span class='ocrx_word' id='word_1_403' title='bbox 190 3143 307 3212; x_wconf 65' lang='lat' dir='ltr'><strong>tegit</strong></span> <span class='ocrx_word' id='word_1_404' title='bbox 332 3143 408 3202; x_wconf 66' lang='lat' dir='ltr'><strong>et;</strong></span> <span class='ocrx_word' id='word_1_405' title='bbox 434 3141 771 3212; x_wconf 62' lang='grc' dir='ltr'>ἀφικνεῖται,</span> <span class='ocrx_word' id='word_1_406' title='bbox 805 3137 899 3193; x_wconf 90' lang='lat' dir='ltr'><strong>Sic</strong></span> <span class='ocrx_word' id='word_1_407' title='bbox 933 3137 1094 3212; x_wconf 78' lang='lat' dir='ltr'><strong>enim</strong></span> <span class='ocrx_word' id='word_1_408' title='bbox 1128 3137 1546 3212; x_wconf 26' lang='lat' dir='ltr'><strong>habet‘,_xal_6l.;</strong></span> <span class='ocrx_word' id='word_1_409' title='bbox 1583 3135 1751 3212; x_wconf 37' lang='grc' dir='ltr'><strong>Διῖε-λό-</strong></span> <span class='ocrx_word' id='word_1_410' title='bbox 1778 3174 1820 3212; x_wconf 60' lang='grc' dir='ltr'>η</span> <span class='ocrx_word' id='word_1_411' title='bbox 1857 3138 2012 3212; x_wconf 82' lang='lat' dir='ltr'><strong>tiam,</strong></span> <span class='ocrx_word' id='word_1_412' title='bbox 2038 3137 2090 3190; x_wconf 93' lang='lat' dir='ltr'><strong>id</strong></span> <span class='ocrx_word' id='word_1_413' title='bbox 2121 3137 2523 3212; x_wconf 67' lang='lat' dir='ltr'><strong>contigitanno</strong></span> <span class='ocrx_word' id='word_1_414' title='bbox 2545 3138 2749 3212; x_wconf 87' lang='lat' dir='ltr'><strong>Christi</strong></span> <span class='ocrx_word' id='word_1_415' title='bbox 2776 3138 2901 3212; x_wconf 14' lang='lat'><strong>449‘</strong></span> <span class='ocrx_word' id='word_1_416' title='bbox 2939 3138 3111 3212; x_wconf 84' lang='lat' dir='ltr'><strong>Porro</strong></span> <span class='ocrx_word' id='word_1_417' title='bbox 3145 3140 3213 3197; x_wconf 90' lang='lat' dir='ltr'><strong>de</strong></span> <span class='ocrx_word' id='word_1_418' title='bbox 3246 3143 3437 3200; x_wconf 86' lang='lat' dir='ltr'><strong>Satur-</strong></span> 
     </span>
    </p>
   </div>
   <div class='ocr_carea' id='block_1_57' title="bbox 191 3206 1746 3281">
    <p class='ocr_par' dir='ltr' id='par_1_57' title="bbox 191 3206 1746 3281">
     <span class='ocr_line' id='line_1_58' title="bbox 191 3206 1746 3281; baseline -0.003 -17"><span class='ocrx_word' id='word_1_419' title='bbox 191 3206 274 3281; x_wconf 64' lang='grc' dir='ltr'><strong>γοξ</strong></span> <span class='ocrx_word' id='word_1_420' title='bbox 322 3211 433 3281; x_wconf 73' lang='grc' dir='ltr'>ἔχει</span> <span class='ocrx_word' id='word_1_421' title='bbox 486 3206 695 3279; x_wconf 72' lang='grc' dir='ltr'>ταύτην</span> <span class='ocrx_word' id='word_1_422' title='bbox 755 3211 844 3263; x_wconf 73' lang='grc' dir='ltr'><strong>ἐπὶ</strong></span> <span class='ocrx_word' id='word_1_423' title='bbox 892 3208 991 3277; x_wconf 77' lang='grc' dir='ltr'>τὴν</span> <span class='ocrx_word' id='word_1_424' title='bbox 1047 3207 1400 3281; x_wconf 72' lang='grc' dir='ltr'>Ἰερουσαλὴμ</span> <span class='ocrx_word' id='word_1_425' title='bbox 1432 3206 1746 3275; x_wconf 79' lang='grc' dir='ltr'>ἀφικέσθαι.</span> 
     </span>
    </p>
   </div>
   <div class='ocr_carea' id='block_1_58' title="bbox 191 3276 1753 3352">
    <p class='ocr_par' dir='ltr' id='par_1_58' title="bbox 191 3276 1753 3352">
     <span class='ocr_line' id='line_1_59' title="bbox 191 3276 1753 3352; baseline -0.003 -15"><span class='ocrx_word' id='word_1_426' title='bbox 191 3276 702 3352; x_wconf 61' lang='grc' dir='ltr'>Ουαιηὲοι-ἰριυι-ειη</span> <span class='ocrx_word' id='word_1_427' title='bbox 736 3276 961 3334; x_wconf 87' lang='lat' dir='ltr'><strong>secutus</strong></span> <span class='ocrx_word' id='word_1_428' title='bbox 978 3287 1068 3352; x_wconf 74' lang='lat' dir='ltr'><strong>est</strong></span> <span class='ocrx_word' id='word_1_429' title='bbox 1091 3276 1653 3352; x_wconf 74' lang='lat' dir='ltr'><strong>Christophorsonus,</strong></span> <span class='ocrx_word' id='word_1_430' title='bbox 1673 3287 1753 3352; x_wconf 86' lang='lat' dir='ltr'><strong>_ut</strong></span> 
     </span>
    </p>
   </div>
   <div class='ocr_carea' id='block_1_59' title="bbox 192 3347 1754 3421">
    <p class='ocr_par' dir='ltr' id='par_1_59' title="bbox 192 3347 1754 3421">
     <span class='ocr_line' id='line_1_60' title="bbox 192 3347 1754 3421; baseline -0.005 -12"><span class='ocrx_word' id='word_1_431' title='bbox 192 3347 251 3409; x_wconf 74' lang='lat' dir='ltr'><strong>ex</strong></span> <span class='ocrx_word' id='word_1_432' title='bbox 283 3347 531 3408; x_wconf 76' lang='lat' dir='ltr'><strong>versione</strong></span> <span class='ocrx_word' id='word_1_433' title='bbox 552 3352 678 3420; x_wconf 80' lang='lat' dir='ltr'><strong>eius</strong></span> <span class='ocrx_word' id='word_1_434' title='bbox 700 3357 948 3421; x_wconf 83' lang='lat' dir='ltr'><strong>apparet.</strong></span> <span class='ocrx_word' id='word_1_435' title='bbox 978 3349 1053 3403; x_wconf 88' lang='lat' dir='ltr'><strong>lla</strong></span> <span class='ocrx_word' id='word_1_436' title='bbox 1088 3349 1444 3421; x_wconf 78' lang='lat' dir='ltr'><strong>enim__vertit</strong></span> <span class='ocrx_word' id='word_1_437' title='bbox 1468 3348 1636 3421; x_wconf 85' lang='lat' dir='ltr'><strong>hunc</strong></span> <span class='ocrx_word' id='word_1_438' title='bbox 1673 3347 1754 3421; x_wconf 83' lang='lat' dir='ltr'><strong>lo-</strong></span> 
     </span>
    </p>
   </div>
   <div class='ocr_carea' id='block_1_60' title="bbox 193 3418 1754 3489">
    <p class='ocr_par' dir='ltr' id='par_1_60' title="bbox 193 3418 1754 3489">
     <span class='ocr_line' id='line_1_61' title="bbox 193 3418 1754 3489; baseline -0.004 -11"><span class='ocrx_word' id='word_1_439' title='bbox 193 3439 322 3478; x_wconf 86' lang='lat' dir='ltr'><strong>cum.</strong></span> <span class='ocrx_word' id='word_1_440' title='bbox 341 3422 574 3476; x_wconf 83' lang='lat' dir='ltr'><strong>Eudocia</strong></span> <span class='ocrx_word' id='word_1_441' title='bbox 588 3418 1209 3489; x_wconf 41' lang='lat' dir='ltr'><strong>rero&#39;Constantt&#39;nOpoli</strong></span> <span class='ocrx_word' id='word_1_442' title='bbox 1234 3418 1657 3489; x_wconf 76' lang='lat' dir='ltr'><strong>Hierosolymam</strong></span> <span class='ocrx_word' id='word_1_443' title='bbox 1678 3418 1754 3471; x_wconf 97' lang='lat' dir='ltr'><strong>bis</strong></span> 
     </span>
    </p>
   </div>
   <div class='ocr_carea' id='block_1_61' title="bbox 194 3489 1754 3575">
    <p class='ocr_par' dir='ltr' id='par_1_61' title="bbox 194 3489 1754 3575">
     <span class='ocr_line' id='line_1_62' title="bbox 194 3489 1754 3575; baseline -0.003 -28"><span class='ocrx_word' id='word_1_444' title='bbox 194 3495 405 3575; x_wconf 72' lang='lat' dir='ltr'><strong>profecta</strong></span> <span class='ocrx_word' id='word_1_445' title='bbox 438 3502 538 3574; x_wconf 71' lang='lat' dir='ltr'><strong>est.</strong></span> <span class='ocrx_word' id='word_1_446' title='bbox 560 3493 742 3575; x_wconf 70' lang='lat' dir='ltr'><strong>Atque</strong></span> <span class='ocrx_word' id='word_1_447' title='bbox 769 3492 844 3573; x_wconf 74' lang='lat' dir='ltr'><strong>ita</strong></span> <span class='ocrx_word' id='word_1_448' title='bbox 887 3491 955 3571; x_wconf 38' lang='lat' dir='ltr'><strong>in.</strong></span> <span class='ocrx_word' id='word_1_449' title='bbox 977 3490 1288 3575; x_wconf 54' lang='lat' dir='ltr'><strong>Tene-[iano</strong></span> <span class='ocrx_word' id='word_1_450' title='bbox 1314 3489 1519 3575; x_wconf 54' lang='lat' dir='ltr'><strong>codice</strong></span> <span class='ocrx_word' id='word_1_451' title='bbox 1548 3489 1754 3575; x_wconf 69' lang='lat' dir='ltr'><strong>diserte</strong></span> 
     </span>
    </p>
   </div>
   <div class='ocr_carea' id='block_1_62' title="bbox 195 3558 1755 3634">
    <p class='ocr_par' dir='ltr' id='par_1_62' title="bbox 195 3558 1755 3634">
     <span class='ocr_line' id='line_1_63' title="bbox 195 3558 1755 3634; baseline -0.004 -15"><span class='ocrx_word' id='word_1_452' title='bbox 195 3558 437 3634; x_wconf 69' lang='lat' dir='ltr'><strong>scriptum</strong></span> <span class='ocrx_word' id='word_1_453' title='bbox 453 3558 666 3617; x_wconf 53' lang='lat' dir='ltr'><strong>inveni;</strong></span> <span class='ocrx_word' id='word_1_454' title='bbox 690 3562 851 3617; x_wconf 82' lang='lat' dir='ltr'><strong>Prior</strong></span> <span class='ocrx_word' id='word_1_455' title='bbox 864 3560 1089 3634; x_wconf 84' lang='lat' dir='ltr'><strong>quidem</strong></span> <span class='ocrx_word' id='word_1_456' title='bbox 1100 3559 1378 3634; x_wconf 54' lang='grc' dir='ltr'><strong>ΔΕυροείίιι</strong></span> <span class='ocrx_word' id='word_1_457' title='bbox 1392 3559 1661 3634; x_wconf 79' lang='lat' dir='ltr'><strong>profectio</strong></span> <span class='ocrx_word' id='word_1_458' title='bbox 1684 3558 1755 3612; x_wconf 89' lang='lat' dir='ltr'><strong>ad</strong></span> 
     </span>
    </p>
   </div>
   <div class='ocr_carea' id='block_1_63' title="bbox 198 3630 1756 3704">
    <p class='ocr_par' dir='ltr' id='par_1_63' title="bbox 198 3630 1756 3704">
     <span class='ocr_line' id='line_1_64' title="bbox 198 3630 1756 3704; baseline -0.003 -17"><span class='ocrx_word' id='word_1_459' title='bbox 198 3630 375 3689; x_wconf 79' lang='lat' dir='ltr'><strong>urbem</strong></span> <span class='ocrx_word' id='word_1_460' title='bbox 420 3633 860 3704; x_wconf 79' lang='lat' dir='ltr'><strong>Hierosolymam</strong></span> <span class='ocrx_word' id='word_1_461' title='bbox 907 3631 1161 3704; x_wconf 62' lang='lat' dir='ltr'><strong>contigit</strong></span> <span class='ocrx_word' id='word_1_462' title='bbox 1192 3630 1504 3704; x_wconf 73' lang='lat' dir='ltr'><strong>Theodosio</strong></span> <span class='ocrx_word' id='word_1_463' title='bbox 1532 3646 1666 3704; x_wconf 82' lang='lat' dir='ltr'><strong>_xvi,</strong></span> <span class='ocrx_word' id='word_1_464' title='bbox 1699 3637 1756 3683; x_wconf 90' lang='lat' dir='ltr'><strong>et</strong></span> 
     </span>
    </p>
   </div>
   <div class='ocr_carea' id='block_1_64' title="bbox 197 3699 1755 3766">
    <p class='ocr_par' dir='ltr' id='par_1_64' title="bbox 197 3699 1755 3766">
     <span class='ocr_line' id='line_1_65' title="bbox 197 3699 1755 3766; baseline -0.003 -7"><span class='ocrx_word' id='word_1_465' title='bbox 197 3704 377 3759; x_wconf 76' lang='lat' dir='ltr'><strong>Fausto</strong></span> <span class='ocrx_word' id='word_1_466' title='bbox 400 3699 751 3766; x_wconf 80' lang='lat' dir='ltr'><strong>consulibus,</strong></span> <span class='ocrx_word' id='word_1_467' title='bbox 785 3716 929 3755; x_wconf 92' lang='lat' dir='ltr'><strong>anno</strong></span> <span class='ocrx_word' id='word_1_468' title='bbox 956 3700 1161 3757; x_wconf 81' lang='lat' dir='ltr'><strong>Christi</strong></span> <span class='ocrx_word' id='word_1_469' title='bbox 1199 3701 1491 3757; x_wconf 66' lang='lat' dir='ltr'><strong>438.utex</strong></span> <span class='ocrx_word' id='word_1_470' title='bbox 1527 3699 1755 3755; x_wconf 89' lang='lat' dir='ltr'><strong>Socrate</strong></span> 
     </span>
    </p>
   </div>
   <div class='ocr_carea' id='block_1_65' title="bbox 198 3770 1757 3830">
    <p class='ocr_par' dir='ltr' id='par_1_65' title="bbox 198 3770 1757 3830">
     <span class='ocr_line' id='line_1_66' title="bbox 198 3770 1757 3830; baseline -0.004 -1"><span class='ocrx_word' id='word_1_471' title='bbox 198 3782 248 3829; x_wconf 89' lang='lat' dir='ltr'><strong>et</strong></span> <span class='ocrx_word' id='word_1_472' title='bbox 282 3791 345 3830; x_wconf 86' lang='lat' dir='ltr'><strong>ex</strong></span> <span class='ocrx_word' id='word_1_473' title='bbox 386 3773 691 3828; x_wconf 80' lang='lat' dir='ltr'><strong>Marcellini</strong></span> <span class='ocrx_word' id='word_1_474' title='bbox 741 3772 998 3827; x_wconf 85' lang='lat' dir='ltr'><strong>Chronico</strong></span> <span class='ocrx_word' id='word_1_475' title='bbox 1052 3781 1199 3827; x_wconf 86' lang='lat' dir='ltr'><strong>recte</strong></span> <span class='ocrx_word' id='word_1_476' title='bbox 1238 3771 1555 3826; x_wconf 88' lang='lat' dir='ltr'><strong>observavit</strong></span> <span class='ocrx_word' id='word_1_477' title='bbox 1589 3770 1757 3824; x_wconf 90' lang='lat' dir='ltr'><strong>Baro-</strong></span> 
     </span>
    </p>
   </div>
   <div class='ocr_carea' id='block_1_66' title="bbox 198 3840 1758 3913">
    <p class='ocr_par' dir='ltr' id='par_1_66' title="bbox 198 3840 1758 3913">
     <span class='ocr_line' id='line_1_67' title="bbox 198 3840 1758 3913; baseline -0.004 -14"><span class='ocrx_word' id='word_1_478' title='bbox 198 3844 325 3901; x_wconf 88' lang='lat' dir='ltr'><strong>nius.</strong></span> <span class='ocrx_word' id='word_1_479' title='bbox 354 3845 635 3913; x_wconf 86' lang='lat' dir='ltr'><strong>Sequente</strong></span> <span class='ocrx_word' id='word_1_480' title='bbox 661 3852 845 3898; x_wconf 90' lang='lat' dir='ltr'><strong>autem</strong></span> <span class='ocrx_word' id='word_1_481' title='bbox 866 3858 1012 3896; x_wconf 86' lang='lat' dir='ltr'><strong>anno</strong></span> <span class='ocrx_word' id='word_1_482' title='bbox 1062 3842 1456 3913; x_wconf 83' lang='lat' dir='ltr'><strong>Hierosolymis</strong></span> <span class='ocrx_word' id='word_1_483' title='bbox 1486 3840 1758 3897; x_wconf 88' lang='lat' dir='ltr'><strong>Constan-</strong></span> 
     </span>
    </p>
   </div>
   <div class='ocr_carea' id='block_1_67' title="bbox 201 3912 1755 3987">
    <p class='ocr_par' dir='ltr' id='par_1_67' title="bbox 201 3912 1755 3987">
     <span class='ocr_line' id='line_1_68' title="bbox 201 3912 1755 3987; baseline -0.003 -19"><span class='ocrx_word' id='word_1_484' title='bbox 201 3912 462 3987; x_wconf 82' lang='lat' dir='ltr'><strong>tinopolim</strong></span> <span class='ocrx_word' id='word_1_485' title='bbox 504 3930 742 3987; x_wconf 64' lang='lat' dir='ltr'><strong>reversa</strong></span> <span class='ocrx_word' id='word_1_486' title='bbox 767 3923 871 3987; x_wconf 72' lang='lat' dir='ltr'><strong>est,</strong></span> <span class='ocrx_word' id='word_1_487' title='bbox 905 3914 965 3966; x_wconf 86' lang='grc' dir='ltr'><strong>Β.</strong></span> <span class='ocrx_word' id='word_1_488' title='bbox 985 3913 1250 3987; x_wconf 63' lang='lat' dir='ltr'><strong>Stephani</strong></span> <span class='ocrx_word' id='word_1_489' title='bbox 1282 3912 1544 3987; x_wconf 73' lang='lat' dir='ltr'><strong>reliquias</strong></span> <span class='ocrx_word' id='word_1_490' title='bbox 1569 3926 1755 3987; x_wconf 78' lang='lat' dir='ltr'><strong>secum</strong></span> 
     </span>
    </p>
   </div>
   <div class='ocr_carea' id='block_1_68' title="bbox 198 3982 1753 4046">
    <p class='ocr_par' dir='ltr' id='par_1_68' title="bbox 198 3982 1753 4046">
     <span class='ocr_line' id='line_1_69' title="bbox 198 3982 1753 4046; baseline -0.001 -8"><span class='ocrx_word' id='word_1_491' title='bbox 198 3982 464 4046; x_wconf 76' lang='lat' dir='ltr'><strong>deferens,</strong></span> <span class='ocrx_word' id='word_1_492' title='bbox 496 3996 556 4038; x_wconf 88' lang='lat' dir='ltr'><strong>ut</strong></span> <span class='ocrx_word' id='word_1_493' title='bbox 604 3984 773 4039; x_wconf 89' lang='lat' dir='ltr'><strong>tradit</strong></span> <span class='ocrx_word' id='word_1_494' title='bbox 821 3984 964 4039; x_wconf 89' lang='lat' dir='ltr'><strong>idem</strong></span> <span class='ocrx_word' id='word_1_495' title='bbox 1012 3982 1361 4038; x_wconf 79' lang='lat' dir='ltr'><strong>Marcellinus</strong></span> <span class='ocrx_word' id='word_1_496' title='bbox 1388 3983 1444 4037; x_wconf 92' lang='lat' dir='ltr'><strong>in</strong></span> <span class='ocrx_word' id='word_1_497' title='bbox 1478 3982 1753 4039; x_wconf 82' lang='lat' dir='ltr'><strong>Chronico.</strong></span> 
     </span>
    </p>
   </div>
   <div class='ocr_carea' id='block_1_69' title="bbox 198 4053 1758 4125">
    <p class='ocr_par' dir='ltr' id='par_1_69' title="bbox 198 4053 1758 4125">
     <span class='ocr_line' id='line_1_70' title="bbox 198 4053 1758 4125; baseline -0.003 -14"><span class='ocrx_word' id='word_1_498' title='bbox 198 4055 430 4111; x_wconf 86' lang='lat' dir='ltr'><strong>Secunda</strong></span> <span class='ocrx_word' id='word_1_499' title='bbox 457 4071 592 4110; x_wconf 88' lang='lat' dir='ltr'><strong>vero</strong></span> <span class='ocrx_word' id='word_1_500' title='bbox 636 4055 758 4125; x_wconf 86' lang='lat' dir='ltr'><strong>ejus</strong></span> <span class='ocrx_word' id='word_1_501' title='bbox 788 4054 1284 4125; x_wconf 81' lang='lat' dir='ltr'><strong>Hierosolymitana</strong></span> <span class='ocrx_word' id='word_1_502' title='bbox 1320 4053 1610 4123; x_wconf 88' lang='lat' dir='ltr'><strong>profectio,</strong></span> <span class='ocrx_word' id='word_1_503' title='bbox 1646 4067 1758 4125; x_wconf 83' lang='lat' dir='ltr'><strong>quo</strong></span> 
     </span>
    </p>
   </div>
   <div class='ocr_carea' id='block_1_70' title="bbox 200 4123 1759 4194">
    <p class='ocr_par' dir='ltr' id='par_1_70' title="bbox 200 4123 1759 4194">
     <span class='ocr_line' id='line_1_71' title="bbox 200 4123 1759 4194; baseline -0.001 -16"><span class='ocrx_word' id='word_1_504' title='bbox 200 4142 331 4180; x_wconf 86' lang='lat' dir='ltr'><strong>anno</strong></span> <span class='ocrx_word' id='word_1_505' title='bbox 357 4126 644 4188; x_wconf 87' lang='lat' dir='ltr'><strong>acciderit,</strong></span> <span class='ocrx_word' id='word_1_506' title='bbox 671 4123 784 4178; x_wconf 84' lang='lat' dir='ltr'><strong>non</strong></span> <span class='ocrx_word' id='word_1_507' title='bbox 831 4123 1088 4179; x_wconf 87' lang='lat' dir='ltr'><strong>convenit</strong></span> <span class='ocrx_word' id='word_1_508' title='bbox 1120 4126 1264 4178; x_wconf 91' lang='lat' dir='ltr'><strong>inter</strong></span> <span class='ocrx_word' id='word_1_509' title='bbox 1294 4125 1611 4194; x_wconf 88' lang='lat' dir='ltr'><strong>scriptores.</strong></span> <span class='ocrx_word' id='word_1_510' title='bbox 1657 4123 1759 4177; x_wconf 88' lang='lat' dir='ltr'><strong>Ba-</strong></span> 
     </span>
    </p>
   </div>
   <div class='ocr_carea' id='block_1_71' title="bbox 199 4193 1757 4266">
    <p class='ocr_par' dir='ltr' id='par_1_71' title="bbox 199 4193 1757 4266">
     <span class='ocr_line' id='line_1_72' title="bbox 199 4193 1757 4266; baseline -0.002 -16"><span class='ocrx_word' id='word_1_511' title='bbox 199 4197 371 4250; x_wconf 77' lang='lat' dir='ltr'><strong>tonius</strong></span> <span class='ocrx_word' id='word_1_512' title='bbox 416 4196 643 4266; x_wconf 89' lang='lat' dir='ltr'><strong>quidem</strong></span> <span class='ocrx_word' id='word_1_513' title='bbox 694 4193 1006 4265; x_wconf 77' lang='lat' dir='ltr'><strong>principatu</strong></span> <span class='ocrx_word' id='word_1_514' title='bbox 1060 4195 1319 4266; x_wconf 76' lang='lat' dir='ltr'><strong>Harciani</strong></span> <span class='ocrx_word' id='word_1_515' title='bbox 1362 4193 1757 4266; x_wconf 75' lang='lat' dir='ltr'><strong>Augustieam</strong></span> 
     </span>
    </p>
   </div>
   <div class='ocr_carea' id='block_1_72' title="bbox 199 4264 1756 4337">
    <p class='ocr_par' dir='ltr' id='par_1_72' title="bbox 199 4264 1756 4337">
     <span class='ocr_line' id='line_1_73' title="bbox 199 4264 1756 4337; baseline -0.001 -18"><span class='ocrx_word' id='word_1_516' title='bbox 199 4264 487 4337; x_wconf 29' lang='lat' dir='ltr'><strong>cotisigna‘t.</strong></span> <span class='ocrx_word' id='word_1_517' title='bbox 518 4266 633 4337; x_wconf 80' lang='lat' dir='ltr'><strong>Ego</strong></span> <span class='ocrx_word' id='word_1_518' title='bbox 658 4282 790 4337; x_wconf 67' lang='lat' dir='ltr'><strong>vero</strong></span> <span class='ocrx_word' id='word_1_519' title='bbox 821 4266 915 4337; x_wconf 84' lang='lat' dir='ltr'><strong>diu</strong></span> <span class='ocrx_word' id='word_1_520' title='bbox 960 4278 1088 4337; x_wconf 88' lang='lat' dir='ltr'><strong>ante</strong></span> <span class='ocrx_word' id='word_1_521' title='bbox 1125 4265 1419 4337; x_wconf 86' lang='lat' dir='ltr'><strong>imperium</strong></span> <span class='ocrx_word' id='word_1_522' title='bbox 1462 4264 1756 4337; x_wconf 83' lang='lat' dir='ltr'><strong>Marciani.</strong></span> 
     </span>
    </p>
   </div>
   <div class='ocr_carea' id='block_1_73' title="bbox 198 4334 1761 4405">
    <p class='ocr_par' dir='ltr' id='par_1_73' title="bbox 198 4334 1761 4405">
     <span class='ocr_line' id='line_1_74' title="bbox 198 4334 1761 4405; baseline -0.001 -16"><span class='ocrx_word' id='word_1_523' title='bbox 198 4334 473 4405; x_wconf 76' lang='lat' dir='ltr'><strong>superstite</strong></span> <span class='ocrx_word' id='word_1_524' title='bbox 496 4334 681 4389; x_wconf 87' lang='lat' dir='ltr'><strong>adhuc</strong></span> <span class='ocrx_word' id='word_1_525' title='bbox 696 4334 1339 4399; x_wconf 86' lang='lat' dir='ltr'><strong>Theodosio,secundam</strong></span> <span class='ocrx_word' id='word_1_526' title='bbox 1357 4336 1500 4390; x_wconf 89' lang='lat' dir='ltr'><strong>hanc</strong></span> <span class='ocrx_word' id='word_1_527' title='bbox 1517 4334 1761 4404; x_wconf 89' lang='lat' dir='ltr'><strong>peregri-</strong></span> 
     </span>
    </p>
   </div>
   <div class='ocr_carea' id='block_1_74' title="bbox 201 4405 1759 4477">
    <p class='ocr_par' dir='ltr' id='par_1_74' title="bbox 201 4405 1759 4477">
     <span class='ocr_line' id='line_1_75' title="bbox 201 4405 1759 4477; baseline 0.001 -20"><span class='ocrx_word' id='word_1_528' title='bbox 201 4406 459 4461; x_wconf 83' lang='lat' dir='ltr'><strong>nationem</strong></span> <span class='ocrx_word' id='word_1_529' title='bbox 483 4406 555 4460; x_wconf 91' lang='lat' dir='ltr'><strong>ab</strong></span> <span class='ocrx_word' id='word_1_530' title='bbox 584 4405 838 4477; x_wconf 79' lang='lat' dir='ltr'><strong>Eudocia</strong></span> <span class='ocrx_word' id='word_1_531' title='bbox 866 4408 1108 4477; x_wconf 81' lang='lat' dir='ltr'><strong>Angusta</strong></span> <span class='ocrx_word' id='word_1_532' title='bbox 1132 4418 1596 4477; x_wconf 15' lang='lat' dir='ltr'><strong>isusccptamgesse</strong></span> <span class='ocrx_word' id='word_1_533' title='bbox 1619 4420 1759 4477; x_wconf 78' lang='lat' dir='ltr'><strong>con—</strong></span> 
     </span>
    </p>
   </div>
   <div class='ocr_carea' id='block_1_75' title="bbox 200 4474 1758 4539">
    <p class='ocr_par' dir='ltr' id='par_1_75' title="bbox 200 4474 1758 4539">
     <span class='ocr_line' id='line_1_76' title="bbox 200 4474 1758 4539; baseline 0.003 -14"><span class='ocrx_word' id='word_1_534' title='bbox 200 4477 370 4530; x_wconf 87' lang='lat' dir='ltr'><strong>tendo.</strong></span> <span class='ocrx_word' id='word_1_535' title='bbox 420 4477 557 4531; x_wconf 81' lang='lat' dir='ltr'><strong>Nam</strong></span> <span class='ocrx_word' id='word_1_536' title='bbox 604 4474 974 4530; x_wconf 71' lang='lat' dir='ltr'><strong>Marcellinus</strong></span> <span class='ocrx_word' id='word_1_537' title='bbox 1012 4476 1065 4530; x_wconf 90' lang='lat' dir='ltr'><strong>in</strong></span> <span class='ocrx_word' id='word_1_538' title='bbox 1109 4476 1387 4539; x_wconf 84' lang='lat' dir='ltr'><strong>Chronico,</strong></span> <span class='ocrx_word' id='word_1_539' title='bbox 1444 4474 1758 4530; x_wconf 89' lang='lat' dir='ltr'><strong>Theodosio</strong></span> 
     </span>
    </p>
   </div>
   <div class='ocr_carea' id='block_1_76' title="bbox 201 4529 1835 4616">
    <p class='ocr_par' dir='ltr' id='par_1_76' title="bbox 201 4529 1835 4616">
     <span class='ocr_line' id='line_1_77' title="bbox 201 4529 1835 4616; baseline 0.002 -21"><span class='ocrx_word' id='word_1_540' title='bbox 201 4529 545 4616; x_wconf 36' lang='lat' dir='ltr'><strong>humu-uitet</strong></span> <span class='ocrx_word' id='word_1_541' title='bbox 561 4529 765 4616; x_wconf 64' lang='lat' dir='ltr'><strong>Albino</strong></span> <span class='ocrx_word' id='word_1_542' title='bbox 783 4529 944 4601; x_wconf 76' lang='lat' dir='ltr'><strong>Coss.</strong></span> <span class='ocrx_word' id='word_1_543' title='bbox 964 4546 1058 4616; x_wconf 88' lang='lat' dir='ltr'><strong>qui</strong></span> <span class='ocrx_word' id='word_1_544' title='bbox 1077 4529 1182 4600; x_wconf 83' lang='lat' dir='ltr'><strong>fuit</strong></span> <span class='ocrx_word' id='word_1_545' title='bbox 1204 4529 1386 4600; x_wconf 76' lang='lat' dir='ltr'><strong>annus</strong></span> <span class='ocrx_word' id='word_1_546' title='bbox 1402 4529 1605 4601; x_wconf 75' lang='lat' dir='ltr'><strong>Christi</strong></span> <span class='ocrx_word' id='word_1_547' title='bbox 1630 4529 1755 4608; x_wconf 74' lang='grc'>444,</span> <span class='ocrx_word' id='word_1_548' title='bbox 1790 4529 1835 4584; x_wconf 76' lang='grc' dir='ltr'><strong>θ</strong></span> 
     </span>
    </p>
   </div>
   <div class='ocr_carea' id='block_1_77' title="bbox 201 4613 1761 4687">
    <p class='ocr_par' dir='ltr' id='par_1_77' title="bbox 201 4613 1761 4687">
     <span class='ocr_line' id='line_1_78' title="bbox 201 4613 1761 4687; baseline 0.001 -21"><span class='ocrx_word' id='word_1_549' title='bbox 201 4613 483 4687; x_wconf 62' lang='grc' dir='ltr'>ἱιαεοτίὺξι</span> <span class='ocrx_word' id='word_1_550' title='bbox 519 4635 532 4670; x_wconf 88' lang='lat'><strong>:</strong></span> <span class='ocrx_word' id='word_1_551' title='bbox 570 4614 821 4670; x_wconf 79' lang='lat' dir='ltr'><strong>Severum</strong></span> <span class='ocrx_word' id='word_1_552' title='bbox 860 4613 1304 4687; x_wconf 1' lang='lat' dir='ltr'><strong>presbyterum,“</strong></span> <span class='ocrx_word' id='word_1_553' title='bbox 1343 4617 1605 4671; x_wconf 77' lang='lat' dir='ltr'><strong>Joannem</strong></span> <span class='ocrx_word' id='word_1_554' title='bbox 1640 4617 1761 4669; x_wconf 85' lang='lat' dir='ltr'><strong>dia-</strong></span> 
     </span>
    </p>
   </div>
   <div class='ocr_carea' id='block_1_78' title="bbox 199 4686 1762 4757">
    <p class='ocr_par' dir='ltr' id='par_1_78' title="bbox 199 4686 1762 4757">
     <span class='ocr_line' id='line_1_79' title="bbox 199 4686 1762 4757; baseline 0.002 -22"><span class='ocrx_word' id='word_1_555' title='bbox 199 4700 371 4739; x_wconf 82' lang='lat' dir='ltr'><strong>conum</strong></span> <span class='ocrx_word' id='word_1_556' title='bbox 420 4686 674 4740; x_wconf 73' lang='lat' dir='ltr'><strong>Eudocia:</strong></span> <span class='ocrx_word' id='word_1_557' title='bbox 711 4687 904 4755; x_wconf 68' lang='lat' dir='ltr'><strong>reginae</strong></span> <span class='ocrx_word' id='word_1_558' title='bbox 949 4688 1091 4757; x_wconf 85' lang='lat' dir='ltr'><strong>apud</strong></span> <span class='ocrx_word' id='word_1_559' title='bbox 1128 4686 1335 4757; x_wconf 65' lang='lat' dir='ltr'><strong>Afliam</strong></span> <span class='ocrx_word' id='word_1_560' title='bbox 1378 4687 1559 4740; x_wconf 86' lang='lat' dir='ltr'><strong>urbem</strong></span> <span class='ocrx_word' id='word_1_561' title='bbox 1604 4687 1762 4739; x_wconf 85' lang='lat' dir='ltr'><strong>mini-</strong></span> 
     </span>
    </p>
   </div>
   <div class='ocr_carea' id='block_1_79' title="bbox 202 4756 1760 4826">
    <p class='ocr_par' dir='ltr' id='par_1_79' title="bbox 202 4756 1760 4826">
     <span class='ocr_line' id='line_1_80' title="bbox 202 4756 1760 4826; baseline 0.003 -22"><span class='ocrx_word' id='word_1_562' title='bbox 202 4761 433 4826; x_wconf 75' lang='lat' dir='ltr'><strong>strantes,</strong></span> <span class='ocrx_word' id='word_1_563' title='bbox 461 4758 650 4809; x_wconf 85' lang='lat' dir='ltr'><strong>missus</strong></span> <span class='ocrx_word' id='word_1_564' title='bbox 676 4758 740 4809; x_wconf 81' lang='lat' dir='ltr'><strong>ab</strong></span> <span class='ocrx_word' id='word_1_565' title='bbox 770 4758 899 4826; x_wconf 87' lang='lat' dir='ltr'><strong>imp.</strong></span> <span class='ocrx_word' id='word_1_566' title='bbox 926 4757 1210 4811; x_wconf 84' lang='lat' dir='ltr'><strong>Theodosio</strong></span> <span class='ocrx_word' id='word_1_567' title='bbox 1238 4756 1563 4811; x_wconf 81' lang='lat' dir='ltr'><strong>Saturninus</strong></span> <span class='ocrx_word' id='word_1_568' title='bbox 1590 4770 1760 4810; x_wconf 86' lang='lat' dir='ltr'><strong>comes</strong></span> 
     </span>
    </p>
   </div>
   <div class='ocr_carea' id='block_1_80' title="bbox 202 4824 1760 4896">
    <p class='ocr_par' dir='ltr' id='par_1_80' title="bbox 202 4824 1760 4896">
     <span class='ocr_line' id='line_1_81' title="bbox 202 4824 1760 4896; baseline 0.003 -21"><span class='ocrx_word' id='word_1_569' title='bbox 202 4824 586 4896; x_wconf 70' lang='lat' dir='ltr'><strong>domesticorum</strong></span> <span class='ocrx_word' id='word_1_570' title='bbox 618 4827 825 4880; x_wconf 84' lang='lat' dir='ltr'><strong>occidit.</strong></span> <span class='ocrx_word' id='word_1_571' title='bbox 848 4824 1100 4881; x_wconf 26' lang='lat' dir='ltr'><strong>‘Eudocia</strong></span> <span class='ocrx_word' id='word_1_572' title='bbox 1134 4829 1305 4881; x_wconf 84' lang='lat' dir='ltr'><strong>nescio</strong></span> <span class='ocrx_word' id='word_1_573' title='bbox 1336 4845 1437 4896; x_wconf 88' lang='lat' dir='ltr'><strong>quo</strong></span> <span class='ocrx_word' id='word_1_574' title='bbox 1464 4830 1633 4882; x_wconf 76' lang='lat' dir='ltr'><strong>excita</strong></span> <span class='ocrx_word' id='word_1_575' title='bbox 1662 4827 1760 4879; x_wconf 88' lang='lat' dir='ltr'><strong>do-</strong></span> 
     </span>
    </p>
   </div>
   <div class='ocr_carea' id='block_1_81' title="bbox 205 4890 1762 4967">
    <p class='ocr_par' dir='ltr' id='par_1_81' title="bbox 205 4890 1762 4967">
     <span class='ocr_line' id='line_1_82' title="bbox 205 4890 1762 4967; baseline 0.005 -24"><span class='ocrx_word' id='word_1_576' title='bbox 205 4890 301 4946; x_wconf 82' lang='lat' dir='ltr'><strong>lore</strong></span> <span class='ocrx_word' id='word_1_577' title='bbox 327 4936 341 4957; x_wconf 94' lang='lat'><strong>,</strong></span> <span class='ocrx_word' id='word_1_578' title='bbox 390 4895 748 4951; x_wconf 83' lang='lat' dir='ltr'><strong>Saturninum</strong></span> <span class='ocrx_word' id='word_1_579' title='bbox 791 4897 1030 4965; x_wconf 87' lang='lat' dir='ltr'><strong>protinus</strong></span> <span class='ocrx_word' id='word_1_580' title='bbox 1070 4890 1401 4951; x_wconf 69' lang='lat' dir='ltr'><strong>obtruncavit</strong></span> <span class='ocrx_word' id='word_1_581' title='bbox 1430 4914 1448 4952; x_wconf 91' lang='lat'><strong><em>:</em></strong></span> <span class='ocrx_word' id='word_1_582' title='bbox 1477 4898 1762 4967; x_wconf 75' lang='lat' dir='ltr'><strong>statimque</strong></span> 
     </span>
    </p>
   </div>
   <div class='ocr_carea' id='block_1_82' title="bbox 205 4967 1758 5038">
    <p class='ocr_par' dir='ltr' id='par_1_82' title="bbox 205 4967 1758 5038">
     <span class='ocr_line' id='line_1_83' title="bbox 205 4967 1758 5038; baseline 0.001 -19"><span class='ocrx_word' id='word_1_583' title='bbox 205 4967 567 5038; x_wconf 49' lang='lat' dir='ltr'><strong>nigritijnp.</strong></span> <span class='ocrx_word' id='word_1_584' title='bbox 623 4976 759 5020; x_wconf 88' lang='lat' dir='ltr'><strong>nutu</strong></span> <span class='ocrx_word' id='word_1_585' title='bbox 810 4968 967 5037; x_wconf 86' lang='lat' dir='ltr'><strong>regiis</strong></span> <span class='ocrx_word' id='word_1_586' title='bbox 1022 4968 1251 5033; x_wconf 85' lang='lat' dir='ltr'><strong>spoliata</strong></span> <span class='ocrx_word' id='word_1_587' title='bbox 1309 4969 1566 5022; x_wconf 80' lang='lat' dir='ltr'><strong>ministris</strong></span> <span class='ocrx_word' id='word_1_588' title='bbox 1616 4968 1758 5038; x_wconf 85' lang='lat' dir='ltr'><strong>apud</strong></span> 
     </span>
    </p>
   </div>
   <div class='ocr_carea' id='block_1_83' title="bbox 203 5031 1761 5092">
    <p class='ocr_par' dir='ltr' id='par_1_83' title="bbox 203 5031 1761 5092">
     <span class='ocr_line' id='line_1_84' title="bbox 203 5031 1761 5092; baseline 0.004 -7"><span class='ocrx_word' id='word_1_589' title='bbox 203 5031 677 5092; x_wconf 60' lang='lat' dir='ltr'><strong>£liam&#39;vitatem</strong></span> <span class='ocrx_word' id='word_1_590' title='bbox 703 5031 965 5090; x_wconf 76' lang='lat' dir='ltr'><strong>moritura</strong></span> <span class='ocrx_word' id='word_1_591' title='bbox 990 5031 1260 5091; x_wconf 80' lang='lat' dir='ltr'><strong>remansit.</strong></span> <span class='ocrx_word' id='word_1_592' title='bbox 1288 5038 1434 5092; x_wconf 89' lang='lat' dir='ltr'><strong>Idem</strong></span> <span class='ocrx_word' id='word_1_593' title='bbox 1471 5031 1761 5092; x_wconf 81' lang='lat' dir='ltr'><strong>conﬁrmat</strong></span> 
     </span>
    </p>
   </div>
   <div class='ocr_carea' id='block_1_84' title="bbox 203 5106 1761 5163">
    <p class='ocr_par' dir='ltr' id='par_1_84' title="bbox 203 5106 1761 5163">
     <span class='ocr_line' id='line_1_85' title="bbox 203 5106 1761 5163; baseline 0.005 -9"><span class='ocrx_word' id='word_1_594' title='bbox 203 5114 377 5160; x_wconf 87' lang='lat' dir='ltr'><strong>auctor</strong></span> <span class='ocrx_word' id='word_1_595' title='bbox 397 5107 643 5163; x_wconf 78' lang='lat' dir='ltr'><strong>Chronici</strong></span> <span class='ocrx_word' id='word_1_596' title='bbox 682 5106 1055 5161; x_wconf 76' lang='lat' dir='ltr'><strong>Alexandrini.</strong></span> <span class='ocrx_word' id='word_1_597' title='bbox 1086 5108 1286 5163; x_wconf 86' lang='lat' dir='ltr'><strong>Iisdem</strong></span> <span class='ocrx_word' id='word_1_598' title='bbox 1328 5110 1474 5163; x_wconf 89' lang='lat' dir='ltr'><strong>enim</strong></span> <span class='ocrx_word' id='word_1_599' title='bbox 1515 5108 1761 5162; x_wconf 91' lang='lat' dir='ltr'><strong>consuli-</strong></span> 
     </span>
    </p>
   </div>
   <div class='ocr_carea' id='block_1_85' title="bbox 204 5171 1763 5259">
    <p class='ocr_par' dir='ltr' id='par_1_85' title="bbox 204 5171 1763 5259">
     <span class='ocr_line' id='line_1_86' title="bbox 204 5171 1763 5259; baseline 0.001 -28"><span class='ocrx_word' id='word_1_600' title='bbox 204 5171 295 5259; x_wconf 57' lang='lat' dir='ltr'><strong>bus</strong></span> <span class='ocrx_word' id='word_1_601' title='bbox 309 5176 591 5259; x_wconf 73' lang='lat' dir='ltr'><strong>Paulinum</strong></span> <span class='ocrx_word' id='word_1_602' title='bbox 606 5176 1262 5259; x_wconf 25' lang='lat' dir='ltr'><strong>Mag‘istrunt-Olliciorum</strong></span> <span class='ocrx_word' id='word_1_603' title='bbox 1285 5179 1451 5259; x_wconf 56' lang='lat' dir='ltr'><strong>jussu</strong></span> <span class='ocrx_word' id='word_1_604' title='bbox 1467 5178 1763 5259; x_wconf 80' lang='lat' dir='ltr'><strong>Theodosii</strong></span> 
     </span>
    </p>
   </div>
   <div class='ocr_carea' id='block_1_86' title="bbox 204 5248 1767 5316">
    <p class='ocr_par' dir='ltr' id='par_1_86' title="bbox 204 5248 1767 5316">
     <span class='ocr_line' id='line_1_87' title="bbox 204 5248 1767 5316; baseline 0.004 -19"><span class='ocrx_word' id='word_1_605' title='bbox 204 5256 442 5316; x_wconf 78' lang='lat' dir='ltr'><strong>necatum</strong></span> <span class='ocrx_word' id='word_1_606' title='bbox 464 5255 585 5304; x_wconf 66' lang='lat' dir='ltr'><strong>esSe</strong></span> <span class='ocrx_word' id='word_1_607' title='bbox 606 5248 804 5303; x_wconf 89' lang='lat' dir='ltr'><strong>scribit</strong></span> <span class='ocrx_word' id='word_1_608' title='bbox 836 5264 850 5301; x_wconf 88' lang='lat'><strong>:</strong></span> <span class='ocrx_word' id='word_1_609' title='bbox 889 5256 1053 5316; x_wconf 88' lang='lat' dir='ltr'><strong>atque</strong></span> <span class='ocrx_word' id='word_1_610' title='bbox 1106 5248 1311 5303; x_wconf 91' lang='lat' dir='ltr'><strong>idcirco</strong></span> <span class='ocrx_word' id='word_1_611' title='bbox 1336 5249 1634 5304; x_wconf 87' lang='lat' dir='ltr'><strong>Eudoeiam</strong></span> <span class='ocrx_word' id='word_1_612' title='bbox 1667 5249 1767 5304; x_wconf 84' lang='lat' dir='ltr'><strong>do—</strong></span> 
     </span>
    </p>
   </div>
   <div class='ocr_carea' id='block_1_87' title="bbox 114 5310 1771 5388">
    <p class='ocr_par' dir='ltr' id='par_1_87' title="bbox 114 5310 1771 5388">
     <span class='ocr_line' id='line_1_88' title="bbox 114 5310 1771 5388; baseline 0.006 -25"><span class='ocrx_word' id='word_1_613' title='bbox 114 5346 117 5347; x_wconf 50' lang='grc' dir='ltr'><strong>ν</strong></span> <span class='ocrx_word' id='word_1_614' title='bbox 206 5310 311 5388; x_wconf 84' lang='lat' dir='ltr'><strong>lore</strong></span> <span class='ocrx_word' id='word_1_615' title='bbox 343 5318 616 5384; x_wconf 76' lang='lat' dir='ltr'><strong>aﬂectam,</strong></span> <span class='ocrx_word' id='word_1_616' title='bbox 642 5318 848 5388; x_wconf 88' lang='lat' dir='ltr'><strong>quippe</strong></span> <span class='ocrx_word' id='word_1_617' title='bbox 878 5310 1001 5387; x_wconf 67' lang='lat' dir='ltr'><strong>qua:</strong></span> <span class='ocrx_word' id='word_1_618' title='bbox 1037 5318 1327 5373; x_wconf 86' lang='lat' dir='ltr'><strong>Paulinum</strong></span> <span class='ocrx_word' id='word_1_619' title='bbox 1355 5335 1451 5374; x_wconf 86' lang='lat' dir='ltr'><strong>sua</strong></span> <span class='ocrx_word' id='word_1_620' title='bbox 1482 5335 1647 5374; x_wconf 87' lang='lat' dir='ltr'><strong>causa</strong></span> <span class='ocrx_word' id='word_1_621' title='bbox 1683 5320 1771 5373; x_wconf 92' lang='lat' dir='ltr'><strong>in-</strong></span> 
     </span>
    </p>
   </div>
   <div class='ocr_carea' id='block_1_88' title="bbox 208 5386 1773 5463">
    <p class='ocr_par' dir='ltr' id='par_1_88' title="bbox 208 5386 1773 5463">
     <span class='ocr_line' id='line_1_89' title="bbox 208 5386 1773 5463; baseline 0.003 -23"><span class='ocrx_word' id='word_1_622' title='bbox 208 5386 480 5463; x_wconf 50' lang='lat' dir='ltr'><strong>terfectum</strong></span> <span class='ocrx_word' id='word_1_623' title='bbox 527 5386 1231 5463; x_wconf 27' lang='lat' dir='ltr'><strong>fuisse‘seiret;_‘petii_sse</strong></span> <span class='ocrx_word' id='word_1_624' title='bbox 1276 5403 1309 5463; x_wconf 79' lang='lat' dir='ltr'><strong>a</strong></span> <span class='ocrx_word' id='word_1_625' title='bbox 1350 5389 1664 5463; x_wconf 81' lang='lat' dir='ltr'><strong>Theodosio</strong></span> <span class='ocrx_word' id='word_1_626' title='bbox 1710 5399 1773 5444; x_wconf 88' lang='lat' dir='ltr'><strong>ut</strong></span> 
     </span>
    </p>
   </div>
   <div class='ocr_carea' id='block_1_89' title="bbox 208 5448 1773 5529">
    <p class='ocr_par' dir='ltr' id='par_1_89' title="bbox 208 5448 1773 5529">
     <span class='ocr_line' id='line_1_90' title="bbox 208 5448 1773 5529; baseline 0.006 -24"><span class='ocrx_word' id='word_1_627' title='bbox 208 5448 559 5529; x_wconf 73' lang='lat' dir='ltr'><strong>Hierosolyma</strong></span> <span class='ocrx_word' id='word_1_628' title='bbox 592 5448 982 5529; x_wconf 77' lang='lat' dir='ltr'><strong>proﬁciscendi</strong></span> <span class='ocrx_word' id='word_1_629' title='bbox 1005 5448 1250 5529; x_wconf 71' lang='lat' dir='ltr'><strong>facultas</strong></span> <span class='ocrx_word' id='word_1_630' title='bbox 1297 5458 1404 5529; x_wconf 91' lang='lat' dir='ltr'><strong>ipsi</strong></span> <span class='ocrx_word' id='word_1_631' title='bbox 1441 5461 1773 5515; x_wconf 85' lang='lat' dir='ltr'><strong>concedere-</strong></span> 
     </span>
    </p>
   </div>
   <div class='ocr_carea' id='block_1_90' title="bbox 207 5526 1770 5585">
    <p class='ocr_par' dir='ltr' id='par_1_90' title="bbox 207 5526 1770 5585">
     <span class='ocr_line' id='line_1_91' title="bbox 207 5526 1770 5585; baseline 0.006 -12"><span class='ocrx_word' id='word_1_632' title='bbox 207 5528 303 5575; x_wconf 89' lang='lat' dir='ltr'><strong>tnr.</strong></span> <span class='ocrx_word' id='word_1_633' title='bbox 344 5526 690 5583; x_wconf 76' lang='lat' dir='ltr'><strong>Marcellinus</strong></span> <span class='ocrx_word' id='word_1_634' title='bbox 732 5537 914 5583; x_wconf 86' lang='lat' dir='ltr'><strong>tamen</strong></span> <span class='ocrx_word' id='word_1_635' title='bbox 943 5528 997 5581; x_wconf 91' lang='lat' dir='ltr'><strong>in</strong></span> <span class='ocrx_word' id='word_1_636' title='bbox 1037 5527 1292 5583; x_wconf 82' lang='lat' dir='ltr'><strong>Chronico</strong></span> <span class='ocrx_word' id='word_1_637' title='bbox 1320 5526 1532 5585; x_wconf 84' lang='lat' dir='ltr'><strong>Paulini</strong></span> <span class='ocrx_word' id='word_1_638' title='bbox 1567 5530 1770 5584; x_wconf 64' lang='lat' dir='ltr'><strong>caedem</strong></span> 
     </span>
    </p>
   </div>
   <div class='ocr_carea' id='block_1_91' title="bbox 208 5596 1771 5663">
    <p class='ocr_par' dir='ltr' id='par_1_91' title="bbox 208 5596 1771 5663">
     <span class='ocr_line' id='line_1_92' title="bbox 208 5596 1771 5663; baseline 0.007 -19"><span class='ocrx_word' id='word_1_639' title='bbox 208 5596 363 5649; x_wconf 82' lang='lat' dir='ltr'><strong>refert</strong></span> <span class='ocrx_word' id='word_1_640' title='bbox 388 5613 529 5651; x_wconf 90' lang='lat' dir='ltr'><strong>anno</strong></span> <span class='ocrx_word' id='word_1_641' title='bbox 557 5598 766 5654; x_wconf 86' lang='lat' dir='ltr'><strong>Christi</strong></span> <span class='ocrx_word' id='word_1_642' title='bbox 799 5598 928 5663; x_wconf 75' lang='grc'><strong>440,</strong></span> <span class='ocrx_word' id='word_1_643' title='bbox 957 5597 1342 5653; x_wconf 80' lang='lat' dir='ltr'><strong>Valentiniano</strong></span> <span class='ocrx_word' id='word_1_644' title='bbox 1373 5617 1405 5653; x_wconf 90' lang='lat' dir='ltr'><strong>v</strong></span> <span class='ocrx_word' id='word_1_645' title='bbox 1439 5611 1494 5655; x_wconf 88' lang='lat' dir='ltr'><strong>et</strong></span> <span class='ocrx_word' id='word_1_646' title='bbox 1515 5600 1771 5655; x_wconf 85' lang='lat' dir='ltr'><strong>Anatolio</strong></span> 
     </span>
    </p>
   </div>
   <div class='ocr_carea' id='block_1_92' title="bbox 207 5667 1770 5726">
    <p class='ocr_par' dir='ltr' id='par_1_92' title="bbox 207 5667 1770 5726">
     <span class='ocr_line' id='line_1_93' title="bbox 207 5667 1770 5726; baseline 0.006 -12"><span class='ocrx_word' id='word_1_647' title='bbox 207 5674 337 5719; x_wconf 83' lang='lat' dir='ltr'><strong>coss.</strong></span> <span class='ocrx_word' id='word_1_648' title='bbox 362 5667 597 5725; x_wconf 85' lang='lat' dir='ltr'><strong>Proinde</strong></span> <span class='ocrx_word' id='word_1_649' title='bbox 624 5669 671 5725; x_wconf 91' lang='lat' dir='ltr'><strong>si</strong></span> <span class='ocrx_word' id='word_1_650' title='bbox 704 5668 777 5724; x_wconf 90' lang='lat' dir='ltr'><strong>ob</strong></span> <span class='ocrx_word' id='word_1_651' title='bbox 819 5668 1033 5724; x_wconf 89' lang='lat' dir='ltr'><strong>Paulini</strong></span> <span class='ocrx_word' id='word_1_652' title='bbox 1064 5670 1269 5724; x_wconf 71' lang='lat' dir='ltr'><strong>caedem</strong></span> <span class='ocrx_word' id='word_1_653' title='bbox 1300 5670 1545 5726; x_wconf 85' lang='lat' dir='ltr'><strong>Eudocia</strong></span> <span class='ocrx_word' id='word_1_654' title='bbox 1569 5671 1770 5725; x_wconf 90' lang='lat' dir='ltr'><strong>iterum</strong></span> 
     </span>
    </p>
   </div>
   <div class='ocr_carea' id='block_1_93' title="bbox 1856 3208 3435 3282">
    <p class='ocr_par' dir='ltr' id='par_1_93' title="bbox 1856 3208 3435 3282">
     <span class='ocr_line' id='line_1_94' title="bbox 1856 3208 3435 3282; baseline 0.006 -21"><span class='ocrx_word' id='word_1_655' title='bbox 1856 3208 1989 3262; x_wconf 92' lang='lat' dir='ltr'><strong>nino</strong></span> <span class='ocrx_word' id='word_1_656' title='bbox 2010 3208 2210 3282; x_wconf 71' lang='lat' dir='ltr'><strong>comite</strong></span> <span class='ocrx_word' id='word_1_657' title='bbox 2223 3224 2385 3276; x_wconf 83' lang='lat' dir='ltr'><strong>quem</strong></span> <span class='ocrx_word' id='word_1_658' title='bbox 2406 3208 2649 3282; x_wconf 25' lang='lat' dir='ltr'><strong>Eudoc‘ia</strong></span> <span class='ocrx_word' id='word_1_659' title='bbox 2666 3212 2803 3282; x_wconf 62' lang='lat' dir='ltr'><strong>Aug.</strong></span> <span class='ocrx_word' id='word_1_660' title='bbox 2840 3208 3227 3282; x_wconf 62' lang='lat' dir='ltr'><strong>Hierosolyma</strong></span> <span class='ocrx_word' id='word_1_661' title='bbox 3256 3215 3435 3271; x_wconf 86' lang='lat' dir='ltr'><strong>occidi</strong></span> 
     </span>
    </p>
   </div>
   <div class='ocr_carea' id='block_1_94' title="bbox 1855 3278 3439 3349">
    <p class='ocr_par' dir='ltr' id='par_1_94' title="bbox 1855 3278 3439 3349">
     <span class='ocr_line' id='line_1_95' title="bbox 1855 3278 3439 3349; baseline 0.007 -18"><span class='ocrx_word' id='word_1_662' title='bbox 1855 3278 2139 3349; x_wconf 61' lang='lat' dir='ltr'><strong>praacepit,</strong></span> <span class='ocrx_word' id='word_1_663' title='bbox 2176 3278 2331 3333; x_wconf 90' lang='lat' dir='ltr'><strong>locus</strong></span> <span class='ocrx_word' id='word_1_664' title='bbox 2364 3287 2544 3332; x_wconf 77' lang='lat' dir='ltr'><strong>exstat</strong></span> <span class='ocrx_word' id='word_1_665' title='bbox 2591 3279 2647 3333; x_wconf 93' lang='lat' dir='ltr'><strong>in</strong></span> <span class='ocrx_word' id='word_1_666' title='bbox 2686 3278 2920 3333; x_wconf 74' lang='lat' dir='ltr'><strong>Historia</strong></span> <span class='ocrx_word' id='word_1_667' title='bbox 2969 3278 3143 3336; x_wconf 83' lang='lat' dir='ltr'><strong>Prisci</strong></span> <span class='ocrx_word' id='word_1_668' title='bbox 3196 3283 3439 3342; x_wconf 86' lang='lat' dir='ltr'><strong>rhetoris</strong></span> 
     </span>
    </p>
   </div>
   <div class='ocr_carea' id='block_1_95' title="bbox 1856 3348 3439 3420">
    <p class='ocr_par' dir='ltr' id='par_1_95' title="bbox 1856 3348 3439 3420">
     <span class='ocr_line' id='line_1_96' title="bbox 1856 3348 3439 3420; baseline -0.004 -16"><span class='ocrx_word' id='word_1_669' title='bbox 1856 3348 1979 3419; x_wconf 86' lang='lat' dir='ltr'><strong>pag.</strong></span> <span class='ocrx_word' id='word_1_670' title='bbox 2009 3349 2098 3420; x_wconf 72' lang='grc'>54,</span> <span class='ocrx_word' id='word_1_671' title='bbox 2131 3364 2294 3420; x_wconf 89' lang='lat' dir='ltr'><strong>quem</strong></span> <span class='ocrx_word' id='word_1_672' title='bbox 2344 3348 2737 3420; x_wconf 83' lang='lat' dir='ltr'><strong>hicapponam</strong></span> <span class='ocrx_word' id='word_1_673' title='bbox 2791 3349 2889 3403; x_wconf 77' lang='grc' dir='ltr'><strong>καὶ</strong></span> <span class='ocrx_word' id='word_1_674' title='bbox 2943 3349 3084 3420; x_wconf 78' lang='grc' dir='ltr'>πρὸς</span> <span class='ocrx_word' id='word_1_675' title='bbox 3130 3352 3290 3407; x_wconf 82' lang='grc' dir='ltr'>τοῦτο</span> <span class='ocrx_word' id='word_1_676' title='bbox 3341 3357 3439 3409; x_wconf 78' lang='grc' dir='ltr'><strong>ἐπ.</strong></span> 
     </span>
    </p>
   </div>
   <div class='ocr_carea' id='block_1_96' title="bbox 1860 3418 3437 3492">
    <p class='ocr_par' dir='ltr' id='par_1_96' title="bbox 1860 3418 3437 3492">
     <span class='ocr_line' id='line_1_97' title="bbox 1860 3418 3437 3492; baseline 0.003 -20"><span class='ocrx_word' id='word_1_677' title='bbox 1860 3418 2047 3472; x_wconf 72' lang='grc' dir='ltr'>ἔνευσε</span> <span class='ocrx_word' id='word_1_678' title='bbox 2077 3418 2349 3492; x_wconf 80' lang='grc' dir='ltr'>βασιλεὺς,</span> <span class='ocrx_word' id='word_1_679' title='bbox 2372 3419 2467 3471; x_wconf 76' lang='grc' dir='ltr'>καὶ</span> <span class='ocrx_word' id='word_1_680' title='bbox 2486 3419 2815 3492; x_wconf 22' lang='grc' dir='ltr'>λΣατορνίλου</span> <span class='ocrx_word' id='word_1_681' title='bbox 2848 3418 3137 3492; x_wconf 79' lang='grc' dir='ltr'>περιουσίᾳ</span> <span class='ocrx_word' id='word_1_682' title='bbox 3171 3426 3263 3478; x_wconf 76' lang='grc' dir='ltr'><strong>καὶ</strong></span> <span class='ocrx_word' id='word_1_683' title='bbox 3290 3425 3437 3492; x_wconf 83' lang='grc' dir='ltr'>γένει</span> 
     </span>
    </p>
   </div>
   <div class='ocr_carea' id='block_1_97' title="bbox 1856 3489 3436 3560">
    <p class='ocr_par' dir='ltr' id='par_1_97' title="bbox 1856 3489 3436 3560">
     <span class='ocr_line' id='line_1_98' title="bbox 1856 3489 3436 3560; baseline -0.004 -17"><span class='ocrx_word' id='word_1_684' title='bbox 1856 3489 2254 3559; x_wconf 83' lang='grc' dir='ltr'>κοσμουμένου,</span> <span class='ocrx_word' id='word_1_685' title='bbox 2296 3489 2575 3560; x_wconf 80' lang='grc' dir='ltr'>θυγατέρα</span> <span class='ocrx_word' id='word_1_686' title='bbox 2606 3492 2818 3560; x_wconf 71' lang='grc' dir='ltr'>εἰρήκει</span> <span class='ocrx_word' id='word_1_687' title='bbox 2847 3489 3063 3560; x_wconf 73' lang='grc' dir='ltr'>σώσεινο</span> <span class='ocrx_word' id='word_1_688' title='bbox 3104 3489 3194 3546; x_wconf 79' lang='grc' dir='ltr'>τὸν</span> <span class='ocrx_word' id='word_1_689' title='bbox 3237 3489 3436 3551; x_wconf 65' lang='grc' dir='ltr'><strong>δὲ’Σα.</strong></span> 
     </span>
    </p>
   </div>
   <div class='ocr_carea' id='block_1_98' title="bbox 1854 3558 3440 3636">
    <p class='ocr_par' dir='ltr' id='par_1_98' title="bbox 1854 3558 3440 3636">
     <span class='ocr_line' id='line_1_99' title="bbox 1854 3558 3440 3636; baseline 0.004 -23"><span class='ocrx_word' id='word_1_690' title='bbox 1854 3560 2099 3636; x_wconf 79' lang='grc' dir='ltr'>τορνίλον</span> <span class='ocrx_word' id='word_1_691' title='bbox 2142 3560 2409 3636; x_wconf 50' lang='lat' dir='ltr'><strong>amplius}</strong></span> <span class='ocrx_word' id='word_1_692' title='bbox 2458 3558 2793 3636; x_wconf 75' lang='grc' dir='ltr'>Ἀθῃναῒς,ἥ</span> <span class='ocrx_word' id='word_1_693' title='bbox 2825 3559 2921 3614; x_wconf 79' lang='grc' dir='ltr'><strong>καὶ</strong></span> <span class='ocrx_word' id='word_1_694' title='bbox 2958 3560 3192 3618; x_wconf 81' lang='grc' dir='ltr'>Εὐδοκία</span> <span class='ocrx_word' id='word_1_695' title='bbox 3215 3604 3231 3627; x_wconf 94' lang='grc'><strong>,</strong></span> <span class='ocrx_word' id='word_1_696' title='bbox 3259 3565 3440 3636; x_wconf 75' lang='grc' dir='ltr'>ἀμφο-</span> 
     </span>
    </p>
   </div>
   <div class='ocr_carea' id='block_1_99' title="bbox 1856 3577 2949 3701">
    <p class='ocr_par' dir='ltr' id='par_1_99' title="bbox 1856 3577 2949 3701">
     <span class='ocr_line' id='line_1_100' title="bbox 1856 3577 2921 3683; baseline -0.002 -70"><span class='ocrx_word' id='word_1_697' title='bbox 1856 3577 2099 3633; x_wconf 73' lang='grc' dir='ltr'>τορνιλον</span> <span class='ocrx_word' id='word_1_698' title='bbox 2142 3577 2409 3683; x_wconf 59' lang='grc' dir='ltr'>ανπὲρηκει</span> <span class='ocrx_word' id='word_1_699' title='bbox 2463 3577 2733 3647; x_wconf 61' lang='grc' dir='ltr'>Ἀυῃναις,</span> <span class='ocrx_word' id='word_1_700' title='bbox 2759 3577 2793 3631; x_wconf 82' lang='grc' dir='ltr'><strong>η</strong></span> <span class='ocrx_word' id='word_1_701' title='bbox 2825 3577 2921 3614; x_wconf 87' lang='grc' dir='ltr'>και</span> 
     </span>
     <span class='ocr_line' id='line_1_101' title="bbox 1856 3629 2949 3701; baseline 0.002 -18"><span class='ocrx_word' id='word_1_702' title='bbox 1856 3630 2035 3701; x_wconf 78' lang='grc' dir='ltr'>τέροις</span> <span class='ocrx_word' id='word_1_703' title='bbox 2067 3646 2175 3700; x_wconf 81' lang='grc' dir='ltr'><strong>γαρ</strong></span> <span class='ocrx_word' id='word_1_704' title='bbox 2249 3629 2465 3701; x_wconf 65' lang='grc' dir='ltr'>καλειτο</span> <span class='ocrx_word' id='word_1_705' title='bbox 2488 3648 2600 3692; x_wconf 87' lang='grc' dir='ltr'>τοις</span> <span class='ocrx_word' id='word_1_706' title='bbox 2626 3631 2905 3701; x_wconf 82' lang='grc' dir='ltr'>ὀνόμασιν.</span> <span class='ocrx_word' id='word_1_707' title='bbox 2946 3666 2949 3669; x_wconf 66' lang='grc'><strong>»</strong></span> 
     </span>
    </p>
   </div>
   <div class='ocr_carea' id='block_1_100' title="bbox 1930 3699 3432 3773">
    <p class='ocr_par' dir='ltr' id='par_1_100' title="bbox 1930 3699 3432 3773">
     <span class='ocr_line' id='line_1_102' title="bbox 1930 3699 3432 3773; baseline 0.005 -19"><span class='ocrx_word' id='word_1_708' title='bbox 1930 3699 2043 3770; x_wconf 70' lang='lat'><strong>(93)</strong></span> <span class='ocrx_word' id='word_1_709' title='bbox 2078 3699 2331 3773; x_wconf 53' lang='lat' dir='ltr'><strong>narrat;</strong></span> <span class='ocrx_word' id='word_1_710' title='bbox 2378 3699 2760 3773; x_wconf 48' lang='grc' dir='ltr'>καλουμένας</span> <span class='ocrx_word' id='word_1_711' title='bbox 2815 3705 3066 3773; x_wconf 75' lang='grc' dir='ltr'>λαύρας.</span> <span class='ocrx_word' id='word_1_712' title='bbox 3116 3701 3293 3761; x_wconf 85' lang='lat' dir='ltr'><strong>Laura</strong></span> <span class='ocrx_word' id='word_1_713' title='bbox 3324 3704 3409 3761; x_wconf 85' lang='lat' dir='ltr'><strong>dif</strong></span> <span class='ocrx_word' id='word_1_714' title='bbox 3416 3734 3432 3748; x_wconf 69' lang='grc' dir='ltr'><strong>ε</strong></span> 
     </span>
    </p>
   </div>
   <div class='ocr_carea' id='block_1_101' title="bbox 1857 3770 3441 3841">
    <p class='ocr_par' dir='ltr' id='par_1_101' title="bbox 1857 3770 3441 3841">
     <span class='ocr_line' id='line_1_103' title="bbox 1857 3770 3441 3841; baseline 0.004 -17"><span class='ocrx_word' id='word_1_715' title='bbox 1857 3770 1965 3824; x_wconf 82' lang='lat' dir='ltr'><strong>fert</strong></span> <span class='ocrx_word' id='word_1_716' title='bbox 1989 3787 2019 3825; x_wconf 89' lang='lat' dir='ltr'><strong>a</strong></span> <span class='ocrx_word' id='word_1_717' title='bbox 2045 3771 2321 3834; x_wconf 71' lang='lat' dir='ltr'><strong>cmnobio,</strong></span> <span class='ocrx_word' id='word_1_718' title='bbox 2345 3785 2413 3825; x_wconf 91' lang='lat' dir='ltr'><strong>eo</strong></span> <span class='ocrx_word' id='word_1_719' title='bbox 2443 3772 2590 3841; x_wconf 89' lang='lat' dir='ltr'><strong>quod</strong></span> <span class='ocrx_word' id='word_1_720' title='bbox 2621 3772 2772 3826; x_wconf 89' lang='lat' dir='ltr'><strong>laura</strong></span> <span class='ocrx_word' id='word_1_721' title='bbox 2801 3770 3023 3841; x_wconf 79' lang='lat' dir='ltr'><strong>quidem</strong></span> <span class='ocrx_word' id='word_1_722' title='bbox 3052 3782 3268 3829; x_wconf 89' lang='lat' dir='ltr'><strong>constat</strong></span> <span class='ocrx_word' id='word_1_723' title='bbox 3299 3777 3441 3831; x_wconf 85' lang='lat' dir='ltr'><strong>mul-</strong></span> 
     </span>
    </p>
   </div>
   <div class='ocr_carea' id='block_1_102' title="bbox 1861 3841 3437 3914">
    <p class='ocr_par' dir='ltr' id='par_1_102' title="bbox 1861 3841 3437 3914">
     <span class='ocr_line' id='line_1_104' title="bbox 1861 3841 3437 3914; baseline 0.003 -17"><span class='ocrx_word' id='word_1_724' title='bbox 1861 3842 1931 3897; x_wconf 85' lang='lat' dir='ltr'><strong>tis</strong></span> <span class='ocrx_word' id='word_1_725' title='bbox 1964 3842 2119 3897; x_wconf 88' lang='lat' dir='ltr'><strong>cellis</strong></span> <span class='ocrx_word' id='word_1_726' title='bbox 2156 3841 2383 3914; x_wconf 87' lang='lat' dir='ltr'><strong>longe__a</strong></span> <span class='ocrx_word' id='word_1_727' title='bbox 2414 3858 2473 3895; x_wconf 90' lang='lat' dir='ltr'><strong>se</strong></span> <span class='ocrx_word' id='word_1_728' title='bbox 2504 3841 2738 3914; x_wconf 82' lang='lat' dir='ltr'><strong>invicem</strong></span> <span class='ocrx_word' id='word_1_729' title='bbox 2770 3842 3083 3914; x_wconf 75' lang='lat' dir='ltr'><strong>disiunctis,</strong></span> <span class='ocrx_word' id='word_1_730' title='bbox 3121 3845 3437 3902; x_wconf 72' lang='lat' dir='ltr'><strong>cmnobiunt</strong></span> 
     </span>
    </p>
   </div>
   <div class='ocr_carea' id='block_1_103' title="bbox 1858 3912 3439 3984">
    <p class='ocr_par' dir='ltr' id='par_1_103' title="bbox 1858 3912 3439 3984">
     <span class='ocr_line' id='line_1_105' title="bbox 1858 3912 3439 3984; baseline 0.003 -17"><span class='ocrx_word' id='word_1_731' title='bbox 1858 3928 1989 3984; x_wconf 77' lang='lat' dir='ltr'><strong>vero</strong></span> <span class='ocrx_word' id='word_1_732' title='bbox 2021 3928 2132 3967; x_wconf 92' lang='lat' dir='ltr'><strong>uno</strong></span> <span class='ocrx_word' id='word_1_733' title='bbox 2178 3912 2454 3984; x_wconf 76' lang='lat' dir='ltr'><strong>clauditur</strong></span> <span class='ocrx_word' id='word_1_734' title='bbox 2482 3927 2661 3984; x_wconf 88' lang='lat' dir='ltr'><strong>muro.</strong></span> <span class='ocrx_word' id='word_1_735' title='bbox 2698 3913 2765 3967; x_wconf 88' lang='lat' dir='ltr'><strong>Et</strong></span> <span class='ocrx_word' id='word_1_736' title='bbox 2808 3912 2868 3967; x_wconf 84' lang='lat' dir='ltr'><strong>in</strong></span> <span class='ocrx_word' id='word_1_737' title='bbox 2898 3915 3052 3970; x_wconf 87' lang='lat' dir='ltr'><strong>laura</strong></span> <span class='ocrx_word' id='word_1_738' title='bbox 3081 3914 3304 3984; x_wconf 90' lang='lat' dir='ltr'><strong>quidem</strong></span> <span class='ocrx_word' id='word_1_739' title='bbox 3338 3918 3439 3971; x_wconf 90' lang='lat' dir='ltr'><strong>de-</strong></span> 
     </span>
    </p>
   </div>
   <div class='ocr_carea' id='block_1_104' title="bbox 1859 3983 3437 4053">
    <p class='ocr_par' dir='ltr' id='par_1_104' title="bbox 1859 3983 3437 4053">
     <span class='ocr_line' id='line_1_106' title="bbox 1859 3983 3437 4053; baseline 0.003 -16"><span class='ocrx_word' id='word_1_740' title='bbox 1859 3983 2059 4053; x_wconf 82' lang='lat' dir='ltr'><strong>gebant</strong></span> <span class='ocrx_word' id='word_1_741' title='bbox 2099 3983 2489 4038; x_wconf 84' lang='lat' dir='ltr'><strong>anachoretae:</strong></span> <span class='ocrx_word' id='word_1_742' title='bbox 2530 3983 2584 4036; x_wconf 92' lang='lat' dir='ltr'><strong>in</strong></span> <span class='ocrx_word' id='word_1_743' title='bbox 2643 3985 2896 4039; x_wconf 75' lang='lat' dir='ltr'><strong>cmnobio</strong></span> <span class='ocrx_word' id='word_1_744' title='bbox 2940 3983 3123 4040; x_wconf 86' lang='lat' dir='ltr'><strong>autem</strong></span> <span class='ocrx_word' id='word_1_745' title='bbox 3180 3988 3437 4042; x_wconf 89' lang='lat' dir='ltr'><strong>monachi</strong></span> 
     </span>
    </p>
   </div>
   <div class='ocr_carea' id='block_1_105' title="bbox 1859 4053 3440 4127">
    <p class='ocr_par' dir='ltr' id='par_1_105' title="bbox 1859 4053 3440 4127">
     <span class='ocr_line' id='line_1_107' title="bbox 1859 4053 3440 4127; baseline 0.004 -20"><span class='ocrx_word' id='word_1_746' title='bbox 1859 4054 2023 4127; x_wconf 83' lang='lat' dir='ltr'><strong>simul</strong></span> <span class='ocrx_word' id='word_1_747' title='bbox 2055 4054 2539 4127; x_wconf 60' lang='lat' dir='ltr'><strong>vivebant._l)oc_et</strong></span> <span class='ocrx_word' id='word_1_748' title='bbox 2577 4053 2911 4127; x_wconf 63' lang='lat' dir='ltr'><strong>id_Cyrilltts</strong></span> <span class='ocrx_word' id='word_1_749' title='bbox 2954 4056 3440 4127; x_wconf 83' lang='lat' dir='ltr'><strong>Scythopolitanus</strong></span> 
     </span>
    </p>
   </div>
   <div class='ocr_carea' id='block_1_106' title="bbox 1860 4123 3443 4196">
    <p class='ocr_par' dir='ltr' id='par_1_106' title="bbox 1860 4123 3443 4196">
     <span class='ocr_line' id='line_1_108' title="bbox 1860 4123 3443 4196; baseline 0.003 -18"><span class='ocrx_word' id='word_1_750' title='bbox 1860 4123 1917 4178; x_wconf 90' lang='lat' dir='ltr'><strong>in</strong></span> <span class='ocrx_word' id='word_1_751' title='bbox 1951 4125 2063 4179; x_wconf 86' lang='lat' dir='ltr'><strong>vita</strong></span> <span class='ocrx_word' id='word_1_752' title='bbox 2084 4123 2361 4196; x_wconf 83' lang='lat' dir='ltr'><strong>Euthymii</strong></span> <span class='ocrx_word' id='word_1_753' title='bbox 2383 4165 2396 4188; x_wconf 95' lang='lat'><strong>,</strong></span> <span class='ocrx_word' id='word_1_754' title='bbox 2434 4123 2518 4178; x_wconf 89' lang='lat' dir='ltr'><strong>his</strong></span> <span class='ocrx_word' id='word_1_755' title='bbox 2549 4123 2735 4179; x_wconf 81' lang='lat' dir='ltr'><strong>verbis</strong></span> <span class='ocrx_word' id='word_1_756' title='bbox 2768 4142 2781 4177; x_wconf 93' lang='lat'><strong>:</strong></span> <span class='ocrx_word' id='word_1_757' title='bbox 2816 4124 2882 4180; x_wconf 81' lang='lat' dir='ltr'><strong>Te</strong></span> <span class='ocrx_word' id='word_1_758' title='bbox 2927 4123 3104 4179; x_wconf 74' lang='lat' dir='ltr'><strong>autem</strong></span> <span class='ocrx_word' id='word_1_759' title='bbox 3132 4123 3333 4196; x_wconf 80' lang='lat' dir='ltr'><strong>oportet</strong></span> <span class='ocrx_word' id='word_1_760' title='bbox 3356 4146 3443 4183; x_wconf 84' lang='lat' dir='ltr'><strong>ve-</strong></span> 
     </span>
    </p>
   </div>
   <div class='ocr_carea' id='block_1_107' title="bbox 1861 4195 3443 4266">
    <p class='ocr_par' dir='ltr' id='par_1_107' title="bbox 1861 4195 3443 4266">
     <span class='ocr_line' id='line_1_109' title="bbox 1861 4195 3443 4266; baseline 0.003 -18"><span class='ocrx_word' id='word_1_761' title='bbox 1861 4196 1975 4249; x_wconf 87' lang='lat' dir='ltr'><strong>nire</strong></span> <span class='ocrx_word' id='word_1_762' title='bbox 2003 4197 2072 4248; x_wconf 87' lang='lat' dir='ltr'><strong>ad</strong></span> <span class='ocrx_word' id='word_1_763' title='bbox 2092 4212 2262 4249; x_wconf 89' lang='lat' dir='ltr'><strong>meam</strong></span> <span class='ocrx_word' id='word_1_764' title='bbox 2285 4195 2543 4257; x_wconf 80' lang='lat' dir='ltr'><strong>Laurent,</strong></span> <span class='ocrx_word' id='word_1_765' title='bbox 2586 4203 2635 4247; x_wconf 88' lang='lat' dir='ltr'><strong>et</strong></span> <span class='ocrx_word' id='word_1_766' title='bbox 2680 4202 2911 4265; x_wconf 66' lang='lat' dir='ltr'><strong>[rutrum</strong></span> <span class='ocrx_word' id='word_1_767' title='bbox 2945 4195 3340 4266; x_wconf 84' lang='lat' dir='ltr'><strong>quidemcellas</strong></span> <span class='ocrx_word' id='word_1_768' title='bbox 3362 4198 3443 4252; x_wconf 87' lang='lat' dir='ltr'><strong>di-</strong></span> 
     </span>
    </p>
   </div>
   <div class='ocr_carea' id='block_1_108' title="bbox 1861 4266 3441 4337">
    <p class='ocr_par' dir='ltr' id='par_1_108' title="bbox 1861 4266 3441 4337">
     <span class='ocr_line' id='line_1_110' title="bbox 1861 4266 3441 4337; baseline 0.001 -17"><span class='ocrx_word' id='word_1_769' title='bbox 1861 4282 2014 4337; x_wconf 79' lang='lat' dir='ltr'><strong>ruere</strong></span> <span class='ocrx_word' id='word_1_770' title='bbox 2038 4266 2102 4319; x_wconf 88' lang='lat' dir='ltr'><strong>ab</strong></span> <span class='ocrx_word' id='word_1_771' title='bbox 2139 4267 2264 4337; x_wconf 85' lang='lat' dir='ltr'><strong>ipsis</strong></span> <span class='ocrx_word' id='word_1_772' title='bbox 2285 4266 2678 4337; x_wconf 77' lang='lat' dir='ltr'><strong>fundamentis,</strong></span> <span class='ocrx_word' id='word_1_773' title='bbox 2712 4268 3000 4320; x_wconf 67' lang='lat' dir='ltr'><strong>coenobium</strong></span> <span class='ocrx_word' id='word_1_774' title='bbox 3032 4267 3441 4337; x_wconf 64' lang='lat' dir='ltr'><strong>veroatdiﬁcare</strong></span> 
     </span>
    </p>
   </div>
   <div class='ocr_carea' id='block_1_109' title="bbox 1860 4335 3441 4403">
    <p class='ocr_par' dir='ltr' id='par_1_109' title="bbox 1860 4335 3441 4403">
     <span class='ocr_line' id='line_1_111' title="bbox 1860 4335 3441 4403; baseline 0.001 -14"><span class='ocrx_word' id='word_1_775' title='bbox 1860 4336 1991 4402; x_wconf 82' lang='lat' dir='ltr'><strong>illic,</strong></span> <span class='ocrx_word' id='word_1_776' title='bbox 2051 4335 2356 4390; x_wconf 25' lang='lat' dir='ltr'><strong>ubi‘meum</strong></span> <span class='ocrx_word' id='word_1_777' title='bbox 2409 4335 2682 4403; x_wconf 76' lang='lat' dir='ltr'><strong>wdiﬁcasti</strong></span> <span class='ocrx_word' id='word_1_778' title='bbox 2732 4339 3106 4391; x_wconf 74' lang='lat' dir='ltr'><strong>caemeterium.</strong></span> <span class='ocrx_word' id='word_1_779' title='bbox 3152 4335 3268 4390; x_wconf 84' lang='lat' dir='ltr'><strong>Non</strong></span> <span class='ocrx_word' id='word_1_780' title='bbox 3300 4340 3441 4391; x_wconf 87' lang='lat' dir='ltr'><strong>enim</strong></span> 
     </span>
    </p>
   </div>
   <div class='ocr_carea' id='block_1_110' title="bbox 1866 4405 3440 4477">
    <p class='ocr_par' dir='ltr' id='par_1_110' title="bbox 1866 4405 3440 4477">
     <span class='ocr_line' id='line_1_112' title="bbox 1866 4405 3440 4477; baseline 0.002 -18"><span class='ocrx_word' id='word_1_781' title='bbox 1866 4406 2105 4471; x_wconf 80' lang='lat' dir='ltr'><strong>laurum,</strong></span> <span class='ocrx_word' id='word_1_782' title='bbox 2131 4408 2221 4460; x_wconf 84' lang='lat' dir='ltr'><strong>sed</strong></span> <span class='ocrx_word' id='word_1_783' title='bbox 2240 4408 2529 4461; x_wconf 66' lang='lat' dir='ltr'><strong>caenobium</strong></span> <span class='ocrx_word' id='word_1_784' title='bbox 2552 4409 2739 4477; x_wconf 73' lang='lat' dir='ltr'><strong>potius</strong></span> <span class='ocrx_word' id='word_1_785' title='bbox 2764 4423 2874 4461; x_wconf 85' lang='lat' dir='ltr'><strong>esse</strong></span> <span class='ocrx_word' id='word_1_786' title='bbox 2899 4407 3089 4466; x_wconf 88' lang='lat' dir='ltr'><strong>locum.</strong></span> <span class='ocrx_word' id='word_1_787' title='bbox 3121 4405 3223 4460; x_wconf 81' lang='lat' dir='ltr'><strong>Deo</strong></span> <span class='ocrx_word' id='word_1_788' title='bbox 3244 4406 3440 4476; x_wconf 80' lang='lat' dir='ltr'><strong>placet.</strong></span> 
     </span>
    </p>
   </div>
   <div class='ocr_carea' id='block_1_111' title="bbox 1862 4475 3445 4548">
    <p class='ocr_par' dir='ltr' id='par_1_111' title="bbox 1862 4475 3445 4548">
     <span class='ocr_line' id='line_1_113' title="bbox 1862 4475 3445 4548; baseline 0.001 -17"><span class='ocrx_word' id='word_1_789' title='bbox 1862 4477 2012 4533; x_wconf 89' lang='lat' dir='ltr'><strong>ldem</strong></span> <span class='ocrx_word' id='word_1_790' title='bbox 2039 4476 2276 4548; x_wconf 89' lang='lat' dir='ltr'><strong>Cyrillus</strong></span> <span class='ocrx_word' id='word_1_791' title='bbox 2305 4477 2360 4531; x_wconf 94' lang='lat' dir='ltr'><strong>in</strong></span> <span class='ocrx_word' id='word_1_792' title='bbox 2391 4477 2507 4531; x_wconf 85' lang='lat' dir='ltr'><strong>Vita</strong></span> <span class='ocrx_word' id='word_1_793' title='bbox 2538 4475 2595 4532; x_wconf 27' lang='lat' dir='ltr'><strong>S‘.</strong></span> <span class='ocrx_word' id='word_1_794' title='bbox 2634 4476 2818 4539; x_wconf 76' lang='lat' dir='ltr'><strong>Sabw,</strong></span> <span class='ocrx_word' id='word_1_795' title='bbox 2851 4477 3147 4548; x_wconf 85' lang='lat' dir='ltr'><strong>discrimen</strong></span> <span class='ocrx_word' id='word_1_796' title='bbox 3177 4475 3331 4548; x_wconf 81' lang='lat' dir='ltr'><strong>istud</strong></span> <span class='ocrx_word' id='word_1_797' title='bbox 3359 4479 3445 4532; x_wconf 91' lang='lat' dir='ltr'><strong>in-</strong></span> 
     </span>
    </p>
   </div>
   <div class='ocr_carea' id='block_1_112' title="bbox 1865 4547 3444 4617">
    <p class='ocr_par' dir='ltr' id='par_1_112' title="bbox 1865 4547 3444 4617">
     <span class='ocr_line' id='line_1_114' title="bbox 1865 4547 3444 4617; baseline 0.001 -16"><span class='ocrx_word' id='word_1_798' title='bbox 1865 4556 1947 4603; x_wconf 89' lang='lat' dir='ltr'><strong>ter</strong></span> <span class='ocrx_word' id='word_1_799' title='bbox 1984 4547 2195 4617; x_wconf 80' lang='lat' dir='ltr'><strong>lauram</strong></span> <span class='ocrx_word' id='word_1_800' title='bbox 2231 4562 2295 4601; x_wconf 91' lang='lat' dir='ltr'><strong>ac</strong></span> <span class='ocrx_word' id='word_1_801' title='bbox 2347 4548 2660 4602; x_wconf 60' lang='lat' dir='ltr'><strong>coenobium</strong></span> <span class='ocrx_word' id='word_1_802' title='bbox 2715 4548 2917 4617; x_wconf 78' lang='lat' dir='ltr'><strong>sacpius</strong></span> <span class='ocrx_word' id='word_1_803' title='bbox 2961 4547 3231 4617; x_wconf 76' lang='lat' dir='ltr'><strong>designat.</strong></span> <span class='ocrx_word' id='word_1_804' title='bbox 3291 4547 3444 4603; x_wconf 90' lang='lat' dir='ltr'><strong>Hanc</strong></span> 
     </span>
    </p>
   </div>
   <div class='ocr_carea' id='block_1_113' title="bbox 1861 4616 3445 4687">
    <p class='ocr_par' dir='ltr' id='par_1_113' title="bbox 1861 4616 3445 4687">
     <span class='ocr_line' id='line_1_115' title="bbox 1861 4616 3445 4687; baseline -0.001 -13"><span class='ocrx_word' id='word_1_805' title='bbox 1861 4620 2025 4674; x_wconf 87' lang='lat' dir='ltr'><strong>etiam</strong></span> <span class='ocrx_word' id='word_1_806' title='bbox 2081 4616 2449 4672; x_wconf 82' lang='lat' dir='ltr'><strong>dill‘ercntiam</strong></span> <span class='ocrx_word' id='word_1_807' title='bbox 2512 4618 2654 4672; x_wconf 89' lang='lat' dir='ltr'><strong>inter</strong></span> <span class='ocrx_word' id='word_1_808' title='bbox 2718 4616 3111 4687; x_wconf 85' lang='lat' dir='ltr'><strong>phrontisteria</strong></span> <span class='ocrx_word' id='word_1_809' title='bbox 3156 4627 3214 4671; x_wconf 91' lang='lat' dir='ltr'><strong>et</strong></span> <span class='ocrx_word' id='word_1_810' title='bbox 3261 4617 3445 4673; x_wconf 89' lang='lat' dir='ltr'><strong>lauras</strong></span> 
     </span>
    </p>
   </div>
   <div class='ocr_carea' id='block_1_114' title="bbox 1862 4687 3442 4757">
    <p class='ocr_par' dir='ltr' id='par_1_114' title="bbox 1862 4687 3442 4757">
     <span class='ocr_line' id='line_1_116' title="bbox 1862 4687 3442 4757; baseline -0.001 -14"><span class='ocrx_word' id='word_1_811' title='bbox 1862 4690 2122 4744; x_wconf 83' lang='lat' dir='ltr'><strong>observat</strong></span> <span class='ocrx_word' id='word_1_812' title='bbox 2157 4687 2426 4757; x_wconf 82' lang='lat' dir='ltr'><strong>Evagrius</strong></span> <span class='ocrx_word' id='word_1_813' title='bbox 2452 4698 2645 4742; x_wconf 89' lang='lat' dir='ltr'><strong>noster</strong></span> <span class='ocrx_word' id='word_1_814' title='bbox 2674 4688 2779 4741; x_wconf 91' lang='lat' dir='ltr'><strong>hoc</strong></span> <span class='ocrx_word' id='word_1_815' title='bbox 2799 4687 2942 4742; x_wconf 90' lang='lat' dir='ltr'><strong>loco.</strong></span> <span class='ocrx_word' id='word_1_816' title='bbox 2970 4688 3107 4742; x_wconf 87' lang='lat' dir='ltr'><strong>Nam</strong></span> <span class='ocrx_word' id='word_1_817' title='bbox 3144 4688 3199 4741; x_wconf 91' lang='lat' dir='ltr'><strong>in</strong></span> <span class='ocrx_word' id='word_1_818' title='bbox 3230 4688 3442 4756; x_wconf 89' lang='lat' dir='ltr'><strong>phron-</strong></span> 
     </span>
    </p>
   </div>
   <div class='ocr_carea' id='block_1_115' title="bbox 1863 4757 3445 4828">
    <p class='ocr_par' dir='ltr' id='par_1_115' title="bbox 1863 4757 3445 4828">
     <span class='ocr_line' id='line_1_117' title="bbox 1863 4757 3445 4828; baseline -0.002 -14"><span class='ocrx_word' id='word_1_819' title='bbox 1863 4758 2091 4814; x_wconf 88' lang='lat' dir='ltr'><strong>tisteriis</strong></span> <span class='ocrx_word' id='word_1_820' title='bbox 2124 4758 2349 4827; x_wconf 90' lang='lat' dir='ltr'><strong>quidem</strong></span> <span class='ocrx_word' id='word_1_821' title='bbox 2387 4758 2685 4813; x_wconf 87' lang='lat' dir='ltr'><strong>monachos</strong></span> <span class='ocrx_word' id='word_1_822' title='bbox 2715 4757 2792 4811; x_wconf 89' lang='lat' dir='ltr'><strong>ait</strong></span> <span class='ocrx_word' id='word_1_823' title='bbox 2816 4759 3084 4828; x_wconf 78' lang='lat' dir='ltr'><strong>gregatim</strong></span> <span class='ocrx_word' id='word_1_824' title='bbox 3128 4757 3350 4824; x_wconf 84' lang='lat' dir='ltr'><strong>vixisse,</strong></span> <span class='ocrx_word' id='word_1_825' title='bbox 3387 4770 3445 4811; x_wconf 91' lang='lat' dir='ltr'><strong>et</strong></span> 
     </span>
    </p>
   </div>
   <div class='ocr_carea' id='block_1_116' title="bbox 1862 4828 3445 4891">
    <p class='ocr_par' dir='ltr' id='par_1_116' title="bbox 1862 4828 3445 4891">
     <span class='ocr_line' id='line_1_118' title="bbox 1862 4828 3445 4891; baseline -0.003 -6"><span class='ocrx_word' id='word_1_826' title='bbox 1862 4828 2145 4885; x_wconf 91' lang='lat' dir='ltr'><strong>communi</strong></span> <span class='ocrx_word' id='word_1_827' title='bbox 2190 4843 2379 4883; x_wconf 86' lang='lat' dir='ltr'><strong>mensa</strong></span> <span class='ocrx_word' id='word_1_828' title='bbox 2434 4844 2564 4882; x_wconf 88' lang='lat' dir='ltr'><strong>usos</strong></span> <span class='ocrx_word' id='word_1_829' title='bbox 2618 4843 2780 4891; x_wconf 88' lang='lat' dir='ltr'><strong>esse,</strong></span> <span class='ocrx_word' id='word_1_830' title='bbox 2841 4838 2899 4883; x_wconf 88' lang='lat' dir='ltr'><strong>et</strong></span> <span class='ocrx_word' id='word_1_831' title='bbox 2957 4828 3185 4882; x_wconf 88' lang='lat' dir='ltr'><strong>diurnas</strong></span> <span class='ocrx_word' id='word_1_832' title='bbox 3242 4843 3307 4881; x_wconf 91' lang='lat' dir='ltr'><strong>ac</strong></span> <span class='ocrx_word' id='word_1_833' title='bbox 3348 4843 3445 4881; x_wconf 92' lang='lat' dir='ltr'><strong>no-</strong></span> 
     </span>
    </p>
   </div>
   <div class='ocr_carea' id='block_1_117' title="bbox 1865 4897 3445 4968">
    <p class='ocr_par' dir='ltr' id='par_1_117' title="bbox 1865 4897 3445 4968">
     <span class='ocr_line' id='line_1_119' title="bbox 1865 4897 3445 4968; baseline -0.003 -14"><span class='ocrx_word' id='word_1_834' title='bbox 1865 4908 2095 4955; x_wconf 87' lang='lat' dir='ltr'><strong>cturnas</strong></span> <span class='ocrx_word' id='word_1_835' title='bbox 2135 4898 2482 4968; x_wconf 87' lang='lat' dir='ltr'><strong>precationes</strong></span> <span class='ocrx_word' id='word_1_836' title='bbox 2512 4898 2675 4952; x_wconf 90' lang='lat' dir='ltr'><strong>simul</strong></span> <span class='ocrx_word' id='word_1_837' title='bbox 2709 4897 3043 4953; x_wconf 87' lang='lat' dir='ltr'><strong>celebrasse.</strong></span> <span class='ocrx_word' id='word_1_838' title='bbox 3067 4898 3315 4968; x_wconf 89' lang='lat' dir='ltr'><strong>Inlauris</strong></span> <span class='ocrx_word' id='word_1_839' title='bbox 3342 4914 3445 4951; x_wconf 85' lang='lat' dir='ltr'><strong>au-</strong></span> 
     </span>
    </p>
   </div>
   <div class='ocr_carea' id='block_1_118' title="bbox 1864 4967 3448 5039">
    <p class='ocr_par' dir='ltr' id='par_1_118' title="bbox 1864 4967 3448 5039">
     <span class='ocr_line' id='line_1_120' title="bbox 1864 4967 3448 5039; baseline -0.001 -15"><span class='ocrx_word' id='word_1_840' title='bbox 1864 4980 1973 5024; x_wconf 91' lang='lat' dir='ltr'><strong>tem</strong></span> <span class='ocrx_word' id='word_1_841' title='bbox 2011 4968 2307 5038; x_wconf 85' lang='lat' dir='ltr'><strong>separatim</strong></span> <span class='ocrx_word' id='word_1_842' title='bbox 2342 4968 2544 5023; x_wconf 82' lang='lat' dir='ltr'><strong>vixisse</strong></span> <span class='ocrx_word' id='word_1_843' title='bbox 2582 4969 2944 5024; x_wconf 86' lang='lat' dir='ltr'><strong>anachoretas</strong></span> <span class='ocrx_word' id='word_1_844' title='bbox 2975 5006 2990 5033; x_wconf 87' lang='lat'><strong>,</strong></span> <span class='ocrx_word' id='word_1_845' title='bbox 3028 4967 3244 5039; x_wconf 82' lang='lat' dir='ltr'><strong>exiguis</strong></span> <span class='ocrx_word' id='word_1_846' title='bbox 3293 4969 3448 5024; x_wconf 91' lang='lat' dir='ltr'><strong>cellis</strong></span> 
     </span>
    </p>
   </div>
   <div class='ocr_carea' id='block_1_119' title="bbox 1866 5040 2128 5095">
    <p class='ocr_par' dir='ltr' id='par_1_119' title="bbox 1866 5040 2128 5095">
     <span class='ocr_line' id='line_1_121' title="bbox 1866 5040 2128 5095; baseline -0.011 0"><span class='ocrx_word' id='word_1_847' title='bbox 1866 5040 2128 5095; x_wconf 88' lang='lat' dir='ltr'><strong>inclusos.</strong></span> 
     </span>
    </p>
   </div>
   <div class='ocr_carea' id='block_1_120' title="bbox 1941 5106 3448 5177">
    <p class='ocr_par' dir='ltr' id='par_1_120' title="bbox 1941 5106 3448 5177">
     <span class='ocr_line' id='line_1_122' title="bbox 1941 5106 3448 5177; baseline 0 -14"><span class='ocrx_word' id='word_1_848' title='bbox 1941 5109 2053 5177; x_wconf 64' lang='lat' dir='ltr'><strong>(9i)</strong></span> <span class='ocrx_word' id='word_1_849' title='bbox 2096 5107 2328 5173; x_wconf 75' lang='grc' dir='ltr'>Αὐτοὺς</span> <span class='ocrx_word' id='word_1_850' title='bbox 2371 5107 2492 5162; x_wconf 83' lang='grc' dir='ltr'><strong>ὑπὸ</strong></span> <span class='ocrx_word' id='word_1_851' title='bbox 2521 5106 2638 5176; x_wconf 72' lang='grc' dir='ltr'><strong>γῆν</strong></span> <span class='ocrx_word' id='word_1_852' title='bbox 2677 5106 2846 5175; x_wconf 83' lang='grc' dir='ltr'><strong>όρᾷν.</strong></span> <span class='ocrx_word' id='word_1_853' title='bbox 2880 5107 3169 5163; x_wconf 79' lang='lat' dir='ltr'><strong>Assentior</strong></span> <span class='ocrx_word' id='word_1_854' title='bbox 3198 5108 3448 5164; x_wconf 82' lang='lat' dir='ltr'><strong>Christo-</strong></span> 
     </span>
    </p>
   </div>
   <div class='ocr_carea' id='block_1_121' title="bbox 1910 5177 3445 5248">
    <p class='ocr_par' dir='ltr' id='par_1_121' title="bbox 1910 5177 3445 5248">
     <span class='ocr_line' id='line_1_123' title="bbox 1910 5177 3445 5248; baseline 0 -15"><span class='ocrx_word' id='word_1_855' title='bbox 1910 5180 2150 5234; x_wconf 87' lang='lat' dir='ltr'><strong>horsono</strong></span> <span class='ocrx_word' id='word_1_856' title='bbox 2171 5178 2265 5247; x_wconf 91' lang='lat' dir='ltr'><strong>qui</strong></span> <span class='ocrx_word' id='word_1_857' title='bbox 2326 5178 2465 5248; x_wconf 70' lang='grc' dir='ltr'>ὑπὲρ</span> <span class='ocrx_word' id='word_1_858' title='bbox 2486 5179 2592 5247; x_wconf 77' lang='grc' dir='ltr'><strong>γῆν</strong></span> <span class='ocrx_word' id='word_1_859' title='bbox 2621 5178 2770 5248; x_wconf 83' lang='lat' dir='ltr'><strong>legit,</strong></span> <span class='ocrx_word' id='word_1_860' title='bbox 2795 5177 3256 5248; x_wconf 86' lang='lat' dir='ltr'><strong>quemadmodum</strong></span> <span class='ocrx_word' id='word_1_861' title='bbox 3281 5181 3445 5234; x_wconf 84' lang='lat' dir='ltr'><strong>etiam</strong></span> 
     </span>
    </p>
   </div>
   <div class='ocr_carea' id='block_1_122' title="bbox 1896 5247 3446 5318">
    <p class='ocr_par' dir='ltr' id='par_1_122' title="bbox 1896 5247 3446 5318">
     <span class='ocr_line' id='line_1_124' title="bbox 1896 5247 3446 5318; baseline -0.001 -14"><span class='ocrx_word' id='word_1_862' title='bbox 1896 5250 2079 5317; x_wconf 82' lang='lat' dir='ltr'><strong>egitur</strong></span> <span class='ocrx_word' id='word_1_863' title='bbox 2107 5248 2251 5318; x_wconf 88' lang='lat' dir='ltr'><strong>apud</strong></span> <span class='ocrx_word' id='word_1_864' title='bbox 2276 5247 2641 5317; x_wconf 84' lang='lat' dir='ltr'><strong>Nicephorum</strong></span> <span class='ocrx_word' id='word_1_865' title='bbox 2664 5247 2719 5302; x_wconf 88' lang='lat' dir='ltr'><strong>in</strong></span> <span class='ocrx_word' id='word_1_866' title='bbox 2756 5247 2878 5318; x_wconf 90' lang='lat' dir='ltr'><strong>cap.</strong></span> <span class='ocrx_word' id='word_1_867' title='bbox 2917 5248 2985 5303; x_wconf 83' lang='lat'><strong>50</strong></span> <span class='ocrx_word' id='word_1_868' title='bbox 3009 5288 3024 5312; x_wconf 93' lang='lat'><strong>,</strong></span> <span class='ocrx_word' id='word_1_869' title='bbox 3060 5248 3157 5303; x_wconf 90' lang='lat' dir='ltr'><strong>lib.</strong></span> <span class='ocrx_word' id='word_1_870' title='bbox 3191 5267 3297 5305; x_wconf 84' lang='lat' dir='ltr'><strong>xiv.</strong></span> <span class='ocrx_word' id='word_1_871' title='bbox 3339 5250 3446 5304; x_wconf 83' lang='lat' dir='ltr'><strong>Sed</strong></span> 
     </span>
    </p>
   </div>
   <div class='ocr_carea' id='block_1_123' title="bbox 1871 5318 3451 5388">
    <p class='ocr_par' dir='ltr' id='par_1_123' title="bbox 1871 5318 3451 5388">
     <span class='ocr_line' id='line_1_125' title="bbox 1871 5318 3451 5388; baseline -0.001 -14"><span class='ocrx_word' id='word_1_872' title='bbox 1871 5331 1927 5374; x_wconf 87' lang='lat' dir='ltr'><strong>et</strong></span> <span class='ocrx_word' id='word_1_873' title='bbox 1965 5320 2196 5374; x_wconf 90' lang='lat' dir='ltr'><strong>verbum</strong></span> <span class='ocrx_word' id='word_1_874' title='bbox 2229 5318 2407 5371; x_wconf 84' lang='grc' dir='ltr'>δοκεῖν</span> <span class='ocrx_word' id='word_1_875' title='bbox 2443 5319 2532 5372; x_wconf 90' lang='lat' dir='ltr'><strong>hic</strong></span> <span class='ocrx_word' id='word_1_876' title='bbox 2558 5319 2771 5383; x_wconf 85' lang='lat' dir='ltr'><strong>deerat,</strong></span> <span class='ocrx_word' id='word_1_877' title='bbox 2806 5320 2951 5388; x_wconf 90' lang='lat' dir='ltr'><strong>quod</strong></span> <span class='ocrx_word' id='word_1_878' title='bbox 2984 5334 3086 5373; x_wconf 90' lang='lat' dir='ltr'><strong>nos</strong></span> <span class='ocrx_word' id='word_1_879' title='bbox 3118 5334 3185 5373; x_wconf 82' lang='lat' dir='ltr'><strong>ex</strong></span> <span class='ocrx_word' id='word_1_880' title='bbox 3213 5336 3316 5374; x_wconf 90' lang='lat' dir='ltr'><strong>ms.</strong></span> <span class='ocrx_word' id='word_1_881' title='bbox 3357 5335 3451 5372; x_wconf 90' lang='lat' dir='ltr'><strong>co-</strong></span> 
     </span>
    </p>
   </div>
   <div class='ocr_carea' id='block_1_124' title="bbox 1872 5388 3447 5458">
    <p class='ocr_par' dir='ltr' id='par_1_124' title="bbox 1872 5388 3447 5458">
     <span class='ocr_line' id='line_1_126' title="bbox 1872 5388 3447 5458; baseline -0.003 -13"><span class='ocrx_word' id='word_1_882' title='bbox 1872 5390 1997 5445; x_wconf 91' lang='lat' dir='ltr'><strong>dice</strong></span> <span class='ocrx_word' id='word_1_883' title='bbox 2022 5388 2342 5443; x_wconf 88' lang='lat' dir='ltr'><strong>Florentino</strong></span> <span class='ocrx_word' id='word_1_884' title='bbox 2380 5389 2777 5458; x_wconf 88' lang='lat' dir='ltr'><strong>snpplevimus.</strong></span> <span class='ocrx_word' id='word_1_885' title='bbox 2815 5390 2873 5443; x_wconf 90' lang='lat' dir='ltr'><strong>ln</strong></span> <span class='ocrx_word' id='word_1_886' title='bbox 2897 5389 3209 5444; x_wconf 87' lang='lat' dir='ltr'><strong>Telleriano</strong></span> <span class='ocrx_word' id='word_1_887' title='bbox 3260 5397 3447 5444; x_wconf 85' lang='lat' dir='ltr'><strong>autem</strong></span> 
     </span>
    </p>
   </div>
   <div class='ocr_carea' id='block_1_125' title="bbox 1874 5459 2919 5529">
    <p class='ocr_par' dir='ltr' id='par_1_125' title="bbox 1874 5459 2919 5529">
     <span class='ocr_line' id='line_1_127' title="bbox 1874 5459 2919 5529; baseline -0.004 -14"><span class='ocrx_word' id='word_1_888' title='bbox 1874 5461 2066 5516; x_wconf 89' lang='lat' dir='ltr'><strong>codice</strong></span> <span class='ocrx_word' id='word_1_889' title='bbox 2097 5459 2362 5529; x_wconf 86' lang='lat' dir='ltr'><strong>scriptum</strong></span> <span class='ocrx_word' id='word_1_890' title='bbox 2394 5459 2579 5529; x_wconf 87' lang='lat' dir='ltr'><strong>inveni</strong></span> <span class='ocrx_word' id='word_1_891' title='bbox 2622 5460 2763 5529; x_wconf 79' lang='grc' dir='ltr'><strong>ὑπὲρ</strong></span> <span class='ocrx_word' id='word_1_892' title='bbox 2796 5461 2919 5529; x_wconf 82' lang='grc' dir='ltr'><strong>γῆν.</strong></span> 
     </span>
    </p>
   </div>
   <div class='ocr_carea' id='block_1_126' title="bbox 1948 5526 3448 5601">
    <p class='ocr_par' dir='ltr' id='par_1_126' title="bbox 1948 5526 3448 5601">
     <span class='ocr_line' id='line_1_128' title="bbox 1948 5526 3448 5601; baseline -0.003 -16"><span class='ocrx_word' id='word_1_893' title='bbox 1948 5532 2062 5601; x_wconf 83' lang='lat'><strong>(95)</strong></span> <span class='ocrx_word' id='word_1_894' title='bbox 2113 5526 2229 5595; x_wconf 64' lang='grc' dir='ltr'><strong>Τὰςῖ</strong></span> <span class='ocrx_word' id='word_1_895' title='bbox 2266 5526 2660 5601; x_wconf 63' lang='grc' dir='ltr'>καλουμένας</span> <span class='ocrx_word' id='word_1_896' title='bbox 2717 5526 3155 5601; x_wconf 62' lang='grc' dir='ltr'>ὐπξρθέσμους.</span> <span class='ocrx_word' id='word_1_897' title='bbox 3204 5528 3448 5601; x_wconf 77' lang='lat' dir='ltr'><strong>Pessime</strong></span> 
     </span>
    </p>
   </div>
   <div class='ocr_carea' id='block_1_127' title="bbox 1875 5598 3451 5669">
    <p class='ocr_par' dir='ltr' id='par_1_127' title="bbox 1875 5598 3451 5669">
     <span class='ocr_line' id='line_1_129' title="bbox 1875 5598 3451 5669; baseline -0.003 -13"><span class='ocrx_word' id='word_1_898' title='bbox 1875 5598 2025 5656; x_wconf 83' lang='lat' dir='ltr'><strong>hunc</strong></span> <span class='ocrx_word' id='word_1_899' title='bbox 2047 5602 2229 5654; x_wconf 89' lang='lat' dir='ltr'><strong>locum</strong></span> <span class='ocrx_word' id='word_1_900' title='bbox 2264 5598 2606 5669; x_wconf 78' lang='lat' dir='ltr'><strong>interpretati</strong></span> <span class='ocrx_word' id='word_1_901' title='bbox 2639 5606 2769 5667; x_wconf 87' lang='lat' dir='ltr'><strong>sunt</strong></span> <span class='ocrx_word' id='word_1_902' title='bbox 2808 5598 3084 5669; x_wconf 79' lang='lat' dir='ltr'><strong>Musonius</strong></span> <span class='ocrx_word' id='word_1_903' title='bbox 3108 5608 3164 5652; x_wconf 91' lang='lat' dir='ltr'><strong>et</strong></span> <span class='ocrx_word' id='word_1_904' title='bbox 3202 5598 3451 5652; x_wconf 88' lang='lat' dir='ltr'><strong>Christo-</strong></span> 
     </span>
    </p>
   </div>
   <div class='ocr_carea' id='block_1_128' title="bbox 1876 5668 3451 5742">
    <p class='ocr_par' dir='ltr' id='par_1_128' title="bbox 1876 5668 3451 5742">
     <span class='ocr_line' id='line_1_130' title="bbox 1876 5668 3451 5742; baseline -0.003 -16"><span class='ocrx_word' id='word_1_905' title='bbox 1876 5672 2213 5742; x_wconf 91' lang='lat' dir='ltr'><strong>phorsonus.</strong></span> <span class='ocrx_word' id='word_1_906' title='bbox 2264 5668 2612 5739; x_wconf 80' lang='lat' dir='ltr'><strong>Nicephorus</strong></span> <span class='ocrx_word' id='word_1_907' title='bbox 2644 5683 2779 5724; x_wconf 89' lang='lat' dir='ltr'><strong>vero</strong></span> <span class='ocrx_word' id='word_1_908' title='bbox 2825 5668 3031 5738; x_wconf 89' lang='lat' dir='ltr'><strong>optime</strong></span> <span class='ocrx_word' id='word_1_909' title='bbox 3064 5669 3321 5739; x_wconf 84' lang='lat' dir='ltr'><strong>exposuit</strong></span> <span class='ocrx_word' id='word_1_910' title='bbox 3344 5668 3451 5723; x_wconf 85' lang='lat' dir='ltr'><strong>hoc</strong></span> 
     </span>
    </p>
   </div>
   <div class='ocr_carea' id='block_1_129' title="bbox 1639 5786 2026 5845">
    <p class='ocr_par' dir='ltr' id='par_1_129' title="bbox 1639 5786 2026 5845">
     <span class='ocr_line' id='line_1_131' title="bbox 1639 5786 2026 5845; baseline 0.008 -4"><span class='ocrx_word' id='word_1_911' title='bbox 1639 5786 1724 5842; x_wconf 85' lang='lat' dir='ltr'><strong>VA</strong></span> <span class='ocrx_word' id='word_1_912' title='bbox 1737 5787 2026 5845; x_wconf 81' lang='lat' dir='ltr'><strong>RIORUM.</strong></span> 
     </span>
    </p>
   </div>
   <div class='ocr_carea' id='block_1_130' title="bbox 213 5880 3039 5956">
    <p class='ocr_par' dir='ltr' id='par_1_130' title="bbox 213 5880 3039 5956">
     <span class='ocr_line' id='line_1_132' title="bbox 213 5880 3039 5956; baseline -0 -22"><span class='ocrx_word' id='word_1_913' title='bbox 213 5880 524 5953; x_wconf 73' lang='lat' dir='ltr'><strong>rosolymam</strong></span> <span class='ocrx_word' id='word_1_914' title='bbox 570 5882 842 5954; x_wconf 84' lang='lat' dir='ltr'><strong>profectio</strong></span> <span class='ocrx_word' id='word_1_915' title='bbox 892 5886 1125 5956; x_wconf 82' lang='lat' dir='ltr'><strong>contigit</strong></span> <span class='ocrx_word' id='word_1_916' title='bbox 1188 5901 1332 5941; x_wconf 86' lang='lat' dir='ltr'><strong>anno</strong></span> <span class='ocrx_word' id='word_1_917' title='bbox 1378 5884 1509 5940; x_wconf 89' lang='lat' dir='ltr'><strong>Chr.</strong></span> <span class='ocrx_word' id='word_1_918' title='bbox 1556 5884 1678 5951; x_wconf 63' lang='lat'><strong>4’48,</strong></span> <span class='ocrx_word' id='word_1_919' title='bbox 1710 5894 1766 5939; x_wconf 90' lang='lat' dir='ltr'><strong>ut</strong></span> <span class='ocrx_word' id='word_1_920' title='bbox 1810 5885 2002 5940; x_wconf 85' lang='lat' dir='ltr'><strong>scribit</strong></span> <span class='ocrx_word' id='word_1_921' title='bbox 2034 5884 2160 5938; x_wconf 80' lang='lat' dir='ltr'><strong>Ant.</strong></span> <span class='ocrx_word' id='word_1_922' title='bbox 2200 5883 2328 5954; x_wconf 83' lang='lat' dir='ltr'><strong>Pagi</strong></span> <span class='ocrx_word' id='word_1_923' title='bbox 2366 5882 2433 5937; x_wconf 89' lang='lat' dir='ltr'><strong>ad</strong></span> <span class='ocrx_word' id='word_1_924' title='bbox 2454 5898 2581 5936; x_wconf 88' lang='lat' dir='ltr'><strong>ann.</strong></span> <span class='ocrx_word' id='word_1_925' title='bbox 2608 5880 2728 5950; x_wconf 64' lang='grc'><strong>450,</strong></span> <span class='ocrx_word' id='word_1_926' title='bbox 2759 5896 2814 5938; x_wconf 85' lang='lat' dir='ltr'><strong>n.</strong></span> <span class='ocrx_word' id='word_1_927' title='bbox 2848 5880 2901 5947; x_wconf 68' lang='grc'>4,</span> <span class='ocrx_word' id='word_1_928' title='bbox 2932 5891 3039 5936; x_wconf 86' lang='lat' dir='ltr'><strong>etc.</strong></span> 
     </span>
    </p>
   </div>
  </div>
