4028 6512
324 393 478 458 2581

1267 401 1652 463 HISTORI/E
1694 402 2296 469 ECCLESIASTICZE
2335 410 2567 472 LIBER
2608 413 2656 475 Ι.
2744 452 2751 461 -

3478 425 3624 492 2482

327 511 551 584 δεήσοι,
587 511 651 567 οὐ
673 512 856 579 τόπον,
877 512 939 567 οὐ
971 512 1283 585 πρόσωπον,
1320 517 1440 571 οὐδέ
1469 535 1523 572 τι
1559 520 1669 573 τῶν
1700 522 1920 575 πάντων

2028 523 2327 591 evaserint,
2364 523 2433 579 ad
2475 526 2739 580 saeculum
2791 526 3051 599 redeunt,
3106 543 3163 589 ct
3197 533 3254 590 in
3299 536 3482 593 media
3516 539 3623 596 ho-

323 604 831 674 ὲγκαλυπτόμενοι.
881 604 995 659 Καὶ
1041 603 1345 675 βαλανείοις
1396 608 1453 662 δὲ
1502 613 1719 681 συχνοῖς
1783 613 1913 681 ὁμι-

320 694 510 760 λοῦσι,
536 696 604 750 τὰ
638 696 811 750 πολλά
865 697 1083 765 γυναιξὶ
1131 699 1616 772 συναυλιζόμενοι,
1660 704 1756 758 καὶ
1792 706 1919 759 συλ-

320 786 636 859 λουόμενοι.
678 787 837 843 Οῦτω
865 790 976 843 τῶν
1023 790 1216 846 παθῶν
1246 793 1685 864 περιγενόμενοι,
1716 794 1793 858 ὡς
1824 796 1922 849 καὶ

319 884 434 953 τῆς
460 882 677 952 φύσεως
699 883 1054 954 τυραννῆσαι,
1082 884 1178 939 καὶ
1211 884 1347 956 μηδὲ
1395 888 1460 957 τῇ
1488 885 1634 956 ὄψει,
1684 887 1819 959 μηδὲ
1850 890 1919 959 τῇ

320 978 471 1048 ἀφῇ,
506 976 642 1048 μηδὲ
680 977 788 1049 μὴν
825 978 963 1049 αὐτῇ
995 980 1063 1049 τῇ
1093 978 1406 1050 περιπλοκῇ
1433 979 1530 1034 τοῦ
1564 979 1755 1051 θήλεος
1782 982 1922 1053 πρὸς

320 1070 430 1141 τὴν
476 1070 612 1125 ίδίαν
649 1070 1017 1143 ἀποκριθῆναι
1049 1070 1212 1141 φύσιν
1256 1071 1356 1144 (2)·
1407 1072 1551 1144 μετὰ
1593 1073 1803 1146 ἀνδρῶν
1839 1073 1917 1137 δὲ,

322 1164 535 1236 ἄνδρας
583 1158 745 1227 εἷναι,
786 1162 929 1233 μετὰ
957 1163 1235 1233 γυναικῶν
1274 1180 1333 1217 τε
1366 1160 1434 1218 αὖ
1457 1165 1745 1233 γυναῖκας,
1787 1165 1919 1218 ἐκα-

320 1257 499 1325 τὲρας
546 1273 606 1309 τε
647 1254 898 1327 μετέχειν
926 1254 1136 1312 ἐθέλειν
1171 1256 1409 1327 φύσεως,
1438 1256 1536 1311 καὶ
1567 1259 1644 1328 μὴ
1676 1258 1812 1329 μιᾶς
1840 1253 1919 1310 εί-

323 1366 447 1404 ναι.
467 1347 749 1402 Συνελόντι
777 1348 961 1403 τοίνυν
987 1350 1184 1416 εἰπεῖν,
1209 1351 1268 1404 ὲν
1297 1349 1476 1421 τούτῳ
1502 1348 1581 1419 τῷ
1598 1349 1920 1421 παναρίστῳ

319 1440 425 1492 καὶ
467 1437 711 1510 θεοφόρῳ
744 1437 846 1509 βίῳ
890 1441 923 1510 ή
967 1438 1140 1511 ἀρετὴ
1180 1441 1248 1511 τῇ
1288 1438 1448 1509 φύσει
1480 1438 1915 1510 ἀντινομοθετεῖ,

315 1531 562 1596 οἰκείους
603 1532 897 1603 πηξαμὲνη
941 1532 1166 1603 νόμους,
1204 1531 1280 1597 ὡς
1320 1530 1549 1604 μηδενὸς
1592 1531 1780 1596 αὐτοῖς
1820 1531 1920 1585 τῶν

315 1624 645 1694 ἀναγκαίων
682 1624 1023 1696 μεταδιδόναι
1065 1625 1167 1679 ὅσα
1205 1642 1270 1694 γε
1304 1624 1655 1696 κορεσθῆναι.
1703 1624 1903 1694 Πεινῇν

312 1715 375 1770 δὲ
409 1717 594 1780 αὐτοῖς
631 1718 726 1770 καὶ
754 1716 915 1787 διψῇν
962 1716 992 1770 ὁ
1026 1715 1177 1786 σφῶν
1206 1715 1555 1785 ὲγκελεύεται
1586 1713 1771 1785 νόμος,
1811 1730 1910 1767 πε-

316 1807 628 1877 ριστέλλειν
652 1825 710 1862 τε
738 1809 801 1862 τὸ
828 1807 989 1880 σῶμα
1015 1807 1238 1862 τοσοῦτο
1262 1807 1444 1878 μόνον,
1472 1807 1597 1861 ὅσον
1629 1806 1662 1878 ή
1693 1805 1909 1877 ἀνάγκη
1965 1813 1969 1817 '

2024 616 2235 671 minum
2287 617 2647 674 multitudine
2701 618 2929 678 insanos
2971 638 3033 680 se
3090 640 3215 683 esse
3270 626 3620 701 simulantes,

2022 706 2245 763 inanem
2280 708 2511 779 gloriam
2553 711 2910 780 eonculcant,
2938 730 3104 785 quam
3140 717 3410 787 tunicam,
3446 728 3511 776 ut
3540 723 3625 780 ait

2021 799 2471 869 sapientissimus
2521 802 2696 871 Plato,
2738 806 2960 862 animus
3012 818 3350 878 postremam
3411 830 3621 873 exuere

2023 890 2192 961 278
2224 891 2388 947 solet.
2424 892 2504 948 ita
2534 909 2703 965 porro
2748 896 2867 952 sine
2895 913 3063 954 sensu
3111 900 3426 974 aﬁ‘ectuque
3448 905 3622 962 edere

2021 980 2360 1047 didicerunt,
2399 991 2460 1037 ut
2511 983 2661 1054 apud
2707 1001 2989 1057 caupones
3036 1004 3103 1045 ac
3150 990 3536 1061 dardanarios,
3572 985 3621 1054 si

2021 1086 2252 1129 necesse
2291 1071 2485 1140 fuerit,
2518 1075 2710 1143 edant,
2737 1093 2842 1134 nec
2878 1078 3084 1147 locum,
3117 1098 3220 1139 nec
3249 1085 3483 1153 cultum,
3514 1102 3620 1144 nec

2022 1159 2173 1215 aliud
2228 1161 2529 1232 quidquam
2589 1178 2927 1225 reverentes.
2963 1169 3169 1227 Balnea
3210 1173 3342 1229 item
3392 1176 3619 1246 publica

2020 1251 2347 1322 frequenter
2380 1254 2611 1322 adeunt,
2661 1265 2720 1314 et
2771 1260 2937 1316 simul
2982 1277 3110 1318 cum
3166 1266 3501 1325 mulieribus
3532 1270 3623 1325 di-

2026 1356 2319 1401 versantur
2342 1356 2400 1403 et
2428 1348 2636 1405 lavant.
2665 1350 2820 1407 Adeo
2839 1353 2992 1409 omni
3022 1356 3448 1425 perturbatione
3491 1361 3617 1417 ani-

2026 1434 2103 1489 mi
2128 1437 2472 1507 superiores,
2509 1448 2570 1494 ut
2595 1449 2808 1498 natura:
2846 1442 2953 1514 ipsi
2983 1445 3096 1500 vim
3136 1446 3398 1516 inferant,
3425 1458 3484 1507 et
3514 1467 3620 1509 nec

2021 1539 2269 1600 aspectu,
2300 1547 2404 1587 nec
2434 1541 2605 1599 tactu,
2651 1550 2757 1590 nec
2785 1537 3044 1608 amplexu
3080 1538 3201 1611 ipso
3240 1542 3511 1610 mulieris,
3547 1544 3618 1601 ad

2020 1636 2086 1676 ea
2116 1638 2238 1692 quae
2296 1634 2511 1681 natura:
2546 1627 2797 1698 ipsorum
2854 1631 3080 1701 propria
3139 1641 3291 1701 sunt,
3358 1635 3615 1692 inclinari

2020 1728 2247 1785 queant.
2292 1718 2399 1774 Sed
2436 1735 2565 1776 cum
2604 1721 2743 1778 viris
2779 1724 3004 1794 quidem
3059 1726 3167 1782 viri
3202 1732 3356 1795 sunt,
3397 1728 3619 1787 femina;

2020 1820 2158 1862 vero
2187 1824 2312 1863 cum
2344 1810 2585 1868 feminis.
2637 1813 2759 1869 Non
2783 1814 2938 1869 enim
2973 1815 3165 1881 unius,
3198 1818 3296 1875 sed
3327 1820 3621 1891 utriusque

314 1901 594 1972 βιάζεται.
631 1900 820 1965 Οὕτως
867 1917 927 1955 τε
979 1900 1165 1965 αὐτοῖς
1206 1901 1240 1972 ἡ
1277 1898 1458 1954 δίαιτα
1495 1897 1783 1969 ἀκριϐέσιν
1819 1897 1915 1953 ἀν·-

2028 1899 2185 1955 simul
2218 1915 2384 1956 sexus
2419 1915 2543 1958 esse
2581 1904 2838 1976 cupiunt.
2886 1909 3143 1981 Denique
3186 1920 3247 1966 ut
3285 1881 3618 1985 compendio

314 1993 771 2049 τιταλαντεύεται
806 1993 992 2063 ζυγοῖς
1019 2033 1034 2058 ,
1071 1992 1148 2057 ὡς
1199 1994 1265 2047 ὲκ
1292 1992 1590 2064 διαμέτρου
1643 1988 1912 2063 χωροῦσιν

314 2089 511 2151 αὐτοῖς
537 2087 637 2159 τὴν
668 2088 842 2159 ῥοπὴν
876 2086 1275 2157 ἀνεπαίσθητον
1312 2079 1475 2151 εἶναι,
1512 2084 1610 2139 καὶ
1643 2082 1820 2139 ταῦτά
1848 2100 1912 2152 γε

319 2182 469 2235 πολὺ
495 2181 819 2237 διεστῶσαν.
850 2181 1119 2236 Τοσοῦτον
1170 2180 1280 2253 γὰρ
1314 2179 1496 2244 αὐτοῖς
1523 2179 1783 2233 τάναντία
1806 2178 1914 2232 ,κέ-

315 2292 548 2343 κραται,
585 2276 681 2344 τῆς
737 2275 889 2339 θείας
910 2274 981 2327 τὰ
1017 2274 1228 2346 ἄμικτα
1275 2272 1643 2344 συναγούσης,
1701 2271 1798 2324 καὶ
1841 2271 1908 2325 αῦ

318 2370 493 2423 πάλιν
519 2354 834 2440 διαιρούσης
863 2368 1106 2440 χάριτος,
1135 2365 1277 2421 ὥστε
1303 2364 1451 2437 ζωὴν
1485 2365 1544 2418 ὲν
1574 2364 1793 2429 ἑαυτοῖς
1817 2361 1917 2417 καὶ

317 2466 594 2535 νέκρωσιν
642 2467 934 2531 συνοικεῖν,
962 2463 1221 2519 τάναντία
1252 2462 1349 2517 καὶ
1380 2465 1448 2533 τῇ
1494 2460 1657 2533 φύσει
1682 2461 1779 2515 καὶ
1804 2461 1917 2526 τοῖς

317 2558 669 2627 πράγμασιν.
706 2556 877 2611 Ἔνθα
913 2556 1013 2628 μὲν
1043 2555 1153 2627 γὰρ
1178 2555 1374 2622 πάθος,
1409 2554 1638 2627 νεκροὺς
1663 2548 1807 2608 εἶναι
1836 2553 1920 2606 δεῖ

317 2654 426 2705 καὶ
439 2651 548 2705 τῶν
564 2650 751 2722 τάφων
767 2652 917 2704 εῐσω·
946 2649 1077 2705 ἔνθα
1096 2649 1155 2704 δὲ
1174 2648 1315 2720 πρὸς
1329 2647 1462 2702 Θεὸν
1481 2647 1709 2713 ἱκετεία,
1730 2648 1918 2718 ῥωμα-

315 2743 486 2808 λέους
513 2743 575 2797 τδ
606 2742 789 2813 σῶμα,
820 2740 1175 2814 σφριγῶντας
1201 2739 1300 2813 τὴν
1346 2739 1556 2811 ἀκμὴν,
1590 2738 1693 2794 κᾶν
1724 2737 1919 2810 ἔξωροι

314 2836 430 2905 τὴν
450 2834 670 2906 ἡλικίαν
698 2828 822 2889 ὧοι.
869 2835 983 2891 Καὶ
1036 2831 1213 2898 οὕτως
1256 2831 1443 2895 αὐτοῖς
1485 2830 1747 2902 ἑκάτερος
1775 2846 1919 2900 συμ-

318 2927 591 2982 πλέκεται
623 2926 737 2996 βίος
763 2927 860 2997 ('5),
883 2925 1027 2981 ὥστε
1056 2925 1250 2998 ἀμέλει
1275 2926 1372 2980 καὶ
1395 2924 1496 2998 τὴν
1528 2924 1716 2996 σάρκα
1737 2924 1920 2997 τέλεον

322 3020 685 3093 ἀποθέμενοι,
727 3019 892 3084 ζῶσιν
927 3020 1035 3083 ἀεὶ,
1065 3020 1160 3075 καὶ
1178 3022 1292 3084 τοῖς
1316 3018 1451 3085 ζῶσι
1481 3017 1917 3083 συναυλίζονται,

318 3115 430 3167 καὶ
488 3112 706 3184 σώμασί
731 3129 791 3166 τε
825 3113 934 3185 ἄκη
981 3114 1389 3186 προσφέροντες
1422 3112 1519 3166 καὶ
1550 3110 1649 3176 τὰς
1675 3110 1783 3165 τῶν
1810 3111 1921 3164 ίκε-

315 3198 597 3254 τευόντων
626 3200 811 3271 φωνὰς
857 3200 936 3273 τῷ
971 3200 1092 3272 Θεῷ
1131 3200 1525 3283 προσάγοντες,
1567 3200 1638 3255 τά
1677 3218 1738 3254 τε
1762 3199 1923 3294 ,ἄλλα
1949 3236 1991 3294 C

318 3290 536 3363 ὁμοίως
561 3294 628 3365 τῇ
667 3292 913 3366 προτέρᾳ
940 3292 1094 3365 βιοτῇ
1123 3292 1548 3359 διεκτελοῦντες,
1581 3294 1683 3348 ὅσα
1712 3292 1788 3364 μὴ
1814 3292 1922 3347 τῶν

322 3382 650 3449 ἀναγκαίων
679 3382 891 3439 δεῖσθαι
923 3381 1025 3454 (4),
1060 3382 1094 3455 ἢ
1130 3383 1281 3453 τόπῳ
1316 3382 1749 3455 περιορίζεσθαιο
1787 3382 1926 3437 πάν-

319 3489 444 3527 των
463 3472 521 3528 δὲ
555 3473 798 3539 ἀκούειν,
829 3474 923 3528 καὶ
960 3475 1097 3528 πᾶσι
1122 3474 1497 3543 συγγίνεσθαι.
1530 3474 1652 3527 Εἰσὶ
1677 3473 1734 3527 δὲ
1760 3474 1923 3543 γονά-

318 3582 442 3617 των
470 3564 656 3629 αὐτοῖς
698 3566 890 3636 συχναὶ
932 3565 1029 3619 καὶ
1076 3564 1366 3620 ἀδιάκοποι
1425 3564 1635 3627 κλίσεις
1659 3607 1675 3631 ,
1720 3565 1924 3618 ἐπανα-

214 3656 219 3659 ⁴
323 3654 553 3718 στάσεις
582 3671 642 3708 τε
685 3654 955 3726 σύμπονοι
984 3654 1084 3725 (5),
1112 3654 1283 3726 μόνης
1312 3655 1413 3724 τῆς
1443 3654 1685 3722 ἐφέσεως
1713 3653 1925 3718 ἀναζω-

323 3743 621 3815 πυρούσης
645 3744 830 3808 αὐτοῖς
851 3744 948 3815 τὴν
975 3744 1217 3815 ἠλικίαν,
1245 3744 1340 3798 καὶ
1361 3742 1459 3815 τὴν
1486 3742 1735 3797 ἑκούσιον
1762 3743 1924 3797 ἀσθὲ-

327 3854 509 3891 νειανο
541 3836 775 3908 ἄσαρκοί
813 3852 958 3900 τινες
983 3837 1236 3908 ἀθληταὶ,
1268 3835 1564 3906 ἀναίμονες
1598 3835 1920 3901 παλαισταὶ,

327 3930 395 3983 οἵ
426 3946 493 3999 γε
523 3928 848 3984 πανδαισίαν
892 3946 953 3983 τε
985 3928 1083 3983 καὶ
1126 3928 1339 3999 τρυφὴν
1369 3928 1469 3998 τὴν
1494 3926 1747 3998 νηστείαν
1771 3925 1921 3998 ἔχον-

325 4038 450 4087 τες,
490 4022 584 4075 καὶ
612 4021 893 4093 τράπεζαν
925 4021 1151 4091 διακορῆ
1190 4020 1251 4073 τὸ
1303 4019 1530 4089 μηδενὸς
1574 4019 1650 4083 ὡς
1704 4013 1817 4073 οἶόν
1860 4036 1921 4073 τε

325 4111 731 4181 ἀπογεύεσθαι.
781 4112 1015 4166 Ὀπόταν
1048 4110 1200 4179 ξένος
1246 4109 1378 4181 παρ’
1412 4110 1612 4172 αὐτοὺς
1656 4108 1923 4180 ἀφίκηται

326 4206 446 4259 κᾶν
472 4205 530 4269 ἐξ
558 4204 806 4268 ἑωθινοῦ,
837 4204 982 4259 οὕτω
1020 4202 1186 4257 πάλιν
1211 4206 1331 4265 ταῖς
1358 4201 1783 4272 φιλοφροσύναις
1828 4201 1924 4254 καὶ

323 4299 404 4365 τῇ
437 4296 726 4367 φιλοτησία
760 4295 1084 4361 δεξιοῦνται,
1115 4295 1306 4364 ἕτερον
1348 4287 1489 4356 εἶδος
1514 4292 1770 4362 νηστείας
1804 4295 1927 4346 ὲπι-

325 4390 633 4459 νοήσαντες
662 4388 725 4442 τὸ
754 4388 820 4442 αὖ
857 4389 930 4460 μὴ
964 4387 1280 4459 βουλόμενοι
1307 4384 1527 4439 ἐσθίεινο
1559 4384 1636 4448 ὼς
1656 4383 1925 4456 ,ἔκπληξιν

328 4483 401 4533 τὸ
454 4483 688 4553 πρᾶγμα
736 4480 1091 4545 καθεστάναι,
1141 4480 1308 4534 πόσον
1354 4481 1412 4544 ἐς
1439 4479 1647 4551 τροφὴν
1673 4478 1924 4550 αὐτάρκη

2015 1991 2217 2057 dicam,
2278 1992 2335 2046 in
2383 1992 2492 2050 hoc
2528 1997 2991 2065 praestantissimo
3048 2016 3114 2056 ac
3155 2001 3347 2058 divino
3394 2003 3618 2061 vivendi

2014 2099 2243 2155 genere,
2279 2085 2459 2142 virtus
2512 2087 2663 2159 leges
2723 2098 2938 2147 natura:
2996 2093 3314 2151 contrarias
3359 2095 3491 2161 fert,
3554 2104 3619 2152 ut

2015 2178 2233 2234 scilicet
2268 2193 2338 2234 ex
2390 2178 2560 2236 rebus
2596 2180 2665 2237 ad
2717 2182 2927 2238 victum
2983 2186 3313 2243 necessariis
3344 2187 3485 2244 nihil
3533 2190 3622 2246 eis

2017 2269 2299 2340 impertiat
2320 2270 2391 2327 ad
2420 2271 2754 2331 satietatem.
2776 2273 2992 2348 Quippe
3019 2278 3107 2334 lex
3135 2281 3442 2337 monastica
3476 2281 3615 2352 ipsis

2017 2362 2289 2434 praecipit,
2327 2370 2391 2420 ut
2432 2364 2685 2421 esuriant
2708 2383 2774 2423 ac
2797 2368 3012 2435 sitiant,
3040 2386 3355 2442 corpusque
3384 2381 3621 2429 eatenus

2019 2464 2225 2527 tegant,
2278 2458 2463 2528 quoad
2518 2460 2703 2530 poscit
2762 2462 3087 2519 necessitas.
3152 2464 3328 2520 Porro
3390 2466 3618 2524 vivendi

2017 2548 2164 2603 ratio
2201 2549 2351 2620 apud
2391 2550 2517 2607 illos
2560 2552 2700 2607 adeo
2739 2562 2933 2609 exacta
2973 2554 3135 2612 lance
3166 2556 3369 2613 librata
3413 2566 3521 2625 est,
3556 2570 3620 2617 ut

2021 2639 2241 2708 quoties
2291 2640 2349 2695 in
2410 2643 2750 2699 contrarium
2799 2644 3057 2712 tendunt,
3116 2649 3325 2705 nullam
3371 2653 3616 2708 sentiant

2019 2747 2205 2788 rerum
2256 2735 2645 2800 mutationem,
2698 2741 2952 2808 quamvis
2993 2755 3193 2813 magna
3234 2742 3308 2798 sit
3344 2743 3493 2800 inter
3520 2760 3620 2802 cas

2020 2824 2307 2881 distantia.
2362 2828 2470 2884 Res
2506 2830 2654 2884 enim
2703 2831 2998 2888 contrariae
3054 2848 3231 2904 usque
3280 2834 3421 2891 adeo
3465 2852 3619 2893 com-

2022 2917 2203 2973 mistae
2250 2927 2402 2985 sunt,
2466 2919 2655 2976 divina
2703 2922 2880 2992 gratia
2924 2938 2991 2979 ea
3044 2939 3169 2995 quae
3224 2926 3445 2983 misceri
3503 2943 3617 2986 non

2024 3020 2283 3081 possunt,
2335 3012 2482 3067 inter
2522 3028 2584 3069 se
2614 3015 2882 3085 jungente
2935 3030 3001 3072 ac
3041 3032 3238 3073 rursus
3283 3029 3615 3091 separante:

2024 3112 2103 3160 ut
2141 3105 2254 3160 vita
2305 3114 2362 3161 et
2400 3121 2569 3172 mors,
2603 3123 2725 3178 quae
2758 3118 2960 3163 natura
2994 3118 3052 3165 et
3090 3110 3261 3167 rebus
3309 3112 3444 3183 ipsis
3470 3114 3618 3171 inter

2024 3212 2086 3252 se
2112 3197 2349 3253 maxime
2378 3211 2645 3270 pugnant,
2677 3200 2730 3255 in
2758 3201 2870 3256 illis
2896 3201 3060 3257 simul
3099 3202 3371 3260 habitent.
3402 3205 3619 3278 Quippe

2026 3288 2123 3343 ubi
2161 3288 2506 3357 perturbatio
2545 3298 2655 3353 est,
2701 3299 2951 3345 mortuos
2984 3290 3108 3346 illos
3140 3306 3262 3357 esse
3308 3302 3527 3364 oportet
3553 3309 3619 3349 ac

2025 3381 2297 3450 sepultos.
2343 3381 2447 3442 Ubi
2500 3396 2634 3436 vero
2677 3383 3017 3452 precationis
3063 3392 3283 3455 tempus
3334 3395 3439 3453 est,
3501 3396 3617 3443 tum

2024 3474 2255 3530 robusto
2310 3489 2547 3545 corpore
2602 3482 2661 3530 et
2708 3475 2940 3541 alacres,
3002 3478 3219 3534 tametsi
3264 3478 3461 3535 affecta
3502 3479 3616 3547 jam

2022 3574 2205 3634 aetate,
2231 3582 2353 3622 esse
2380 3567 2606 3623 debent.
2646 3566 2889 3637 Utraque
2916 3583 3084 3637 porro
3106 3569 3219 3625 vita
3244 3570 3300 3625 in
3331 3570 3443 3627 illis
3473 3572 3615 3628 adeo

2023 3658 2319 3728 conjuncta
2355 3664 2460 3723 est,
2491 3667 2572 3723 ut,
2602 3658 2857 3727 quamvis
2879 3672 3104 3713 carnem
3141 3660 3364 3731 penitus
3392 3661 3617 3732 abjece-

2023 3748 2156 3813 rint,
2190 3748 2379 3803 vivant
2411 3756 2617 3811 tamen,
2651 3756 2708 3803 et
2739 3763 2847 3803 una
2878 3764 3005 3804 cum
3032 3749 3347 3807 viventibus
3386 3767 3620 3809 conver-

2024 3850 2237 3910 sentur,
2259 3857 2532 3913 aegrorum
2556 3841 2883 3912 corporibus
2914 3841 3244 3898 medicinam
3266 3843 3618 3913 adhibentes,

2024 3942 2081 3989 et
2128 3931 2562 4004 supplicantium
2604 3942 2732 3987 vota
2780 3933 2894 3988 Deo
2921 3932 3240 4000 oﬂ‘erentes,
3275 3934 3488 4007 reliqua
3522 3936 3621 3992 de-

2023 4026 2193 4097 nique
2235 4024 2467 4095 perinde
2506 4040 2573 4079 ac
2626 4024 2683 4078 in
2732 4023 2917 4094 priore
2959 4026 3073 4080 vita
3119 4036 3466 4097 peragentes,
3510 4030 3620 4086 nisi

2023 4118 2173 4189 quod
2212 4117 2381 4174 rebus
2406 4117 2738 4173 necessariis
2770 4132 2882 4172 non
2911 4116 3181 4188 indigent,
3220 4135 3323 4175 nec
3354 4120 3479 4176 loco
3506 4122 3621 4178 ullo

2024 4205 2592 4271 circumscribuntur;
2624 4204 2722 4261 sed
2746 4221 2940 4261 omnes
2968 4207 3225 4273 audiunt,
3248 4218 3306 4265 et
3333 4224 3461 4265 cum
3492 4227 3615 4266 om-

2024 4299 2188 4354 nibus
2238 4306 2659 4354 conversantur.
2718 4298 2860 4354 Sunt
2910 4299 3055 4369 apud
3122 4299 3246 4357 illos
3292 4302 3506 4359 crebrae
3558 4312 3617 4360 et

2026 4388 2311 4446 indefessa:
2362 4404 2607 4461 genuum
2658 4387 2944 4456 ﬂexiones,
3000 4406 3067 4446 ac
3110 4408 3304 4450 rursus
3346 4397 3623 4453 stationes

2028 4480 2346 4546 laboriosae,
2396 4481 2517 4537 solo
2565 4479 2844 4537 desiderio
2896 4492 3237 4540 senectutem
3289 4485 3511 4541 illorum
3561 4495 3619 4543 et

327 4571 583 4641 δεόμενοι
606 4571 707 4645 (6).
731 4571 874 4625 οὕτω
894 4571 1094 4642 κομιδῇ
1126 4568 1385 4640 βραχέσιν
1402 4568 1717 4640 ἀρκοῦνταιο
1746 4569 1922 4641 ἐχθρω

2042 4572 2407 4628 voluntariam
2453 4572 2829 4628 inﬁrmitatem
2876 4583 3183 4631 recreante.
3223 4577 3461 4635 Athletae
3487 4588 3619 4635 sunt

330 4664 450 4716 τῶν
483 4664 631 4719 ἰδίων
666 4664 974 4736 βουλήσεων
1004 4665 1100 4719 καὶ
1130 4664 1235 4733 τῆς
1280 4662 1494 4733 φύσεως
1517 4703 1533 4727 ,
1560 4662 1770 4716 ἔκδοτοι
1811 4665 1926 4727 τοῖς

2032 4664 2215 4721 carnis
2264 4669 2543 4733 expertes,
2570 4662 2869 4720 luctatores
2897 4665 3163 4737 sanguine
3190 4674 3443 4725 carentes
3475 4686 3491 4725 :
3520 4669 3622 4741 qui

1551 4795 1823 4851 VALESII
1858 4796 2417 4854 ANNOTATIONES.

334 4895 553 4943 tantum
625 4906 672 4960 a7
714 4890 947 4960 καπήλῳ
1002 4890 1173 4945 distat
1228 4888 1664 4958 παλιγκάπηλος.
1725 4888 1930 4948 ϐίοεειε

332 4959 999 5031 νειειιεεπαλιγκάπηλον
1034 4961 1227 5016 Latine
1252 4960 1640 5031 dardanarium
1667 4961 1926 5016 reddunt.

415 5029 493 5099 (εὶ)
537 5029 961 5101 Ἀποκριθῆναι
1026 5033 1236 5101 φύσιν.
1295 5030 1426 5101 Non,
1454 5029 1715 5101 displicet
1747 5032 1932 5101 conje-

338 5110 509 5155 ctura
534 5100 824 5172 doctorum
849 5099 1117 5166 virorum,
1145 5102 1240 5172 qui
1270 5099 1635 5172 ἀποκλιθῆναι
1665 5099 1928 5157 emcnda-

340 5180 499 5224 rnnt.
524 5171 698 5237 Quam
744 5172 1035 5227 lectionem
1073 5170 1297 5228 secutus
1338 5180 1431 5242 est,
1466 5170 1927 5242 Christophurso—

339 5255 475 5307 ius,
502 5251 565 5295 ut
583 5258 651 5296 ex
680 5242 935 5297 versione
957 5244 1074 5313 ejus
1095 5250 1341 5313 apparet.
1372 5241 1718 5313 Nicephorus
1743 5251 1925 5298 tamen

340 5313 623 5380 vulgatam
648 5313 991 5383 scripturam
1030 5314 1286 5367 retinuit.

419 5382 830 5452 (armatam-
856 5382 1433 5452 συμπλέκεταιβίος.
1460 5382 1699 5439 Ioannes
1712 5382 1930 5452 Langus

344 5451 419 5506 de
470 5451 729 5522 praesenti
773 5462 829 5509 et
860 5451 1043 5508 futura
1073 5455 1181 5508 vita
1217 5454 1335 5507 haec
1364 5455 1530 5508 verba
1558 5454 1803 5524 exponit.
1835 5451 1929 5510 Sic

345 5524 501 5577 cutim
537 5524 831 5593 Nicephori
861 5525 947 5578 sui
974 5524 1154 5579 locum
1183 5524 1580 5592 interpretatus
1610 5532 1715 5578 est.
1751 5524 1925 5577 Vitam

347 5602 641 5666 utramque
679 5594 784 5659 illi,
821 5604 1134 5666 prwsentem
1162 5594 1401 5649 videlicet
1444 5603 1494 5647 et
1542 5593 1803 5664 futuram,
1849 5595 1928 5648 ita

346 5663 674 5734 complicant
708 5673 758 5720 et
802 5663 1157 5749 conjunguut,
1194 5674 1251 5719 ut
1294 5681 1487 5728 carne,
1514 5663 1621 5749 etc.
1655 5666 1781 5749 Ego-
1800 5680 1932 5720 vero

352 5750 457 5804 per
490 5742 783 5806 utramque
806 5735 1022 5791 vivendi
1052 5736 1344 5799 rationem,
1378 5735 1695 5806 saecularem
1734 5744 1789 5789 ct
1819 5750 1935 5790 mo-

359 5804 627 5879 nasticam
674 5804 763 5879 liic
798 5807 1027 5879 intelligi
1074 5807 1349 5879 existimo.
1412 5805 1582 5879 quue
1646 5807 1934 5879 sequentia

2037 4892 2107 4945 τά
2138 4909 2197 4944 τε
2234 4890 2371 4945 ἄλλα
2411 4887 2616 4959 ὁμοίως
2641 4888 2707 4958 τῇ
2767 4888 3013 4963 προτέρᾳ
3070 4890 3223 4963 βιοτῇ
3279 4892 3619 4948 διεκτελοῦν.

2036 4979 2149 5024 τες.

2108 5033 2185 5099 (4)
2219 5032 2378 5084 Ὅσα
2405 5027 2492 5099 μὴ
2544 5026 2664 5081 τῶν
2707 5030 3051 5099 ἀναγκαίων
3088 5030 3342 5087 δεῖσθαι.
3391 5033 3621 5092 Rectius

2034 5102 2176 5185 apud
2199 5099 2847 5186 'Nicephorumhlegitui;
2871 5100 2979 5156 hoc
3009 5099 3193 5186 modo,
3230 5102 3372 5175 πλὴν
3408 5104 3618 5186 ὅσῳ.μῆ

2034 5126 2176 5171 apuu
2226 5126 2600 5171 L‘Iccpllurum
2638 5126 2842 5186 ιυξιιυΐ
2871 5126 2979 5156 nuc
3009 5126 3193 5167 Illuuu,
3230 5126 3372 5175 πΛην
3408 5126 3519 5177 οσῳ
3583 5126 3618 5178 η

2031 5173 2141 5250 τῷν
2188 5172 2501 5250 ἀναγκαίων
2542 5169 2745 5250 ἐνδεεες
2794 5165 2933 5223 εἶναι
2958 5172 3074 5250 ’καὶ
3100 5173 3287 5250 τόπῳ-
3310 5126 3622 5250 περιορίῇ-

2032 5242 2178 5295 σθαι.
2209 5241 2342 5309 Quae
2364 5240 2445 5296 sic
2482 5240 2649 5294 vertit
2684 5241 2924 5296 Joannes
2958 5241 3175 5313 Langus
3203 5240 3234 5297 z'
3256 5240 3445 5299 Itidem
3473 5240 3621 5301 ἰιιίὲη

2034 5314 2209 5383 priore
2238 5314 2347 5366 vita
2374 5313 2637 5383 degentes,
2677 5321 3037 5383 prieterquam
3070 5313 3211 5380 quod
3251 5316 3405 5370 rebus
3439 5332 3617 5371 neces-

2032 5381 2195 5438 sariis
2246 5399 2353 5436 non
2392 5382 2688 5450 indigeant,
2734 5394 2783 5437 et
2830 5381 2942 5438 loco
2988 5382 3137 5439 nullo
3183 5386 3621 5441 circumscribun-

2035 5462 2143 5508 tur.

2107 5525 2184 5592 (5)
2243 5523 2724 5594 Ἐπαναστᾴσεις
2767 5542 2832 5579 τε
2880 5525 3205 5594 σύμπονοι.
3253 5524 3621 5581 Scrihcndum

2037 5594 2258 5651 videtur
2272 5594 2532 5665 σύντονοι.
2562 5593 2687 5651 llaec
2711 5596 2857 5650 enim
2884 5595 2995 5650 duo
3013 5594 3281 5665 vocabula
3300 5594 3623 5665 frequenter

2041 5666 2207 5789 ilnteti.
2238 5680 2299 5720 se
2352 5663 2617 5720 confundi
2678 5666 2733 5720 in
2789 5680 2922 5720 mss.
2967 5664 3379 5735 exemplaribus
3405 5663 3623 5738 depre-

2063 5753 2173 5789 ιεη(
2194 5753 2230 5789 l.

2043 5736 2230 5791 licndi.

2117 5809 2192 5875 (6)
2228 5807 2430 5878 Πόσον
2448 5806 2513 5878 ἐς
2538 5806 2771 5878 τροφὴν
2792 5806 3079 5877 δεόμενοι.
3113 5804 3235 5862 Non
3264 5804 3464 5862 dubito
3485 5805 3635 5878 quin.

357 5876 577 5947 Evagrii
601 5877 770 5933 verba
798 5875 1084 5936 manifeste
1114 5877 1465 5935 conﬁrmant.
1500 5876 1764 5946 Sequitur
1788 5878 1937 5933 enini
2046 5877 2403 5933 scribendum
2428 5875 2498 5932 sit
2532 5876 2733 5931 πόσων.
