4028 6502
382 377 428 441 2
440 376 547 442 585

1326 379 1712 443 HISTORI/E
1750 380 2352 444 ECCLESIASTICIE
2392 378 2624 440 LIBER
2660 378 2742 437 Il.

3519 375 3663 440 2486

470 493 549 545 B'.
587 490 720 563 Περὶ
739 490 837 563 τῆς
858 490 917 545 ὲν
940 490 1250 562 Χαλκηδόνι
1280 490 1523 555 συνόδου,
1555 491 1651 544 καὶ
1683 489 1848 543 πόθεν
1880 490 1977 559 τὴν

2150 488 2216 542 Il.
2256 488 2333 543 De
2376 487 2587 558 synodo
2630 482 3088 555 Chaléedouensi,
3130 495 3189 543 et
3229 502 3393 559 quam
3433 490 3505 544 ob
3532 505 3664 545 cau-

386 583 584 636 αἰτίαν
607 582 711 651 τῆς
737 582 1104 646 συνελεύσεως
1136 581 1319 652 ἔσχεν.

471 676 549 727 l".
579 675 887 743 Ἐκφρασις
918 674 1012 727 τοῦ
1043 674 1337 744 εὐκτηρίου
1393 674 1545 727 οἴκου
1594 673 1692 743 τῆς
1748 672 1980 742 μεγαλο-

391 768 681 838 μάρτυρος
707 766 1021 837 Εὐφημίας,
1050 766 1150 837 τῆς
1202 768 1260 820 ὲν
1304 765 1626 834 Χαλκηδόνι·
1656 764 1754 818 καὶ
1789 763 1980 835 διήγη-

389 874 491 921 σις
518 856 625 910 τῶν
667 858 975 926 γενομένων
1003 858 1063 910 έν
1089 856 1241 927 αὐτῷ
1274 856 1593 926 θαυμάτων.

470 952 547 1005 Δ⁹.
578 950 713 1020 Περὶ⁸
740 948 851 1002 τῶν
881 950 940 1002 έν
967 951 1033 1021 τῇ
1060 949 1262 1017 συνόδῳ
1298 948 1633 1020 κινηθέντων
1670 948 1765 1003 καὶ
1796 963 1980 1002 τυπω-

390 1040 628 1105 θέντων,
663 1043 760 1095 καὶ
789 1040 866 1105 ὡς
891 1041 1186 1112 Διόσκορος
1211 1042 1241 1095 ό
1279 1040 1694 1113 Ἀλεξανδρείας
1734 1040 1976 1112 καθῃρέ-

390 1133 495 1203 θη·
516 1132 841 1206 Θεοδὼριτος
862 1133 921 1188 δὲ
944 1134 1040 1188 καὶ
1063 1133 1236 1200 Ἰϐας,
1261 1134 1354 1189 καί
1376 1152 1520 1200 τινες
1551 1134 1728 1207 ἕτεροι
1749 1133 1981 1204 ἀνεκλή-

390 1225 600 1293 θησαν.

477 1317 551 1371 E’.
582 1316 717 1385 Περὶ
745 1316 843 1388 τῆς
870 1316 1174 1388 γενομένης
1198 1315 1443 1381 στάσεως
1482 1317 1541 1370 ἑν
1575 1315 1978 1388 ’Δλεξανδρείᾳ,

390 1409 566 1478 χάριν
608 1407 706 1478 τῆς
742 1408 1087 1480 χειροτονίας
1138 1408 1462 1481 Προτεριου,
1517 1406 1721 1479 ὁμοίως
1768 1407 1864 1462 καί¹
1921 1408 1979 1459 ὲν

404 1498 828 1570 Ἱεροσολύμοις.

471 1591 565 1657 ς’.
598 1590 733 1660 Περὶ
780 1590 881 1661 τῆς
916 1588 1218 1661 γενομένης
1246 1587 1566 1660 ἀνομϐρίας,
1594 1586 1755 1658 λιμοῦ
1797 1602 1853 1639 τε
1886 1585 1981 1639 καὶ

386 1680 591 1754 λοιμοῦ
613 1698 627 1715 ’
657 1682 803 1747 ὅπως
831 1699 891 1736 τε
927 1682 1247 1754 παραδόξως
1274 1681 1333 1735 ἐν
1354 1698 1466 1734 τισι
1497 1680 1705 1753 χώραις
1736 1679 1979 1751 αὐτομά-

381 1791 510 1838 τως
536 1776 572 1845 η
614 1776 673 1846 (ἦ
702 1774 829 1839 τοὺς
856 1776 1105 1847 κάρπους
1128 1773 1483 1845 ἐϐλάστησεν.

2079 593 2197 633 sam
2227 589 2556 651 congregata
2599 580 2672 636 sit

2152 672 2238 727 III.
2279 672 2589 742 Descriptio
2616 671 2805 743 templi
2832 687 3043 744 magna:
3072 672 3327 744 martyris
3341 673 3663 745 Euphemia:

2082 765 2140 819 in
2176 765 2311 821 urbe
2350 765 2807 833 Chalcedonensi,
2837 772 2893 821 et
2943 764 3336 821 miraculorum
3380 782 3504 838 qua:
3548 767 3662 823 illic

2081 856 2224 911 facta
2255 864 2384 911 sunt
2412 856 2677 911 narratio.

2152 948 2243 1005 1V.
2282 950 2361 1005 De
2386 948 2457 1004 iis
2479 966 2601 1020 quae
2627 949 2682 1004 in
2714 948 2925 1020 synodo
2951 948 3154 1020 agitata
3183 957 3313 1004 sunt
3338 956 3395 1003 et
3420 948 3660 1004 sancita:

2080 1048 2139 1097 et
2183 1040 2461 1111 quomodo
2515 1039 2812 1095 Dioscorus
2850 1039 3194 1095 Alexandria:
3238 1038 3531 1110 episcopus
3565 1040 3661 1095 de-

2080 1130 2299 1203 positus
2349 1131 2423 1187 sit
2474 1148 2488 1185 :
2528 1130 2901 1187 Theodoritus
2950 1138 3134 1187 autem
3184 1138 3241 1187 et
3289 1129 3413 1187 Ibas
3457 1132 3662 1202 aliique

2079 1223 2331 1279 nonnulli
2384 1223 2625 1278 restituti
2670 1221 2801 1278 sint.

2150 1316 2216 1372 V.
2258 1315 2335 1371 De
2371 1316 2645 1372 seditione
2702 1330 2826 1386 qua:
2872 1313 3219 1370 Alexandria:
3267 1313 3411 1370 facta
3456 1321 3544 1369 est
3588 1312 3662 1368 ob

2081 1405 2491 1462 ordinationem
2545 1407 2815 1474 Proterii;
2842 1416 2901 1464 et
2932 1406 3003 1463 de
3030 1421 3095 1462 ea
3120 1423 3242 1479 quae
3270 1404 3503 1477 contigit
3534 1403 3663 1461 Ilie-

2081 1498 2395 1570 rosolymis.

2151 1589 2241 1644 VI.
2282 1591 2357 1647 De
2407 1590 2678 1657 siccitate,
2717 1598 2775 1647 et
2802 1590 2871 1647 de
2909 1589 3054 1648 fame
3092 1605 3159 1646 ac
3206 1598 3392 1661 peste;
3419 1598 3476 1645 ct
3524 1604 3663 1660 quo-

2081 1681 2249 1737 modo
2278 1681 2334 1736 in
2365 1681 2699 1754 quibusdam
2727 1682 2863 1739 locis
2894 1684 3060 1740 tellus
3086 1697 3187 1739 sua
3215 1691 3415 1753 sponte
3444 1681 3662 1738 fructus

2081 1772 2341 1829 ediderit.

471 1838 711 1937 Ζηύὲρι
738 1866 838 1935 τῆς
874 1838 1212 1936 ἀναιρέσεως
1238 1838 1689 1919 Οὐαλεντινιανοῦ
1710 1862 1807 1916 καὶ
1838 1861 1973 1917 ἁλώο

2157 1865 2269 1921 VII.
2310 1866 2385 1921 De
2435 1866 2586 1923 caede
2626 1867 2975 1938 imperatoris
3010 1864 3403 1932 Valentiniani,
3435 1876 3493 1922 et
3525 1872 3668 1938 quo:

386 1972 540 2020 σεως
584 1954 821 2026 Ῥώμης·
853 1956 949 2009 καὶ
1000 1956 1132 2026 περὶ
1160 1954 1367 2027 ἑτέρων
1412 1952 1849 2025 βασιλευσάντων
1880 1952 1984 2006 αὒ-

383 2064 553 2195 τηῖιι.
581 2139 710 2210 Περὶ
725 2138 818 2193 τοῦ
843 2138 1076 2193 θανάτου
1100 2138 1443 2211 Μαρκιανοῦ,
1471 2136 1687 2209 καὶτῆς
1709 2134 1983 2207 βασιλείας

384 2233 621 2296 Λέοντος
644 2250 659 2263 ο
712 2233 805 2286 καὶ
866 2231 944 2297 ὡς
989 2232 1041 2286 οἱ
1087 2231 1196 2286 τῶν
1259 2229 1651 2301 Ἀλεξανδρέων
1728 2228 1985 2300 αίρεσιῶο

384 2341 489 2377 ται
530 2324 621 2379 τὸν
651 2324 945 2396 Προσέριον
1007 2324 1411 2394 ἀποσφάττουσι
1443 2339 1456 2353 ·
1495 2321 1749 2393 Τιμοθέῳ
1797 2320 1855 2374 δὲ
1902 2319 1983 2390 τῷ

384 2415 641 2488 Διλούρῳ
676 2417 777 2489 τὴν
804 2416 1215 2490 ἀρχιερωσύνην
1242 2414 1652 2486 παραδιδόασιν.

467 2505 545 2558 Θ’.
574 2506 706 2577 Περὶ
736 2506 848 2561 τῶν
879 2506 1189 2575 ἐγκυκλίων
1219 2506 1449 2569 Λέοντος
1480 2503 1766 2576 βασιλέως.

470 2600 529 2652 ι’.
563 2598 700 2670 Περὶ
728 2592 806 2653 ὧν
835 2599 887 2653 οί
913 2597 1228 2663 ἐπίσκοποι,
1256 2597 1348 2652 καὶ
1399 2595 1624 2669 Συμεὼν
1661 2597 1691 2650 ό
1739 2595 1982 2667 κιονίτης

384 2690 765 2761 ἀπέγραψεν.
950 2744 953 2745 ν

470 2786 576 2839 IA’.
606 2786 741 2856 Περὶ
782 2784 884 2856 τῆς
914 2785 1131 2858 ἑξορίας
1155 2784 1424 2857 Τιμοθέου
1451 2784 1545 2839 τοῦ
1571 2782 1855 2855 Αίλούρου,
1886 2784 1981 2837 καὶ

385 2878 499 2947 τῆς
538 2878 874 2948 χειροτονίας
930 2878 1200 2949 Τιμοθέου
1263 2878 1358 2932 τοῦ
1409 2877 1837 2947 Σαλοφακιάλου.
1869 2877 1977 2930 Καὶ

385 2969 535 3039 περὶ
578 2969 618 3022 Γ
620 2968 862 3023 ενναδίου
911 2969 1009 3024 καὶ
1058 2968 1339 3035 Ἀκαδιίου,
1386 2967 1498 3022 τῶν
1536 2969 1980 3022 Κωνσταντινου-

388 3059 658 3117 πολιτῶν.

470 3150 572 3207 IB'.
624 3154 760 3225 Περί⁸
808 3156 905 3208 τοῦ
954 3153 1239 3224 γεγονότος
1287 3154 1347 3207 έν
1412 3152 1717 3223 Ἀντιοχείᾳ
1749 3150 1977 3223 σεισμοῦ

390 3246 547 3314 μετὰ
575 3246 671 3320 ἔτη
703 3247 994 3319 τριακόσια
1031 3244 1117 3318 με
1145 3246 1242 3301 τοῦ
1274 3246 1415 3319 μετὰ
1439 3244 1731 3318 Τραϊανόν.

474 3429 573 3485 II".
604 3431 741 3503 Περὶ
776 3430 872 3486 τοῦ
925 3432 1259 3505 ἐμπρησμοῦ
1291 3432 1385 3486 τοῦ
1435 3433 1494 3484 ὲν
1542 3432 1982 3485 Κωνσταντινου-

390 3521 581 3578 πόλει.

471 3616 571 3669 1Δ’.
605 3615 741 3688 Περὶ
771 3614 1080 3670 καθολικῶν
1116 3613 1479 3685 παθημάτων.

474 3706 577 3758 lE'.
623 3707 758 3778 Περὶ
790 3706 886 3760 τοῦ
934 3706 1116 3776 γάμου
1147 3707 1416 3777 Ζήνωνος,
1460 3703 1556 3758 καὶ
1601 3703 1909 3772 Ἀριάδνης.

472 3798 592 3866 ις’.
624 3800 761 3871 Περὶ
817 3799 1097 3871 Ἀνθεμίου
1140 3797 1404 3870 βασιλέως
1447 3795 1690 3867 Ῥώμης,
1748 3792 1983 3849 καὶτῶν

394 3892 463 3956 ἐξ
494 3890 660 3944 αὐτοῦ
690 3891 979 3955 βασιλέων.

470 3986 570 4038 IZ'.
605 3984 738 4055 Περὶ
758 3984 859 4054 τῆς
898 3982 1156 4052 τελευτῆς
1186 3983 1434 4046 Λέοντος,
1462 3983 1552 4035 καὶ
1584 3980 1859 4051 βασιλείας
1884 3977 1979 4031 τοῦ

398 4074 606 4146 μικροῦ
628 4074 880 4140 Λέοντος,
894 4076 987 4129 καὶ¹
1005 4074 1161 4139 αὖθις
1182 4075 1427 4145 Ζήνωνος
1445 4073 1537 4126 τοῦ
1563 4072 1769 4142 πατρὸς
1784 4070 1973 4124 αὑτοῦ.

470 4166 582 4220 ΙΗ⁹.
606 4166 869 4237 Ἐπιτομὴ
886 4166 996 4219 τῶν
1028 4165 1359 4235 κινηθέντων
1380 4166 1438 4217 ὲν
1460 4167 1528 4235 τῇ
1550 4166 1632 4227 είς
1656 4163 1975 4233 Χαλκηδόνα

401 4257 635 4329 συνόδῳ,
670 4258 731 4313 έν
772 4257 852 4329 τῷ
879 4257 1023 4312 τέλει
1064 4256 1158 4311 τοῦ
1194 4256 1446 4327 δευτέρου
1470 4256 1641 4326 τόμου
1665 4254 1972 4324 τεθειμένη.

2007 4497 2055 4556 D

1018 4494 1249 4548 ΚΕΦΔΛ
1298 4495 1377 4548 A’.

401 4587 541 4657 Περὶ
573 4586 917 4657 Μαρκιανοῦ
936 4586 1265 4650 βασιλέως,
1293 4585 1391 4638 καί
1418 4581 1814 4657 οἶαλσύμϐολα
1840 4596 1980 4651 προ-

477 4654 822 4727 ὴγήσαντο,
858 4656 973 4724 τὴν
998 4657 1329 4721 βασιλείαν
1356 4654 1544 4709 αὐτοῦ
1574 4654 1907 4722 μηνύοντα.

480 4751 551 4801 "A
588 4747 688 4818 μὲν
738 4747 831 4802 ἐπὶ
889 4749 1005 4811 τοῖς
1059 4745 1344 4799 Θεοδοσίου
1401 4745 1695 4815 γεγένηται
1746 4746 1982 4815 χρόνοις,

402 4844 472 4913 τῇ
522 4841 712 4912 πρώτῃ
760 4840 1068 4911 διείληπται
1106 4838 1362 4904 διαλέξει.
1408 4838 1546 4909 Φέρε
1577 4837 1635 4891 δὲ
1668 4838 1985 4909 Μαρκιανὸν

405 4933 465 4996 ἐς
513 4932 675 5003 μέσον
721 4934 947 5000 ἄγοντες
985 4933 1078 4984 τὸν
1110 4931 1355 5001 ἀοίδιμον
1384 4932 1681 5002 Ῥωμαίων
1710 4931 1983 5002 αὐτοκρά-

402 5040 577 5094 τορα,
620 5024 885 5094 πρότερον
926 5023 1304 5094 ἱστορήσωμεν
1326 5066 1341 5090 ,
1395 5025 1480 5088 τίς
1514 5041 1573 5077 τε
1605 5019 1675 5096 ἦν
1710 5024 1805 5078 καὶ
1837 5024 1981 5089 ὅθεν,

403 5116 507 5171 καὶ
531 5118 678 5178 ὅπως
706 5114 806 5186 τὴν
836 5114 1116 5184 βασιλείαν
1152 5114 1441 5183 Ῥωμαίων
1469 5116 1803 5187 ἀνεδήσατοο
1841 5115 1984 5168 οὕτω

402 5228 465 5263 τε
496 5209 566 5262 τὰ
594 5209 686 5262 ὑπ’
714 5206 881 5263 αὑτοῦ
907 5206 1250 5276 γεγενημένα
1278 5207 1417 5261 κατὰ
1440 5208 1567 5270 τοὺς
1591 5208 1753 5270 ἰδίους
1776 5207 1985 5260 ἀποθώ-

408 5301 553 5370 μεθα
584 5300 831 5370 καιρούς.
882 5298 1202 5370 Μαρκιανὸς
1230 5300 1416 5353 τοίνυν
1445 5297 1519 5362 ὡς
1550 5297 1733 5362 ἄλλοις
1760 5279 1820 5351 τε
1850 5300 1978 5351 πολ-

400 5391 518 5454 λοίς
562 5391 657 5443 καὶ
701 5389 807 5459 μὴν
854 5390 950 5444 καὶ
988 5389 1209 5460 Πρίσκῳ
1242 5388 1518 5459 ἱστόρηται
1549 5388 1627 5459 τῷ
1656 5390 1844 5459 ῥήτορι
1869 5388 1972 5457 (9),

398 5479 472 5553 ἦν
518 5482 614 5551 μὲν
654 5481 804 5552 Θρᾲξ
836 5481 899 5534 τὸ
927 5481 1115 5547 γένος,
1154 5478 1344 5549 ἀνδρὸς
1378 5478 1770 5549 στρατιωτικοῦ
1801 5482 1933 5541 παῖς
1961 5492 1973 5505 ⁸

398 5577 461 5638 ὃς
486 5591 550 5642 γε
573 5572 674 5643 τῆς
698 5573 792 5626 τοῦ
817 5572 1026 5643 πατρὸς
1044 5571 1226 5642 βιοτῆς
1255 5570 1583 5641 μεταλαχεῖν
1600 5571 1976 5639 ἐπειγόμενος,

2084 1958 2250 2014 modo
2292 1968 2449 2029 capta
2496 1960 2568 2015 sit
2607 1959 2812 2025 Roma;
2867 1969 2923 2016 et
2970 1960 3038 2015 de
3088 1960 3520 2030 imperatoribus
3566 1959 3661 2030 qui

2086 2060 2209 2121 post
2247 2052 2694 2107 Valentinianum
2742 2062 3059 2123 regnarunt.
3650 2052 3653 2053 ⁷

2155 2144 2291 2201 VIII.
2332 2145 2411 2200 De
2453 2145 2606 2200 obitu
2656 2144 2938 2210 Marciani,
2965 2153 3023 2200 et
3054 2145 3124 2200 dc
3156 2144 3387 2215 imperio
3420 2145 3658 2213 Leonis;

2083 2244 2141 2290 et
2168 2235 2446 2305 quomodo
2467 2233 2710 2292 haeretici
2736 2236 3079 2291 Alexandria:
3103 2236 3411 2291 Proterium
3435 2223 3669 2307 quidem

2082 2327 2426 2397 occiderunt,
2462 2328 2815 2385 Timotheum
2846 2337 3031 2383 autem
3053 2325 3302 2383 dilutum
3341 2326 3661 2398 episcopum

2084 2421 2393 2491 elegerunt.

2156 2514 2248 2569 IX.
2290 2515 2365 2569 De
2389 2513 2783 2570 ‘circularibus
2815 2514 3017 2570 litteris
3066 2512 3269 2569 Leonis
3314 2512 3567 2583 Augusti.

2158 2606 2227 2660 X.
2268 2606 2345 2661 De
2390 2606 2478 2662 his
2547 2622 2669 2678 quae
2738 2606 2983 2677 episcopi
3054 2614 3113 2662 et
3170 2605 3406 2678 Symeon
3465 2604 3662 2679 Stylita

2083 2695 2253 2751 Leoni
2301 2696 2727 2767 rescripserunt.

2155 2784 2246 2839 XI.
2287 2785 2363 2839 De
2400 2776 2919 2841 exsilio'Timothei
2961 2782 3160 2853 Eluri,
3217 2793 3275 2841 et
3319 2785 3388 2841 de
3441 2784 3666 2841 ordina-

2082 2874 2232 2931 tione
2262 2875 2539 2931 Timothei
2587 2874 2921 2932 SanI'acioli.
2976 2877 3108 2932 Item
3165 2876 3235 2933 de
3266 2876 3553 2933 Gennadio
3605 2884 3666 2933 et

2080 2965 2283 3021 Acacio
2332 2965 2962 3038 Constantinopolitanis
3005 2967 3305 3040 episcopis.

2152 3160 2269 3216 XII.
2311 3161 2387 3216 De
2416 3172 2577 3218 terra:
2605 3171 2757 3217 motu
2792 3162 2888 3234 qui
2928 3161 3163 3234 contigit
3192 3161 3522 3228 Antiochia,
3552 3170 3664 3219 tre-

2083 3252 2261 3309 centis
2300 3261 2356 3308 et
2386 3252 2750 3324 quadraginta
2804 3262 3015 3325 septem
3041 3255 3203 3310 annis
3228 3262 3356 3327 post
3379 3254 3534 3310 illum
3566 3254 3663 3327 qui

2080 3345 2425 3415 temporibus
2473 3345 2695 3416 Trajani
2734 3346 3057 3418 contigerat.

2152 3438 2291 3493 XIII.
2334 3439 2410 3495 De
2440 3439 2699 3495 incendio
2742 3440 2889 3511 quod
2926 3440 3126 3496 accidit
3162 3440 3661 3513 Constantinopoii.

2157 3617 2292 3675 XIV.
2333 3621 2411 3676 De
2444 3620 2853 3676 universalibus
2904 3619 3335 3675 calamitatibus.

2157 3710 2270 3766 XV.
2316 3711 2391 3766 De
2435 3711 2649 3781 nuptiis
2699 3709 2937 3766 Zenonis
2990 3718 3047 3765 et
3096 3709 3374 3766 Ariadnae.

2159 3796 2301 3853 XVI.
2342 3798 2419 3853 De
2450 3798 2746 3853 Anthemio
2796 3798 3135 3869 imperatore
3178 3800 3337 3856 urbis
3368 3799 3575 3868 Romae,
3609 3809 3667 3857 et

2088 3890 2157 3945 de
2193 3890 2262 3945 iis
2310 3890 2404 3960 qui
2464 3899 2588 3961 post
2643 3890 2797 3944 illum
2842 3890 3209 3961 imperarunt.
3659 3904 3661 3906 ‘

2158 3979 2322 4035 XVII.
2362 3981 2439 4035 De
2472 3987 2649 4035 morte
2698 3980 2919 4045 Leonis,
2968 3990 3026 4036 et
3076 3981 3146 4037 de
3191 3980 3425 4052 imperio
3466 3981 3671 4039 Leonis

2084 4068 2355 4135 Junioris,
2386 4076 2446 4123 et
2490 4068 2749 4135 Zenonis,
2792 4069 2965 4140 patris
3017 4071 3285 4141 ejusdem.

2156 4163 2343 4218 XVIII.
2382 4162 2783 4233 Compendium
2833 4162 3096 4218 Actorum
3138 4165 3330 4236 synodi
3366 4165 3669 4223 Chalcedo-

2084 4256 2294 4323 nensis,
2348 4255 2587 4324 positum
2642 4255 2697 4311 in
2742 4254 2849 4311 line
2895 4254 3024 4312 libri
3063 4256 3315 4313 secundi.

2659 4493 2821 4563 εει
2852 4491 3005 4549 CAP.
3037 4494 3079 4549 ι.

2088 4583 2163 4639 De
2204 4584 2481 4640 Marciano
2527 4585 2865 4656 imperatore,
2901 4595 2949 4638 et
2974 4601 3095 4669 quae
3131 4587 3282 4657 signa
3306 4586 3515 4658 imperii
3551 4589 3667 4659 ejus

2684 4666 3068 4725 prwcesserint.

2164 4747 2241 4802 Ea
2295 4763 2418 4818 quae
2481 4746 2779 4802 Theodosii
2828 4747 3070 4818 junioris
3122 4748 3464 4821 temporibus
3517 4759 3668 4822 gesta

2095 4847 2246 4901 sunt,
2279 4836 2565 4906 superiore
2616 4837 2762 4891 libro
2808 4838 3083 4909 complexi
3117 4854 3329 4894 sumus.
3372 4839 3492 4895 Jam
3534 4856 3668 4896 vero

2090 4927 2449 4989 Marcianum,
2469 4925 2745 4980 celebrem
2778 4924 2933 4980 illum
2956 4928 3332 4984 Romanorum
3367 4928 3666 5001 imperato-

2092 5035 2231 5083 rem,
2266 5020 2323 5073 in
2363 5018 2605 5073 medium
2638 5020 3031 5089 producentes.
3061 5022 3301 5092 primum
3330 5039 3681 5094 exponamus

2090 5112 2215 5182 quis
2246 5120 2303 5167 et
2325 5110 2471 5166 unde
2512 5110 2701 5177 fuerit,
2732 5121 2790 5167 et
2820 5128 3062 5184 quonam
3092 5114 3343 5173 modoad
3371 5114 3665 5186 imperium

2089 5205 2425 5277 pervenerit.
2477 5204 2685 5260 Deinde
2718 5221 2808 5260 res
2840 5206 2910 5261 ab
2950 5206 3045 5261 illo
3077 5216 3260 5278 gestas
3302 5222 3404 5265 suo
3445 5209 3569 5265 Ioco
3602 5225 3666 5265 ac

2091 5302 2338 5363 tempore
2365 5292 2689 5349 referemus.
2722 5295 2891 5365 Igitur
2911 5295 3243 5364 Marcianus,
3272 5298 3421 5355 sicut
3442 5315 3567 5354 cum
3597 5300 3674 5355 ab
3720 5364 3725 5367 μ

2086 5386 2212 5442 aliis
2265 5386 2477 5451 multis,
2521 5393 2637 5441 tum
2683 5402 2713 5441 a
2754 5388 2942 5443 Prisco
2977 5390 3199 5445 rhetore
3242 5391 3521 5461 proditum
3558 5401 3662 5459 est,

2082 5477 2352 5533 oriundus
2381 5477 2486 5531 Iuit
2515 5494 2581 5534 ex
2610 5479 2874 5546 Thracia,
2909 5490 3065 5551 patre
3105 5484 3355 5538 militari.
3384 5484 3489 5551 Qui
3539 5500 3664 5540 cum

2083 5578 2372 5641 paternum
2405 5570 2626 5626 vivendi
2651 5588 2823 5642 genus
2849 5575 3003 5644 sequi
3026 5585 3275 5645 cuperet,
3307 5577 3665 5650 Philippopo-

1620 5686 1896 5743 VALESII
1922 5684 2473 5741 ANNOTATIONES.

477 5784 553 5847 ιθ)
583 5784 890 5850 Πιιτρίσκῳ
920 5785 1219 5851 ἰστῲηται
1251 5780 1327 5845 τῷ
1346 5783 1572 5849 ῥήτορι.
1616 5780 1977 5838 Sz'rihcndum

394 5863 492 5911 cst
516 5854 759 5924 Πρίσκῳ,
786 5862 844 5907 ιιι
868 5854 1069 5924 legitur
1100 5855 1152 5909 in
1178 5853 1366 5909 codice
1390 5854 1721 5918 'l'cIIeriano,
1744 5860 1799 5909 et
1824 5851 1970 5922 apud

2093 5780 2464 5858 l‘jiccphorum
2493 5782 2549 5858 in
2588 5782 2683 5858 lib.
2710 5800 2797 5837 xv.
2824 5782 2919 5837 llic
2955 5783 3288 5858 estl’riscus
3315 5823 3331 5849 ,
3374 5800 3460 5858 _ex_
3498 5787 3665 5858 cujus

2079 5850 2434 5906 Historiarum
2492 5851 2651 5907 libris
2701 5863 2990 5924 excerptas
3034 5854 3342 5925 legationes.
3374 5850 3660 5913 habemus.
