3970 6540
442 366 583 430 2187

1626 368 1946 431 EVAGRII
1991 368 2483 431 SCHOLASTICI

3589 364 3756 430 2488

443 482 544 538 lim
589 478 853 551 perrexit,
906 478 981 535 ibi
1031 477 1368 534 militaribus
1423 492 1671 533 numeris
1726 478 1930 533 ascribi
1975 492 2034 533 se

2148 477 2276 548 πρὸς
2305 476 2405 549 τὴν
2429 475 2702 530 Φιλίππου
2730 475 2888 530 πόλιν
2917 474 3017 539 τάς
3043 473 3227 547 ὁρμὰς
3256 472 3434 546 ἔσχεν,
3466 472 3617 529 ἔνθα
3652 476 3757 528 καὶ

446 588 610 643 posse
661 571 968 626 conlidens.
1018 570 1159 625 Dum
1196 585 1327 625 vero
1374 568 1481 624 iter
1524 568 1753 631 faceret.
1804 569 2035 625 offendit

449 664 686 719 cadaver
710 663 955 719 hominis
985 678 1182 718 recens
1205 661 1354 729 cazsi,
1377 660 1525 731 quod
1548 662 1703 716 humi
1730 662 2035 732 projectum

445 755 684 828 iacebat.
714 754 815 812 Cui
843 755 1109 811 assistens
1136 756 1289 819 (erat
1308 753 1456 808 enim
1483 768 1606 809 cum
1636 753 1739 808 alia
1760 753 2034 825 egregius,

454 858 573 902 tum
607 846 923 902 admirabili
953 846 1299 901 humanitate
1337 861 1401 901 ac
1425 845 1809 901 misericordia
1832 844 2037 916 praedi-

453 941 601 1010 tus),
630 955 821 995 casum
869 940 991 1011 ejus
1037 938 1334 995 miseratus
1363 947 1467 1004 est,
1516 939 1761 1010 satisque
1783 939 1879 995 diu
1925 938 2039 994 illic

461 1031 733 1098 substitit,
783 1032 1016 1102 cupiens
1059 1030 1268 1086 homini
1302 1032 1450 1103 justa
1491 1031 1829 1102 persolvere.
1856 1030 1916 1086 ld
1957 1031 2039 1085 fa-

462 1131 615 1178 ctum
647 1121 949 1191 conspicati
985 1120 1232 1191 quidam,
1274 1122 1585 1177 retulerunt
1632 1120 2040 1194 magistratibus

457 1213 929 1284 Philippopoleos.
981 1212 1086 1280 Qui
1140 1228 1267 1267 mox
1314 1213 1773 1285 comprehensum
1811 1211 2041 1268 Marcia-

454 1318 590 1358 num
617 1303 687 1359 de
717 1304 864 1360 caede
896 1304 1145 1361 hominis
1175 1305 1613 1377 interrogarunt.
1632 1305 1880 1376 Cumque
1911 1321 2043 1360 con—

451 1397 682 1467 jactura:
709 1405 766 1453 et
793 1397 1000 1453 indicia
1024 1398 1149 1469 plus
1173 1414 1337 1469 quam
1365 1399 1572 1455 veritas
1613 1399 1752 1470 ipsa,
1778 1409 1836 1455 et
1874 1415 2039 1468 quam

457 1488 648 1560 lingua
695 1489 775 1544 rei
805 1489 1011 1544 caadem
1045 1490 1397 1562 pernegantis
1434 1491 1770 1553 valuissent,
1816 1492 2041 1562 jamque

455 1581 769 1639 Marcianus
798 1581 1084 1638 homicidii
1117 1597 1311 1653 poenas
1339 1583 1574 1639 daturus
1595 1591 1765 1647 esset,
1815 1593 2042 1654 repente

458 1675 648 1732 divina
679 1674 1030 1746 providentia
1083 1674 1251 1731 caedis
1295 1684 1578 1731 auctorem
1629 1674 1893 1745 prodidit.
1913 1666 2041 1741 'Qui

458 1767 641 1838 capite
686 1781 789 1822 suo
841 1781 1036 1837 pinnas
1089 1767 1314 1822 sceleris
1368 1766 1712 1836 persolvens,
1779 1765 2043 1822 Marciani

458 1867 624 1930 caput
651 1859 916 1915 servavit.
964 1857 1081 1914 Hoc
1124 1858 1290 1914 modo
1335 1868 1535 1929 prteter
1576 1859 2041 1931 exspectationem

460 1958 731 2016 servatus,
786 1949 854 2005 ad
897 1948 1193 2020 quemdam
1243 1949 1360 2005 illic
1404 1948 1698 2006 militarem
1752 1964 2045 2006 numerum

460 2043 636 2108 venit,
663 2052 726 2099 ut
762 2041 821 2098 in
844 2058 912 2098 eo
942 2040 1157 2098 militiae
1196 2056 1401 2097 nomen
1435 2040 1598 2111 282
1628 2039 1807 2096 daret.
1835 2039 1918 2095 llli
1940 2039 2044 2095 ho-

461 2135 666 2192 minem
727 2136 1025 2202 admirati,
1085 2144 1144 2192 et
1201 2150 1462 2207 magnum
1516 2151 1582 2191 ac
1646 2143 2044 2206 praepotentem

460 2224 792 2297 quandoque
814 2225 1062 2282 futurum
1084 2224 1409 2282 certissimis
1423 2223 1756 2295 conjecturis
1771 2222 2045 2294 augurati,

462 2333 591 2373 eum
620 2317 990 2375 libentissime
1017 2324 1415 2389 susceperunt,
1447 2325 1612 2387 atque
1647 2316 1703 2371 in
1742 2331 1907 2371 suum
1937 2331 2044 2370 nu-

464 2427 681 2467 merum
709 2419 1063 2482 cooptarunt,
1107 2425 1220 2465 non
1262 2420 1444 2467 tamen
1476 2420 1755 2479 postremo
1803 2409 1947 2473 loco,
1986 2416 2049 2465 ut

464 2504 726 2561 militaris
750 2506 839 2561 lex
861 2504 1124 2576 postulat,
1175 2503 1273 2560 sed
1309 2504 1367 2559 in
1394 2504 1632 2574 quodam
1654 2503 1828 2574 gradu
1855 2501 2048 2558 militis

466 2611 663 2653 recens
688 2595 962 2661 defuncti,
991 2597 1081 2652 cui
1111 2611 1313 2651 nomen
1335 2603 1455 2650 erat
1482 2595 1783 2668 Augustus,
1820 2594 2049 2650 Marcia-

465 2690 720 2760 numqui
760 2699 819 2746 et
855 2689 1159 2761 Augustus,
1200 2690 1583 2760 ascripserunt
1642 2690 1697 2743 in
1740 2689 1867 2743 albo
1905 2688 2050 2745 mili-

469 2781 597 2837 tari.
632 2781 787 2837 Adeo
837 2789 900 2835 ut
944 2780 1253 2837 Marcianus
1300 2780 1527 2835 nomine
1575 2795 1677 2834 suo
1725 2777 2051 2850 praevenerit

466 2874 894 2946 appellationem
928 2874 1325 2942 imperatorum
1350 2881 1688 2937 nostrorum,
1720 2872 1816 2942 qui
1837 2886 2052 2926 nuncu-

467 2964 750 3035 pationem
784 2964 1156 3034 Augustorum
1182 2963 1345 3019 simul
1372 2979 1499 3019 cum
1519 2979 1767 3035 purpura
1790 2957 2049 3020 induunt.

468 3058 707 3113 Prorsus
735 3057 891 3126 quasi
926 3072 1127 3111 nomen
1185 3056 1243 3112 in
1294 3056 1391 3112 illo
1436 3071 1760 3126 permanere
1808 3056 2052 3113 noluerit

2140 570 2553 638 στρατιωτικοῖς
2597 567 2823 621 ἐδύνατο
2862 567 3225 638 συντετάχθαι
3252 568 3556 638 τάγμασιν.
3608 569 3755 622 Ἀνὰ

2136 662 2193 716 δὲ
2249 661 2348 733 τὴν
2394 660 2515 714 ὁδὸν
2560 660 2753 715 θεᾶται
2801 659 3105 730 νεοσφαγὲς
3150 660 3313 728 σῶμα
3356 660 3448 714 ἐπὶ
3481 661 3600 731 γῆς
3649 661 3755 731 ep.

2143 754 2432 825 ριμμένον.
2464 748 2538 825 Ὢ
2581 750 2873 823 παρεστώς
2907 748 3017 824 (ἦν
3059 752 3170 823 γὰρ
3214 751 3283 805 τά
3315 767 3373 805 τε
3406 751 3548 804 ἄλλα
3597 767 3755 804 παν-

2141 849 2396 920 άριστος,
2420 848 2517 901 καὶ
2550 847 2609 908 ἐς
2640 846 2709 900 τά
2742 844 2978 917 μάλιστα
3012 843 3586 915 φιλανθρωπότατος),
3627 841 3752 909 ᾠκ-

2138 954 2288 1009 τειρε
2319 939 2384 992 τὸ
2409 937 2658 1007 γεγονὸς,
2705 937 2801 993 καὶ
2830 937 2925 990 ἐπὶ
2956 935 3094 990 πολὺ
3122 936 3226 1007 τὴν
3251 934 3482 1007 πορείαν
3510 937 3751 1004 suam,

2139 1030 2250 1084 τῶν
2271 1028 2499 1084 εἰκότων
2528 1027 2854 1099 μεταδοῦναι
2880 1025 3227 1099 βουλόμενος.
3246 1026 3469 1098 Ἐπειδὴ
3493 1026 3559 1079 δέ
3586 1042 3756 1087 τινες

2139 1121 2300 1176 τοῦτο
2326 1121 2582 1177 τεθέαντο
2598 1121 2673 1187 ³⁸,
2708 1122 2829 1185 ταῖς
2860 1122 2919 1174 ἐν
2941 1122 3009 1192 τῇ
3030 1118 3457 1174 Φιλιππουπόλει
3485 1118 3757 1191 προσήγ-

2140 1214 2329 1284 γελλον
2357 1214 2586 1285 ἀρχαῖς’
2622 1213 2680 1268 αἶ
2709 1213 2802 1267 τὸν
2832 1211 3155 1284 Μαρκιανδν
3185 1210 3646 1283 ωραλασοῦσαι,
3679 1210 3758 1265 τὰ

2142 1305 2273 1377 περὶ
2314 1306 2420 1382 τῆς
2466 1304 2778 1376 μιαιφονίας
2828 1302 3156 1376 ἀνηρώτων.
3211 1303 3325 1357 Καὶ
3356 1301 3424 1374 δὴ
3453 1302 3575 1357 τῶν
3618 1318 3754 1356 στο-

2141 1397 2371 1470 χασμῶν
2392 1421 2421 1465 ,·
2462 1398 2558 1453 καὶ
2606 1397 2716 1452 τῶν
2748 1395 2977 1452 εἰκότων
3013 1396 3178 1451 πλέον
3210 1396 3312 1467 τῆς
3332 1395 3621 1468 ,ἀληθείας
3651 1395 3757 1450 καὶ

2141 1491 2242 1564 τῆς
2268 1489 2516 1562 γλώττης
2544 1489 2883 1560 ἐσχηκότων,
2918 1488 3013 1543 τὸν
3043 1488 3204 1558 φόνον
3230 1487 3329 1542 τοῦ
3354 1487 3555 1561 ἀνδρὸς
3583 1487 3753 1541 ἀναι-

2142 1583 2391 1656 νομένου,
2411 1578 2521 1637 ’καὶ
2555 1583 2841 1655 μιαιφόνου
2872 1598 2937 1651 γε
2972 1581 3164 1645 ποινάς
3202 1579 3494 1652 μέλλοντος
3528 1577 3754 1633 ἀποτί-

2148 1692 2285 1741 σειν,
2319 1673 2442 1729 θεία
2469 1691 2555 1738 τις
2584 1674 2847 1744 ἐξαπίνης
2874 1674 3019 1745 ῥοπὴ
3046 1674 3143 1728 τὸν
3172 1672 3461 1744 μιαιφόνον
3490 1669 3753 1744 παραδί-

2144 1769 2346 1823 δωσινο
2409 1767 2468 1833 ὃς
2524 1768 2625 1837 τὴν
2680 1767 2925 1836 κεφαλὴν
2982 1765 3330 1837 ἀποθέμενος
3384 1766 3593 1837 ποινὴν
3650 1762 3755 1817 τοῦ

2145 1863 2459 1935 δράματος,
2510 1861 2902 1932 τὴνδκεφαλὴν
2954 1860 3034 1932 τῷ
3060 1859 3379 1932 Μαρκιανῷ
3418 1859 3755 1931 χαρίζεται.

2147 1954 2335 2020 οὕτως
2369 1953 2690 2026 παραδόξως
2728 1951 2946 2018 σωθεὶς,
2983 1951 3043 2006 ἐν
3069 1950 3178 2007 τινι
3208 1952 3318 2007 τῶν
3344 1951 3537 2007 αὐτόθι
3567 1968 3755 2023 στρα-

2145 2048 2422 2102 τιωτικῶν
2465 2046 2641 2101 τελῶν
2678 2047 3014 2114 ἀφικνεῖται,
3056 2046 3116 2100 ὲν
3145 2044 3297 2118 αὐτῷ
3326 2043 3759 2118 παραγγέλλειν

2148 2140 2473 2212 βουλόμενος
2499 2139 2636 2213 (10).
2682 2138 2746 2192 Oi
2772 2138 2867 2192 τὸν
2892 2138 3062 2210 ἄνδρα
3090 2136 3511 2209 θαυμάσαντες,
3556 2136 3753 2208 μέγαν

2146 2252 2208 2290 τε
2256 2234 2479 2288 ἔσεσθαι
2539 2232 2636 2287 καὶ
2688 2230 3125 2299 ἀξιολογώτατον
3175 2231 3407 2290 εἰκότως
3445 2228 3757 2302 τεκμηράο

2150 2343 2329 2399 μενοι,
2355 2325 2553 2395 ἥδιστα
2580 2323 2996 2395 προσδέχονται,
3023 2322 3120 2376 καὶ
3147 2321 3336 2392 σφίσιν
3359 2320 3552 2386 αὐτοῖς
3574 2321 3755 2389 trita-

2147 2418 2491 2488 ταλέγουσιν,
2523 2415 2643 2471 οὔτι
2674 2415 2928 2487 ἔσχατον,
2963 2415 3040 2479 ώς
3072 2416 3103 2469 ό
3132 2413 3533 2487 στρατιωτικὸς
3564 2412 3757 2468 ἐθέλει

2147 2512 2312 2581 νόμος
2337 2526 2352 2542 ⁶
2412 2511 2487 2575 ἐς
2508 2510 2565 2564 δέ
2609 2524 2733 2562 τινα
2764 2507 2974 2578 βαθμὸν
3002 2507 3128 2579 ἄρτι
3160 2506 3625 2578 τετελευτηκότος
3654 2507 3755 2560 ἀν-

2148 2605 2306 2676 δρὸς,
2359 2601 2674 2673 Αὔγουστος
2723 2600 2898 2670 δνομα
2941 2598 3140 2670 τούτῳ,
3172 2597 3495 2671 Μαρκιανδν
3521 2598 3633 2653 τὸν
3654 2598 3757 2652 καὶ

2149 2698 2457 2767 Αὔγουστον
2508 2699 2565 2760 ἐς
2608 2694 2706 2765 τὴν
2752 2691 3130 2764 παραγγελίαν
3177 2693 3560 2765 ἐγγράψαντες
3588 2707 3608 2724 ·
3670 2690 3754 2754 ὥς

2150 2792 2355 2863 φθάσαι
2399 2788 2633 2859 τοῦνομα
2660 2786 2758 2858 τὴν
2789 2785 3162 2858 προσηγορίαν
3184 2786 3294 2839 τῶν
3320 2784 3619 2857 ἡμετέρων
3647 2782 3750 2853 βα-

2153 2883 2344 2939 σιλέων
2364 2920 2380 2941 ,
2435 2881 2497 2933 τὸ
2538 2878 2823 2933 καλεῖσθαι
2849 2876 3151 2946 Δῦγουστςι
3185 2879 3326 2950 μετά
3353 2879 3453 2949 τῆς
3477 2875 3750 2947 ἀλουργῐο

2151 2978 2240 3042 δος
2284 2974 2788 3048 περιϐαλλομένων.
2824 2976 3039 3044 Ὥσπερ
3088 2971 3190 3026 οὐκ
3220 2970 3607 3042 ἀνασχομένω
3650 2966 3751 3023 τοῦ

2154 3070 2414 3139 ὀνόματος
2457 3069 2543 3122 ἐπ’
2570 3067 2719 3139 αὐτῷ
2749 3067 2917 3139 χωρὶς
2946 3065 3047 3136 τῆς
3076 3062 3234 3128 ἀξίας
3267 3064 3473 3134 μεῖναι,
3509 3061 3648 3133 μηδ’
3675 3055 3749 3114 αὖ

466 3148 677 3220 absque
716 3148 1015 3221 dignitate,
1071 3163 1176 3204 nec
1220 3148 1462 3220 dignitas
1502 3148 1651 3203 aliud
1692 3165 1891 3204 nomen
1942 3166 2046 3220 quo

2153 3162 2316 3216 πάλιν
2343 3161 2443 3225 τῆς
2466 3159 2624 3225 ἀξίας
2648 3159 2836 3229 ἕτερον
2860 3160 3040 3228 ὅνομα·
3058 3154 3374 3227 ζηησάσης
3400 3157 3460 3218 ἐς
3489 3151 3752 3223 σεμνολό-

468 3243 585 3313 ipsa
607 3251 975 3297 exornaretur
1012 3241 1350 3311 requisierit.
1381 3241 1461 3296 lta
1491 3251 1553 3295 ut
1578 3241 1723 3296 idem
1747 3258 1971 3308 nomen,
1995 3252 2053 3298 et

466 3337 751 3407 preprium
779 3336 878 3401 illi,
897 3345 951 3393 et
971 3337 1362 3407 appellativum
1381 3336 1673 3405 exstiterit,
1701 3354 1812 3394 uno
1833 3338 2054 3395 eodem-

467 3443 578 3498 que
600 3428 871 3483 vocabulo
887 3420 1212 3497 dignitatem
1233 3428 1381 3484 illius
1402 3438 1460 3485 et
1484 3445 1685 3485 nomen
1709 3431 2049 3503 designante.

467 3519 687 3574 Accidit
724 3528 991 3589 prieterea
1019 3520 1170 3575 aliud
1206 3520 1514 3591 quidpiam,
1541 3538 1610 3576 ex
1640 3537 1751 3592 quo
1779 3523 2053 3595 conjicere

469 3613 630 3668 licuit
691 3612 1031 3668 Marcianum
1091 3612 1390 3684 aliquando
1440 3614 1844 3684 imperaturum
1903 3631 2050 3671 esse.

469 3704 605 3760 Nam
639 3720 763 3760 cum
794 3705 899 3761 sub
928 3706 1134 3776 Aspare
1166 3706 1431 3762 militaret
1454 3707 1721 3763 adversus
1740 3709 2048 3773 Vandalus,

470 3797 736 3851 Romanis
768 3797 974 3868 ingenti
1020 3798 1208 3868 praalio
1235 3799 1420 3865 victis,
1450 3799 1569 3869 ipse
1615 3816 1721 3858 una
1768 3816 1893 3854 cum
1930 3800 2054 3855 aliis

470 3889 724 3959 pluribus
747 3898 939 3959 captus
992 3899 1046 3945 et
1094 3890 1150 3944 in
1186 3905 1440 3960 campum
1470 3890 1772 3960 perductus
1804 3899 1889 3945 est
1928 3905 2052 3944 cum

473 3982 687 4052 reliqua
734 3982 1090 4038 multitudine
1137 3982 1515 4053 captivorum,
1544 3999 1707 4052 quam
1741 3983 2056 4038 Geisericus

473 4081 722 4143 spectare
745 4074 1022 4143 cupiebat.
1041 4074 1146 4141 Qui
1176 4089 1304 4131 cum
1330 4074 1383 4128 in
1408 4089 1578 4129 unum
1600 4075 1821 4129 collecti
1844 4084 2054 4138 essent,

471 4164 788 4219 Geisericus
838 4166 895 4220 in
951 4166 1156 4221 solario
1214 4166 1457 4229 sedens,
1490 4174 1657 4221 tanta:
1712 4166 2055 4236 captivormn

473 4256 851 4311 multitudinis
875 4258 1190 4327 spectaculo
1215 4272 1337 4313 sese
1375 4257 1705 4313 oblectabat.
1731 4259 1906 4313 Porro
1928 4274 2053 4314 cum

474 4356 694 4419 tempus
723 4350 1127 4416 extraheretur,
1176 4350 1373 4421 singuli
1418 4366 1520 4420 pro
1549 4349 1819 4406 arbitratu
1860 4365 1961 4406 suo
1991 4351 2057 4405 li-

478 4440 612 4495 bere
663 4426 939 4512 agebant';
1008 4457 1134 4496 nam
1184 4441 1443 4497 custodes
1481 4441 1741 4497 mandato
1789 4440 2054 4497 Geiserici

2152 3273 2223 3326 γη
2233 3273 2310 3326 μα
2326 3259 2346 3286 ·’
2403 3253 2541 3307 ὥστε
2577 3251 2768 3325 κύριον
2798 3252 2893 3306 καί⁵
2925 3248 3333 3321 προσηγορικὸν
3358 3247 3420 3302 τὸ
3447 3245 3591 3301 αὐτὸ
3613 3244 3751 3301 καθ·

2153 3348 2395 3408 εστάναι,
2430 3342 2520 3398 διὰ
2555 3345 2685 3415 μιᾶς
2715 3343 2988 3414 κλήσεως,
3020 3340 3123 3410 τῆς
3152 3358 3210 3393 τε
3239 3337 3521 3406 ἀξιώσεως
3554 3339 3661 3408 τῆς
3687 3353 3750 3389 τε

2154 3436 2532 3509 προσηγορίας
2558 3433 3006 3504 σημαινομένων.
3037 3432 3150 3484 Καὶ
3174 3430 3364 3501 ἕτερον
3388 3428 3448 3483 δὲ
3470 3429 3747 3484 συνέπεσε

2153 3530 2253 3598 τὴν
2275 3525 2555 3598 βασιλείαν
2585 3524 2663 3595 τῷ
2686 3521 2994 3594 Μαρκιανῷ
3018 3520 3401 3592 τεκμηριῶσαι
3420 3519 3746 3589 δυνάμενον.

2153 3620 2374 3691 Ἐπειδὴ
2396 3621 2503 3690 γὰρ
2530 3620 2774 3689 Ἀσπαρι
2804 3614 3235 3686 συνεστράτευσε
3278 3610 3422 3666 κατὰ
3444 3611 3745 3675 Βανδίλων,

2153 3711 2493 3784 δορυάλωτός
2522 3728 2583 3763 τε
2628 3709 2822 3777 γέγονε
2859 3708 2958 3762 σὺν
2990 3706 3202 3777 ἑτέροις
3229 3703 3529 3768 πλείστοις,
3560 3719 3746 3773 παρα-

2155 3805 2291 3859 πολὺ
2345 3803 2452 3856 τῶν
2498 3800 2770 3854 Βανδίλων
2807 3798 3140 3870 ἡττηθέντος
3170 3795 3265 3849 τοῦ
3293 3795 3606 3864 ’Λσπαρος,
3642 3790 3746 3849 ἀνὰ

2153 3898 2215 3951 τὸ
2241 3895 2424 3950 πεδίον
2452 3895 2595 3965 ἤχθη
2631 3893 2767 3963 μετὰ
2791 3892 2900 3945 τῶν
2923 3890 3103 3946 ἄλλων
3131 3886 3506 3960 ἀνδραπόδων,
3531 3883 3745 3955 Γιζερί⁸

2155 4005 2252 4059 χου
2321 3987 2450 4048 τοὺς
2505 3984 2893 4055 ζωγρηθέντας
2950 3984 3077 4037 ίδεϊν
3128 3981 3481 4054 βουληθέντος
3507 3995 3523 4012 ο
3583 3978 3747 4045 οἷπερ

2156 4080 2344 4149 ἐπειδὴ
2376 4078 2673 4149 ὴλίσθησαν
2692 4118 2708 4142 ,
2754 4075 2811 4129 ἔν
2842 4094 2949 4130 τινι
2979 4076 3087 4128 τῶν
3111 4073 3379 4145 ὑπερῴων
3405 4073 3435 4125 ό
3461 4071 3746 4143 Γιξὲριχος

2158 4173 2425 4244 καθῆστο,
2474 4171 2551 4243 τῷ
2598 4170 2796 4243 πλήθει
2830 4170 2940 4223 τῶν
2975 4167 3424 4238 σαγηνευθέντων
3454 4165 3740 4235 ἡδόμενος.

2158 4266 2269 4320 Καὶ
2298 4265 2393 4319 τοῦ
2426 4263 2623 4335 καιροῦ
2649 4261 3011 4334 τριϐομένου,
3057 4259 3134 4323 ὡς
3165 4258 3231 4312 ἂν
3259 4257 3513 4320 ἑκάστοις
3546 4254 3739 4315 ἐδόκει,

2156 4355 2446 4411 διετέλουν·
2482 4355 2702 4408 ἀνεῖσαν
2731 4353 2839 4423 γὰρ
2867 4354 2917 4405 οἰ
2948 4350 3191 4422 φύλακες
3214 4350 3282 4403 τὰ
3302 4349 3355 4401 δε
3367 4350 3501 4418 σμά.
3528 4344 3739 4417 Γιζερί-

2158 4466 2255 4520 χου
2291 4447 2716 4520 προστάξαντος.
2762 4444 2957 4508 Ἀλλος
2994 4444 3094 4514 μὲν
3125 4438 3219 4496 οὖν
3248 4442 3377 4497 ἄλλο
3404 4459 3457 4494 τι
3490 4436 3738 4505 ὲπεπρά·

475 4508 722 4604 captivos
750 4535 987 4592 vinculis
1014 4535 1386 4591 absolverant.
1422 4534 1602 4605 Atque
1621 4535 1714 4589 alii
1738 4534 1960 4604 quidem
1987 4550 2046 4590 ex

2159 4508 2687 4610 χει⁸⁸.’Μαρκιανδς
2730 4536 2788 4591 δὲ
2836 4508 3028 4599 καθεὶς
3078 4534 3273 4589 ἑαυτὸν
3321 4535 3380 4597 ἐς
3424 4532 3486 4586 τὸ
3527 4530 3740 4592 πεδίον,

1819 4644 2060 4704 VARUE
2086 4645 2493 4703 LECTIONES.

546 4736 592 4769 ³³
617 4737 920 4791 τεθέανται.
995 4736 1039 4767 ³⁸
1069 4735 1215 4790 ἄλλω
1243 4736 1342 4807 μὲν
1376 4754 1469 4791 ουν
1495 4734 1625 4790 ἀλλο
1654 4752 1705 4788 τι
1734 4735 2080 4806 ὲπεπρόιχθη.

1686 4822 1952 4879 VALESII
1985 4822 2541 4882 ANNOTATIONES.

550 4913 658 4983 (l0)
699 4913 797 4963 Ἑν
823 4910 982 4977 αὐτῷ
1006 4913 1438 4981 παραγγέλλειν
1465 4911 1862 4980 βουλόμενος.
1895 4913 2062 4969 Recte

475 4985 754 5038 Musculus
784 4984 971 5047 vertit,
1005 4994 1059 5036 ut
1088 4985 1142 5036 in
1179 4999 1235 5035 eo
1274 4983 1475 5036 militia:
1505 4998 1694 5035 nomen
1732 4983 1904 5037 daret.
1938 4984 2057 5037 Non

516 5054 622 5108 uod
643 5053 1046 5122 παραγγέλλειν
1088 5052 1154 5107 ad
1186 5052 1440 5116 verbum,
1474 5051 1618 5106 idem
1651 5054 1721 5107 sit
1763 5067 1826 5106 ac
1852 5059 2057 5108 nomen

517 5141 638 5178 are:
667 5124 804 5179 Nam
847 5122 1253 5193 παραγγέλλειν
1287 5122 1507 5193 proprie
1542 5122 1816 5189 signiﬁcat
1864 5132 2052 5193 petere

477 5204 643 5264 atque
674 5195 914 5249 ambire.
947 5194 1038 5249 Sic
1065 5193 1842 5265 DionysiusHalicarnasseus
1898 5195 1952 5265 in
1987 5195 2051 5265 li-

476 5262 581 5319 bro
608 5281 663 5320 λι
690 5267 792 5319 sub
834 5265 1019 5328 linem,
1081 5262 1482 5334 παραγγέλλειν
1523 5262 1626 5334 τὴν
1672 5265 1847 5334 ἀρχὴν
1891 5263 2045 5329 dicit,

477 5337 626 5406 quod
684 5346 769 5390 est
837 5336 1048 5406 ambire
1134 5332 1848 5406 inagistratum.__Apiaiius
1924 5350 2055 5389 vero

477 5403 881 5477 παραγγέλλειν
904 5408 982 5477 εἰς
1002 5405 1102 5477 τὴν
1122 5406 1310 5477 ⁸ἀρχὴν
1342 5405 1484 5458 solet
1519 5403 1727 5459 dicere.
1762 5406 1854 5477 Sic
1873 5415 1931 5460 et
1958 5420 2053 5458 ve—

480 5474 575 5531 tus
602 5474 797 5533 auctor
830 5476 973 5547 apud
1004 5474 1228 5547 Sintiam
1249 5476 1323 5547 in
1344 5489 1480 5528 voce
1546 5476 2045 5547 παραγγέλλοντας.

480 5547 745 5604 Solebant
772 5543 954 5603 autent
984 5543 1261 5601 candidati
1295 5561 1423 5599 cum
1471 5543 1852 5615 magistratum
1897 5554 2050 5615 pete-

479 5627 607 5674 rent
635 5635 833 5674 nomen
870 5630 1029 5672 suum
1062 5615 1329 5686 profiteri.
1365 5616 1608 5670 Joannes
1634 5614 1851 5686 Langus
1881 5614 2046 5686 _mili-

479 5631 607 5674 rent
635 5635 833 5674 nomen
870 5631 1029 5672 suum
1062 5631 1329 5686 prontcn.
1365 5631 1608 5670 Joannes
1634 5631 1745 5667 Lan
1789 5631 1851 5668 us
1903 5631 2045 5669 min-

479 5698 597 5744 tare
632 5700 1036 5745 sacramentum
1069 5686 1255 5741 dicere
1278 5688 1699 5754 interpretatur.
1739 5631 1894 5749 (good
1943 5686 2045 5738 mi-

480 5776 586 5815 nus
622 5762 813 5828 probo.
845 5759 976 5813 Nam
1003 5758 1351 5826 παραγγελία
1416 5766 1501 5828 est
1545 5754 1729 5828 album
1780 5754 2040 5828 militare,

481 5831 541 5887 in
560 5824 705 5902 quod
742 5829 966 5886 nomina
993 5824 1338 5899 singulorum
1371 5826 1613 5881 militum
1636 5824 2041 5883 referebantur.

2161 4914 2423 4984 Vegetius
2451 4912 2510 4984 in,
2536 4910 2637 4984 lib.
2672 4926 2886 4984 n,»ca_p.
2921 4912 2973 4976 5,
3001 4909 3344 4984 matrieulam
3399 4918 3581 4965 vocat.
3608 4909 3741 4984 Eva-

2158 4980 2311 5054 grius
2335 4982 2473 5037 infra
2501 4983 2556 5036 in
2581 4982 2685 5054 hoc
2718 4981 2898 5054 capite
2932 4980 3363 5054 παραγγελλῐανᾷ
3384 4990 3617 5054 usurpat
3644 4980 3741 5033 hoc

2156 5049 2360 5109 sensu:
2402 5052 2721 5122 Μαρκιανὸν
2745 5049 2837 5104 rev
2866 5052 2961 5105 καὶ
3000 5049 3314 5122 Ᾱῦγουστον
3350 5052 3407 5111 ές
3451 5050 3554 5118 τὴν
3598 5066 3736 5122 παρ-

2154 5124 2416 5193 αγγελίαν
2470 5120 2875 5193 ἐγγράψαντες.
2937 5122 3108 5175 Porro
3184 5120 3420 5175 militum
3514 5120 3737 5174 nomina

2156 5191 2312 5265 prius
2346 5191 2651 5248 matriculis
2680 5191 3089 5265 inserebantur,
3117 5206 3297 5265 quam
3331 5200 3736 5265 sacramentum

2162 5261 2455 5327 dixissent,
2483 5273 2544 5317 ut
2578 5270 2812 5317 testatur
2832 5261 3341 5332 Vegetiusibidem.
3374 5261 3578 5315 Eadem
3613 5271 3736 5332 voce

2163 5336 2341 5389 utitur
2374 5334 2657 5390 Candidus
2686 5327 3000 5386 lsaurus'in
3052 5331 3150 5385 lib.
3183 5348 3197 5384 I
3238 5330 3625 5394 Historiarum,
3674 5327 3736 5381 de

2165 5406 2352 5461 Leone
2374 5406 2449 5460 ita
2479 5404 2751 5467 scribens,
2780 5403 2838 5473 ὃς
2860 5398 2928 5473 ἧν
2951 5404 3015 5456 ἐκ
3043 5401 3245 5473 Δακίας
3274 5401 3373 5470 μὲν
3395 5403 3492 5473 τῆς
3538 5401 3599 5453 ὲν
3646 5398 3735 5473 Ἰλ-

2802 5472 2838 5542 ῷ
2885 5467 3288 5542 ’παραγγείλας
3345 5467 3613 5539 τάγματι,
3674 5467 3735 5521 Et

2156 5475 2385 5546 λυρίοις,
2461 5490 2789 5546 στρατιωτικ

2153 5540 2399 5601 Joannes
2458 5540 2642 5616 Lydus
2676 5540 2953 5616 inilibello
2983 5540 3596 5616 ideilensibus,__quem
3639 5553 3731 5592 ms.

2154 5618 2356 5679 habeo,
2392 5617 2446 5670 in
2484 5610 2671 5669 mense
2731 5614 3022 5667 Decembri
3059 5612 3127 5667 de
3188 5610 3488 5681 dupondiis
3524 5625 3628 5681 seu
3657 5618 3729 5677 ty-

2151 5678 2384 5741 ronibus
2414 5688 2486 5740 ita
2541 5684 2761 5740 scribit:
2798 5682 3109 5745 Διπονδίους
3159 5681 3215 5735 δὲ
3265 5678 3463 5745 αὐτοὺς
3514 5678 3732 5735 ἐκάλουν

2149 5758 2259 5813 ἀπὸ
2283 5758 2392 5812 τῶν
2425 5758 2550 5829 ἄρτι
2571 5752 3062 5827 παραγνελλόντων
3087 5755 3144 5806 ἐν
3176 5751 3457 5826 στρατεία.
