4028 6534
486 368 633 434 211.95
779 412 782 413 ν
1667 373 1984 436 EVAGRII
2023 375 2514 438 SCHOLASTICI
3635 367 3792 432 2‘96

491 493 606 537 tum
664 482 1016 554 patriarchte,
1049 483 1264 554 totique
1310 483 1523 540 civitati
1573 484 1841 551 innotuit,
1890 488 2076 542 statim

2182 487 2257 559 τῷ
2298 505 2358 541 τε
2406 487 2794 560 ἀρχιερεῖκαὶ
2825 489 2892 558 τῇ
2922 485 3076 540 πόλει
3107 483 3409 554 κατάδηλον
3433 481 3489 558 ᾖ,
3530 485 3797 557 φοιτῶσι

487 591 684 632 omnes
716 576 784 631 ad
822 576 1105 632 basilicam
1134 587 1401 648 pergunt,
1436 585 1544 632 tam
1574 577 1808 649 Augusti
1839 579 2076 643 scilicet,

2182 582 2322 634 κατὰ
2356 580 2446 634 τὸν
2477 579 2634 647 νεὼν,
2669 581 2806 635 οἵτε
2837 580 2906 634 τὰ
2924 579 3211 650 σκῆπτρα,
3244 579 3381 632 οἵτε
3412 579 3482 634 τά
3506 578 3658 650 ἱερὰ
3695 578 3798 631 καὶ

487 682 654 736 quam
699 667 992 737 poutitices
1018 677 1075 723 et
1105 669 1488 738 magistratus,
1532 677 1591 725 et
1628 668 1841 738 reliqua
1890 668 2076 739 populi

2182 673 2278 735 τὰς
2299 672 2476 743 ἀρχὰς
2503 671 2805 736 διέποντες,
2833 670 2982 735 ἀπας
3005 687 3066 723 τε
3094 671 3123 724 ὀ
3147 669 3332 733 λοιπὸς
3354 670 3580 742 ὅμιλος,
3611 685 3797 740 μετα-

489 756 813 824 multitudo,
875 767 935 812 ut
980 772 1267 813 sacrorum
1325 759 1717 829 mysteriorum
1779 759 2080 828 participes

2184 765 2337 835 σχεῖν
2380 765 2491 818 τῶν
2532 763 2878 835 τελουμένων
2917 762 3254 834 βουλόμενοι.
3290 762 3517 817 Πάντων
3569 777 3643 814 τε
3693 753 3799 813 οὖν

491 845 646 900 fiant.
673 847 902 903 Cunctis
925 848 1130 904 deinde
1169 849 1567 920 spectantibus,
1603 849 1898 919 episcOpus
1923 849 2081 906 urbis

2182 856 2433 929 ὁρώντων
2482 859 2511 912 ὸ
2554 859 2656 928 τῆς
2696 855 3112 911 Κωνσταντὶνου
3153 853 3418 927 πρόεδρος
3470 854 3631 925 μετὰ
3675 854 3798 906 τῶν

489 936 1120 1010 Constantinopolitante
1159 957 1267 996 una
1303 957 1430 997 cum
1461 943 1580 998 suis
1607 941 1992 998 sacerdotibus
2021 941 2078 997 in

2182 949 2322 1020 ἀμφ’
2347 947 2510 1001 αὐτὸν
2543 947 2759 1020 ἱερέων,
2785 947 2920 1000 εἵσω
2945 946 3055 1000 τῶν
3079 945 3400 1017 ἀνακτόρων
3423 946 3633 1018 χωρεῖ,
3653 945 3799 997 ἔνθα

490 1031 798 1087 sacrarium
830 1031 1163 1104 ingreditur,
1199 1034 1258 1090 in
1286 1049 1398 1105 quo
1427 1049 1648 1090 sacrum
1679 1033 1816 1090 illud
1855 1034 1926 1090 de
1966 1050 2080 1106 quo

2182 1040 2242 1092 τδ
2272 1036 2605 1108 λελεγμένον
2637 1055 2731 1108 μοι
2764 1037 3037 1106 πανάγιον
3067 1037 3361 1092 ἀπόκειται
3390 1036 3580 1109 σῶμα.
3622 1034 3798 1089 ’Ἔστι

492 1121 628 1188 dixi,
657 1138 858 1194 corpus
887 1123 1202 1194 depositum
1228 1135 1330 1181 est.
1360 1126 1421 1181 In
1448 1125 1645 1182 eadem
1677 1140 1806 1182 arca
1827 1124 2079 1182 foramen

2182 1134 2240 1188 δέ
2284 1150 2340 1187 τι
2381 1133 2710 1206 κλειθρὶδιον
2740 1132 2940 1204 μικρὸν
2962 1131 3075 1204 (21)
3105 1131 3252 1186 κατά
3277 1131 3379 1203 τὴν
3403 1129 3586 1203 αὐτὴν
3617 1127 3797 1195 σορδν

490 1224 576 1271 est
602 1215 863 1286 exiguum
884 1216 942 1272 in
967 1216 1102 1273 laeva
1128 1227 1306 1288 parte.
1335 1218 1522 1289 parvis
1549 1217 1883 1288 quibusdam
1903 1219 2078 1274 ostio-

490 1308 560 1364 lis
585 1307 963 1365 obﬁrmatum.
1019 1311 1125 1366 Per
1173 1309 1346 1381 quod,
1395 1309 1607 1367 ferrum
1649 1310 1953 1381 oblongum
1987 1311 2079 1368 cui

471 1399 721 1479 spongia
739 1401 954 1458 adnexa
979 1410 1085 1466 est,
1118 1417 1294 1472 usque
1336 1400 1406 1458 ad
1443 1417 1633 1458 sacras
1660 1402 1933 1474 reliquias
1976 1403 2077 1459 de-

491 1492 739 1548 mittunt.
789 1492 857 1548 Et
881 1501 1174 1564 postquam
1205 1493 1492 1566 spongiam
1533 1493 1637 1550 hac
1655 1493 1784 1551 illac
1822 1510 2079 1551 versave-

491 1583 623 1650 rint,
657 1583 893 1639 ferream
924 1583 1134 1656 virgam
1168 1583 1236 1639 ad
1275 1600 1337 1640 se
1379 1585 1696 1650 retrahunt,
1727 1600 1929 1642 cruore
1958 1586 2079 1657 ple-

490 1690 618 1741 nam
642 1683 700 1730 et
719 1675 1006 1748 coagulato
1031 1676 1320 1748 sanguine.
1352 1675 1512 1744 Quod
1539 1677 1634 1732 ubi
1660 1678 1899 1748 populus
1923 1677 2076 1733 vide-

492 1769 584 1833 rit,
617 1768 914 1824 confestim
957 1769 1133 1824 Deum
1173 1784 1301 1824 cum
1345 1768 1608 1825 laudibus
1653 1768 1868 1824 adorat.
1901 1768 2077 1824 Tanta

489 1864 676 1931 autem
703 1865 792 1913 est
840 1857 1058 1914 cruoris
1099 1857 1195 1927 qui
1241 1857 1398 1913 illinc
1442 1857 1758 1914 extrahitur
1801 1857 1986 1928 copia,
2017 1865 2082 1914 ut

490 1965 601 2003 non
629 1950 810 2006 solum
846 1949 1085 2021 piissimi
1126 1950 1493 2022 imperatores
1525 1960 1584 2006 et
1617 1950 1938 2007 sacerdotes
1965 1949 2081 2008 illic

489 2043 831 2114 congregati,
858 2043 1118 2100 universa
1141 2043 1383 2115 denique
1425 2043 1614 2116 populi
1646 2043 1946 2100 multitudo
1974 2043 2082 2100 ibi-

489 2135 616 2190 dem
653 2135 908 2203 collecta,
937 2135 1161 2192 abunde
1205 2152 1272 2192 ex
1298 2152 1368 2192 eo
1394 2137 1692 2207 accipiant,
1722 2137 1819 2193 sed
1852 2146 1910 2193 et
1941 2136 2082 2193 ﬁde-

491 2222 640 2279 libus
669 2225 991 2296 quicunque
1012 2224 1316 2295 cupierint,
1337 2241 1436 2296 per
1453 2226 1776 2281 universum
1801 2236 2079 2282 terrarum

490 2317 682 2372 orbem
717 2326 904 2388 guttas
950 2318 1072 2389 ejus
1105 2319 1348 2374 mittant.
1399 2319 1573 2375 Porro
1630 2320 1956 2391 coagulatus
1984 2319 2082 2376 ille

492 2410 718 2480 sanguis
757 2419 1030 2481 perpetuo
1075 2409 1264 2476 durat,
1322 2411 1490 2484 286
1522 2427 1628 2469 nec
1677 2413 1736 2468 in
1782 2412 1954 2468 alium
1982 2427 2083 2468 co-

491 2502 666 2556 lorem
697 2511 942 2560 mutatur
965 2517 1125 2558 sacer
1154 2517 1338 2559 cruor.
1377 2502 1490 2560 [loc
1523 2513 1711 2560 autem
1750 2504 2082 2561 miraculum

495 2595 574 2658 tit,
610 2609 723 2650 non
771 2603 925 2650 certo
953 2596 1144 2667 aliquo
1192 2611 1258 2652 ac
1283 2594 1516 2652 deﬁnito
1555 2595 1823 2666 temporis
1875 2595 2082 2667 spatio,

493 2685 591 2741 sed
629 2696 793 2758 prout
817 2689 1063 2762 episcopi
1101 2689 1215 2745 vita
1245 2697 1303 2746 et
1336 2704 1554 2745 morum
1584 2688 1829 2761 gravitas
1857 2703 2083 2760 prome-

496 2779 692 2835 ruerit.
722 2780 937 2837 Ferunt
969 2783 1118 2838 enim
1146 2782 1367 2854 quoties
1407 2781 1494 2838 vir
1527 2781 1738 2852 probus
1768 2790 1936 2852 atque
1977 2781 2084 2836 ho-

495 2884 688 2930 ncstus
715 2875 980 2946 omnique
1002 2876 1272 2932 virtutum
1311 2891 1516 2948 genere
1543 2883 1865 2940 exornatus,
1891 2875 2085 2931 Eccle-

496 2964 637 3021 siam
704 2968 960 3035 rexerit,
1029 2968 1083 3025 id
1144 2968 1476 3025 miraculum
1535 2968 1693 3036 ﬁeri,
1746 2977 1804 3024 et
1856 2968 2083 3040 quidem

496 3059 946 3131 frequentissime
981 3078 996 3130 ;
1031 3064 1251 3133 quoties
1284 3079 1418 3121 vero
1471 3079 1585 3120 non
1631 3063 1903 3135 ejusmodi
1937 3063 2085 3119 anti-

495 3159 610 3208 stes
649 3150 842 3218 fuerit,
873 3170 1000 3210 raro
1032 3155 1153 3211 haec
1179 3156 1332 3228 signa
1363 3157 1608 3213 evenire.
1635 3157 1755 3214 Jam
1776 3173 1909 3214 vero
1930 3156 2082 3213 aliud

497 3244 823 3301 miraculum
853 3249 1326 3315 commemorabo,
1352 3249 1501 3321 quod
1525 3265 1630 3306 nec
1663 3261 1935 3321 tempore,
1980 3265 2086 3308 nec

497 3337 608 3392 ulla
639 3354 706 3393 ex
737 3354 902 3394 causa
959 3340 1425 3413 interrumpitur.
1463 3359 1568 3400 nec
1611 3344 1912 3400 discrimen
1953 3343 2088 3401 facit

500 3428 648 3482 inter
685 3427 874 3485 ﬁdeles
907 3439 1074 3502 atque
1098 3432 1356 3490 infideles
1386 3451 1400 3489 :
1434 3434 1532 3490 sed
1555 3434 1816 3490 omnibus
1836 3450 1904 3490 ex
1925 3449 2087 3506 aequo

501 3530 732 3590 prostat.
774 3521 880 3579 Ubi
916 3524 1042 3595 quis
1066 3525 1134 3580 ad
1167 3541 1296 3582 eum
1324 3527 1506 3584 locum
1529 3529 1848 3595 accesserit,
1887 3530 1944 3586 in
1973 3544 2086 3598 quo

497 3621 585 3668 cst
612 3629 741 3670 arca
772 3614 863 3670 illa
889 3618 1128 3686 pretiosa
1155 3634 1278 3689 qua:
1303 3635 1491 3676 sacras
1517 3620 1767 3676 continet
1795 3621 2083 3693 reliquias,

499 3704 771 3774 ejusmodi
826 3707 1016 3763 odoris
1067 3709 1398 3766 suavitatem
1455 3713 1664 3777 sentit,
1720 3728 1844 3783 quae
1891 3727 2086 3770 omnes

498 3809 797 3859 consuetos
830 3804 1030 3861 odores
1073 3806 1234 3878 longe
1262 3817 1508 3879 superat.
1548 3809 1684 3864 Nam
1713 3825 1893 3881 neque
1925 3809 2084 3865 odori

498 3893 597 3962 qui
647 3909 716 3948 ex
749 3896 924 3966 pratis
985 3897 1290 3967 colligitur,
1345 3914 1526 3969 neque
1570 3900 1621 3955 ei
1654 3900 1750 3971 qui
1790 3917 1856 3957 ex
1914 3900 2087 3956 rebus

2181 1226 2242 1279 έν
2267 1225 2344 1297 τῷ
2368 1224 2505 1296 λαιῷ
2533 1225 2715 1297 μέρει,
2746 1223 2943 1295 θύραις
2971 1225 3199 1296 μικραῖς
3224 1221 3792 1293 κατησφαλισμένον,

2180 1317 2304 1373 ὅθεν
2360 1317 2582 1388 σίδηρον
2628 1316 2882 1387 ἐπιμήκη
2937 1313 3084 1369 κατὰ
3127 1313 3198 1368 τά
3243 1314 3490 1383 πανάγια
3531 1311 3795 1381 λείψανα.

2183 1410 2425 1478 σπόγγος
2455 1408 2929 1480 περιαρτήσαντες
2955 1407 3248 1476 ἐπαφιᾶσι,
3282 1405 3379 1459 καὶ
3403 1403 3496 1458 τὸν
3521 1403 3794 1472 σπόγγον

2181 1499 2634 1572 περιδονοῦντες,
2686 1502 2744 1564 ές
2786 1498 3020 1562 έαυτούς
3048 1498 3140 1552 τὸν
3171 1496 3390 1570 σίδηρον
3419 1495 3790 1557 ἀνέλκουσιν,

2181 1595 2433 1664 αἱμάτων
2479 1593 2660 1666 πλήρη
2684 1633 2700 1659 ,
2753 1591 3010 1664 ϐρόμ6ων
3040 1607 3101 1646 τε
3139 1589 3374 1645 πολλῶν.
3405 1589 3596 1660 Ὅπερ
3638 1588 3793 1642 ὲπάν

2179 1688 2210 1740 ὁ
2238 1684 2376 1749 λεὼς
2406 1685 2595 1748 iam“,
2641 1685 2851 1748 εὐθέως
2881 1683 3262 1755 προσεκύνησε
3292 1682 3384 1737 τὸν
3408 1681 3544 1737 Θεδν
3575 1681 3789 1751 γεραι-

2186 1795 2316 1847 ρων.
2377 1777 2629 1843 Τοσαύτη
2673 1775 2732 1830 δὲ
2781 1775 3091 1846 καθέστηκε
3145 1774 3258 1829 τῶν
3289 1773 3706 1847 ἐκφερομένων
3750 1773 3788 1845 ἡ

2180 1870 2414 1941 πληθὺς,
2439 1868 2580 1923 ὥστε
2607 1870 2702 1924 καὶ
2726 1870 2855 1932 τούς
2878 1868 3124 1932 εὐσεϐεῖς
3151 1861 3417 1938 βασιλεῖς,
3439 1867 3536 1922 καὶ
3556 1865 3789 1929 πάντας

2179 1964 2310 2027 τούς
2355 1962 2708 2032 ἀλιζομένους
2759 1961 2974 2033 ἱερέας,
3019 1959 3115 2014 καὶ
3161 1959 3270 2030 μὴν
3316 1959 3413 2014 καὶ
3453 1959 3646 2013 πάντα
3689 1957 3789 2010 τὸν

2181 2053 2574 2124 ἀθροιζόμενον
2617 2050 2756 2105 λεὼν
2783 2091 2800 2118 ,
2866 2050 3142 2114 πλουσὶως
3198 2047 3313 2103 τῶν
3361 2047 3786 2120 ἀναδιδομένων

2185 2146 2646 2221 μεταλαμϐάνειν,
2667 2142 3054 2214 ἐκπέμπεσθαὶ
3075 2158 3136 2195 τε
3161 2140 3260 2196 καὶ
3282 2139 3386 2194 ἀνά
3409 2139 3511 2211 τὴν
3535 2139 3788 2210 ὐφήλιον

2183 2242 2366 2295 πᾶσαν
2394 2238 2504 2292 τῶν
2534 2237 2743 2291 πιστῶν
2771 2237 2886 2298 τοὶς
2915 2233 3288 2306 βουλομένοις,
3322 2232 3421 2286 καὶ
3447 2232 3540 2286 διά
3567 2230 3784 2294 παντὸς

2181 2329 2310 2392 τούς
2351 2346 2413 2382 τε
2462 2326 2737 2400 θρόμϐους
2783 2325 3090 2391 σώζεσθαι,
3123 2324 3188 2378 τό
3214 2340 3275 2378 τε
3303 2322 3578 2391 πανάγιον
3605 2317 3782 2392 αἷμα,

2187 2420 2455 2495 μηδαμῶς
2506 2421 2564 2484 ές
2613 2419 2807 2490 ἑτέραν
2858 2413 3218 2487 μεταχωροῦν
3257 2413 3402 2485 δψιν.
3431 2415 3618 2485 ’Δπερ
3653 2412 3781 2467 Θεο-

2183 2513 2414 2586 πρεπῶς
2459 2511 2698 2565 τελεῖται
2717 2551 2733 2577 ,
2781 2509 2843 2563 οὐ
2885 2509 3030 2564 κατά
3053 2524 3178 2562 τινα
3203 2505 3574 2578 διωρισμένην
3605 2505 3780 2577 περι-

2183 2605 2302 2659 οδον
2321 2643 2338 2671 ,
2390 2602 2513 2658 ἀλλ’
2545 2601 2622 2666 ὡς
2649 2599 2715 2655 ἂν
2749 2601 2784 2670 ἠ
2813 2599 2906 2654 τοῦ
2933 2597 3354 2668 προεδρεύοντος
3385 2596 3536 2667 βιοτὴ
3557 2637 3572 2660 ,
3609 2594 3713 2649 καὶ
3742 2595 3778 2666 η

2183 2697 2295 2753 τῶν
2320 2696 2540 2768 τρόπων
2571 2693 2842 2764 σεμνότης
2873 2690 3146 2761 βούλεται.
3177 2689 3318 2743 Φασὶ
3347 2688 3394 2743 δ’
3417 2686 3513 2742 οὖν
3545 2686 3640 2742 ὅτε
3675 2687 3780 2756 μὲν

2185 2791 2294 2846 τῶν
2322 2789 2680 2860 εὐσχημόνων
2705 2803 2791 2850 τις
2815 2783 3106 2856 κυϐερνῴη
3131 2783 3226 2836 καὶ
3248 2784 3371 2845 ταῖς
3395 2781 3622 2853 ἀρεταῖς
3651 2779 3780 2834 ἑπὶέ

2189 2897 2384 2951 σημος,
2410 2879 2572 2934 τοῦτο
2593 2877 2655 2932 τὸ
2677 2875 2862 2949 Θαῦμα
2885 2875 2982 2930 καὶ
3008 2875 3244 2946 μάλιστα
3267 2873 3479 2945 συχνῶς
3495 2873 3774 2943 γενεσθαι·

2185 2973 2274 3026 ὅτε
2307 2970 2364 3025 δὲ
2394 2969 2502 3023 τῶν
2529 2969 2592 3023 οὐ
2616 2966 2872 3022 τοιούτων
2891 3006 2909 3032 ,
2951 2965 3196 3028 σπανίως
3224 2965 3328 3028 τάς
3354 2963 3617 3026 τοιαύτας
3651 2962 3765 3016 θεο-

2189 3062 2422 3135 σημεὶας
2457 3061 2724 3132 προϊέναι.
2773 3058 2928 3124 Λέξω
2969 3057 3027 3112 δέ
3065 3075 3146 3122 τι,
3190 3057 3330 3126 ὅπερ
3361 3054 3423 3108 οὐ
3452 3053 3674 3125 χρόνος,
3709 3051 3774 3106 οὐ

2109 3177 2154 3236 c
2187 3158 2378 3227 καιρὸς
2409 3153 2725 3224 διατέμνιι’
2763 3153 2887 3206 οὐδὲ
2922 3151 3030 3222 μὴν
3059 3150 3274 3212 πιστοῖς
3298 3164 3357 3201 τε
3392 3147 3490 3202 καὶ
3514 3146 3777 3236 ἀπίστοις

2188 3247 2560 3319 διακέκριται,
2599 3245 2737 3298 πᾶσι
2764 3241 2820 3296 δὲ
2853 3241 2914 3307 ἐξ
2945 3241 3068 3307 ῐσης
3097 3240 3341 3296 ἀνεῖταιο
3377 3237 3507 3292 ὅταν
3538 3230 3645 3291 ὦδε
3674 3233 3774 3288 τοῦ

2192 3340 2373 3413 χώρου
2403 3357 2487 3401 τις
2517 3337 2765 3407 γένηται,
2799 3334 2927 3390 ἔνθα
2955 3335 2988 3405 ἡ
3015 3331 3175 3405 τιμία
3200 3332 3358 3403 σορὸς
3389 3324 3506 3406 ἐνῇ
3535 3329 3776 3385 τάπαν-

2193 3435 2327 3501 ἀγια
2370 3430 2636 3502 λείψανα,
2681 3428 2852 3498 ὀδμῆς
2884 3425 3118 3489 εὐώδους
3150 3423 3530 3495 ἐμπίπλαται,
3585 3422 3772 3488 πάσης

2193 3525 2458 3596 συνήθους
2513 3519 2823 3594 ἀνθρώποις
2872 3518 3206 3590 ὑπερτέρας.
3267 3516 3402 3571 Οὐδὲ
3442 3514 3554 3584 γὰρ
3594 3515 3668 3585 τῇ
3708 3513 3774 3565 ἐκ

2191 3615 2472 3688 λειμώνων
2494 3612 2859 3684 ἀθροιζομένῃ
2880 3610 3196 3682 παρέοικεν,
3219 3609 3340 3662 οὐδέ
3363 3625 3428 3676 γε
3452 3610 3519 3678 τῇ
3543 3606 3608 3661 ἐκ
3625 3621 3770 3668 τινος

2190 3711 2300 3766 τῶν
2330 3706 2712 3763 εὐωδεστάτων
2739 3704 3196 3774 ἀναπεμπομένη,
3223 3701 3346 3756 οὐδὲ
3374 3701 3492 3754 οἱαν
3519 3699 3772 3772 μυρέψης

2192 3801 2524 3874 ἐργάσαιτοο
2581 3796 2706 3866 ξένη
2757 3793 2816 3848 δέ
2862 3811 2947 3857 τις
2990 3794 3088 3847 καὶ
3122 3788 3446 3862 ὑπερφυὴς,
3495 3789 3558 3854 ἐξ
3601 3787 3770 3857 αὐτῆς

2193 3891 2522 3962 παραστᾶσα
2548 3887 2661 3957 (22)
2692 3886 2802 3940 τῶν
2831 3885 3191 3939 ἀναδιδόντων
3220 3883 3317 3954 τὴν
3340 3882 3594 3953 δύναμιν.

503 3985 957 4056 fragrantissimis
1003 3989 1245 4055 exhalat,
1281 3989 1480 4044 similis
1526 3999 1613 4044 est
1675 3979 1814 4045 odo'r
1848 3991 1963 4057 ille,
2016 4003 2120 4043 nec
2153 3983 2333 4056 qualis
2372 3980 2442 4035 ab
2479 3977 2864 4049 unguentariis
2911 3975 3205 4032 conﬁcitur
3240 3992 3253 4030 :
3283 3973 3379 4029 sed
3444 3971 3770 4044 peregrinus

503 4077 726 4142 quidam
749 4090 807 4134 et
825 4081 1103 4137 excellens
1148 4097 1321 4153 perse
1357 4083 1536 4154 ipsum
1569 4083 1857 4140 declarans
1880 4093 2085 4154 quanta
2121 4081 2193 4136 sit
2221 4080 2397 4134 virtus
2431 4074 2793 4147 reliquiarum
2849 4087 2973 4142 quae
2999 4070 3178 4141 ipsum
3233 4068 3519 4125 emittunt.

1800 4215 2038 4274 νΑιιιΑε
2077 4212 2486 4270 LECTIONES.

582 4309 624 4339 π
646 4307 707 4363 c.
727 4307 790 4364 ε.
825 4308 931 4381 ἴδῃ.

1736 4400 2000 4454 VALESII
2047 4398 2612 4454 ANNOTATIONES.

521 4496 794 4566 ’Δφθόνως
827 4495 936 4551 τῶν
961 4495 1486 4567 θαυμάτωντρυγᾷν
1510 4494 1880 4567 ἐνεκελεύετο,
1901 4495 1958 4550 Id
1985 4504 2088 4558 est,
2126 4499 2167 4552 Ι)
2195 4502 2251 4567 _ct
2277 4491 2864 4567 Nicephorus.__Porro
2892 4487 3222 4567 κλειθρίοιον
3255 4485 3472 4567 Langus
3509 4481 3768 4541 fenestel-

510 4578 573 4623 ut
602 4565 768 4623 vertit
795 4567 1013 4639 Langus
1044 4584 1058 4622 :
1098 4567 1162 4622 Ut
1199 4565 1822 4639 mirdgiilorunt__talittiit
1858 4566 2086 4639 fructum

511 4639 866 4709 perciperent,
894 4637 969 4692 est
1003 4639 1301 4691 cohortata.
1339 4637 1538 4692 Verum
1559 4637 1919 4709 Nicephorus
1970 4637 2086 4690 haec

511 4707 678 4764 verba
711 4707 926 4763 addidit
951 4709 1018 4763 de
1048 4723 1188 4763 suo:
1220 4723 1320 4762 nec
1354 4708 1571 4780 Evagrii
1603 4716 1840 4780 mentem
1869 4721 2090 4780 assecu-

514 4789 602 4835 tus
627 4789 732 4844 est,
770 4795 896 4834 cum
937 4780 1203 4849 Evagrius
1250 4795 1361 4834 nou
1412 4777 1490 4834 de
1525 4778 1777 4848 pluribus
1809 4777 2092 4832 miraculis

512 4851 601 4906 hic
625 4851 906 4921 loquatur.
935 4849 1030 4905 sed
1059 4850 1128 4904 de
1159 4863 1270 4904 uno
1307 4851 1575 4905 duntaxat
1623 4849 1911 4921 miraculo,
1964 4863 2093 4902 san-

512 4920 708 4988 guinis
742 4923 955 4977 scilicet
995 4937 1061 4976 ex
1101 4931 1305 4992 sancta:
1355 4921 1612 4992 martyris
1663 4920 1877 4974 tumqu
1907 4926 2091 4974 scatu-

515 4992 729 5046 rientis.
788 4993 898 5062 ligo
947 5006 1080 5045 vero
1134 4991 1411 5061 vulgatam
1468 4991 2092 5062 scripturamAsecutus.

512 5062 750 5132 simplici
781 5059 946 5132 aliine
975 5061 1144 5132 obvio
1169 5059 1331 5132 sensu
1373 5062 1521 5117 hunc
1563 5059 1747 5116 lecum
1787 5059 1858 5115 de
1908 5059 2098 5132 vinde-

514 5133 781 5188 nziatioue
810 5131 1064 5202 exposui.
1103 5131 1273 5203 Quod
1329 5133 1552 5203 quidem
1600 5132 1805 5203 optimc
1837 5131 2098 5203 convenit

515 5219 639 5258 cum
669 5198 1033 5273 sequentibus
1073 5202 1298 5273 Evagrii,
1337 5198 1541 5258 verbis.
1595 5198 1772 5257 Cruor
1807 5202 1955 5256 enim
2003 5198 2098 5270 qui

515 5291 582 5346 ex
618 5272 792 5346 beata-
819 5275 1076 5346 martyris
1104 5272 1358 5346 reliquiis
1389 5273 1772 5346 copiosissime
1822 5273 2100 5346 exprime-

517 5345 700 5407 liatur,
744 5345 890 5400 haud
920 5343 1190 5400 absimilis
1215 5352 1335 5398 erat
1361 5343 1491 5399 vino
1520 5343 1668 5414 quod
1701 5359 1768 5398 ex
1793 5343 1915 5397 uvis
1944 5356 2101 5414 com-

518 5416 730 5487 pressis
762 5416 1002 5472 elicitur.
1041 5415 1193 5487 Adde
1219 5415 1366 5487 quod
1410 5413 1546 5487 dies;
1565 5414 1739 5487 festus
1765 5423 1969 5487 sancta:
1997 5413 2103 5487 Eu-

519 5483 754 5557 phcmize
786 5487 840 5542 in
871 5497 1088 5556 tempus
1114 5483 1406 5557 vindemia:
1434 5485 1731 5557 ilicidebat,
1767 5485 1821 5557 it_t
1862 5485 1926 5538 16
1953 5483 2104 5538 scili-

519 5554 609 5612 i'rt
639 5559 842 5613 tueusis
864 5554 1228 5628 Septembris,
1264 5567 1323 5612 ut
1367 5555 1636 5612 discimus
1669 5572 1736 5611 ex
1780 5554 2100 5611 Graecorum

518 5628 835 5700 Meilologio.

595 5700 706 5769 (2|)
730 5694 863 5752 ’Ἔτι
895 5699 962 5752 δὲ
992 5698 1355 5767 κλειθρίδιον
1384 5700 1616 5769 μικρόν.
1652 5694 2106 5769 Assentior‘viris

523 5765 820 5839 ductis.qui
843 5765 1170 5841 jampridem
1189 5765 1552 5825 cmeudaru‘nt
1571 5768 1684 5841 ἔστι
1702 5768 1910 5841 δέξαιο.
1929 5765 2102 5841 Quam

527 5837 975 5900 emendationem
1013 5841 1305 5898 conﬁrmat
1342 5841 1506 5898 etiam
1545 5839 1716 5897 codex
1757 5837 2104 5897 Tcllerianus

2195 4565 2304 4618 lam
2363 4559 2532 4618 vertit
2569 4580 2583 4617 :
2629 4559 3170 4629 ChristOphorsonus
3217 4572 3350 4629 vero
3397 4564 3767 4629 transennam.

2192 4635 2307 4704 Ego
2345 4649 2471 4688 cum
2499 4632 2748 4704 Muscqu
2791 4623 3228 4704 [oramertumalui
3269 4633 3506 4704 vertere.
3539 4623 3679 4704 _N_am
3719 4635 3772 4681 et

2192 4693 2535 4760 SSzomenus
2562 4703 2638 4759 ita
2659 4693 2901 4772 appellat
2931 4699 2985 4754 in
3010 4698 3124 4772 lib.‘
3143 4715 3216 4762 Ix,
3257 4711 3379 4772 cap.
3405 4695 3463 4772 β,
3500 4693 3594 4772 ubi
3618 4695 3771 4766 plura

2190 4775 2375 4830 notavi
2410 4775 2477 4828 de
2505 4765 2822 4844 huiusmodi
2853 4767 3158 4826 fenestellis
3187 4783 3310 4840 quae
3328 4765 3539 4822 ﬁebant
3565 4765 3630 4820 in
3653 4781 3773 4838 cap—

2193 4845 2270 4900 sis
2301 4854 2629 4900 martvrum.

2266 4861 2752 4986 ξὲῐὲῗΐῖἴειρῖἓνῖέᾶσᾳ
2778 4908 3222 4986 ,ζειψάζωνΝοξ
3248 4905 3520 4986 λειψάνων
3543 4904 3703 4986 deest
3725 4903 3773 4986 in

2199 4975 2594 5067 manuscriptis
2619 4975 2934 5067 codicibus,
2981 4978 3324 5067 Florentipo,
3353 4975 3684 5067 .T‘e'llerianp
3705 4981 3776 5067 ret

2198 5057 2389 5126 Regio.
2414 5042 2542 5110 etin
2565 5053 2813 5126 editione
2830 5042 3061 5107 Roberti
3097 5042 3527 5126 Stephani_.._Nec
3542 5053 3690 5126 ﬁcte
3704 5042 3777 5126 leo

2198 5114 2396 5183 cervunt
2427 5124 2746 5195 typographi
2773 5123 3141 5195 Genevenscs,
3163 5114 3259 5189 qui
3280 5134 3347 5173 ex
3361 5114 3522 5172 libris
3537 5114 3777 5195 Christo-

2201 5183 2608 5270 phorsonieaiii
2639 5183 2731 5270 hic
2752 5208 2942 5270 vocem
2967 5183 3532 5270 suppleverun.t,lcum
3554 5183 3776 5270 minime

2202 5255 2514 5323 necessaria
2547 5265 2618 5322 sit
2647 5265 2753 5319 hoc
2767 5263 2911 5327 loco,
2935 5255 3225 5316 nec'ullius
3240 5256 3430 5329 scripti
3455 5255 3776 5329 exemplaris

2203 5336 2519 5394 testimonio
2531 5335 2912 5406 conﬁrmetur.
2933 5332 3067 5406 Nam
3081 5346 3143 5384 va
3148 5331 3248 5406 rite
3260 5327 3370 5383 illai
3379 5327 3646 5406 lectiones
3661 5339 3776 5406 qua;

2203 5391 2792 5476 eRHChristophorsoni
2839 5403 2998 5458 libris
3039 5401 3416 5476 proferuntur,
3461 5396 3596 5451 nihil
3634 5391 3774 5476 aliud

2205 5487 2335 5535 sunt
2365 5469 2692 5548 plerumque
2732 5469 3262 5548 quamconiecturaa
3292 5469 3584 5548 doctorum
3634 5469 3778 5548 viro:

2209 5537 2556 5605 rum-Totus
2582 5537 2866 5616 igitur'hic
2903 5537 3062 5597 locus
3092 5542 3165 5616 ita
3199 5537 3366 5616 scribi
3403 5537 3590 5616 debetz
3624 5541 3780 5616 propt

2207 5621 2408 5692 legitur
2433 5619 2486 5673 in
2502 5606 2693 5692 codice
2710 5616 3024 5692 lt‘loreptiiio
3036 5628 3100 5667 ac
3124 5610 3436 5692 :l‘clleriano
3461 5625 3477 5663 :
3613 5606 3778 5692 αὐτῇς

2211 5676 2548 5773 πᾶραστᾶσα·
2570 5689 2680 5742 τῶν
2705 5682 3186 5773 ἀναδιδόντωνιτὴν
3214 5680 3467 5773 δὲναμιν,
3488 5676 3668 5773 |Atque
3710 5676 3777 5728 ila

2211 5749 2343 5833 legit
2370 5761 2732 5833 Nicephorius.
2778 5757 2870 5833 δίο
2896 5749 3462 5833 enimhujteEvagrii
3488 5749 3669 5833 locum
3693 5758 3780 5833 exq-

2213 5817 2417 5904 ptyessit
2445 5849 2459 5887 :
2489 5817 2879 5901 ’ἱέκμηριοῦσα
2906 5824 3001 5880 τοῦ
3028 5817 3385 5887 ἀναδιδόντος
3409 5819 3509 5892 τὴν
3533 5817 3778 5886 δύναμιν.
