3970 6486
195 394 325 459 Ξίξνῑ

788 498 1037 551 ΚΕΦᾹᾹ.
1095 500 1165 551 Δ’.

201 594 325 663 ηερί
353 591 473 645 τῶν
498 588 671 663 ἑνξτῇ
699 588 942 663 συνόδῳ
961 588 1323 663 κινηθέντων
1344 587 1439 663 καὶ
1460 585 1765 663 sustoller-

260 658 394 726 ξων,
430 662 527 715 καὶ
558 661 641 724 ὡς
669 660 991 726 Διόσκορος
1031 662 1063 711 ό
1101 658 1545 726 Ἀλεξανδρείας
1587 661 1769 726 καθῃ-

254 736 419 805 ρέυτν
446 732 815 805 Θεώδωριτος
836 729 903 781 δὲ
938 730 1034 782 καὶ
1060 730 1248 795 ’16ας,
1267 729 1366 781 καί
1395 746 1553 793 τινες
1580 728 1770 795 ἕτεροι

261 804 441 860 dread
452 804 709 869 ήθησαν.

271 890 534 946 Ἐνταῦθα
568 891 603 961 ή
632 889 936 960 λελεγμένη
972 905 1063 958 μοι
1106 886 1326 950 σύνοδος
1359 886 1630 949 ἁλίζεται,
1678 886 1770 939 τὸν

200 989 349 1041 τόπον
386 984 621 1046 Λέοντος
652 980 954 1052 ἀρχιερέως
988 983 1089 1051 τῆς
1128 978 1509 1051 πρεσϐυτέρας
1548 976 1771 1047 Ῥώμης

200 1078 482 1134 διεπόντων
534 1076 610 1139 ὡς
643 1074 860 1146 εἴρηται
917 1071 1263 1143 Πασχασίνου
1316 1071 1411 1123 καὶ
1442 1070 1772 1124 Λουκενσίου

202 1160 527 1233 ἐπισκόπων,
561 1169 659 1222 καὶ
690 1166 1008 1235 Βονιφατίου
1040 1165 1441 1236 πρεσϐυτέρου⁸
1474 1164 1573 1233 τῆς
1612 1163 1773 1215 Κων-

204 1261 470 1316 σταντίνου
526 1260 627 1328 μὲν
657 1258 1076 1328 προεδρεύοντος
1110 1256 1440 1311 ’Δνατολίοψ
1479 1256 1772 1323 Διοσκόρου

200 1358 251 1411 δὲ
292 1356 389 1423 τῆς
448 1353 848 1423 Ἀλεξανδρέων
899 1342 1357 1413 ὲπισκοποῦντοςο
1408 1349 1661 1419 Μαξίμου
1713 1366 1774 1400 τε

213 1446 556 1517 Ἀντιοχείας,
581 1448 676 1498 καὶ
705 1443 1058 1497 Ἰουϐεναλίου
1085 1442 1497 1513 Ἱεροσολύμων·
1526 1434 1609 1503 οἷς
1626 1458 1773 1511 παρ-

202 1542 326 1611 ῆσαν
364 1540 422 1593 οἵ
466 1557 528 1592 τε
570 1538 710 1609 ἀμφ’
758 1537 955 1600 αὐτοὺς
1001 1534 1188 1607 ἱερεῖς,
1238 1535 1335 1588 καὶ
1390 1535 1439 1588 οἱ
1485 1533 1555 1587 τὰ
1609 1552 1773 1603 κορυ-

203 1634 324 1700 φαῖα
353 1632 453 1701 τῆς
499 1627 820 1698 ὑπερφυοῦς
874 1626 1169 1697 γερουσίας
1222 1626 1457 1695 ἔχοντες.
1508 1624 1651 1694 Πρὸς
1683 1623 1777 1686 οὓς

204 1721 247 1773 οἱ
273 1720 359 1772 τὸν
406 1718 577 1771 τόπον
608 1716 946 1787 πληροῦντες
994 1714 1245 1776 Λέοντος,
1284 1713 1524 1781 ἔφασκον
1561 1712 1634 1783 μὴ
1668 1712 1777 1764 δεῖν

204 1814 482 1881 Διόσκορον
517 1808 888 1879 συγκαθεδρον
941 1805 1092 1875 σφίσι
1150 1803 1429 1873 γενέσθαιο
1470 1804 1630 1856 τοῦτο
1666 1802 1776 1873 γὰρ
1810 1850 1849 1905 Β

206 1905 374 1966 αὐτοῖς
426 1900 830 1971 ἐπιτετράφθαι
894 1898 1044 1968 παρὰ
1112 1896 1206 1951 τοῦ
1265 1896 1417 1965 σφῶν
1474 1897 1773 1949 ἐπισκόπου

207 1996 441 2061 Λέοντος,
470 1995 567 2047 καὶ
601 1996 649 2045 εἰ
681 1990 838 2045 τοῦτο
870 1992 945 2061 μὴ
970 1990 1299 2060 φυλάξωσιν,
1332 1990 1529 2052 αὐτοὺς
1554 1990 1652 2057 τῆς
1682 1990 1776 2040 ὲκ-

208 2086 422 2157 κλησίας
474 2082 948 2139 ἀπαλλάττεσθαι.
1006 2083 1117 2135 Καὶ
1178 2080 1492 2152 πυθομένης
1537 2081 1635 2151 τῆς
1683 2095 1778 2147 γε·

210 2180 436 2250 ρουσίας,
486 2180 541 2231 τί
591 2178 701 2248 ἄρα
746 2179 833 2246 εῐη
872 2175 943 2229 τὰ
984 2176 1298 2245 ὲπαγόμενα
1349 2172 1427 2245 τῷ
1479 2176 1775 2243 Διοσκόρω,

208 2270 491 2341 διεξῆλθον
522 2270 682 2336 λόγον
708 2268 945 2338 ὀφείλειν
968 2267 1131 2320 αὐτὸν
1158 2267 1415 2336 ὑποσχεῖν
1445 2266 1545 2335 τῆς
1572 2265 1777 2327 οίκεὶας

210 2365 448 2433 κρίσεως,
482 2360 675 2433 κριτοῦ
711 2362 1003 2430 πρόσωπον
1051 2360 1202 2428 παρὰ
1250 2359 1308 2412 τὸ
1342 2358 1489 2422 εἰκὸς
1529 2358 1601 2429 (g)
1635 2359 1780 2410 ἀνει-

209 2455 420 2523 ληφότα.
448 2450 558 2523 Ὧν
586 2453 916 2525 εἰρημένων,
949 2452 1138 2521 ἐπειδὴ
1174 2450 1465 2521 Διόσκορος
1492 2450 1658 2521 ψήφῳ
1680 2450 1779 2519 τῆς

212 2548 507 2618 συγκλήτου
534 2547 639 2601 ἀνὰ
667 2546 760 2599 τὸν
811 2546 975 2615 μέσον
1014 2545 1253 2614 καθῆστο
1285 2543 1483 2615 χῶρον,
1522 2542 1780 2606 Εὐσέϐιος

213 2641 375 2713 ἐξῄτει
426 2642 531 2705 τὰς
578 2639 965 2709 ὲπιδεδομὲνας
1020 2638 1151 2709 παρ’
1204 2637 1374 2691 αὐτοῦ
1422 2641 1489 2709 τῇ
1534 2636 1781 2709 βασιλείᾳ

212 2731 407 2802 δεήσεις
459 2731 905 2803 ἀναγνωσθῆναι,
953 2732 1131 2802 φήσας
1184 2731 1276 2784 ἐπὶ
1324 2730 1522 2798 λέξεως
1584 2730 1777 2784 ταῦτα·

224 2825 511 2896 Ἦδίκημαι
537 2826 685 2896 παρά
720 2824 1036 2895 Διοσκόρου,
1073 2824 1328 2894 ⁴ηδίκηται
1354 2824 1387 2892 ὴ
1417 2824 1620 2889 πίστις,
1652 2824 1780 2891 ἐφο-

214 2918 363 2988 νεύθη
386 2917 685 2979 Φλαΰιανὺς
710 2916 739 2967 ὁ
764 2918 1083 2981 ἐπίσκοπος,
1108 2914 1227 2985 ἅμα
1259 2916 1383 2985 ἐμοὶ
1415 2914 1619 2979 ἀδίκως
1647 2915 1780 2968 καθ-

212 3011 369 3082 ῃρέθη
399 3012 533 3082 παρ’
560 3009 755 3063 αὑτοῦ·
783 3009 1075 3063 κελεύσατε
1114 3009 1213 3072 τὰς
1253 3008 1469 3078 δεήσεις
1516 3025 1619 3079 μου
1652 3009 1782 3061 ἀνα-

214 3102 534 3173 γνωσθῆναι.
571 3101 750 3173 Ὅπερ
777 3100 966 3172 ἐπειδὴ
1004 3099 1314 3171 διελαλήθη,
1344 3101 1378 3172 ἡ
1423 3100 1608 3170 δέησις
1650 3101 1779 3153 ἁνα-

1116 387 1500 449 HlSTORl/E
1542 386 2137 447 ECCI.ESIASTICE
2176 386 2411 447 LIBER
2460 386 2537 447 ΙΙ.

3311 382 3457 447 24θ8

2515 490 2667 545 CAP.
2712 490 2798 543 IV.

1874 584 1951 638 Ite
1990 586 2056 638 iis
2107 600 2224 655 qua!
2271 584 2324 637 in
2372 584 2590 655 synodo
2616 584 2819 651 agitata
2858 591 2980 636 sunt
3021 591 3069 635 et
3115 584 3364 637 sancito:
3409 592 3460 636 et

1941 653 2200 726 quomodo
2227 655 2504 707 Dioscorus
2526 653 2866 726 Alexandriae
2896 655 3162 726 episcopus
3192 656 3459 726 depositus

1941 724 2008 780 sit
2036 766 2050 785 ,
2105 726 2443 779 Tlteodoritus
2496 733 2673 778 autem
2716 735 2763 777 et
2802 724 2920 777 Ibus
2973 724 3169 794 aliique
3212 724 3460 778 nonnulli

1944 798 2174 850 restituti
2204 797 2330 849 sint.

1943 890 2059 945 Hoc
2088 889 2256 959 igitur
2286 888 2340 942 in
2365 888 2488 942 loco
2513 886 2827 957 supradicta
2854 884 3098 957 synodus
3128 896 3458 957 congregata

1872 990 1978 1047 est,
2009 980 2345 1037 Paschasino
2380 979 2603 1050 quidem
2639 989 2696 1034 et
2721 978 2990 1033 Lucentio
3034 978 3309 1049 episcopis
3333 995 3457 1033 cum

1872 1071 2157 1128 Bonifacio
2208 1072 2566 1143 presbytero,
2618 1070 2788 1132 vices,
2833 1081 2892 1125 ut
2943 1069 3090 1136 dixi,
3143 1070 3461 1140 gerentibus

1873 1165 2079 1221 Leonis
2143 1164 2547 1235 archiepiscopi
2618 1162 2858 1217 senioris
2925 1163 3153 1216 ltomaa:
3205 1161 3461 1216 Anatolio

1872 1258 2032 1312 vero
2069 1255 2694 1325 Constantinopolitanae
2760 1254 3019 1307 Ecclesiae
3084 1254 3459 1323 episcopatum

1875 1349 2218 1419 gubernante
2251 1389 2265 1411 ,
2312 1347 2695 1401 Alexandrina:
2745 1355 2927 1400 autem
2975 1346 3290 1415 presidente
3335 1347 3465 1401 Dio-

1875 1455 2037 1494 scoro
2053 1458 2066 1493 :
2083 1440 2447 1510 praesentibus
2466 1440 2629 1492 etiam
2650 1439 2881 1492 Maximo
2896 1438 3117 1509 quidem
3135 1438 3462 1503 Antiochia',

1876 1531 2141 1587 Iuvenale
2189 1542 2373 1585 autem
2435 1530 2942 1601 Hierosolymorum
2993 1531 3292 1601 episcopis.
3353 1533 3465 1587 Ad-

1878 1633 2039 1679 erant
2067 1625 2196 1677 item
2223 1623 2468 1693 episc0pi
2498 1640 2637 1693 quos
2670 1624 2745 1676 illi
2772 1623 2915 1677 circa
2944 1638 3001 1677 se
3023 1624 3321 1689 habebant,
3344 1635 3399 1680 et
3429 1625 3463 1678 ii

1876 1716 1971 1787 qui
2022 1717 2075 1770 in
2120 1726 2311 1771 senatu
2356 1718 2508 1771 urbis
2553 1717 2715 1786 regire
2751 1716 3057 1785 principem
3108 1716 3287 1770 locum
3320 1716 3467 1771 obti-

1877 1810 2102 1865 nebant.
2133 1810 2345 1876 Quibus
2372 1810 2561 1863 vicarii
2588 1809 2785 1863 Leonis
2806 1809 3087 1872 dixerunt,
3120 1824 3228 1863 non
3255 1809 3462 1864 debere

1878 1902 2204 1958 Dioscorum
2248 1917 2355 1955 una
2397 1917 2519 1955 cum
2569 1901 2703 1970 ipsis
2745 1901 2799 1954 in
2848 1900 3084 1954 concilio
3140 1900 3355 1955 sedere.
3408 1901 3463 1954 ld

1877 1993 2027 2048 enim
2070 1992 2176 2047 sibi
2215 1992 2533 2046 mandatum
2574 2006 2694 2045 esse
2731 1990 2800 2044 ab
2844 1990 3105 2059 episcopo
3145 2005 3267 2044 suo.
3309 1990 3463 2056 Quod

1880 2084 1985 2139 nisi
2020 2083 2195 2147 ﬁeret,
2231 2098 2289 2137 se
2330 2083 2585 2153 protinus
2653 2082 2886 2137 ecclesia
2927 2097 3272 2136 excessurus.
3302 2081 3469 2137 Culu-

1879 2189 1987 2243 que
2032 2181 2317 2227 senatores
2352 2173 2804 2242 interrogassent,
2845 2187 3095 2241 quamam
3127 2183 3315 2226 essent
3358 2172 3467 2225 cri-

1889 2266 2038 2320 mina
2100 2281 2222 2336 qute
2270 2264 2676 2335 objiciebantur
2712 2264 3008 2330 Dioscoro,
3061 2265 3468 2335 responderunt

1881 2356 2082 2412 debere
2141 2357 2294 2411 illum
2345 2356 2534 2421 iudicii
2594 2357 2679 2412 sui
2735 2357 3006 2412 rationem
3061 2358 3318 2424 reddere,
3368 2362 3464 2430 qui

1881 2460 2075 2504 contra
2123 2449 2206 2503 fas
2258 2464 2551 2519 personam
2592 2450 2794 2521 judicis
2843 2452 3207 2522 suscepisset,
3257 2454 3468 2524 absque

1880 2542 2153 2611 permissu
2201 2540 2433 2595 Romani
2478 2541 2775 2612 pontiﬁcis.
2840 2543 3054 2610 Quibus
3103 2545 3290 2611 dictis,
3341 2563 3466 2601 cum

1882 2634 2182 2689 Dioscorus
2213 2650 2277 2690 ex
2308 2635 2533 2690 decreto
2560 2645 2785 2689 senatus
2814 2635 2866 2690 in
2894 2636 3133 2691 medium
3166 2640 3470 2708 processis-

1882 2741 1985 2793 set,
2024 2731 2213 2801 ibique
2246 2733 2534 2795 resideret,
2569 2733 2845 2788 Eusebius
2882 2736 3182 2805 postulavit
3222 2746 3281 2792 ut
3309 2738 3470 2794 libel-

1883 2824 1969 2879 lus
1993 2840 2217 2895 precum
2248 2842 2410 2895 qucm
2437 2826 2755 2896 imperatori
2781 2828 3077 2893 obtulerat,
3116 2830 3466 2894 recitaretur,

1882 2915 1971 2970 his
2008 2916 2196 2971 verbis
2250 2932 2383 2971 usus
2419 2934 2432 2970 :
2469 2917 2673 2988 lnjuria
2708 2917 2938 2973 affectus
2970 2936 3090 2975 sum
3122 2936 3152 2975 a
3184 2921 3467 2977 Dioscoro.

1883 3008 2047 3064 Fides
2114 3009 2311 3079 iujuria
2364 3008 2559 3064 aﬁ‘ecta
2607 3020 2711 3064 est.
2758 3010 2987 3066 Occisus
3040 3022 3124 3067 est
3178 3013 3471 3069 Flavianus

1883 3102 2200 3172 episcopus,
2248 3111 2303 3157 et
2347 3117 2559 3157 mecum
2611 3103 2812 3173 injuste
2861 3104 3023 3175 287
3070 3104 3357 3175 depositus
3385 3118 3471 3164 est

214 3195 447 3263 γνώσεως
496 3194 676 3265 ἔτυχε.
707 3194 865 3247 ταυτί
896 3193 1245 3264 φθεγγομένη
1275 3192 1346 3245 τὰ
1376 3192 1619 3264 ῥήματαο
1656 3193 1780 3255 Τοῖς

1889 3192 1955 3247 ab
1987 3192 2100 3247 illo.
2135 3192 2333 3248 Jubete
2366 3202 2425 3247 ut
2465 3210 2657 3263 preces
2694 3210 2829 3249 mea:
2864 3196 3185 3251 recitentur.
3218 3196 3470 3268 Cumque

217 3286 569 3359 φιλοχρίστοις
596 3287 709 3357 (23)
738 3302 797 3339 τε
831 3286 925 3340 καὶ
963 3284 1380 3348 εύλαϐεστάτοις
1421 3283 1515 3337 καὶ
1561 3283 1780 3336 abaetis-

218 3378 414 3442 στάτοις
475 3377 795 3448 βασιλεῦσιν
839 3378 996 3448 ἡμῶν
1044 3377 1297 3442 Φλαϐίοις
1349 3373 1781 3445 Οὐαλεντινιανῷ

217 3471 299 3522 καὶ
328 3469 636 3543 Μαρκιανῷ
678 3473 789 3533 τοῖς
821 3469 911 3523 de).
945 3469 1294 3538 Αύγούστοις”
1328 3469 1479 3539 παρά
1516 3466 1781 3521 Εύσεόίου

218 3562 299 3615 τοῦ
326 3562 612 3636 ἐλαχίστου
642 3562 945 3615 ἐπισκόπου
976 3561 1292 3632 Δορυλαίου,
1337 3561 1660 3631 ποιουμένου
1688 3561 1783 3612 τὸν

219 3654 359 3723 λόγον
401 3655 549 3727 ὑπέρ
579 3671 639 3708 τε
665 3652 862 3707 ἑαυτοῦ
892 3654 987 3707 καὶ
1036 3653 1134 3725 τῆς
1185 3653 1472 3726 ὀρθοδόξου
1521 3651 1778 3713 πίστεως,

220 3745 302 3797 καὶ
327 3745 467 3815 ὑπὲρ
490 3742 584 3797 τοῦ
614 3746 675 3796 ὲν
694 3743 862 3806 ὁσίοις
890 3740 1191 3795 Φλαὸιανοῦ
1212 3740 1306 3794 τοῦ
1334 3736 1630 3809 γενομένου
1660 3737 1784 3789 ἑπι-

223 3835 404 3891 σκόπου
436 3836 543 3906 τῆς
592 3834 1242 3895 Κωνσταντινουπόλεως.
1278 3831 1489 3895 Σκοπὸς
1530 3828 1611 3901 τῷ
1651 3829 1771 3900 ὑμε-

220 3928 348 3999 τέρῳ
386 3929 605 4002 κράτει,
643 3927 903 3982 ἁπάντων
943 3928 1040 3999 μὲν
1072 3926 1182 3979 τῶν
1212 3924 1471 3995 ὑπηκόων
1512 3922 1781 3991 προνοεῖν,

222 4021 305 4073 καὶ
354 4024 512 4091 χεῖρα
544 4019 762 4091 ὀρέγειν
789 4020 926 4071 πᾶσι
958 4018 1073 4080 τοῖς
1110 4015 1511 4087 ἀδικουμένοις·
1548 4013 1784 4084 μάλιστα

220 4109 272 4163 δὲ
301 4114 405 4176 τοῖς
434 4110 743 4183 ἱερωσύνην
768 4107 984 4162 τελοῦσι
1015 4107 1151 4178 (24).
1188 4108 1298 4160 Καὶ
1352 4108 1411 4159 ὲν
1462 4104 1640 4171 τούτῳ
1674 4103 1784 4174 γὰρ

222 4200 275 4254 τὸ
317 4202 456 4257 θεῖον
496 4201 865 4273 θεραπεύεται
902 4200 1055 4272 (25),
1096 4197 1228 4271 παρ’
1257 4192 1318 4252 οῦ
1363 4198 1426 4252 τὺ
1477 4196 1785 4267 βασιλεύειν

223 4292 337 4360 ὑμῖν
384 4295 483 4349 καὶ
533 4297 755 4365 κρατεῖν
787 4294 897 4347 τῶν
947 4293 1036 4360 ὑφ’
1068 4291 1221 4362 ἥλιον
1248 4291 1570 4363 δεδώρηται.
1630 4288 1785 4341 Ἐπεὶ

223 4382 305 4438 οῦν
348 4387 518 4441 πολλά
550 4387 647 4442 καὶ
678 4387 830 4441 δεινά
869 4386 1023 4456 παρά
1068 4387 1251 4439 πᾶσαν
1280 4382 1607 4436 ἀκολουθίαν
1636 4383 1669 4450 ἡ
1705 4383 1785 4445 είς

224 4475 440 4547 Χριστὸν
489 4479 709 4543 πίστις,
741 4479 836 4533 καὶ
880 4480 1043 4550 ἡμεῖς
1078 4478 1427 4547 πεπόνθαμεν
1456 4474 1607 4546 παρὰ
1634 4478 1786 4528 Διοσ-

1878 3282 2095 3354 judices
2158 3282 2474 3339 interlocuti
2522 3292 2728 3350 essent,
2782 3284 3045 3340 recitatus
3116 3296 3202 3341 est
3248 3286 3471 3343 libellus

1883 3389 2110 3445 precum
2149 3374 2246 3445 qui
2277 3374 2357 3429 sic
2402 3375 2589 3430 habet.
2623 3375 2831 3431 Christi
2878 3379 3212 3445 amantibus,
3248 3382 3471 3454 religio-

1884 3464 2121 3521 sissimis
2150 3480 2213 3521 ac
2243 3465 2507 3535 piissimis
2548 3467 2973 3537 imperatoribus
3016 3472 3244 3536 nostris,
3279 3474 3472 3532 Flavio

1883 3557 2393 3629 Valentinianotet
2444 3557 2627 3612 Flavio
2676 3558 2973 3625 Marciano,
3024 3565 3312 3633 perpetuis
3359 3565 3474 3623 Au-

1883 3650 2079 3719 gustis,
2132 3648 2201 3703 ab
2249 3649 2487 3703 Eusebio
2551 3649 2863 3704 humillimo
2905 3652 3168 3722 episc0po
3214 3648 3469 3727 Doryla-i,

1883 3740 2051 3795 verba
2090 3739 2325 3795 faciente
2366 3757 2465 3811 pro
2497 3756 2556 3796 se
2600 3741 2743 3811 ipso,
2771 3755 2827 3797 et
2855 3759 2956 3814 pro
2999 3745 3307 3802 orthodoxa
3338 3747 3469 3813 ﬁde,

1883 3840 1941 3888 et
1969 3848 2071 3903 pro
2095 3841 2297 3889 sancta:
2322 3834 2598 3889 memoria:
2626 3834 2886 3890 Flaviano
2916 3837 3010 3908 qui
3039 3837 3145 3893 fuit
3171 3840 3471 3911 episcopus

1883 3923 2455 3996 Constantinopoleos.
2490 3926 2868 3997 ’Propositum
2926 3938 3014 3985 est
3064 3932 3331 4002 ntajestati
3374 3950 3475 3988 vc-

1885 4025 2034 4081 strze,
2075 4016 2334 4071 omnibus
2361 4016 2584 4087 quidem
2622 4018 2862 4075 subditis
2890 4021 3205 4090 providere,
3239 4033 3295 4079 et
3333 4041 3476 4081 cuu-

1885 4109 1990 4164 ctis
2038 4109 2133 4178 qui
2185 4108 2382 4180 injuria
2444 4109 2627 4165 aﬂecti
2675 4120 2805 4166 sunt
2870 4128 3091 4168 manum
3148 4117 3473 4189 porrigere:

1887 4199 2165 4271 praecipue
2209 4214 2345 4254 vero
2395 4198 2462 4254 iis
2508 4202 2602 4271 qui
2651 4202 2962 4259 sacerdotio
3024 4204 3349 4277 iunguntur.
3392 4208 3475 4263 Ita

1885 4292 2034 4345 enim
2083 4292 2254 4346 Deum
2300 4290 2502 4355 colitis,
2533 4306 2563 4346 a
2598 4308 2709 4363 quo
2753 4292 3048 4366 imperium
3078 4304 3135 4351 et
3160 4296 3475 4353 dominium

1886 4382 2038 4437 orbis
2062 4392 2333 4438 terrarum
2374 4384 2534 4440 vobis
2566 4400 2894 4440 concessum
2925 4397 3031 4442 est.
3062 4387 3332 4454 Quoniam
3372 4390 3476 4462 igi-

1889 4481 1979 4528 tur
2018 4472 2154 4529 ﬁdes
2192 4474 2419 4541 Christi,
2456 4484 2511 4532 et
2534 4492 2636 4533 nos
2680 4476 2784 4547 ipsi
2834 4479 3008 4534 multa
3048 4480 3233 4551 gravia
3281 4493 3475 4539 contra

226 4565 370 4637 κόρου
421 4569 517 4623 τοῦ
565 4549 962 4624 εὐλαϐεστάτου
1035 4568 1335 4623 ἐπισκόπου
1391 4568 1490 4638 τῆς
1532 4566 1780 4631 ’Λλεξαν-

1889 4566 1978 4637 jus
1991 4564 2182 4636 fasque
2202 4568 2447 4636 perpessi
2463 4583 2654 4623 sumus
2676 4585 2705 4623 a
2727 4569 2990 4626 Dioscoro
3012 4574 3477 4630 reverendissimo

226 4657 382 4728 ὁρέων
422 4663 862 4733 μεγαλοπόλεως,
916 4662 1187 4733 πρόσιμεν
1238 4663 1305 4732 τῇ
1357 4660 1600 4731 ὑμετέρα
1630 4659 1785 4712 εὐσε-

229 4749 337 4823 6είᾳ
364 4754 471 4808 τῶν
501 4754 731 4809 δικαίων
774 4754 1055 4819 ἀξιοῦντες
1086 4755 1293 4824 τυχεῖν.

292 4842 365 4897 Τὰ
393 4844 450 4900 δὲ
488 4846 584 4900 τοῦ
615 4846 941 4919 πράγματος
972 4848 1029 4899 ἓν
1056 4845 1281 4910 τούτοις
1315 4844 1404 4898 ἐπὶ
1435 4842 1534 4912 τῆς
1562 4842 1788 4911 ἔναγχος

1888 4657 2151 4727 episcopo
2181 4672 2391 4728 magna:
2410 4658 2651 4714 civitatis
2666 4659 3028 4725 Alexandriae,
3059 4664 3375 4721 accedimus
3404 4667 3473 4722 ad

1892 4749 2153 4818 pietatem
2178 4758 2441 4814 vestram,
2462 4752 2809 4821 postulantes
2824 4754 2982 4825 utjus
3003 4755 3165 4811 nobis
3185 4756 3475 4813 reddatur.

1965 4841 2140 4897 Causa
2181 4850 2365 4897 autem
2413 4841 2731 4914 hujusmodi
2781 4854 2885 4899 est.
2934 4845 2993 4900 In
3039 4847 3278 4904 concilio
3324 4851 3473 4921 quod

1378 4961 1646 5017 VALESII
1682 4960 2243 5017 ANNOTATIONES.

290 5062 538 5146 (25)]‘07;
560 5060 990 5146 φιλοχριστοις.
1018 5058 1226 5146 Totum
1242 5057 1346 5142 hoc
1365 5057 1689 5146 emt-diluto,
1709 5074 1798 5140 us-

229 5128 325 5203 que
358 5128 421 5188 ad
468 5128 630 5188 voces
676 5128 838 5185 illas:
886 5132 997 5192 τοῖς
1037 5132 1123 5181 ἀεὶ
1159 5128 1506 5195 Λύγούστοις,
1539 5128 1694 5183 deest
1735 5129 1789 5183 in

232 5202 401 5272 codice
449 5203 642 5272 Regio,
693 5200 1012 5272 Florentino
1066 5214 1130 5272 ac
1176 5198 1511 5272 Telleriano.
1566 5199 1788 5272 Primus

230 5269 744 5344 Christophoi-sonus
776 5287 844 5344 ex
872 5270 1025 5325 Actis
1055 5269 1523 5344 Chalcedonensis
1556 5271 1779 5326 concilii

232 5339 336 5397 haec
362 5339 525 5399 vei-ba
552 5342 877 5413 supplevit:
916 5356 1041 5409 qua:
1086 5348 1265 5395 tamen
1317 5340 1545 5395 minime
1586 5356 1782 5396 neces-

234 5414 361 5467 saria
400 5412 657 5469 videntur
691 5414 796 5466 hoc
828 5412 973 5466 loco.

293 5484 397 5553 (Ἡ)
453 5484 581 5549 Τοῖς
622 5483 960 5551 ἱερωσύνην
989 5480 1255 5553 τελοῦσι.
1294 5479 1659 5553 Scribendum
1704 5489 1789 5553 est

233 5550 597 5621 proculdubio
643 5550 755 5618 τοῖς
791 5553 872 5616 είς
925 5550 1223 5622 ἱερωσύνην
1262 5552 1500 5616 τεὶούσι,
1552 5561 1611 5606 ut
1656 5552 1792 5623 legi—

1905 5057 2081 5130 turin
2113 5057 2329 5130 actione
2376 5056 2551 5130 prima
2599 5059 2817 5116 concilii
2858 5062 3344 5130 Chalcedonensis,
3380 5066 3474 5122 uhi

1900 5126 1993 5207 hic
2015 5128 2235 5207 libellus
2260 5126 2490 5183 PreCum
2515 5129 2738 5186 Eusebii
2760 5132 3007 5205 episcopi
3036 5136 3314 5193 Marciano
3332 5126 3470 5207 imp.

1895 5198 2117 5253 oblatus
2147 5197 2409 5253 refertur.

2203 5269 2365 5357 ﬁcio}:
2382 5275 2783 5357 ςεραπετξεται.
2797 5272 2927 5357 you
2956 5275 3150 5357 dubito
3174 5277 3306 5357 quin
3331 5278 3457 5357 Eva.

1890 5343 2041 5409 grius
2073 5343 2749 5432 εοζξρξριὶθεραπεύετε.
2793 5343 2955 5426 certe
3004 5346 3058 5401 in
3097 5343 3317 5432 actione
3363 5349 3464 5432 pri.

1893 5425 1981 5463 ma
2004 5410 2227 5489 concilii
2253 5410 2725 5489 Chalcedonensis
2748 5416 3015 5489 scriptum
3040 5425 3125 5472 est
3148 5410 3458 5489 Θεραπεῦον

1895 5497 2009 5542 τες.
2062 5479 2218 5556 Quod
2278 5481 2412 5539 licet
2466 5496 2789 5556 corruptum
2847 5479 2939 5553 sit,
2992 5479 3235 5543 nostram
3287 5497 3458 5543 tamen

1897 5552 2340 5607 emendationem
2371 5552 2682 5612 conﬁrmat.

1670 5664 2062 5721 VARIORUM.

295 5760 364 5832 (g)
394 5765 551 5832 Παρὰ
607 5764 675 5818 τὸ
706 5763 870 5831 εικὸς
902 5761 1295 5831 ἀνειληφότα.
1347 5761 1514 5816 Addit
1562 5762 1614 5815 in
1668 5777 1789 5816 vcr-

234 5826 371 5889 Ξὶυῖιὲ
416 5826 512 5890 sua
567 5826 862 5903 Valesius;
892 5834 1086 5905 absque
1105 5826 1377 5903 permissu
1399 5832 1623 5888 Romani
1646 5850 1780 5903 pott-

1898 5760 2089 5835 (ilicis,
2109 5776 2232 5835 qum
2256 5761 2427 5815 verba
2455 5762 2813 5835 supplevitcx
2841 5764 2991 5817 Actis
3014 5763 3209 5835 synodi
3235 5778 3478 5821 comme-

1892 5830 2124 5886 moratis
2148 5830 2314 5897 intra,
2348 5848 2471 5904 cap.
2498 5830 2585 5888 18'.
2619 5833 2704 5887 W.
2738 5833 2957 5887 Lowru.
