4028 6482
472 342 618 406 Ξέθθ

1642 336 1958 399 EVAGRII
2001 335 2492 398 SCIIOLASTICI

3600 292 3794 406 9500"

466 456 636 527 paulo
670 464 800 510 ante
844 455 1188 511 celebratum
1231 465 1318 510 est
1350 467 1405 508 tn
1439 451 1732 521 metropoli
1783 449 2052 520 Ephesio—

2156 451 2456 520 γενομένης
2486 449 2708 504 συνόδου
2766 451 2823 504 ἐν
2869 455 2936 523 τῇ
2981 451 3249 522 Ἐφεσίων
3279 455 3638 523 μητροπόλει,
3676 461 3749 526 ἢν

465 564 622 613 rum,
670 547 818 617 quod
862 547 1073 603 utinam
1116 546 1454 602 celebratum
1501 559 1783 613 nunquam
1831 543 2049 607 fuisset,

464 656 536 695 ne
562 641 712 695 orbis
743 650 1014 695 terrarum
1050 639 1209 694 malis
1236 655 1300 694 ac
1327 637 1658 693 tumultibus
1689 636 2048 706 impleretur:

465 732 646 787 bonus
685 732 776 787 ille
809 733 1126 797 Dioscorus,
1157 732 1363 786 nullam
1393 729 1622 802 justitiae
1655 728 1926 783 rationem
1957 727 2054 781 ba-

466 822 626 890 bens,
658 839 761 879 nec
793 824 888 878 Dei
937 825 1192 880 timorem
1232 822 1613 886 considerans,
1645 836 1772 876 cum
1803 819 2053 891 ejusdem

463 916 745 987 Opinionis
775 933 841 972 ac
870 916 1160 973 sententia:
1185 924 1331 972 esset
1357 931 1481 970 cum
1523 914 1791 986 Eutyche,
1823 913 2056 984 perdita:

466 1009 670 1063 mentis
723 1009 947 1065 homine
1007 1017 1171 1080 atque
1222 1008 1511 1074 baeretico;
1569 1007 1820 1062 occultus
1867 1015 2053 1060 autem

463 1109 636 1165 esset,
659 1101 806 1156 sicut
829 1111 1017 1172 postea
1043 1101 1389 1171 apertissime
1411 1099 1738 1166 declaravit;
1761 1099 2055 1154 occasione

465 1202 688 1262 arrepta
731 1209 798 1248 ex
838 1194 1190 1249 accusatione
1233 1208 1397 1264 quam
1427 1209 1532 1263 ego
1577 1192 1845 1247 adversus
1887 1191 2057 1263 Euty-

464 1287 625 1341 chem
669 1287 878 1341 erroris
922 1287 1094 1356 ipsius
1130 1298 1443 1342 consortem
1487 1286 1859 1351 institueram,
1903 1294 1960 1340 et
1988 1300 2056 1339 ex

463 1380 739 1435 sententia
777 1395 808 1434 a
845 1379 945 1450 pize
975 1379 1254 1434 memoria:
1289 1379 1549 1434 Flaviano
1573 1379 1835 1450 episcopo
1862 1385 2055 1432 contra

464 1473 723 1528 eumdem
759 1472 1062 1542 Eutyehem
1109 1472 1341 1541 prolata,
1379 1471 1597 1526 turbam
1633 1469 2055 1541 incompositam

465 1563 857 1616 seditiosorum
909 1563 1193 1617 hominum
1247 1563 1488 1633 collegit.
1529 1564 1778 1634 Cumque
1812 1562 2058 1634 tyranni-

464 1671 585 1710 cam
619 1654 1054 1710 dominationem
1086 1656 1318 1725 pecunia
1347 1656 1451 1711 sibi
1482 1665 1882 1726 comparasset,
1910 1655 2054 1726 piam

464 1746 688 1816 quidem
765 1748 1087 1818 religionem
1141 1749 1618 1814 orthodoxorum,
1676 1757 1947 1819 quantum
1997 1749 2050 1802 in

469 1843 595 1912 ipso
629 1841 753 1906 fuit,
799 1841 1189 1900 labefactavit:
1237 1859 1460 1914 pravam
1510 1852 1694 1898 autem
1739 1843 2054 1913 opinionem

468 1932 732 2004 Eutychis
766 1933 1045 2000 monachi,
1099 1950 1220 2004 qua:
1264 1934 1597 2005 jampridem
1643 1943 1700 1988 et
1728 1933 1797 1987 ab
1826 1933 2056 1988 exordio

463 2039 496 2077 a
521 2024 732 2078 sanctis
761 2025 1020 2080 Patribus
1050 2025 1415 2081 condemnata
1444 2025 1646 2090 fuerat,
1687 2026 2056 2080 confirmavit.

462 2115 602 2170 Cum
650 2116 818 2187 igitur
867 2133 976 2171 non
1036 2117 1175 2172 levia
1222 2118 1354 2180 sint,
1403 2135 1525 2188 qum
1575 2119 1841 2174 adversus
1892 2119 2054 2174 fidem

463 2206 673 2262 Christi
705 2217 761 2262 et
792 2221 984 2263 contra
1034 2224 1135 2264 nos
1161 2209 1342 2264 facere
1385 2210 1636 2274 tentavit,
1679 2211 1951 2282 provoluti
1987 2211 2052 2266 ad

467 2300 640 2370 pedes
687 2301 985 2372 Majestatis
1017 2312 1215 2358 vestrae
1245 2319 1522 2374 rogamus,
1564 2313 1623 2358 ut
1646 2303 1900 2360 eumdem
1928 2305 2058 2359 reli-

464 2391 840 2463 giosissimum
888 2394 1209 2464 episcopum
1241 2394 1565 2450 Dioscorum
1607 2395 1942 2466 respondere
1967 2396 2058 2467 ju-

468 2481 645 2536 heatis
695 2481 761 2537 iis
809 2499 933 2553 qua:
998 2499 1032 2538 a
1084 2484 1249 2539 nobis
1311 2484 1390 2539 illi
1449 2484 1840 2556 objiciuntur:
1897 2483 2056 2541 lectis

465 2573 683 2630 scilicet
741 2591 926 2630 coram
992 2577 1341 2632 sanctissima
1400 2566 1609 2650 synodo
1679 2577 2056 2634 monumentis

464 2675 714 2721 actorum
765 2684 889 2737 qua:
943 2667 1035 2723 ille
1065 2678 1260 2725 contra
1295 2686 1398 2727 nos
1443 2669 1702 2725 confecit.
1742 2669 1819 2725 Ex
1851 2670 2057 2741 quibus

464 2758 850 2815 demonstrare
890 2775 1184 2831 possumus
1227 2761 1382 2817 illum
1413 2771 1470 2817 et
1509 2778 1538 2817 a
1577 2771 1724 2817 recta
1767 2761 1874 2817 ﬁde
1921 2761 2056 2816 alie-

466 2867 599 2906 num
641 2865 784 2915 esse,
829 2861 887 2906 et
938 2851 1190 2908 hteresim
1237 2853 1456 2924 plenam
1505 2854 1803 2924 impietatis
1847 2853 2053 2909 contir-

467 2959 667 3010 masse,
723 2954 780 3000 et
826 2961 928 3000 nos
985 2945 1187 3018 injuste
1239 2946 1582 3018 deposuisse.
1627 2958 1684 3004 et
1712 2947 2055 3020 gravissimis

466 3036 626 3090 malis
675 3036 964 3093 affecisse:
1021 3038 1207 3094 missis
1257 3039 1518 3095 videlicet
1574 3040 1779 3095 divinis
1825 3048 1881 3096 et
1921 3040 2055 3095 ado-

2154 540 2346 608 ὄφελόν
2383 559 2446 609 γε
2481 536 2548 614 ἦν
2595 543 2668 612 μὴ
2699 543 2972 611 γενέσθαι,
3011 546 3096 598 ἵνα
3129 545 3204 616 μὴ
3229 546 3418 599 κακῶν
3447 548 3541 601 καὶ
3572 566 3754 620 ταρα-

2155 631 2258 703 χῆς
2285 633 2386 702 τὴν
2426 635 2760 704 οἰκουμένην
2800 636 3081 706 ἐμπλήσῃ,
3114 638 3142 689 δ
3182 637 3420 706 χρηστὸς
3450 639 3756 710 Διόσκοριις

2156 728 2286 797 παρ’
2331 729 2485 782 οὐδὲν
2517 730 2743 799 θέμενος
2778 731 2872 783 τὸν
2925 731 3018 784 τοῦ
3059 733 3272 785 δικαίου
3301 733 3482 800 λόγον,
3520 736 3618 788 καὶ
3651 737 3754 788 τὸν

2154 817 2250 873 τοῦ
2304 819 2440 873 Θεοῦ
2482 822 2665 890 φόϐον·
2714 822 2967 893 δμόδοξος
3019 822 3095 876 ὢν
3153 825 3248 877 ml.
3276 826 3537 898 δμόφρων
3569 827 3742 881 Εὐτυ-

2157 912 2286 984 χοῦς
2320 912 2416 966 τοῦ
2461 915 2862 984 ματαιόφρονος
2908 915 3000 968 καὶ
3046 915 3348 984 αἱρετικοῦ,
3383 915 3671 971 λανθάνων
3695 919 3760 971 δὲ

2154 1003 2284 1067 τοὺς
2308 1004 2562 1068 πολλοὺς,
2592 1005 2667 1068 ὼς
2691 1003 2919 1076 ὓστερον
2948 1006 3140 1058 ἐαυτὶν
3171 1007 3543 1078 ἐφανέρωσεν·
3569 1008 3761 1080 εὑρὼν

2158 1099 2345 1167 καιρὸν
2377 1099 2476 1170 τὴν
2517 1099 2895 1170 γεγενημένην
2931 1101 3061 1170 παρ’
3091 1101 3226 1170 ἐμοῦ
3269 1102 3413 1154 κατὰ
3471 1102 3759 1172 Εὐτυχοῦς

2155 1193 2251 1246 τοῦ
2295 1193 2556 1264 ὁμοδόξου
2598 1192 2761 1246 αὐτοῦ
2810 1193 3166 1264 κατηγορίαν,
3203 1194 3300 1248 καὶ
3343 1196 3443 1264 τὴν
3473 1196 3562 1248 ἐπ’
3591 1195 3758 1265 αὐτῷ

2158 1285 2532 1357 ἐξενεχθεῖσαν
2583 1286 2766 1356 ψῆφον
2800 1288 2952 1357 παρὰ
3014 1286 3107 1339 τοῦ
3163 1287 3262 1357 τῆς
3317 1289 3472 1351 όσῖας
3537 1288 3758 1358 λήξεως

2156 1379 2460 1432 Φλαόιανοῦ
2511 1379 2607 1432 τοῦ
2661 1380 2962 1433 ἐπισκόπου
2986 1420 3002 1442 ,
3039 1379 3245 1450 πλῆθος
3281 1381 3536 1435 ἀτάκτων
3568 1382 3758 1452 ὄχλων

2160 1471 2506 1540 συναγαγὼν,
2560 1472 2652 1525 καὶ
2701 1471 3021 1524 δυναστείαν
3061 1471 3240 1542 ἐαυτῷ
3296 1472 3386 1524 διὰ
3438 1475 3758 1544 χρημάτων

2158 1565 2550 1635 πορισάμενος,
2580 1563 2682 1634 τὴν
2722 1561 2925 1632 εὐσεϐῆ
2965 1561 3263 1632 θρησκείαν
3305 1564 3415 1616 τῶν
3444 1563 3757 1634 ὀρθοδόξων

2157 1655 2284 1722 τόγε
2311 1651 2446 1728 ἧκον
2485 1655 2568 1718 εἰς
2609 1654 2771 1709 αὐτὸν
2799 1655 3109 1724 ἐλυμήνατο
3162 1655 3256 1708 καὶ
3289 1657 3390 1726 τὴν
3421 1657 3756 1722 κακοδοξίαν

2160 1747 2432 1818 Εὑτυχοῦς
2473 1747 2568 1801 τοῦ
2617 1747 2964 1818 μονάζοντος,
2999 1748 3122 1817 ἥτις
3173 1747 3382 1802 ἀνωθεν
3432 1749 3524 1802 καὶ
3557 1747 3617 1814 ἐξ
3638 1751 3758 1819 dp-

2160 1839 2264 1909 χῆς
2311 1839 2462 1910 παρὰ
2494 1839 2604 1891 τῶν
2648 1839 2820 1906 ἁγίων
2884 1839 3147 1910 Πατέρων
3191 1839 3580 1911 ἀπεκηρύχθη,
3616 1840 3757 1894 ἐσε-

2159 1929 2417 1984 ϐαίωσεν.
2461 1930 2616 1983 Ἐπεὶ
2643 1930 2737 1983 οὖν
2765 1930 2826 1983 οὐ
2860 1931 3035 2002 μικρά
3069 1931 3138 1984 τά
3182 1932 3564 2004 τετολμημένα
3591 1930 3757 2001 αὐτῷ

2158 2025 2302 2077 κατά
2367 2040 2427 2076 τε
2453 2025 2554 2094 τῆς
2603 2023 2684 2086 εἰς
2731 2024 2969 2092 Χριστὸν
3005 2023 3240 2087 πίστεως
3283 2026 3378 2077 καὶ
3408 2024 3531 2077 καθ’
3555 2025 3754 2096 ἡμῶν,

2157 2115 2394 2185 δεόμεθα
2441 2115 2535 2168 κα)⁵
2565 2116 2985 2186 προσπίπτομεν
3007 2117 3084 2186 τῷ
3113 2117 3364 2187 ὑμετέρῳ
3397 2117 3613 2188 κράτει,
3646 2115 3758 2170 θε-

2160 2213 2348 2267 σπίσαι
2366 2213 2460 2266 τὸν
2491 2212 2653 2267 αὐτὸν
2680 2212 3074 2266 εὐλαϐέστατον
3108 2213 3407 2266 ἐπίσκοπον
3428 2214 3754 2286 Διόσκορον,

2157 2306 2601 2378 ἀπολογήσασθαι
2617 2307 2732 2368 τοῖς
2751 2306 2879 2376 παρ’
2893 2307 2925 2375 ἡ
2933 2306 3048 2375 μῶν
3067 2305 3215 2376 αὑτῷ
3233 2307 3595 2374 ἐπαγομένοις
3609 2323 3625 2338 ’
3643 2306 3753 2375 δη-

2159 2397 2292 2469 λαδὴ
2309 2397 2416 2450 τῶν
2433 2415 2506 2452 πα
2515 2398 2560 2467 ρ’
2574 2396 2740 2451 αὐτοῦ
2759 2398 2881 2451 καθ’
2895 2401 2926 2469 ή
2937 2399 3052 2468 μῶν
3072 2397 3476 2469 πεπραγμένων
3493 2399 3758 2468 ὑπομνη-

2159 2490 2346 2558 μάτων
2366 2488 2892 2557 ἀναγινωσκομένων
2921 2489 3012 2540 ἐπὶ
3025 2489 3124 2558 τῆς
3150 2474 3313 2556 ἁγίας
3335 2489 3574 2542 συνόδου·
3594 2488 3643 2541 δι
3663 2481 3758 2541 ὧν

2155 2579 2437 2650 δυνάμεθα
2459 2579 2760 2644 ἀποδεῖξαι,
2780 2580 2873 2632 καὶ
2887 2578 3166 2652 ἀλλότριον
3191 2579 3322 2633 ὄντα
3339 2579 3438 2649 τῆς
3455 2579 3756 2650 ὀρθοδόξου

2157 2673 2423 2738 πίστεως,
2459 2674 2554 2726 καὶ
2585 2672 2799 2742 αἵρεσιν
2835 2673 3091 2736 ἀσεϐείας
3123 2671 3564 2744 πεπληρωμένην
3600 2689 3758 2744 κραο

2156 2764 2416 2830 τύναντα,
2446 2766 2542 2820 καὶ
2568 2764 2771 2828 ἀδίκως
2819 2766 2962 2835 ἡμᾶς
3013 2764 3331 2830 καθελόντα,
3363 2767 3459 2818 καὶ
3494 2766 3560 2820 τὰ
3589 2765 3757 2818 δεινὰ

2156 2853 2306 2923 ἡμᾶς
2341 2853 2812 2924 κατειργασμένον
2841 2868 2854 2883 ⁶
2894 2852 3055 2907 θείων
3105 2856 3200 2908 καὶ
3246 2855 3758 2925 προσκυνουμένων

2156 2946 2317 3015 ἡμῶν
2363 2944 2410 2978 ³⁷
2453 2945 2746 3016 μανδάτων
2796 2947 3311 3018 καταπεμπομένων
3349 2950 3414 3017 τῇ
3467 2948 3597 3018 ἁγίᾳ
3643 2950 3756 3001 καὶ

2155 3040 2510 3109 οἱκουμενικῇ
2544 3037 2746 3109 συνόδῳ
2773 3038 2885 3091 τῶν
2919 3037 3350 3107 θεοφιλεστάτων
3399 3040 3750 3104 ἐπισκόπων,

469 3127 659 3182 randis
701 3128 973 3184 mandatis
1012 3130 1212 3184 vestris
1240 3130 1306 3185 ad
1335 3141 1578 3213 sanctam
1604 3142 1658 3187 et
1682 3132 2049 3188 universalem

2157 3127 2242 3196 ἐφ’
2267 3122 2312 3196 ᾧ
2339 3145 2400 3181 τε
2431 3129 2497 3182 τὰ
2531 3128 2576 3170 ⁸⁸
2607 3127 2768 3199 ἡμῶν
2795 3128 2890 3182 καὶ
2917 3128 2986 3181 τὰ
3021 3131 3420 3200 προειρημένου
3447 3131 3751 3202 Διοσκόρω)

466 3217 738 3290 synodum
813 3219 924 3274 Deo
987 3222 1444 3278 charissimorum
1509 3225 1926 3296 episcoporum,
1995 3233 2055 3280 ut

465 3325 692 3366 causam
735 3328 857 3382 quae
893 3323 978 3368 est
1028 3314 1172 3370 inter
1220 3331 1324 3370 nos
1371 3326 1428 3371 et
1467 3332 1635 3388 supra
1685 3327 2054 3374 memoratum

469 3403 820 3487 Dioscorum,
857 3405 1068 3472 audiat,
1114 3417 1171 3463 et
1209 3407 1276 3462 ad
1309 3409 1559 3464 notitiam
1607 3410 1829 3481 pietatis
1858 3420 2056 3467 vestra:

467 3505 665 3552 cuncta
705 3499 872 3569 288
901 3501 1104 3555 referat
1144 3517 1267 3571 qua:
1301 3513 1589 3573 geruntur,
1636 3505 1788 3574 juxta
1823 3504 1875 3559 id
1905 3503 2053 3574 quod

467 3589 741 3660 placuerit
775 3589 1070 3645 immortali
1116 3593 1345 3648 culmini
1387 3603 1590 3650 vestro.
1631 3595 1746 3650 Hoc
1785 3595 1830 3650 si
1860 3611 2056 3650 conse-

467 3680 586 3735 cuti
621 3680 912 3744 fuerimus,
967 3684 1261 3739 continuas
1304 3684 1369 3739 ad
1404 3686 1574 3740 Deum
1619 3702 1810 3756 preces
1853 3686 2053 3742 funde-

469 3787 594 3824 mus
642 3787 742 3842 pro
780 3773 1122 3844 sempiterno
1178 3775 1410 3846 imperio
1462 3789 1666 3842 vestro,
1723 3777 2050 3833 divinissimi

469 3861 854 3933 imperatores.
891 3866 1021 3920 Post
1061 3865 1176 3921 lucc
1199 3867 1353 3936 juxta
1398 3869 1722 3938 petitionem
1753 3873 1859 3922 tam
1893 3869 2050 3924 Dios-

466 3954 607 4018 cori,
646 3969 808 4025 quam
839 3957 1084 4019 Eusebii,
1117 3970 1236 4016 aeta
1269 3961 1525 4015 secunda:
1549 3961 1739 4032 synodi
1763 3961 2052 4030 Ephesium

467 4045 689 4116 publice
726 4049 956 4102 recitata
999 4060 1147 4104 sunt.
1190 4051 1432 4117 Quorum
1465 4052 1854 4122 particularem
1884 4067 2053 4122 expo-

468 4137 751 4205 sitionem,
793 4157 914 4210 quze
946 4143 1133 4196 multis
1176 4144 1396 4212 quidem
1429 4145 1610 4199 verbis
1651 4145 2049 4215 comprehensa

466 4242 573 4296 est,
599 4232 838 4286 habetur
859 4241 1044 4288 autem
1070 4235 1121 4288 in
1149 4235 1300 4289 Actis
1320 4234 1782 4291 Chalcedonensis
1805 4237 2046 4302 concilii,

466 4339 539 4379 ne
583 4324 651 4380 iis
681 4325 776 4395 qui
824 4326 892 4380 ad
945 4326 1152 4382 exitum
1201 4343 1385 4383 rerum
1434 4339 1710 4399 gestarqu
1756 4329 2048 4400 pervenire

469 4415 751 4482 festinant,
799 4417 1030 4472 nimium
1065 4418 1334 4474 verbosus
1361 4418 1574 4484 videar,
1621 4421 1754 4476 huic
1803 4420 2047 4476 secundo

2157 3219 2462 3288 διακοῦσαι,
2498 3219 2592 3274 καὶ
2624 3221 2941 3289 ἀνενεγκεῖν
2969 3221 3049 3284 εἰς
3077 3221 3277 3290 γνῶσιν
3324 3222 3426 3292 τῆς
3465 3223 3752 3294 ὑμετέρας

2156 3310 2445 3375 εὐσεϐείας
2495 3311 2673 3366 πάντα
2712 3311 2779 3364 τὰ
2819 3313 3172 3383 πραττόμενα
3199 3314 3334 3382 πρὸς
3375 3315 3438 3367 τὸ
3472 3317 3751 3388 παριστά-

2159 3419 2321 3478 μενον
2350 3403 2418 3473 τῇ
2453 3402 2709 3472 ἀθάνατῳ
2736 3401 2890 3472 ὑμῶν
2918 3405 3154 3474 κορυφῇ,
3189 3405 3281 3456 καὶ
3320 3404 3512 3457 τούτου
3542 3406 3743 3476 τυχόν-

2155 3512 2286 3560 τες,
2342 3494 2724 3560 ἀδιαλείπτους
2773 3494 2941 3567 εὐχὰς
2989 3495 3388 3566 ἀναπέμψομεν
3447 3497 3588 3569 ὑπὲρ
3639 3499 3747 3552 τοῦ

2156 3589 2378 3644 αἰωνίου
2430 3587 2585 3660 ὑμῶν
2635 3589 2893 3660 κράτους,
2944 3588 3211 3643 θειότατοι
3259 3587 3522 3659 βασιλεῖς.
3580 3591 3744 3644 Meti

2154 3679 2333 3734 ταῦτα
2369 3679 2434 3734 ἐκ
2470 3679 2657 3750 κοινῆς
2689 3680 2929 3751 δεήσεως
2977 3680 3267 3750 Διοσκόρου
3320 3698 3380 3734 τε
3430 3682 3524 3734 καὶ
3573 3681 3748 3736 Εὐσε-

2155 3773 2297 3837 ϐἱου,
2343 3774 2415 3827 τὰ
2458 3775 2517 3827 ἐν
2544 3774 2624 3845 τῷ
2655 3773 2894 3845 δευτέρῳ
2926 3773 3188 3844 συνεδρίῳ
3223 3775 3592 3845 πεπραγμένα
3626 3778 3744 3829 τῶν

2155 3867 2212 3919 ἐν
2256 3867 2486 3937 Ἐφέσῳ,
2534 3865 2623 3920 διὰ
2668 3867 2768 3936 τῆς
2804 3863 3164 3934 ἀναγνώσεως
3202 3866 3618 3936 ἐδημοσιεύετο·
3660 3861 3743 3922 ὄν

2153 3958 2254 4030 τὴν
2297 3957 2694 4029 λεπτομέρειαν
2733 3957 2822 4011 διὰ
2870 3957 3080 4009 πολλῶν
3133 3957 3233 4028 μὲν
3289 3959 3738 4030 άνειλημμένην,

2155 4050 2630 4124 ἐμπεριεχομένην
2657 4050 2714 4104 δέ
2745 4053 2857 4113 τοῖς
2887 4050 2946 4102 ἐν
2993 4049 3296 4120 Χαλκηδόνι
3331 4051 3738 4119 κεκινημένοις,

2152 4146 2228 4208 ὡς
2259 4145 2325 4199 ἂν
2357 4144 2436 4216 μὴ
2467 4140 2772 4210 ἀδολεσχεῖν
2798 4142 2932 4207 δόξω
2956 4144 3070 4204 τοῖς
3116 4141 3252 4214 πρὸς
3298 4142 3360 4195 τὸ
3407 4143 3579 4214 πέρας
3625 4144 3738 4196 τῶν

2153 4236 2496 4307 πραγμάτων
2529 4233 2926 4302 ἐπειγομένοις,
2969 4233 3214 4297 ὑπέταξα
3254 4233 3330 4302 τῷ
3376 4233 3604 4304 παρόντι
3633 4235 3739 4303 τῆς

2156 4326 2398 4398 ἱστορίας
2434 4325 2646 4395 βιϐλίῳ.
2675 4325 2858 4379 ἄδειαν
2901 4323 3027 4388 δοὺς
3061 4327 3172 4386 τοῖς
3205 4325 3382 4378 πάντα
3412 4324 3625 4388 λεπτῶς
3651 4327 3732 4378 εξ-

2153 4419 2300 4472 δέναι
2341 4416 2706 4488 βουλομένοις,
2767 4416 2861 4469 καὶ
2911 4416 3128 4478 τούτοις
3162 4417 3428 4486 ἐντυχεῖν,
3491 4419 3586 4470 καὶ
3632 4418 3738 4488 τὴν

469 4508 710 4564 historia:
763 4520 968 4565 nostra:
1018 4511 1163 4566 libro
1215 4512 1509 4582 subjunxi:
1563 4514 1651 4568 his
1698 4514 1793 4584 qui
1848 4522 2048 4568 cuncta

2156 4480 2374 4564 πάντων
2408 4480 2696 4580 ἀκρίσειαν
2727 4506 3132 4578 ἀναμάξασθαι.
3177 4480 3516 4579 Ἐπιτρέχων
3559 4509 3615 4563 δὲ
3665 4480 3737 4563 τὰ

465 4610 658 4655 exacte
688 4601 921 4672 cupiunt
951 4617 1304 4674 cognoscere,
1335 4603 1436 4658 ista
1463 4603 1677 4674 legendi
1719 4613 2047 4674 potestatem

467 4690 696 4757 faciens,
728 4701 783 4747 et
811 4701 1125 4747 accuratam
1163 4709 1348 4746 rerum
1396 4694 1648 4748 notitiam
1683 4693 2048 4764 percipiendi.

469 4784 692 4839 Interim
739 4799 872 4839 vero
916 4799 981 4839 ea
1025 4800 1148 4854 quze
1193 4785 1417 4856 majoris
1449 4786 1715 4841 momenti
1746 4796 1875 4842 sunt
1922 4801 2051 4856 per-

464 4891 717 4941 currens,
751 4876 988 4931 strictim
1019 4877 1506 4932 commemorabo:
1545 4877 1858 4933 eouvictum
1896 4877 2048 4934 scili-

457 4969 556 5020 cet
579 4981 701 5020 esse
725 4967 1071 5032 Dioscorum,
1095 4967 1241 5037 quod
1263 4968 1554 5038 epistolam
1578 4969 1781 5025 Leonis
1801 4970 2049 5042 episcopi

464 5058 704 5115 senioris
732 5059 916 5115 Itonia:
938 5075 1050 5116 non
1074 5061 1442 5132 suscepisset;
1471 5072 1528 5118 et
1545 5062 1693 5133 quod
1727 5062 2046 5117 Flavianum

463 5152 786 5224 episcopum
811 5155 1052 5227 junioris
1086 5153 1276 5211 Roma:
1311 5155 1455 5210 intra
1489 5154 1652 5210 unius
1680 5153 1789 5208 diei
1815 5155 2050 5224 spatium

464 5241 834 5312 deposuisset,
881 5255 937 5300 et
985 5244 1133 5315 quod
1185 5246 1476 5315 episcopos
1513 5244 1607 5315 qui
1637 5253 1798 5299 erant
1826 5261 2056 5316 congre-

465 5335 598 5406 gati,
646 5337 700 5392 in
747 5337 940 5392 charta
988 5353 1128 5409 pura
1170 5337 1525 5393 subscribere
1574 5348 1842 5402 curasset,
1895 5339 2052 5409 quasi

2153 4602 2494 4675 καιριώτερα
2526 4601 2692 4672 φημὶ,
2722 4601 2797 4665 ὡς
2829 4601 3088 4671 ἐφωράθη
3117 4603 3428 4672 Διόσκορος,
3467 4603 3541 4672 μὴ
3573 4602 3732 4666 δεξά-

2158 4711 2320 4764 μενος
2354 4693 2453 4764 τὴν
2506 4693 2735 4757 Λέοντος
2783 4693 3073 4763 ἐπιστολὴν
3121 4695 3421 4746 ἐπισκόπου
3460 4693 3560 4762 τῆς
3599 4710 3734 4762 πρε.

2157 4785 2426 4859 σϐυτέρας
2469 4785 2712 4856 Ῥώμης,
2744 4786 2838 4838 καὶ
2857 4787 2993 4855 πρός
3028 4803 3090 4854 γε
3119 4786 3218 4856 τὴν
3252 4785 3571 4855 καθαίρεσιν
3597 4787 3735 4838 Φλα-

2154 4877 2343 4932 6ιανοῦ
2367 4878 2466 4948 τῆς
2517 4878 2644 4940 νέας
2688 4877 2908 4948 Ῥώμης
2938 4877 3258 4938 ἐπισκόπου,
3307 4879 3364 4930 ἐν
3411 4877 3593 4948 ἡμέρᾳ
3633 4879 3736 4948 μιᾷ

2155 4970 2558 5040 ποιησάμενος,
2607 4971 2665 5023 ἐν
2698 4969 2933 5039 ἀγράφῳ
2965 4986 3025 5022 τε
3075 4969 3251 5041 χάρτῃ
3300 4971 3734 5039 παρασκευάσας

2153 5062 2281 5124 τοὺς
2333 5059 2653 5122 ἁλισθέντας
2733 5061 3064 5123 ἐπισκόπους
3105 5059 3603 5133 ὑποσημήνασθαι,
3657 5061 3735 5124 ὼς

2153 5153 2252 5223 τὴν
2279 5149 2604 5220 καθαίρεσιν
2650 5150 2953 5204 Φλαϐιανοῦ
3004 5152 3334 5224 περιέχοντι.
3394 5153 3510 5223 Ἐφ’
3561 5147 3643 5215 οἷς
3687 5155 3735 5205 οἱ

2155 5245 2266 5298 ἀπὸ
2294 5243 2397 5313 τῆς
2437 5243 2741 5314 συγκλήτου
2778 5242 2972 5313 βουλῆς
3025 5245 3363 5316 ἐψηφίσαντο
3392 5247 3538 5301 τάδε.
3596 5247 3735 5316 Περὶ

2159 5336 2262 5409 μὲν
2291 5336 2395 5406 τῆς
2423 5334 2705 5408 ὀρθοδόξου
2735 5335 2848 5407 (⁸26)
2885 5337 2982 5390 καὶ
3013 5337 3306 5410 καθολικῆς
3347 5339 3604 5404 πίστεως,
3639 5355 3735 5390 τε-

1743 5456 1976 5512 VARUE
2015 5455 2416 5513 LECTIONES.

518 5523 579 5579 ,³⁷
609 5522 672 5580 C.
695 5522 758 5581 C.
789 5524 942 5584 ὑμῶν
1008 5525 1052 5558 ³⁸
1077 5525 1163 5596 ἐφ’
1191 5517 1235 5592 ᾧ
1266 5525 1334 5579 τά
1364 5543 1446 5580 τε.

1640 5622 1911 5678 VALESII
1951 5616 2508 5678 AN‘BOTATIONES.

496 5779 506 5789 O
540 5709 654 5777 (9.6)
689 5711 824 5778 "api
853 5711 1112 5789 [teri-17¢
1141 5714 1505 5789 dpoodc'fpv.
1527 5715 1662 5770 Haec
1701 5725 1786 5789 est
1819 5727 2041 5770 senten-

468 5783 564 5841 tia,
599 5797 765 5850 quam
811 5783 1343 5852 magnificentissimi
1387 5786 1606 5855 judiccs
1657 5787 1750 5857 qui
1799 5789 2038 5842 COIIClllO

2149 5713 2614 5785 Chalcedonensi
2641 5713 2966 5776 intererant,
3019 5731 3181 5769 causa
3227 5715 3444 5782 cognita
3490 5716 3725 5785 protule.

2151 5797 2277 5840 runt
2307 5802 2324 5839 :
2359 5801 2480 5855 qtnc
2517 5784 2710 5838 iisdem
2747 5785 2932 5839 verbis
2960 5787 3203 5842 refertur
3233 5787 3285 5839 in
3315 5784 3529 5840 actione
3556 5789 3736 5857 prima
