4028 6500
324 386 475 454 2501

1270 374 1652 439 HISTORLE
1690 368 2285 433 ECCLESIASTICKE
2328 368 2553 426 LIBER
2595 367 2677 428 II.

3454 367 3595 431 2502

328 498 616 570 λεωτέρας
661 493 882 547 συνόδου
916 488 1205 560 γινομένηο
1235 486 1346 557 ('27)
1373 488 1439 555 τῇ
1468 482 1733 553 ὑστεραίᾳ
1765 482 1919 550 ἀκρι-
1949 523 1955 536 .

2057 474 2264 529 'laviani
2295 489 2495 527 nomen
2526 474 2579 526 in
2605 488 2668 526 ea
2700 473 3065 544 perscriptum
3095 484 3261 529 esset.
3311 475 3438 530 Post
3483 477 3597 531 haec

330 592 611 663 ϐεστέραν
638 587 887 653 ἐξέτασιν
924 582 1286 653 συγγενέσθαι
1316 576 1653 648 συνορῶμεν.
1697 572 1918 640 Ἐπειδὴ

329 686 401 741 δδ
434 681 730 745 Φλαϐιανδς
754 683 783 734 ό
803 681 902 748 τῆς
927 675 1183 735 εὐσεϐοῦς
1210 673 1451 743 μνήμης,
1484 668 1580 721 καὶ
1606 666 1863 725 Εὐσέϐιος
1891 664 1919 715 ό

333 775 746 833 εὖλαϐἐστατος
782 767 1104 827 ἐπίσκοπος,
1132 764 1196 814 ἐκ
1229 760 1328 829 τῆς
1366 757 1475 808 τῶν
1513 751 1921 823 πεπραγμένων

336 868 449 921 καὶ
479 860 917 932 διαγνωσθέντων
952 854 1178 928 ἐρεύνης
1222 851 1318 903 καὶ
1370 848 1541 917 αὐτῆς
1588 845 1691 913 τῆς
1738 841 1922 911 φωνῆς

335 959 461 1013 τῶν
491 954 797 1025 γενομένων
821 948 1062 1017 ἐξάρχων
1095 944 1193 1012 τῆς
1218 942 1337 994 τότε
1362 938 1600 1000 συνόδου,
1634 932 1923 1002 φησάντων

338 1050 618 1120 ἐσφάλθαι
646 1046 740 1099 καὶ
762 1043 937 1114 μάτην
961 1039 1157 1101 αὐτοὺς
1193 1032 1589 1106 καθῃρηκέναι,
1620 1029 1772 1120 οὐδὲν
1797 1025 1925 1096 περὶ

336 1118 456 1213 τὴν
486 1141 669 1192 πίστιν
704 1134 1001 1203 σφαλέντες
1052 1130 1359 1181 δείκνυνται
1418 1123 1616 1183 ἀδίκως
1666 1118 1926 1186 καθαιρε-

343 1208 562 1296 θέντες·
590 1229 845 1298 φαίνεται
888 1226 1021 1293 ἡμῖν
1045 1220 1185 1274 κατὰ
1215 1218 1276 1271 τὸ
1305 1217 1384 1285 τῷ
1409 1215 1528 1283 Θεῷ
1563 1214 1820 1281 ἀρέσκον,
1850 1208 1924 1260 δὶ-

344 1344 513 1380 καιον
533 1318 671 1376 εἶναι
705 1322 753 1373 εἰ
789 1316 1100 1387 παρασταίη
1132 1313 1210 1382 τῷ
1258 1311 1521 1377 θειοτάτῳ
1566 1308 1659 1360 καὶ
1711 1303 1929 1356 εὐσεϐε-

347 1418 544 1486 στάτῳ
570 1413 725 1484 ἡμῶν
769 1409 1027 1480 δεσπότῃ.
1053 1406 1129 1477 τῷ
1164 1403 1313 1472 αὐτῷ
1345 1399 1606 1469 ἐπιτιμίῳ
1638 1397 1930 1464 Διόσκορον

343 1512 451 1561 τὸν
472 1505 861 1561 εὐλαϐέστατον
890 1501 1189 1553 ἐπίσκοπον
1221 1493 1653 1562 Ἀλεξανδρείας,
1673 1488 1766 1541 καὶ
1801 1489 1932 1540 Ἰου-

344 1602 603 1655 ϐενάλιον
632 1598 724 1650 τὸν
757 1594 1151 1649 εὐλαϐέστατον
1180 1588 1479 1642 ἐπίσκοπον
1517 1581 1927 1653 Ἰεροσολύμων,

343 1695 455 1746 καὶ
486 1691 783 1746 Θαλάσσιον
835 1688 926 1739 τὸν
970 1683 1361 1738 εὐλαϐέστατον
1394 1678 1692 1732 ἐπίσκοπον
1723 1677 1931 1728 Καισα-

350 1784 515 1854 ρείας
547 1778 958 1839 Καππαδοκίας,
990 1774 1088 1828 καὶ
1120 1770 1375 1826 Εὐσέϐιον
1419 1769 1512 1821 τὸν
1538 1764 1933 1819 εὑλαϐέστατον

2022 568 2076 621 hi
2108 567 2201 636 qui
2232 581 2297 619 ex
2340 572 2534 619 senatu
2564 575 2741 627 erant,
2788 566 2888 619 ista
2920 567 3307 622 decreverunt.
3341 569 3417 622 De
3448 581 3595 623 recta

2021 659 2241 727 quidem
2270 667 2325 710 et
2351 656 2621 710 catholica
2664 657 2769 710 tide
2807 658 3048 711 crastino
3078 657 3189 721 die,
3239 658 3598 714 conveniente

2022 754 2228 820 majore
2275 749 2530 813 concilio,
2568 749 2975 817 diligentiorem
3029 752 3444 821 inquisitionem
3478 755 3597 808 ﬁeri

2022 852 2279 911 Oportere
2326 840 2714 910 perspicimus.
2768 841 3038 906 Quoniam
3070 858 3202 895 vero
3234 843 3337 911 piae
3389 859 3597 899 memo—

2026 934 2119 988 riaa
2152 932 2465 996 Flavianus,
2506 942 2564 985 et
2608 932 2885 986 Eusebius
2918 932 3361 1002 religiosissimus
3389 936 3603 1003 episco-

2026 1041 2150 1096 pus,
2193 1040 2261 1079 ex
2299 1023 2638 1078 scrutatione
2678 1031 2925 1076 actorum
2952 1040 3015 1077 ac
3033 1024 3413 1089 decretorum,
3454 1035 3509 1080 et
3534 1042 3601 1081 ex

2029 1119 2146 1187 ipsa
2171 1130 2304 1169 voce
2333 1130 2524 1167 eorum
2553 1114 2647 1183 qui
2679 1114 2731 1167 in
2765 1114 2974 1185 synodo
3004 1130 3125 1184 quae
3165 1126 3294 1169 tunc
3329 1117 3470 1170 facta
3498 1129 3601 1180 est,

2029 1208 2438 1279 praesederunt:
2470 1207 2564 1276 qui
2596 1206 2818 1276 quidem
2848 1207 3083 1261 confessi
3119 1218 3247 1262 sunt
3280 1225 3491 1262 e'rasse
3522 1224 3604 1273 se,

2030 1310 2085 1355 et
2113 1300 2315 1353 frustra
2357 1299 2481 1354 illos
2528 1299 2872 1368 deposuisse,
2923 1316 3045 1354 cum
3083 1301 3397 1354 nullatenus
3430 1317 3610 1354 erras-

2031 1402 2154 1447 sent
2214 1392 2270 1446 in
2337 1392 2473 1457 ﬁde,
2531 1392 2733 1461 injuste
2797 1393 3033 1462 depositi
3086 1408 3208 1447 esse
3261 1402 3606 1447 noscuntur:

2033 1482 2252 1536 videtur
2298 1482 2460 1536 nobis
2503 1483 2657 1552 juxta
2700 1482 2753 1536 id
2799 1483 2946 1552 quod
2992 1484 3104 1537 Deo
3154 1484 3354 1551 placet,
3401 1485 3608 1553 justum

2033 1589 2176 1636 esse,
2230 1573 2394 1628 modo
2446 1574 2498 1627 id
2541 1575 2813 1644 placuerit
2870 1575 3217 1629 divinissimo
3272 1591 3337 1630 ac
3370 1576 3613 1645 piissimo

2037 1667 2261 1721 domino
2294 1677 2506 1725 nostro.
2542 1676 2597 1721 nt
2629 1668 2949 1732 Dioscorus,
2978 1668 3470 1722 revercndissimus
3495 1670 3616 1737 epi-

2037 1774 2237 1827 sc0pus
2257 1758 2623 1822 Alexandriae,
2672 1770 2728 1815 et
2767 1760 3072 1823 Iuvenalis,
3124 1760 3617 1814 reverendissimns

350 1842 665 1926 ἐπίσποπον
706 1867 1004 1938 ’Δρμενίας
1028 1864 1163 1935 (εκ),
1189 1861 1283 1914 καὶ
1315 1857 1613 1912 Εὐστάθιον
1649 1858 1741 1907 τὸν
1768 1853 1929 1906 εὑλασ-

2057 1852 2327 1921 :piscopus
2346 1850 2876 1923 Hierosolymorum,
2906 1862 2962 1907 et
2991 1853 3331 1917 Thalassius,
3362 1867 3618 1907 reveren-

350 1967 620 2020 6ἐστατον
654 1963 952 2017 ἐπίσκοπον
984 1955 1249 2029 Βηρυτοῦ,
1277 1955 1372 2008 καὶ
1406 1952 1692 2005 Βασίλειον
1716 1949 1808 2002 τὸν
1839 1947 1931 1999 εὐ-

350 2057 695 2112 λαϐέστατον
747 2054 1047 2107 ἐπίσκοπον
1094 2045 1416 2108 Σελευκείας
1462 2041 1771 2112 Ἰσαυρίας,
1810 2038 1937 2101 τοὺς

354 2149 616 2211 ἐξουσίαν
645 2143 973 2215 ἐσχηκότας.
1017 2141 1111 2193 καὶ
1142 2138 1477 2207 ἐξάρχοντας
1512 2134 1611 2202 τῆς
1650 2132 1770 2185 τότε
1812 2148 1938 2183 συν-

351 2241 508 2303 ὁδου,
532 2238 847 2294 ὑποπεσεῖν.
890 2232 1045 2303 παρὰ
1074 2230 1175 2301 τῆς
1204 2229 1356 2300 ἱερᾶς
1401 2226 1620 2280 συνόδου
1645 2222 1787 2277 κατὰ
1814 2221 1941 2283 τοὺς

353 2333 594 2395 κανόνας
617 2329 712 2384 τοῦ
756 2323 1115 2382 ἐπισκοπικοῦ
1160 2320 1471 2391 ἀξιώματος
1509 2315 1822 2385 ἀλλοτρίους
1853 2330 1942 2381 γι-

355 2422 644 2493 νομένους·
677 2420 895 2473 πάντων
929 2416 1037 2468 τῶν
1064 2408 1667 2484 παρακολουθησάντων
1712 2407 1778 2475 τῇ
1820 2403 1941 2473 θείᾳ

356 2516 575 2585 κορυφῇ
599 2508 1035 2581 γνωριζομένων.
1064 2501 1198 2558 Εἶτα
1215 2502 1472 2556 λιϐέλλων
1498 2499 1578 2560 είς
1605 2497 1798 2566 ἑτέραν
1823 2496 1943 2546 ἐπι.-

356 2605 667 2671 δεδομένων
715 2601 862 2654 κατὰ
912 2597 1226 2668 Διοσκόρου,
1264 2592 1629 2661 ἐγκλημάτων
1675 2605 1734 2640 τε
1786 2587 1946 2656 χάριν

358 2694 463 2746 καὶ
500 2691 815 2761 χρημάτων,
848 2686 923 2748 ὡς
953 2685 1033 2747 δίς
1087 2702 1147 2736 τε
1201 2682 1293 2735 καὶ
1333 2681 1453 2751 τρὶς
1486 2677 1702 2747 κληθεὶς
1735 2678 1763 2728 ό
1796 2674 1948 2726 Διόσ-

359 2797 531 2851 κορος
573 2780 668 2847 οὐχ
707 2778 1012 2847 ὑπήντησεν
1042 2773 1137 2827 ἐπὶ
1160 2771 1495 2843 προφάσεσιν
1520 2763 1607 2830 αἷς
1630 2768 1871 2837 εἰρηκεν,
1900 2764 1950 2817 οἳ

356 2873 465 2927 τὸν
488 2873 651 2924 τόπον
681 2868 1015 2938 πληροῦντες
1050 2867 1277 2926 Λέοντος
1317 2861 1410 2915 τοῦ
1440 2863 1532 2930 τῆς
1575 2858 1951 2929 πρεσϐυτέρας

372 2966 603 3034 Ῥώμης
636 2963 960 3022 ἐπισκόπου.
995 2960 1088 3021 ἐπὶ
1133 2958 1332 3023 λέξεως
1363 2955 1711 3023 ἀπεφήναντο
1756 2949 1949 3004 ταῦτα.

2036 1942 2299 1997 dissimus
2336 1943 2629 2013 episcopus
2669 1943 2929 1998 Caesarea:
2970 1944 3416 2013 Cappadociaa,et
3449 1945 3621 1998 Eusc-

2038 2035 2187 2100 hius,
2210 2036 2709 2090 reverendissimus
2737 2037 3032 2106 episcopus
3060 2037 3307 2107 Ancyrae,
3338 2047 3394 2091 et
3424 2037 3627 2090 Eusta-

2043 2126 2213 2189 thius,
2230 2127 2728 2183 reverendissimus
2754 2128 3051 2197 episcopus
3065 2129 3269 2198 Beryti,
3294 2137 3350 2182 et
3367 2129 3621 2195 Basilius,

2045 2219 2541 2273 reverendissimus
2584 2220 2878 2290 episcopus
2927 2220 3192 2275 Seleuciae
3235 2221 3476 2285 Isauriae,
3527 2223 3620 2291 qui

2050 2317 2181 2363 tunc
2206 2317 2478 2379 potestate
2498 2312 2765 2367 succincti
2799 2312 3036 2366 concilio
3056 2312 3418 2381 prmfuerunt,
3443 2312 3622 2367 eidem

2045 2417 2223 2472 paenae
2266 2402 2609 2473 subjaccant,
2654 2402 2989 2457 sacrosancti
3056 2403 3275 2457 concilii
3326 2404 3623 2468 sententia,

2041 2499 2197 2568 juxta
2225 2514 2411 2553 sacros
2439 2514 2701 2561 canones,
2736 2498 2900 2552 alieni
2931 2498 3000 2552 ab
3030 2499 3327 2568 episc0pali
3359 2499 3627 2570 dignitate

2043 2590 2273 2659 judicati
2301 2608 2314 2643 :
2362 2591 2578 2644 cunctis
2615 2606 2737 2659 qme
2772 2597 3175 2659 consequenter
3202 2599 3349 2660 gesta
3380 2600 3528 2654 sunt,
3558 2590 3627 2645 ad

2052 2680 2304 2735 notitiam
2356 2682 2711 2735 sacratissimi
2768 2681 3120 2749 imperatoris
3178 2683 3352 2737 nostri
3382 2684 3626 2753 perlatis.

2053 2770 2263 2824 Exinde
2317 2771 2519 2825 libellis
2580 2772 2747 2841 289
2802 2775 2977 2827 altero
3033 2772 3123 2826 die
3176 2774 3318 2828 datis
3368 2775 3634 2830 adversus

2055 2862 2371 2915 Dioscorum
2400 2862 2468 2917 de
2499 2863 2667 2917 variis
2701 2864 3047 2927 criminibus,
3091 2873 3145 2917 et
3178 2866 3245 2919 de
3286 2867 3535 2935 pecuniis
3562 2868 3633 2921 ab

2051 2969 2119 3008 eo
2152 2954 2421 3023 direptis:
2464 2970 2589 3008 cum
2631 2956 2718 3009 ille
2747 2956 2944 3009 iterum
2982 2958 3239 3010 acter'io
3270 2968 3497 3013 vocatus
3522 2974 3633 3013 non

358 3057 773 3129 comparuisset
803 3055 874 3111 ob
922 3055 1115 3109 inanes
1144 3068 1337 3108 causas
1370 3064 1507 3120 quas
1572 3045 1976 3118 praetendebat:
2024 3046 2062 3101 ii
2118 3048 2211 3117 qui
2252 3048 2451 3103 Leonis
2500 3049 2760 3103 Romana:
2809 3050 2964 3104 urhis
3008 3050 3251 3119 episcopi
3303 3050 3453 3104 vices
3505 3067 3635 3122 age-

364 3157 529 3219 bant,
559 3154 674 3209 haec
706 3152 775 3207 ad
809 3151 1038 3206 verbum
1069 3150 1454 3204 decreverunt.

446 3246 590 3315 Δῆλα
642 3243 931 3313 γεγένηται
965 3242 1078 3314 (29)
1124 3243 1192 3295 τά
1239 3236 1620 3311 τετολμημένα
1669 3236 1945 3306 Διοσκόρῳ

2117 3232 2249 3300 Quae
2282 3234 2596 3298 Dioscorus,
2634 3235 2869 3290 antehac
2907 3235 3200 3306 episcopus
3241 3251 3450 3307 magnae
3504 3236 3641 3292 civi-

1547 3374 1813 3430 VALESII
1864 3370 2423 3427 ANNOTATIONES.

372 3530 1115 3611 concilii‘Chalcedonensis
1164 3549 1288 3611 pag.
1323 3534 1448 3588 152.
1485 3532 1745 3587 editionis
1774 3530 1959 3611 _l'_tinii.

378 3608 558 3662 Miror
609 3619 794 3664 tamen
847 3607 901 3661 id
955 3602 1523 3675 Christopliorsonum
1573 3618 1685 3675 non
1735 3602 1962 3675 vidisse,

377 3678 482 3747 qui
514 3678 760 3734 hocloco
795 3686 999 3747 cuncta
1041 3671 1367 3747 miscuitac
1408 3673 1672 3747 turbavit,
1718 3671 1857 3747 adeo
1901 3678 1963 3724 ut

383 3740 459 3802 ἐκ
494 3748 614 3815 ejus
660 3745 1115 3816 interpretatione
1164 3745 1302 3799 nihil
1331 3743 1468 3816 sani
1510 3742 1689 3816 possis
1738 3740 1962 3796 elicere.

385 3812 677 3873 Turbatus
701 3826 789 3871 est
808 3812 1043 3880 scilicet,
1080 3830 1205 3869 cum
1250 3815 1467 3869 videret
1514 3812 1810 3867 saeculares
1846 3825 1965 3864 ma-

384 3887 655 3957 gistratus
676 3888 733 3941 in
781 3886 1019 3957 concilio
1064 3886 1780 3957 episcoporumatanquam
1812 3880 1965 3957 judi-

385 3951 486 4026 ὅθεν»
513 3957 842 4012 sententiam
880 3955 1147 4026 proferre.
1179 3951 1383 4026 Verum
1411 3951 1849 4026 animadvertere
1871 3951 1968 4026 de-

387 4025 590 4081 buerat
623 4027 746 4081 illos
776 4026 828 4079 in
873 4023 1036 4079 causa
1067 4024 1194 4079 ﬁdei
1241 4025 1420 4079 nullas
1464 4023 1570 4077 sibi
1624 4031 1807 4091 partes
1837 4023 1961 4075 vin-

388 4095 604 4151 dicasse
640 4115 654 4152 :
691 4096 787 4151 sed
834 4096 969 4150 solis
1008 4095 1285 4165 episcopis
1332 4110 1397 4148 ea
1446 4094 1514 4147 de
1572 4107 1632 4147 re
1688 4092 1964 4165 statuendi

390 4165 632 4237 liberum
655 4166 761 4237 jus
779 4161 1087 4237 reliquissef
1122 4161 1282 4220 Certe
1310 4173 1443 4219 tunc
1474 4178 1597 4237 cum
1626 4162 1812 4233 regula
1842 4161 1966 4237 fidei

391 4236 466 4291 ab
523 4232 797 4306 episcopis
852 4232 1199 4306 Chalcedone
1248 4233 1596 4306 congregatis
1651 4232 1965 4306 conscripta

391 4314 504 4375 est,
536 4303 638 4375 ipsi
673 4303 769 4375 qui
814 4314 875 4358 ut
923 4304 977 4358 id
1014 4305 1171 4358 ﬁeret
1207 4303 1505 4375 concilium
1561 4312 1721 4375 antea
1766 4303 1969 4369 saepius

398 4373 907 4444 interpellaverant,
940 4374 1226 4428 consessui
1265 4375 1651 4444 episcoporum
1670 4442 1679 4444 _
1699 4373 1969 4444 interesse

2069 3530 2121 3603 id
2157 3546 2304 3584 enim
2328 3540 2674 3603 secuturum,
2709 3530 2752 3603 si
2792 3531 2932 3603 duas
2970 3542 3215 3597 naturas,
3251 3532 3498 3603 duasque
3550 3552 3646 3589 vo-

2064 3600 2307 3673 iuntates
2328 3601 2381 3654 in
2409 3602 2633 3655 Christo
2657 3602 3097 3656 admitteremus.
3124 3605 3370 3673 Denique
3402 3600 3645 3660 vocabu-

2067 3671 2189 3743 luln
2212 3672 2471 3743 (φύσεως)
2497 3684 2728 3743 naturas,
2766 3682 2955 3743 natum
3011 3674 3094 3727 vel
3130 3671 3375 3728 creatum
3404 3676 3532 3743 quid
3569 3678 3645 3730 si-

2065 3740 2350 3813 gniﬁcans,
2399 3741 2699 3813 divinitati,
2748 3742 3066 3813 nullatenus
3111 3743 3386 3812 quadrare
3421 3740 3433 3798 Ξ
3465 3761 3646 3813 neque

2065 3810 2202 3882 duas
2217 3811 2552 3876 voluntates,
2576 3811 2794 3865 duabus
2817 3812 3033 3865 naturis
3056 3811 3108 3866 in
3132 3810 3239 3866 una
3262 3829 3493 3882 persona
3511 3810 3647 3868 citra

2065 3881 2422 3939 divisionem.
2473 3882 2901 3950 separationem,
2952 3890 3049 3934 aut
3109 3881 3425 3937 distantiam
3457 3887 3648 3946 unitis,

2066 3951 2252 4006 animo
2285 3951 2500 4032 concipi
2529 3966 2690 4032 posse
2722 3969 2734 4004 :
2762 3967 2941 4032 neque
3006 3952 3296 4032 humanam
3317 3965 3570 4032 naturam
3593 3955 3648 4009 in

2066 4030 2267 4075 statum
2291 4020 2479 4091 gloria:
2504 4020 2820 4081 exaltatam,
2855 4020 2997 4075 idem
3017 4023 3255 4091 amplius
3277 4024 3439 4087 velle,
3472 4024 3651 4079 facere

2067 4101 2164 4146 aut
2192 4092 2328 4160 pati,
2365 4091 2511 4160 quod
2538 4092 2593 4145 in
2616 4100 2758 4145 statu
2794 4092 3186 4146 exinanitionis
3212 4094 3470 4159 voluerit,
3504 4095 3655 4149 fece-

2076 4161 2171 4224 rit,
2199 4172 2297 4232 aut
2342 4176 2502 4231 passa
2542 4161 2748 4216 fuerit:
2778 4162 3028 4229 adeoque
3090 4161 3143 4214 in
3175 4165 3428 4232 praesenti
3496 4172 3645 4218 statu

2073 4231 2259 4304 gloria;
2282 4232 2681 4304 humanitatem
2705 4232 2843 4304 nihil
2864 4232 3004 4304 veile
3040 4231 3218 4304 neque
3243 4234 3478 4304 sentire,
3504 4234 3651 4304 quod

2074 4316 2185 4373 non
2212 4302 2376 4355 simul
2416 4302 2633 4373 velitet
2660 4302 2861 4355 sentiat
2895 4301 3176 4355 divinitas.
3240 4301 3651 4373 Denique,'au-

2076 4370 2192 4425 dita
2224 4386 2373 4425 nunc
2431 4371 2635 4426 clarius
2676 4381 2866 4425 nostra
2914 4376 3208 4437 sententia,
3269 4370 3500 4427 otiosam
3546 4373 3651 4427 sibi

396 4440 719 4522 noluerunt;
768 4444 840 4522 In_
871 4445 1112 4522 negotio.
1145 4460 1279 4497 vero
1301 4440 1474 4522 'intetf
1520 4442 1819 4522 Eusebium
1851 4443 1969 4522 epi-
2009 4468 2051 4522 ι)
2078 4440 2445 4522 ςιιαῢοεείρίε)
2485 4441 2661 4522 videri
2695 4442 2879 4522 istisin.
2910 4443 3316 4522 quaestionem,‘
3347 4454 3401 4498 et
3445 4459 3653 4522 meram

398 4529 628 4583 scopum
680 4514 911 4584 Dorylazi
950 4512 1023 4567 'et
1053 4513 1373 4584 Dioscorum
1402 4512 1867 4584 Alexandrinum,
1916 4513 1970 4566 in

442 4581 513 4637 uo
542 4599 650 4639 non
696 4584 765 4638 de
795 4581 924 4637 'Iide
976 4583 1263 4653 agebatur,
1321 4582 1417 4636 sed
1474 4582 1550 4653 de
1604 4581 1868 4635 violentia
1918 4591 1976 4636 et

442 4600 513 4637 uo
542 4600 650 4639 non
696 4600 765 4638 ue
820 4600 924 4637 nue
976 4600 1263 4653 agebatur,
1321 4600 1417 4636 seu
1474 4600 1542 4636 ue
1604 4600 1868 4635 viorenua
1918 4600 1975 4636 et

398 4600 615 4717 Fraude,
644 4652 973 4723 dequegaliis
1010 4652 1340 4723 criminibus
1367 4650 1975 4723 :_meritoisententiam

399 4720 773 4792 protulerunt.
809 4722 941 4788 Quae
969 4730 1149 4776 tamen
1176 4738 1288 4777 non
1309 4721 1593 4776 definitiva
1623 4720 1728 4775 fuit
1752 4731 1977 4776 senten-

402 4792 625 4915 ιίξῖτβεά
658 4802 873 4849 tantum
908 4792 1284 4859 interlocutio,
1311 4800 1373 4846 ut
1412 4798 1562 4863 patet
1583 4806 1651 4846 ex
1678 4792 1818 4847 actis
1843 4807 1979 4846 eon-

402 4876 452 4915 οι
484 4878 541 4915 ιι.

400 4876 541 4916 CIIII.

477 4928 791 5003 Habessini,
851 4930 1063 5003 quibus?
1115 4931 1391 5003 Eutyches
1455 4931 1749 5003 hrzereticus
1802 4929 1977 5003 audit,

348 5048 351 5051 .
403 5000 701 5083 concilium
730 5000 918 5083 tamen
936 5000 1390 5083 Chai‘cedonense
1419 5001 1697 5083 rejiciunt,
1719 5002 1979 5083 quoniam

414 5070 474 5123 in
504 5085 571 5124 eo
603 5071 899 5125 damnatus
936 5082 1021 5127 est
1052 5072 1369 5135 Dioscorus,
1400 5070 1564 5140 quem
1609 5070 1981 5140 patriarcham

404 5154 569 5212 suum
590 5150 914 5212 agnoscunt,
945 5142 1174 5212 etcujus
1203 5141 1615 5196 successoribus
1645 5156 1865 5212 semper
1887 5141 1983 5195 ad-

408 5209 705 5264 haeserunt.
757 5211 953 5291 Dicunt
982 5209 1149 5283 ergo:
1179 5230 1197 5261 ι
1232 5213 1579 5276 Dioscorum,
1613 5209 1842 5292 ejusque
1864 5228 1983 5292 suc-

408 5289 871 5362 cessoresatque
904 5281 1132 5362 istorum
1156 5290 1476 5362 sectatores,
1508 5281 1748 5362 graviter
1789 5281 1858 5362 de
1896 5283 1982 5335 in-

406 5348 556 5421 juria
582 5349 728 5405 illata
762 5348 988 5420 questos
1015 5351 1182 5406 fuisse
1210 5368 1224 5415 ;
1250 5352 1404 5405 illum
1434 5348 1580 5405 enim
1608 5366 1786 5421 neque
1813 5352 1983 5419 Euty-

407 5418 626 5491 chetem
643 5418 925 5491 secutum,
950 5437 1127 5491 neque
1163 5421 1503 5475 divinitatem
1547 5429 1641 5475 aut
1669 5418 1982 5475 humanita—

410 5494 527 5542 tem
557 5489 611 5543 in
630 5488 852 5561 Christo
875 5488 1094 5545 realiter
1119 5491 1472 5546 exsistentem
1495 5506 1732 5559 unquam
1757 5507 1983 5561 negasse

410 5565 513 5612 aut
541 5558 856 5613 confudisse
881 5577 895 5613 :
921 5570 1125 5615 natura:
1151 5562 1416 5615 duntaxat
1464 5558 1811 5623 vocabulum,
1834 5558 1984 5615 divi-

414 5627 577 5682 nitati
636 5638 800 5701 atque
840 5630 1165 5685 humanitati
1215 5631 1419 5687 Christi
1461 5646 1773 5693 commune,
1820 5646 1985 5701 agno-

413 5712 570 5769 scere
599 5699 886 5754 noluisse:
919 5710 1082 5769 atque
1120 5702 1172 5756 id
1207 5702 1368 5756 unice
1409 5702 1639 5764 cavisse,
1678 5716 1746 5754 ne
1794 5699 1985 5755 contra

416 5767 679 5823 Ecclesiae
714 5767 1008 5824 catholica
1026 5780 1283 5835 mentem,
1319 5778 1376 5826 et
1408 5770 1623 5825 concilii
1659 5772 1983 5825 mcumenici

413 5836 677 5906 Ephesini
694 5838 921 5909 placita,
941 5839 1062 5895 dure
1078 5857 1324 5909 persona:
1348 5841 1549 5896 Christi
1568 5852 1981 5898 asscrerentur:

2078 4511 2431 4580 λογομαχίαν,
2473 4511 2544 4565 oh
2566 4527 2730 4580 quam
2751 4510 3095 4566 Christianos
3113 4528 3171 4566 se
3208 4513 3442 4567 invicem
3467 4513 3653 4567 odisse

2078 4597 2190 4635 non
2209 4589 2507 4653 oporteret.
2530 4581 2654 4653 Hzpc
2666 4582 3070 4653 exrnarratione
3092 4582 3340 4653 Gregorii
3366 4583 3653 4638 Habessini

2078 4652 2301 4724 scripsit
2367 4651 2545 4724 Jobus‘
2583 4651 2850 4724 Ludoll‘us
2907 4651 2960 4704 in
3023 4651 3257 4724 Historia
3314 4652 3654 4724 1Etltiopica,

2078 4722 2174 4776 lib.
2206 4737 2283 4784 ιιι,
2315 4737 2363 4776 c.
2397 4722 2450 4781 8,
2475 4721 2633 4775 initio
2660 4739 2673 4773 :
2724 4737 2844 4789 quze
2869 4736 2993 4775 cum
3024 4722 3091 4775 ad
3124 4721 3506 4777 illustrandam
3532 4724 3659 4777 Dio-

2079 4791 2223 4915 ssiori
2253 4801 2309 4846 et
2331 4801 2663 4846 sectatorum
2685 4793 2806 4862 ejus
2826 4790 2987 4845 ﬁdem
3018 4791 3241 4860 faciant,
3265 4795 3444 4848 visum
3466 4802 3551 4849 est
3566 4793 3658 4847 hic

2082 4878 2112 4915 a
2157 4878 2343 4915 ncere.

2082 4878 2149 4917 au
2178 4878 2343 4916 tcere.

2151 4880 2261 5002 ξεῖ)
2299 4936 2343 4985 π

2172 4931 2261 5000 27)
2299 4929 2657 5003 Tatstqcépac
2684 4931 2954 5003 συνζόδου
2981 4931 3320 5003 γινομένης.
3354 4932 3415 5003 In
3442 4931 3659 4988 actione

2120 5000 2254 5055 rima
2303 5000 2524 5085 concilii
2573 5000 3276 5085 Chalcedonensis_Icgitur
3305 5002 3655 5085 rsls‘cbrspov:

2111 5089 2146 5144 n
2180 5070 2517 5144 compendio
2543 5073 3025 5144 auteimActorum
3059 5070 3223 5143 hujus
3260 5074 3478 5144 synodi,
3509 5070 3658 5144 quod

2082 5142 2151 5195 ad
2191 5141 2395 5214 calcem
2426 5141 2592 5210 hujus
2612 5140 2751 5214 _libri
2784 5141 3021 5210 subjecit
3060 5140 3347 5214 Euagrius,
3386 5140 3655 5213 scriptum

2082 5221 2168 5266 est
2211 5210 2564 5281 τελειότερον.
2602 5210 2763 5265 Certe
2809 5214 2985 5267 codic.
3014 5210 3259 5269 Florent.
3307 5224 3364 5269 et
3394 5210 3659 5269 Telleria-

2084 5281 2474 5356 nushocioco
2511 5281 2779 5356 scriptum
2822 5283 3027 5356 habent
3056 5284 3409 5356 τελεώτερον.

2157 5352 2269 5415 (28)
2309 5350 2679 5408 Ἐπίσκοπον
2716 5352 3031 5420 Ἀρμενίας.
3078 5354 3227 5409 Idem
3275 5350 3532 5409 mendum
3575 5361 3660 5407 est

2085 5423 2141 5477 in
2171 5421 2500 5493 compendio
2527 5431 2804 5493 gestorum
2832 5422 3365 5479 Chalcedonensium
3390 5423 3538 5493 quod
3565 5439 3661 5477 ex-

2085 5502 2193 5547 stat
2227 5492 2295 5546 ad
2335 5492 2540 5547 calcem
2565 5492 2730 5562 hujus
2760 5492 2911 5553 libri.
2941 5493 3170 5548 Constat
3198 5504 3377 5549 tamen
3409 5492 3660 5562 ἀγκύρας

2085 5562 2379 5634 legendum
2414 5577 2555 5634 esse,
2596 5561 2653 5634 ut
2684 5563 2948 5618 scribitur
2978 5565 3033 5618 in
3066 5566 3284 5620 actione
3316 5561 3493 5634 prima
3523 5561 3659 5616 σου.
3730 5600 3733 5601 ν

2086 5633 2199 5688 cilii
2226 5631 2708 5688 Chalcedonensis.

2157 5704 2269 5825 ρο)
2302 5702 2466 5769 Δῆλα
2497 5703 2827 5771 γεγένηται.
2861 5703 2987 5759 11ωο
3037 5704 3310 5759 sententia
3360 5719 3388 5758 a
3439 5702 3662 5759 vicariis

2157 5775 2235 5825 [ιε
2281 5773 2594 5825 anostolicm
2636 5774 2868 5825 prolata.
2921 5783 3095 5825 exstat
3148 5774 3203 5825 in
3242 5775 3458 5825 actione
3501 5775 3662 5825 tertia

2088 5773 2235 5828 sedis
2281 5773 2594 5844 apostolicm
2636 5774 2868 5844 prolata,
2921 5783 3095 5829 exstat
3148 5774 3203 5829 in
3242 5775 3458 5831 actione
3501 5775 3663 5830 tertia

2089 5844 2306 5898 concilii
2338 5842 2826 5910 Chalcedonensis,
2861 5861 2981 5915 pag.
3023 5847 3141 5900 19:2.
