4028 6490
528 355 675 419 2503

1724 355 2044 420 EVAGRII
2084 356 2575 418 SCHOLASTICI

3652 358 3803 423 25M

531 470 661 523 tatis
694 464 1060 529 Alexandriae,
1094 472 1287 521 contra
1314 463 1569 520 ordinem
1602 479 1877 520 canonum
1907 476 1963 520 et
1985 481 2116 520 con-

2223 465 2300 537 τῷ
2330 466 2610 536 γενομένῳ
2655 464 2758 535 τῆς
2791 464 3188 538 Ἀλεξανδρέων
3237 466 3651 537 μεγαλοπόλεως
3674 475 3805 527 ἐπι.

530 570 615 616 tra
636 560 986 630 disciplinam
1010 559 1442 615 ecclesiasticam
1476 559 1790 623 attentavit,
1824 559 2115 615 manifesta

526 661 678 717 sunt,
702 659 811 707 tam
840 667 909 707 ex
947 652 1033 707 his
1058 668 1181 722 qua:
1206 652 1314 722 jam
1344 651 1657 706 examinata
1692 662 1822 706 sunt
1850 652 1906 706 in
1934 652 2117 722 primo

525 759 812 808 consessu,
840 760 1004 814 quam
1047 758 1115 797 ex
1160 744 1247 798 his
1284 759 1407 814 quae
1450 743 1615 797 hodie
1649 752 1779 798 sunt
1815 754 1986 815 gesta.
2018 745 2117 801 Hic

525 837 699 902 enim,
732 846 793 891 ut
822 838 1059 908 plurima
1106 837 1213 892 alia
1262 837 1766 907 praetermittamus,
1810 837 2114 909 Eutychem

523 926 719 980 eadem
758 940 883 981 cum
930 926 1049 995 ipso
1078 925 1431 990 sentientem,
1468 927 1793 996 regulariter
1828 941 1858 980 a
1890 926 2115 996 proprio

524 1019 837 1089 depositum
880 1020 1162 1089 episcopo,
1189 1018 1543 1073 sanctissimo
1582 1020 1795 1074 scilicet
1825 1019 1985 1073 Patre
2016 1036 2115 1074 no-

525 1120 644 1165 stro
662 1118 719 1165 et
736 1111 996 1181 episcopo
1017 1110 1297 1175 Flaviano,
1322 1110 1547 1180 propria
1566 1110 1897 1165 auctoritate
1922 1120 2113 1165 contra

524 1217 715 1258 sacros
758 1218 999 1257 canones
1045 1203 1099 1256 in
1144 1202 1587 1257 communionem
1634 1204 1907 1273 suscepit,
1934 1205 2114 1273 prius-

523 1312 689 1366 quam
734 1295 935 1365 Ephesi
990 1295 1331 1350 consedisset
1380 1310 1489 1349 uua
1534 1310 1659 1349 cum
1707 1295 1936 1366 reliquis
2000 1296 2112 1350 Deo

524 1389 870 1444 charissimis
902 1390 1197 1458 episcopis.
1230 1388 1337 1443 Sed
1384 1390 1503 1444 istis
1545 1388 1769 1457 quidem
1812 1389 2115 1458 apostolica

525 1481 688 1537 sedes
720 1482 934 1536 veniam
980 1481 1257 1536 concessit
1298 1480 1369 1535 ob
1398 1497 1461 1535 ca
1494 1497 1616 1551 quae
1658 1481 1773 1535 illic
1817 1481 1887 1536 ab
1918 1481 2113 1536 iisdem

527 1590 635 1630 non
665 1582 859 1644 sponte
896 1582 1047 1644 gesta
1077 1582 1257 1628 erant.
1299 1572 1403 1639 Qui
1436 1572 1659 1643 quidem
1692 1573 1959 1628 hactenus
1987 1589 2117 1643 pcr-

526 1674 872 1727 manseruut,
897 1664 1247 1719 sanctissimo
1273 1664 1694 1734 archiepiscopo
1714 1663 1884 1718 Leoni
1910 1672 1966 1717 et
1991 1679 2116 1717 san-

523 1768 627 1813 cta:
657 1756 952 1810 universali
996 1755 1207 1826 synodo
1250 1754 1642 1825 obsequentes.
1673 1752 1791 1820 Qua
1834 1752 1903 1808 de
1949 1768 2113 1807 causa

523 1865 642 1914 eos,
692 1857 884 1919 utpote
920 1847 1171 1919 ejusdem
1214 1862 1341 1901 cum
1387 1847 1506 1915 ipso
1540 1844 1666 1900 ﬁdei
1701 1852 2027 1908 assertores,
2061 1845 2113 1897 in
2151 1826 2190 1879 Β

522 1943 969 1997 communionem
996 1955 1152 1994 suam
1187 1938 1417 2008 recepit.
1449 1937 1550 1992 llic
1572 1953 1705 1992 vero
1730 1952 1905 2007 usque
1932 1938 1988 1990 iu
2016 1936 2117 1990 ho-

523 2034 778 2088 diernum
824 2032 969 2087 diem
1000 2031 1071 2085 ob
1112 2046 1177 2085 ea
1225 2029 1451 2101 gloriari
1482 2044 1592 2082 non
1624 2028 1847 2091 desinit,
1890 2036 2117 2097 propter

524 2139 648 2194 quae
690 2137 909 2195 gemere
935 2130 991 2176 et
1020 2121 1087 2176 ad
1130 2129 1335 2175 terram
1369 2134 1543 2189 usque
1572 2134 1693 2174 sese
1725 2119 1990 2174 inclinare
2021 2119 2118 2173 de-

526 2214 743 2267 buerat.
769 2212 1038 2266 Praeterea
1063 2210 1354 2279 epistolam
1378 2207 1526 2263 beati
1550 2223 1703 2278 papa:
1724 2207 1922 2262 Leonis
1948 2223 2113 2277 quam

525 2304 619 2360 ille
653 2304 720 2358 ad
763 2312 969 2358 sanctze
998 2302 1282 2358 memoria:
1312 2300 1632 2355 Flavianum
1661 2301 1982 2372 scripserat,
2007 2300 2113 2372 legi

525 2397 752 2452 minime
806 2396 1076 2466 permisit.
1126 2394 1296 2464 quue
1346 2393 1600 2464 quami'is
1646 2394 1846 2464 saepius
1890 2401 2115 2465 rogatus

524 2498 672 2545 esset
713 2489 782 2544 ab
828 2488 914 2543 his
944 2486 1039 2558 qui
1084 2488 1374 2558 epistolam
1419 2488 1744 2553 attulerant,
1775 2496 1833 2543 et
1862 2487 2115 2558 quamvis

526 2581 643 2651 ipse
671 2580 885 2651 adjecto
923 2578 1287 2651 jurejurando
1338 2579 1618 2649 pollicitus
1662 2588 1844 2645 esset,
1888 2594 1948 2635 se
1990 2596 2114 2635 eam

524 2673 749 2727 recitari
792 2673 1095 2743 jussurum.
1132 2672 1248 2738 Qua
1295 2671 1523 2726 minime
1570 2672 1833 2742 perlecta,
1876 2673 2111 2728 sanctis-

524 2764 694 2818 simas
747 2778 846 2832 per
907 2761 1227 2817 universum
1278 2762 1466 2817 orbem
1525 2770 1799 2817 terrarum
1853 2764 2113 2819 ecclesias

523 2854 799 2909 scandalis
845 2869 911 2907 ac
960 2852 1316 2908 detrimentis
1362 2854 1681 2924 complevit.
1734 2853 1842 2910 Sed
1890 2864 2109 2921 tamen,

521 2945 775 3015 quamvis
808 2954 886 3000 tot
919 2958 984 2999 ac
1010 2954 1160 3000 tanta
1191 2945 1260 2999 ab
1291 2960 1359 3000 eo
1386 2954 1720 3015 praesumpta
1746 2947 1877 3013 sint,
1907 2962 2112 3017 propo-

2220 560 2410 630 σκόπῳ
2439 560 2581 613 κατὰ
2609 559 2708 630 τῆς
2738 559 2848 612 τῶν
2893 561 3139 613 κανόνων
3167 560 3395 628 τάξεως,
3442 562 3540 616 καὶ
3575 565 3667 637 τῆς
3691 568 3801 621 ιχ..

2218 650 2617 723 κλησιαστικῆς
2674 651 3094 716 καταστάσεως,
3151 654 3218 706 ἐκ
3272 654 3387 707 τῶν
3452 654 3555 726 ἤδη
3613 657 3807 723 ἔξιτε-

2219 744 2458 799 σθέντων
2485 747 2543 799 ἐν
2580 743 2901 816 τῷ’πρώτῳ
2930 745 3213 818 συνεδρίῳ,
3243 746 3339 800 καὶ
3378 748 3491 802 ἀπὸ
3527 749 3636 803 τῶν
3695 752 3806 822 σή-

2221 851 2387 906 μερον
2418 835 2851 907 πεπραγμένων.
2897 830 3069 900 Οὗτος
3090 837 3219 908 γὰρ,
3253 838 3342 893 ἴνα
3381 839 3453 893 τά
3484 840 3655 896 πολλὰ
3684 861 3801 897 πα-

2220 929 2592 999 ραλείπωμεν,
2625 930 2840 1001 Εὐτυχῆ
2882 930 2976 983 τὸν
3025 931 3281 1001 ὁμόδοξον
3330 932 3505 1003 αὐτῷ,
3545 936 3807 1007 καθαιρεο

2217 1019 2379 1073 θέντα
2410 1019 2714 1083 κανονικῶς
2760 1018 2912 1089 παρά
2954 1018 3054 1073 τοῦ
3100 1020 3233 1074 ίδίου
3260 1022 3595 1091 ἐπισκόπου,
3618 1025 3709 1079 τοῦ
3742 1028 3808 1078 ἐν

2217 1108 2398 1176 ἁγίοις
2428 1108 2613 1179 φαμὲν
2644 1108 2863 1179 Πατρός
2900 1109 3058 1179 ἡμῶν
3099 1110 3197 1163 καί⁵
3237 1111 3540 1166 ἐπισκόπου
3571 1114 3805 1169 Φλασια-

2216 1199 2334 1263 νοῦ,
2388 1200 2731 1271 αύθεντήσας
2789 1201 3161 1267 ἀκανονίστως
3212 1206 3291 1266 εἰς
3343 1206 3630 1261 κοινωνίαν
3682 1209 3809 1262 ἐδέο

2218 1294 2369 1361 ξατο,
2400 1294 2533 1365 πρὶν
2564 1294 2597 1364 ἦ
2628 1293 2979 1363 συνεδρεύσαι
3022 1296 3081 1348 ἐν
3116 1299 3181 1367 τῇ
3225 1297 3492 1366 Ἐφεσίων
3529 1300 3663 1370 μετά
3689 1303 3807 1355 τῶν

2218 1382 2484 1452 θεοφιλῶν
2513 1383 2852 1439 ἐπισκόπων.
2913 1384 3053 1437 Ἀλλ’
3092 1385 3326 1450 ἐκείνοις
3364 1387 3468 1458 μὲν
3507 1389 3538 1442 ό
3576 1390 3811 1444 ἀποστο-

2216 1470 2368 1535 λικὸς
2400 1471 2591 1543 θρόνος
2619 1472 2950 1545 συγγνώμην
2976 1474 3293 1545 ἀπένειμεν,
3323 1478 3419 1531 ἐπὶ
3449 1481 3564 1542 τοῖς
3593 1479 3808 1533 ἐκεῖθεν

2221 1564 2296 1635 μὴ
2324 1564 2468 1617 κατά
2510 1563 2739 1635 γνώμην
2789 1565 2881 1619 ὑπ’
2910 1566 3089 1620 αὐτῶν
3135 1570 3585 1639 πεπραγμένοις·
3615 1571 3663 1625 οἳ
3707 1576 3810 1627 καὶ

2218 1656 2532 1710 διετέλεσαν
2584 1657 2753 1728 μέχρι
2790 1658 2888 1711 τοῦ
2918 1660 3188 1731 παρόντος
3218 1661 3481 1731 ἑπόμενοι
3524 1662 3603 1733 τῷ
3633 1665 3806 1731 ἀγιω-

2218 1748 2368 1818 τάτῳ
2422 1750 2843 1822 ἀρχιεπισκόπῳ
2891 1752 3085 1805 Λέοντι
3121 1754 3217 1806 καὶ
3268 1754 3419 1825 πάσῃ
3454 1756 3522 1824 τῇ
3551 1754 3683 1827 ἁγίᾳ
3709 1757 3809 1808 καὶ

2217 1840 2570 1913 οίκουμενικῇ
2625 1842 2861 1913 συνόδῳ*
2902 1834 2965 1895 οὗ
3000 1843 3065 1915 δὴ
3111 1845 3290 1914 χάριν,
3335 1846 3432 1899 καὶ⁴
3462 1846 3521 1898 ἐν
3550 1849 3616 1917 τῇ
3642 1846 3808 1899 αὑτοῦ

2218 1933 2499 2005 κοινωνίᾳ,
2544 1935 2749 1998 αὐτοὺς
2780 1936 3117 2006 όμοπίστους
3149 1936 3386 2002 ἐδέξατο.
3421 1931 3591 2003 Οὗτος
3631 1938 3687 1992 δὲ
3711 1941 3808 1993 καὶ

2222 2024 2386 2096 μέχρι
2415 2024 2511 2078 τοῦ
2542 2026 2811 2097 παρόντος
2838 2026 3101 2096 διέμεινε,
3130 2028 3537 2099 σεμνυνόμενος
3562 2029 3650 2083 ἐπ’
3669 2030 3811 2082 ἐκεί-

2218 2134 2350 2184 νοις,
2387 2113 2470 2181 οἷς
2506 2118 2610 2171 ἔδει
2643 2118 2849 2172 στένειν
2878 2119 2972 2173 καὶ
3018 2121 3100 2182 είς
3146 2120 3253 2191 γῆν
3308 2122 3631 2192 κεκυφέναι.
3667 2123 3811 2195 Πρὸς

2216 2209 2427 2273 τούτοις
2461 2209 2518 2263 δὲ
2543 2249 2558 2271 ,
2595 2211 2717 2263 οὐδὲ
2756 2212 2857 2281 τὴν
2910 2212 3202 2283 ἐπιστολὴν
3236 2214 3655 2286 ἀναγνωσθῆναι
3690 2234 3813 2270 συν-

2218 2299 2466 2372 εχώρησε
2492 2301 2587 2356 τοῦ
2618 2302 2891 2374 μακαρίου
2934 2305 3093 2358 πάπα
3112 2304 3341 2370 Λέοντος
3373 2308 3473 2377 τὴν
3502 2314 3811 2379 γραφεῖσαν

2217 2395 2347 2466 παρ’
2378 2392 2543 2448 αὑτοῦ
2568 2394 2703 2464 πρὸς
2734 2395 2826 2448 τὸν
2874 2396 2932 2449 ἐν
2979 2397 3157 2465 ἁγίοις
3181 2397 3282 2467 τὴν
3313 2400 3535 2471 μνήμην
3571 2400 3810 2454 Φλασια-

2216 2484 2328 2550 νὺν,
2364 2484 2458 2539 καὶ
2487 2484 2660 2540 ταῦτα
2678 2485 2940 2550 πολλάκις
2976 2487 3351 2560 παρακληθεὶς
3378 2490 3802 2561 ἀναγνωσθῆναι

2216 2574 2423 2647 ταύτην
2458 2575 2565 2629 ὑπὸ
2597 2576 2709 2629 τῶν
2738 2577 3136 2647 κεκομικότων,
3160 2578 3254 2631 καὶ
3285 2578 3404 2649 μεθ’
3434 2580 3601 2650 ὅρκου
3642 2582 3805 2652 ποιή-

2218 2668 2415 2722 σασθαι
2460 2670 2561 2741 τὴν
2607 2669 2920 2738 ἀνάγνωσιν
2968 2670 3366 2741 ὑποσχόμενος.
3411 2665 3520 2736 Ἧς
3569 2673 3647 2744 μὴ
3671 2674 3777 2727 ἀνα

2215 2759 2576 2832 γνωσθείσης,
2608 2762 2928 2815 σκανδάλων
2962 2763 3057 2816 καὶ
3089 2763 3296 2832 βλάϐης
3325 2764 3427 2828 τάς
3459 2756 3563 2819 ἀνὰ
3592 2765 3695 2836 τὴν
3722 2766 3807 2819 οί-

2216 2870 2313 2907 κου
2319 2854 2489 2925 μένην
2506 2855 2815 2923 ἁγιωτάτας
2839 2854 3159 2926 ἐπλήρωσεν
3174 2856 3502 2928 Ἐκκλησίας
3514 2857 3648 2927 (50).
3665 2856 3809 2911 Ἀλλ’

2215 2946 2367 3014 ὅμως
2384 2944 2645 2998 τοιούτων
2672 2944 2805 3016 παρ’
2837 2943 3003 2998 αὐτοῦ
3033 2944 3432 3015 τολμηθέντων,
3461 2948 3806 3017 ἐσκοποῦμεν

521 3037 689 3091 situm
734 3036 897 3092 nobis
940 3045 1087 3102 erat,
1121 3036 1194 3092 ob
1244 3037 1398 3108 prius
1440 3038 1562 3110 ejus
1613 3038 1841 3109 impium
1893 3039 2107 3095 facinus

2219 3037 2338 3107 περὶ
2372 3035 2472 3105 τῆς
2504 3037 2779 3108 προτέρας
2809 3035 2975 3091 αὐτοῦ
3002 3037 3222 3100 ἀνοσίας
3250 3037 3501 3109 πράξεως
3530 3038 3647 3111 (Si)
3678 3037 3807 3108 φιλο

520 3129 825 3183 clementer
856 3143 983 3183 eum
1031 3143 1096 3183 ac
1143 3127 1380 3199 benigne
1426 3136 1685 3194 tractare,
1720 3129 1864 3184 sicut
1893 3138 1951 3185 et
1980 3129 2113 3184 reli-

521 3235 663 3291 quos
699 3220 809 3275 Deo
839 3219 1075 3275 dilectos
1120 3220 1432 3290 episcopos,
1467 3220 1599 3275 licet
1644 3220 1682 3275 ii
1713 3235 1825 3276 non
1862 3220 2112 3276 eamdem

520 3328 586 3367 ac
620 3312 711 3367 ille
746 3311 1032 3382 judicandi
1068 3321 1399 3382 potestatem
1442 3311 1787 3368 habuissent.
1825 3312 1932 3368 Sed
1971 3329 2114 3384 quo-

522 3404 668 3458 niam
692 3404 932 3474 priorem
958 3404 1284 3476 iniustitiam
1318 3405 1725 3476 posterioribus
1758 3404 1919 3461 factis
1952 3405 2116 3478 longe

520 3498 808 3570 superavit
853 3516 869 3553 :
915 3513 1086 3554 ausus
1124 3499 1330 3570 quippe
1358 3509 1445 3555 est
1486 3499 2113 3556 excommunicationem

520 3590 733 3647 dictare
765 3589 1035 3647 adversus
1074 3590 1489 3646 sanctissimum
1529 3605 1595 3645 ac
1642 3588 2115 3662 religiosissimum

521 3698 732 3753 magna:
777 3683 965 3739 Romae
1011 3683 1489 3755 archiepiScopum
1538 3682 1819 3739 Leonem:
1847 3692 2118 3754 praeterea

520 3787 648 3828 cum
680 3772 854 3828 libelli
879 3772 1027 3844 pleni
1055 3773 1353 3828 criminum
1384 3780 1443 3829 et
1466 3772 1798 3844 ﬂagitiorum
1836 3784 2031 3831 sancto
2062 3783 2120 3832 et

521 3879 720 3935 magno
763 3865 1000 3920 concilio
1032 3873 1228 3919 contra
1275 3865 1432 3919 illum
1464 3865 1637 3921 oblati
1670 3875 1876 3933 essent,
1923 3866 2116 3931 semel,

520 3955 724 4012 iterum
759 3971 826 4011 ac
858 3957 1028 4012 tertio
1059 3966 1293 4014 vocatus
1311 3958 1465 4028 juxta
1497 3972 1770 4012 canonum
1798 3957 2118 4028 praescripta

520 4064 620 4120 per
651 4049 750 4104 Dei
792 4050 1205 4105 amantissimos
1230 4051 1540 4121 episcopos,
1568 4049 1795 4104 minime
1828 4049 2119 4121 obtempe-

520 4140 684 4206 ravit,
712 4141 935 4211 propria
962 4140 1227 4195 videlicet
1245 4139 1588 4195 conscientia
1617 4139 1795 4229 ipsum
1820 4148 2115 4209 pungente.

520 4233 629 4289 Eos
660 4232 899 4302 denique
928 4234 1022 4303 qui
1073 4250 1103 4288 a
1154 4232 1395 4288 diversis
1423 4230 1650 4303 synodis
1689 4232 1839 4304 juste
1882 4230 2119 4302 depositi

520 4325 763 4391 fuerant,
794 4323 1080 4396 illegitime
1111 4324 1167 4380 in
1193 4323 1639 4379 communionem
1669 4322 1915 4393 suchpit
1944 4339 1959 4377 :
1987 4338 2120 4378 con-

2216 3127 2531 3200 ανθρωπίας
2579 3128 2725 3193 τινὸς
2782 3129 2949 3183 αὑτὸν
2989 3129 3243 3196 ἀξιῶσαι,
3288 3130 3364 3192 ὡς
3406 3131 3503 3183 καὶ⁵
3532 3131 3661 3194 τοὺς
3691 3129 3808 3183 λοι-

2216 3220 2352 3286 ποὺς
2380 3220 2651 3290 θεοφιλεῖς
2699 3221 3055 3287 ἐπισκόπους,
3084 3221 3264 3276 καίτοι
3296 3222 3431 3293 μηδὲ
3478 3223 3581 3295 τὴν
3606 3222 3807 3277 αύθεν·

2214 3313 2337 3369 τίαν
2377 3312 2528 3384 αὐτῷ
2560 3313 2964 3385 παραπλησίως
2998 3315 3097 3386 τῆς
3144 3316 3382 3384 κρίσεως
3423 3315 3539 3385 (32)
3564 3315 3813 3386 ἐσχηκόο

2214 3423 2335 3471 τας.
2375 3406 2594 3478 Ἐπειδὴ
2634 3406 2693 3459 δὲ
2737 3408 2850 3470 τοῖς
2879 3406 3157 3477 δευτέροις
3189 3407 3287 3478 τὴν
3312 3407 3589 3479 προτέραν
3620 3425 3808 3479 παρα-

2215 3497 2411 3570 νομίαν
2455 3498 2907 3570 ὑπερηκόντισεν,
2960 3499 3232 3570 ἐτόλμησε
3264 3499 3321 3553 δέ
3373 3500 3469 3554 καὶ
3508 3501 3808 3571 ἀκοινωνη-

2219 3590 2341 3643 σίαν
2376 3589 2751 3661 ύπαγορεῦσαι
2781 3590 2926 3645 κατά
2954 3588 3050 3644 τοῦ
3084 3590 3394 3659 ἀγιωτάτου
3441 3589 3539 3646 καὶ⁸
3570 3590 3807 3645 ὁσιωτά-

2215 3700 2310 3737 του
2352 3683 2784 3758 ἀρχιεπισκόπου
2828 3684 2929 3755 τῆς
2974 3682 3217 3756 μεγάλης
3279 3682 3498 3756 Ῥώμης
3549 3683 3801 3746 Λέοντος·

2216 3777 2355 3849 πρὸς
2389 3775 2447 3831 δὲ
2479 3775 2691 3840 τούτοις
2740 3776 2837 3831 καὶ
2889 3774 3149 3829 λιὸέλλων
3187 3775 3549 3847 παρανομιῶν
3582 3776 3804 3846 μεστῶν

2218 3865 2340 3921 κατ’
2362 3866 2531 3921 αὐτοῦ
2560 3866 3036 3938 προσενεχθέντων
3063 3869 3130 3939 τῇ
3159 3866 3291 3938 ἁγίᾳ
3320 3867 3413 3920 καὶ
3438 3865 3647 3938 μεγάλῃ
3670 3883 3806 3920 συν-

2216 3958 2341 4031 όδῳ,
2372 3958 2471 4013 καὶ
2500 3958 2648 4027 απαξ
2672 3960 2767 4013 καὶ
2793 3958 2875 4023 δὶς
2906 3960 3004 4013 καὶ
3025 3958 3146 4031 τρὶς
3170 3959 3259 4014 διά
3286 3958 3550 4029 θεοφιλῶν
3575 3960 3805 4013 ἐπισκό-

2220 4066 2338 4102 πων
2366 4050 2669 4114 κανονικῶς
2690 4048 2935 4120 κληθεὶς,
2969 4051 3069 4122 ούχ
3103 4051 3439 4122 ὑπήκουσεν,
3470 4049 3577 4105 ὑπὸ
3600 4050 3697 4105 τοῦ
3721 4054 3805 4105 ol-

2219 4139 2372 4195 κείου
2431 4142 2733 4207 συνειδότος
2785 4142 3036 4213 δηλονότι
3085 4142 3467 4214 κεντούμενος·
3526 4142 3621 4196 καὶ
3671 4142 3804 4207 τοὺς

2221 4226 2378 4298 παρά
2435 4229 2672 4283 συνόδων
2721 4229 2995 4301 διαφόρων
3041 4230 3319 4301 ἐνθέσμως
3349 4230 3801 4303 καθαιρεθέντας,

2219 4320 2557 4390 παρανόμως
2599 4319 2819 4385 ἐδέξατο
2848 4339 2863 4353 ·
2899 4321 3063 4387 αὐτὸς
3095 4322 3218 4376 καθ’
3250 4322 3447 4377 ἐαυτοῦ
3475 4323 3579 4393 τὴν
3619 4323 3803 4396 ψῆφον

520 4426 605 4472 tra
654 4417 1012 4487 semetipsum
1047 4416 1378 4472 sententiam
1422 4415 1654 4486 protulit
1729 4414 2116 4474 ecclesiasticis

2221 4412 2483 4484 ἐξήνεγκε
2529 4413 2803 4486 διαφόρως
2852 4416 2981 4480 τοὺς
3030 4416 3522 4488 ἐκκλησιαστικοὺς
3550 4419 3802 4489 πατήσας

518 4509 735 4581 legibus
767 4508 969 4579 saepius
1004 4508 1361 4579 proculcatis.

591 4599 804 4657 Idcirco
855 4601 1241 4657 sanctissimus
1291 4614 1357 4656 ac
1399 4599 1755 4656 beatissimus
1799 4614 2009 4671 magna:
2054 4608 2112 4655 et

2218 4503 2419 4559 θεσαού

2289 4522 2315 4558 σ
2359 4522 2419 4558 ου

2289 4521 2459 4653 ’ἓθεῖ
2486 4599 2516 4652 ό
2540 4597 2845 4667 ἀγιώτατος
2870 4598 2967 4654 καὶ
3000 4599 3421 4669 μακαριώτατος
3444 4599 3802 4672 ἀρχιεπίσκο-

516 4693 758 4749 senioris
805 4694 989 4749 Romae
1023 4694 1475 4765 archiepiscopus
1504 4692 1639 4759 Leo,
1665 4707 1766 4763 per
1798 4707 1899 4745 nos
1927 4700 1984 4746 et
2014 4706 2114 4761 per

2219 4708 2320 4755 πος
2352 4691 2452 4761 τῆς
2488 4691 2734 4763 μεγάλης
2784 4692 2882 4747 καὶ
2932 4692 3312 4764 πρεσὸυτέρας
3354 4691 3575 4764 Ῥώμης
3621 4695 3797 4757 Λέων.

518 4796 845 4857 praesentem
879 4785 1173 4857 synodum,
1213 4800 1321 4840 una
1360 4800 1486 4839 cum
1517 4783 1837 4839 beatissimo
1864 4783 2028 4852 290
2051 4790 2111 4837 et

2219 4783 2281 4838 δι’
2306 4784 2466 4855 ἡμῶν
2496 4783 2718 4855 καὶτῆς
2751 4784 3037 4856 παρούσης
3066 4774 3306 4851 συνόδου,
3346 4784 3488 4857 μετά
3511 4784 3607 4840 τοῦ
3643 4803 3798 4857 τρισ-

518 4876 669 4931 omni
716 4877 879 4931 laude
929 4875 1252 4947 dignissimo
1292 4876 1455 4932 Petro
1497 4876 1769 4946 apostolo,
1811 4875 1906 4945 qui
1950 4885 2106 4946 petra

2219 4876 2490 4949 μακαρίου
2534 4876 2629 4930 καὶ
2672 4877 3037 4948 πανευφήμου
3082 4877 3295 4949 Πέτρου
3344 4876 3440 4931 τοῦ
3472 4877 3797 4941 ἀποστόλου,

517 4978 575 5024 et
607 4969 753 5024 basis
778 4980 863 5024 est
892 4970 1147 5025 Ecclesia:
1182 4969 1487 5034 catholicae,
1518 4976 1791 5039 rectaeque
1821 4968 1949 5023 lidei
1978 4966 2105 5023 fun-

2219 4969 2267 5033 ὅς
2296 4969 2413 5023 ἐστι
2446 4968 2623 5040 πέτρα
2640 4967 2737 5023 καὶ
2761 4970 2965 5040 κρηπὶς
2997 4968 3098 5039 τῆς
3125 4969 3420 5040 ηθολικῆς
3448 4968 3797 5041 Ἐκκλησίας.

518 5061 870 5128 damentum,
918 5063 1215 5133 episcopali
1248 5076 1376 5118 eum
1421 5061 1689 5133 dignitate
1722 5061 1903 5129 exuit,
1932 5070 1990 5116 et
2035 5060 2105 5116 ab

2219 5061 2311 5115 καὶ
2337 5062 2437 5132 τῆς
2466 5062 2752 5132 ὀρθοδόξου
2785 5062 3024 5125 πίστεως
3056 5061 3327 5132 θεμέλιος,
3351 5062 3672 5134 ἐγύμνωσεν
3698 5064 3796 5115 αύ-

518 5152 670 5207 omni
719 5142 1050 5209 sacerdotali
1104 5153 1283 5210 olllcio
1337 5154 1580 5209 alienum
1627 5153 1865 5209 censuit.
1910 5152 2109 5208 Sancta

2219 5152 2308 5207 τὸν
2332 5151 2426 5206 τοῦ
2456 5169 2516 5207 τε
2552 5153 2919 5208 ἐπισκοπικοῦ
2945 5152 3279 5225 ἀξιώματος,
3311 5155 3407 5208 καὶ
3470 5154 3610 5226 άσης
3644 5153 3796 5227 ίερα-

1713 5266 1993 5323 VALESII
2034 5264 2596 5325 ANNOTATIONES.
2634 5269 2643 5276 ”

590 5361 705 5434 (250)
744 5362 856 5430 Τὰς
895 5362 1222 5433 ἁγιωτάτας
1250 5361 1611 5434 ἐπλήρωσεν
1636 5360 2096 5434 {Elevandaan
2211 5431 2255 5434 __
2278 5362 2735 5433 (52)Αὐθεντίαν
2757 5359 2916 5434 αότῷ
2942 5361 3379 5434 παραπλησίως
3397 5362 3508 5434 τῆς
3522 5362 3792 5431 κρίσεως.

517 5430 740 5515 actione
768 5430 953 5515 tertia:
975 5435 1195 5515 concilii
1226 5430 1808 5515 Clialcedonensis'hic
1840 5433 1994 5515 locus
2024 5433 2097 5515 ita
2211 5430 2337 5515 llaec
2371 5430 2544 5515 verba
2576 5434 2697 5515 sui
2716 5430 2953 5515 κρίσεως
3009 5433 3333 5515 desunthiu.
3358 5430 3563 5515 codice
3597 5434 3791 5515 Regio,

518 5504 966 5585 legiturLaZ_dtv&_
994 5506 1093 5577 τὴν
1143 5506 1469 5575 οἰκουμένην
1514 5503 1885 5573 ἐπειράθησαν
1931 5503 2101 5571 ἀγιώς-

2219 5504 2547 5585 :l‘ellcriano
2562 5514 2618 5558 et
2634 5501 3009 5585 Florentium.
3029 5511 3085 5557 et
3110 5518 3190 5585 eri
3206 5501 3717 5585 ChristOphorspni
3729 5506 3796 5560 li-

518 5572 1061 5647 ταταιἝκκλησίαιξ
1190 5646 1193 5647 ν
1300 5572 1311 5575 τ
1380 5572 1432 5647 ,⁷
1484 5643 1509 5647 μ
1553 5644 1563 5647 _
1706 5642 1717 5647 ,
1770 5572 1777 5573 7

2219 5574 2345 5647 bris
2377 5575 2587 5647 adjecta
2619 5573 3122 5647 suntyineditione
3151 5572 3477 5647 (leuem-nsi.
3509 5573 3795 5647 Habentur

594 5645 857 5715 (51)Περὶ
882 5642 993 5715 τῆς
1018 5646 1309 5715 προτέρας
1323 5643 1511 5699 αὐτοῦ
1533 5642 1790 5707 ἀνοσίας
1811 5642 2105 5715 πράξεως.

2219 5642 2530 5715 ψιίόθιιίίη
2554 5644 2706 5699 Actis
2735 5643 3205 5715 Chalcedonensis
3239 5642 3460 5715 concilii
3492 5662 3508 5700 :
3545 5643 3680 5700 mihi
3710 5655 3791 5700 ta-

594 5664 798 5715 ‘DUUF
841 5664 857 5700 ί
882 5664 993 5715 της
1018 5664 1511 5715 προτεραςαυτου
1533 5664 1790 5707 ανοσιας
1811 5664 2105 5709 πραςεως.
2216 5664 2440 5715 (111108111
2475 5664 2530 5699 In
2554 5664 2706 5699 Λριιε
2735 5664 3205 5699 υηαιοεαοηθιιδιε
3239 5664 3460 5698 CDHCIIII

520 5714 583 5786 lu
606 5717 756 5771 Actis
776 5664 1251 5776 (ﬁialcedoneusis
1274 5715 1495 5772 concilii
1527 5715 1730 5786 legitur
1756 5717 1818 5767 ἐκ
1847 5714 1944 5785 τῆς
1972 5731 2106 5785 προ-
2219 5731 2345 5771 men
2385 5731 2494 5771 non
2525 5715 2787 5771 videntur
2815 5714 3114 5770 admodum
3138 5713 3470 5769 necessaria.

520 5785 704 5856 τέρας.
