4028 6492
526 368 664 432 2507

1713 363 2024 425 EVAGRII
2070 359 2554 424 SCHOLASTICI

3627 370 3767 438 2508

527 481 809 537 nationem
840 476 989 532 illius
1018 484 1269 531 evertere
1293 474 1657 541 conabantur,
1688 474 2097 545 Scripturarum

2202 473 2517 543 Πνεύματος
2553 462 2733 527 αὐτῶν
2770 472 2979 526 ἔννοιαν
3025 475 3167 529 κατά
3197 475 3305 529 τῶν
3342 476 3442 546 τὴν
3484 480 3643 535 αὐτοῦ
3675 486 3766 539 δε-

529 568 854 626 testimoniis
890 566 1048 636 291
1094 565 1462 621 declararent.

597 766 827 836 Propter
857 778 954 818 eos
997 778 1132 818 vero
1178 763 1273 833 qui
1307 761 1733 833 dispensationis
1778 763 2099 833 mysterium

526 856 733 909 audent
760 867 1133 923 corrumpere,
1176 861 1233 906 ct
1265 866 1391 906 eum
1430 852 1525 921 qui
1566 867 1632 906 ex
1661 860 1848 906 sancta
1878 851 2100 921 Virgine

528 948 692 1000 Maria
723 953 887 1000 natus
920 953 1025 1009 est,
1057 938 1258 1013 purum
1286 942 1563 997 hominem
1591 958 1713 997 esse
1750 942 2099 1012 impudenter

526 1039 795 1100 delirant,
843 1036 988 1091 beati
1038 1034 1224 1106 Cyrilli
1270 1035 1364 1104 qui
1408 1034 1796 1101 Alexandrina:
1844 1031 2101 1086 Ecclesiae

526 1138 712 1200 pastor
732 1129 855 1193 fuit,
885 1127 1177 1198 synodales
1214 1126 1475 1198 epistolas
1508 1125 1577 1180 ad
1609 1123 1921 1179 Nestorium
1947 1132 2002 1179 et
2030 1122 2098 1178 ad

525 1220 834 1276 Orientales
871 1218 1159 1289 episcopos
1186 1219 1419 1287 scriptas
1444 1215 1707 1285 suscepit,
1736 1214 1940 1284 quippe
1977 1229 2100 1283 qute

527 1312 737 1367 idoneae
755 1312 866 1367 sint
887 1320 1002 1365 tum
1029 1310 1097 1364 ad
1117 1309 1393 1365 vesaniam
1423 1306 1663 1363 Nestorii
1686 1304 2096 1370 confutandam,

528 1412 646 1457 tum
694 1403 762 1457 ad
795 1401 1179 1472 exponendum
1213 1400 1450 1455 salutare
1498 1399 1827 1471 symbolum,
1874 1399 1928 1452 in
1974 1413 2097 1468 gra-

527 1497 658 1550 tiam
706 1510 895 1550 eorum
924 1494 1038 1563 qui,
1090 1493 1180 1561 pio
1225 1492 1341 1547 zelo
1393 1479 2097 1558 adducti,'intelligentiam

527 1587 674 1641 illius
708 1584 923 1653 assequi
964 1582 1299 1637 desiderant.
1327 1580 1539 1646 Quibus
1570 1580 1854 1650 epistolam
1881 1593 2099 1649 quoque

466 1692 469 1693 '
526 1675 828 1731 beatissimi
858 1684 913 1728 et
938 1672 1265 1728 sanctissimi
1301 1671 1523 1737 Leonis,
1557 1671 1804 1725 maxima:
1833 1680 1889 1725 et
1914 1670 2096 1725 senio-

527 1766 603 1821 ris
620 1766 806 1819 Roma:
833 1762 1252 1831 archiepiscopi,
1271 1760 1681 1830 exstinguenda:
1696 1759 1958 1830 Eutychis
1984 1774 2099 1814 ma-

2204 564 2467 615 σποτείαν
2490 562 2703 616 ἀθετεῖν
2734 563 3091 632 πειρωμένων
3114 564 3418 635 Γραφικαῖς
3444 571 3766 641 μαρτυρίαις

2201 654 2601 722 τρανὼσαντες.

2273 747 2370 801 Διά
2438 748 2496 801 δὲ
2550 748 2677 810 τούς
2740 747 2803 800 τὸ
2846 747 2946 817 τῆς
2991 749 3305 818 οἰκονομίας
3372 750 3770 822 παραφθείρειν

2198 839 2510 910 τολμῶντας
2571 840 2896 910 μυστήριον,
2971 840 3069 894 καὶ
3125 839 3279 909 ψιλὸν
3329 841 3613 911 ἄνθρωπον
3670 847 3767 898 τὸν

2198 932 2262 984 ὲκ
2319 931 2421 1000 τῆς
2474 930 2637 998 ἁγίας
2696 931 2977 1002 Παρθένου
3034 932 3297 1002 τεχθέντα
3340 933 3579 1002 Μαρίας,
3614 936 3771 989 ἀναι-

2197 1022 2303 1085 δῶς
2340 1015 2885 1092 ληρῳδοῦντας,’τάς
2915 1022 3010 1075 τοῦ
3071 1022 3342 1093 μακαρίου
3383 1023 3640 1093 Κυρίλλου
3668 1025 3768 1078 τοῦ

2197 1116 2296 1184 τῆς
2335 1114 2727 1185 Ἀλεξανδρέων
2748 1114 3077 1185 Ἐκκλησίας
3106 1114 3215 1186 (56)
3251 1116 3541 1185 γενομένου
3576 1120 3759 1186 ammte

2198 1226 2287 1271 vo;
2318 1207 2599 1271 συνοδικάς
2624 1208 2911 1271 ἐπιστολὰς
2934 1210 3073 1279 πρός
3100 1227 3158 1262 τε
3189 1211 3484 1280 Νεστόριον
3512 1214 3604 1264 καὶ
3630 1212 3769 1283 πρὶς

2195 1299 2323 1361 τοὺς
2369 1298 2467 1369 τῆς
2495 1297 2783 1368 Ἀνατολῆς
2821 1299 3112 1368 ἀρμοδίους
3170 1299 3335 1365 οὔσας
3398 1300 3633 1365 ἐδέξατο,
3688 1303 3770 1363 εἰς

2198 1388 2417 1459 ἔλεγχον
2459 1389 2560 1459 μὲν
2605 1392 2703 1459 τῆς
2740 1390 3036 1461 Νεστορίου
3091 1392 3559 1462 φρενοϐλαϐείας,
3601 1395 3771 1464 ἑρμη-

2198 1482 2346 1534 νείαν
2374 1481 2431 1534 δὲ
2454 1481 2564 1533 τῶν
2605 1482 2661 1533 ὲν
2688 1482 2904 1536 εὐσεϐεῖ
2932 1482 3081 1553 ζήλῳ
3118 1483 3212 1536 τοῦ
3260 1485 3529 1554 σωτηρίου
3562 1484 3766 1554 συμϐό-

2196 1571 2289 1624 λου
2321 1571 2629 1625 ποθούντων
2680 1572 2778 1643 τὴν
2822 1572 3061 1625 ἔννοιανσ
3096 1568 3185 1636 αἷς
3217 1576 3313 1627 καὶ
3341 1574 3441 1643 τὴν
3479 1575 3770 1643 ἐπιστολὴν

2195 1661 2291 1715 τοῦ
2340 1661 2440 1732 τῆς
2484 1663 2751 1732 μεγίστης
2794 1664 2887 1715 καὶ
2925 1665 3305 1735 πρεσϐυτέρας
3362 1664 3586 1736 Ῥώμης
3641 1680 3767 1736 προ-

2197 1752 2373 1823 έδρου,
2404 1751 2500 1805 τοῦ
2561 1754 2981 1822 μακαριωτάτου
3028 1754 3121 1807 καὶ
3167 1756 3474 1823 ἀγιωτάτου
3521 1758 3769 1825 ἁρχιεπι-

526 1854 831 1911 levolentiae
858 1867 1021 1907 causa
1047 1851 1304 1921 scriptam
1343 1850 1409 1904 ad
1451 1859 1700 1904 sanctum
1730 1849 2096 1919 archiepisco-

2200 1844 2402 1894 σκόπου
2440 1841 2689 1904 Λέοντος,
2732 1842 2831 1913 τὴν
2860 1846 3161 1913 γραφεῖσαν
3203 1846 3341 1916 πρὸς
3377 1846 3469 1898 τὸν
3498 1846 3558 1899 ἐν
3598 1846 3768 1913 ἁγίοις

527 1962 657 2017 pum
689 1946 1009 2000 Flavianum
1037 1960 1051 1996 :
1078 1958 1198 2012 qua:
1225 1957 1349 1995 cum
1378 1941 1521 1996 beati
1565 1940 1713 1996 Petri
1755 1939 2094 1997 confessione

525 2034 819 2099 consentit,
861 2039 918 2087 et
958 2030 1267 2087 communis
1308 2029 1554 2099 quaedam
1598 2029 1853 2083 columna
1885 2037 1968 2084 est
2001 2028 2096 2083 ad-

526 2141 719 2183 versus
739 2140 836 2180 eos
860 2122 953 2193 qui
976 2122 1116 2176 male
1140 2120 1403 2185 sentiunt,
1419 2120 1546 2191 jure
1567 2119 1764 2174 merito
1788 2118 2091 2189 conjunxit,

524 2218 592 2273 ad
618 2226 895 2273 rectorum
920 2214 1233 2284 dogmatum
1261 2211 1752 2266 conﬁrmationem.
1784 2210 1916 2264 Nam
1945 2205 2095 2265 et'iis

525 2309 620 2378 qui
647 2304 1072 2377 dispensationis
1102 2303 1422 2374 mysterium
1452 2302 1506 2355 in
1540 2300 1681 2355 duos
1718 2300 1861 2355 ﬁlios
1900 2300 2095 2355 distra-

529 2402 658 2456 here
684 2405 975 2461 conantur,
1002 2402 1271 2464 repugnat
1306 2410 1321 2447 :
1356 2401 1412 2447 et
1435 2406 1530 2445 eos
1556 2391 1650 2461 qui
1680 2390 1954 2462 Unigeniti
1980 2390 2096 2446 dei-

528 2501 694 2547 tatem
721 2486 1061 2559 perpessioni
1097 2484 1386 2540 obnoxiam
1418 2483 1600 2537 dicere
1623 2496 1735 2536 non
1761 2491 2037 2548 verentur,
2064 2497 2095 2537 a

526 2588 801 2636 conventu
848 2591 1131 2633 sacrorum
1170 2574 1393 2645 expellit
1434 2590 1447 2628 :
1488 2572 1598 2628 illis
1637 2588 1859 2644 quoque
1904 2573 1999 2643 qui
2039 2574 2095 2629 in

526 2673 743 2727 duabus
772 2669 977 2725 Christi
1003 2667 1212 2722 naturis
1251 2666 1563 2721 mistionem
1590 2680 1687 2720 seu
1718 2665 2095 2721 confusionem

526 2763 1048 2825 comminiscuntur,
1096 2758 1306 2814 resistit
1351 2775 1365 2811 :
1404 2773 1499 2813 eos
1547 2757 1676 2813 item
1726 2758 1821 2828 qui
1865 2758 2095 2813 formam

526 2857 672 2912 servi
711 2869 877 2925 quam
920 2853 1011 2907 ille
1058 2866 1127 2907 ex
1170 2849 1331 2905 nobis
1372 2850 1697 2919 assumpsit,
1737 2850 1977 2904 cmlestis
2002 2857 2098 2904 aut

526 2948 756 3003 alterius
782 2944 1086 3016 cuiuspiam
1112 2941 1433 2997 substantia:
1462 2956 1585 2996 esse
1625 2939 1882 3004 delirant,
1925 2939 2093 3009 ejicit.

526 3040 655 3095 lllos
683 3037 923 3107 denique
951 3035 1046 3106 qui
1086 3043 1213 3089 ante
1246 3033 1552 3088 unitionem
1580 3032 1800 3102 quidem
1827 3033 1962 3086 duas
1992 3032 2097 3086 Do-

2194 1933 2622 2002 ἀρχιεπίσκοπον
2668 1933 2968 1987 Φλαϐιανὸν
3014 1935 3100 1987 ἐπ’
3126 1936 3403 2006 ἀναιρέσει
3451 1936 3552 2004 τῆς
3602 1937 3765 1990 Εὐτυ-

2192 2024 2321 2092 χοῦς
2350 2023 2655 2089 κακονοίας,
2709 2024 2902 2094 ἥντινα
2933 2028 2999 2097 τῇ
3025 2027 3117 2080 τοῦ
3150 2029 3389 2095 μεγάλου
3417 2029 3630 2098 Πέτρου
3658 2031 3765 2099 (5'7)

2192 2113 2455 2185 ὁμολογίᾳ
2493 2115 2927 2186 συμϐαίνουσαν,
2962 2120 3146 2188 κοινήν
3174 2136 3296 2173 τινα
3343 2119 3548 2191 στήλην
3588 2120 3767 2192 ὑπάρ-

2194 2220 2397 2273 χοδσαν
2419 2206 2562 2259 κατά
2584 2207 2694 2261 τῶν
2721 2208 3175 2273 κακοδοξοῦντων,
3207 2210 3431 2274 εἰκότως
3458 2212 3766 2281 συνήρμοσε

2194 2299 2332 2368 πρὸς
2361 2298 2461 2371 τὴν
2506 2300 2616 2353 τῶν
2654 2301 2831 2372 ὀρθῶν
2866 2301 3152 2372 δογμάτων
3203 2302 3515 2373 βεϐαίωσιν.
3546 2306 3673 2367 Τοῖς
3708 2322 3766 2357 τε

2193 2392 2302 2462 γὰρ
2326 2392 2405 2463 είς
2431 2392 2564 2445 υἱῶν
2592 2393 2757 2447 δυάδα
2795 2393 2855 2447 τὸ
2885 2394 2985 2463 τῆς
3024 2395 3337 2464 οίκονομίας
3378 2395 3617 2467 διασπᾷν
3646 2397 3768 2449 ἑπι-

2194 2483 2439 2555 χειροῦσι
2476 2485 2771 2557 μυστήριον
2809 2486 3234 2555 παρατάττεται·
3280 2488 3374 2541 καὶ
3412 2487 3538 2551 τοὺς
3588 2487 3769 2556 παθη-

2193 2575 2291 2635 τὴν
2324 2573 2418 2629 τοῦ
2448 2575 2783 2645 Μονογενοῦς
2825 2576 3007 2645 λέγειν
3040 2576 3355 2645 τολμῶντας
3381 2577 3480 2648 τὴν
3512 2576 3769 2649 θεότητα.

2193 2664 2287 2718 τοῦ
2312 2666 2417 2720 τῶν
2453 2667 2613 2737 ίερῶν
2640 2668 2940 2721 ἀπωθεῖται
2967 2668 3249 2737 συλλόγου,
3279 2673 3377 2721 καὶ
3401 2671 3511 2732 τοῖς
3540 2670 3634 2722 ἐπὶ
3657 2670 3769 2722 τῶν

2194 2756 2287 2810 δύο
2313 2757 2531 2827 φύσεων
2554 2758 2647 2812 τοῦ
2677 2758 2914 2829 Χριστοῦ
2949 2760 3145 2829 κρᾶσιν
3165 2759 3199 2829 ἢ
3229 2759 3491 2830 σύγχυσιν
3520 2760 3773 2815 ἐπινοοῦ-

2196 2864 2282 2900 σιν
2318 2847 2666 2903 ἀνθίσταται·
2698 2850 2795 2902 καὶ
2844 2851 2972 2913 τούς
3012 2850 3263 2920 οὐρανίου
3302 2851 3335 2923 ἢ
3387 2852 3581 2921 ἑτέρας
3624 2852 3773 2915 τινὸς

2194 2937 2383 3002 οὐσίας
2431 2939 2530 3009 τὴν
2584 2939 2645 3004 ἐξ
2686 2941 2845 3011 ἡμῶν
2890 2939 3189 3012 ληφθεῖσαν
3234 2942 3385 3013 αὐτῷ
3430 2940 3525 2995 τοῦ
3579 2942 3773 2996 δούλου

2198 3032 2413 3103 μορφὴν
2454 3034 2865 3105 παραπαίοντας
2913 3033 3212 3101 ἐξελαύνειο
3252 3034 3348 3088 καὶ
3389 3035 3482 3087 δύο
3520 3035 3619 3105 μὲν
3662 3035 3776 3105 πρὸ

527 3131 665 3189 mini
714 3138 940 3184 naturas
985 3127 1325 3191 fabulantur,
1373 3142 1538 3180 unam
1572 3140 1701 3180 vero
1734 3132 1858 3195 post
1891 3124 2097 3178 unitio-

2197 3126 2291 3194 τῆς
2318 3123 2563 3187 ένώσεως
2596 3125 2785 3195 φύσεις
2803 3124 2909 3179 -τοῦ
2941 3126 3147 3195 Κυρίου
3173 3124 3524 3196 μυθεύοντας,
3558 3126 3686 3196 μίαν
3709 3126 3775 3180 δὲ

525 3236 651 3278 nem
687 3220 855 3275 fuisse
890 3218 1230 3289 conﬁngunt,
1271 3217 1620 3272 anathemate
1661 3216 1926 3287 percellit.
1959 3216 2095 3271 San-

525 3321 741 3367 ctorum
788 3310 955 3381 igitur
982 3309 1206 3363 Patrum
1253 3308 1498 3378 vestigiis
1541 3308 1879 3371 insistentes,
1923 3323 2094 3361 unum

523 3401 890 3472 cumdemque
944 3400 1142 3454 Filium
1200 3399 1451 3454 conﬁteri
1498 3409 1753 3469 oportere
1805 3398 2093 3453 Dominum

526 3504 771 3551 nostrum
793 3494 979 3550 Jesum
1006 3491 1313 3557 Christum,
1346 3507 1454 3547 uno
1484 3507 1754 3547 consensu
1780 3506 1971 3546 omnes
1998 3491 2098 3546 do-

525 3602 747 3653 cemus;
779 3585 1032 3641 eumdem
1061 3584 1365 3655 perlectum
1402 3584 1457 3637 in
1498 3583 1725 3649 deitate,
1754 3592 1809 3639 et
1841 3583 2095 3638 eumdem

524 3677 831 3749 perfectum
861 3676 917 3731 in
944 3674 1287 3731 humanitate
1310 3692 1325 3728 :
1348 3688 1478 3729 vere
1507 3674 1699 3739 Deum,
1730 3682 1786 3729 et
1831 3689 1957 3730 vere
1999 3674 2099 3729 ho-

526 3771 726 3826 minem
749 3768 1027 3837 eumdem,
1063 3782 1131 3822 ex
1163 3768 1347 3822 anima
1383 3768 1636 3822 rationali
1670 3775 2013 3822 constantem
2041 3776 2098 3822 et

524 3879 753 3935 corpore
782 3880 796 3917 :
823 3862 1348 3919 consubstantialem
1393 3862 1543 3917 Patri
1583 3862 1886 3918 secundum
1921 3862 2097 3917 deita-

526 3968 659 4021 tem,
691 3954 947 4010 eumdem
980 3969 1114 4009 vero
1151 3954 1312 4009 nobis
1340 3953 1863 4008 consubstantialem
1896 3968 2095 4008 secun-

525 4046 657 4100 dum
685 4044 1086 4099 humanitatem
1114 4061 1127 4097 :
1154 4059 1253 4115 per
1295 4043 1479 4097 omnia
1523 4044 1759 4098 similem
1786 4042 1966 4107 nobis,
1998 4058 2095 4098 θι-

526 4143 686 4206 cepto
729 4143 954 4205 peccato
991 4141 1179 4190 :‘ante
1227 4134 1424 4190 saecula
1471 4133 1693 4203 quidem
1744 4133 1986 4204 genitum
2028 4149 2097 4189 ex

527 4227 689 4283 Patre
716 4226 1020 4281 secundum
1046 4226 1312 4281 Deitatem
1340 4242 1354 4279 :
1384 4226 1440 4279 in
1467 4224 1729 4280 extremis
1753 4233 1935 4279 autem
1960 4234 2097 4279 tem-

528 4318 755 4389 poribus
801 4318 1057 4374 eumdem
1099 4326 1323 4388 propter
1352 4332 1455 4373 nos
1499 4326 1555 4372 et
1585 4327 1810 4387 promer
1851 4326 2095 4373 nostram

528 4411 760 4465 salutem
782 4424 849 4464 ex
872 4410 1040 4465 Maria
1069 4410 1294 4480 Virgine
1323 4424 1389 4464 ac
1414 4408 1637 4479 deipara
1665 4417 1856 4464 natum
1881 4425 1896 4463 :
1924 4425 2094 4465 unum

2200 3216 2339 3285 μετά
2403 3216 2502 3287 τὴν
2561 3216 2753 3270 ἕνωσιν
2817 3218 3259 3282 ἀναπλάττοντας
3288 3257 3304 3283 ,
3355 3218 3773 3290 ἀναθεματίζει.

2208 3306 2495 3376 Ἐπόμενοι
2522 3306 2702 3360 τοίνυν
2730 3310 2843 3371 τοῖς
2876 3308 3053 3377 ἁγίοις
3096 3310 3391 3380 Πατράσιν,
3423 3308 3521 3363 ἕνα
3556 3310 3777 3363 καὶτὸν

2197 3398 2357 3452 αὐτὸν
2384 3398 2752 3470 ὁμολογοῦμεν
2802 3401 2914 3471 (38)
2941 3400 3072 3455 Υίδν
3116 3399 3321 3472 Κύριον
3353 3400 3512 3472 ήμῶν
3562 3400 3777 3471 Ἰησοῦν

2197 3490 2455 3562 Χριστὸν,
2502 3491 2595 3544 καὶ
2642 3491 2950 3562 συμφώνως
2979 3489 3221 3555 ἀπαντες
3244 3492 3654 3562 ὲκδιδάσκομεν,
3681 3492 3777 3545 τέο

2197 3580 2344 3633 λειον
2367 3580 2459 3633 τὸν
2484 3580 2649 3635 αὐτὸν
2671 3582 2730 3634 ὲν
2766 3582 3002 3653 θεότητι,
3043 3584 3138 3636 καὶ
3168 3568 3373 3637 τέλειον
3403 3583 3496 3637 τὸν
3523 3582 3685 3636 αὐτὸν
3709 3583 3777 3636 ὲν

2197 3671 2600 3743 ἀνθρωπότητι,
2643 3672 2776 3726 Θεὸν
2815 3672 3049 3743 ἀληθῶς,
3088 3674 3185 3728 καὶ
3210 3673 3494 3745 ἄνθρωπον
3529 3672 3773 3744 ἀληθῶς,

2198 3764 2290 3817 τὸν
2324 3765 2483 3819 αὐτὸν
2513 3765 2577 3818 ὲκ
2603 3754 3026 3838 ψυχῆςλογικῆς
3054 3765 3149 3820 καὶ
3193 3766 3463 3837 σώματος,
3486 3766 3776 3837 ὁμοούσιον

2197 3859 2275 3931 τῷ
2306 3860 2483 3931 Πατρὶ
2512 3861 2652 3914 κατὰ
2681 3860 2780 3930 τὴν
2803 3860 3050 3931 θεότητα,
3087 3860 3183 3914 καὶ
3210 3859 3493 3928 ὁμοούσιον
3520 3862 3653 3929 ἡμῖν
3676 3860 3776 3912 τὸν

2198 3952 2359 4006 αὐτὸν
2383 3952 2525 4006 κατά
2574 3952 2672 4023 τὴν
2715 3950 3132 4021 ἁνθρωπότητα,
3184 3952 3325 4004 κατὰ
3370 3952 3547 4005 πάντα
3584 3952 3776 4018 ὅμοιον

2197 4045 2328 4113 ημῖν
2358 4044 2524 4116 χωρὶς
2565 4044 2861 4115 ἀμαρτίας⁶
2896 4042 3003 4114 πρὸ
3045 4043 3259 4098 αίὼνων
3290 4042 3389 4114 μὲν
3430 4044 3498 4096 ὲκ
3525 4041 3617 4095 τοῦ
3652 4043 3773 4094 Πα-

2196 4135 2323 4205 τρὺς
2345 4135 2677 4205 γεννηθέντα
2718 4134 2863 4188 κατὰ
2902 4134 3000 4205 τὴν
3027 4133 3277 4205 θεότητα·
3303 4132 3397 4187 ἐπ’
3431 4134 3676 4203 ἐσχάτων
3710 4132 3776 4185 δὲ

2195 4224 2305 4279 τῶν
2341 4225 2563 4297 ἡμερῶν
2596 4226 2687 4277 τὸν
2719 4226 2883 4278 αὐτὸν
2923 4225 2989 4278 δι’
3022 4226 3172 4296 ἡμᾶς
3214 4224 3309 4278 καὶ
3351 4222 3443 4277 διά
3485 4225 3585 4294 τὴν
3626 4224 3777 4296 ἠμε-

2196 4317 2361 4389 τέραν
2399 4315 2672 4387 σωτηρίαν
2702 4318 2765 4371 ἐκ
2810 4317 3031 4387 Μαρίας
3062 4316 3163 4386 τῆς
3197 4314 3475 4385 Παρθένου
3506 4314 3603 4368 καὶ
3637 4314 3775 4367 Θεο-

2198 4409 2361 4464 τόκου
2415 4411 2557 4465 κατά
2588 4410 2687 4482 τὴν
2728 4409 3143 4481 ἀνθρωπότηταο
3195 4410 3294 4463 ἕνα
3342 4408 3438 4462 καὶ
3485 4408 3579 4461 τὸν
3608 4407 3777 4461 αὐτὸν

528 4500 893 4571 eamdemque
934 4501 1121 4557 Jesum
1170 4499 1471 4562 Christum,
1520 4499 1740 4565 Filium,
1780 4500 2094 4567 Dominum,

2213 4500 2422 4573 Ἰησοῦν
2444 4503 2678 4572 Χριστὸν
2706 4502 2832 4556 Υίὸν
2874 4503 3080 4573 Κύριον
3117 4503 3395 4572 Μονογενῆ
3444 4502 3504 4554 ὲν
3539 4498 3635 4553 δύο
3672 4499 3782 4568 φύ-

533 4593 882 4664 Unigenitum
910 4612 925 4649 :
950 4593 1006 4647 in
1031 4593 1245 4648 duabus
1272 4591 1486 4647 naturis
1512 4591 1816 4657 inconfuse,
1843 4593 2097 4648 immuta-

2201 4611 2352 4647 σεσιν
2381 4594 2723 4665 ἀσυγχύτους,
2747 4594 3052 4665 ἀτρέπτως,
3078 4593 3420 4664 ἀδιαιρέτως,
3448 4593 3776 4663 ἀχωρίστως

530 4684 748 4749 biliter,
796 4685 1032 4741 indivise
1080 4694 1245 4755 atque
1278 4683 1718 4753 inseparabiliter
1757 4686 2039 4756 cognitum
2083 4703 2097 4739 :

530 4781 850 4828 naturarum
874 4773 1190 4829 diﬁ‘erentia
1211 4772 1532 4842 neutiquam
1559 4772 1829 4828 exstincta
1854 4790 1953 4844 per
1978 4776 2101 4829 uni-

531 4863 734 4918 tionem
761 4862 895 4918 :sed
938 4871 1152 4918 servata
1185 4862 1369 4933 potius
1411 4861 1697 4931 utriusque
1736 4873 1946 4919 natura:
1974 4881 2103 4936 pro-

530 4953 797 5023 prietate,
845 4961 901 5009 et
951 4952 1007 5007 in
1053 4966 1217 5006 unam
1269 4965 1558 5021 personam
1611 4967 1708 5007 seu
1764 4952 2101 5023 hypostasim

530 5050 894 5099 concurrente
942 5059 957 5095 :
1001 5056 1110 5096 non
1154 5040 1209 5094 in
1256 5039 1393 5095 duas
1424 5038 1683 5109 partitum
1730 5048 1825 5095 aut
1863 5040 2099 5097 divisum

2197 4685 2601 4759 γνωριζόμενον
2637 4685 2875 4757 οὐδαμοῦ
2925 4687 3024 4757 τῆς
3086 4685 3193 4739 τῶν
3246 4685 3463 4754 φύσεων
3509 4684 3778 4755 διαφορᾶς

2199 4777 2553 4851 ἀνῃρημένης
2602 4776 2691 4832 διά
2745 4777 2845 4850 τὴν
2877 4776 3088 4831 ἕνωσιν·
3121 4773 3436 4847 σωζομένης
3486 4775 3542 4828 δὲ
3574 4774 3780 4845 μᾶλλον

2198 4869 2299 4939 τῆς
2338 4868 2599 4939 ἰδιότητος
2656 4868 2922 4940 ἑκατέρας
2974 4867 3188 4937 φύσεως
3228 4866 3322 4920 καὶ
3367 4868 3448 4929 είς
3488 4864 3546 4918 ἓν
3602 4865 3779 4934 πρόσ-

2206 4976 2376 5024 ωπον,
2407 4959 2506 5012 καὶ
2535 4960 2662 5029 μίαν
2695 4959 2995 5013 ὑπόστασιν
3020 4956 3436 5029 συντρεχούσης
3466 4957 3566 5026 οὐχ
3591 4955 3668 5018 ὡς
3696 4955 3779 5018 εις

2209 5048 2301 5101 δύο
2333 5049 2604 5119 πρόσωπα
2644 5047 3021 5120 μεριζόμενον,
3047 5048 3081 5118 ἢ
3114 5046 3509 5117 διαιρούμενονο
3540 5044 3654 5099 ἀλλ’
3680 5044 3778 5098 ενα

1725 5175 2000 5231 VALESII
2032 5178 2587 5239 ANNOTATIONES.

591 5293 705 5365 (36)
742 5289 1025 5365 ’ᾼκᾳιδῶς
1078 5288 1531 5365 ᾼοέδοροῦντᾳςε
1597 5288 1959 5365 scribendum
1993 5306 2105 5365 est

532 5358 725 5436 procul
748 5362 916 5436 dubio
932 5360 1326 5436 mensam“,
1352 5368 1412 5436 ut
1432 5358 1631 5436 legitur
1655 5362 1709 5414 in
1726 5364 2103 5436 nta_nttscripto

531 5429 724 5492 codice
786 5429 1103 5487 Florentino
1162 5437 1218 5484 et
1270 5429 1326 5482 in
1372 5429 1521 5483 Actis
1567 5430 1762 5501 synodi
1793 5429 2100 5488 Chalcedo-

532 5520 741 5561 ﬂenSlS.

536 5570 539 5573 λ
604 5576 715 5645 (57)
754 5575 1002 5627 Ἵιντινα
1064 5569 1323 5645 τ-ῇωτοῦ
1366 5569 1634 5645 μεγάλοι)
1687 5570 1964 5645 Πέτρουη
2009 5571 2101 5645 Sic

528 5639 702 5700 etiam
730 5645 931 5713 legitur
965 5642 1107 5711 apud
1138 5639 1529 5713 Nicephorum.
1581 5639 1788 5713 Verum
1809 5641 2100 5713 orationis

530 5716 701 5770 series
753 5710 976 5767 omnino
1002 5710 1250 5778 postulat
1292 5720 1351 5764 ut
1386 5713 1631 5780 legamus
1678 5711 1773 5763 ᾶτε
1800 5710 1864 5777 δὴ
1892 5714 1958 5779 τῇ
2002 5713 2095 5763 τοῦ

534 5785 793 5855 μεγάλου,
822 5794 926 5838 etc.
962 5781 1428 5846 Quemadmodum
1454 5781 1711 5836 scribitur
1746 5781 1797 5833 in
1834 5781 1982 5835 Actis
2005 5797 2088 5851 sy-

2212 5300 2341 5355 nodi
2369 5298 2856 5355 Chalcedonensis.

2276 5371 2395 5445 (58_)_
2424 5372 2575 5445 Ἕνα
2600 5370 2697 5445 καί
2724 5370 2829 5422 τὸν
2850 5367 3054 5445 pair-6r
3079 5366 3511 5445 ὁμολογοῦμεξπἶ
3540 5363 3614 5445 ln_
3630 5362 3781 5417 Actis

2204 5434 2395 5537 synodi
2422 5438 2897 5537 IChalcedtlianensihs
2926 5434 3121 5537 aliter;
3146 5434 3411 5537 scribitur;
3457 5434 3548 5489 hic
3600 5434 3775 5515 locus,

2246 5526 2308 5537 Α..
2339 5510 2413 5537 -.ηε
2446 5510 2548 5537 ειη-ιι
2589 5524 2674 5537 mn
2719 5524 2750 5537 Λ
2781 5526 2792 5537 .
2833 5512 2854 5528 ⁸⁸
2903 5528 2963 5537 υ..
3017 5526 3083 5537 ..-
3150 5525 3178 5537 ρ
3204 5527 3242 5537 ,ιι
3291 5509 3449 5537 αι’.ο.ιι
3495 5508 3775 5537 lutumve?”

2204 5508 2309 5564 hoc
2339 5510 2552 5564 scilicet
2589 5509 2793 5562 modo:
2833 5512 2965 5562 Ἕνα
3017 5511 3110 5562 καὶ
3150 5508 3242 5559 τὸν
3288 5508 3449 5559 αὐτὸν
3495 5508 3779 5572 ὁμολογεῖν

2204 5580 2328 5664 ξ’ίὸν
2354 5581 2445 5632 τὸν
2484 5579 2699 5664 ’Κύρθιον
2736 5580 2891 5651 ἡμῶν

2200 5651 2439 5712 ἅπαντες
2481 5645 2891 5719 ἐκδιδασκόμεν.
2920 5645 3049 5716 ρυὶο
3076 5645 3299 5718 quidem
3324 5648 3595 5715 scriptura
3619 5645 3781 5712 longe

2201 5719 2405 5774 rectior
2431 5719 2566 5773 mihi
2603 5719 2843 5774 videtur.
