4028 6496
320 364 458 430 2509

1236 365 1624 428 HISTORUE
1663 364 2259 427 ECCLESIASTIC/E
2295 368 2531 430 LIBER
2572 370 2657 430 II.

3439 376 3583 441 2510

324 476 414 530 καὶ
447 472 542 527 τὸν
587 471 753 526 αὑτὸν
802 471 931 526 rem
982 471 1244 543 μονογενῆ
1274 471 1409 524 Θεὸν
1454 471 1664 539 Λόγον,
1698 468 1894 541 Κύριον

2006 486 2291 543 personas,
2332 473 2428 528 sed
2460 490 2630 528 unum
2675 474 3043 547 eumdemque
3090 477 3289 537 Filium
3332 483 3585 556 unigeni-

333 564 537 634 Ἰησοῦν
556 564 810 633 Χριστὸν,
843 563 1097 632 καθάπερ
1135 563 1340 616 ἄνωθεν
1367 563 1417 615 οἱ
1452 562 1732 633 προφῆται
1771 564 1901 631 περὶ

320 656 482 711 αὑτοῦ
515 658 608 710 καὶ
638 656 799 718 αὐτὸς
830 656 978 725 ἡμᾶς
1031 657 1060 708 ό
1108 653 1343 724 Χριστὸς
1390 652 1759 719 ἐξεπαίδευσε,
1807 653 1903 705 καὶ

318 747 375 800 τὺ
412 746 523 799 τῶν
564 745 829 817 Πατέρων
861 748 995 815 ἡμῖν
1040 744 1394 814 παραδέδωκε
1440 742 1728 815 σύμϐολον.
1762 743 1901 796 Τού-

316 856 423 891 των
455 838 643 891 τοίνυν
689 836 831 908 μετὰ
878 837 1060 906 πάσης
1086 836 1377 907 ἀκριϐείας
1405 836 1500 890 καὶ
1531 835 1827 907 ἐμμελείας
1856 837 1900 869 ³⁸

318 934 447 1002 παρ’
478 930 637 1001 ήμῶν
685 928 1162 995 διατυπωθέντων,
1216 928 1418 999 ὥρισεν
1457 930 1490 1000 ή
1533 928 1665 997 άγία
1698 929 1792 982 καὶ
1823 931 1902 982 οξ-

315 1024 617 1094 κουμινικὴ
674 1023 912 1086 σύνοδος,
966 1022 1161 1092 ἑτέραν
1218 1021 1401 1074 πίστιν
1453 1021 1645 1091 μηδενὶ
1701 1020 1899 1086 ἐξεῖναι

317 1114 616 1186 προφέρειν
640 1155 656 1178 ,
679 1113 932 1201 εἴτ”.οὒν
992 1112 1369 1185 συγγράφειν,
1406 1113 1437 1184 ἢ
1477 1112 1826 1179 συντιθέναι,
1862 1114 1896 1185 ἢ

314 1210 556 1278 φρονεῖν,
588 1207 623 1277 ἦ
657 1206 927 1259 διδάσκειν
960 1206 1201 1275 ἐτέρους.
1243 1206 1383 1268 Τοὺς
1419 1206 1476 1259 δὲ
1524 1205 1839 1276 τολμῶντας
1862 1207 1896 1277 ἢ

317 1300 626 1354 συντιθέναι
671 1299 856 1351 πίστιν
890 1299 1086 1369 ἑτέραν
1132 1299 1302 1368 ήγουν
1355 1298 1711 1370 προκομίζειν
1753 1298 1898 1369 ἥδι-

311 1394 559 1458 δάσκειν,
595 1392 628 1464 ἢ
678 1392 1033 1463 παραδιδόναι
1083 1392 1271 1464 ἕτερον
1314 1390 1584 1461 σύμϐολον
1632 1394 1745 1449 τοῖς
1784 1390 1901 1444 ἐθέ-

312 1486 494 1538 λουσιν
514 1483 865 1555 ἐπιστρέφειν
895 1485 975 1547 εἰς
1003 1484 1297 1551 ἐπίγνωσιν
1330 1482 1589 1555 ἀληθείας
1620 1481 1679 1547 ἐξ
1710 1482 1898 1554 Ἐλλη-

310 1576 509 1646 νισμοῦ
556 1576 651 1629 καὶ
693 1575 1029 1646 Ἰουδαῖσμοῦ
1072 1576 1107 1646 ἢ
1147 1573 1208 1640 ἐξ
1249 1576 1443 1647 ἑτέρας
1489 1574 1751 1647 αἱρέσεως
1780 1574 1898 1638 οἵας

308 1668 373 1737 δή
409 1686 566 1732 ποτε,
599 1667 820 1731 τούτους
852 1669 901 1721 εί
939 1668 1037 1738 μὲν
1068 1663 1179 1721 εἶεν
1213 1668 1530 1734 ἐπίσκοποι,
1552 1668 1587 1740 ἦ
1617 1667 1895 1739 κληρικοὶ,

308 1760 653 1831 ἀλλοτρίους,
706 1754 868 1824 εἶναι,
905 1760 1032 1823 τοὺς
1060 1760 1395 1823 ἐπισκόπους
1435 1760 1536 1829 τῆς
1562 1759 1892 1828 ἐπισκοπῆς,

2004 571 2119 617 tum
2170 565 2344 619 Deum
2396 565 2636 620 Verbum
2684 566 2981 624 Dominum
3028 570 3219 627 Jesum
3262 572 3583 649 Christum,

2000 656 2143 712 sicut
2187 656 2320 711 olim
2362 657 2666 727 prophetae.
2700 667 2758 713 et
2803 660 2921 729 ipse
2969 676 3070 717 nos
3120 664 3191 719 de
3238 680 3297 721 se
3331 666 3585 729 Christus

2002 746 2247 810 edocuit,
2284 757 2341 800 et
2372 748 2599 801 Patrum
2636 750 2947 820 symbolum
2993 752 3155 809 nobis
3206 757 3454 816 tradidit.
3486 761 3584 817 His

2001 836 2170 909 igitur
2201 853 2324 892 cum
2359 838 2511 893 omni
2542 854 2674 893 cura
2706 854 2773 894 ac
2806 839 3091 911 diligentia
3124 859 3153 897 a
3186 845 3347 902 nobis
3378 853 3586 907 consti-

2002 931 2172 995 tutis,
2202 940 2389 986 sancta
2434 939 2491 986 et
2536 931 2866 988 universalis
2911 934 3154 1004 synodus
3203 936 3485 1009 decrevit,
3522 953 3584 1000 ut

1999 1026 2206 1081 nemini
2241 1026 2407 1081 liceat
2452 1026 2616 1080 aliam
2666 1025 2830 1081 ﬁdem
2876 1028 3161 1098 proferre,
3209 1042 3305 1087 aut
3340 1039 3585 1094 conscri-

1999 1119 2156 1184 bere,
2182 1126 2277 1173 aut
2306 1134 2659 1188 componere,
2692 1127 2791 1174 aut
2817 1121 3048 1188 sentire,
3082 1124 3167 1179 vel
3194 1126 3336 1181 alios
3362 1127 3580 1187 docere.

2000 1211 2163 1282 292
2184 1210 2513 1281 Quicunque
2538 1226 2671 1266 vero
2692 1214 2811 1267 ausi
2834 1213 3044 1271 fuerint
3064 1215 3227 1271 aliam
3254 1218 3418 1275 ﬁdem
3438 1237 3586 1277 com-

1999 1317 2227 1372 ponere,
2253 1310 2349 1356 aut
2379 1301 2646 1371 proferre,
2673 1313 2768 1359 aut
2800 1304 3019 1373 docere,
3053 1308 3141 1363 vel
3175 1309 3326 1365 aliud
3357 1315 3581 1384 symbo-

1999 1395 2114 1448 lum
2160 1394 2380 1449 tradere
2427 1395 2495 1449 iis
2529 1396 2623 1465 qui
2669 1411 2700 1450 a
2737 1397 3025 1467 gentilium
3059 1401 3454 1471 superstitione
3492 1407 3578 1463 vel

1997 1482 2303 1548 Judaismo,
2350 1484 2436 1538 vel
2487 1485 2555 1539 ab
2590 1484 2697 1540 alia
2727 1486 2976 1555 qualibet
3028 1498 3176 1545 secta
3220 1491 3288 1546 ad
3330 1495 3584 1551 veritatis

1998 1577 2372 1647 cognitionem
2424 1586 2751 1633 convertere
2800 1593 2860 1633 se
2910 1581 3312 1639 voluerint:si
3358 1587 3581 1657 quidem

1997 1667 2245 1738 episcopi
2286 1664 2419 1734 sint,
2455 1668 2525 1722 ab
2565 1669 2863 1739 episcopali
2902 1670 3278 1742 dignitate:si
3302 1692 3434 1732 vero
3470 1679 3583 1736 cle-

1998 1758 2137 1823 rici,
2184 1774 2216 1813 a
2262 1759 2410 1815 clero
2444 1769 2776 1815 censeantur
2805 1762 2995 1818 alieni.
3034 1764 3191 1830 Quod
3234 1765 3280 1821 si
3324 1770 3579 1825 monachi

309 1854 408 1907 καὶ
442 1855 572 1916 τοὺς
600 1853 898 1924 κληρικοὺς
944 1851 1038 1905 τοῦ
1070 1852 1299 1923 κλήρου·
1335 1852 1384 1905 εί
1411 1851 1468 1905 δὲ
1506 1848 1893 1922 μονάζοντεςῆ

2000 1847 2210 1902 fuerint
2260 1856 2358 1902 aut
2411 1847 2570 1912 laici,
2621 1848 2960 1905 anathemati
3012 1851 3397 1921 subjiciantur.
3443 1856 3579 1912 Cum

309 1944 493 1998 λαῖκοὶ
521 1941 647 2007 εἶεν,
675 1943 1191 2014 άναθεματίζεσθαι.
1229 1943 1386 1997 Μετὰ
1434 1944 1621 1997 τοίνυν
1662 1943 1755 1996 τὸν
1800 1943 1896 1997 άν-

309 2035 659 2107 εγνωσμένον
686 2036 833 2106 ὅρον,
878 2034 973 2087 καλ⁵
1020 2034 1274 2104 βασιλεὺς
1302 2035 1619 2105 Μαρκιανὸς
1663 2034 1767 2089 ἀνὰ
1794 2034 1895 2101 τὴν

310 2126 699 2198 Καλχηδονέων
726 2129 791 2197 τῇ
841 2126 1040 2197 συνόδῳ
1070 2126 1539 2197 παραγενόμενος,
1571 2126 1894 2197 δημηγορή-

309 2234 408 2279 σας
432 2234 491 2269 τε
522 2212 589 2270 αὖ
624 2215 970 2281 ὲπανέζευξε.
1023 2215 1131 2270 Καί
1161 2233 1272 2270 τισι
1317 2216 1652 2286 συμϐάσεσιν
1692 2217 1892 2271 Ἰουϐε-

307 2306 490 2371 νάλιός
522 2324 583 2359 τε
623 2308 718 2360 καὶ
773 2305 1025 2377 Μάξιμος
1079 2308 1149 2360 τὰ
1202 2308 1333 2378 περὶ
1375 2308 1485 2360 τῶν
1520 2308 1642 2360 κατ’
1694 2307 1893 2371 αὐτοὺς

309 2398 593 2470 ἐπαρχιῶν
630 2397 926 2469 διῴκησαν,
962 2401 1056 2452 καὶ
1103 2398 1435 2469 Θεοδὼριτος
1478 2400 1571 2452 καὶ
1606 2398 1758 2462 Ἴϐας
1799 2400 1892 2452 ἀν-

308 2490 642 2563 εκλήθησαν,
680 2491 775 2544 καὶ
802 2489 966 2562 ἕτερα
996 2490 1270 2559 κεκίνητο,
1298 2491 1463 2562 άπερ,
1494 2490 1570 2554 ὡς
1610 2489 1782 2560 ἔφθην
1814 2490 1890 2543 εί-

310 2582 449 2646 πὼν,
493 2583 609 2653 μετ’
650 2583 820 2653 αὐτὴν
870 2582 967 2653 τὴν
1010 2581 1254 2654 ἱστορίαν
1296 2582 1704 2653 ἐγγέγραπται.
1746 2580 1892 2635 Ἐδό-

310 2693 394 2729 κει
422 2675 482 2729 δὲ
522 2677 617 2729 καὶ
646 2676 738 2729 τὸν
762 2675 954 2746 θρόνον
979 2675 1080 2745 τῆς
1115 2676 1242 2739 νέας
1283 2674 1505 2747 Ῥώμης
1531 2678 1597 2729 ἐκ
1633 2676 1743 2728 τῶν
1767 2675 1891 2728 δευ-

306 2770 540 2841 τερείων
603 2770 705 2839 τῆς
758 2769 1139 2842 πρεσϐυτέρας
1190 2769 1430 2842 Ῥώμης,
1457 2770 1567 2824 τῶν
1603 2770 1781 2825 ἄλλων
1823 2772 1892 2825 τὰ

308 2862 578 2935 πρεσϐεῖα
604 2863 814 2934 φέρειν.

911 3062 1166 3117 ΚΕΦΑΛ.
1208 3062 1285 3116 E'.

307 3158 455 3239 napi
487 3157 601 3226 τῆς
632 3157 961 3239 πινομένης
1008 3156 1305 3239 σςτάσξωςν
1468 3134 1892 3239 Ἀᾼὲεᾳνδρεία

378 3226 555 3298 χάριν
597 3226 707 3296 τῆς
756 3226 1125 3297 χειροτονίας
1154 3226 1498 3297 Προτερίου,
1529 3227 1745 3295 ὁμοίως
1788 3227 1887 3281 καὶ

380 3300 451 3352 ἐν
495 3299 951 3369 Ἰεροσολύμοις.

395 3391 518 3444 Ἐπὶ
547 3391 758 3455 τούτοις
780 3391 855 3461 (ἡ)
879 3390 1167 3462 Διόσκορος
1188 3389 1284 3461 μὲν
1310 3389 1410 3460 τὴν
1424 3390 1759 3461 Γαγγρηνῶν
1785 3386 1893 3441 τῶν

305 3484 678 3553 Παφλαγόνων
708 3487 877 3538 οἰκεῖν
921 3483 1329 3555 κατακρίνεται·
1366 3483 1657 3556 Προτέριος
1703 3482 1760 3535 δὲ
1792 3480 1893 3551 τὴν

300 3578 635 3649 ἐπισκοπὴν,
678 3577 844 3647 ψήφῳ
890 3579 1043 3649 κοινῇ
1074 3576 1175 3646 τῆς
1212 3575 1451 3635 συνόδου,
1484 3576 1584 3645 τῆς
1644 3573 1893 3640 Ἀλεξαν-

298 3667 482 3738 δρέων
515 3667 849 3738 κληροῢταιο
896 3666 957 3731 ὃς
994 3666 1185 3737 ἐπειδὴ
1234 3665 1326 3719 τὸν
1350 3667 1550 3719 οἰκεῖον
1578 3664 1892 3734 κατειλήφει

303 3758 500 3829 θρόνον
551 3760 805 3830 μέγιστος
834 3759 930 3812 καὶ
976 3757 1305 3822 άνύποιστος
1346 3758 1587 3827 τάραχος
1625 3755 1703 3827 τῷ
1733 3756 1892 3828 δήμῳ

300 3852 562 3924 διανέστη
604 3855 742 3924 πρὸς
789 3850 1079 3925 διαφόρους
1124 3850 1512 3923 κυμαινομένῳ
1544 3849 1791 3921 γνώμας.
1826 3849 1892 3903 Ui

306 3945 416 4016 μὲν
442 3946 550 4016 γάρ
580 3946 868 4014 Διόσκορον
895 3945 1216 4015 ἐπεζήτουν,
1255 3939 1453 4015 οἷάπερ
1506 3943 1653 4007 είκὸς
1690 3944 1746 3996 ἐν
1778 3944 1892 4007 τοῖς

303 4036 573 4100 τοιούτοις
623 4038 894 4106 γίνεσθαιο
926 4039 979 4091 οί
1016 4039 1094 4103 δὲ,
1132 4038 1431 4109 Προτερίου
1476 4036 1618 4109 μάλα
1660 4035 1891 4104 γενικῶς

300 4126 639 4195 ἀντείχοντο,
669 4128 745 4191 ὡς
774 4129 869 4181 καὶ
906 4128 1079 4182 πολλὰ
1126 4128 1223 4181 καὶ
1261 4129 1540 4199 ἀνήκεστα
1586 4127 1891 4196 προελθεῖν.

316 4218 549 4289 Ἱστορεῖ
574 4219 621 4273 δ’
642 4220 735 4273 οὖν
769 4221 1003 4291 Πρίσκος
1028 4222 1057 4273 ό
1085 4221 1318 4291 Ῥήτωρ,
1353 4222 1551 4291 φθῆναι
1591 4220 1893 4290 τηνικαῦτα

300 4310 410 4381 τὴν
458 4311 805 4383 Ἀλεξάνδρου
854 4313 955 4383 τῆς
990 4312 1244 4383 θηϐαίων
1291 4313 1561 4385 ἐπαρχίας
1591 4312 1729 4385 (59),
1764 4310 1891 4365 ἰδεῖν

301 4419 371 4456 τε
401 4403 492 4455 τὸν
538 4403 706 4474 δῆμον
746 4404 913 4475 ὁμόσε
956 4404 1099 4458 κατά
1129 4404 1235 4458 τῶν
1279 4406 1557 4475 ἀρχόντων
1588 4404 1887 4475 χωροῦντα*

300 4494 409 4562 τῆς
460 4512 514 4547 τε
570 4497 968 4567 στρατιωτικῆς
1006 4496 1290 4565 δυνάμεως
1319 4496 1418 4567 τὴν
1450 4497 1641 4550 στάσιν
1688 4495 1890 4548 διακω-

300 4584 460 4636 λύειν
497 4584 850 4657 βουλομένης,
880 4584 1045 4639 λίθων
1083 4584 1264 4655 βολαῖς
1314 4584 1512 4648 αὐτοὺς
1556 4583 1885 4655 χρήσασθαιο

386 4721 425 4751 "
457 4719 647 4775 Canon
671 4719 744 4775 28
778 4720 945 4793 hujus
970 4721 1217 4777 concilii.

1998 1937 2116 1994 haec
2139 1938 2388 1993 delinitio
2411 1939 2553 2002 lecta
2575 1947 2741 2005 esset,
2756 1939 3054 2011 imperator
3072 1942 3401 2013 Marcianus,
3418 1946 3581 2003 Chal-

1996 2030 2262 2087 cedonem
2290 2030 2592 2101 ingressus,
2619 2030 2829 2103 synodo
2857 2032 3128 2100 interfuit,
3154 2043 3211 2090 et
3234 2038 3485 2094 oratione
3508 2038 3579 2095 ad

1994 2122 2287 2194 episcopos
2321 2121 2547 2188 habita,
2580 2138 2707 2179 mox
2753 2124 3003 2180 recessit.
3032 2125 3316 2183 Iuvenalis
3360 2129 3491 2185 item
3520 2139 3579 2188 et

1995 2212 2263 2267 Maximus
2308 2212 2717 2268 controversias
2763 2228 2887 2283 qua:
2934 2213 3080 2270 inter
3130 2215 3278 2286 ipsos
3319 2230 3478 2276 erant
3507 2219 3577 2276 de

1993 2303 2327 2374 quibusdam
2375 2303 2701 2373 provinciis,
2730 2305 2897 2360 certis
2936 2308 3399 2364 conventionibus
3430 2309 3579 2367 dire-

1997 2405 2242 2451 merunt.
2268 2396 2540 2452 Praeterea
2562 2396 2930 2452 Theodoritus
2952 2406 3008 2453 et
3031 2398 3155 2454 ibas
3184 2401 3428 2457 restituti
3449 2415 3578 2459 sunt

1995 2487 2053 2541 in
2098 2486 2394 2559 integrum.
2435 2488 2555 2543 Alia
2582 2503 2803 2560 quoque
2846 2496 3075 2545 tractata
3119 2500 3278 2559 sunt,
3329 2509 3483 2565 quae,
3516 2506 3579 2552 ut

1995 2595 2159 2649 supra
2190 2579 2324 2645 dixi,
2360 2579 2428 2634 ad
2456 2581 2663 2635 calcem
2689 2581 2857 2653 hujus
2886 2581 3013 2637 libri
3054 2583 3260 2653 scripta
3294 2585 3469 2643 lector
3496 2588 3579 2643 in—

1997 2672 2205 2727 veniet.
2241 2673 2489 2743 Denique
2532 2672 2817 2729 decretum
2860 2684 2966 2741 est,
3014 2682 3075 2729 ut
3105 2676 3266 2732 sedes
3305 2678 3581 2751 archiepi-

1998 2764 2184 2835 scopis
2224 2764 2464 2837 junioris
2506 2764 2724 2831 Romae,
2756 2782 2824 2821 eo
2870 2767 3019 2837 quod
3067 2769 3308 2825 secunda
3350 2771 3425 2826 sit
3456 2781 3580 2843 post

1996 2854 2276 2911 seniorem
2324 2856 2588 2923 Romam,
2651 2858 3071 2929 prterogativam
3127 2874 3293 2931 supra
3338 2862 3579 2934 reliquas

1990 2946 2155 3003 sedes
2188 2947 2439 3003 obtineat
2469 2948 2534 3001 ¹¹.

2653 3063 2806 3119 CAP.
2849 3063 2915 3119 ν.

1998 3151 2077 3207 De
2111 3153 2367 3207 seditione
2396 3168 2514 3223 qua:
2538 3152 2880 3208 Alexandria:
2915 3153 3059 3223 facta
3087 3163 3164 3208 est
3196 3155 3257 3209 ob
3288 3155 3580 3211 ordinatio-

2067 3240 2187 3295 nem
2246 3223 2472 3278 Proterii
2505 3239 2524 3278 :
2556 3232 2605 3277 et
2655 3225 2719 3277 de
2767 3240 2832 3279 ea
2891 3240 3011 3295 qua:
3067 3226 3285 3295 contigit
3334 3225 3581 3281 Hieroso-

1917 3271 1962 3333 C
2066 3271 2243 3364 asa.

2064 3385 2313 3440 Postbaac
2333 3385 2629 3442 Dioscorus
2654 3386 2876 3457 quidem
2898 3386 2952 3442 in
2969 3386 3165 3444 urbem
3195 3387 3579 3461 Paphlagoniae

1992 3474 2265 3547 Gangram
2307 3485 2393 3532 est
2440 3477 2761 3548 relegatus:
2794 3478 3076 3534 Proterius
3123 3494 3254 3534 vero
3299 3480 3576 3535 communi

1996 3568 2165 3623 totius
2197 3568 2391 3640 synodi
2431 3570 2694 3642 sulfragio
2721 3571 3154 3626 Alexandrinum
3196 3572 3577 3643 episcopatum

1994 3658 2242 3713 sortitur.
2271 3659 2374 3727 Qui
2402 3676 2525 3716 cum
2550 3662 2736 3717 sedem
2767 3679 2921 3718 suam
2951 3663 3356 3733 capessivisset,
3385 3665 3579 3737 ingens

1993 3761 2160 3820 atque
2195 3752 2559 3809 intolerabilis
2590 3762 2816 3809 exortus
2845 3763 2931 3811 est
2962 3756 3234 3812 tumultus
3256 3756 3310 3811 in
3331 3756 3576 3822 civitate,

1993 3844 2198 3913 populo
2234 3843 2291 3898 in
2326 3843 2574 3900 diversas
2612 3848 2915 3905 sententias
2948 3848 3233 3905 distracto.
3277 3850 3385 3906 Alii
3426 3850 3577 3907 enim

1993 3935 2739 4009 Dioscorum_requirebant,
2776 3948 2836 3994 ut
2880 3940 2937 3995 in
2979 3941 3299 4013 hujusmodi
3332 3942 3580 3999 occasio-

1992 4028 2159 4084 nibus
2193 4028 2311 4084 ﬁeri
2356 4031 2516 4085 solet.
2566 4031 2673 4085 Alii
2722 4032 3031 4087 Proterium
3082 4034 3442 4104 pertinaciter
3482 4034 3581 4091 de-

1990 4118 2293 4177 fendebant
2331 4138 2345 4175 :
2383 4122 2524 4177 adeo
2578 4131 2638 4177 ut
2688 4124 2859 4178 multa
2903 4125 3201 4180 admodum
3250 4127 3464 4198 gravia,
3514 4143 3580 4183 ac

1992 4228 2166 4283 prope
2198 4213 2523 4268 insanabilia
2566 4214 2694 4269 inde
2737 4215 3122 4285 proﬂuxerint.
3152 4218 3315 4273 Certe
3358 4218 3580 4273 Priscus

1993 4307 2186 4361 rhetor
2224 4308 2281 4361 in
2324 4307 2565 4362 Historia
2602 4323 2699 4363 sua
2742 4310 2935 4366 scribit
2974 4312 3062 4367 his
3101 4313 3445 4384 temporibus
3486 4330 3581 4369 ve-

1992 4399 2142 4454 nisse
2186 4414 2244 4455 se
2285 4398 2675 4454 Alexandriam
2721 4417 2789 4456 ex
2828 4404 3111 4472 provincia
3159 4406 3478 4470 Thebaide,
3522 4417 3578 4462 et

1993 4490 2183 4562 populi
2208 4490 2618 4545 multitudinem
2644 4491 2908 4563 impetum
2932 4494 2987 4549 in
3013 4497 3360 4567 magistratus
3377 4497 3581 4552 facien-

2003 4592 2111 4639 tem
2157 4583 2383 4641 vidissc.
2413 4584 2663 4655 Cumque
2710 4586 2910 4642 milites
2955 4588 3284 4646 seditionem
3327 4589 3579 4646 inhibere

1649 4813 1887 4871 VARle
1932 4814 2319 4874 LECTIONES
2331 4838 2349 4857 ο

382 4886 428 4918 ³⁸
451 4886 784 4957 ἐπιμελείας.

1521 4979 1797 5039 VALESII
1835 4980 2403 5039 ANNOTATIONES.

384 5071 495 5153 ςὸθ)
535 5072 658 5155 Τῶξς
687 5073 1300 5155 Θηραίων-ἐπαρχίαν.
1332 5073 1493 5155 Hunc
1507 5075 1697 5155 locum
1731 5075 1894 5155 resti-

2000 5091 2129 5155 s_cus
2156 5075 2365 5155 rhetor.
2394 5073 2826 5155 CertePriscus
2868 5073 2925 5155 ip
2972 5073 3255 5155 provincia
3294 5074 3577 5155 Thebaide

306 5143 394 5196 tui
428 5158 492 5195 ex
532 5142 721 5198 codice
748 5142 1112 5205 Florentium
1142 5142 1231 5200 cui
1270 5146 1549 5201 consentit
1600 5147 1767 5201 etiam
1800 5146 1896 5200 Ni-

300 5213 585 5284 cephorus
631 5214 685 5267 in
738 5230 860 5284 cap.
920 5231 1017 5268 vm
1064 5215 1191 5269 libri
1224 5216 1310 5269 l5.
1357 5216 1601 5271 Pessime
1643 5216 1897 5272 Christo-

352 5282 1035 5357 horsonusemendaverat
1071 5286 1162 5357 τδν
1196 5287 1305 5357 τῷν
1339 5287 1609 5357 Θηϐαίων
1634 5288 1894 5357 ἔπαρχον.

358 5368 499 5420 eque
544 5354 694 5439 enim
732 5354 971 5439 Thebais
1004 5355 1289 5439 Provincia
1317 5372 1358 5439 ει.
1384 5354 1644 5439 prmfecto
1674 5354 1898 5439 regeba-

304 5431 403 5476 tur
431 5441 460 5498 ;Δ
486 5424 604 5498 sed
630 5426 948 5498 aApraeside,
995 5435 1058 5479 ut
1110 5426 1273 5481 docet
1312 5424 1517 5481 Illo—tilia
1547 5424 1895 5498 imperiiRo-

305 5494 478 5566 moui.
511 5494 721 5566 Deinde
761 5512 869 5549 non
919 5506 1189 5552 rectorem
1240 5498 1537 5566 provinciae
1564 5494 1891 5558 Thebaidis.

303 5562 410 5618 sed
445 5564 689 5634 seipsum
719 5565 1105 5622 Alexandriam
1135 5562 1266 5621 tunc
1300 5568 1516 5623 venisse
1544 5567 1741 5624 scribit
1768 5568 1892 5623 Pri-

2005 5147 2098 5201 diu
2132 5154 2384 5216 versatus
2414 5145 2592 5201 fuerat
2617 5159 2742 5199 cum
2768 5143 3062 5199 Maximino
3087 5146 3249 5208 duce,
3274 5147 3432 5216 cujus
3460 5154 3583 5201 erat

2004 5215 2356 5271 consiliarius
2396 5227 2452 5272 et
2496 5230 2763 5279 assessor,
2822 5222 2957 5269 tunc
3008 5230 3133 5270 cum
3187 5216 3277 5270 ille
3316 5215 3582 5271 adversus

2005 5286 2200 5358 Nubas
2254 5295 2317 5358 et
2348 5286 2657 5358 Blemmyas
2704 5284 2912 5358 bellum
2962 5295 3193 5358 gereret,
3241 5297 3301 5358 ut
3350 5287 3585 5358 ipsemet

2003 5358 2165 5411 docet
2189 5356 2245 5410 in
2278 5356 2575 5427 Excerptis‘
2590 5356 2948 5427 legationum.
2978 5356 3038 5411 In
3061 5356 3371 5427 Telleriano
3392 5357 3584 5412 codice

2003 5428 2150 5498 hunc
2165 5426 2347 5482 locum
2380 5426 2737 5498 itascriptum
2766 5426 2973 5498 inveni,
3001 5427 3203 5498 φθῆναι
3237 5426 3303 5479 δι’
3342 5427 3587 5498 Ἀλεξάν-

1999 5497 2129 5566 δρου
2168 5500 2264 5566 τῆς
2310 5498 2563 5568 Θηϐαίων
2585 5496 2883 5566 ἐπαρχίας.
2912 5496 3095 5568 Malim
3129 5504 3308 5551 tamen
3340 5497 3587 5552 Scribere

2004 5568 2204 5638 φθῆναι
2236 5570 2292 5631 ἐς
2322 5566 2422 5638 τήν
2466 5568 2816 5637 Ἀλεξάνδρου
2848 5570 2912 5619 ἐκ
2932 5566 3054 5637 τῆς,
3091 5575 3190 5621 etc.

1765 5683 2162 5739 VARIORUM.

392 5768 469 5842 (Ιι)
504 5771 835 5842 Διόσκορος
863 5772 979 5843 μὲν
1003 5774 1117 5841 τὴν
1151 5774 1535 5843 Γαγγρηνῶν.
1565 5773 1789 5829 Certum
1811 5786 1894 5830 est

2008 5783 2179 5829 talum
2213 5790 2336 5829 esse
2362 5790 2507 5829 anno
2542 5774 2667 5840 451,
2708 5775 2896 5844 ibique
2950 5774 3226 5831 interiisse
3272 5789 3417 5832 anno
3451 5777 3579 5833 454·

307 5839 638 5899 Dioscorum
666 5839 939 5916 Gangram
964 5839 1104 5902 Asim
1147 5839 1673 5901 Minoriscivitatcm
1701 5846 1901 5917 depor-

2010 5847 2147 5901 Vidc
2186 5846 2310 5901 Ant.
2342 5846 2469 5917 Pag.
2507 5846 2573 5901 ad
2603 5862 2730 5903 ann.
2768 5846 2897 5909 451,
2926 5861 2983 5901 n.
3011 5846 3104 5905 66o
