3970 6486
484 416 627 482 2515
1684 416 1999 478 EVAGRlI
2042 417 2060 477 Ε

2174 418 2530 480 [OLASTICI
3617 422 3760 487 2516

484 546 550 585 ac
586 540 709 583 sese
759 523 998 580 invicem
1033 522 1333 593 perimere,
1375 537 1405 575 a
1437 521 1713 593 plerisque
1744 523 2060 580 existimen-

2174 526 2456 598 διαμέτρου
2486 516 2768 598 φέρεσθαι,
2794 528 2887 583 καὶ
2918 526 3165 600 ἀλλήλων
3220 529 3576 603 ἁναιρετικάς
3620 534 3759 587 καθ-

485 628 598 677 tur.
621 619 757 676 Nam
775 617 871 689 qui
892 616 1177 673 Christum
1196 614 1252 670 in
1273 615 1494 671 duabus
1514 616 1732 671 naturis
1751 616 2060 681 conﬁtetur,

2174 616 2416 671 εστάναι.
2450 616 2518 670 ὐ
2552 635 2611 670 τε
2649 618 2758 689 γὰρ
2797 619 2856 671 ὲν
2894 619 2989 673 δύο
3024 618 3221 689 φύσεσι
3240 620 3332 675 τὸν
3363 623 3601 693 Χριστὸν
3629 625 3761 694 ὁμο-

486 714 642 769 illum
669 727 737 768 ex
763 708 981 767 duabus
1009 708 1227 765 naturis
1251 723 1373 764 esse
1400 716 1589 778 aperte
1633 707 1793 762 dicit.
1839 707 1896 763 Si
1945 709 2071 779 qui-

484 807 611 862 dem
640 805 772 861 dum
798 803 1083 861 Christum
1110 802 1166 857 iu
1197 800 1403 857 deitate
1433 810 1491 856 et
1539 802 1886 858 humanitate
1928 817 2066 857 con-

485 898 696 962 litetur,
756 913 823 952 ex
880 896 1085 952 deitate
1128 903 1186 951 et
1241 894 1585 950 humanitate
1635 910 1763 950 eum
1813 903 2068 950 constare

484 988 761 1046 concedit.
796 989 1011 1044 Rursus
1031 987 1125 1058 qui
1148 1002 1217 1042 ex
1246 986 1463 1041 duabus
1491 986 1710 1041 naturis
1736 985 1892 1050 dicit,
1921 986 2066 1041 idem

484 1090 895 1152 consequenter
939 1080 995 1135 in
1038 1080 1253 1135 duabus
1291 1079 1457 1134 etiam
1496 1078 1813 1133 confitetur.
1853 1078 2068 1148 Quippe

484 1174 618 1229 dum
653 1188 722 1228 ex
755 1172 962 1228 deitate
994 1179 1051 1227 et
1079 1171 1425 1227 humanitate
1450 1170 1729 1226 Christum
1765 1185 1886 1224 esse
1910 1170 2066 1233 dicit,

485 1265 543 1320 in
573 1264 777 1319 deitate
801 1272 858 1320 et
881 1263 1230 1319 humanitate
1254 1277 1382 1316 cum
1413 1261 1719 1317 consistere
1749 1260 2064 1331 proﬁtetur,

483 1372 589 1413 nec
616 1371 781 1411 carne
817 1355 875 1410 in
918 1355 1179 1417 deitatem
1215 1369 1508 1419 conversa,
1543 1369 1648 1408 nec
1679 1352 1887 1408 deitate
1932 1353 2065 1408 item

483 1449 540 1503 in
575 1464 798 1504 carnem
825 1456 1033 1501 mutata
1062 1467 1074 1501 :
1107 1462 1342 1517 quarum
1365 1430 1667 1501 inelIabilis'
1701 1446 1916 1501 exsistit
1939 1445 2065 1501 uni-

486 1539 581 1596 tio.
613 1539 767 1595 Adeo
799 1548 859 1593 ut
900 1555 999 1610 per
1041 1553 1233 1593 vocem
1288 1538 1453 1602 hanc,
1490 1554 1557 1591 ex
1609 1537 1846 1602 duabus,
1901 1537 2064 1592 simul

481 1632 649 1691 etiam
680 1631 969 1687 commode
995 1630 1335 1702 intelligatur
1362 1631 1417 1684 in
1448 1630 1700 1696 duabus;
1738 1639 1796 1685 et
1840 1647 1939 1701 per
1963 1647 2066 1685 vo-

482 1739 604 1779 cem
636 1724 799 1787 hanc,
840 1722 897 1777 in
926 1723 1162 1787 duabus,
1196 1722 1537 1794 intelligatur
1564 1738 1785 1792 quoque
1828 1739 1893 1777 ex
1931 1722 2067 1777 dua-

482 1816 608 1881 bus,
634 1832 738 1871 nec
771 1816 1005 1871 alterum
1040 1816 1208 1881 distet
1251 1815 1320 1870 ab
1359 1816 1552 1870 altero.
1605 1814 2063 1884 Quandoquidem

2173 707 2370 775 λογῶν,
2402 709 2466 763 ὲκ
2496 708 2589 762 δύο
2618 710 2881 781 ἀντικρὺς
2903 710 3069 779 λέγει,
3115 712 3273 783 εἴπερ
3304 715 3361 765 ὲν
3402 713 3623 785 θεότητι
3670 716 3764 769 καὶ

2172 799 2552 870 ἀνθρωπότητι
2575 802 2952 872 συνομολογῶν
2974 803 3065 856 τὸν
3099 804 3354 875 Χριστὸν,
3384 806 3672 875 ὁμολογῶν
3701 809 3765 862 ὲκ

2172 890 2426 972 θεότητος
2452 892 2587 963 (5‘2),
2606 894 2701 947 uel.
2725 893 3149 966 άνθρωπότητος
3180 896 3555 953 συντεθεῖσθαι
3587 899 3763 968 λέγει.

2174 984 2242 1036 Ὀ
2274 999 2335 1036 τε
2369 984 2435 1037 ὲκ
2480 984 2576 1038 δύο
2606 984 2803 1053 λέγων,
2834 986 2934 1058 τὴν
2974 990 3031 1041 ἐν
3063 987 3159 1041 δύο
3210 990 3430 1053 πάντως
3459 991 3765 1061 ὁμολογίαν

2170 1075 2403 1144 ὲπάγει,
2452 1077 2609 1147 είπερ
2661 1078 2727 1130 ὲκ
2768 1077 3019 1149 θεότητος
3069 1081 3164 1133 καὶ
3200 1081 3628 1153 ἀνθρωπότητος
3673 1082 3765 1137 τὸν

2169 1169 2410 1238 Χριστὸν
2452 1168 2650 1238 λέγων,
2684 1171 2744 1223 ἐν
2788 1170 3002 1243 θεότητι
3043 1174 3138 1225 καὶ
3166 1173 3548 1244 ἁνθρωπότητι
3570 1175 3765 1245 ὁμολο-

2169 1263 2258 1329 γεῖ
2281 1261 2446 1315 αὐτὸν
2473 1261 2844 1316 καθεστάναι·
2878 1263 3003 1316 οὔτε
3033 1264 3133 1335 τῆς
3182 1265 3384 1335 σαρκὸς
3421 1267 3479 1328 ἐς
3529 1266 3765 1337 θεότητα

2173 1349 2633 1421 μεταόληθείσης,
2665 1350 2792 1404 οὔτε
2827 1347 2894 1405 αὖ
2926 1353 3024 1423 τῆς
3057 1353 3314 1425 θεότητος
3342 1356 3399 1419 ἐς
3435 1356 3623 1426 σάρκα
3661 1376 3763 1427 χω-

2170 1442 2528 1514 ρησάσης,“ὲξ
2561 1436 2637 1495 ὧν
2681 1444 2715 1513 ἡ
2765 1444 3005 1515 ἄρῤητος
3036 1444 3252 1511 ἓνωσις.
3298 1448 3388 1512 Ὠς
3427 1448 3514 1501 διὰ
3558 1448 3665 1518 τῆς
3701 1450 3764 1502 ὲκ

2168 1534 2263 1588 δύο
2291 1536 2477 1605 φωνῆς
2509 1534 2746 1588 ἐνταῦθα
2783 1536 3022 1590 νοεῖσθαι
3052 1539 3379 1608 προσφόρως
3417 1540 3519 1610 τὴν
3554 1541 3619 1593 ὲν
3648 1539 3761 1607 δύο,

2167 1626 2262 1679 καὶ
2289 1625 2377 1679 διὰ
2402 1628 2500 1695 τῆς
2531 1627 2589 1678 ὲν
2610 1626 2702 1680 δύο
2722 1627 2822 1699 τὴν
2853 1630 2916 1681 ὲκ
2943 1629 3056 1694 δύο,
3081 1630 3177 1682 καὶ
3198 1630 3423 1700 θάτερον
3450 1631 3548 1684 τοῦ
3574 1631 3763 1701 ἐτέρου

2170 1716 2245 1789 μὴ
2298 1718 2792 1789 ἀπολιμπάνεσθαι.
2826 1720 2999 1774 Ὅπου
3043 1737 3109 1789 γε
3156 1722 3300 1775 κατὰ
3330 1722 3390 1775 τὸ
3419 1722 3761 1795 περιούσιον,

2166 1812 2226 1864 ού
2262 1811 2421 1881 μόνον
2473 1812 2533 1866 τὸ
2584 1811 2703 1867 ὅλον
2732 1814 2797 1866 ἐκ
2828 1814 3032 1884 μερῶν,
3061 1814 3196 1868 ἀλλὰ
3235 1817 3332 1869 καί⁵
3373 1818 3430 1868 ἐν
3481 1817 3679 1887 μέρεσι
3707 1816 3763 1869 τὸ

477 1911 633 1982 juxta
664 1909 1037 1964 abundantem
1090 1907 1355 1978 loquendi
1395 1923 1581 1974 usum,
1616 1924 1727 1961 non
1775 1907 1952 1961 solum
1997 1924 2060 1961 ex

2174 1904 2285 1957 ’όλον
2302 1905 2648 1975 γνωρίζεται·
2682 1907 2775 1960 καὶ
2799 1908 2946 1977 ὅμως
2981 1908 3151 1971 οὕτως
3177 1908 3423 1981 ἀλλήλων
3446 1911 3554 1961 ἀπε
3564 1910 3762 1979 σχοινὶ-

480 2001 755 2074 partibus,
801 2016 995 2057 verum
1026 2001 1192 2056 etiam
1241 2000 1297 2055 in
1334 2000 1586 2070 partibus
1634 2009 1809 2055 totum
1859 2015 2060 2070 cogno-

2174 1996 2285 2048 rOat
2320 1995 2494 2050 ταῦτα
2519 1998 2830 2067 νομίζουσιν
2878 1999 3175 2070 ἄνθρωποι,
3202 2001 3459 2073 συνηθείᾳ
3496 2003 3610 2054 τινὶ
3639 2001 3764 2071 περὶ

481 2095 676 2150 scitur.
709 2093 1084 2149 Nihilominus
1119 2103 1299 2148 tamen
1328 2093 1445 2148 haec
1488 2093 1635 2148 inter
1671 2108 1729 2147 se
1773 2092 1911 2147 adeo
1940 2108 2060 2148 esse

2174 2091 2257 2161 τῆς
2283 2089 2417 2143 θεοῦ
2444 2090 2624 2161 δόξης,
2655 2091 2687 2161 ἢ
2723 2090 2817 2144 καὶ
2852 2092 2912 2145 τὸ
2950 2092 3091 2146 οὕτω
3131 2093 3416 2164 βούλεσθαι
3459 2093 3761 2164 προειλημο

482 2188 757 2259 disiuncta
777 2186 940 2258 295
953 2202 1015 2241 ac
1030 2194 1280 2256 separata
1294 2185 1544 2239 homines
1564 2185 1867 2239 arbitrantu
1877 2199 2060 2248 r,con-

2174 2183 2336 2250 μένοι,
2371 2182 2446 2244 ὡς
2481 2184 2661 2253 πάσης
2694 2183 2836 2247 ίδὲας
2865 2184 3093 2239 θανάτου
3127 2186 3495 2255 περιφρονεῖν,
3533 2185 3570 2254 ἢ
3630 2183 3762 2253 πρὸς

480 2279 780 2335 suetudine
811 2278 1047 2348 quadam
1065 2277 1132 2331 de
1162 2276 1270 2331 Deo
1295 2276 1589 2340 sentiendi.
1611 2276 1696 2330 vel
1728 2284 1875 2329 certe
1896 2274 2060 2329 indu-

2174 2274 2258 2346 τὴν
2285 2274 2380 2328 τοῦ
2427 2275 2577 2338 ὄντος
2603 2275 2738 2329 ἱέναι
2772 2277 3186 2345 συγκατάθεσιν
3218 2277 3342 2331 ὅθεν
3366 2277 3434 2329 τὰ
3458 2274 3760 2345 λελεγμένα

482 2372 668 2427 ctione
690 2372 858 2425 animi
884 2370 1250 2440 praeoccupati
1273 2386 1288 2435 ;
1326 2380 1387 2424 ut
1417 2368 1652 2439 quodvis
1674 2368 1866 2423 mortis
1887 2382 2061 2437 genus

2162 2384 2251 2438 μοι
2274 2366 2665 2435 γεγόνασι.Καὶ
2692 2367 2861 2420 ταῦτα
2890 2367 3004 2438 ’μὲν
3033 2368 3189 2439 ἔσχεν
3212 2369 3401 2432 οὕτως.

482 2467 672 2524 subire
704 2467 918 2531 malint,
947 2481 1112 2536 quam
1140 2465 1360 2520 veritati
1380 2480 1713 2520 consensum
1734 2463 2173 2519 accommodare.
2205 2464 2385 2534 Atque
2418 2462 2548 2518 hinc
2602 2472 2726 2518 orta
2743 2473 2874 2518 sunt
2903 2464 3047 2519 mala
3089 2481 3214 2535 quae
3281 2482 3447 2536 supra
3510 2476 3757 2520 comme-

483 2560 715 2614 moravi.
742 2558 941 2614 \‘erum
967 2559 1083 2615 haec
1111 2558 1338 2628 quidem
1372 2559 1447 2612 ita
1474 2573 1533 2613 se
1560 2557 1828 2612 habuere.

1132 2671 1285 2727 CAP.
1328 2672 1419 2726 Vl.

481 2764 559 2822 De
591 2768 846 2830 siccitate,
878 2776 928 2819 et
965 2766 1028 2819 de
1055 2766 1195 2833 fame
1214 2782 1275 2819 ac
1303 2776 1462 2835 peste.
1490 2764 1560 2819 Et
1586 2765 1846 2832 quomodo
1869 2767 1925 2819 in
1948 2766 2066 2835 qui-

552 2838 773 2893 busdam
810 2838 933 2891 locis
967 2836 1121 2891 tellus
1155 2853 1255 2890 sua
1283 2846 1471 2907 sponte
1510 2836 1710 2905 fructus
1747 2836 1991 2890 ediderit.

548 2990 749 3046 lisdem
783 2990 1128 3060 temporibus
1172 2992 1369 3062 ingens
1398 2990 1619 3046 siccitas
1668 2990 1775 3046 fuit
1819 2990 1872 3044 in
1910 2998 2066 3045 utra—

479 3099 588 3154 que
618 3082 854 3154 Phrygia
909 3091 965 3137 et
998 3083 1055 3137 in
1085 3090 1317 3152 utraque
1346 3081 1581 3146 Calatia,
1620 3081 1975 3151 Cappadocia
2002 3097 2066 3136 ac

2770 2667 3024 2722 ΚΕΦΑΛ.
3063 2671 3156 2736 ς’.

2169 2759 2310 2828 Περὶ
2338 2758 2448 2828 τῆς
2475 2760 2801 2828 γενομένης
2829 2761 3172 2828 ἀνομϐρίας,
3198 2760 3380 2829 λιμοῦ
3407 2779 3471 2815 τε
3500 2762 3603 2817 καί
3641 2767 3758 2815 ,ιοιο

2237 2831 2354 2900 μυῦ
2378 2848 2398 2901 γ’
2422 2830 2581 2895 ὅπως
2611 2848 2675 2901 τε
2732 2832 3085 2898 παραδόξως
3109 2832 3180 2883 ἐν
3234 2848 3353 2884 τισι
3389 2833 3611 2901 χώραις
3653 2836 3756 2888 αὑ.

2239 2900 2564 2970 τομάτωςή
2589 2900 2666 2970 γῆ
2696 2902 2836 2967 τοὺς
2867 2902 3137 2970 καρποὺς
3169 2900 3581 2970 ἐϐλάστησεν.

2258 2993 2395 3047 Ὑπὸ
2422 2993 2635 3056 τούτοις
2663 2992 2721 3045 δὲ
2746 2996 2857 3057 τοῖς
2885 2993 3118 3065 χρόνοις,
3146 2995 3242 3048 καὶ
3268 2996 3514 3067 ὀμϐρίων
3550 2997 3757 3051 ὑδάτων

2175 3085 2373 3147 σπάνις
2407 3083 2636 3152 γέγονεν
2667 3082 2724 3136 ἔν
2749 3100 2807 3136 τε
2836 3083 3122 3153 Φρυγίαις,
3150 3084 3443 3149 Γαλατίαις
3463 3103 3524 3139 τε
3559 3083 3629 3140 αὖ
3666 3089 3755 3140 καὶ

477 3176 689 3235 Cilicia.
711 3177 862 3231 Adeo
893 3185 952 3231 ut
982 3187 1171 3233 secuta
1191 3176 1390 3231 exinde
1421 3191 1606 3230 rerum
1622 3177 2060 3231 necessariarum

2174 3175 2622 3240 Καππαδοκίαις,
2666 3176 2758 3227 καὶ
2791 3175 3068 3238 Κιλικίαις
3089 3214 3104 3239 ,
3137 3175 3213 3239 ὡς
3239 3176 3415 3249 ἐνδείᾳ
3445 3177 3555 3232 τῶν
3587 3180 3754 3246 ἀναγ-

476 3271 731 3339 penuria,
765 3270 1018 3325 homines
1052 3271 1234 3326 noxiis
1257 3270 1341 3324 usi
1369 3269 1481 3323 sint
1507 3269 1667 3324 cibis.
1698 3269 1856 3325 Unde
1884 3268 2060 3338 pestis

2174 3271 2340 3322 καίων
2369 3268 2467 3321 καὶ
2498 3265 2898 3339 ὀλεθριωτέρας
2931 3267 3138 3338 τροφῆς
3171 3268 3613 3338 μεταλαμϐάνειν
3633 3272 3755 3332 τοὺς

475 3361 643 3419 etiam
663 3371 855 3416 exorta
878 3371 982 3416 est.
1004 3362 1081 3415 Ex
1110 3363 1289 3417 victus
1313 3362 1461 3415 enim
1490 3361 1798 3416 mutatione
1834 3361 1890 3416 in
1917 3378 2065 3417 mor-

476 3447 609 3506 bum
647 3447 883 3518 delapsi,
923 3450 1253 3519 corporibus
1300 3449 1370 3503 ob
1403 3450 1629 3504 nimiam
1680 3451 2058 3507 inﬂammatio-

476 3554 603 3594 nem
650 3541 1108 3603 tumescentibus,
1147 3541 1341 3596 oculos
1380 3541 1752 3598 amittebant:
1786 3544 2063 3613 simulque

477 3626 615 3682 tussi
643 3627 846 3692 vexati,
876 3628 1038 3683 tertio
1067 3629 1156 3683 die
1186 3631 1587 3685 moriebantur.
1618 3631 1695 3687 Ac
1730 3633 1903 3702 pestis
1939 3635 2063 3703 qui-

474 3717 602 3772 dem
636 3718 850 3773 nullum
882 3728 1015 3775 tunc
1043 3722 1350 3776 remedium
1393 3724 1575 3793 potuit
1618 3724 1877 3780 inveniri.
1917 3725 2063 3780 Con-

476 3819 559 3867 tra
594 3810 793 3866 famem
817 3828 970 3879 vero,
1015 3813 1084 3869 iis
1110 3815 1205 3885 qui
1250 3814 1455 3870 residui
1514 3825 1694 3881 erant,
1753 3819 2061 3873 remedium

475 3902 737 3972 praestitit
794 3903 890 3958 Dei
951 3905 1300 3974 providentia
1353 3905 1599 3960 omnium
1658 3909 2057 3963 conservatrix.

474 3993 690 4063 Quippe
720 4010 867 4049 anno
900 3996 993 4050 illo
1028 3998 1123 4070 qui
1178 3998 1385 4053 sterilis
1412 3997 1615 4064 fuerat,
1660 3999 1819 4054 cibus
1856 4015 1887 4054 e
1917 4002 2059 4056 crelo

474 4084 711 4154 depluit,
743 4086 890 4156 quod
930 4102 1128 4142 manna
1151 4098 1374 4153 vocant,
1398 4105 1505 4142 non
1538 4106 1700 4144 secus
1731 4099 1896 4160 atque
1927 4091 2059 4145 olim

473 4176 765 4234 lsraelitis.
798 4180 1128 4251 lnsequente
1158 4191 1342 4237 autem
1371 4198 1518 4235 anno
1540 4183 1702 4237 tellus
1731 4198 1827 4237 sua
1862 4195 2060 4253 sponte

474 4278 724 4325 maturos
748 4270 963 4326 fructus
998 4273 1251 4341 protulit.
1282 4274 1456 4329 Porro
1492 4274 1607 4329 haec
1640 4275 1927 4341 calamitas
1957 4277 2059 4331 Pa-

474 4362 742 4418 laestinam
771 4380 996 4434 quoque
1029 4375 1088 4421 et
1129 4366 1267 4421 alias
1298 4366 1554 4437 regiones
1588 4383 1760 4438 prope
1799 4368 2057 4424 innume-

476 4454 681 4510 rabiles
718 4455 947 4526 depasta
981 4464 1087 4522 est,
1125 4457 1348 4514 duobus
1382 4459 1471 4513 his
1501 4460 1660 4515 malis
1686 4475 1787 4531 per
1830 4461 2056 4516 univer-

476 4562 601 4601 sum
638 4557 915 4604 terrarum
940 4551 1130 4607 orbem
1154 4552 1608 4624 pervagantibus.

1117 4667 1269 4725 CAP.
1305 4668 1419 4724 VII.

472 4755 551 4811 De
579 4757 721 4811 ca’a‘e
748 4758 1086 4831 imperatoris
1126 4759 1510 4825 Valentiniani,
1564 4773 1611 4815 et
1653 4763 1911 4831 quomodo
1960 4779 2051 4817 ca-

541 4838 638 4903 pta
656 4831 725 4882 sit
749 4829 920 4883 Roma
955 4845 973 4883 :
1000 4841 1051 4883 et
1074 4832 1137 4883 tle
1167 4832 1576 4901 imperatoribus
1598 4829 1687 4903 qui
1718 4844 1831 4903 post
1860 4833 2050 4887 Valen—

540 4900 806 4953 tinianum
836 4910 1148 4971 regnarunt.

541 4990 684 5045 Dum
716 4991 833 5049 haec
863 4993 917 5046 in
948 4991 1194 5047 Orientis
1227 4994 1480 5063 partibus
1527 5003 1817 5065 geruntur,
1864 4996 2053 5053 Romze

468 5081 668 5141 Aetius
717 5084 1022 5144 crudeliter
1078 5086 1409 5145 interfectus
1463 5096 1570 5147 est.
1630 5087 2052 5143 Valentinianus

2087 4568 2134 4625 Β

2166 3359 2494 3431 ἀνθρώπους
2517 3375 2529 3388 ’
2556 3360 2681 3414 ὅθεν
2705 3362 2801 3414 καὶ
2826 3361 3009 3431 λοιμὸς
3034 3361 3278 3428 γέγονεν.
3324 3361 3580 3416 Ἑνόσουν
3610 3379 3667 3415 τε
3692 3365 3752 3431 τῇ

2170 3454 2443 3526 μεταϐολῇ
2482 3455 2583 3525 τῆς
2607 3454 2842 3523 διαίτης,
2874 3455 2969 3508 καὶ
3003 3453 3325 3517 οίδαίνοντος
3353 3454 3504 3522 σφίσι
3522 3455 3623 3508 τοῦ
3648 3454 3751 3507 adi-

2173 3564 2346 3618 ματος
2378 3548 2446 3600 δι’
2481 3546 2787 3617 ὑπερϐολὴν
2831 3549 2931 3617 τῆς
2961 3546 3293 3615 φλεγμονῆς,
3327 3547 3425 3610 τὰς
3457 3544 3615 3615 ὄψεις
3652 3547 3755 3598 ἁπ-

2168 3641 2392 3694 έὸαλλον
2419 3655 2433 3669 ⁸
2467 3640 2633 3711 βηχός
2661 3657 2720 3694 τε
2758 3642 3187 3710 συγγενομένης,
3236 3643 3466 3710 τριταῖοι
3508 3638 3603 3693 τὸν
3644 3638 3752 3708 βίον

2164 3733 2567 3803 ἀπελίμπανον.
2615 3732 2727 3785 Καὶ
2768 3732 2864 3786 τοῦ
2920 3732 3019 3802 μὲν
3050 3731 3242 3803 λοιμοῦ
3305 3731 3441 3795 τέως
3496 3730 3750 3801 βοήθειαν

2163 3826 2409 3895 ἐξευρεῖν
2448 3825 2548 3878 οὐκ
2593 3825 2743 3895 ὲνῆν.
2794 3826 2963 3885 Ἀκος
3014 3825 3072 3878 δὲ
3117 3824 3208 3878 τοῦ
3245 3824 3406 3894 λιμοῦ
3454 3826 3573 3887 τοῖς
3623 3825 3750 3877 ὑπο-

2162 3917 2456 3987 λειφθεῖσιν
2485 3920 2519 3989 ἡ
2552 3918 2770 3972 πάντων
2800 3920 3040 3989 σώτειρα
3068 3918 3267 3970 δέδωκε
3310 3918 3583 3991 Πρόνοια·
3614 3917 3750 3969 κατὰ

2165 4010 2267 4082 μὲν
2288 4012 2351 4065 τὸ
2374 4013 2567 4079 ἄγονον
2590 4010 2709 4074 ἔτος
2736 4011 2945 4083 τροφὴν
2977 4014 3041 4064 ὲκ
3066 4010 3163 4065 τοῦ
3191 4013 3352 4082 ἀέρος
3384 4010 3745 4081 ἐπιθρέξασα.

2168 4103 2259 4156 ίσα
2316 4106 2431 4167 τοῖς
2472 4104 2839 4173 Ἰσραηλίταις
2914 4104 3089 4174 μάννα
3120 4103 3559 4174 προσηγόρευται
3594 4119 3608 4132 ο
3650 4100 3750 4155 ἀνὰ

2161 4196 2216 4249 δὲ
2244 4195 2305 4248 τὸ
2328 4196 2454 4266 ἑξῆς
2481 4195 2598 4259 ἔτος
2625 4195 2948 4265 αὐτομάτως
2969 4196 3315 4267 εὐδοκήσασα
3346 4195 3472 4258 τοὺς
3500 4192 3748 4266 καρποὺς

2158 4287 2691 4361 τελεσιοιιογηθῆναι.
2726 4288 2914 4341 Ταῦτα
2965 4290 3059 4342 καὶ
3092 4289 3189 4359 τὴν
3221 4284 3595 4341 Παλαιστινῶν
3639 4282 3744 4355 χώ·

2164 4398 2266 4455 ραν
2300 4380 2565 4452 ἐνεμήθη,
2608 4381 2775 4444 ἄλλας
2821 4398 2880 4434 τε
2921 4381 3123 4445 πολλάς
3166 4381 3261 4434 καὶ
3291 4379 3699 4450 ἀναριθμήτους
3725 4416 3741 4441 ,

2159 4474 2258 4545 τὴν
2287 4474 2389 4545 γῆν
2414 4473 2523 4528 τῶν
2549 4473 2738 4527 παθῶν
2766 4474 3251 4544 περινοστούντων.

2772 4675 3023 4729 ΚΕΦΑΛ.
3067 4674 3142 4729 Ζ’.

2162 4765 2301 4833 Περὶ
2329 4766 2440 4834 τῆς
2466 4766 2833 4833 ἀναιρέσεως
2883 4765 3389 4818 Οὐαλεντινιανοῦ
3440 4764 3539 4817 καὶ
3588 4764 3741 4817 (iub.

2230 4852 2386 4925 σςως
2422 4838 2643 4908 Ῥώμης
2664 4853 2679 4868 ·
2713 4843 2809 4890 καὶ
2834 4837 2965 4904 περὶ
2991 4836 3209 4904 ἐτέρων
3230 4834 3739 4899 βασιλευσάντων

2230 4924 2442 4975 αυτης.

2231 4999 2450 5052 Τούτων
2485 5000 2668 5064 ἐντοῖς
2684 4992 2838 5069 ὲῴοις
2866 5000 3183 5069 προϊόντων,
3208 4999 3313 5051 ἀνὰ
3340 4999 3440 5067 τὴν
3469 4996 3741 5068 προτέραν

2173 5086 2390 5160 Ῥώμην
2425 5090 2631 5154 Ἀἐτιος
2657 5092 2723 5162 (j)
2754 5090 3003 5155 δειλαίως
3044 5089 3105 5155 ἐξ
3138 5089 3443 5162 ἀνθρώπων
3483 5090 3738 5160 μεθίστα-

1689 5225 1960 5281 VALESII
1997 5225 2551 5283 ANNOTATIONES.

536 5319 649 5391 (5‘2)
693 5317 1037 5391 Ὄμολογῶν
1081 5319 1151 5373 ἐκ
1188 5320 1492 5391 θεότητος.
1518 5321 1761 5377 Deleuda
1812 5330 1896 5376 est
1948 5338 2053 5375 vox

466 5390 745 5461 ὁμολογῶν
806 5398 996 5461 utpote
1030 5390 1328 5461 superﬂua.
1375 5391 1537 5447 Certe
1582 5392 1727 5462 apud
1771 5392 2045 5462 Nicepho-

2163 5337 2285 5375 rum
2319 5336 2428 5375 non
2460 5321 2677 5391 legitur,
2708 5330 2761 5376 et
2794 5320 3045 5390 ,Savilius
3101 5320 3157 5375 in
3212 5336 3312 5376 suo
3365 5319 3556 5376 codice
3609 5330 3726 5374 eam

2154 5391 2355 5446 lineola
2387 5391 2734 5447 subuotarat.

1931 5512 2320 5572 VARIORUM.

535 5602 606 5724 (ἶ)
657 5602 898 5669 Ἀἐτιος.
941 5604 1166 5662 Mortem
1199 5604 1337 5658 Aetii
1372 5603 1543 5675 [anno
1570 5605 1701 5661 Chr.
1736 5606 1861 5678 454]
1909 5625 2049 5661 mors
2149 5608 2547 5662 dissimulanter
2570 5616 2902 5678 occupantes,
2927 5625 3190 5677 egressum
3208 5618 3359 5663 extra
3393 5609 3567 5661 urbem
3591 5608 3730 5676 prin-

535 5693 539 5723 ι
570 5674 831 5724 cntiniani
863 5690 968 5724 non
991 5677 1144 5724 tantm
1181 5683 1296 5724 post
1321 5684 1551 5724 tempore
1581 5676 1723 5724 lseil-
1749 5694 1895 5724 annn
1921 5677 2047 5724 ΑΒΚ]
2150 5679 2336 5724 cinam-
2380 5688 2427 5724 et
2458 5680 2582 5724 lmln
2607 5680 2913 5724 nnstnlinnis
2939 5678 3202 5724 intentum
3236 5680 3524 5724 innm'rmtis
3554 5678 3730 5724 ictibus

469 5671 831 5728 Valentiniani
863 5690 968 5729 non
991 5677 1144 5749 longo
1181 5683 1296 5749 post
1321 5671 1551 5745 tempore
1581 5676 1723 5749 [sciL
1746 5671 1895 5749 anno
1921 5677 2047 5749 455]
2150 5679 2338 5747 cipem.
2380 5688 2427 5731 et
2458 5680 2582 5733 ludo
2607 5671 2913 5749 gestationis
2939 5671 3202 5733 intentum
3236 5680 3524 5749 inopinatis
3554 5671 3731 5749 ictibus

472 5752 747 5816 consecuta
780 5753 878 5809 est,
920 5754 1029 5799 tam
1072 5747 1437 5816 imprudenter
1483 5747 1596 5801 non'
1640 5748 1903 5803 declinata
1932 5790 1945 5809 ,
1995 5747 2053 5801 ut

469 5813 776 5888 interfector
812 5815 947 5871 Aetii
994 5813 1191 5869 amicos
1233 5818 1628 5888 armigerosque
1676 5820 1790 5888 ejus
1847 5820 2051 5873 sibimet

472 5886 823 5954 consociaret,
875 5888 963 5953 qui
1013 5889 1247 5959 concepti
1293 5886 1547 5957 facinoris
1603 5886 2056 5962 opportunitatem

2153 5737 2518 5817 confoderunt.
2568 5737 2815 5804 Heraclio
2847 5750 3027 5812 simul,
3071 5761 3126 5803 ut
3168 5758 3283 5803 crat
3325 5737 3610 5818 proximus,
3654 5748 3727 5798 in-

2155 5828 2429 5888 terempto,
2466 5831 2514 5872 et
2545 5819 2693 5874 nullo
2729 5837 2792 5873 ea:
2825 5820 3159 5874 multitudine
3209 5822 3352 5890 regia
3384 5822 3454 5873 ad
3482 5819 3723 5871 ultionem

2154 5891 2289 5943 tanti
2318 5892 2526 5945 sceleris
2559 5908 2797 5947 accenso.
2828 5890 2891 5948 Ut
2917 5901 3093 5947 autem
3122 5894 3217 5947 hoc
3241 5891 3584 5963 parricidium
3612 5902 3701 5959 per
