3970 6490
556 352 711 424 ⁷2523

1785 360 2102 423 EVAGRII
2154 360 2643 421 SCHOLASTICI

3704 364 3831 428 2524

569 474 968 539 Alexandrina,
1016 471 1114 529 sed
1169 489 1200 528 a
1249 473 1427 528 milite
1484 472 1750 545 quopiam
1799 473 2154 529 interfectum

2263 472 2424 541 φότος
2457 471 2515 524 δὲ
2546 469 2827 524 Διονυσίου
2852 468 2953 539 τὴν
2974 468 3130 523 πόλιν
3160 470 3299 541 μετὰ
3330 470 3593 524 πλείστου
3630 472 3828 544 τάχους,

569 571 759 625 fuisse.
790 569 964 623 Porro
997 582 1122 622 eum
1147 566 1470 637 Dionysius
1498 569 1791 623 celerrime
1837 566 2155 621 advenisset

568 658 981 720 Alexandriam,
1013 665 1245 728 urgente
1269 656 1487 712 scilicet
1506 657 1794 711 atrocitate
1822 672 2010 711 rerum
2032 671 2155 725 quae

569 753 684 807 illic
712 749 1200 822 perpetrabantur,
1245 747 1471 818 quidam
1503 764 1571 803 ex
1605 747 1993 803 Alexandrinis
2017 746 2154 801 inci-

571 844 670 899 tati
700 859 731 898 a
761 841 1081 905 Timotheo,
1123 840 1270 895 sicut
1317 840 1587 910 scriptum
1620 848 1707 896 est
1749 841 1805 895 in
1842 840 2047 895 litteris
2086 838 2154 892 ad

570 937 811 992 Leonem
842 932 1179 1003 Augustum,
1210 931 1525 986 Proterium
1566 931 1931 992 interﬁciunt.
1972 929 2155 1001 gladio

571 1028 628 1081 iu
654 1025 776 1096 ejus
801 1022 1011 1079 viscera
1043 1023 1260 1088 adacto,
1293 1039 1419 1078 cum
1453 1023 1501 1078 is
1531 1023 1601 1078 ad
1625 1038 1843 1078 sacrum
1884 1023 2154 1093 baptiste-

573 1117 716 1172 rium
737 1115 1099 1187 confugisset.
1131 1115 1383 1185 Eumque
1415 1114 1547 1170 fune
1599 1114 2048 1185 circumligatum
2092 1129 2157 1169 ac

573 1224 926 1280 suspensum,
967 1208 1025 1262 in
1055 1208 1177 1263 loco
1200 1208 1296 1278 qui
1330 1206 1685 1280 Tetrapylum
1713 1207 1919 1262 dicitur
1942 1208 2158 1263 cunctis

571 1307 872 1364 ostentant,
901 1297 1203 1353 irridentes
1230 1313 1296 1353 ac
1314 1298 1686 1354 vociferantes
1704 1299 2015 1353 Proterium
2035 1314 2157 1355 esse

572 1406 701 1445 eum
731 1389 826 1459 qui
858 1388 1078 1445 occisus
1099 1388 1322 1444 fuisset.
1349 1390 1481 1445 Post
1508 1390 1626 1445 haec
1655 1389 1893 1445 cadaver
1916 1391 2036 1461 ejus
2058 1407 2159 1461 per

575 1484 891 1539 universam
945 1484 1139 1538 urbem
1188 1492 1463 1553 raptatum
1513 1483 1903 1549 incenderunt,
1941 1483 2157 1539 viscera

575 1592 793 1645 quoque
814 1577 933 1647 ejus
964 1576 1212 1631 ferarum
1243 1592 1398 1631 more
1428 1570 1726 1647 degustare
1774 1592 1887 1631 non
1933 1576 2097 1631 veriti
2140 1594 2154 1630 :

551 1669 719 1738 sicut
769 1668 1017 1723 continet
1074 1668 1300 1723 libellus
1362 1684 1616 1739 precum,
1676 1684 1841 1738 quem
1909 1669 2156 1739 episcopi

572 1759 812 1831 Egypti,
838 1769 895 1815 et
916 1761 1214 1815 universus
1244 1759 1428 1815 clerus
1453 1760 1608 1815 urbis
1638 1760 2026 1816 Alexandrinae
2056 1762 2159 1816 mi-

573 1860 767 1906 serunt
795 1852 865 1907 ad
908 1853 1312 1924 Leonem,qui,
1347 1862 1566 1908 mortuo
1607 1853 1906 1920 Marciano,
1934 1865 1997 1910 ut
2042 1856 2156 1926 jam

572 1945 709 2009 dixi,
744 1946 1054 2001 Romanum
1090 1945 1384 2016 imperium
1427 1944 1882 2000 administrabat.
1912 1944 2158 2001 Libellus

571 2044 760 2091 autem
793 2037 875 2091 sic
917 2037 1083 2092 habet
1120 2054 1135 2091 ι
1186 2038 1283 2091 Pio
1308 2046 1365 2092 et
1391 2035 1596 2091 Christi
1641 2036 2048 2100 amantissimo,
2102 2042 2161 2090 et

572 2144 602 2182 a
635 2128 747 2183 Deo
791 2128 1103 2199 designato,
1136 2129 1347 2184 Victori
1389 2144 1453 2183 ac
1496 2127 1915 2197 Triumphatori
1952 2136 2007 2181 et
2049 2126 2162 2181 Au-

573 2228 733 2287 gusto
761 2218 954 2283 Leoni,
994 2235 1186 2288 preces
1220 2220 1417 2274 oblata:
1450 2219 1518 2273 ab
1562 2219 1842 2272 universis
1875 2217 2160 2289 episcopis

572 2308 908 2380 Egyptiacae
939 2309 1197 2365 dicecesis
1227 2318 1448 2372 vestrae,
1474 2320 1532 2364 et
1577 2326 1606 2365 a
1652 2310 1871 2364 clericis
1905 2308 2159 2365 maximae

573 2412 631 2457 et
646 2404 1007 2460 sanctissima:
1023 2404 1285 2460 Ecclesia:
1300 2406 1791 2461 Alexandrinorum
1817 2417 2155 2463 vestrorum.

573 2496 712 2551 Cum
757 2497 968 2551 ewlesti
1021 2498 1197 2567 gratia
1236 2500 1512 2568 ‘tanquam
1568 2498 1833 2553 eximium
1879 2499 2155 2568 quoddam

576 2603 780 2641 nnurus
812 2587 933 2643 orbi
969 2597 1242 2642 terrarum
1266 2604 1565 2645 concessus
1594 2590 1793 2655 fueris,
1812 2591 1938 2662 jure
1955 2591 2157 2647 merito

576 2676 828 2746 quotidie
864 2687 990 2747 post
1020 2679 1192 2732 Deum
1224 2678 1545 2749 reipublicae
1578 2680 1873 2751 providere
1904 2696 2014 2735 non
2040 2696 2158 2735 ces-

577 2784 688 2833 sas,
740 2770 990 2824 omnium
1037 2770 1437 2839 imperatorum
1489 2771 1838 2826 sanctissime
1888 2771 2156 2843 Auguste.

578 2859 649 2913 Et
673 2872 790 2931 post
838 2860 949 2915 alia
983 2877 1002 2916 :
1038 2862 1291 2932 Dumque
1331 2864 1627 2933 tranquilla
1680 2880 1785 2933 pax
1836 2864 2159 2919 orthodoxa:

577 2950 779 3021 plebis,
804 2961 919 3007 tum
938 2952 1083 3023 apud
1108 2969 1229 3018 nos,
1250 2964 1367 3008 tum
1400 2955 1455 3009 in
1475 2955 1613 3010 urbe
1634 2955 1964 3010 Alexandria
1987 2961 2155 3021 esset,

578 3058 774 3099 rursus
805 3044 981 3098 turbae
998 3045 1248 3101 excitata
1272 3056 1423 3111 sunt,
1450 3063 1574 3101 cum
1601 3047 1928 3103 Timotheus
1966 3049 2153 3103 statim

2254 561 2366 614 τῶν
2420 560 2732 630 γενομένων
2780 560 3153 630 ἁτοπημάτων
3182 616 3185 621 λ
3215 561 3609 615 συνωθούντων
3642 564 3791 616 αὐτὸν
3815 607 3827 627 ,

2257 650 2586 714 σπεύδοντός
2610 667 2672 703 τε
2718 649 2819 721 τὴν
2863 652 3232 705 διαναστᾶσαν
3257 652 3357 723 τῆς
3382 652 3634 715 στάσεως
3671 656 3831 725 πυρὰν

2258 743 2452 797 σϐέσαι
2473 784 2488 808 ,
2516 742 2650 797 ἐνιοι
2684 742 2794 797 τῶν
2847 742 3246 815 Ἀλεξανδρέων
3292 744 3726 816 παροτρύνοντος
3747 747 3829 797 Τι-

2259 836 2476 907 μοθέου,
2509 835 2585 900 ὡς
2614 836 2833 908 ἐγράφη
2873 836 2954 908 τῷ
2984 836 3178 891 Λέοντι
3202 878 3218 903 ,
3248 837 3555 892 ἐπελθόντα
3579 838 3673 891 τὸν
3708 839 3831 910 Προ-

2255 927 2432 998 τέριον
2445 927 2867 999 διαχειρίζονται
2887 928 2987 1000 (ρ),
3019 926 3205 999 ξίφους
3226 930 3370 983 κατὰ
3390 927 3505 981 τῶν
3528 928 3831 999 σπλάγχνων

2255 1020 2543 1087 ὠσθέντος,
2578 1021 2722 1076 κατὰ
2750 1021 2811 1074 τὸ
2852 1022 3122 1090 πανάγιον
3180 1021 3583 1093 βαπτιστήριον
3610 1038 3833 1076 καταπε-

2257 1112 2498 1182 φευγότα
2518 1127 2533 1142 ·
2583 1112 2646 1167 ὃν
2675 1112 2772 1167 καί
2813 1113 3059 1184 καλωδίῳ
3111 1114 3621 1185 περιαρτήσαντες,
3652 1114 3749 1169 ἀνὰ
3771 1115 3825 1168 τὸ

2257 1205 2598 1275 καλούμενον
2649 1206 2692 1261 Τ
2697 1206 3004 1279 ετρὰπυλον
3069 1210 3181 1271 τοῖς
3232 1209 3399 1262 πᾶσιν
3462 1207 3829 1271 ἐπεδείκνυον,

2259 1298 2698 1364 ἐπιτωθάζοντές
2722 1316 2781 1352 τε
2805 1298 2901 1353 καί
2930 1300 3355 1371 κραυγάζοντες,
3386 1299 3686 1369 Προτέρων
3710 1292 3831 1352 εἰναι

2257 1390 2350 1445 τὸν
2380 1390 2746 1462 ἀνῃρημένον.
2768 1391 2879 1445 Καὶ
2900 1390 3044 1460 κατὰ
3062 1390 3239 1445 ταῦτα
3261 1391 3326 1445 τὸ
3358 1390 3525 1460 σῶμα
3558 1390 3646 1443 διὰ
3671 1391 3831 1459 πάσης

2257 1481 2358 1550 τῆς
2389 1481 2597 1545 πόλεως
2625 1480 3106 1553 περιελκὺσαντες,
3143 1482 3280 1553 πυρί
3317 1481 3632 1554 παρέδοσαν
3670 1498 3685 1514 θ
3726 1481 3830 1535 οὐδὲ

2257 1572 2370 1625 τῶν
2395 1572 2726 1642 σπλάγχνων
2750 1573 2929 1626 αὐτῶν
2949 1574 3038 1626 ίσα
3058 1573 3267 1645 θηρίοις
3292 1574 3832 1643 ἁπογεὺσασθαιναρ-

2259 1665 2553 1734 κήσαντες,
2607 1661 2684 1726 ὣς
2735 1680 2839 1717 που
2874 1664 3048 1718 ταῦτα
3088 1665 3269 1719 πάντα
3302 1667 3335 1734 ή
3364 1665 3559 1736 δέησις
3602 1666 3828 1735 περιέχει

2259 1758 2367 1812 τῶν
2388 1760 2704 1814 ἐπισκόπων
2724 1760 2833 1815 τῶν
2863 1760 2967 1813 ἀνὰ
2990 1760 3090 1827 τὴν
3120 1759 3415 1828 Αἴγυπτον,
3449 1759 3552 1812 καὶ
3585 1758 3677 1811 τοῦ
3702 1757 3825 1825 σύμ-

2261 1866 2463 1912 παντος
2498 1850 2704 1920 κλήρου
2744 1850 2845 1921 τῆς
2889 1849 3277 1919 Ἀλεξάνδρου,
3313 1850 3456 1919 πρὸς
3508 1849 3712 1903 Λέοντα
3752 1848 3828 1901 τὸν

2263 1943 2404 2013 μετὰ
2433 1942 2751 2012 Μαρκιανδν
2772 1985 2787 2009 ,
2839 1943 2915 2008 ὡς
2942 1945 3159 2015 εἴρηται
3179 1983 3195 2007 ,
3227 1945 3329 2012 τὴν
3364 1941 3698 2012 ἐπικρατίαν
3735 1939 3827 1992 τῶν

2275 2034 2563 2104 Ῥωμαίων
2587 2034 2947 2105 περιθέμενον
2971 2036 3334 2106 γεγενημένη,
3360 2035 3513 2106 ἦπερ
3538 2032 3825 2103 γέγραπται

2258 2126 2486 2198 ὀνόμασι
2531 2127 2744 2190 τούτοις
2769 2143 2783 2156 ·
2816 2126 2907 2198 Τῷ
2956 2126 3185 2180 Εὐσεϐεῖ
3233 2128 3330 2180 καί
3368 2125 3707 2196 Φιλοχρίστῳ
3746 2123 3824 2175 καί

2260 2216 2413 2287 παρὰ
2441 2217 2575 2271 Θεοῦ
2620 2217 2986 2287 ἁναδειχθέντι
3011 2257 3025 2283 ,
3059 2218 3272 2289 Νικητῇ
3300 2260 3315 2282 ,
3348 2215 3715 2288 Τροπαιοὺχῳ
3749 2216 3826 2266 καὶ

2258 2307 2554 2379 Αὐγούστῳ
2583 2309 2797 2376 Λέοντι,
2828 2308 3015 2378 δέησις
3047 2310 3202 2380 παρὰ
3222 2310 3331 2363 τῶν
3369 2308 3688 2362 ἐπισκόπων
3714 2305 3825 2358 πάν-

2239 2402 2366 2455 ’των
2392 2402 2491 2470 τῆς
2509 2401 2785 2473 ὑμετέρας
2810 2402 3193 2471 Αἰγυπτιακῆς
3209 2401 3560 2472 διοικήσεως,
3593 2399 3685 2453 καὶ
3708 2396 3821 2465 κλη-

2262 2493 2431 2563 ρικῶν
2465 2491 2577 2545 τῶν
2609 2492 2756 2545 κατὰ
2800 2492 2900 2564 τὴν
2944 2493 3210 2563 μεγίστην
3254 2493 3536 2565 ὑμετέραν
3597 2491 3820 2557 Ἀλεξανο

2257 2584 2428 2655 δρέων
2461 2584 2775 2655 ἁγιωτάτην
2810 2585 3129 2653 ἐκκλησίαν.
3184 2586 3280 2639 Ἐκ
3320 2588 3419 2655 τῆς
3450 2583 3662 2638 ἄνωθεν
3686 2582 3823 2651 χάρι-

2259 2691 2347 2737 τος
2377 2673 2548 2745 δῶρον
2580 2673 2658 2745 τῷ
2694 2675 2795 2746 βίῳ
2841 2675 3239 2746 παρασχεθείητ,
3275 2675 3507 2739 εἰκότως
3553 2674 3613 2727 οὐ
3666 2673 3820 2740 λέγεις

2259 2765 2529 2837 ὁσημέραι
2559 2766 2654 2820 τοῦ
2682 2766 2863 2821 κοινοῦ
2895 2767 3046 2838 μετὰ
3088 2768 3179 2821 τὸν
3216 2766 3350 2831 Θεὸν
3367 2763 3825 2838 προμηθούμενο-ς,

2260 2857 2593 2926 εὐαγέστατε
2631 2858 2850 2914 πάντων
2905 2859 3328 2931 αὐτοκρατόρων
3372 2857 3677 2926 Αὑγουστε.
3726 2853 3818 2910 Καί

2255 2950 2386 3020 μεθ’
2412 2948 2603 3018 ἕτερα*
2631 2950 3030 3004 Ἀστασιάστου
3061 2968 3121 3003 τε
3150 2950 3375 3022 εἰρήνης
3407 2951 3522 3003 τῶν
3551 2946 3821 3019 ὁρθοδόξων

2258 3042 2406 3098 λαῶν
2436 3044 2568 3111 παρ’
2598 3043 2732 3112 ἡμῖν
2756 3060 2815 3095 τε
2851 3044 2946 3096 καὶ
2976 3042 3122 3096 κατὰ
3166 3043 3265 3113 τὴν
3303 3042 3412 3095 τῶν
3449 3039 3822 3109 Ἀλεξανδρέων

578 3144 705 3205 post
737 3144 986 3191 sanctum
1011 3137 1177 3207 299
1208 3136 1664 3194 Chalcedonense
1696 3140 2017 3204 concilium,
2044 3156 2155 3210 quo

2264 3134 2636 3204 ὑπαρχούσης,
2662 3133 2825 3187 πάλιν
2857 3131 3122 3202 Τιμοθέου
3144 3131 3629 3202 ἀποσχοινίσαντος
3655 3126 3825 3181 ἐαυτὸν

580 3234 827 3295 tempore
853 3224 1123 3281 duntaxat
1144 3227 1434 3309 presbyter
1475 3236 1616 3295 erat,
1641 3229 1711 3284 ab
1762 3230 2022 3286 Ecclesia:
2069 3248 2157 3286 ea-

2258 3225 2359 3296 τῆς
2384 3224 2679 3296 καθολικῆς
2716 3224 3044 3295 Ἐκκλησίας
3080 3224 3173 3277 καὶ
3202 3223 3463 3288 πίστεως,
3510 3221 3607 3275 καὶ
3640 3220 3821 3274 ἀποτε-

582 3316 801 3373 tholica:
834 3319 1225 3374 communione
1249 3328 1305 3375 et
1329 3336 1465 3390 pace
1494 3332 1808 3391 separasset
1835 3339 1894 3378 se
1922 3339 1987 3378 ac
2020 3340 2159 3394 prte-

578 3405 827 3471 cizlisset,
866 3423 975 3463 una
1000 3422 1126 3463 cum
1154 3418 1393 3479 quatuor
1433 3418 1530 3464 aut
1579 3412 1826 3481 quinque
1878 3413 2159 3482 quondam

582 3497 859 3568 episcopis
890 3508 946 3553 et
973 3502 1161 3569 paucis
1192 3502 1500 3565 monachis,
1524 3505 1615 3573 qui
1649 3504 1918 3574 pestifero
1944 3505 2158 3575 Apolli-

495 3592 501 3600 '
578 3586 730 3642 naris
756 3597 812 3643 et
836 3588 1104 3661 Eutychis
1148 3606 1342 3647 errore
1387 3592 1616 3662 perinde
1641 3610 1705 3649 ac
1735 3594 1851 3664 ipse
1905 3595 2157 3665 impliciti

579 3680 931 3736 tenebantur.
967 3682 1141 3748 Quam
1167 3684 1238 3739 ob
1273 3701 1494 3740 causam
1534 3695 1667 3741 tunc
1696 3688 1963 3744 canonice
1989 3688 2161 3758 depo-

578 3770 670 3825 siti
702 3788 732 3827 a
756 3772 930 3830 beata:
951 3778 1233 3832 memoria:
1253 3778 1528 3842 Proterio,
1561 3781 1706 3835 etab
1737 3781 2001 3837 universo
2032 3797 2160 3838 cou-

529 3943 533 3946 γ
577 3862 706 3919 cilio
734 3865 1121 3938 episcoporum
1148 3869 1389 3942 ZEgypti,
1417 3871 1758 3943 imperialem
1790 3890 2011 3945 quoque
2042 3891 2159 3946 me-

578 3954 684 4008 rito
710 3956 1010 4014 vindictam
1045 3961 1243 4015 exsilio
1272 3963 1483 4032 experti
1518 3973 1669 4020 sunt.
1702 3965 1770 4019 Et
1792 3944 1953 4036 paulo
1998 3944 2155 4036 post:

575 4045 827 4118 Cumque
853 4059 1072 4122 tempus
1102 4063 1379 4124 captasset
1412 4056 1601 4111 obitus
1627 4056 1767 4113 diva:
1807 4058 2154 4113 recordatio-

578 4138 665 4193 nis
692 4140 951 4198 Marciani
993 4146 1248 4217 Augusti,
1276 4148 1460 4218 impiis
1490 4150 1723 4205 vocibus
1758 4166 1822 4206 ac
1846 4152 2158 4207 maledictis

579 4244 779 4286 nomen
811 4233 961 4289 illius
992 4235 1347 4306 impudenter
1394 4239 1702 4304 incessens,
1740 4248 2000 4311 tanquam
2036 4242 2160 4295 nul-

578 4318 647 4372 lis
677 4319 895 4389 legibus
914 4323 1196 4394 subjectus
1227 4343 1239 4379 :
1272 4335 1524 4381 sanctum
1554 4337 1821 4396 praetcrea
1852 4337 1909 4383 et
1936 4330 2159 4387 univera

578 4411 691 4467 sale
712 4411 1162 4472 Chalcedonense
1200 4418 1493 4473 concilium
1529 4420 1793 4489 pel-fricta
1819 4421 2001 4476 fronte
2025 4438 2157 4478 ana-

2262 3318 2455 3389 μὸντος
2482 3318 2645 3381 εὐθὺς
2682 3317 2824 3388 μετὰ
2854 3317 2954 3389 τὴν
2987 3318 3046 3371 ἐν
3079 3316 3389 3389 Καλχηδόνι
3411 3315 3583 3384 ἁγίαν
3608 3312 3819 3372 σύνοδον,

2258 3410 2319 3463 τὸ
2354 3409 2660 3482 τηνικαῦτα
2682 3409 2843 3481 δῆθεν
2877 3408 3256 3481 πρεσϐυτέρου
3292 3408 3656 3479 τυγχάνοντος
3679 3444 3694 3469 ,
3721 3404 3817 3472 ἅμα

2257 3501 2513 3573 τέταρσιν
2567 3502 2600 3573 ἢ
2634 3502 2795 3555 πέντε
2835 3502 3019 3573 μόνοις
3043 3502 3176 3557 ποτὲ
3214 3501 3543 3563 ἐπισκόποις
3563 3539 3577 3562 ,
3606 3498 3694 3551 καὶ
3725 3495 3817 3549 όλὶ-

2258 3610 2377 3662 γοις
2406 3592 2700 3662 μονάζουσι
2726 3633 2741 3657 ,
2775 3595 2872 3648 σὺν
2903 3594 3052 3665 αὐτῷ
3097 3594 3198 3664 τὴν
3231 3593 3523 3665 αἰρετικὴν
3560 3589 3815 3644 Ἀπολινα-

2262 3686 2379 3756 ρίου
2405 3687 2499 3739 καὶ
2528 3686 2626 3757 τὴν
2649 3688 2770 3742 κατ’
2802 3688 3011 3740 ἐκεῖνον
3030 3685 3333 3741 νοσούντων
3362 3683 3684 3749 κακοδοξίαν
3713 3696 3725 3711 ⁸
3759 3678 3816 3731 δι’

2258 3781 2325 3852 ἢν
2358 3779 2783 3850 καθαιρεθέντες
2805 3780 2928 3834 τότε
2959 3778 3262 3843 κανονικῶς
3295 3776 3402 3832 ὑπὸ
3435 3776 3532 3831 τοῦ
3562 3776 3657 3846 τῆς
3688 3771 3817 3831 θείας

2264 3873 2487 3944 μνήμης
2519 3871 2816 3943 Προτερίου
2853 3873 2947 3926 καὶ
2975 3871 3155 3942 πάσης
3187 3869 3572 3939 Αἰγυπτιακῆς
3600 3861 3813 3924 συνόδου,

2262 3963 2545 4034 βασιλικῆς
2575 3965 2802 4027 εἰκότως
2833 3965 2931 4017 σὺν
2956 3963 3141 4036 ἐξορίᾳ
3156 3963 3428 4033 κινήσεως
3445 3959 3815 4029 ἐπειράθησαν.

2258 4056 2367 4110 Καί
2391 4057 2519 4124 μεθ’
2546 4056 2721 4123 ἕτερα
2744 4070 2756 4084 °
2804 4056 3178 4127 Ἐπιτηρήσας
3210 4073 3270 4109 τε
3300 4054 3398 4125 τὴν
3425 4052 3673 4107 ἐντεῦθεν
3699 4047 3814 4118 πρὸς

2258 4148 2391 4201 Θεὸν
2421 4149 2687 4220 ἐκδημίαν
2718 4147 2811 4201 τοῦ
2838 4149 2939 4219 τῆς
2973 4148 3204 4217 εὐαγοῦς
3256 4147 3468 4218 λήξεως
3519 4133 3812 4214 Μαρκιανοῦ

2258 4240 2351 4295 τοῦ
2382 4241 2680 4311 γενομένου
2708 4240 2992 4311 βασιλέως,
3028 4240 3370 4312 βλασφήμοις
3396 4255 3458 4291 τε
3505 4235 3728 4304 φωναῖς,
3749 4227 3812 4289 ὡς

2258 4331 2582 4401 αὐτόνομος,
2623 4333 2859 4396 ἀναιδῶς
2889 4332 3008 4387 κατ’
3056 4331 3223 4387 αὐτοῦ
3274 4329 3694 4401 θρασυνόμενος,
3733 4318 3812 4373 καὶ

2258 4424 2357 4493 τὴν
2391 4422 2553 4491 ἁγίαν
2587 4425 2682 4478 καὶ
2710 4424 3096 4495 οἰκουμενικὴν
3128 4424 3226 4494 τὴν
3257 4424 3315 4476 ἐν
3347 4420 3656 4492 Καλχηδόνι
3704 4411 3811 4465 σύν-

581 4503 963 4570 thematizans,
991 4508 1405 4564 multitudinem
1436 4511 1724 4566 hominum
1762 4513 2041 4567 venalium
2090 4531 2154 4569 ac

2258 4514 2375 4566 οδον
2415 4513 2830 4584 ἁναθεματίζων
2852 4513 3399 4586 άπερυθριασμένως,
3438 4509 3639 4579 πλῆθος
3659 4504 3809 4572 δήμου

577 4593 971 4651 seditiosorum
1006 4609 1130 4668 post
1163 4615 1221 4655 se
1254 4601 1678 4671 trahens,'quos
1708 4614 1901 4659 contra
1935 4604 2153 4661 divinas

2258 4604 2477 4672 ὼνητῶν
2506 4622 2564 4659 τε
2595 4605 2692 4658 καὶ
2715 4605 2969 4659 ἀτάκτων
2991 4604 3410 4675 ἐπισυρόμενος,
3443 4600 3540 4655 καί⁵
3568 4590 3805 4667 στρατεύο

578 4688 797 4758 regulas
824 4699 880 4745 et
898 4691 1337 4747 ecclesiasticam
1365 4692 1738 4763 disciplinam,
1776 4705 1971 4751 contra
2002 4698 2153 4767 leges

2258 4714 2355 4761 σας
2378 4698 2521 4751 κατά
2548 4715 2605 4752 τε
2645 4698 2757 4751 τῶν
2785 4698 2948 4752 θείων
2978 4686 3224 4752 κανόνων
3277 4697 3372 4751 καί⁸
3404 4695 3506 4767 τῆς
3537 4690 3806 4758 ἐκκλησιαο

576 4789 626 4833 et
655 4781 1053 4850 rempublicam
1088 4792 1419 4848 armaverat,
1456 4786 1513 4839 in
1540 4794 1787 4840 sanctam
1823 4786 1919 4840 Dei
1961 4787 2153 4842 Eccle-

2258 4790 2447 4860 στικῆς
2478 4793 2869 4863 καταστάσεως
2916 4794 3013 4845 καὶ
3056 4792 3155 4862 τῆς
3186 4793 3378 4863 κοινῆς
3406 4786 3681 4845 πολιτείας
3726 4778 3805 4832 καὶ

576 4871 712 4925 siam
736 4872 957 4943 irrupit,
991 4889 1113 4945 quae
1141 4883 1418 4945 pastorem
1445 4885 1503 4931 et
1531 4876 1816 4933 doctorem
1854 4887 1985 4934 tunc
2018 4886 2155 4934 tem-

2258 4884 2361 4937 τῶν
2404 4885 2585 4954 νόμων
2605 4927 2619 4952 ,
2650 4859 3027 4955 ἐῖτεσέφρησεν
3067 4884 3263 4939 ἐαυτὸν
3292 4886 3359 4956 τῇ
3409 4882 3544 4951 ἁγίᾳ
3574 4876 3663 4932 τοῦ
3690 4866 3804 4926 Θεοῦ

576 4963 729 5032 poris
776 4965 1015 5022 habebat
1073 4967 1483 5023 sanctissimum
1524 4979 1775 5024 nostrum
1822 4971 2041 5026 Patrem
2097 4982 2154 5027 et

2272 4977 2585 5050 Ἐκκλησία,
2628 4978 2830 5051 ἐχούσῃ
2858 4977 3093 5048 ποιμένα
3128 4995 3187 5030 τε
3226 4977 3320 5030 καὶ
3352 4971 3681 5033 διδάσκαλον,
3726 4963 3803 5017 τὸν

575 5054 1057 5129 archiepiscopum
1085 5060 1419 5127 Proterium,
1456 5062 1548 5133 qui
1580 5071 1695 5117 tum
1730 5065 2007 5121 solemnes
2038 5067 2152 5120 col-

2259 5068 2562 5137 ἁγιώτατον
2594 5070 2750 5141 ἡμῶν
2800 5070 2892 5123 τὸν
2917 5069 3222 5138 τηνικαῦτα
3272 5067 3491 5139 Πατέρα
3540 5064 3632 5117 καὶ
3668 5060 3803 5127 ἀρχι-

574 5147 745 5201 lectas
769 5149 1109 5217 celebrabat,
1160 5162 1217 5207 et
1268 5153 1549 5209 Servatori
1609 5157 1854 5211 omnium
1898 5168 2149 5213 nostrum

2258 5160 2558 5213 επίσκοπον
2582 5160 2895 5232 Προτέρων,
2916 5160 3011 5223 τάς
3039 5176 3097 5212 τε
3131 5158 3379 5229 συνήθεις
3412 5153 3657 5219 συνάξεις
3698 5149 3798 5200 ἐπι-

570 5240 796 5296 Christo
819 5260 1013 5313 preces
1040 5261 1104 5301 ac
1139 5255 1262 5301 vota
1296 5247 1531 5303 faciebat
1564 5265 1663 5318 pro
1691 5250 1950 5323 religioso
1976 5254 2151 5322 impe-

2258 5250 2519 5307 τελοῦντα
2538 5293 2553 5316 ,
2595 5253 2689 5308 καὶ
2710 5252 2865 5317 λιτὰς
2896 5252 3295 5324 ἀναπέμποντα
3327 5250 3405 5319 τῷ
3430 5248 3643 5304 πάντων
3668 5236 3800 5311 ἡμῶν

573 5331 658 5384 rio
692 5344 872 5389 vestro
896 5343 953 5389 et
992 5353 1093 5407 pro
1116 5337 1322 5393 Christi
1370 5339 1749 5398 amantissimo
1804 5343 2029 5412 palatio.
2081 5344 2149 5398 Et

2258 5346 2475 5418 Σωτῆρι
2528 5347 2751 5417 Χριστῷ
2802 5348 2943 5417 ὑπὲρ
2999 5347 3099 5417 τῆς
3160 5346 3418 5408 εὐσεϐοῦς
3473 5340 3625 5411 ὑμῶν
3670 5335 3799 5418 βαιὴ

571 5434 687 5490 ροσε
703 5434 906 5495 pauca:
934 5429 1164 5493 Deinde,
1184 5431 1349 5485 unico
1366 5431 1455 5485 die
1479 5432 1687 5501 elapso,
1709 5450 1833 5489 cum
1865 5436 2150 5491 Proterius

2258 5417 2426 5498 λείας,
2482 5436 2578 5489 καὶ
2620 5435 2716 5491 τοῦ
2769 5437 3119 5507 φιλοχρίστου
3178 5437 3333 5508 ὑμῶν
3394 5431 3671 5488 παλατίου.
3705 5417 3795 5477 Καὶ

571 5512 684 5569 Deo
709 5515 1075 5575 charissitnus
1101 5520 1257 5591 juxta
1293 5536 1501 5574 morem
1537 5521 1591 5575 in
1631 5523 1936 5594 episcOpali
1981 5526 2147 5581 domo

2258 5529 2377 5593 μετ’
2412 5530 2586 5598 ὀλίγα
2609 5548 2623 5561 '
2656 5532 2766 5584 Καὶ
2808 5532 2976 5603 μόνης
3001 5530 3393 5601 διαγενομένης
3416 5529 3640 5602 ἡμέρας,
3663 5510 3797 5579 ἐντῴ

2034 5643 2411 5700 VAlllOliUM.

903 5731 1223 5817 Προςέίὲον
1250 5734 1723 5817 διαχειρίζοντίςι.
1771 5737 2035 5817 sanctum
2073 5740 2157 5817 Pri

2258 5744 2383 5798 'itnn
2444 5744 2808 5815 patriarchaln
2864 5744 3319 5809 Alexandrinum,
3353 5743 3421 5798 ab
3474 5730 3792 5809 Eulychiallili

572 5802 815 5855 occisum
853 5817 997 5857 anno
1032 5802 1157 5868 457,
1217 5802 1609 5863 contine-inurat
1651 5808 1776 5865 Aut.
1829 5808 1977 5879 Pagi,
2028 5827 2080 5869 ιι.
2128 5813 2171 5869 ί-
