4028 6506
203 415 352 479 2525

1123 411 1509 472 HISTORLE
1538 411 2134 473 ECCLESIASTICE
2172 413 2405 473 LIBER
2452 412 2533 473 ll.

3318 415 3465 479 2526

202 522 509 593 ἑπισκοπίῳ
536 520 679 575 κατά
703 519 765 574 τὸ
785 518 905 583 ἔθος
933 519 1213 589 διάγοντος
1240 522 1333 574 τοῦ
1359 520 1774 590 θεοφιλεστάτου

1888 531 2216 588 moraretur,
2266 523 2613 587 Timotheus,
2655 524 2954 594 assumptis
2997 541 3184 582 secum
3242 527 3464 581 duobus

204 618 518 687 Προτερῖου,
552 614 736 667 λαϐὼν
771 612 891 684 μεθ’
921 612 1113 666 ἐαυτοῦ
1137 612 1461 683 ό,Τιμόθεος
1484 615 1610 677 τοὺς
1641 615 1777 666 καθ-

202 706 517 777 αιρεθέντας
565 702 791 766 ἐνδίκως
837 700 932 754 δύο
956 701 1291 763 ἐπισκόπους
1315 744 1331 766 ,
1357 702 1451 753 καὶ
1483 700 1781 770 κληρικοῦς

202 800 397 870 ὁμοίως
424 797 525 867 τὴν
559 794 773 866 ἐξορίαν
794 835 808 858 ,
836 795 910 858 ῶς
942 793 1152 863 ἔφημεν
1172 833 1186 857 ,
1223 793 1394 845 οἰκεῖν
1420 792 1779 861 κατακριθέν·

204 910 320 956 τας,
341 891 414 953 ὠς
442 890 506 961 δὴ
530 888 865 961 χειροτονίαν
899 888 1046 957 παρὰ
1079 887 1186 940 τῶν
1213 886 1305 940 δύο
1328 885 1623 955 δεξάμενος
1644 884 1779 955 (6i),

206 979 431 1051 μηδενὸς
464 979 526 1031 τὸ
559 978 780 1031 σύνολον
808 977 916 1029 τῶν
948 975 1091 1029 κατὰ
1122 976 1222 1046 τὴν
1244 974 1625 1045 Αἰγυπτιακὴν
1654 973 1784 1026 διοί-

206 1090 364 1143 κησιν
384 1070 683 1142 ὀρθοδόξων
710 1069 1027 1123 ἐπισκόπων
1058 1068 1327 1138 παρόντος
1345 1066 1487 1120 κατὰ
1507 1065 1568 1118 τδ
1593 1064 1784 1127 είωθδς

203 1166 298 1218 ἐπὶ
327 1166 446 1227 ταῖς
476 1161 756 1225 τοιαύταις
785 1162 886 1229 τῆς
926 1160 1329 1232 Ἀλεξανδρέων
1353 1158 1449 1211 τοῦ
1480 1158 1783 1211 ἐπισκόπου

200 1253 577 1325 χειροτονίαις,
608 1250 1067 1321 ἐπιλαμϐάνεται,
1100 1249 1177 1313 ῶς
1206 1248 1448 1318 ἐνόμισε,
1472 1250 1570 1318 τῆς
1589 1247 1785 1317 ἀρχιε-

204 1344 434 1418 ρατικῆς
493 1342 803 1414 καθέδρας,
858 1342 1106 1411 μοιχείαν
1156 1339 1437 1408 προδήλως
1501 1337 1785 1408 τολμήσας

200 1437 343 1492 κατὰ
370 1437 479 1508 τῆς
508 1436 740 1506 ἐχούσης
781 1432 1112 1503 Ἑκκλησίας
1153 1432 1246 1485 τὸν
1274 1431 1475 1499 ἑαυτῆς
1505 1430 1739 1501 νυμφίον
1766 1469 1781 1493 ,

200 1536 295 1589 καὶ
324 1531 683 1605 ἐνεργοῦντος
715 1529 758 1562 ⁸⁸
794 1531 851 1582 ἐν
878 1529 1017 1599 αὐτῇ
1045 1527 1115 1582 τά
1144 1526 1264 1581 θεῖα
1284 1566 1299 1591 ,
1335 1525 1436 1580 καὶ
1482 1523 1785 1587 κανονικῶς

199 1625 294 1678 τὸν
319 1626 519 1677 οἰκεῖον
550 1622 830 1684 διέποντος
874 1619 1087 1691 θρόνον·
1131 1619 1239 1674 Καὶ
1267 1617 1398 1686 μεθ’
1433 1616 1610 1683 ἔτερα
1658 1614 1733 1686 ((1)
1767 1632 1781 1646 ’

201 1717 372 1769 Οὐδὲν
395 1715 586 1785 ἕτερον
615 1708 683 1783 ἦν
716 1714 889 1765 ποιεῖν
915 1714 1008 1765 τὸν
1061 1711 1332 1781 μακάριον
1361 1702 1570 1762 ἐκεῖνον
1590 1747 1606 1773 ,
1632 1708 1665 1775 ἢ
1695 1708 1786 1759 τόσο

200 1825 302 1861 πον
341 1806 529 1860 δοῦναι
574 1809 641 1877 τῇ
672 1807 809 1876 ὀργῇ
860 1803 1004 1858 κατὰ
1034 1803 1097 1857 τδ
1129 1802 1541 1871 γεγραμμένον,
1588 1801 1680 1852 καὶ
1725 1798 1787 1852 τὸ

1881 616 2155 686 episcopis
2199 616 2293 685 qui
2342 614 2586 686 legitime
2614 614 2831 670 fuerant
2856 616 3131 679 destituti.
3162 626 3218 674 et
3242 617 3465 674 clericis

1882 706 1975 776 qui
2006 706 2287 772 similiter,
2326 714 2387 760 ut
2413 706 2523 777 jam
2556 706 2820 772 diximus,
2852 708 3049 762 exsilio
3074 708 3313 764 damnati
3340 709 3463 763 fue-

1884 808 2007 854 rant
2031 816 2046 865 ;
2071 799 2304 869 perinde
2330 814 2394 854 ac
2425 800 2471 855 si
2509 800 2756 855 ordinari
2796 810 2983 870 posset
3018 817 3048 855 a
3082 802 3301 856 duobus
3346 802 3466 871 epi-

1883 891 2067 961 scopis
2104 907 2118 945 ;
2162 891 2385 947 nemine
2440 892 2669 946 omnino
2710 908 2777 946 ex
2819 892 3143 947 orthodoxis
3186 893 3466 964 episcopis

1886 982 2222 1054 Egyptiacm
2252 983 2512 1039 dimcesis
2554 993 2850 1053 praesente,
2888 984 3355 1053 quemadmodum
3408 987 3462 1040 in

1885 1074 2202 1145 huiusmodi
2223 1075 2669 1130 ordinationibus
2685 1075 2933 1145 episcopi
2958 1076 3315 1131 Alexandrini
3344 1078 3463 1132 lieri

1884 1167 2046 1230 solet,
2076 1167 2605 1239 archiepiscopalem
2646 1167 2856 1232 sedem,
2899 1168 3044 1222 sicut
3091 1167 3207 1237 ipse
3237 1169 3462 1239 quidem

1884 1260 2123 1332 putavit,
2152 1269 2388 1330 occupat
2422 1259 2797 1313 :adulterium
2827 1259 3004 1327 palam
3050 1257 3254 1313 inferre
3295 1275 3465 1315 ausus

1885 1352 2165 1416 Ecclesiae,
2196 1366 2359 1406 suum
2389 1349 2568 1420 ipsius
2591 1365 2853 1420 sponsum
2891 1349 3141 1410 habenti,
3169 1350 3263 1419 qui
3308 1365 3463 1405 sacra

1886 1444 1942 1499 in
1968 1445 2086 1515 ipsa
2110 1443 2368 1507 faciebat,
2394 1451 2451 1498 et
2471 1442 2566 1512 qui
2592 1442 2778 1497 sedem
2809 1457 2962 1495 suam
2992 1441 3149 1511 juxta
3186 1456 3463 1496 canonum

1885 1546 2161 1607 przecepta
2206 1535 2657 1589 administrabat.
2699 1532 2769 1587 Et
2810 1532 3089 1602 aliquanto
3122 1541 3237 1601 post
3269 1548 3288 1585 :
3313 1531 3463 1586 Nihil

1886 1630 2034 1685 aliud
2084 1629 2266 1684 faCere
2306 1627 2487 1699 potuit
2515 1627 2707 1681 beatus
2742 1625 3047 1689 Proterius,
3083 1640 3271 1695 quam,
3321 1624 3465 1679 sicut

1826 1780 1829 1783 γ
1886 1722 2155 1791 scriptum
2184 1728 2290 1785 est,
2333 1720 2467 1775 dare
2525 1720 2706 1773 locum
2743 1719 2860 1784 ine,
2886 1725 2942 1772 et
2970 1717 3037 1772 ad
3083 1717 3464 1772 venerandum

1887 1813 2274 1884 baptisterium
2311 1812 2634 1883 confugere,
2677 1820 2738 1864 ut
2772 1825 2964 1863 eorum
3010 1809 3103 1878 qui
3161 1808 3227 1862 ad
3259 1808 3465 1863 aedem

199 1898 398 1951 σεπτὸν
425 1897 748 1952 καταλαϐεῖν
792 1897 1184 1965 βαπτιστήριον
1205 1935 1221 1958 ,
1256 1893 1523 1962 φεύγοντα
1550 1891 1657 1944 τῶν
1696 1889 1781 1943 ἐπ’

1890 1906 2196 1961 faciendam
2253 1904 2561 1968 irruebant,
2616 1902 2879 1972 impetum
2931 1900 3239 1955 declinaret
3293 1916 3308 1953 :
3356 1915 3468 1970 quo

198 1990 349 2061 αὖτῴ
378 1991 423 2020 ⁸³
452 1991 758 2062 τρεχόντων
789 1987 926 2058 πρὸς
951 1989 1113 2057 φόνον
1137 1986 1235 2056 τὴν
1266 1985 1451 2055 ἔφοδον
1474 2001 1489 2015 ’
1524 1985 1581 2035 ἐν
1608 1976 1652 2050 ᾧ
1681 1981 1786 2053 μά-

198 2086 357 2139 λιστα
385 2064 535 2154 τόπῳ
562 2084 659 2136 καὶ
686 2081 986 2152 βαρϐάροις
1015 2079 1112 2133 καὶ
1142 2080 1308 2132 πᾶσιν
1336 2076 1550 2146 ἀγρίοις
1579 2073 1789 2144 ἀνθρὼ-

199 2193 324 2239 ποις
361 2176 641 2245 ἐγγίνεται
667 2172 807 2235 δέος,
848 2175 963 2234 τοῖς
993 2171 1091 2223 καὶ
1123 2170 1196 2240 μὴ
1220 2169 1388 2222 εἰδόσι
1419 2169 1480 2220 τὸ
1502 2167 1665 2230 σέϐας
1693 2165 1786 2221 τοῦ

197 2269 394 2332 τόπου,
414 2267 508 2320 καί
528 2266 627 2334 τὴν
654 2264 867 2318 ἐκεῖθεν
898 2262 1171 2334 βρύουσαν
1200 2263 1384 2332 χάριν.
1408 2262 1597 2331 Ὅμως
1621 2261 1669 2313 οἰ
1699 2260 1788 2313 τὸν

199 2361 260 2424 ἐξ
288 2359 472 2429 ἀρχῆς
519 2356 786 2427 Τιμοθέου
845 2355 1048 2409 σκοπὸν
1099 2354 1180 2416 είς
1231 2353 1393 2423 ἔργον
1450 2352 1788 2421 προαγαγεῖν

201 2448 602 2513 σπουδάζοντες
628 2490 642 2513 ,
681 2449 729 2501 οἱ
764 2447 897 2517 μηδέ
944 2449 1000 2500 ἐν
1039 2448 1154 2509 τοῖς
1211 2444 1502 2515 ἀχράντοις
1564 2442 1789 2504 ἐκείνοις

201 2546 394 2611 σηκοῖς
445 2543 607 2597 αὑτὸν
654 2542 970 2611 ἀνεχόμενοι
1031 2537 1336 2603 σώζεσθαι,
1386 2536 1510 2589 οὔτε
1543 2536 1603 2588 τὸ
1626 2536 1789 2598 σέϐας

200 2635 545 2696 αἰδεσθέντες
579 2633 674 2686 τοῦ
702 2634 890 2694 τόπου,
923 2630 1045 2684 οὔτε
1069 2631 1161 2683 τὸν
1190 2629 1384 2700 καιρόν
1419 2645 1432 2658 ·
1462 2625 1530 2699 ἦν
1560 2627 1669 2697 γὰρ
1696 2627 1788 2680 τ’Λῦ

205 2725 483 2796 σωτηρίου
513 2725 707 2795 Πάσχα
733 2725 1042 2794 πανήγυρις
1057 2721 1168 2791 (65)
1217 2719 1341 2773 οὔτε
1361 2719 1457 2789 τὴν
1491 2719 1791 2789 ἱερωσύνην

207 2816 388 2888 αὐτὴν
417 2815 708 2887 φρίξαντες
736 2812 1129 2885 μεσιτεύουσαν
1156 2811 1274 2880 Θεῷ
1315 2814 1408 2864 καὶ
1439 2809 1746 2881 ἀνθρώποις
1772 2849 1787 2874 ,

209 2908 602 2963 ἀποκτείνουσι
630 2906 723 2958 τὸν
755 2904 1068 2975 ἀνεύθυνον,
1100 2903 1425 2971 σφάττουσιν
1460 2900 1623 2955 αὐτόν
1655 2902 1793 2970 ἀπη-

206 2998 316 3062 νῶς
346 2997 489 3068 μετὰ
512 2996 607 3049 καὶ
630 2995 807 3049 ἄλλων
836 2995 915 3061 ἐξ.
936 2994 1046 3047 Καὶ
1076 2993 1494 3065 παραγαγόντες
1517 2990 1708 3045 τούτου
1727 2990 1789 3043 τὸ

202 3092 462 3162 λείψανον
525 3087 804 3159 πανταχοῦ
870 3086 1393 3157 κατατετρωμένον,
1442 3084 1590 3155 ὁμῶς
1635 3085 1681 3116 ⁸³
1731 3101 1791 3137 τε

204 3184 609 3253 περισύραντες
639 3180 782 3235 κατὰ
810 3179 990 3234 πάντα
1018 3178 1206 3249 σχεδὸν
1232 3178 1395 3231 τόπον
1426 3180 1525 3247 τῆς
1558 3176 1787 3237 πόλεως,

204 3276 300 3332 καὶ
333 3273 901 3345 καταπομπεύσαντες
932 3272 1191 3342 σχετλίως
1216 3311 1231 3336 ,
1268 3271 1521 3342 ᾐκίζοντο
1548 3268 1791 3338 ἀνηλεῶς
1819 3268 1862 3326 C

204 3371 263 3427 τὸ
295 3370 408 3423 τῶν
437 3368 664 3439 πληγῶν
696 3367 795 3421 οὐκ
824 3367 1214 3436 αἰσθανόμενον
1252 3365 1435 3435 σῶμα,
1459 3363 1710 3433 διατομόν
1734 3379 1793 3415 τε

206 3461 522 3531 καταμέλος
562 3460 673 3531 (66)
705 3475 720 3489 ⁸
755 3462 849 3513 καὶ
896 3459 1019 3512 οὐδὲ
1064 3459 1173 3511 τῶν
1220 3457 1371 3521 ἐντὸς
1426 3455 1795 3525 ἀπογεύεσθαι

206 3556 355 3611 κατὰ
377 3555 507 3617 τοὺς
524 3554 698 3625 θῆρας
718 3552 1026 3621 φειδόμενοι
1053 3550 1289 3613 ἐκείνου,
1318 3550 1375 3602 ὃν
1402 3549 1547 3619 ἔχειν
1567 3549 1796 3618 μεσίτην

208 3647 348 3702 Θεοῦ
384 3647 481 3701 καὶ
525 3646 833 3717 ἀνθρώπων
871 3646 1099 3715 ἔναγχος
1130 3644 1520 3714 ἐνομίσθησαν.
1564 3644 1705 3713 Πυρί
1734 3659 1795 3694 τε

208 3740 548 3810 παραδόντες
574 3738 635 3791 τὸ
668 3737 996 3807 ὑπολειφθὲν
1018 3737 1183 3790 αὑτοῦ
1218 3736 1412 3806 σῶμα,
1449 3736 1549 3807 τὴν
1581 3736 1644 3787 ἐκ
1678 3733 1795 3787 τούν

209 3848 303 3883 του
338 3812 490 3883 κόνιν
531 3832 643 3894 τοῖς
682 3830 907 3899 ἀνέμοις
933 3830 1305 3900 παρέπεμπον
1328 3869 1343 3891 ,
1377 3826 1582 3897 Θηρίων
1611 3827 1791 3880 πᾶσαν

211 3923 738 4001 ὑπερακοντίσαντες
762 3923 1078 3996 ἀγριότητα.
1097 3918 1197 3975 Ὧν
1220 3922 1476 3975 ἁπάντων
1499 3920 1673 4001 αίτιᾳος
1698 3921 1792 3974 καὶ

208 4014 323 4067 τῶν
352 3995 732 4084 κακῶν-σοφὸς
778 3995 1059 4085 οἰκοδόμος
1102 4014 1459 4085 καθειστήκει
1505 3995 1791 4084 Τιμόθεος.

211 4105 300 4178 Τῷ
331 4106 603 4178 μέντοιγε
636 4108 886 4179 Ζαχαρία
913 4107 983 4161 τὰ
1030 4108 1161 4179 περὶ
1199 4106 1404 4161 τούτων
1452 4105 1795 4177 διηγουμένῳ

1889 1995 2126 2050 maxime
2150 1994 2206 2049 in
2239 1993 2382 2061 loco,
2419 1994 2553 2063 ipsis
2575 1993 2741 2047 etiam
2779 1992 3057 2057 Barbaris,
3102 2000 3158 2045 et
3190 1990 3468 2045 universis

1888 2087 2021 2143 feris
2053 2086 2394 2149 hominibus,
2443 2085 2911 2154 quisanctitatem
2949 2083 3071 2154 ejus
3093 2082 3201 2138 loci
3242 2090 3301 2137 et
3339 2098 3468 2152 pro.

1889 2187 2205 2236 manantem
2249 2178 2378 2233 inde
2429 2177 2659 2248 gratiam
2703 2178 2980 2247 ignorant,
3017 2185 3198 2230 terror
3237 2174 3464 2245 quidam

1889 2270 2097 2327 oboriri
2126 2271 2285 2326 solet.
2313 2269 2686 2325 Nihilominus
2725 2278 2907 2323 tamen
2940 2267 2998 2321 hi
3029 2266 3123 2337 qui
3161 2266 3463 2321 consilium

1890 2364 2036 2435 quod
2078 2364 2407 2418 Timotheus
2451 2362 2518 2416 ab
2555 2361 2714 2415 initio
2767 2360 3057 2425 habuerat,
3085 2359 3151 2414 ad
3208 2359 3465 2415 effectum

1890 2457 2193 2528 perducere
2215 2456 2533 2517 studebant,
2560 2454 2654 2524 qui
2684 2469 2752 2508 ne
2771 2454 2824 2507 in
2854 2450 3221 2507 iuunaculatis
3244 2450 3466 2521 quidem

1892 2550 2003 2605 illis
2069 2549 2243 2619 septis
2286 2548 2601 2603 Proterium
2668 2546 2877 2601 servari
2939 2544 3319 2608 sustinebant;
3366 2558 3470 2598 nec

1890 2642 1999 2697 loci
2026 2641 2373 2696 sanctitatem
2397 2638 2646 2701 reveriti,
2670 2653 2775 2692 nec
2801 2646 3016 2706 tempus
3037 2636 3216 2705 ipsum
3256 2653 3271 2688 :
3307 2634 3472 2704 300

1891 2742 2011 2789 erat
2044 2732 2193 2788 enim
2237 2742 2351 2786 tum
2385 2730 2505 2785 dies
2537 2730 2709 2784 festus
2753 2728 2977 2783 Pascha:
3020 2726 3277 2781 salutaris
3317 2743 3330 2779 :
3368 2741 3471 2780 nec

1891 2824 2186 2880 sacerdotii
2251 2822 2575 2893 dignitatem
2647 2819 3096 2884 reformidantes,
3148 2833 3270 2889 qua:
3329 2818 3473 2872 inter

1890 2917 2063 2971 Deum
2084 2924 2248 2985 atque
2278 2914 2532 2969 homines
2554 2922 2837 2983 sequestra
2867 2920 2983 2978 est;
3009 2911 3287 2965 insontem
3320 2906 3471 2963 occi-

1891 3008 2051 3072 dunt,
2089 3022 2328 3077 cumque
2362 3022 2429 3062 eo
2462 3021 2557 3061 sex
2590 3005 2731 3059 alios
2763 3002 3067 3059 crudeliter
3099 3006 3364 3056 mactant.
3401 2995 3470 3051 Et.

1892 3101 2127 3157 cadaver
2170 3101 2320 3155 illius
2350 3099 2722 3169 undequaque
2754 3097 3105 3151 vulneratum
3149 3087 3471 3145 circumdu-

1893 3202 2102 3259 centes,
2130 3208 2231 3264 per
2255 3201 2453 3248 cuncta
2480 3191 2595 3245 fere
2635 3187 2878 3243 civitatis
2910 3187 3032 3241 loca
3062 3191 3283 3253 raptant
3321 3188 3474 3235 atro-

1894 3287 2056 3351 citer,
2080 3285 2451 3341 miserandum
2476 3284 2529 3337 in
2556 3281 2781 3336 modum
2812 3281 2864 3335 ei
2896 3277 3250 3339 insultantes,
3270 3283 3327 3328 et
3353 3288 3476 3329 cor-

1894 3394 2000 3448 pus
2026 3393 2223 3433 sensus
2251 3377 2431 3432 omnis
2458 3390 2660 3445 expers
2687 3373 2897 3442 absque
2931 3370 3042 3423 ulla
3091 3364 3475 3422 misericordia

1893 3471 2271 3533 verberantes,
2296 3484 2359 3523 ac
2381 3466 2735 3523 membratim
2767 3472 3040 3520 secantes.
3066 3459 3143 3515 Ac
3166 3475 3234 3514 ne
3252 3457 3476 3527 quidem

1896 3562 2056 3618 veriti
2081 3570 2210 3617 sunt
2240 3560 2485 3616 ferarum
2529 3573 2683 3613 more
2727 3556 2945 3611 viscera
2976 3552 3127 3608 illius
3159 3551 3476 3621 degustare,

1894 3670 2057 3726 quem
2090 3654 2255 3724 paulo
2286 3662 2414 3707 ante
2460 3652 2605 3707 inter
2629 3651 2801 3705 Deum
2832 3655 3001 3716 atque
3031 3641 3477 3699 hominesinter-

1900 3754 2115 3817 pretem
2143 3760 2207 3799 ac
2226 3754 2576 3813 sequestrum
2595 3741 2803 3796 habere
2820 3738 3171 3793 videbantur.
3192 3735 3480 3789 Postremo

1900 3839 2049 3909 quod
2083 3838 2357 3907 reliquum
2386 3846 2505 3891 erat
2533 3833 2786 3904 corporis
2815 3846 2942 3888 cum
2975 3830 3031 3885 in
3068 3843 3260 3899 rogum
3293 3825 3481 3895 conje-

1899 3930 2128 3993 cissent,
2174 3928 2421 3984 cinerem
2478 3928 2535 3983 in
2596 3935 2795 3982 ventos
2856 3928 3199 3995 sparserunt,
3257 3916 3482 3988 quasvis

1900 4022 2108 4078 bestias
2150 4020 2478 4077 crudelitate
2510 4019 2670 4089 longe
2701 4024 3048 4088 superantes.
3084 4011 3332 4079 Quorum
3358 4022 3478 4062 om-

1902 4112 2060 4168 nium
2091 4112 2364 4167 malorqu
2397 4119 2591 4165 auctor
2612 4118 2779 4178 atque
2810 4104 3148 4163 architectus
3164 4099 3267 4156 fuit
3289 4097 3481 4155 Timo-

1516 4243 1754 4298 VARUE
1796 4242 2207 4299 LECTIONES.

279 4362 326 4394 ⁸⁸
368 4359 429 4418 C.
465 4359 527 4416 C.
572 4357 923 4431 ἐνεργοῦντα.
1001 4360 1046 4392 δ’
1076 4359 1136 4415 C.
1174 4358 1236 4415 (Ξ.
1280 4360 1461 4416 αὐτόν.
1543 4360 1587 4391 ⁸³
1614 4360 1674 4415 C.
1706 4360 1769 4415 C.
1797 4359 1988 4431 ὠμῶς.

1420 4496 1690 4553 VALESII
1726 4497 2285 4555 ANNOTATIONES.

284 4593 405 4665 (64)
443 4592 549 4665 [fat
583 4590 662 4665 δὴ
695 4590 1070 4665 χειροτονία-ν
1116 4588 1275 4665 παρὰ
1310 4588 1431 4665 τῶν
1470 4590 1579 4665 quo
1618 4589 1795 4665 δεξά-

208 4660 417 4735 μενος.
443 4662 599 4735 Hunc
632 4664 825 4735 locum;
844 4661 1231 4735 emendaviex
1255 4660 1443 4735 codice
1480 4660 1798 4735 Florentino

214 4730 267 4789 in
282 4736 440 4788 hunc
455 4733 676 4787 modum
697 4733 795 4793 εὼς
809 4733 871 4803 δὴ
884 4732 1236 4803 χειροτονίαν,
1251 4740 1360 4786 etc.
1375 4731 1433 4803 ιιι
1449 4740 1552 4803 est:
1570 4730 1797 4803 Perinde

1902 4592 2218 4646 contulerat.
2258 4590 2441 4657 Ibique
2470 4589 2652 4641 eadem
2680 4586 2764 4639 die
2790 4587 2845 4639 in
2876 4578 3182 4657 baptisteria
3207 4575 3477 4637 occiditur.

1903 4662 2163 4726 laniatur,
2208 4652 2438 4730 ejicititr,
2480 4667 2526 4711 et
2551 4658 2706 4726 {unus
2731 4657 2850 4730 ejus
2871 4652 3485 4730 inauditum-spargun-

1904 4742 1993 4787 tur
2030 4744 2077 4787 et
2129 4718 2330 4785 c'inEres
2371 4718 2484 4798 ejus
2510 4718 2563 4782 in
2587 4718 2785 4781 ventos.
2818 4720 3164 4798 Quzeomnia
3194 4718 3489 4798 Liberatus

216 4823 277 4859 ac
324 4806 373 4858 si
409 4803 648 4857 ordinari
704 4788 952 4873 pot-uiget
974 4788 983 4803 ’
1007 4821 1036 4856 a
1079 4788 1276 4855 duobus
1317 4802 1590 4873 episcopis.
1634 4801 1797 4873 Certe
1832 4803 1871 4856 D
1903 4820 2058 4873 panic
2079 4804 2143 4857 ad
2176 4788 2409 4873 verbum
2433 4799 2724 4873 descripsit
2749 4788 3085 4873 engestisde
3104 4790 3327 4845 nomine
3345 4788 3484 4843 Aca-

220 4876 272 4929 in
304 4890 523 4929 canone
573 4872 774 4943 quarto
805 4873 1025 4928 concilii
1061 4873 1266 4927 Nicaeni
1294 4872 1498 4926 diserte
1526 4872 1796 4943 sancitum

218 4953 324 5009 est,
374 4952 434 4997 ut
464 4942 758 5013 episeopus
798 4961 827 5000 a
865 4944 1042 4998 tribus
1083 4951 1145 4996 ut
1180 4943 1469 5013 minimum
1505 4942 1801 5011 provincia:

219 5032 336 5070 Suae
372 5012 645 5084 episeopis
662 5012 985 5069 ordinetur.
1025 5015 1202 5082 Atque
1252 5015 1323 5066 ita
1362 5012 1495 5079 legit
1528 5024 1687 5067 vetus
1714 5013 1800 5065 iu-

220 5084 1113 5156 terpres_hujusgepistolae,hqui
1168 5091 1345 5156 exstat
1402 5084 1457 5156 in
1528 5092 1684 5156 parte
1743 5098 1800 5137 ιιι

221 5154 417 5226 synodi
457 5154 943 5209 Chalcedonensis.
987 5154 1079 5208 Sic
1106 5154 1254 5208 enim
1284 5154 1453 5209 vertit
1479 5171 1492 5206 :
1524 5154 1802 5223 Tanquam

222 5243 414 5279 manus
447 5226 839 5295 impositionem
872 5234 1212 5295 suscepturus
1243 5243 1283 5295 αθ
1313 5226 1532 5289 duobus,
1562 5233 1672 5279 etc.

291 5296 407 5375 (65)
446 5291 565 5375 Ἦῄ
586 5296 694 5375 γὰρ
721 5296 829 5375 τοῦ
854 5291 1164 5375 σωτηρίου.
1184 5294 1414 5375 “ﬁliola
1434 5295 1801 5375 ituriirvetc.

221 5366 519 5420 Liberatus
554 5367 609 5420 in
652 5366 945 5425 Breviarioi
979 5382 1100 5434 cap.
1147 5367 1232 5427 15,
1272 5382 1379 5419 non
1416 5366 1504 5420 die
1536 5366 1675 5420 festo
1705 5366 1806 5420 Pa-

224 5438 391 5500 schae,
427 5437 519 5491 sed
554 5447 682 5491 ante
724 5438 989 5497 triduum,
1024 5437 1270 5491 occisum
1324 5451 1446 5491 esse
1494 5437 1804 5490 Proterium

224 5508 441 5562 scribit.
473 5506 564 5562 Sic
586 5506 733 5562 enim
766 5508 842 5564 ait
873 5525 886 5561 :
921 5506 988 5561 Et
1016 5518 1139 5560 ante
1171 5506 1409 5560 triduum
1438 5505 1676 5569 Paschw,
1701 5523 1804 5575 quo

225 5593 371 5633 omna
407 5577 621 5631 Domini
655 5577 970 5634 celebratur.
1004 5578 1065 5631 ab
1108 5578 1232 5647 ipsis
1278 5578 1444 5629 turbis
1476 5575 1810 5629 concluditur

226 5650 280 5707 in
304 5648 521 5704 ecclesia
553 5648 611 5703 S.
647 5648 912 5707 Memoria:
942 5646 1243 5713 Proterius,
1274 5664 1375 5717 quo
1407 5662 1461 5701 se
1481 5662 1591 5717 pra:
1616 5646 1806 5699 timore

1905 4866 1997 4938 cii,
2053 4889 2175 4944 qua:
2219 4872 2424 4944 Jacobo
2464 4868 2757 4923 Sirmondo
2797 4866 3083 4944 debemus.

1980 4931 2088 5013 (665
2165 4942 2451 5013 Δαιτυμρν
2487 4956 2551 4991 τε
2580 4937 2937 5013 Δκαταμέλξι.
2976 4931 3367 5013 __Scribcndum
3402 4937 3488 4984 est

1908 5002 2097 5084 procul
2147 5002 2892 5084 dubio-ﬂucspévteiuati
2919 5006 3083 5084 μέλη,
3120 5012 3179 5057 ut
3210 5002 3323 5084 ipsa
3358 5016 3487 5084 cra-

1907 5069 2076 5140 iionis
2108 5085 2280 5138 series
2326 5069 2830 5135 demonstratfPro
2867 5069 3001 5149 μέλη
3042 5069 3095 5127 in
3133 5073 3338 5149 codice
3368 5069 3489 5149 Flo-

1908 5157 2127 5210 rentino
2170 5155 2372 5223 legitur
2417 5152 2577 5223 μέλος
2611 5140 3091 5223 levi_disci_'iinine._
3133 5140 3486 5223 Ernentlatio-

1908 5242 2035 5281 nem
2075 5211 2317 5279 nostram
2362 5211 2650 5277 confirmat
2692 5219 3054 5292 Nicephorus’
3080 5215 3133 5268 in
3168 5212 3355 5292 capite.
3400 5211 3487 5271 Π,

1908 5297 2004 5352 lib.
2038 5297 2123 5360 15,
2157 5296 2249 5364 qui
2288 5294 2360 5347 ita
2397 5294 2600 5364 diserte
2635 5287 2901 5360 scriptum
2929 5287 3114 5364 habet,
3150 5292 3208 5339 ut
3233 5287 3486 5364 eonjhece-

1910 5350 2048 5423 ram.
2073 5350 2244 5421 P'or'ro
2268 5366 2357 5419 hic
2395 5362 2617 5417 libellus
2646 5350 2873 5431 precum
2904 5359 3288 5431 episcOporum
3322 5350 3489 5431 ,Ἐργ-

1909 5440 2102 5508 ptiacaa
2136 5436 2393 5492 dioecesis
2418 5426 2771 5508 _ad_Leouern
2804 5426 2960 5508 i_mp.,
3001 5428 3050 5508 si
3082 5426 3207 5508 quis
3247 5438 3371 5506 eum
3406 5426 3491 5508 in-

1910 5496 2124 5579 {egrum
2171 5508 2375 5579 legere
2400 5503 2703 5579 desiderat,
2748 5496 3003 5579 habetur
3030 5496 3223 5552 Latine
3247 5496 3305 5550 in
3334 5501 3496 5563 part6

1909 5570 1994 5636 lllv
2014 5578 2206 5651 synodi
2234 5570 2736 5638 Chalcedonensis,
2777 5588 2899 5641 cap.
2948 5570 3034 5624 ll.

1683 5758 2069 5818 VARIORUM.

301 5861 383 5938 (ιι)
435 5863 859 5935 Ἐνεργοῦντος
876 5894 941 5904 -
960 5862 1295 5930 διέποντος.
1331 5858 1646 5934 Legendttm
1692 5858 2022 5933 ἐνεργοῦντα
2040 5888 2100 5899 -
2118 5857 2394 5915 διέποντα.
2420 5856 2506 5911 \\'.
2559 5854 2780 5910 Lemn.
