3970 6500
195 390 348 454 2533

1108 387 1495 448 HISTORIA!
1536 385 2132 447 ECCL'ESIASTIC/E
2170 386 2401 448 LIBER
2437 388 2522 451 II.

3290 400 3433 466 2534

274 503 363 571 Τῷ
392 497 625 569 Δεσπότῃ
664 515 766 567 μου
795 494 871 566 τῷ
904 497 1183 566 ὁσιωτὰτῳ
1216 498 1313 550 καὶ
1344 496 1634 567 ἁγιωτάτῳ
1665 514 1754 565 φι-

1928 495 2164 567 Domino
2206 511 2329 550 meo
2376 497 2791 566 religiosissimo
2828 512 2884 556 et
2928 506 3296 574 sanctissimo,
3336 515 3434 571 Dei

190 593 369 663 λόθέῳ
395 589 646 660 Βασιλείῳ
672 588 1106 660 ἀρχιεπισκόπῳ,
1135 591 1165 641 6
1191 589 1511 659 ἁμαρτωλὸς
1543 590 1639 643 καὶ⁸
1663 607 1760 644 τα-

194 686 380 748 πεινὸς
418 681 706 752 Συμεώνης
757 684 814 733 ὲν
854 680 1044 751 Κυρίῳ
1084 679 1315 751 χαίρειν.
1356 679 1470 732 Νῦν
1503 679 1759 752 εὔκαιρον

195 779 392 840 εἰπεῖν,
412 775 673 837 Δέσποτα,
708 772 1014 844 Εὐλογητὸς
1040 772 1069 823 6
1092 772 1246 837 Θεὸς,
1278 772 1335 834 ὃς
1360 773 1458 824 οὐκ
1483 772 1758 842 ἀπέστησε

193 871 306 939 τὴν
346 865 637 938 προσευχὴν
679 864 858 934 ἡμῶν,
895 864 989 916 καὶ
1020 863 1081 915 τὸ
1108 864 1258 926 ἔλεος
1283 865 1450 917 αὑτοῦ
1480 864 1574 932 ἀφ’
1600 865 1759 934 ἡμῶν

194 964 312 1016 τῶν
347 960 695 1032 ἁμαρτωλῶνο
749 959 1054 1027 Δεξάμενος
1088 957 1196 1025 γὰρ
1228 955 1296 1008 τά
1324 956 1634 1027 γράμματα
1658 955 1759 1023 τῆς

196 1054 460 1124 ὑμετέρας
506 1049 820 1121 ἁξιότητος,
880 1048 1170 1119 ἐθαύμασα
1214 1048 1308 1099 τὸν
1345 1048 1504 1116 ζῆλον
1538 1047 1632 1099 καὶ
1660 1047 1759 1118 τὴν

197 1144 470 1195 εὐσέϐειαν
526 1140 621 1193 τού
666 1138 1081 1207 θεοφιλεστάτου
1123 1139 1279 1208 ἡμῶν
1323 1139 1620 1208 βασιλέως,
1661 1138 1761 1209 τὴν

197 1235 334 1305 πρὸς
380 1234 500 1294 τοὺς
547 1232 734 1300 ἁγίους
772 1231 1020 1299 Πατέρας
1059 1231 1154 1282 καὶ
1178 1232 1277 1298 τὴν
1305 1228 1509 1283 τούτων
1536 1229 1760 1299 βεϐαίαν

197 1325 408 1395 ττξστιν,
458 1329 525 1399 ἢν
575 1326 821 1393 ἐπέδειξε
867 1326 963 1379 καὶ
1008 1325 1398 1378 ἐπιδείκνυται.
1449 1326 1559 1377 Καὶ
1605 1324 1761 1376 τοῦτο

195 1423 299 1473 clx
327 1421 381 1486 ἐξ
404 1418 556 1489 ἡμῶν
584 1417 646 1471 τὸ
669 1418 859 1488 δῶρον,
880 1415 1062 1479 καθὼς
1085 1416 1180 1469 καὶ
1207 1416 1235 1468 6
1262 1414 1415 1483 ἅγιος
1441 1415 1761 1479 Ἀπόστολος

195 1513 361 1579 ὶέγει,
393 1510 505 1562 ἀλλ’
536 1511 600 1562 ὲκ
626 1508 783 1572 Θεοῦ,
819 1508 914 1561 τοῦ
943 1507 1151 1577 ταύτην
1175 1506 1472 1569 δεδωκότος
1498 1506 1595 1578 τὴν
1624 1523 1763 1577 προ-

198 1602 391 1673 θυμίᾶν
436 1601 524 1653 διὰ
562 1600 672 1653 τῶν
713 1600 992 1670 ὑμετέρων
1033 1598 1230 1668 εὐχῶν.
1272 1597 1380 1653 Καὶ
1406 1599 1536 1667 μετ’
1565 1599 1759 1667 ὀλίγαι

198 1698 291 1749 Διὸ
316 1694 467 1763 κάγὼ
497 1696 526 1746 6
555 1692 810 1754 ταπεινὺς
842 1693 936 1744 καὶ
965 1690 1215 1762 εὐτελὴς,
1264 1690 1325 1744 τὸ
1367 1690 1627 1763 ἔκτρωμα
1655 1690 1764 1745 τῶν

200 1788 464 1859 μοναχῶν,
493 1785 763 1856 ἐγνώρισα
792 1788 856 1855 τῇ
881 1783 1045 1837 αὑτοῦ
1074 1783 1321 1855 βασιλεία
1348 1784 1446 1854 τὴν
1468 1783 1607 1856 ἐμὴν
1629 1785 1764 1856 πρό-

1863 584 2240 641 amantissimo
2272 586 2473 642 Basilio
2495 590 2933 665 archiepiscopo,
2962 610 3217 667 peccator
3245 612 3300 658 et
3330 606 3436 659 hu-

1863 677 2011 733 milis
2033 678 2358 749 Symeoues,
2401 681 2458 735 in
2489 682 2721 739 Domino
2769 689 3022 745 salutem.
3054 694 3210 751 Nunc
3236 701 3437 753 merito

1863 769 2049 825 dicere
2068 785 2378 840 possumus,
2407 773 2637 830 Domine
2659 795 2671 828 :
2696 778 3026 838 Benedictus
3046 786 3189 842 Deus
3211 791 3303 857 qui
3328 808 3433 845 non

1864 862 2069 915 amovit
2116 863 2489 931 precationem
2535 878 2815 933 nostram,
2848 888 2949 927 nec
2997 876 3431 937 misericordiam

1864 964 2020 1003 suam
2060 950 2260 1004 avertit
2292 967 2322 1005 a
2356 952 2517 1008 nobis
2550 960 2956 1023 peccatoribus.
2992 964 3245 1036 Acceptis
3285 971 3430 1025 enim

1864 1039 2066 1095 litteris
2092 1043 2474 1111 amplitudinis
2510 1056 2726 1113 vestrze,
2760 1052 3063 1110 admiratus
3104 1074 3221 1113 sum
3258 1063 3431 1117 zelum

1865 1146 1930 1186 ac
1981 1131 2240 1201 pietatem
2293 1135 2406 1189 Deo
2461 1137 2767 1195 charissimi
2828 1144 3175 1214 imperatoris
3223 1154 3431 1217 nostri,

1865 1238 2028 1292 quam
2058 1240 2185 1294 erga
2214 1236 2433 1281 sanctos
2461 1228 2648 1286 Patres
2681 1242 2737 1287 et
2775 1249 2902 1305 erga
2935 1237 3151 1292 illorum
3182 1241 3434 1298 ﬁrmissi-

1865 1332 2008 1369 mam
2046 1316 2229 1379 ﬁdem,
2262 1334 2386 1372 cum
2420 1331 2577 1376 antea
2608 1339 2847 1395 semper,
2892 1336 3004 1381 tum
3039 1346 3186 1386 nunc
3216 1350 3435 1405 quoque

1865 1407 2127 1461 ostendit.
2164 1409 2340 1479 Atque
2392 1411 2495 1466 hoc
2541 1412 2745 1469 donum
2798 1432 2904 1471 non
2951 1434 3018 1473 ex
3056 1421 3246 1487 nobis,
3298 1426 3442 1479 sicut

1866 1507 2092 1552 sanctus
2152 1497 2445 1567 Apostolus
2523 1502 2688 1568 dicit,
2755 1506 2849 1559 sed
2893 1524 2960 1561 ex
3005 1509 3117 1563 Deo
3180 1513 3272 1581 qui
3338 1514 3442 1569 hoc

1868 1588 1948 1643 illi
1999 1589 2240 1644 studium
2293 1608 2392 1661 per
2439 1604 2651 1649 vestras
2700 1613 2894 1665 preces
2937 1599 3166 1670 largitus
3214 1613 3318 1661 est.
3373 1606 3440 1658 Et

1868 1679 2028 1751 paulo
2062 1692 2211 1751 post:
2239 1681 2585 1754 Quapropter
2610 1702 2713 1758 ego
2736 1704 2955 1759 quoque
2989 1692 3210 1748 humilis
3236 1704 3291 1749 et
3321 1698 3439 1750 exi-

1869 1786 2028 1838 guus,
2061 1771 2288 1826 abortus
2315 1776 2729 1842 monachorum,
2762 1780 2930 1835 animi
2974 1783 3080 1836 mei
3112 1787 3441 1841 sententiam

199 1883 365 1945 θεσιν,
409 1881 507 1951 τὴν
541 1879 669 1947 περὶ
698 1877 797 1948 τὴν
826 1878 1007 1929 πίστιν
1043 1876 1151 1929 τῶν
1181 1876 1350 1944 ἁγίων
1381 1875 1636 1947 Πατέρων
1665 1880 1771 1931 τῶν

1876 1863 2141 1932 imperiali
2170 1865 2288 1936 ejus
2324 1869 2592 1937 majestati
2623 1869 2944 1940 signiﬁcavi,
2974 1873 3041 1928 de
3086 1873 3190 1929 ﬁde
3218 1890 3444 1931 sexcen-

197 1979 257 2027 ἐν
294 1971 587 2042 Χαλκηδόνι
642 1968 1073 2038 συνεληλυθότων
1109 1966 1405 2031 ἑξακοσίων
1454 1968 1770 2038 τριάκοντα,

199 2063 443 2133 ἐμμένων
507 2060 602 2113 καὶ
647 2056 1140 2127 ὑποστηριξὸμενος
1188 2056 1279 2109 ὑπ’
1309 2056 1478 2127 αὐτῆς
1523 2056 1623 2127 τῆς
1670 2056 1774 2109 ὑπὸ

195 2157 291 2207 τοῦ
330 2153 478 2221 ἁγίου
512 2150 825 2219 Πνεύματος
865 2146 1287 2220 φανερωθείσης.
1326 2147 1387 2199 Ei
1421 2147 1529 2217 γὰρ
1568 2147 1772 2217 μεταξὺ

196 2246 290 2298 δύο
314 2245 344 2316 ἢ
366 2244 527 2314 τριῶν
554 2240 911 2294 συνελθόντων
934 2239 1020 2292 διὰ
1042 2238 1101 2290 τὺ
1123 2238 1291 2308 ὄνομα
1310 2236 1497 2301 αὐτοῦ,
1515 2239 1773 2305 πάρεστιν

197 2338 227 2388 6
282 2334 503 2405 Σωτὴρ,
566 2334 682 2394 πῶς
735 2332 937 2402 μεταξὺ
985 2329 1253 2383 τοσούτων
1305 2329 1396 2381 καὶ
1441 2328 1775 2399 τηλικούτων

196 2426 366 2495 ἁγίων
408 2425 665 2496 Πατέρων
708 2422 986 2493 ἐνεχώρει,
1025 2424 1072 2474 εί
1114 2421 1188 2492 μὴ
1217 2416 1285 2492 ἦν
1315 2421 1408 2473 ἀπ’
1432 2419 1607 2489 ἀρχῆς
1657 2421 1775 2489 μετ’

199 2517 375 2571 αὐτῶν
408 2518 467 2570 τὸ
495 2516 651 2582 ἆγιον
680 2513 943 2584 Πνεῦμας
981 2511 1091 2565 Καὶ
1117 2512 1246 2580 μεθ’
1276 2511 1467 2578 ἓτερω
1504 2511 1595 2563 Διὸ
1624 2512 1774 2581 ίσχυε

198 2609 294 2661 καὶ
334 2604 587 2677 ἀνδρίζου
635 2605 740 2658 ὑπὸ
774 2603 875 2673 τῆς
908 2601 1142 2674 ἀληθοῦς
1175 2601 1479 2666 εύσεόείας,
1522 2602 1776 2673 καθάπερ

198 2701 292 2754 ἰαὶ
328 2699 531 2771 Ἰησοῦς
580 2701 609 2751 6
648 2697 740 2751 τοῦ
783 2695 941 2765 Ναυῆ
984 2697 1013 2747 6
1049 2693 1234 2757 δοῦλος
1266 2694 1472 2765 Κυρίου
1508 2695 1648 2765 ὑπὲρ
1680 2692 1775 2746 τοῦ

197 2791 592 2864 Ἰσραηλιτικού
622 2789 774 2843 λαοῦ.
812 2790 993 2841 Πάντα
1024 2786 1115 2839 τὸν
1148 2786 1255 2839 ὑπὸ
1280 2786 1377 2857 τὴν
1404 2785 1499 2858 σὴν
1523 2786 1778 2857 ὁσιότητα

199 2885 407 2954 εὐλαϐῆ
431 2884 655 2953 κλῆρον,
692 2883 785 2934 καὶ
814 2881 910 2934 τὸν
939 2879 1305 2948 εύλογημένον
1330 2878 1427 2932 καὶ
1453 2879 1777 2932 πιστότατον

196 2976 345 3044 λαὸν,
384 2975 443 3042 ἐξ
473 2974 611 3047 ἐμοῦ
644 2975 965 3045 προσειπεῖν
993 2969 1411 3042 παρακλὴθητι.

794 3169 1041 3224 ΚΕΦΑΛ.
1085 3168 1186 3222 IA'.

199 3268 341 3337 Περὶ
372 3266 482 3335 τῆς
512 3264 751 3334 ἐξορίας
782 3260 1062 3337 Τιμοθέου
1084 3259 1192 3337 Sag
1206 3259 1640 3337 Αζλούροτξηκαὶ
1665 3257 1774 3337 τῆς

275 3329 968 3408 χειρὸέονίιιξχΤιμοθέουΔ
1007 3329 1633 3408 τοῦιΣαλοφασξίιίιου.
1668 3330 1776 3382 Καὶ

272 3401 405 3477 Ξερι
436 3401 773 3477 Fer-(ablat)
802 3402 901 3456 καὶ
924 3401 1225 3466 Ἀκακίου,
1259 3401 1377 3453 τῶν
1405 3402 1779 3453 Κωνσταντι-

272 3475 524 3533 νοὺπολι
532 3475 672 3528 τῶν.

287 3593 410 3645 Ἐπὶ
450 3589 664 3651 τούτοις
708 3584 972 3656 Τιμόθεος
1002 3581 1217 3654 ὲξορὶαν
1246 3580 1639 3652 κατακρίνεται
1669 3578 1773 3650 (t),

201 3679 517 3743 κελευσθεὶς
551 3678 647 3732 καὶ
675 3676 835 3739 αὐτὸς
860 3675 957 3745 τὴν
979 3673 1313 3744 Γαγγρηνῶν
1332 3674 1523 3727 οἰκεῖν.
1551 3675 1614 3725 Οἱ
1634 3670 1776 3726 δὀὖν

200 3775 302 3843 τῆς
336 3767 754 3839 Ἀλεξανδρέων,
785 3766 1026 3834 διάδοχον
1057 3763 1351 3835 Προτερίου
1379 3763 1643 3834 Τιμόθεον
1667 3763 1777 3816 ἒπί-

203 3881 408 3919 σκοπον
454 3863 642 3933 ἕτερον
687 3857 1127 3930 προχειρίζονται
1152 3872 1165 3886 ·
1219 3856 1277 3910 ὃν
1319 3856 1368 3910 οἱ
1410 3856 1510 3925 μὲν
1548 3856 1774 3911 ἐκάλουν

202 3954 492 4008 Βασιλικδν
518 3951 672 4025 (74),
720 3952 772 4003 οἱ
805 3951 860 4003 δὲ
908 3947 1334 4017 Σαλοφακίαλον.
1378 3947 1684 4000 Ἀνατολίου
1716 3946 1773 4000 δὲ

199 4046 658 4115 τελευτήσαντος,
709 4042 799 4094 τὸν
838 4040 1026 4112 Θρόνον
1056 4040 1154 4108 τῆς
1182 4038 1569 4110 βασιλευούσης
1597 4040 1775 4094 διαδὲο

200 4152 359 4205 χεται
391 4134 783 4205 Γεννάδιονςυι)⁸
826 4132 917 4185 καὶ
952 4129 1072 4200 μετ’
1101 4129 1261 4182 αὐτὸν
1286 4129 1558 4191 Ἀκάκιος,
1591 4128 1649 4192 ὃς
1676 4128 1772 4182 τοῦ

200 4223 552 4292 κατατωγίου
614 4222 723 4275 τῶν
775 4220 1026 4293 ὀρφανῶν
1082 4218 1430 4289 προειστήκει
1486 4220 1627 4272 κατὰ
1678 4221 1775 4289 τὴν

200 4314 599 4384 βασιλεύουσαν
630 4312 805 4366 πόλιν.

1874 1962 2055 2007 torum
2088 1954 2311 2026 triginta
2349 1968 2661 2015 sanctorum
2710 1963 2930 2018 Patrum
2962 1968 3055 2036 qui
3098 1967 3443 2023 Chalcedone

1872 2048 2183 2116 congregati
2233 2060 2384 2114 sunt,
2432 2053 2736 2120 persistens
2766 2064 2822 2110 et
2864 2055 3124 2113 fundatus
3158 2060 3210 2113 in
3241 2075 3304 2115 ea
3338 2060 3443 2114 ﬁde

1872 2154 1993 2207 qua:
2015 2156 2045 2194 a
2078 2151 2269 2197 sancto
2296 2143 2502 2212 Spiritu
2532 2148 2767 2202 revelata
2797 2159 2899 2203 est.
2933 2150 3147 2205 Etenim
3173 2152 3217 2206 si
3246 2152 3446 2207 Serva-

1875 2240 1959 2284 tor
1992 2243 2199 2298 noster,
2249 2234 2343 2289 ubi
2382 2236 2491 2290 duo
2524 2247 2702 2292 tresve
2735 2239 2789 2293 in
2836 2243 3062 2297 nomine
3093 2242 3266 2313 ipsius
3311 2258 3445 2297 con-

1874 2324 2078 2392 gregati
2104 2333 2251 2391 sunt,
2278 2326 2433 2381 adest
2459 2328 2514 2383 in
2541 2330 2724 2384 medio
2752 2331 2993 2398 illorum,
3021 2334 3298 2403 quomodo
3329 2334 3446 2389 ﬁeri

1875 2425 2060 2483 posset
2092 2416 2234 2471 inter
2263 2428 2342 2473 tot
2384 2435 2447 2474 ac
2480 2430 2659 2476 tantos
2690 2430 2909 2479 sanctos
2938 2426 3148 2492 Patres,
3181 2434 3241 2480 ut
3272 2426 3450 2496 Spiri-

1877 2511 1963 2558 tus
2007 2515 2227 2561 sanetus
2270 2523 2496 2577 prorsus
2540 2526 2667 2565 cum
2706 2512 2815 2567 illis
2860 2530 2971 2569 non
3014 2516 3192 2571 esset?
3237 2516 3306 2570 Et
3349 2516 3451 2571 ati-

1875 2604 2075 2664 quanto
2120 2606 2235 2666 post
2263 2614 2283 2653 :
2329 2598 2697 2665 Quamobrem
2744 2605 2905 2660 tortis
2944 2617 3166 2672 esto,et
3212 2609 3450 2664 viriliter

1875 2699 1994 2753 age,
2043 2688 2503 2754 quemadmodum
2554 2692 2714 2748 Jesus
2760 2695 2928 2761 Nave,
2964 2712 3154 2753 servus
3200 2699 3447 2765 Domini,

1877 2793 1977 2847 pro
2028 2781 2230 2848 populo
2296 2782 2689 2839 lsraelitarum.
2746 2786 3076 2843 Universum
3132 2791 3449 2860 religiosum

1876 2873 2083 2926 clerum
2111 2875 2203 2943 qui
2241 2876 2344 2930 sub
2382 2886 2472 2931 tua
2514 2888 2598 2933 est
2635 2881 2960 2945 sanctitate,
3004 2892 3059 2936 et
3106 2882 3449 2938 benedictum

1875 2979 1940 3018 ac
1989 2966 2359 3024 ﬁdelissimam
2394 2972 2633 3041 plebem,
2673 2989 2794 3028 meo
2834 2976 3057 3030 nomine
3103 2976 3310 3032 salutes
3352 2993 3450 3032 ve-

1876 3055 1992 3110 lim.

2519 3177 2670 3233 CAP.
2713 3178 2804 3233 ΧΙ.

1802 3230 1842 3287 C
1876 3264 1952 3319 De
1983 3267 2165 3320 exsilio
2198 3267 2450 3321 Timothei
2488 3268 2685 3333 Ᾰίιιινὶ,
2730 3279 2780 3323 et
2821 3271 2885 3324 de
2913 3272 3243 3327 ordinatione
3273 3274 3450 3329 Timo-

1945 3338 2049 3390 thei
2080 3336 2409 3410 Salofarcioli.
2443 3340 2575 3392 Item
2608 3342 2669 3392 de
2702 3340 2973 3395 Gennadio
3001 3350 3049 3395 et
3071 3343 3282 3410 Acacio,
3312 3347 3450 3401 Cou—

1941 3409 2428 3478 stantinOpolitanis
2467 3412 2736 3480 episcopis.

1944 3584 2071 3638 Post
2102 3585 2217 3639 haec
2241 3585 2563 3642 Timotheus
2585 3588 2876 3643 damnatur
2895 3591 3109 3654 exsilio,
3138 3603 3194 3647 et
3224 3593 3278 3647 in
3305 3593 3451 3649 Gan-

1876 3674 2153 3745 grensium
2186 3674 2405 3729 civitate
2437 3676 2686 3744 perinde,
2721 3693 2785 3732 ac
2813 3677 3128 3746 Dioscorus,
3155 3681 3344 3752 jussus
3368 3692 3451 3737 est

1877 3764 2096 3833 degere.
2148 3765 2321 3834 Igitur
2369 3765 2726 3821 Alexandrini
2804 3769 3037 3824 alterum
3099 3771 3449 3829 Timotheum

1876 3857 2105 3912 Proterii
2137 3873 2510 3912 successorem
2548 3859 2832 3929 elegerunt
2860 3878 2875 3915 :
2910 3877 3073 3931 quem
3105 3864 3195 3917 alii
3226 3864 3448 3934 quidem

1876 3949 2192 4013 Basilicum,
2228 3950 2321 4004 alii
2352 3967 2484 4006 vero
2519 3951 2904 4007 Salol‘aciolum
2944 3954 3323 4009 nominabant.
3365 3956 3453 4009 ln-

1876 4040 2038 4095 terim
2090 4050 2306 4095 mortuo
2346 4042 2622 4105 Anatolio,
2667 4044 3044 4113 episcopatum
3093 4047 3247 4103 urbis
3290 4048 3452 4119 regiae

1877 4131 2105 4187 sortitus
2120 4131 2282 4203 304
2306 4142 2389 4186 est
2412 4132 2762 4201 Gennadius;
2790 4136 2879 4189 cui
2910 4141 3175 4193 successit
3197 4142 3450 4207 Aeacius,

1878 4224 1973 4293 qui
2000 4226 2370 4294 orphanorum
2401 4226 2641 4298 hospitio
2670 4231 2959 4299 praefectus
2982 4231 3182 4289 fuerat.

1411 4449 1685 4504 VALESII
1713 4444 2275 4501 ANNOTATIONES.

276 4562 391 4647 (7-4)
430 4564 630 4647 οἱμὲν
645 4564 993 4647 ﬂagtium}
1025 4566 1115 4647 S_ic
1162 4566 1643 4647 etiam-scriptum
1680 4566 1776 4620 ha-

200 4634 301 4687 bet
323 4634 695 4706 VNiccphorus.
728 4635 929 4706 Verum
960 4636 1013 4689 in
1039 4636 1316 4691 Breviario
1345 4634 1614 4700 Liberali,
1652 4652 1774 4706 cap.

1892 4566 2151 4634 φακίαλος
2206 4564 2608 4635 ἐχειροτονήθη.
2672 4564 2820 4619 Idem
2878 4564 3072 4620 scribit
3139 4563 3444 4621 Cedrenus.

1883 4636 2022 4701 Quid
2046 4650 2176 4705 ergo
2202 4634 2501 4689 dicendum
2529 4634 2648 4689 eSt?
2680 4635 2875 4706 Utrum
2908 4638 2962 4690 in
2985 4636 3217 4706 Evagrio
3260 4636 3449 4701 λευκός

202 4706 291 4767 16,
319 4704 836 4777 idrcognomentum
858 4705 1135 4777 Timothei
1189 4709 1347 4777 longe
1380 4708 1542 4761 aliter
1581 4704 1773 4777 scribi
1811 4713 1854 4769 Ι)
1881 4704 2226 4777 scribendum
2262 4720 2383 4777 esse
2439 4706 2688 4759 dicemus
2720 4721 2828 4777 pro
2856 4704 3178 4777 βασιλικὸξῖ
3230 4705 3310 4760 An
3339 4707 3451 4761 for-

202 4784 312 4827 tur.
343 4774 551 4846 Sigait
590 4774 916 4846 Liberatus:
948 4775 1018 4829 Et
1056 4778 1240 4831 exsilio
1287 4774 1559 4846 relegatur
1602 4776 1779 4829 Timo-

201 4848 351 4916 t_heus
374 4842 598 4916 .Eligus
633 4844 955 4916 Chersonam
988 4861 1143 4900 arcta
1183 4842 1449 4911 custodio,
1501 4854 1550 4898 et
1579 4845 1644 4913 ﬁt
1684 4863 1780 4916 pro

202 4913 459 4988 Proterio
479 4913 792 4988 Timotheus
818 4926 1162 4988 cognomento
1212 4916 1618 4988 Salopltaciolus
1653 4913 1782 4988 sive

196 4982 390 5037 Albus.
419 4983 621 5037 Verum
680 4985 736 5037 in
781 4982 1039 5041 Liberale
1066 4982 1415 5042 scribendum
1471 4996 1557 5041 est
1593 4987 1775 5051 Albus,

198 5052 669 5126 quemadmodum
695 5055 859 5126 docet
897 5056 1270 5126 Theophanes
1316 5058 1371 5111 in
1426 5056 1685 5112 Chronico
1714 5057 1781 5110 iis

199 5124 419 5178 verbis:
437 5124 699 5194 Τιμόθεος
713 5124 767 5177 δὲ
784 5124 943 5189 ἄλλος
966 5124 1194 5197 ἐπίκλην
1212 5129 1441 5192 Λευκὸς,
1455 5129 1483 5179 6
1501 5129 1593 5181 καὶ
1612 5127 1779 5180 Σαλο-

1884 4784 2038 4855 tasse
2054 4776 2424 4855 Salofaeiolus
2456 4777 2665 4855 regium
2694 4774 3000 4855 signiﬁcat?
3045 4774 3211 4855 Certe
3258 4778 3449 4855 φακίοο

1877 4845 1967 4899 λον
1999 4844 2203 4918 Graecis
2257 4854 2342 4900 est
2361 4843 2590 4918 __fascia,
2621 4843 2768 4918 quod
2798 4862 2899 4915 pro
2923 4847 3240 4918 diademate
3299 4848 3451 4918 regio

1877 4916 2049 4986 accipi
2108 4924 2308 4985 potest.
2360 4915 2557 4969 Verum
2610 4916 2748 4970 nihil
2800 4916 2931 4970 certi
2962 4932 3051 4987 ex
3101 4915 3206 4970 hoc
3249 4915 3452 4987 cogno-

1879 4996 2065 5041 mento
2095 4987 2219 5040 elici
2251 4994 2453 5055 potest,
2489 5001 2617 5041 cum
2661 4987 2812 5041 varie
2868 4986 3142 5042 scribatur
3179 4987 3325 5057 apud
3352 5003 3450 5043 ve-

1879 5067 2027 5112 teres
2056 5058 2377 5127 scriptores.
3381 5060 3389 5067 '

1664 5269 2051 5327 VARIORUM.

272 5398 361 5460 it)
416 5390 694 5458 ἜξορῘαν
738 5389 1170 5460 κατακρίνεται.
1202 5388 1496 5460 Gangram,
1546 5389 1779 5458 Paphla-

199 5461 379 5531 gonije
426 5461 652 5524 urbem,
703 5475 766 5513 ae
808 5459 1011 5531 deinde
1046 5459 1449 5531 Chersonesum
1504 5461 1776 5528 relegatus

197 5529 285 5585 est
311 5529 655 5593 Timotheus,
677 5538 735 5583 et
757 5530 811 5582 in
834 5530 1029 5583 exsilio
1046 5529 1351 5583 octodecim
1378 5544 1554 5583 annos
1574 5530 1775 5600 exegit,

200 5609 261 5655 ut
308 5608 542 5654 testatur
584 5600 852 5669 Evagrius
916 5599 1058 5653 libro
1089 5615 1166 5664 in,
1222 5614 1342 5669 cap.
1396 5601 1466 5665 4;
1521 5601 1776 5654 exsilium

196 5670 596 5792 eiusbclcepisse
629 5685 774 5724 anno
808 5670 931 5735 457,
972 5669 1212 5735 Caveus;
1250 5686 1393 5724 anno
1424 5670 1549 5736 459,
1581 5670 1780 5740 Pagius

198 5756 306 5792 εει-ι
356 5756 416 5792 I.
548 5760 557 5769 -
714 5768 715 5771 η

198 5749 416 5794 scribit.
548 5760 557 5769 '
714 5768 715 5771 π

289 5812 371 5879 (ιι)
408 5809 753 5877 Γεννάδιος.
781 5810 1118 5877 Gennadius,
1145 5811 1379 5881 primum
1395 5810 1652 5867 Ecclesiae
1675 5810 1779 5867 CP.

1884 5389 2214 5459 presbyter,
2279 5404 2423 5443 anno
2493 5389 2598 5443 458
2654 5389 2908 5443 Anatolio
2960 5389 3012 5442 in
3075 5387 3453 5459 episcopatum

1879 5461 2125 5529 ejusdem
2191 5459 2452 5518 Ecclesia:
2498 5461 2786 5514 successit.
2847 5459 3456 5530 Collapsainw‘Ecclesite

1880 5528 1992 5585 sine
2040 5530 2389 5599 disciplinam
2452 5531 2599 5583 omni
2660 5546 2783 5583 mox
2838 5528 3020 5583 stmlio
3076 5528 3456 5599 redintegrare

1879 5601 2075 5670 cmpit;
2104 5603 2189 5654 vir
2212 5610 2332 5654 erat
2362 5602 2547 5671 lingua
2567 5600 2773 5671 nitidus
2794 5600 3098 5671 etingenio
3116 5614 3266 5671 acer.
3295 5600 3458 5654 Plura

1881 5672 1948 5726 de
1971 5669 2037 5726 eo
2068 5672 2213 5738 apud
2256 5669 2604 5725 Theodorum
2634 5670 2782 5725 Lect.
2815 5669 2912 5723 lib.
2942 5686 2980 5723 ι.
3009 5669 3052 5725 E
3079 5670 3187 5723 vita
3221 5670 3459 5724 excessit

1884 5758 2029 5796 anno
2058 5743 2179 5797 471.
2213 5741 2443 5807 (ΣΑνευε,
2471 5742 2680 5795 ΡΑοιινε.
