3970 6508
461 331 596 399 2ῗῦι

1661 327 1977 386 E‘VAGRII
2018 321 2508 384 SCIIOLASTICI

3566 312 3708 375 9552

464 446 636 498 Deum
690 455 885 513 preces
922 439 1219 494 i'undemus
1279 455 1380 509 pro
1419 438 1755 509 sempiterno
1809 439 2041 510 imperio

2161 436 2416 504 τυχόντες,
2479 431 2860 495 ἀδιαλείπτους
2923 431 3090 502 εὐχὰς
3140 428 3536 499 ἁναπέμψομεν
3580 430 3718 496 ὑπὲρ

467 544 669 599 vestro,
711 532 1068 588 sacratissimi
1119 533 1497 601 imperatores.
1552 533 1678 586 Post
1735 532 1852 585 ha-c
1893 531 2046 602 juxta

471 626 789 697 petitionem
842 634 950 678 tam
987 624 1253 689 Ilioseori,
1281 640 1446 693 quam
1481 623 1742 687 Eusebii,
1779 632 1897 677 acta
1955 638 2045 677 sc-

468 714 662 770 cundat
698 713 890 786 synodi
918 713 1208 783 Ephesime
1251 712 1469 782 publice
1502 713 1728 767 recitata
1772 721 1920 767 sunt.
1969 712 2048 766 Ex

468 807 672 878 quibus
701 815 982 861 ostenstnu
1017 813 1100 859 cst
1144 803 1432 873 epistolam
1468 801 1671 858 Leonis
1714 804 1907 858 lectam
1937 820 2046 858 non

471 899 660 961 fuisse,
701 897 865 967 idque
892 895 1105 949 tametsi
1134 895 1301 953 semel
1344 905 1508 964 atque
1561 893 1757 948 iterum
1795 910 1858 947 ea
1896 894 1964 948 de
1992 910 2049 948 re

471 990 825 1046 interlocutio
853 987 1173 1046 exstitisset.
1202 988 1272 1041 Et
1319 1003 1442 1042 cum
1489 985 1782 1043 Dioscorus
1816 988 1936 1058 ejus
1968 988 2046 1042 rei

473 1099 692 1136 causam
710 1095 986 1150 exponere
1009 1080 1317 1163 iuberetur,
1342 1079 1623 1149 respondit
1655 1081 1745 1135 ille
1790 1097 1849 1137 sc
1881 1083 2049 1137 semel

476 1183 640 1244 atque
673 1175 870 1228 iterum
901 1174 1128 1244 jussisse
1154 1181 1212 1225 ut
1244 1171 1296 1226 id
1325 1171 1515 1226 ﬁeret:
1545 1173 1950 1244 postulavitque
1992 1184 2053 1230 ut

474 1266 756 1323 Iuvenalis
795 1264 1302 1334 Hierosolymorum
1339 1275 1394 1318 et
1435 1261 1752 1319 Thalassius
1791 1262 2054 1321 Caesarea:

474 1358 858 1427 Cappadocum
891 1357 1182 1428 episcopus
1232 1371 1345 1409 rem
1369 1356 1525 1409 istam
1555 1357 1900 1413 manifestius
1920 1359 2055 1413 edo-

476 1458 706 1503 eercnt:
746 1448 880 1502 istos
933 1448 1079 1501 enim
1129 1463 1236 1503 una
1295 1463 1420 1501 cum
1475 1447 1613 1516 ipso.
1672 1449 1882 1521 synodo
1915 1466 2056 1520 prte-

479 1540 664 1595 i'uisse.
701 1541 777 1593 Ac
796 1538 1078 1594 iuvenalis
1099 1539 1320 1608 quidem
1352 1549 1584 1594 testatus
1604 1551 1708 1605 est,
1733 1557 1857 1596 cum
1888 1557 2058 1598 sacrae

478 1630 824 1700 imperatoris
848 1630 1046 1685 littera:
1084 1630 1450 1699 praeivissent,
1482 1632 1714 1701 jussisse
1745 1648 1802 1687 se
1839 1634 2059 1688 utreci-

481 1732 726 1777 tarentnr
762 1740 774 1775 :
808 1733 998 1792 postea
1046 1738 1179 1776 vero
1243 1721 1520 1778 neminem
1565 1723 1763 1781 Leonis
1809 1727 2057 1797 epistola:

479 1814 814 1868 mentionem
853 1813 1067 1869 fecisse.
1113 1813 1430 1870 Thalassius
1475 1830 1609 1871 vero
1643 1816 1781 1872 dixit
1836 1833 1894 1872 se
1943 1833 2054 1872 non

477 1906 754 1962 obstitisse
788 1922 898 1976 quo
939 1906 1123 1960 minus
1142 1922 1204 1961 ea
1229 1907 1502 1975 legeretur
1530 1925 1545 1962 :
1591 1909 1687 1964 sed
1723 1924 1902 1979 neque
1934 1918 2054 1966 tan~

482 2008 595 2054 tum
633 2001 686 2053 in
726 2014 784 2053 se
815 1999 1160 2054 auctoritatis
1215 1998 1406 2064 fuisse,
1430 2007 1490 2054 ut
1523 2000 1674 2055 solus
1713 2001 1829 2072 ipse
1867 2011 2058 2073 posset

479 2089 781 2145 decernere
831 2097 892 2143 ut
942 2090 1238 2160 legeretur.
1291 2089 1539 2161 Cumque
1592 2100 1838 2148 actorum
1892 2094 2059 2150 lectio

483 2180 713 2234 ulterius
743 2181 1189 2251 progrederetur,
1247 2191 1303 2238 et
1343 2183 1565 2252 quidam
1615 2185 1862 2255 episc0pi
1897 2201 2060 2243 voces

483 2272 713 2342 aliquas,
748 2282 1005 2342 tanquam
1038 2273 1198 2329 falsas
1216 2276 1706 2345 reprehemlerent,
1749 2278 2062 2348 Stephanus

485 2363 848 2434 Ephesiorum
877 2365 1168 2435 episcopus
1209 2366 1576 2437 interrogatus
1615 2370 1837 2437 quinam
1888 2371 2062 2440 ipsius

489 2455 683 2512 notarii
711 2455 870 2526 312
921 2471 987 2510 eo
1017 2464 1262 2526 tempore
1298 2457 1417 2510 illas
1440 2459 1804 2528 excepissent,
1830 2477 2060 2531 respon-

485 2549 567 2603 dit
600 2547 844 2602 notarios
874 2548 1045 2618 ipsius
1067 2547 1236 2602 fuisse
1273 2548 1554 2603 lulianum
1602 2551 1694 2618 qui
1730 2560 1915 2620 postea
1961 2553 2062 2607 Le-

488 2641 614 2695 hedi
643 2641 746 2694 l'uit
773 2640 1086 2711 episcopus,
1119 2648 1176 2694 et
1215 2639 1553 2710 Crispinum.
1587 2643 1789 2698 Verum
1819 2646 2064 2699 notarios
2091 2630 2103 2642 ’

490 2731 731 2785 Dioscuri
765 2746 870 2784 non
897 2729 1209 2799 permisisse
1233 2729 1348 2784 suis
1368 2739 1427 2784 ut
1447 2731 1786 2801 exciperent,
1807 2733 1902 2788 sed
1925 2735 2064 2799 digi-

489 2833 574 2877 tos
617 2838 808 2875 corum
846 2820 976 2874 dum
1023 2821 1333 2875 scriberent
1371 2823 1842 2892 apprehendisse:
1881 2826 1955 2880 ita
2004 2839 2064 2882 ut

488 2928 680 2982 parum
728 2911 968 2966 abl‘nerit
997 2912 1128 2981 quin
1176 2911 1488 2980 turpissima
1530 2923 1870 2983 paterentur.
1913 2918 2064 2972 idem

489 3020 652 3074 porro
675 3003 989 3073 Stephanus
1014 3011 1244 3058 testatus
1260 3015 1344 3058 est
1394 3022 1452 3059 se
1485 3018 1539 3061 et
1579 3008 1822 3076 reliquos
1858 3009 2067 3079 episco-

2147 527 2243 581 τοῦ
2277 526 2495 579 αἰωνίου
2537 525 2692 596 ὑμῶν
2723 526 2979 594 κράτους,
3009 523 3279 576 θειότατοι
3317 521 3575 592 βασιλεῖς.
3626 523 3720 574 Ἐκ

2151 620 2338 690 κοινῆς
2383 619 2563 673 τοίνυν
2604 619 2842 689 δεήσεως
2885 616 3178 686 Διοσκόρου
3212 633 3272 668 τε
3297 616 3392 668 καὶ
3441 615 3722 680 Εύσεὸίου,

2150 711 2218 764 τὰ
2251 712 2310 762 ἐν
2357 714 2422 781 τῇ
2463 709 2696 779 δευτέρᾳ
2745 709 2803 761 ἐν
2850 707 3063 777 Ἐφέσῳ
3114 707 3318 776 συνόδῳ
3352 705 3717 775 πεπραγμένα

2151 803 2241 859 διὰ
2290 803 2386 873 τῆς
2426 802 2789 870 ἀναγνώσεως
2828 801 3133 869 ἐδηλοῦντο.
3178 802 3255 852 Δι’
3304 793 3379 852 ὧν
3431 799 3724 862 ἐδείκνυτο,

2152 897 2250 964 τὴν
2277 894 2567 965 ἐπιστολὴν
2596 894 2825 956 Λέοντος
2851 893 2926 963 μὴ
2960 894 3400 961 ἀναγνωσθῆναι.
3433 893 3528 944 καὶ
3550 891 3722 944 ταῦτα

2153 987 2437 1048 διαλαλιᾶς
2490 983 2866 1056 ἐξενεχθείσης
2897 984 3044 1048 ἆπαξ
3099 986 3194 1038 καὶ
3237 985 3318 1047 δὶς
3355 987 3486 1048 περὶ
3512 982 3723 1037 τούτου.

2168 1077 2288 1143 Ἐφ’
2332 1070 2414 1138 οἷς
2463 1075 2754 1145 Διόσκορος
2804 1075 2904 1144 τὴν
2955 1074 3134 1126 αἰτίαν
3177 1073 3502 1143 ἀπαιτηθεὶς
3532 1075 3728 1137 εἰπεῖν,

2156 1169 2431 1239 διεξῆλθεν
2466 1169 2632 1221 αὑτὸν
2673 1167 2821 1232 ἅπαξ
2849 1168 2942 1220 καὶ
2995 1167 3076 1230 δὶς
3110 1167 3263 1220 τοῦτο
3288 1165 3610 1237 διαλαλῆσαι
3637 1183 3728 1233 γεο

2157 1259 2367 1323 νέσθαι,
2396 1261 2567 1332 ᾔτησέ
2600 1278 2660 1314 τε
2697 1261 2791 1314 καὶ
2832 1261 3186 1314 Ὶουϐενὰλιον
3214 1261 3307 1314 τὸν
3345 1258 3732 1330 Ἰεροσολύμων

2158 1353 2460 1406 ἐπίσκοπον
2492 1354 2588 1408 καὶ
2631 1353 2934 1407 Θαλάσσιον
2962 1353 3062 1422 τῆς
3097 1353 3321 1424 πρώτης
3350 1351 3731 1405 Καππαδοκῶν

2159 1445 2519 1516 Καισαρείας,
2561 1446 2631 1500 τὰ
2674 1447 2803 1516 περὶ
2830 1446 3034 1498 τούτων
3064 1445 3422 1514 διασαφῆσαιο
3459 1447 3554 1496 σὺν
3582 1443 3728 1513 αὐτῷ

2158 1536 2268 1606 γὰρ
2302 1537 2393 1589 καὶ
2420 1539 2643 1599 τούτους
2666 1536 2765 1606 τὴν
2791 1536 3106 1588 αύθεντείαν
3133 1535 3340 1588 λαϐεῖν.
3383 1534 3731 1597 Ἰουϐενάλιος

2163 1630 2262 1698 μὲν
2309 1626 2402 1682 οὖν
2457 1628 2683 1698 ἔφησεν,
2711 1629 2785 1692 ὡς
2833 1629 2981 1681 θείου
3011 1630 3343 1699 γράμματος
3377 1629 3728 1697 ἡγησαμένου

2159 1719 2492 1790 διελάλησεν,
2529 1721 2705 1773 ἐκεῖνο
2740 1721 2851 1790 (99)
2887 1723 2954 1790 τῇ
3017 1721 3328 1789 ἀναγνώσει
3376 1721 3732 1790 καθυποϐλη..

2095 1780 2135 1834 Β
2162 1810 2320 1880 θῆναι
2341 1780 2376 1840 θ’
2397 1780 2626 1882 ὕστερον
2657 1811 2714 1864 δὲ
2746 1780 2954 1882 μηδένα
2974 1813 3073 1881 τῆς
3106 1780 3399 1875 ἐπιστολῆς
3427 1780 3733 1882 μνημονεύεε

2163 1917 2274 1952 σαι.
2306 1899 2604 1962 Θαλάσσιος
2644 1899 2720 1962 δὲ,
2757 1902 2831 1972 μὴ
2881 1901 3120 1955 κωλῦσαι
3149 1901 3352 1973 ταύτην
3374 1904 3732 1970 ἀναγνωσθῆ-

2161 2009 2274 2057 ναι,
2320 1993 2454 2063 μηδὲ
2518 1994 2786 2063 τοσαύτην
2847 1995 3136 2065 ἐσχηκέναι
3185 1995 3496 2067 παρρησίαν
3530 2038 3545 2059 ,
3594 1995 3734 2050 ὥστε

2162 2083 2258 2137 καὶ
2297 2084 2457 2154 μόνον
2485 2078 2597 2136 οἶόν
2623 2103 2677 2137 τε
2710 2085 2964 2150 γενέσθαι
2996 2086 3244 2140 τυπῶσαι
3289 2085 3386 2156 τὴν
3431 2087 3738 2154 ἀνάγνωσιν

2164 2175 2466 2247 προελθεῖν.
2505 2177 2616 2246 Τῆς
2661 2180 2842 2231 τοίνυν
2897 2179 3004 2232 τῶν
3039 2178 3449 2248 πεπραγμένων
3499 2177 3739 2246 ἀναγνῶ-

2164 2283 2300 2328 astu;
2330 2266 2648 2337 προϊούσης,
2677 2269 2770 2321 καί
2799 2287 2960 2322 τινων
2995 2271 3206 2340 ῥήσεων
3239 2269 3316 2332 ὡς
3338 2269 3591 2321 πλαστῶν
3618 2271 3739 2321 ἐπι,

2164 2363 2475 2432 λαϐομένων
2504 2363 2660 2414 ἐνίων
2699 2364 2804 2415 τῶν
2834 2366 3172 2424 ἐπισκόπων,
3203 2365 3496 2444 ἐρωτηθεὶς
3527 2365 3736 2431 Στέφα-

2161 2472 2250 2518 νος
2273 2455 2302 2506 ὁ
2327 2453 2422 2524 τῆς
2470 2455 2730 2524 Ἐφεσίων
2759 2455 3041 2526 πρόεδρος,
3076 2459 3218 2519 τίνες
3242 2457 3351 2509 τῶν
3388 2457 3737 2525 ὑπογραφὸνο

2161 2565 2270 2600 των
2327 2547 2478 2618 αύτῷ
2547 2547 2846 2620 τηνικαῦτα
2901 2549 3398 2620 συνεξελάμὸανον,
3458 2548 3741 2618 διεξῆλθεν

2177 2641 2460 2695 Ἰουλιανὸν
2492 2643 2806 2714 ὑπογράψαι
2831 2641 2980 2712 αὐτῷ
3006 2644 3304 2695 ἐπίσκοπον
3329 2643 3559 2713 ὕστερον
3584 2645 3740 2710 γενό-

2169 2749 2328 2800 μενον
2383 2732 2630 2798 Λεῆίδου,
2690 2734 2782 2788 καὶ
2841 2733 3140 2802 Κρισπῖνον
3173 2751 3187 2765 ·
3237 2735 3363 2796 τοὺς
3407 2733 3463 2785 δέ
3503 2749 3569 2800 γε
3604 2734 3740 2786 ὑπο-ι

2166 2822 2480 2892 γράφοντας
2513 2824 2789 2894 Διοσκὸρῳ
2839 2824 2999 2877 τοῦτο
3040 2826 3116 2895 μὴ
3181 2825 3539 2895 συγχωρῆσαι
3585 2825 3742 2892 γενέ-

2169 2914 2313 2978 σθαι,
2351 2914 2485 2967 ἀλλὰ
2516 2915 2610 2967 καὶ
2642 2915 2748 2968 τῶν
2785 2916 3066 2972 δακτύλων
3090 2916 3440 2970 ἐπιλαϐέσθαι
3475 2917 3584 2969 τῶν
3611 2918 3744 2970 time

2171 3009 2508 3076 γραφόντων,
2537 3007 2613 3070 ὡς
2643 3009 2740 3060 καὶ
2783 3008 2851 3061 τὰ
2877 3009 3130 3078 αἴσχιστα
3161 3011 3358 3072 αὐτοὺς
3398 3008 3744 3082 κινδυνεῦσαι

492 3109 588 3163 pos
609 3093 1042 3164 unoeodemque
1071 3091 1504 3162 dicdepositioni
1543 3093 1784 3148 Flaviani
1824 3094 2060 3150 subscri-

2171 3102 2384 3154 παθεῖν.
2433 3101 2492 3152 Ὀ
2530 3101 2691 3164 αὐτὸς
2719 3101 2899 3154 τοίνυν
2943 3102 3213 3169 Στέφανος
3242 3102 3522 3161 κατέθετο.
3553 3104 3614 3155 ἐν
3649 3105 3744 3174 μιᾷ

490 3185 684 3256 psisse.
715 3185 809 3240 liis
839 3184 1039 3256 adjecit
1060 3184 1289 3240 Aeacius
1315 3185 1606 3255 episcopus
1635 3186 1979 3251 Ariarathiae,
2010 3187 2064 3242 in

489 3279 679 3333 charta
709 3295 844 3348 pura
875 3293 1066 3335 omnes
1109 3277 1523 3348 subscripsisse,
1559 3278 1612 3332 vi
1643 3294 1706 3332 ac
1742 3280 2068 3334 necessitate

491 3371 826 3440 compulsos,
858 3379 914 3424 et
961 3370 1268 3424 innumeris
1305 3367 1465 3423 malis
1513 3369 1760 3433 allectos,
1796 3386 1934 3446 ,cum
1961 3369 2066 3424 mi-

494 3464 615 3518 lites
648 3465 752 3517 tela
802 3472 858 3518 et
895 3463 1102 3532 gladios
1145 3469 1439 3532 gestantes,
1487 3463 1633 3531 ipsos
1677 3461 2070 3517 circumdedis-

495 3563 636 3610 sent.
689 3555 894 3609 Deinde
925 3571 1050 3609 cum
1084 3555 1204 3608 alia:
1252 3569 1414 3608 voces
1461 3569 1650 3610 rursus
1681 3554 1837 3608 iecuc
1859 3562 2065 3620 essent,

495 3646 821 3702 Theodorus
859 3645 1236 3715 Claudiopolis
1264 3646 1557 3717 episcopus
1605 3646 1742 3700 dixit
1787 3646 2065 3701 neminem

495 3740 599 3793 ista
634 3738 981 3794 acclamasse.
1034 3737 1284 3807 Cumque
1342 3749 1588 3793 actorum
1640 3739 1802 3793 lectio
1842 3738 2072 3793 ulterius

499 3830 876 3900 processisset,
905 3829 998 3883 ubi
1030 3838 1253 3884 ventum
1285 3829 1456 3884 estad
1480 3830 1662 3883 locum
1698 3829 1750 3883 in
1776 3845 1886 3899 quo
1910 3830 2074 3902 Euty-

499 3923 630 3978 ches
650 3922 865 3977 dixerat
911 3923 1174 3979 damnare
1213 3937 1270 3977 se
1310 3938 1406 3977 eos
1441 3923 1532 3990 qui
1569 3923 1820 3978 dicerent
1848 3939 2068 3977 carnem

498 4013 593 4068 Dei
622 4028 686 4068 ac
708 4013 924 4068 Domini
981 4021 1036 4070 ct
1083 4013 1395 4069 Servatoris
1443 4012 1616 4066 nostri
1675 4012 1804 4068 .lcsu
1864 4009 2069 4066 Christi

2169 3196 2264 3245 καὶ
2291 3195 2356 3263 τῇ
2392 3194 2527 3264 αὐτῇ
2582 3194 2764 3266 ἡμέρᾳ
2813 3197 2879 3266 τῇ
2922 3195 3242 3266 καθαιρέσει
3273 3195 3582 3265 Φὶιαΰιανοῦ
3613 3196 3746 3250 ὐπο-

2170 3287 2535 3357 σημήνασθαι.
2569 3287 2789 3352 Τούτοις
2817 3287 3026 3357 ἐπῆγεν
3069 3288 3321 3352 Ἀκάκιος
3361 3288 3747 3358 ’Λριαραοείας

2168 3379 2486 3443 ἐπίσκοπος,
2540 3381 2773 3450 ἀγράφῳ
2830 3380 3003 3451 χάρτῃ
3080 3381 3349 3444 πάντας⁵¹
3399 3382 3748 3451 ὑπογράψαι,

2171 3467 2307 3536 πρὸς
2334 3467 2452 3538 βίας
2479 3486 2538 3520 τε
2572 3470 2665 3522 καὶ
2694 3471 2959 3540 ἀνάγκης,
2995 3471 3208 3542 μυρίοις
3242 3474 3434 3534 κακοῖς
3483 3473 3751 3542 περιϐλη-

2174 3557 2389 3620 θέντας,
2440 3561 2789 3628 στρατιωτῶν
2815 3562 2999 3625 αὐτοῖς
3049 3563 3187 3632 μετὰ
3230 3562 3467 3630 φονικῶν
3493 3565 3750 3632 ὀργάνων

2175 3653 2707 3720 περιστοιχισάντων.
2761 3648 2892 3708 Εἶτα
2937 3654 3100 3707 πάλιν
3149 3655 3342 3726 ἐτέρας
3387 3657 3605 3722 φάσεως
3645 3657 3745 3707 ἁν-

2167 3743 2538 3811 εγνωσμένης,
2596 3744 2867 3816 Θεόδωρος
2917 3747 3211 3810 ἐπίσκοπος
3261 3747 3743 3809 Κλαυὸιουπόλεως

2167 3831 2295 3900 ἔφη,
2351 3832 2554 3902 μηδένα
2587 3833 2760 3886 ταῦτα
2815 3835 3171 3902 φθέγξασθαι.
3227 3835 3653 3905 Προκοπτούσης
3692 3837 3747 3888 δὲ

2169 3923 2263 3975 καὶ
2295 3922 2436 3976 οὕτω
2468 3923 2568 3991 τῆς
2603 3926 2985 3992 ἀναγνώσεως,
3021 3927 3210 3996 ἐπειδὴ,
3233 3946 3283 3980 τι
3314 3927 3513 3996 χωρίον
3542 3928 3624 3995 (1)
3647 3944 3741 3978 πε-

2171 4015 2374 4082 ριεῖχεν
2415 4013 2629 4087 Εὐτυχῆ
2659 4017 2972 4083 διεξελθεῖν,
2999 4020 3092 4077 καὶ
3121 4020 3246 4082 τοὺς
3272 4019 3526 4086 λέγοντας
3565 4020 3624 4088 (ἱ)
3647 4019 3745 4086 τὴν

1760 4104 1995 4160 VARIAS
2038 4106 2438 4164 LECTIUNES.

1702 4232 1973 4300 VA‘LEsn
2007 4245 2564 4304 ANNOTATIONES.

571 4341 685 4411 ‘99)
715 4341 1086 4404 AteJdJna'cr
1115 4339 1348 4412 ἐκείνω.
1393 4337 1590 4412 Procul
1619 4337 1791 4412 dubio
1821 4339 2069 4412 scriben-
2108 4343 2147 4395 D
2177 4340 2304 4409 quia
2331 4340 2868 4410 Christophorsonns
2889 4342 2942 4396 in
2966 4342 3128 4411 hujus
3156 4342 3259 4396 loci
3289 4341 3742 4412 interpretatione

569 4177 612 4212 ⁸⁸
648 4176 870 4250 ταύτας,

500 4407 633 4482 dum
664 4412 994 4475 cst,éxsivo,
1039 4410 1234 4493 supple
1275 4409 1336 4460 τὸ
1394 4407 1537 4461 θεῖον
1588 4411 1841 4533 γράμμα.
1895 4409 2069 4474 Quam

502 4480 944 4533 emendationem
1021 4482 1354 4533 conhrmant
1424 4488 1544 4533 acta
1631 4477 2069 4533 .balcedonensis

502 4478 944 4535 eniendationcm
1021 4477 1354 4535 coniirmant
1424 4488 1544 4533 acta
1605 4477 2076 4545 Chalcedonensis

501 4550 723 4606 concilii
752 4565 872 4620 pag.
907 4549 974 4603 52
994 4558 1051 4604 et
1083 4550 1151 4603 εδ
1201 4547 1464 4603 editionis
1518 4549 1683 4620 Binii,
1750 4548 1844 4603 ubi
1892 4551 1962 4602 ita
1996 4548 2076 4602 le-

503 4623 684 4688 gitur:
719 4619 1319 4688 Gloriosissimijudices
1358 4628 1408 4672 et
1455 4619 1813 4682 amplissimus
1861 4629 2076 4672 senatus

502 4693 790 4746 dixerunt:
825 4691 980 4745 Dicat
1003 4690 1333 4744 beatissimus
1363 4691 1631 4760 episcopus
1657 4689 1952 4760 Juventius,
1985 4706 2080 4742 cur

506 4761 888 4842 interloqnente
928 4759 1658 4842 reverendissimo.’episeopo
1720 4759 1970 4842 Dioscoro
2017 4760 2078 4812 ob

509 4829 835 4886 recitandum
889 4831 1165 4901 epistolam
1220 4829 1542 4901 sanctissimi
1606 4829 1766 4885 liam.
1821 4831 2075 4898 archiep..

510 4904 658 4956 lectio
681 4903 793 4971 ejus
817 4900 1015 4954 nonest
1041 4902 1205 4969 facta.
1234 4900 1510 4953 Iuvenalis
1533 4915 1697 4953 rever.
1744 4901 1902 4969 episc.
1951 4901 2079 4954 Ilie-

511 4973 669 5026 rasol.
693 4973 823 5025 dixit
852 4991 862 5024 :
896 4971 1094 5026 Stat-im
1134 4971 1400 5039 respondit
1439 4971 1706 5041 presbyter
1753 4979 1806 5024 et
1842 4972 2082 5040 primice-

511 5043 620 5095 rius
663 5044 991 5095 notariorunt
1046 5041 1278 5094 Joannes
1327 5041 1516 5096 habere
1581 5057 1636 5094 se
1678 5057 1788 5110 prw
1840 5041 2080 5094 manibus

510 5129 692 5165 sacras
727 5111 929 5164 litteras
959 5111 1470 5181 religiosissimorum
1499 5118 1546 5163 et
1572 5112 1928 5181 piissimorum
1951 5112 2076 5181 imp.

513 5183 830 5251 etrespondi
881 5169 1184 5251 imperiales
1214 5181 1419 5234 litteras
1469 5169 1649 5251 rele'gi.
1688 5181 1862 5234 Porro
1913 5169 2080 5251 verba

516 5253 629 5321 ipsa
659 5250 861 5321 quibus
896 5265 1027 5321 usus
1070 5250 1248 5321 fuerat
1279 5250 1659 5305 Juvenalis’in
1705 5251 1945 5305 secunda
1991 5250 2086 5304 illa

514 5319 725 5394 synodo
765 5319 1064 5394 Ephesina,
1101 5320 1794 5394 habenturinsuperiore
1820 5337 1942 5390 pag.
1976 5321 2074 5394 _5‘2.

516 5390 608 5447 ubi
648 5403 768 5447 acta
801 5391 1055 5445 secundae
1072 5391 1261 5461 synodi
1295 5391 1581 5460 Ephesium
1606 5390 1938 5444 referuntur.
1971 5390 2077 5461 Sed

511 5474 570 5518 et
616 5463 846 5531 Nicepb.
893 5459 1360 5531 emendationem"
1401 5469 1641 5514 nostram
1691 5462 1982 5513 conﬁrmat
2023 5459 2077 5512 in

515 5549 638 5602 (ap.
693 5529 890 5588 ultimo
947 5529 1050 5586 lib.
1085 5549 1174 5596 xv,
1214 5531 1325 5602 pubi
1370 5531 1759 5599 compendium
1818 5532 2078 5584 Actorum

514 5600 991 5680 Chalcedonensis
1006 5600 1226 5680 concilii
1246 5601 1482 5680 "refert,
1512 5614 1706 5680 magna
1745 5609 1898 5667 parte
1927 5607 2079 5680 tran-

518 5674 781 5744 scriptum
821 5667 898 5729 cx
952 5671 1207 5743 Evagrio.
1244 5670 1369 5728 Haec
1431 5669 1556 5746 ideo
1595 5667 1773 5723 fusius
1799 5669 2078 5742 annotavi,

2177 4411 2336 4480 longe
2366 4429 2397 4465 a
2432 4427 2562 4480 vero
2587 4412 2883 4466 aberravit.
2921 4414 3147 4466 Notabis
3169 4421 3350 4470 autem
3369 4413 3554 4465 obiter
3590 4413 3734 4466 fran-

2178 4479 2300 4552 dem
2338 4496 2461 4552 qua:
2485 4479 2625 4535 facta
2659 4491 2748 4552 est
2788 4483 2841 4535 in
2879 4483 3122 4537 secundo
3154 4483 3247 4536 illo
3296 4483 3570 4552 Ephesino
3608 4499 3740 4534 eon-

2179 4551 2331 4606 cilio.
2365 4550 2498 4604 Nam
2526 4567 2649 4605 eum
2707 4550 2947 4607 Hilarius
2995 4552 3280 4614 diaconus,
3331 4550 3542 4621 legatus
3595 4552 3744 4606 sedis

2180 4621 2530 4692 apostolica,
2592 4623 2960 4676 renuntiasset
3004 4623 3280 4692 episcopis
3339 4623 3430 4690 qui
3489 4623 3738 4684 aderant,

2183 4691 2386 4744 habere
2411 4707 2469 4744 se
2505 4692 2792 4759 epistolam
2819 4692 3022 4746 Leonis
3043 4691 3210 4761 papae,
3241 4703 3298 4745 et
3320 4692 3651 4760 postulasset
3685 4704 3742 4745 ut

2181 4761 2456 4832 legeretur
2481 4761 2534 4814 in
2570 4762 2842 4816 concilio:
2869 4763 3108 4817 Joannes
3140 4763 3422 4832 presbyter
3455 4771 3513 4814 et
3555 4763 3743 4830 primi-

2183 4831 2366 4902 cerius
2408 4833 2771 4894 notariorum,
2826 4848 3056 4902 surgens
3099 4833 3237 4885 dixit
3283 4832 3482 4886 habere
3537 4850 3594 4886 se
3636 4849 3744 4902 pne.

2183 4901 2442 4971 manibus
2469 4902 2602 4954 alias
2635 4902 2848 4956 litteras
2897 4901 2966 4956 ab
3016 4904 3343 4971 imperatore
3390 4903 3628 4970 scriptas
3677 4901 3742 4954 ad

2185 4970 2530 5042 Dioscorum.
2567 4971 2705 5024 Tum
2729 4971 3009 5026 iuvenalis
3030 4970 3291 5042 prmeepit
3321 4982 3383 5026 ut
3418 4973 3618 5026 littene
3644 4972 3750 5024 illa:

2187 5041 2318 5112 imp.
2351 5041 2691 5112 legerentur,
2727 5043 2878 5096 nulla
2930 5041 3174 5112 epistulae
3205 5041 3404 5096 Leonis
3437 5043 3748 5112 intentione

2187 5110 2347 5181 facta.
2389 5111 2555 5164 Vides
2599 5111 2766 5181 igitur
2809 5110 3099 5166 lectionem
3133 5113 3380 5180 epistol:c
3429 5111 3633 5165 Leonis
3681 5113 3748 5165 dc
3825 5155 3834 5160 _

2192 5180 2460 5252 industria
2497 5180 2828 5252 impeditam
2875 5199 2994 5237 esse
3041 5199 3138 5252 per
3181 5183 3428 5242 fraudem
3474 5183 3746 5242 Dioscori.

2191 5249 2283 5318 qui
2303 5266 2403 5322 pro
2421 5249 2650 5319 epistola
2669 5252 2868 5306 Leonis
2892 5249 3175 5322 epistolam
3196 5252 3325 5320 imp.
3349 5252 3642 5305 Theodosii
3664 5269 3748 5305 re-

2181 5321 2341 5391 citari
2372 5321 2500 5374 fecit
2532 5321 2817 5391 insynodo.
2851 5321 3021 5376 Porro
3039 5322 3478 5376 emendationem
3505 5332 3748 5375 nostrain

2178 5390 2466 5470 conﬁrmat
2494 5390 2676 5470 Cod-ex
2708 5393 3070 5457 Tellerianns,
3117 5393 3172 5446 in
3221 5408 3332 5462 quo
3359 5392 3437 5459 ita
3476 5391 3745 5462 scriptum

2180 5461 2363 5514 inveni
2405 5469 2460 5513 ut
2493 5463 2854 5530 eonjeccram.

2260 5531 2336 5599 (ί)
2381 5530 2696 5590 Ἐπειδ-ήτι
2727 5535 2962 5599 χωρίον.
3007 5532 3310 5588 Locnsiste
3349 5547 3511 5600 quem
3545 5532 3751 5586 indicat

2181 5599 2465 5672 Evagrius,
2488 5611 2665 5654 exstat
2694 5602 2745 5656 in
2775 5603 2990 5658 actione
3015 5602 3188 5668 prima
3210 5599 3409 5672 synodi
3442 5602 3747 5671 Chalcedo-

2182 5671 2390 5733 nensis,
2421 5685 2538 5738 pag.
2567 5673 2656 5725 58.

593 5839 642 5903 (ἰ
660 5834 677 5904 )
711 5837 816 5896 Καὶ
843 5837 982 5903 τοὺς
1004 5831 1650 5907 λέγονταςτὸιιιιιιῐυηιίίι
1676 5839 1759 5887 cst.
1807 5847 1909 5897 γοχ
2393 5848 2458 5887 cx
2486 5832 2714 5906 integris
2754 5836 2926 5892 Actis.
2959 5835 3044 5890 W.
3076 5834 3298 5899 Lowrtt.
