4048 6528
559 367 714 435 Ξῑιὸθ

1785 362 1978 426 EVAG
1987 363 2102 424 Rll
2143 359 2631 423 SCHOLASTICI'.

3697 362 3840 430 2:360

569 501 739 545 voces
761 482 1028 554 quasdam
1051 493 1175 554 qua:
1207 481 1262 536 in
1288 479 1500 552 synodo
1530 489 1664 535 tunc
1692 487 2024 549 congregata
2055 476 2158 530 mi-

2269 477 2361 540 νας
2393 477 2466 548 μὴ
2494 475 2794 547 εἰρημένας
2820 479 2885 548 τῇ
2920 475 2982 530 τδ
3009 475 3312 547 τηνικαῦτα
3329 475 3612 552 ἁλισθείσῃ
3639 481 3839 553 συνόδῳ

573 582 724 635 nime
755 577 916 632 dictae
937 585 1146 641 essent,
1165 591 1196 628 a
1226 575 1490 628 Dioscoro
1519 572 1661 627 actis
1687 570 1924 625 insertas
1953 569 2155 624 fuisse:

574 683 802 728 curasse
835 675 1100 738 praeterea
1135 665 1390 720 eumdem
1423 665 1742 718 Dioscorum
1765 703 1779 725 ,
1813 671 1872 717 ut
1911 662 2158 732 episcopi

577 766 632 818 in
676 761 869 819 charta
930 774 1068 831 pura
1120 757 1560 814 subscriberent.
1622 755 2041 823 Postulavitque
2103 763 2163 807 ut

576 865 697 912 acta
731 855 918 910 omnia
939 853 1194 908 secundae
1216 849 1414 921 synodi
1443 848 1752 918 Ephesium,
1776 846 2160 916 episcoporum

576 950 669 1020 qui
723 947 1037 1020 congregati
1069 953 1229 1000 erant
1258 943 1468 1015 judicio
1509 938 1943 1004 iulirmarentur,
1992 949 2162 1009 utque

580 1042 682 1112 ipsi
713 1042 1042 1112 dignitatem
1067 1035 1362 1094 sacerdotii
1416 1033 1835 1105 recuperarent,
1866 1043 2039 1104 utque
2067 1049 2166 1088 ne-

580 1136 773 1189 farium
800 1133 934 1188 illud
969 1134 1164 1204 dogma
1195 1128 1543 1185 anathemate
1585 1126 1963 1182 damnaretur.
1998 1124 2164 1183 Pctiit

577 1225 746 1280 etiam
769 1236 892 1294 post
926 1223 1302 1278 recitationem
1331 1217 1500 1273 libelli
1536 1217 1656 1282 Sui,
1706 1226 1765 1271 ut
1811 1216 2166 1273 adversarius

574 1313 816 1369 adesset.
848 1314 1101 1382 Cumque
1132 1308 1378 1380 episcopi
1409 1309 1706 1379 jussissent
1759 1314 1820 1361 ut
1851 1307 2027 1372 ﬂeret,
2060 1307 2166 1361 Ae-

578 1406 691 1460 tius
716 1404 1136 1460 arcbidiaconus
1161 1411 1216 1456 et
1245 1400 1595 1472 primicerius
1627 1400 1972 1454 notariorum
2028 1399 2165 1453 dixit

582 1497 887 1565 profectum
911 1512 969 1550 se
1000 1511 1121 1549 esse
1151 1493 1220 1548 ad
1252 1492 1601 1555 Dioscorum,
1645 1491 1948 1560 itidemque
1976 1489 2046 1544 ad
2079 1506 2167 1545 re-

579 1591 796 1668 liquos:
832 1588 1152 1643 Dioscorum
1187 1598 1321 1640 vero
1358 1584 1732 1654 respondisse,
1789 1582 2076 1655 prohiberi
2105 1596 2165 1639 se

575 1699 606 1737 a
638 1681 961 1736 custodibus
992 1696 1062 1735 ne
1091 1679 1158 1733 ad
1195 1677 1492 1734 concilium
1524 1676 1734 1732 veniat.

651 1772 808 1826 Facta
841 1773 1039 1826 iterum
1070 1767 1723 1838 interloculionejussum
1769 1774 1877 1831 est,
1944 1776 2006 1821 ut
2037 1765 2166 1820 Dio-

575 1881 771 1920 scorus
802 1879 902 1934 pro
934 1861 1146 1918 foribus
1172 1861 1393 1916 concilii
1418 1867 1778 1931 quaereretur.
1818 1857 1886 1914 Et
1918 1875 2045 1915 cum
2075 1875 2163 1915 re-

578 1966 765 2027 pcrtus
815 1973 924 2009 non
950 1965 1117 2018 esset,
1149 1953 1434 2008 Anatolius
1468 1950 1983 2022 Constantinopolis
2038 1953 2161 2022 epi—

575 2063 776 2118 scopus
817 2046 1193 2116 interloqucns
1231 2045 1388 2108 dixit,
1435 2043 1640 2100 debere
1686 2043 1842 2097 illum
1865 2043 2082 2098 evocari
2109 2052 2165 2098 et

571 2141 812 2196 concilio
845 2141 1134 2194 interesse.
1160 2137 1316 2205 Quod
1346 2152 1472 2192 cum
1489 2136 1829 2192 exsecutioni
1843 2135 2163 2190 mandatum

579 2235 794 2298 ruisset,
830 2233 1127 2286 redeuntes
1161 2229 1198 2284 ii
1224 2230 1318 2301 qui
1371 2229 1524 2284 missi
1551 2228 1770 2283 fuerant
1823 2227 1890 2282 ad
1941 2227 2165 2282 Diosco—

574 2342 717 2386 rum,
759 2313 1147 2380 renuntiarunt
1171 2337 1298 2378 eum
1322 2320 1527 2376 dixisse
1551 2339 1566 2374 :
1599 2320 1712 2376 Sub
1736 2319 1988 2376 custodia
2019 2333 2161 2375 sum.

575 2416 769 2471 Dicant
807 2416 1080 2479 custodes,
1132 2415 1304 2469 velint
1335 2427 1403 2469 ne
1450 2413 1584 2467 mihi
1613 2412 1940 2483 permittere
1996 2419 2057 2466 ut
2090 2411 2160 2466 ad

558 2506 866 2563 concilium
903 2522 1145 2576 pergam.
1191 2505 1439 2575 Cumque
1466 2505 1630 2576 legati
1664 2504 1886 2559 concilii
1931 2517 2165 2572 respon-

556 2600 783 2656 dissent
805 2616 862 2654 se
877 2599 944 2653 ad
975 2599 1128 2652 illum
1159 2597 1358 2652 missos
1377 2611 1518 2660 esse,
1567 2611 1677 2650 non
1709 2608 1839 2650 vero
1870 2595 1939 2649 ad
1993 2593 2166 2664 magi-

555 2690 832 2747 str-ianus:
863 2690 1171 2744 retulerunt
1194 2689 1514 2744 Dioscorum
1541 2688 1655 2742 haec
1672 2687 1878 2741 dixisse
1900 2705 1913 2739 :
1939 2687 2168 2741 Paratus

574 2797 696 2836 sum
733 2781 919 2834 venire
942 2779 1011 2832 ad
1041 2795 1256 2834 sacrum
1285 2782 1340 2830 et
1364 2777 1672 2832 universale
1701 2777 2002 2832 concilium
2034 2775 2165 2830 :sed

578 2873 895 2943 prohibeor.
938 2871 1148 2937 Quibus
1185 2870 1734 2939 adjecit-Himerius,
1785 2865 2153 2922 redeuntibus

577 2965 1040 3037 ipsisaDioscoro
1090 2963 1398 3018 occurrisse
1427 2960 1736 3032 adjuturem
1781 2961 2028 3030 magistri
2081 2973 2168 3014 sa-

564 3074 799 3114 ⁷εινοιθιιιιι
830 3059 1155 3120 oﬂiciorum,
1191 3066 1248 3111 et
1275 3054 1568 3126 episcopos
1602 3069 1710 3108 una
1760 3067 1887 3109 cum
1927 3052 2029 3107 i-llo-
2079 3064 2166 3106 re-

577 3165 765 3206 versos
791 3166 912 3205 esse
962 3149 1029 3204 ad
1060 3147 1406 3211 Dioscorum,
1443 3147 1622 3216 deque
1666 3147 1775 3201 illis
1825 3146 2076 3217 quredam
2109 3161 2167 3200 sc
2195 3171 2240 3230 ρ

576 3242 782 3297 habere
806 3257 929 3312 quae
975 3239 1122 3296 notis
1142 3241 1465 3309 excepisset.
1491 3235 1566 3292 Ea
1584 3237 1824 3309 perlecta
1853 3237 2167 3292 iudicabant

580 3333 895 3389 Dioscorum
946 3333 1062 3387 hrec
1091 3331 1158 3387 ad
1201 3332 1428 3387 verbum
1463 3331 1667 3386 dixisse
1698 3347 1711 3384 :
1746 3330 2044 3400 Postquam
2075 3344 2164 3383 mc

578 3426 693 3498 ipse
725 3428 999 3499 recollegi,
1037 3436 1093 3482 et
1142 3425 1273 3497 quid
1302 3427 1438 3481 mihi
1479 3425 1769 3498 expediret
1791 3425 2161 3492 consideravi,

580 3522 653 3577 ita
670 3521 995 3592 respondeo.
1019 3505 1474 3590 Quandoquidem
1497 3519 1552 3574 iu
1570 3537 1630 3575 su
1639 3520 1854 3590 periure
1872 3531 2161 3584 concessu,

575 3613 1109 3684 magniﬁcentissimi
1147 3611 1365 3683 judices
1388 3621 1511 3682 post
1537 3612 1740 3666 multas
1783 3611 2050 3682 cujusque
2079 3611 2166 3665 in-

574 3707 974 3762 tcrlocutiones
1009 3706 1176 3759 multa
1213 3705 1614 3768 decreverunt;
1643 3718 1794 3760 nunc
1817 3717 1950 3760 vero
1976 3704 2044 3759 ad
2075 3719 2163 3760 se-

573 3800 818 3858 cundum
841 3816 1160 3855 consessum
1181 3817 1367 3868 vocor,
1399 3809 1461 3857 ut
1496 3802 1753 3873 praedicta
1790 3802 2161 3864 inlirmcntur,

577 3905 710 3962 rogo
738 3901 796 3946 ut
824 3891 1350 3964 magniﬁcentissimi
1384 3894 1603 3965 judices
1640 3903 1697 3948 et
1724 3894 2047 3963 amplissimi
2075 3911 2163 3949 se-

577 3990 829 4049 natores,
883 3985 975 4054 qui
1017 3985 1188 4054 priori
1225 3985 1518 4041 conventui
1567 3984 1968 4048 interfuerunt,
2015 4001 2164 4041 nunc

571 4090 799 4142 quoque
843 4075 1098 4130 intersint
1125 4092 1236 4145 quo
1270 4077 1461 4131 eadem
1497 4077 1699 4129 iterum
1730 4076 2112 4130 examinentur
2141 4094 2154 4128 :

573 4167 679 4227 μιιί
708 4168 959 4227 Aeacius.
1017 4168 1147 4222 ιιιὶιι
1182 4168 1376 4223 iisdem
1415 4169 1554 4222 actis
1587 4168 1844 4230 refertur,
1879 4169 2164 4237 reSpondit

576 4259 668 4324 itis
689 4259 870 4313 verbis
899 4276 912 4312 ε
942 4260 1142 4315 Sancta
1163 4270 1220 4314 et
1244 4277 1435 4330 magna
1460 4260 1703 4330 synodus
1721 4275 1829 4313 non
1892 4260 2017 4314 ideo
2039 4277 2163 4315 san-

574 4352 824 4412 ctitatem
858 4361 1003 4406 tuam
1040 4353 1230 4406 adesse
1258 4353 1438 4421 jussit.
1475 4362 1617 4406 utea
1641 4368 1762 4422 quae
1805 4367 1989 4407 coram
2047 4370 2162 4409 ma-

573 4442 1046 4522 gniﬁcentissimis
1070 4444 1348 4514 iudicibus
1369 4455 1423 4499 ct
1448 4461 1604 4498 sacro
1630 4455 1820 4499 senatu
1841 4456 1988 4516 gesta
2014 4457 2160 4510 sunt,

2263 568 2654 640 προστέθεικεν
2683 569 2744 622 ὲν
2769 572 2884 633 τοῖς
2907 570 3291 641 ὑπομνήμασι,
3330 571 3426 626 καὶ
3458 572 3536 636 ὡς
3561 569 3838 642 ἀγράφους

2262 660 2471 730 χάρτας
2516 659 2931 732 παρεσκεύασεν
2969 661 3169 725 αὐτοὺς
3197 663 3686 735 ὐποσημήνασθαι.
3731 669 3835 723 Καὶ

2263 753 2457 823 ἐδεήθη
2495 754 2633 808 ὥστε
2662 754 2725 806 ὲκ
2746 753 2930 824 ψήφου
2948 755 3058 806 τῶν
3091 755 3528 827 συνειλεγμένων
3553 759 3833 829 ἀκυρωθῆ-

2262 863 2352 898 ναι
2387 846 2564 898 πάντα
2608 845 2676 898 τὰ
2723 847 2781 898 ὲν
2827 848 2893 916 τῇ
2933 845 3161 918 δευτέρᾳ
3195 847 3396 916 συνόδῳ
3423 853 3490 920 τῇ
3533 851 3590 902 ὲν
3630 848 3833 920 Ἐφέσῳ

2265 938 2661 1009 πεπραγμένα,
2693 938 2787 992 καὶ
2837 938 2983 1008 ἔχειν
3024 939 3224 1004 αὐτοὺς
3257 943 3356 1012 τὴν
3390 941 3707 1014 ἱερωσύνην,
3743 945 3835 999 καὶ

2265 1029 2846 1102 ἀναθεματισθῆνσιτδ
2875 1032 3276 1102 μιαρδνὲκεῖνο
3311 1034 3510 1104 δόγμα.
3544 1037 3651 1088 Καὶ
3673 1037 3832 1105 ἠξίω-

2267 1139 2326 1175 σε
2366 1122 2505 1191 μετά
2527 1122 2626 1192 τὴν
2648 1123 2976 1192 ἀνάγνωσιν,
3021 1125 3114 1177 καὶ
3143 1124 3236 1177 τὸν
3260 1124 3532 1178 ἀντίδικον
3560 1131 3829 1197 παρεῖναι.

2265 1209 2341 1270 Ui}
2367 1216 2429 1284 δὴ
2468 1215 2883 1288 διαλαληθέντος
2915 1215 3196 1286 γενέσθαι,
3243 1216 3466 1288 εἴρηκεν
3518 1218 3712 1283 ’Λὲτιος
3743 1223 3834 1292 ἁρ-

2265 1310 2569 1380 χιδιάκονος
2593 1310 2688 1362 καὶ
2709 1314 3075 1381 πριμικήριος
3104 1311 3391 1382 νοταρίων,
3422 1311 3499 1377 ὡς
3529 1313 3676 1384 διέϐη
3706 1319 3837 1386 πρὸς

2264 1405 2580 1473 Διόσκορον,
2640 1399 2832 1474 ὥσπερ
2891 1401 2988 1458 οὖν
3039 1405 3134 1457 καὶ
3161 1406 3298 1475 πρὸς
3339 1406 3466 1469 τοὺς
3505 1405 3718 1471 ἄλλους,
3745 1412 3839 1462 καὶ⁸

2265 1492 2386 1550 εἷπε
2415 1497 2482 1558 ⁵³,
2509 1496 2585 1566 μὴ
2616 1495 3020 1568 συγχωρεῖσθαι
3061 1497 3168 1550 ὑπὸ
3203 1496 3312 1550 τῶν
3343 1498 3720 1567 φυλαττόντων
3743 1503 3838 1554 αὑ·-

2263 1589 2353 1642 τδν
2387 1589 2816 1660 παραγενέσθαι.

2338 1769 2448 1823 Kal.
2474 1764 2766 1838 διελαλήθη
2797 1765 3107 1838 ζητηθῆναι
3135 1767 3228 1822 τὸν
3260 1767 3550 1838 Διόσκορον
3603 1769 3708 1836 πρὸ
3749 1770 3838 1824 τοῦ

2268 1860 2564 1933 συνεδρίου.
2625 1861 2737 1914 Καὶ
2796 1861 2871 1929 μὴ
2914 1859 3235 1929 εὑρεθέντος
3283 1861 3470 1924 αὐτοῦ,
3538 1861 3840 1928 Ἀνατόλιος

2264 1953 2559 2016 ἐπίσκοπος
2583 1953 3209 2017 Κωνσταντινουπὸλεως
3239 1953 3578 2020 διελάλησεν,
3614 1955 3840 2025 ὀφείλειν

2264 2040 2426 2098 αὑτὸν
2470 2043 2899 2114 μετακληθῆναι,
2947 2044 3043 2097 καὶ
3076 2045 3134 2098 ὲν
3182 2045 3248 2115 τῇ
3285 2044 3488 2116 συνόδῳ
3536 2048 3840 2116 παραγενέ-

2267 2137 2413 2192 σθαι.
2453 2137 2561 2190 Καὶ
2590 2136 2784 2190 τούτου
2813 2136 3138 2206 γενομένου,
3170 2138 3612 2208 παραγενόμενοι
3640 2140 3688 2192 οἱ

2268 2230 2576 2295 σταλέντες,
2618 2229 2873 2302 εἰρήκασι
2914 2230 3092 2284 εἰπεῖν
3128 2230 3314 2298 αὑτὸν,
3339 2231 3686 2302 Φυλὰττομσι
3717 2234 3838 2301 ἐγὼ.

2270 2322 2330 2376 Εἰ
2371 2323 2427 2376 δὲ
2473 2321 2819 2394 συγχωροῦσί
2861 2339 2977 2393 μοι·
3005 2322 3312 2388 κατελθεῖν,
3369 2325 3704 2379 εἰπάτωσαν.
3740 2327 3844 2380 Κατ

2267 2415 2530 2468 εἰπόντων
2563 2413 2714 2484 αὐτῷ
2744 2414 2858 2467 τῶν
2881 2414 3335 2484 ἀπεσταλμένων,
3379 2417 3454 2480 ὡς
3494 2418 3633 2488 πρὸς
3664 2419 3840 2481 αὑτὸν,

2266 2507 2326 2560 οὐ
2356 2504 2491 2577 πρὸς
2519 2504 2646 2568 τοὺς
2679 2510 3108 2578 μαγιστριανοὺς
3138 2508 3545 2584 ἀπεστάλησαν,
3571 2506 3845 2578 διεξῆλθον

2268 2601 2444 2653 εἰπεῖν
2495 2597 2678 2661 αὑτὸν,
2711 2599 2971 2670 Ἐτοιμός
3003 2603 3119 2670 εἰμι
3163 2602 3574 2671 παραγενέσθαι
3628 2604 3708 2665 εἰς
3751 2604 3845 2671 τὴν

2269 2693 2430 2760 ἁγίαν
2472 2693 2566 2746 καὶ
2613 2694 3002 2763 οἱκουμενικὴν
3053 2694 3304 2747 σύνοδον·
3361 2695 3497 2747 ἀλλὰ
3541 2695 3840 2762 κωλύομαι.

2271 2779 2366 2847 Οἷς
2417 2784 2810 2853 προστέθεικεν
2849 2783 3107 2855 Ἱμέριος,
3152 2786 3227 2850 ὼς
3266 2785 3640 2838 κατελθόντων
3675 2787 3846 2838 αὐτῶν

2269 2874 2420 2944 παρὰ
2472 2875 2788 2945 Διοσκόρου,
2858 2876 3169 2945 ὑπήντησεν
3220 2879 3248 2930 ὁ
3305 2877 3497 2946 βοηθὸς
3550 2872 3646 2930 τοῦ
3692 2879 3847 2948 μαγὶ-

2271 2983 2434 3037 στρου
2466 2967 2576 3036 (14)
2613 2967 2720 3020 τῶν
2749 2967 2909 3020 θείων
2957 2952 3247 3036 ὀφφικίων,
3276 2968 3370 3022 καὶ
3405 2969 3523 3038 μετ’
3553 2969 3719 3023 αὑτοῦ
3743 2973 3846 3024 πά-

2269 3058 2350 3111 λιν
2379 3059 2638 3126 γεγόνασι
2674 3059 2811 3128 πρὸς
2846 3060 3139 3134 Διόσκορον
3163 3057 3212 3114 οἱ
3249 3059 3562 3125 ἐπίσκοποι,
3601 3064 3694 3116 καὶ
3723 3065 3848 3134 περὶ

2270 3149 2474 3202 τούτων
2505 3151 2561 3202 ἐν
2589 3153 2834 3220 σημείοις
2859 3151 2980 3204 τινὰ
3011 3151 3172 3222 ἔχειν.
3205 3152 3388 3223 ἸᾹπερ
3411 3154 3845 3222 ἀναγνωσθέντα,

2273 3241 2543 3312 ἐδήλωσεν
2573 3243 2668 3294 ἐπὶ
2698 3243 2898 3308 λέξεως
2945 3244 3038 3296 τὸν
3081 3245 3376 3315 Διόσκορον
3425 3247 3598 3299 εἰπεῖν
3646 3247 3843 3299 ταῦτα’

2274 3332 2607 3402 Συναγαγὼν
2659 3335 2915 3404 ἐμαυτὸν,
2951 3337 3045 3388 καὶ
3091 3338 3253 3405 γνοὺς
3301 3337 3363 3390 τὸ
3395 3337 3696 3409 συμφέρον,
3726 3339 3848 3392 τάδε

2271 3425 2674 3496 ἀποκρίνομαι·
2722 3425 2940 3498 Ἐπειδὴ
2982 3427 3040 3478 ἐν
3099 3429 3164 3498 τῇ
3223 3429 3328 3497 πρὸ
3379 3428 3587 3500 ταύτης
3649 3430 3847 3500 συνόδῳ

2271 3517 2630 3588 καθεζόμενοι
2662 3520 2711 3572 οἰ
2768 3519 3353 3590 μεγαλοπρεπέστατα
3403 3518 3686 3592 ἄρχοντες,
3723 3521 3848 3592 of...

2273 3628 2373 3664 σαν
2425 3611 2595 3664 πολλὰ
2655 3611 2792 3681 μετὰ
2843 3610 3044 3681 πολλὴν
3073 3611 3306 3664 ἑκάστου
3335 3608 3634 3677 ὃιαλαλιὰν,
3671 3611 3763 3665 νῦν
3793 3615 3847 3667 δὲ

2271 3705 2352 3766 εἰς
2381 3703 2640 3773 δευτέραν
2681 3699 2951 3772 καλοῦμαι
2987 3702 3225 3761 σύνοδον.
3259 3705 3337 3766 εἰς
3378 3705 3470 3756 τὸν
3520 3703 3632 3756 τῶν
3669 3721 3848 3775 προει-

2275 3797 2528 3868 ρημένων
2563 3798 2894 3867 ἁνασκευὴν,
2943 3795 3246 3866 παρακαλῶ
3297 3798 3422 3860 τοὺς
3454 3791 3644 3867 πρώην
3695 3799 3752 3849 ἐν
3785 3801 3843 3868 τῇ

2275 3886 2476 3957 συνόδῳ
2527 3883 3014 3958 παραγενομένους
3077 3888 3696 3960 μεγαλοπρεπεστάτους
3751 3892 3845 3962 ἄρ·

2271 3998 2489 4050 χοντας,
2517 3982 2610 4032 καὶ
2658 3982 2758 4049 τὴν
2810 3977 2962 4051 ἱερὰν
3007 3981 3331 4050 σύγκλητον,
3361 3983 3455 4034 καὶ
3477 3983 3570 4034 νῦν
3602 3985 3849 4052 παρεῖναι

2273 4073 2362 4124 ἵνα
2425 4071 2586 4126 πάλιν
2640 4075 2706 4126 τὰ
2754 4074 2893 4127 αὐτὰ
2950 4073 3261 4144 γυμνασθῇ.
3316 4074 3456 4145 Πρὸς
3499 4074 3558 4126 ὃν
3597 4071 3848 4126 Ἀκάκιον

2270 4166 2421 4235 δηλοί
2461 4165 2532 4218 τὰ
2571 4169 2940 4237 πεπραγμένα
2988 4167 3298 4232 διεξελθεῖν.
3323 4168 3418 4219 ἐπὶ
3460 4167 3659 4234 λέξεως
3720 4167 3849 4220 ταῦ-

2271 4275 2358 4312 ταο
2385 4261 2497 4330 Ούχ
2529 4259 2702 4324 οὕτως
2734 4261 3022 4314 ἐκέλευσεν
3077 4263 3112 4332 ἡ
3163 4262 3296 4330 ἁγία
3325 4261 3417 4314 καί⁵
3465 4260 3679 4330 μεγάλη
3732 4260 3848 4313 σύν.

2271 4353 2387 4417 οδος
2407 4355 2502 4425 τὴν
2522 4353 2686 4423 ὑμετέ
2697 4371 2795 4423 ραν
2808 4354 3070 4424 ἁγιότητα
3087 4351 3361 4424 παρεῖναι,
3382 4351 3524 4406 ὥστε
3550 4353 3846 4406 ἀνασκευα-
3873 4395 3878 4412 .

2275 4445 2469 4515 σθῆναι
2509 4447 2576 4499 τὶι
2620 4446 2715 4498 ἐπὶ
2750 4444 2858 4499 τῶν
2913 4446 3524 4515 μεγαλοπρεπεστάτων
3578 4445 3844 4516 ἀρχόντων

577 4534 930 4600 infirmentur
975 4537 1108 4592 :sed
1155 4554 1256 4592 nos
1304 4538 1454 4592 misit
1483 4538 1548 4592 ad
1580 4548 1651 4601 te,
1701 4539 1969 4593 mandans
2002 4548 2063 4594 ut
2101 4541 2165 4594 ad

2278 4539 2373 4592 καὶ
2395 4541 2490 4592 ἐπὶ
2517 4540 2616 4609 τῆς
2654 4540 2806 4608 ἱερᾶς
2836 4538 3140 4608 συγκλήτου
3188 4539 3503 4609 πραχθέντα
3525 4555 3540 4571 ο
3567 4539 3681 4591 ἀλλ’
3707 4539 3846 4607 ἡμᾶς

580 4641 902 4682 consessum
942 4629 1153 4693 venias,
1186 4644 1288 4685 nec
1333 4629 1476 4683 absit
1551 4629 1620 4683 ab
1652 4645 1718 4684 eo
1749 4630 2011 4686 sanctitas
2053 4639 2166 4684 tua.

575 4719 680 4775 Cui
708 4718 1002 4776 Dioscorus
1045 4722 1119 4776 ita
1157 4724 1464 4791 respondit,
1497 4733 1556 4775 ut
1590 4721 1643 4775 in
1668 4721 1864 4777 iisdem
1906 4723 2045 4776 actis
2075 4723 2170 4778 lia-

592 4813 791 4870 betur:
824 4813 985 4867 Modo
1007 4815 1222 4868 dixistis
1264 4814 1398 4868 mihi
1445 4815 1742 4870 Eusebium
1786 4814 2003 4870 libellos
2041 4831 2168 4885 pur-

586 4909 816 4962 rexisse.
841 4907 1044 4961 lterum
1071 4909 1289 4978 postulo
1311 4916 1369 4962 ut
1391 4907 1865 4980 coramj-udicibus
1882 4924 1944 4963 ac
1970 4917 2166 4963 senatu

581 5017 702 5056 mea
735 5017 898 5058 causa
933 5002 1297 5058 examinetur.
1335 5001 1403 5057 Et
1431 5011 1556 5072 post
1582 5003 1686 5058 alia
1723 5003 1970 5076 ejusdem
2015 5001 2162 5057 modi

2277 4628 2620 4693 ἀπέστειλεν,
2659 4629 2800 4682 ὥστε
2852 4630 3185 4684 καταλαῦεἵν
3219 4645 3278 4682 σε
3321 4631 3382 4683 τὸ
3429 4631 3731 4701 συνέδριον,
3759 4630 3843 4681 καί

2277 4721 2353 4794 μὴ
2384 4723 2781 4794 ἀπολειφθῆναι
2828 4723 2995 4776 αὐτοῦ
3043 4722 3143 4795 τὴν
3179 4724 3278 4794 σὴν
3308 4723 3587 4794 ὁσιότητα.
3630 4721 3767 4794 Πρὸς
3792 4721 3842 4773 ὃν

2284 4815 2573 4886 Διόσκορος
2600 4818 2839 4886 εἴρηκεν,
2863 4816 2939 4879 ὡς
2964 4817 3030 4868 τὰ
3058 4817 3429 4886 ὑπομνήματα
3467 4817 3736 4884 λέγωσιν·
3762 4816 3839 4866 Ei-

2277 4907 2483 4977 ρήκατέ
2513 4925 2603 4977 μοι
2643 4906 2740 4959 νῦν
2771 4909 2854 4960 ὅτι
2885 4907 3163 4970 λιόέλλουις
3205 4906 3534 4962 ἐπιδέδωκεν
3571 4904 3837 4967 Εὐσέϐιος.

2265 5000 2579 5070 Παρακαλῶ
2608 5001 2768 5055 πάλιν
2803 5001 3086 5072 παρόντων
3119 5000 3394 5073 ἀρχόντων
3408 4997 3454 5034 ⁵⁸
3484 5003 3576 5054 καὶ
3605 4999 3704 5071 τῆς
3725 5015 3838 5068 συγο

1892 5164 1976 5221 VA
1989 5164 2124 5219 ΙὶΙΑΞ
2157 5161 2447 5220 LECTION
2458 5163 2558 5219 ES.

655 5282 701 5312 "’
728 5280 789 5336 C.
825 5280 887 5336 C.
930 5279 1102 5334 εἷπον.
1182 5281 1227 5314 ⁵⁸
1253 5283 1404 5354 παρὰ
1430 5280 1524 5336 τοῦ
1555 5282 1663 5335 τῶν
1697 5282 1991 5353 ἀρχῧντων.

1789 5421 2057 5476 VALESll
2094 5421 2648 5510 ANNO'I‘ATlOV‘ES.

661 5536 778 5606 (Μ)
807 5537 1029 5602 Βοηθὸς
1071 5535 1149 5600 τῷ
1191 5537 1514 5604 year/01m).
1569 5536 1789 5606 Langus
1830 5544 1886 5590 et
1917 5525 2188 5589 Christo!

588 5607 904 5676 phorsunns
932 5607 1186 5660 Bormum
1219 5607 1577 5674 interpretati.
1596 5617 1746 5670 sunt,
1779 5606 1937 5675 quasi
1979 5607 2034 5659 id
2067 5622 2165 5659 no-

588 5693 717 5756 ιιιιξιι
754 5681 1036 5756 proprium
1073 5686 1240 5756 esset.
1272 5677 1436 5745 Atqui
1471 5676 1662 5756 βοηθὸς
1701 5689 1900 5756 notuen
1949 5678 2163 5756 est.ol':

588 5747 725 5816 ﬁcii.
755 5747 847 5800 Sic
880 5749 1025 5800 enim
1071 5747 1360 5800 dircbalur
1405 5746 1662 5815 princeps
1706 5746 1866 5799 ollicii
1921 5747 2162 5816 magistri

587 5815 919 5879 ollii'iorunz,
961 5818 1054 5886 qui
1098 5834 1126 5872 (ξ
1162 5826 1215 5870 at
1245 5834 1308 5870 cx
1344 5817 1528 5871 schola
1562 5819 1840 5887 agentium
1885 5817 1939 5872 in
1978 5815 2161 5881 rebus,

2273 5548 2335 5593 ut
2363 5540 2524 5612 docet
2545 5541 2749 5596 Notitia
2773 5541 2983 5612 imperii
3013 5539 3258 5595 Romani.
3293 5541 3466 5594 Porro
3501 5538 3719 5612 adiutor
3747 5538 3834 5612 istc

2277 5611 2520 5680 magistri
2557 5608 2884 5673 ciliciorum,
2922 5612 3236 5665 Eleusinius
3267 5612 3489 5680 proprio
3517 5610 3733 5663 nomine
3760 5608 3831 5680 dy;

2273 5676 2522 5808 aliqua}.
2578 5693 2638 5738 ut
2691 5683 2952 5738 scribitur
3003 5682 3055 5737 in
3129 5676 3383 5737 actionc'
3414 5681 3571 5736 tertia
3633 5676 3831 5735 concilii

2295 5787 2311 5805 ,ι
2338 5770 2384 5806 ia
2413 5771 2487 5807 cca
2521 5793 2531 5805 .

2295 5770 2508 5807 ,ιιιιιιρριι
2521 5793 2531 5805 .
