3960 6492
543 399 687 466 Ξίιὸἷι
728 414 736 420 ’

1748 382 2065 444 EVAGRII
2107 376 2599 439 SCIIOLASTICI

3661 373 3800 441 2564

549 531 682 585 ergo
711 511 928 566 libellos
955 505 1247 563 obtulisset
1276 503 1516 574 primum
1541 498 1765 571 quidem
1804 495 2128 551 Theodorus

2236 492 2334 560 τῆς
2373 493 2430 545 ἐν
2477 489 2853 561 Ἀλεξανδρεία
2893 489 3054 556 ἁγίας
3093 488 3441 560 Ἑκκλησίας,
3484 488 3600 543 εἶτα
3625 491 3676 543 δὲ
3705 492 3802 546 καὶ

541 608 636 676 qui
671 619 871 658 saneta:
902 599 1396 655 Alexandrinorum
1428 593 1683 648 Ecclesia:
1709 591 1975 644 diaconus
2003 586 2120 640 fue-

539 705 664 762 rat,
709 695 906 750 deinde
959 691 1204 762 Isehyrio
1255 687 1528 749 similiter,
1563 693 1618 739 et
1646 685 1762 754 ipse
1809 682 2116 735 diaconus:

544 798 660 841 tum
686 784 1017 842 Athanasius
1057 780 1342 852 presbyter
1369 789 1425 833 et
1459 776 1648 848 Cyrilli
1681 774 1890 829 sororis
1926 773 2072 826 ﬁlius
2104 789 2117 824 :

540 896 605 933 ac
639 888 917 948 postremo
946 873 1322 944 Sophronius;
1354 869 1557 939 quibus
1573 867 1891 921 Dioscorum
1918 865 2119 934 partim

537 971 609 1024 ob
670 966 1073 1037 blasphemias.
1125 965 1324 1034 partim
1367 963 1437 1016 ob
1505 959 1813 1029 corporalia
1871 956 2118 1026 quaedam

533 1065 739 1131 damna
771 1070 825 1113 et
851 1058 1120 1112 violentas
1146 1056 1395 1124 pecuniae
1420 1053 1733 1107 exactiones
1755 1049 2118 1104 accusabant:

537 1144 698 1220 317
725 1149 884 1202 tertia
923 1147 1212 1200 vocatione
1236 1145 1436 1199 citatus
1460 1153 1541 1197 est
1589 1143 1903 1201 Dioscorus,
1941 1137 2122 1192 moni-

542 1249 741 1309 tusque
765 1247 848 1292 est
867 1247 924 1290 ut
945 1237 1011 1290 ad
1034 1237 1332 1290 concilium
1350 1234 1654 1287 accederet.
1678 1231 1929 1301 Regressi
1957 1229 2124 1299 igitur

539 1333 632 1402 qui
657 1332 721 1386 ad
751 1332 853 1385 hoc
876 1329 1027 1383 missi
1048 1329 1282 1390 fuerant,
1329 1326 1654 1379 nuntiarunt
1686 1321 2120 1378 Dioscorumista

541 1424 745 1476 dixiss:
776 1419 955 1475 eSatis
975 1431 1251 1507 superque
1277 1415 1436 1468 docui
1458 1415 1710 1483 pietatem
1734 1425 1968 1466 vestram
1991 1431 2002 1466 :
2023 1427 2123 1466 nec

541 1518 609 1570 iis
637 1513 784 1567 aliud
813 1505 1112 1582 quidquam
1141 1509 1376 1579 adjicere
1408 1523 1653 1577 possum.
1678 1507 1890 1565 Rursus
1913 1505 2124 1558 instan-

541 1607 690 1660 tibus
725 1603 939 1673 legatis,
971 1615 1210 1669 eumque
1241 1608 1298 1652 ut
1333 1600 1547 1653 veniret
1594 1597 1963 1657 hortantibus,
1997 1611 2121 1649 cum

538 1692 682 1745 idem
733 1707 950 1760 semper
1004 1687 1381 1757 respondisset
1411 1689 1727 1750 Dioscorus,
1759 1687 2124 1740 Paschasinus

537 1784 830 1852 cpisc0pus
853 1801 864 1836 :
890 1781 1026 1835 dixit
1049 1781 1164 1835 Jam
1187 1787 1269 1832 ter
1289 1789 1511 1834 vocatus
1525 1780 1821 1834 Dioscorus
1842 1777 2126 1845 haudqua-

2239 583 2582 654 ’ἰσχυρίωνος
2615 582 2863 636 διακόνου
2885 584 2954 646 ⁵⁸,
2992 583 3084 635 καὶ
3131 582 3451 634 ’Λοανασίου
3509 585 3802 652 πρεσϐυτέ-

2229 692 2323 745 ρου
2358 675 2452 727 καὶ
2475 674 2758 743 ἀδελφιδοῦ
2789 674 3081 743 Κυρίλλου,
3111 673 3206 726 καὶ
3235 675 3371 743 πρός
3395 690 3452 725 τε
3479 675 3798 745 Σωφρονίου,

2225 769 2291 820 δι’
2322 761 2397 820 ὧν
2439 767 2567 837 περί
2620 785 2685 836 γε
2735 767 3089 837 βλασφημιῶν
3136 766 3461 820 ἐνεκάλεσαν
3510 770 3800 840 Διοσκόρω,

2227 861 2358 930 περί
2390 877 2445 912 τε
2483 860 2811 928 σωματικῶν
2835 860 2929 911 καὶ
2957 859 3140 928 βιαίας
3167 860 3512 930 ἀφαιρέσεως
3541 862 3648 930 (t6)
3671 880 3800 931 χρη-

2231 953 2437 1021 μάτων,
2469 954 2625 1022 τρίτη
2671 952 2864 1022 κλῆσις
2891 953 3082 1020 γέγονε
3119 954 3504 1022 προτρέπουσα
3535 955 3622 1006 τὸν
3649 957 3801 1006 Διόσ-

2232 1061 2395 1113 κορον
2439 1045 2866 1116 παραγενέσθαι.
2915 1045 3216 1116 Τοιγαροῦν
3267 1045 3728 1110 ὲπαναζεύξαντες
3755 1051 3803 1100 οἱ

2243 1136 2336 1188 ἐπὶ
2362 1135 2534 1213 τούτῳ
2585 1138 2975 1208 ἀφωρισμένοι.
3009 1139 3295 1208 εἰρήκασιν
3333 1140 3510 1190 εἰπεῖν
3533 1140 3620 1191 τὸν
3650 1141 3802 1192 Διόσ-

2229 1245 2408 1297 κοροψ
2465 1230 2762 1298 Αὐτάρκως
2799 1229 3010 1293 ἐδίδαξα
3040 1231 3140 1300 τὴν
3184 1230 3451 1300 ὑμετέραν
3477 1230 3798 1294 θεοσέϐειαν,

2239 1315 2318 1382 οἷς
2352 1319 2670 1389 προσθεῖναί
2695 1338 2749 1372 τι
2781 1321 2840 1372 οὐ
2869 1320 3126 1389 δύναμαι.
3162 1321 3272 1374 Καὶ
3311 1320 3464 1382 αὖθις
3483 1321 3540 1373 δὲ
3569 1322 3637 1374 τὰ
3666 1324 3802 1376 αὐτά

2231 1415 2514 1482 εἰρηκότος
2565 1413 2656 1466 τοῦ
2714 1411 2877 1467 αὐτοῦ
2930 1415 3246 1484 Διοσκόρου,
3313 1416 3716 1483 ἐπιμεινάντων
3735 1419 3799 1486 τῇ

2231 1508 2515 1576 προτροπῇ
2569 1505 2678 1557 τῶν
2729 1507 2822 1557 ἐπὶ
2869 1505 3027 1558 τοῦτο
3093 1505 3415 1568 σταλέντων,
3471 1508 3803 1573 Πασκασῖνος

2232 1598 2529 1660 ἐπίσκοπος
2563 1591 2716 1649 εἶπεν
2736 1615 2750 1627 ο
2783 1598 2890 1650 Καὶ
2912 1599 3010 1667 ἤδη
3036 1598 3228 1668 τρίτον
3248 1599 3469 1669 κληθεὶς
3495 1601 3800 1669 Διόσκορος,

2232 1691 2290 1743 οὐ
2324 1692 2677 1758 παρεγένετο,
2708 1689 2814 1742 ὑπὸ
2858 1690 3218 1760 συνειδήσεως
3248 1690 3598 1762 βαλλόμενος,
3643 1696 3801 1745 ἐπυν-

2234 1782 2425 1834 θάνετο
2461 1782 2572 1851 (17)
2600 1781 2744 1845 τίνος
2774 1783 2926 1848 ἄξιος
2966 1785 3052 1853 εἴη
3078 1801 3090 1814 ·
3118 1785 3254 1854 πρὸς
3283 1785 3311 1838 ὃ
3341 1785 3449 1838 τῶν
3492 1787 3802 1840 ἐπισκόπων

537 1892 700 1944 quam
731 1874 1060 1944 comparuit,
1095 1882 1386 1943 torquente
1436 1872 1614 1941 ipSum
1670 1869 2023 1924 conscientia.
2058 1867 2124 1922 Et

2236 1874 2704 1944 ἀποκριναμένων,
2735 1876 3192 1930 ὑποπεπτωκέναι
3241 1877 3401 1932 αὑτὸν
3430 1883 3547 1943 τοῖς
3593 1883 3798 1943 κανόσι,

506 1967 901 2036 -interrogavit
935 1967 1222 2036 episcopos
1273 1965 1366 2034 qui
1408 1964 1671 2028 aderant,
1699 1977 1861 2032 quam
1906 1976 2122 2031 pinnam

537 2060 975 2115 commeruisset.
1009 2057 1258 2126 Cumque
1301 2056 1543 2126 episcopi
1577 2055 1643 2108 ad
1674 2055 1788 2108 haec
1813 2052 2128 2122 respondis-

536 2157 658 2202 sent
689 2148 838 2200 illum
877 2148 930 2200 in
960 2162 1200 2201 canones
1222 2146 1586 2211 commisisse,
1606 2153 1660 2198 et
1683 2144 1964 2198 Proterius
2010 2143 2128 2214 epi-s

539 2255 741 2308 seopus
773 2238 1016 2309 Smyrnm
1034 2238 1260 2292 dixisset
1291 2255 1304 2290 :
1335 2236 1563 2303 Quando
1593 2243 1814 2289 sanctus
1841 2235 2128 2289 Flavianus

540 2331 760 2383 occisus
779 2338 884 2393 est,
906 2327 1042 2382 nihil
1075 2337 1225 2381 recte
1250 2343 1430 2395 neque
1459 2325 1654 2379 ordine
1699 2325 1895 2378 factum
1930 2338 2013 2379 est
2036 2341 2129 2378 su-

537 2437 637 2489 per
659 2421 791 2474 illo:
821 2419 1014 2472 vicarii
1051 2417 1252 2472 Leonis
1284 2416 1531 2486 episcopi
1565 2415 1804 2469 senioris
1830 2416 2016 2470 Romae
2053 2416 2128 2469 ita

538 2513 907 2566 decreverunt
938 2510 1002 2564 ad
1035 2510 1266 2564 verbum
1292 2527 1304 2562 ε

608 2605 739 2672 Quae
768 2604 1085 2668 Dioscorus,
1146 2603 1384 2656 antehac
1415 2600 1710 2670 episcopus
1755 2616 1962 2671 magna:
1993 2600 2130 2654 civi-

538 2699 665 2751 tatis
720 2695 1100 2757 Alexandria,
1156 2703 1347 2748 contra
1401 2692 1655 2746 ordinem
1726 2708 2000 2747 canonum
2075 2705 2130 2746 et

538 2797 729 2842 contra
767 2787 1114 2856 disciplinain
1141 2785 1572 2840 ecclesiasticam
1617 2785 1927 2845 attentavit,
1953 2785 2129 2837 mani-

539 2884 676 2935 festa
706 2887 855 2944 sunt,
888 2889 997 2932 tam
1033 2894 1101 2932 ex
1131 2879 1217 2932 his
1243 2893 1364 2946 quae
1392 2879 1501 2948 jam
1564 2887 1693 2930 sunt
1731 2877 2040 2930 examinata
2075 2876 2132 2928 in

539 2973 716 3043 primo
747 2985 1032 3033 concessu,
1092 2984 1254 3038 quam
1309 2983 1374 3021 ex
1432 2969 1518 3021 his
1557 2982 1678 3035 quae
1737 2965 2008 3019 hodierno
2043 2964 2131 3017 die

539 3074 667 3119 sunt
695 3072 865 3135 gesta.
897 3063 996 3117 Hic
1027 3063 1197 3126 enim,
1237 3071 1294 3115 ut
1328 3062 1561 3131 plurima
1597 3062 1702 3115 alia
1751 3060 2134 3129 praetermitta-

539 3174 680 3220 mus,
719 3157 1025 3228 Eutychem
1056 3155 1250 3209 eadem
1277 3171 1402 3208 eum
1439 3154 1558 3224 ipso
1587 3153 1940 3215 sentientem,
1968 3167 2133 3221 regu-

538 3249 781 3302 laritera
815 3248 1040 3317 proprio
1084 3247 1397 3316 depositum
1451 3247 1733 3316 episcopo,
1784 3245 2132 3299 sanctissimo

540 3341 753 3396 scilicet
773 3342 934 3395 Patre
966 3349 1155 3394 nostro
1177 3348 1234 3393 et
1254 3333 1671 3408 archiepiscopo
1697 3339 1973 3398 Flaviano,
2003 3352 2131 3405 pro-

541 3433 660 3504 pria
691 3431 1016 3486 auctoritate
1046 3440 1239 3484 contra
1274 3445 1459 3483 saeros
1503 3444 1746 3483 canones
1779 3429 1834 3482 in
1882 3442 2132 3480 commu-

541 3528 761 3580 nionem
793 3524 1054 3593 suscepit,
1082 3524 1402 3594 priusquam
1430 3524 1627 3592 Ephesi
1657 3522 1996 3577 consedisset
2025 3536 2133 3573 una

541 3633 666 3673 eum
730 3617 957 3685 reliquis
1010 3617 1124 3670 Deo
1172 3614 1514 3669 eharissimis
1554 3615 1867 3683 episeoiiis.
1928 3613 2130 3665 Verum

541 3707 814 3778 episcopis
830 3707 1052 3775 quidem
1082 3691 1380 3775 apostolica
1414 3705 1572 3759 sedes
1601 3706 1817 3760 veniam
1857 3702 2134 3758 concessit

543 3801 614 3849 ob
644 3812 706 3849 ea
730 3813 851 3865 quae
881 3796 994 3850 illic
1016 3797 1084 3874 ab
1115 3796 1309 3849 iisdem
1345 3812 1454 3850 non
1487 3805 1681 3865 sponte
1713 3802 1863 3865 gesta
1896 3794 2130 3847 fuerant.

545 3889 647 3954 Qui
691 3888 912 3957 quidem
971 3889 1240 3941 hactenus
1282 3898 1736 3956 permanserunt,
1785 3885 2134 3940 sanctissimo

545 3981 966 4050 archiepiscopo
1012 3979 1182 4033 Leoni
1235 3989 1292 4033 et
1349 3989 1548 4033 sanctae
1594 3977 1888 4032 universali
1930 3977 2135 4047 synodo

544 4073 930 4140 obsequentes.
989 4071 1105 4137 Qua
1152 4072 1220 4125 de
1251 4086 1417 4126 causa
1466 4086 1582 4135 eos,
1655 4079 1841 4139 utpote
1888 4069 2134 4139 ejusdem

544 4176 670 4213 cum
704 4160 823 4228 ipso
875 4161 1001 4214 ﬁdei
1061 4161 1326 4225 cultores,
1379 4161 1434 4214 in
1483 4161 1925 4214 communionem
1980 4175 2136 4213 suam

547 4251 774 4320 recepit.
809 4253 909 4304 llic
931 4268 1090 4316 vero,
1129 4252 1183 4306 in
1211 4253 1542 4306 hodiernum
1584 4267 1758 4320 usque
1785 4252 1930 4305 diem
1969 4253 2040 4305 ob
2069 4267 2136 4306 ea

545 4343 774 4413 gloriari
795 4359 905 4397 non
954 4344 1182 4410 desinit,
1235 4361 1470 4414 quorum
1510 4360 1673 4398 causa
1713 4361 1929 4415 gemere
1958 4354 2014 4399 et
2067 4343 2135 4397 ad

548 4446 748 4488 terram
811 4452 985 4505 usque
1050 4452 1170 4490 sese
1214 4437 1480 4491 inclinare
1533 4437 1820 4491 debuerat.
1865 4438 2136 4491 Praeterea

2227 1967 2523 2036 Προτερίου
2567 1967 2622 2020 δὲ
2660 1967 2958 2020 ἐπισκόπου
2994 1968 3243 2039 Σμύρνης
3275 1973 3346 2041 (ο)
3380 1973 3642 2034 εἰπόντος.
3679 1975 3801 2025 Ὅτε

2228 2060 2519 2127 ἐφονεύετο
2553 2059 2711 2128 ἅγιος
2752 2060 3076 2124 Φλαόιανὸς,
3113 2064 3265 2116 οὐδὲν
3300 2066 3592 2120 ἁκόλουοον
3640 2067 3803 2137 ὲπρά·

2228 2151 2331 2224 χθη
2363 2152 2448 2204 ἐπ’
2482 2153 2629 2224 αὐτῷ
2650 2169 2665 2184 ο
2696 2155 2746 2206 οί
2771 2154 2863 2206 τὸν
2893 2157 3057 2207 τόπον
3080 2157 3381 2225 ἐπέχοντες,
3416 2160 3646 2221 Λέοντος
3691 2163 3804 2212 sm-

2232 2244 2435 2297 σκόπου
2462 2249 2562 2316 τῆς
2603 2245 2982 2319 πρεσϐυτέρας
3022 2246 3263 2320 Ῥώμης,
3320 2252 3674 2322 ἀπεφήναντο
3717 2254 3802 2306 ἐπὶ

2230 2335 2426 2402 λέξεως
2453 2334 2644 2390 ταῦτα’

2301 2599 2446 2669 Δῆλα
2471 2601 2763 2670 γεγένηται
2797 2602 2863 2655 τὰ
2890 2602 3272 2676 τετολμημένα
3306 2603 3582 2676 Διοσκόρω
3614 2609 3693 2678 τῷ
3720 2627 3800 2676 γε-

2230 2693 2441 2762 νομένῳ
2472 2693 2573 2762 τῆς
2614 2695 3009 2767 ’Λλεξανδρέων
3061 2700 3474 2770 μεγαλοπόλεως
3524 2707 3800 2772 ἐπισκόπιρ

2231 2785 2372 2838 κατὰ
2423 2787 2521 2852 τῆς
2566 2786 2674 2838 τῶν
2726 2790 2967 2844 κανόνων
2995 2792 3221 2858 τάξεως,
3253 2798 3477 2860 καὶτῆς
3521 2799 3801 2866 ἐκκλησια-

2235 2880 2426 2946 στικῆς
2452 2879 2845 2942 καταστάσεως
2875 2883 2938 2937 ὲκ
2959 2883 3068 2936 τῶν
3092 2885 3192 2955 ἥδη
3223 2886 3618 2950 ὲξετασθέντων
3652 2891 3706 2942 ἐν
3734 2889 3801 2957 τῷ

2234 2969 2432 3039 πρώτῳ
2479 2973 2760 3043 συνεδρίῳ,
2794 2975 2887 3027 καὶ
2932 2975 3038 3029 ἀπὸ
3072 2977 3178 3029 τῶν
3221 2981 3458 3048 σήμερον
3487 2983 3804 3051 πεπραγμέ-

2234 3079 2361 3115 νων.
2397 3057 2564 3126 Οὗτος
2594 3069 2725 3131 γὰρ,
2755 3066 2842 3118 ἵνα
2893 3067 2962 3120 τὰ
3011 3069 3180 3122 πολλὰ
3229 3070 3673 3140 παραλίπωμεν,
3713 3073 3803 3124 an

2233 3154 2372 3221 τυχῆ
2420 3154 2511 3206 τὸν
2565 3156 2821 3222 ὁμόδοξον
2865 3157 3035 3228 αὐτῷ,
3067 3158 3458 3229 καθαιρεθέντα
3497 3161 3796 3214 κανονικῶς

2236 3246 2384 3314 παρά
2409 3246 2503 3297 τοῦ
2561 3247 2691 3300 ἰδίου
2723 3251 3043 3316 ἐπισκόπου,
3071 3252 3164 3305 τοῦ
3195 3253 3252 3304 ὲν
3284 3253 3460 3320 ἁγίοις
3487 3256 3670 3323 φαμὲν
3700 3255 3798 3306 Ha‘

2231 3338 2360 3404 τρὸς
2397 3339 2556 3408 ἡμῶν
2585 3341 2679 3392 καὶ
2703 3342 3136 3410 ἀρχιεπισκόπου
3167 3343 3468 3397 Φλαϐιανοῦ
3487 3387 3501 3409 ,
3537 3346 3796 3412 αὖθεντήο

2236 3441 2332 3487 σας
2385 3427 2749 3492 ἀκανονίστως
2786 3430 2864 3492 είς
2917 3433 3202 3485 κοινωνίαν
3257 3432 3577 3499 ἀνεδέξατο,
3622 3434 3795 3504 πρὶνῆ

2236 3519 2582 3584 συνεδρεῦσαι
2655 3521 2711 3573 ὲν
2754 3524 2819 3590 τῇ
2862 3522 3125 3588 Ἐφεσίων
3175 3524 3313 3594 μετὰ
3386 3525 3495 3578 τῶν
3550 3526 3797 3593 Θεοφιλῶν

2234 3610 2571 3663 ἐπισκόπων.
2613 3613 2749 3665 Ἀλλ’
2777 3614 3006 3676 ἐκείνοις
3041 3616 3137 3684 μὲν
3161 3618 3188 3668 ὁ
3220 3617 3584 3680 ἁποστολικδς
3625 3617 3797 3688 θρόνος

2251 3703 2582 3773 συγγνώμην
2611 3704 2902 3775 ἀπένειμεν
2925 3707 3017 3758 ἐπὶ
3049 3709 3161 3770 τοῖς
3182 3708 3357 3759 ἐκεῖσε
3386 3709 3460 3777 μὴ
3485 3709 3632 3761 κατά
3671 3707 3795 3775 γνὼ-

2238 3811 2346 3863 μην
2376 3795 2466 3846 ὑπ’
2521 3796 2698 3848 αὐτῶν
2750 3800 3155 3869 πεπραγμένοις
3185 3816 3198 3828 ·
3259 3800 3308 3852 οἳ
3355 3802 3448 3852 καὶ
3507 3800 3798 3852 διετέλεσαν

2239 3883 2398 3952 μέχρι
2432 3885 2524 3937 τοῦ
2558 3888 2822 3955 παρόντος
2861 3891 3112 3958 ἑπόμενοι
3137 3889 3214 3959 τῷ
3241 3891 3530 3959 ἁγιωτάτῳ
3559 3893 3796 3958 ἀρχιεπε-

2238 3977 2423 4046 σκόπῳ
2441 3978 2648 4039 Λέοντι,
2671 3980 2766 4031 καὶ
2792 3981 2937 4052 πάσῃ
2960 3984 3021 4051 τῇ
3047 3982 3179 4052 ἁγίᾳ
3196 3985 3287 4034 καὶ
3306 3983 3658 4051 οἱκουμενίκῇ
3689 3998 3796 4034 σνν-

2235 4066 2360 4136 όδῳ.
2393 4061 2466 4120 Οὖ
2495 4067 2558 4137 δὴ
2591 4068 2746 4136 χάριν
2804 4069 2897 4122 καὶ
2928 4073 2984 4122 ἐν
3032 4074 3097 4141 τῇ
3125 4072 3285 4124 αὑτοῦ
3335 4073 3590 4143 κοινωνία
3619 4072 3798 4131 αὐτοὺς

2235 4158 2564 4228 ὁμοπίστους
2587 4159 2824 4225 ἐδέξατο.
2859 4157 3026 4222 Οὗτος
3067 4162 3124 4214 δὲ
3160 4165 3252 4216 καὶ
3281 4164 3438 4233 μέχρι
3469 4165 3565 4216 τοῦ
3610 4164 3796 4230 παρόν-

2237 4267 2326 4312 τος
2377 4250 2609 4320 διέμεινε
2658 4254 3054 4324 σεμνυνόμενος
3092 4257 3148 4308 ὲν
3194 4259 3443 4319 ἐκείνοις,
3470 4259 3558 4326 ἐφ’
3588 4253 3666 4319 οἷς
3704 4257 3797 4308 ἔδει

2240 4342 2465 4405 στένειν,
2491 4345 2582 4396 καὶ
2612 4348 2669 4407 ἐς
2704 4349 2807 4416 γῆν
2835 4347 3134 4416 κεκυφέναι
3173 4348 3402 4417 ὀφείλει.
3427 4351 3572 4420 Πρός
3605 4349 3797 4408 τούτοις

2238 4433 2315 4494 δὲ,
2351 4435 2472 4486 οὐδὲ
2529 4434 2625 4505 τὴν
2681 4437 2968 4508 ἐπιστολὴν
3027 4441 3438 4510 ἀναγνωσθῆναι
3469 4441 3794 4511 συνεχώρησε

547 4526 838 4594 epistolam
887 4527 1190 4582 beatissimi
1253 4544 1406 4598 papa:
1453 4527 1679 4590 Leonis,
1733 4543 1896 4597 quam
1949 4528 2040 4581 ille
2069 4528 2128 4581 ad

2240 4524 2333 4577 τοῦ
2371 4529 2787 4595 μακαριωτάτου
2843 4531 2998 4582 πὰπα
3063 4532 3312 4595 Λέοντος,
3344 4532 3445 4602 τὴν
3512 4534 3794 4602 γραφεῖσαν

557 4625 757 4670 sanetze
823 4618 1098 4672 memoria:
1161 4619 1478 4671 Flavianum
1530 4617 1963 4686 conscripserat,
2028 4617 2134 4687 legi

557 4706 782 4760 minime
811 4707 1094 4776 permisit:
1130 4708 1293 4778 idque
1316 4709 1567 4778 quamvis
1599 4707 1896 4777 smpissinie
1915 4716 2137 4776 rogatus

553 4807 703 4854 esset
735 4800 804 4854 ab
855 4801 923 4854 iis
957 4800 1050 4870 qui
1083 4801 1369 4871 epistolam
1418 4801 1752 4864 attulerant,
1789 4807 1844 4853 et
1888 4799 2140 4868 quamvis

2243 4615 2374 4687 παρ’
2411 4616 2576 4668 αὑτοῦ
2609 4619 2745 4686 πρὸς
2775 4618 2864 4672 τὸν
2909 4623 2965 4672 ὲν
2993 4621 3168 4688 ἁγίοις
3205 4620 3302 4691 τὴν
3335 4627 3557 4693 μνήμην
3581 4622 3792 4674 Φλαὸιαο

2242 4710 2353 4771 νὺν,
2396 4709 2490 4760 καὶ
2545 4709 2720 4763 ταῦτα
2766 4711 3025 4775 πολλάκις
3073 4713 3446 4784 παρακληθεὶς
3505 4714 3794 4781 ἀναγνῶναι

2243 4798 2447 4869 ταύτην
2477 4799 2582 4850 ὑπὸ
2605 4799 2712 4853 τῶν
2736 4802 3133 4871 κεκομικότων,
3174 4803 3270 4856 καὶ
3294 4803 3416 4874 μεθ’
3449 4805 3629 4874 ὅρκων
3655 4800 3792 4866 ποιήο

1848 4933 2082 4988 νΑιιιίΕ
2120 4934 2415 4990 LECTIUN
2425 4935 2527 4991 ES.

623 5047 670 5077 ⁵⁸
695 5047 946 5103 Valesius
996 5057 1051 5102 et
1097 5047 1159 5104 C.
1196 5047 1258 5104 C.
1307 5049 1646 5121 Ἰσχυρίωνος
1675 5051 1770 5102 καὶ
1800 5049 1969 5102 αὐτοῦ
2001 5049 2272 5104 διακόνου.

1751 5183 2018 5238 VALESII
2047 5182 2613 5242 ANNOTATIONES.

623 5278 733 5346 (16)
763 5279 866 5332 Καὶ
887 5278 1033 5344 βίας
1055 5278 1448 5348 ἀφαιρέσεως.
1493 5277 1776 5348 Assentior
1799 5277 1933 5332 viris
1957 5278 2136 5333 doctis

552 5351 645 5416 qui
683 5348 866 5418 βιαίας
911 5349 1281 5403 emendarunt
1316 5364 1383 5401 ex
1425 5347 1766 5418 conjectura,
1802 5357 1864 5401 ut
1909 5349 2131 5418 opinor.

552 5416 692 5472 Nam
717 5419 844 5472 libri
882 5419 1056 5474 nostri
1092 5419 1229 5472 nihil
1280 5425 1518 5471 mutant.
1568 5416 1754 5470 Codex
1795 5416 1975 5471 tamen
2009 5417 2138 5472 Tel-

553 5489 816 5553 lerianus,
847 5505 1009 5558 quem
1041 5488 1172 5542 dum
1206 5488 1376 5542 editio
1407 5496 1593 5558 nostra
1624 5487 1728 5540 sub
1778 5488 1932 5558 prelo
1966 5497 2137 5558 esset,

554 5557 878 5629 opportune
891 5568 1088 5614 nactus
1105 5574 1249 5622 sum,
1269 5557 1478 5613 diserte
1493 5557 1597 5613 seri
1605 5566 1756 5626 ptum
1774 5557 1941 5613 habet
1960 5557 2141 5628 βιαίας

2237 5280 2600 5348 ἀφαιρέσεως.
2988 5303 2991 5306 ·

2313 5346 2426 5419 (l7)
2491 5348 2914 5407 Ἐπυνθάνετο.
2972 5348 3201 5420 Nicepli.
3249 5348 3340 5403 hic
3387 5350 3600 5420 aliquot
3647 5346 3789 5420 verba

2241 5418 2477 5474 inSeruit
2511 5421 2617 5476 hoc
2659 5422 2824 5476 modo
2854 5438 2867 5476 :
2900 5421 2996 5475 καὶ
3021 5418 3128 5473 τῶν
3157 5418 3496 5473 ἐπισκόπων
3517 5419 3790 5475 ἀνεπυνοὰο

2251 5506 2396 5553 νετο,
2432 5499 2540 5545 etc.

1986 5675 2376 5734 VARIORUM.

631 5763 701 5833 (0)
744 5766 1062 5832 Προτερίου
1105 5767 1446 5822 ἐπισκόπου
1481 5765 1778 5833 Σμύρνης.
1810 5763 1958 5820 Loco
1990 5766 2132 5834 [lpo-

557 5836 737 5906 τερίου
770 5835 1059 5907 legendum
1094 5838 1407 5909 Αἰθερικοῠ,
1441 5848 1501 5894 ut
1531 5849 1679 5894 recte
1719 5845 1908 5892 monet
1938 5836 2134 5906 Pagius

2240 5767 2308 5822 ad
2335 5786 2541 5844 annum
2566 5773 2690 5844 M6,
2724 5791 2779 5844 ῃ.
2814 5773 2867 5838 6.
2899 5790 3009 5844 quo
3048 5779 3274 5832 nomine
3309 5777 3366 5833 in
3407 5777 3558 5834 Actis
3589 5769 3778 5831 concilii

2243 5842 2572 5909 appellatur.
2606 5843 2693 5898 W.
2721 5842 2940 5899 Low-Tn}
