4048 6516
293 427 430 491 2369

1211 412 1597 476 HISTORL‘E
1636 409 2231 473 ECCLESIASTICE
2270 410 2502 472 LIBER
2542 409 2624 470 Ῑῐ.

3411 401 3552 467 25ῗο
3607 462 3610 466 ,

293 539 326 605 ἠ
355 536 538 595 πίστις
562 527 674 584 τῶν
700 523 1030 598 ὀρθοδὸξων·
1063 521 1254 586 Οὕτως
1287 522 1488 585 πάντες
1518 520 1868 590 πιστεύομεν.

1987 521 2226 576 omnium
2258 519 2427 586 lides;
2455 519 2572 574 haec
2607 517 2742 573 lich
2762 517 3232 585 orthodoxorum;
3259 517 3338 575 sic
3361 535 3554 576 armies

293 625 426 682 Μεθ’
457 622 554 685 οὓς
595 621 799 683 ’Δέτιος
830 619 945 690 (24)
980 619 1009 671 ὁ
1036 615 1417 688 ἀρχιδιάκονος
1451 614 1558 683 ἔφη
1594 613 1740 684 ἔχειν
1772 628 1870 683 με·

290 719 356 773 τά
384 718 574 787 χεῖρας
605 713 706 785 τὴν
733 712 872 784 πρὸς
933 710 1229 782 Νεστόριον
1257 707 1549 779 ἐπιστολὴν
1597 705 1872 778 Κυρίλλου

289 806 381 862 τοῦ
417 804 733 871 θεσπεσίου,
765 804 836 874 ἢν
866 801 1070 865 πάντες
1101 801 1151 854 οἱ
1175 802 1232 855 έν
1271 799 1483 870 Ἐφέσῳ
1523 797 1875 866 συλλεγέντες

288 896 579 969 ὲκύρωσαν
600 893 828 956 οἰκείαις
849 889 1328 964 ύποσημειὼσεσιν
1351 905 1366 920 ·
1400 889 1488 961 ἔχε
1498 905 1546 940 ιν
1566 904 1626 941 τε
1654 888 1750 942 καὶ
1777 886 1875 957 τὴν

281 991 486 1062 ἑτέραν
549 985 842 1059 επιστολὴν
896 983 1062 1040 αὐτοῦ
1121 982 1418 1054 Κυρίλλου,
1471 980 1875 1053 γεγραμμένην

286 1085 430 1156 πρὸς
474 1080 730 1151 Ἰωάννην
765 1081 858 1134 τὸν
903 1076 1256 1149 Ἀντιοχείας,
1288 1075 1386 1130 καὶ
1419 1073 1591 1145 αὐτὴν
1637 1070 1875 1142 βεϐαιω-

289 1177 501 1240 θεῖσαν,
527 1174 595 1239 ἃς
627 1172 810 1245 ἐξῄτει
853 1168 1215 1239 ἀναγνώσεως
1259 1169 1464 1238 τυχεῖν.
1490 1165 1782 1228 Διαλαλιᾶς
1813 1180 1876 1216 τε

293 1268 432 1342 πρὸς
459 1270 634 1323 ταῦτα
664 1263 1064 1336 γεγενημένης,
1091 1261 1261 1335 ἄμφω
1290 1259 1738 1330 ἀνεγνώσθησαν.

357 1446 478 1502 Καὶ
510 1443 614 1514 τῆς
645 1442 742 1514 μὲν
769 1440 1048 1514 προτέρας
1075 1437 1252 1511 αὐτῆς
1277 1439 1326 1471 ⁵³
1358 1437 1478 1494 ἔνια
1521 1437 1636 1502 τοῖς
1674 1434 1877 1507 ὀνόμα-

296 1540 386 1594 σίν
419 1539 574 1592 ἔστιν
593 1534 787 1590 ταῦτα’
815 1534 908 1606 Τῷ
933 1533 1317 1605 εὐλασεστάτῳ
1340 1533 1386 1566 ³⁸
1410 1529 1810 1603 συλλειτουργῷ
1830 1530 1876 1562 ⁸ο

295 1628 578 1700 Νεστορίφ
616 1625 905 1699 Κύριλλος.
937 1625 1451 1696 Καταφλυαροῦσιν,
1477 1625 1557 1690 ὡς
1593 1623 1876 1696 μανθάνω,

295 1717 437 1781 τινὲς
469 1716 574 1786 τῆς
606 1716 748 1788 ὲμῆς
783 1714 1104 1786 ὑπολήψεως
1133 1715 1226 1769 ἐπὶ
1248 1716 1349 1785 τῆς
1383 1715 1482 1786 σῆς
1517 1715 1830 1779 θεοσεϐείας
1856 1753 1874 1780 ,

297 1811 395 1864 καὶ
423 1809 585 1863 τοῦτο
617 1807 846 1879 συχνῶς,
871 1805 973 1871 τὰς
1009 1806 1117 1860 τῶν
1140 1808 1198 1860 ὲν
1235 1807 1380 1862 τέλει
1409 1806 1664 1870 συνόδους
1692 1821 1879 1878 καιρο-

299 1899 705 1971 φυλακτοῦντες
757 1899 1016 1971 μάλιστα,
1040 1899 1137 1954 καὶ
1192 1898 1336 1969 τάχα
1391 1915 1494 1952 που
1524 1899 1622 1952 καὶ
1657 1897 1879 1970 τέρπειν
1911 1879 1953 1934 Β

297 1997 536 2070 οίόμενοι
565 1996 664 2067 τὴν
693 1995 791 2066 σὴν
819 1995 1012 2066 ἀκοήν.
1049 1993 1160 2051 Καὶ
1191 1997 1319 2064 μεθ’
1338 1994 1551 2064 ἔτερα·
1584 1994 1732 2066 Ἔφη
1765 1995 1882 2052 τοίη

301 2107 394 2145 νυν
443 2093 478 2162 ἡ
542 2089 676 2159 ἁγία
726 2089 822 2142 καὶ
880 2088 1095 2160 μεγάλη
1161 2087 1378 2152 σύνοδος
1439 2087 1605 2142 αὑτὸν
1662 2087 1756 2144 τὸν
1813 2090 1881 2143 ἐκ

293 2184 434 2238 Θεοῦ
465 2184 562 2237 καὶ
587 2182 797 2254 [ἰατρὸς
832 2181 973 2234 κατά
1004 2181 1168 2251 φύσιν
1201 2179 1534 2254 γεννηθέντα
1593 2179 1720 2234 Υἱὸν
1778 2197 1879 2252 μο-

302 2279 516 2347 νογενῆ,
549 2277 642 2330 τὸν
670 2275 736 2330 ὲκ
761 2274 855 2329 τοῦ
889 2273 1028 2328 Θεοῦ
1074 2272 1334 2346 ἀληθινοῦ
1367 2273 1504 2328 Θεὸν
1524 2273 1802 2344 ἀληθινὸν,
1819 2274 1882 2328 τὸ

301 2369 417 2441 φῶς
449 2369 514 2423 τὸ
536 2370 603 2423 ἐκ
624 2367 720 2422 τοῦ
749 2367 948 2438 φωτὸς,
972 2365 1064 2422 τὸν
1079 2366 1147 2421 δι’
1163 2358 1226 2421 οὗ
1243 2366 1312 2421 τὰ
1325 2364 1502 2420 πάντα
1534 2365 1836 2436 πεποίηκεν
1854 2368 1884 2420 ό

304 2462 512 2534 Πατὴρ,
543 2461 854 2526 κατελθεῖν,
885 2458 1259 2532 σαρκωθῆναι,
1292 2457 1738 2529 ὲνανθρωπῆσαι,
1777 2476 1885 2512 πα-

300 2548 442 2623 θεῖν,
475 2555 777 2626 ἀναστῆναι
809 2555 876 2623 τῇ
907 2551 1069 2625 τρίτῃ
1097 2551 1302 2622 ἡμέρᾳ,
1326 2549 1574 2604 ἀνελθεῖν
1604 2553 1684 2616 είς
1716 2551 1884 2622 ούρα-

306 2647 448 2712 νούς.
480 2646 703 2712 Τούτοις
730 2647 825 2701 καὶ
873 2647 1020 2717 ἡμᾶς
1054 2644 1285 2702 ἕπεσθαι
1314 2643 1414 2709 δεῖ,
1445 2645 1676 2708 καὶτοῖς
1705 2643 1885 2712 λόγοις

308 2741 401 2795 καὶ
423 2740 535 2803 τοῖς
563 2737 1008 2809 παραδείγμασιν
1033 2736 1048 2805 ,
1081 2737 1399 2802 ἐννοοῦντας
1426 2738 1478 2794 τί
1508 2738 1569 2792 τὺ
1597 2739 1885 2810 σαρκωθῆ-

301 2833 522 2887 ναι-καὶ
553 2830 969 2903 ὲνανθρωπῆσαι
995 2831 1146 2905 δηλοῖ
1171 2832 1263 2886 τὸν
1292 2831 1426 2885 Θεὸν
1454 2832 1646 2900 Λόγον.
1673 2832 1747 2885 Οὐ
1775 2834 1885 2902 γάρ

309 2944 489 2998 φαμεν
515 2926 599 2979 ὃτι
628 2927 663 2998 ἡ
697 2923 792 2981 τοῦ
815 2925 992 2994 Λόγου
1019 2923 1185 2995 φύσις
1215 2923 1667 2995 μεταποιηθεῖσα,
1692 2922 1886 2992 γέγονε

308 3017 490 3090 σάρξ·
521 3016 639 3071 ἀλλ’
686 3015 809 3070 οὐδὲ
861 3015 912 3070 εί
956 3014 1078 3070 δλον
1127 3013 1416 3086 ἄνθρωπον
1480 3011 1887 3084 μεταϐληθῆναι

305 3109 399 3164 τὸν
425 3111 494 3163 ἐκ
541 3107 724 3179 ψυχῆς
759 3106 855 3160 καὶ
903 3105 1158 3176 σώματος
1190 3121 1205 3136 ·
1233 3107 1414 3159 ἐκεῖνο
1450 3104 1509 3159 δὲ
1543 3103 1766 3174 μᾶλλον,
1805 3103 1888 3157 ὃτι

1976 613 2276 669 credimus.
2333 613 2462 667 Post
2517 612 2634 667 hzec
2685 611 2879 667 Aetius
2921 612 3343 668 archidiaconus
3395 612 3556 680 dixit,

1977 705 2185 760 habere
2217 721 2276 760 se
2298 720 2410 776 pra:
2439 704 2694 759 manibus
2725 704 3018 774 epistolam
3054 703 3227 759 divini
3255 704 3446 776 Cyrilli
3487 706 3555 761 ad

1975 799 2314 863 Nestorium,
2374 813 2542 869 quam
2593 797 2838 853 universi
2888 797 3132 868 episcopi
3172 797 3228 852 in
3281 797 3556 868 Ephesina

1977 888 2188 958 synodo
2220 886 2546 959 congregati
2599 886 3106 956 subscriptionibus
3152 887 3272 943 suis
3302 903 3559 959 compro-

1977 980 2223 1035 bassent.
2251 980 2494 1035 Alteram
2518 978 2651 1034 item
2677 978 2966 1048 epistolam
2995 978 3245 1050 ejusdem
3283 979 3473 1053 Cyrilli
3501 996 3560 1036 sc

1981 1072 2204 1139 habere,
2223 1072 2487 1144 scriptam
2510 1070 2578 1126 ad
2600 1070 2866 1127 Joannem
2889 1070 3212 1141 episcopum
3230 1072 3556 1139 Antiochiae,

1978 1179 2103 1236 qua:
2122 1163 2383 1220 similiter
2401 1163 2600 1220 fuisset
2621 1162 2970 1218 conﬁrmata.
2995 1162 3272 1235 Petiitque
3296 1173 3356 1220 ut
3385 1165 3562 1222 amba:

1977 1257 2366 1314 recitarentur.
2404 1256 2571 1314 Facta
2603 1256 2773 1327 igitur
2798 1255 2900 1312 hac
2925 1256 2994 1313 de
3017 1272 3078 1314 re
3112 1257 3560 1327 interlocutione,

1979 1357 2214 1419 utraque
2245 1348 2479 1420 epistola
2521 1348 2748 1406 recitata
2783 1357 2887 1405 est.

2043 1439 2467 1496 Prioris'autem
2493 1439 2742 1512 epistola:
2764 1455 2891 1510 pars
2909 1440 2977 1496 ad
2999 1442 3228 1498 verbum
3254 1443 3338 1500 sic
3366 1443 3560 1502 habet:

1981 1532 2468 1590 Reverendissimo
2501 1541 2560 1590 et
2601 1533 2850 1605 piissimo
2881 1535 3266 1592 comministro
3307 1538 3565 1596 Nestorio

1979 1625 2234 1698 Cyrillus.
2261 1626 2549 1692 Nonnulli,
2578 1635 2640 1683 ut
2663 1627 2849 1691 audio,
2871 1627 3019 1699 apud
3043 1631 3394 1688 sanctitatem
3413 1643 3563 1691 tuam

1979 1714 2298 1770 obtrectant
2321 1713 2480 1770 {amre
2510 1723 2734 1778 nostrae,
2773 1715 2938 1785 idque
2973 1717 3310 1788 saepissime:
3347 1730 3566 1794 tempus

1981 1806 2118 1864 illud
2154 1806 2431 1878 praecipue
2458 1816 2765 1879 captantes,
2793 1823 2918 1864 cum
2944 1809 3247 1869 honoratos
3279 1829 3343 1870 ac
3363 1817 3569 1886 primo-

1983 1914 2074 1957 res
2098 1901 2251 1956 viros
2277 1900 2334 1956 in
2363 1916 2536 1956 unum
2571 1902 2837 1958 collectos
2886 1903 3132 1960 viderint
3170 1923 3183 1960 :
3231 1921 3298 1962 ac
3333 1907 3568 1966 fortasse

1981 1991 2386 2054 existimantes,
2440 2005 2605 2046 aures
2663 1999 2787 2046 tuas
2835 1991 3152 2064 hujusmodi
3210 1996 3566 2053 sermonibus

1982 2083 2275 2139 obiectari.
2311 2082 2383 2139 Et
2414 2082 2694 2154 aliquanto
2725 2091 2881 2154 post:
2911 2083 3114 2140 Sancta
3148 2085 3318 2157 igitur
3367 2097 3425 2144 et
3451 2105 3571 2146 ma-

1981 2193 2087 2250 gna
2118 2176 2364 2250 synodus
2415 2177 2519 2242 ait,
2569 2177 2726 2233 illum
2759 2194 2828 2233 ex
2881 2179 2996 2234 Dco
3055 2180 3216 2236 Patre
3258 2183 3564 2240 secundum

1983 2278 2241 2326 naturam
2283 2270 2533 2342 genitum
2565 2270 2766 2328 Filium
2805 2271 3054 2339 unicum,
3082 2273 3255 2328 Deum
3286 2290 3478 2332 verum
3502 2293 3568 2334 ex

1982 2361 2098 2418 Deo
2119 2377 2276 2428 vero,
2302 2362 2490 2418 lumen
2519 2378 2587 2418 ex
2611 2363 2856 2419 lumine:
2885 2380 2984 2434 per
3015 2381 3180 2436 quem
3211 2367 3397 2423 omnia
3439 2369 3572 2426 fecit

1981 2456 2181 2523 Pater;
2209 2455 2586 2519 descendisse,
2619 2455 2963 2511 incarnatum
2993 2472 3139 2522 esse,
3172 2458 3454 2514 hominem
3491 2461 3571 2515 fa-

1985 2555 2162 2612 ctum,
2204 2557 2262 2602 et
2281 2562 2510 2617 passum
2546 2561 2692 2612 esse,
2742 2548 2905 2625 tertio
2946 2548 3036 2603 die
3084 2551 3478 2616 resurrexisse,
3517 2554 3570 2607 in

1981 2640 2186 2696 omium
2239 2639 2580 2696 ascendisse.
2633 2639 2732 2696 llis
2787 2656 2892 2697 nos
2945 2641 3111 2712 320
3168 2643 3357 2700 verbis
3406 2655 3573 2716 atque

1985 2734 2228 2790 decretis
2257 2734 2529 2791 inhaerere
2565 2743 2808 2806 oportet,
2857 2735 3276 2792 considerantes
3323 2738 3455 2808 quid
3500 2739 3574 2795 sit

1987 2829 2341 2884 incarnatum
2364 2842 2509 2894 esse,
2542 2836 2600 2883 et
2634 2826 2914 2883 hominem
2947 2827 3153 2882 factum
3209 2829 3383 2885 Deum
3435 2831 3574 2887 Ver-

1988 2919 2142 2976 bum.
2162 2919 2284 2976 Non
2301 2919 2452 2974 enim
2475 2918 2720 2975 dicimus
2738 2927 2991 2973 naturam
3015 2919 3183 2975 Verbi
3207 2921 3572 2989 immutatam,

1985 3025 2211 3068 carnem
2231 3025 2364 3067 esse
2389 3009 2620 3066 factam:
2655 3009 2754 3066 sed
2773 3023 2954 3081 neque
2979 3009 3036 3066 in
3077 3020 3258 3068 totum
3289 3013 3573 3071 hominem

1988 3119 2312 3160 conversam
2337 3117 2483 3170 esse,
2511 3102 2610 3174 qui
2639 3110 2860 3158 constat
2890 3118 2955 3157 ex
2998 3103 3185 3160 animo
3215 3112 3274 3160 et
3315 3120 3572 3177 corpore.

309 3201 491 3272 σάρκα
545 3198 950 3271 ἐμψυχωμένην
986 3197 1132 3269 ψυχῇ
1179 3195 1372 3268 λογικῇ
1418 3193 1627 3258 ἑνώσας
1657 3195 1684 3246 ὁ
1713 3193 1887 3261 Λόγος

1992 3197 2199 3253 Verum
2229 3195 2365 3252 illud
2387 3195 2582 3266 potius
2602 3194 2864 3259 dicimus,
2899 3194 3166 3260 Verbum,
3199 3210 3326 3251 cum
3351 3211 3574 3254 carnem

309 3293 489 3366 έαυτῷ
540 3291 666 3349 καθ’
695 3291 990 3346 ὑπόστασιν
1011 3331 1027 3356 ,
1057 3289 1350 3361 ἀφράστως
1403 3287 1499 3342 καὶ.
1518 3287 1891 3359 ἀπερινοήτως

311 3388 535 3456 γέγονεν
560 3385 864 3456 ἄνθρωπος,
895 3381 992 3436 καὶ
1035 3380 1443 3452 κεχρημάτικεν
1501 3378 1626 3440 Υιὸς
1675 3377 1889 3448 ἀνθρὼ-

315 3490 440 3536 που,
463 3490 523 3524 ου
552 3473 694 3526 κατά
717 3472 936 3545 θέλησιν
961 3473 1162 3545 μόνην,
1182 3473 1218 3543 ἢ
1243 3472 1487 3528 εὐδοκίαν
1505 3487 1520 3502 ·
1543 3471 1661 3527 ἀλλ’
1676 3471 1798 3526 οὐδὲ
1817 3471 1894 3535 ὡς

308 3569 373 3622 ὲν
421 3565 731 3640 προσλήψει
785 3566 1084 3640 προσώπου
1140 3567 1345 3638 μόνου·
1377 3566 1474 3620 καὶ
1501 3566 1589 3620 ὅτι
1643 3564 1893 3634 διάφοροι

317 3661 416 3731 μὲν
444 3659 504 3712 αἱ
562 3659 700 3731 πρὸς
749 3659 977 3731 ἑνότητα
1033 3657 1134 3731 τὴν
1184 3656 1448 3730 ἀληθινὴν
1488 3656 1893 3728 συνενεχθεῖσαι

317 3750 506 3818 φύσεις
537 3749 675 3822 (25),
717 3744 798 3813 εἷς
827 3748 885 3802 δὲ
933 3749 993 3817 ἐξ
1041 3749 1248 3821 ἀμφοῖν
1279 3749 1536 3822 Χριστὸς,
1603 3750 1698 3802 καὶ
1743 3747 1890 3813 Υἱὸς,

318 3841 416 3914 οὐχ
447 3842 523 3905 ὡς
553 3841 656 3911 τῆς
699 3839 810 3897 τῶν
847 3839 1064 3911 φύσεων
1093 3841 1357 3912 διαφορᾶς
1406 3839 1760 3914 ἀνῃρημένης
1804 3838 1894 3892 διά

317 3933 416 4006 τὴν
444 3935 640 3988 ἒνωσιν
661 3946 677 3962 ⁸
709 3932 1133 3989 ἀποτελεσασῶν
1178 3933 1237 3988 δὲ
1274 3933 1476 4006 μᾶλλον
1510 3934 1646 4004 ἡμῖν
1679 3932 1771 3986 τὸν
1798 3931 1895 3986 ’ἐνα

322 4024 528 4096 Κύριον
579 4025 676 4078 καὶ
709 4023 949 4099 Χριστὸν
978 4025 1072 4078 καὶ
1107 4023 1234 4077 Yle
1264 4024 1330 4078 ἐκ
1387 4023 1641 4094 θεότητός
1687 4039 1748 4075 τε
1800 4023 1895 4076 καὶ

325 4116 771 4188 ἀνθρωπότητος,
804 4115 894 4170 διά
941 4116 1043 4186 τῆς
1099 4116 1378 4188 άφράστου
1434 4115 1530 4170 καὶ
1579 4115 1894 4186 ἀπορρήτου

319 4207 462 4279 πρὸς
486 4207 717 4278 ἑνότητα
743 4207 1072 4280 συνδρομῆς.
1095 4207 1201 4262 Kal
1214 4208 1342 4278 μετ’
1359 4209 1534 4278 ὀλίγα
1553 4224 1566 4237 ⁸
1597 4209 1816 4279 Ἐπειδὴ
1839 4208 1896 4261 δὲ

319 4299 386 4353 δι’
405 4301 554 4370 ημᾶς
576 4301 672 4354 καὶ
696 4299 787 4355 διὰ
807 4301 907 4370 τὴν
936 4300 1211 4372 ἡμετέραν
1237 4300 1508 4372 σωτηρίαν
1539 4299 1746 4364 ένώσας
1770 4302 1898 4354 ἐαυ-

321 4390 398 4461 τῷ
427 4390 553 4444 καθ’
593 4391 894 4444 ὑπόστασιν
917 4391 1010 4444 τὸν
1032 4387 1374 4462 ἀνθρώπινον
1401 4391 1673 4462 προῆλθεν
1702 4393 1767 4445 ἐκ
1800 4409 1898 4460 γυ-

320 4483 526 4548 ναικὸς,
549 4485 708 4539 ταυτὶ
733 4483 950 4552 λέγεται
981 4483 1077 4536 καὶ
1115 4483 1444 4555 γεννηθῆναι
1490 4485 1790 4554 σαρκικιῖκ.
1819 4486 1895 4538 Οὐ

1995 3287 2174 3344 anima
2200 3286 2460 3344 rationali
2484 3286 2783 3343 animata
2823 3286 2928 3342 sibi
2960 3288 3330 3358 personaliter
3362 3291 3576 3348 univis-

1994 3389 2100 3447 set,
2137 3379 2404 3436 ineﬂ'abili
2430 3379 2670 3451 quadam
2693 3390 2750 3436 et
2765 3379 3323 3451 incomprehensibili
3363 3384 3578 3441 ratione

1994 3473 2279 3529 hominem
2309 3472 2516 3530 factum
2541 3487 2688 3538 esse,
2721 3480 2779 3528 et
2809 3471 2982 3527 lilium
3007 3472 3253 3530 hominis
3297 3485 3577 3546 vocatum,

1995 3582 2112 3622 non
2136 3567 2292 3638 juxta
2320 3567 2665 3622 voluntatem
2709 3564 2980 3621 duntaxat
3026 3581 3094 3622 ac
3142 3566 3576 3640 beneplaeitum.

1995 3659 2091 3715 sed
2122 3673 2227 3714 nec
2259 3658 2433 3715 solius
2471 3672 2728 3729 persona:
2785 3658 3186 3729 assumptione.
3217 3661 3282 3714 Et
3333 3660 3581 3719 diversas

1993 3752 2221 3823 quidem
2256 3766 2381 3808 esse
2412 3759 2641 3806 naturas
2674 3766 2798 3822 qua:
2824 3750 2880 3805 in
2911 3766 3103 3806 veram
3131 3752 3401 3810 unitatem
3445 3769 3582 3810 con-

1996 3845 2285 3902 venerint:
2317 3858 2490 3900 unum
2513 3851 2702 3899 autem
2721 3857 2848 3899 esse
2884 3841 3176 3899 Christum
3234 3853 3292 3900 et
3343 3845 3580 3902 Filium:

1997 3951 2107 3992 non
2132 3935 2282 4008 quod
2310 3943 2636 3991 naturarum
2662 3934 2958 3992 diversitas
2987 3935 3202 3992 sublata
3225 3937 3296 3992 sit
3330 3953 3431 4009 per
3458 3938 3583 3993 uni-

1993 4029 2235 4085 tionem:
2269 4027 2367 4083 sed
2398 4026 2585 4098 potius
2606 4025 2902 4082 divinitate
2927 4027 3090 4083 simul
3137 4037 3195 4084 et
3240 4029 3586 4086 humanitate

2000 4137 2174 4176 unum
2201 4120 2368 4176 nobis
2395 4119 2696 4175 Dominum
2735 4127 2793 4174 et
2817 4118 3104 4176 Christum
3129 4135 3197 4177 ac
3232 4121 3430 4177 Filium
3455 4139 3585 4193 per-

2000 4213 2221 4268 liciente
2243 4227 2343 4283 per
2368 4211 2708 4268 ineffabilem
2733 4221 2793 4267 et
2821 4227 3086 4268 arcanum
3130 4214 3284 4270 illum
3350 4231 3590 4271 concur-

1999 4319 2121 4360 sum
2150 4303 2221 4358 ad
2272 4303 2564 4359 unitatem.
2597 4301 2666 4356 Et
2711 4303 2872 4375 paulo
2916 4316 3076 4376 post:
3137 4307 3409 4374 Quoniam
3453 4325 3586 4366 vero

2000 4404 2230 4466 propter
2259 4410 2360 4450 nos
2410 4403 2469 4450 et
2501 4403 2732 4466 propter
2782 4405 3029 4453 nostram
3070 4398 3300 4454 salutem
3349 4401 3586 4457 humana

2001 4498 2201 4544 natura
2224 4487 2330 4544 sibi
2353 4489 2724 4558 personaliter
2749 4490 2926 4555 unita,
2952 4492 3224 4561 processit
3248 4507 3314 4548 ex
3331 4493 3584 4557 muliere,

326 4574 430 4644 γάρ
461 4574 681 4647 πρῶτον
706 4574 993 4646 ἄνθρωπος
1024 4575 1285 4647 ἐγεννήθη
1314 4575 1494 4640 κοινὸς
1516 4577 1582 4630 ὲκ
1611 4577 1712 4648 τῆς
1739 4577 1887 4646 ἁγίας

2001 4579 2216 4635 idcirco
2272 4587 2437 4634 natus
2487 4578 2698 4634 dicitur
2746 4581 3054 4636 secundum
3107 4597 3354 4657 carnem.
3400 4585 3588 4654 Neque

322 4666 623 4739 Παρθένου,
664 4661 763 4722 εἶθ’
796 4667 970 4732 οὕτως
1012 4669 1489 4740 καταπεφοίτηκεν
1545 4671 1632 4724 ἐπ’
1675 4669 1838 4725 αὑτὸν
1869 4671 1900 4725 ὁ

324 4759 498 4831 Λόγος
525 4777 539 4793 ⁸
575 4761 692 4816 ἀλλ’
713 4761 773 4828 ἐξ
797 4762 969 4832 αὐτῆς
994 4762 1208 4835 μήτρας
1234 4762 1477 4828 ἐνωθεὶς,
1501 4763 1790 4834 ὑπομεῖναι
1813 4763 1900 4818 λέ-

325 4871 484 4926 γεται
510 4855 766 4928 γέννησιν
815 4853 1111 4927 σαρκικὴν,
1138 4854 1218 4919 ὠς
1257 4854 1364 4925 τῆς
1396 4855 1536 4920 ιδίας
1567 4857 1768 4927 σαρκὸς
1798 4856 1898 4928 τὴν

2006 4672 2154 4727 enim
2190 4657 2439 4741 primum
2458 4677 2623 4726 natus
2647 4680 2734 4728 est
2766 4672 2935 4728 homo
2992 4674 3236 4746 vulgaris
3287 4691 3353 4730 ex
3400 4686 3591 4732 sancta

2005 4764 2252 4834 Virgine,
2276 4777 2342 4818 ac
2367 4762 2568 4818 deinde
2597 4763 2838 4819 Verbum
2868 4765 2925 4820 in
2979 4781 3110 4822 eum
3141 4767 3456 4823 descendit:
3493 4770 3590 4824 sed

2005 4855 2078 4911 ab
2113 4855 2234 4927 ipso
2275 4863 2436 4910 utero
2457 4855 2653 4912 unitus
2677 4857 2955 4927 carnalem
2977 4860 3323 4916 nativitatem
3353 4861 3592 4917 subiisse

1606 4998 1838 5056 VARIIE
1883 4997 2290 5057 LECTIONES.

393 5111 440 5190 ’ξ
477 5112 538 5169 C.
561 5112 622 5170 C.
657 5112 864 5190 αρτοῖς.
939 5116 986 5148 ⁵³
1021 5115 1141 5172 εύλ.
1177 5117 1274 5173 καὶ
1304 5115 1710 5189 θεοσεὸεστάτῳ
1771 5118 2168 5190 interpretatus
2191 5123 2278 5171 est
2297 5112 2569 5179 Valesius,
2605 5111 2792 5171 omisit
2820 5115 2942 5188 ejus
2971 5078 3365 5188 typograpbus.
3443 5117 3490 5149 °°
3526 5115 3589 5172 C.

323 5182 387 5240 C.
423 5183 478 5237 λε
490 5183 744 5257 ιτουργῷ.

1536 5275 1810 5332 VALESII
1851 5276 2411 5335 ANNOTATIONES.

398 5367 510 5435 (24)
545 5368 682 5423 Μεθ’
709 5367 817 5434 οὒς
851 5365 1090 5433 Ἀέτιος.
1123 5367 1314 5424 Exstat
1343 5369 1506 5425 etiam
1539 5370 1628 5424 hic
1651 5371 1810 5428 locus
1848 5371 1902 5426 in

324 5439 542 5513 actione
571 5439 814 5513 secunda
841 5437 1104 5513 Qbalced.
1134 5440 1374 5513 concilii,
1407 5457 1526 5513 pag.
1554 5442 1676 5513 1760.

394 5510 506 5574 (‘25)
539 5513 609 5565 Al
642 5512 791 5579 πρὸς
853 5509 1106 5577 ἑνότητα
1176 5511 1293 5578 τὴν
1343 5509 1645 5580 ἀληθινὴν
1688 5526 1906 5566 curer-

322 5580 588 5648 εχθεῖσαι
615 5584 850 5648 φύσεις.
871 5580 1065 5635 Divina
1106 5581 1253 5636 enim
1307 5591 1362 5636 et
1419 5583 1655 5636 humana
1711 5590 1908 5637 natura

323 5651 488 5705 simul
521 5653 747 5721 junctae,
779 5665 948 5704 unum
989 5651 1272 5706 Christum
1303 5667 1366 5708 ac
1408 5655 1699 5707 Dominum
1745 5654 1910 5708 nobis

323 5722 750 5795 constituerunt.
783 5721 962 5795 Atque
993 5723 1066 5775 ita
1092 5738 1284 5795 verum
1311 5735 1396 5780 est
1435 5725 1578 5794 quod
1621 5725 1698 5778 ait
1727 5724 1908 5795 Cyril-

328 5791 434 5856 lus,
465 5792 604 5846 duas
627 5800 856 5844 naturas
887 5792 1031 5847 inter
1059 5807 1117 5847 se
1155 5794 1425 5856 diversas,
1454 5791 1529 5849 'in
1562 5810 1745 5848 veram
1772 5791 1907 5850 'uni-

327 5870 490 5916 tatem
509 5863 743 5917 coivisse
761 5878 774 5913 :
791 5863 937 5930 quod
950 5872 1131 5918 tamen
1147 5881 1255 5919 non
1278 5865 1543 5920 intellexit
1558 5865 1902 5936 Cbristolib.:

649 5960 926 6020 ΡΑτιιοι..
974 5959 1092 6019 Gtt.
1136 5959 1477 6020 LXXXVI.

2011 5386 2121 5446 non
2153 5371 2300 5446 quod
2330 5387 2397 5446 εξ
2425 5371 2642 5446 duabus
2689 5375 2905 5431 naturis
2944 5391 3054 5432 una
3089 5375 3231 5432 facta
3275 5375 3367 5440 sit,
3398 5391 3597 5446 quem;

2014 5443 2310 5517 admodum
2354 5443 2630 5517 Eutyches
2662 5448 2901 5517 asseruit
2929 5463 2943 5509 ;
2973 5446 3068 5503 sed
3103 5446 3252 5517 quod
3283 5464 3350 5501 ex
3373 5443 3596 5517 duabus

2015 5513 2404 5589 naturis_unus
2429 5513 2706 5571 eitstiterit
2732 5515 3006 5572 Christus.
3043 5513 3224 5589 Atque
3257 5519 3327 5572 ita
3357 5516 3596 5589 Cyrillus

2015 5583 2344 5658 sententiam
2397 5601 2553 5658 suam
2608 5590 2770 5656 paqu
2835 5597 2960 5658 post
3009 5583 3258 5658 exponit,
3316 5583 3442 5644 cum
3497 5588 3595 5648 ait.

2016 5653 2106 5729 διὰ
2137 5655 2235 5729 τῇς
2269 5656 2552 5729 ἀφράστου
2583 5653 2678 5710 καὶ
2705 5653 3022 5729 ἀπορρήτου
3044 5653 3180 5728 πρὸς
3206 5660 3435 5729 ἑνότητα
3467 5675 3596 5711 συνο

2014 5705 2244 5798 ξρδμῆξῖ
2273 5705 2375 5798 Ἐξ
2391 5705 3304 5798 Βῖέξι-μβιῖέρῖῘιιιἮιιίιὶιιοιυΓηιέεεο
3327 5705 3595 5786 Ϊοεηηοηι

2017 5793 2286 5872 Lapgum,
2325 5793 2558 5872 doctum
2581 5793 2818 5872 'alioqui
2856 5799 3157 5871 Nicephori
3211 5799 3594 5872 interpretem,

2016 5865 2109 5934 qui
2145 5866 2366 5936 ἑνότητα
2405 5869 2649 5923 unionem
2683 5865 2868 5926 vertit.

3202 5964 3278 6026 81
