3960 6486
534 394 672 459 9571

1761 395 2076 458 EVAGRII
2113 394 2599 456 SCIIOLASTICI

3653 399 3777 465 257?.

534 508 763 573 dicitur,
819 514 1010 576 utpote
1061 505 1156 577 qui
1217 507 1403 564 carnis
1458 524 1571 564 sua:
1622 508 1968 564 nativitatem
2016 505 2119 563 sibi

2231 508 2481 578 γέννησιν
2530 507 2927 578 οἰκειούμενος.
2962 506 3120 562 Οὕτω
3176 508 3359 580 φαμὲν
3402 509 3562 564 αὐτὸν
3586 511 3774 576 παθεῖν,

535 598 815 669 propriam
854 598 1107 655 asciscat.
1150 600 1357 655 Eodem
1384 601 1549 655 modo
1575 602 1726 655 illum
1753 616 1972 671 passum
1998 614 2119 656 esse

533 690 853 745 dicimuset
882 690 1273 758 resurrexisse,
1320 708 1429 746 non
1468 692 1624 762 quasi
1678 693 1825 748 Deus
1875 692 2119 748 Verbum

537 784 594 838 in
635 799 733 838 sua
776 793 974 839 natura
1035 784 1222 855 plagas
1278 800 1473 855 passus
1526 786 1618 853 sit,
1672 799 1768 841 aut
1836 787 2118 842 clavorum

541 874 952 939 transﬁxiones,
1006 884 1103 930 aut
1149 876 1253 931 alia
1314 875 1574 947 quaelibet
1634 879 1920 933 vulnera:
1974 879 2121 934 Deus

536 969 686 1025 enim
729 968 1104 1040 perpessionis
1135 985 1335 1040 expers
1387 979 1490 1035 est,
1546 980 1737 1040 utpote
1781 971 1877 1042 qui
1936 980 2121 1027 careat

537 1075 791 1130 corpore.
834 1059 941 1115 Sed
966 1060 1226 1130 quoniam
1249 1076 1449 1131 corpus
1480 1061 1613 1117 illud
1642 1061 1788 1132 quod
1832 1062 2119 1133 proprium

537 1153 660 1223 ejus
685 1159 825 1217 erat,
858 1166 1079 1221 passum
1107 1158 1215 1217 est,
1241 1150 1450 1208 idcirco
1491 1168 1687 1223 passus
1724 1153 1870 1209 idem
1913 1153 2123 1209 dicitur

538 1259 661 1299 esse
685 1260 788 1314 pro
818 1243 1000 1298 nobis.
1026 1242 1160 1299 Nam
1209 1244 1267 1299 in
1314 1258 1549 1315 corpore
1588 1245 1736 1316 quod
1784 1245 2119 1317 patiebatur,

540 1337 719 1391 inerat
756 1337 899 1392 Deus
925 1337 1269 1408 impatibilis.

608 1428 797 1482 Altera
828 1435 1011 1481 autem
1036 1426 1225 1498 Cyrilli
1250 1426 1504 1497 epistola,
1542 1429 1750 1500 majore
1802 1428 2026 1500 quidem
2053 1443 2121 1483 ex

538 1526 695 1588 parte
712 1518 822 1588 jam
855 1502 1029 1571 relata
1063 1527 1148 1571 cst
1177 1516 1233 1570 in
1264 1516 1444 1587 primo
1470 1518 1634 1589 hujus
1656 1518 1904 1574 historia!
1952 1519 2117 1573 libro.

542 1609 730 1665 Exstat
758 1618 940 1665 autem
971 1608 1024 1662 in
1050 1625 1115 1663 ea
1146 1607 1355 1663 dictum
1388 1609 1687 1679 quoddam,
1715 1609 1861 1680 quod
1882 1610 2123 1666 Joannes

540 1703 764 1774 quidem
789 1702 1179 1758 Antiochensis
1203 1704 1496 1774 cpisc0pus
1518 1703 1573 1757 in
1592 1704 1792 1759 litteris
1811 1703 1926 1759 suis
1950 1719 2120 1774 expo-

538 1806 730 1851 suerat
751 1813 766 1863 ;
790 1794 1028 1867 Cyrillus
1054 1810 1187 1850 vero
1202 1795 1462 1850 omnibus
1477 1795 1754 1866 suﬂragiis
1770 1796 2117 1866 approbavit.

2224 598 2318 650 καὶ
2350 599 2672 669 ἀναστῆναι,
2704 599 2801 670 οὐχ
2830 599 2905 663 ὡς
2935 598 3027 652 τοῦ
3060 598 3197 653 Θεοῦ
3228 600 3406 669 Λόγου
3441 600 3687 666 παθόντος
3706 604 3772 666 τίς

2228 691 2366 745 ίδίαν
2423 692 2606 760 φύσιν,
2647 691 2680 762 ἢ
2717 692 2956 762 πληγὰς,
2986 693 3019 764 ἢ
3045 693 3362 765 διατρήσεις
3392 693 3614 766 ἧλων,ἢ
3660 695 3779 763 γοῦν

2222 783 2292 836 τὰ
2380 783 2545 854 ἕτερα
2636 783 2747 838 τῶν
2838 786 3189 855 τραυμάτων.
3260 786 3496 850 ’Λπαθὲς
3570 788 3669 859 γὰρ
3724 806 3783 841 το

2222 873 2398 938 Θεῖον,
2435 876 2516 928 ὅτι
2549 874 2644 929 καὶ
2670 874 2983 947 ἀσώματον.
3032 875 3259 946 Ἐπειδὴ
3287 876 3345 928 δὲ
3371 876 3433 930 τὸ
3462 878 3672 946 γεγονὸς
3693 879 3786 931 αὖ·

2223 965 2321 1020 τοῦ
2354 964 2485 1020 ἴδιον
2515 968 2675 1037 σῶμα
2704 967 2963 1030 πέπονθε,
2988 966 3162 1022 ταῦτα
3192 969 3357 1022 πάλιν
3400 968 3559 1032 αὐτὸς
3586 969 3785 1039 λέγεται

2221 1056 2416 1112 παθεῖν
2446 1057 2588 1129 ὑπὲρ
2623 1057 2802 1129 ἡμῶν.
2831 1052 2941 1113 Ἦν
2973 1059 3084 1130 γάρ
3120 1060 3149 1113 ό
3196 1058 3435 1133 ἀπαθὴς,
3467 1059 3525 1115 ὲν
3577 1059 3650 1131 τῷ
3688 1062 3787 1115 τά·

2224 1166 2405 1221 σχοντι
2432 1149 2668 1222 σώματι.

2293 1418 2408 1489 Τῆς
2430 1416 2487 1471 δέ
2510 1433 2571 1485 γε
2593 1415 2791 1487 ἐτέρας
2815 1415 2885 1469 τὰ
2914 1416 3088 1470 πολλά
3121 1415 3222 1486 μὲν
3244 1414 3386 1470 κατά
3415 1413 3513 1484 τὴν
3536 1413 3787 1485 προτέραν

2224 1510 2471 1580 ἱστορίαν
2499 1509 2809 1580 ἐνήνεκται.
2852 1510 3007 1563 Ἐστι
3040 1509 3097 1562 δὲ
3131 1511 3190 1562 ὲν
3228 1508 3365 1578 αὐτῇ
3414 1506 3571 1578 ῥῆσις
3602 1507 3785 1567 τοιάδε,

2222 1603 2289 1673 ἢν
2336 1602 2583 1671 γέγραφε
2642 1601 2742 1671 μὲν
2784 1601 3089 1673 Ἰωάννηςό
3117 1601 3217 1671 τῆς
3263 1600 3601 1670 Ἀντιοχέων,
3633 1615 3789 1669 προσ-

2223 1696 2397 1765 ήκατο
2425 1694 2482 1747 δὲ
2514 1694 2713 1757 πάσαις
2742 1693 2946 1765 ψήφοις
2976 1692 3267 1765 Κύρι).λος.
3289 1691 3679 1763 Ὁμολογοῦμεν
3699 1693 3788 1762 τὴν

2224 1788 2387 1857 ἁγίαν
2448 1786 2725 1857 Παρθένον
2778 1786 3060 1849 Θεοτόκον,
3090 1784 3178 1840 διὰ
3233 1785 3292 1839 τὸ
3322 1785 3413 1839 τὸν
3458 1786 3592 1839 Θεὸν
3634 1787 3789 1855 Λόγον

540 1888 600 1943 Id
632 1888 712 1943 sic
750 1860 946 1942 habet:
980 1886 1327 1943 Conﬁtemur
1374 1898 1622 1943 sanctam
1653 1860 1964 1961 Virginem,
1996 1889 2123 1943 Dei-

2231 1878 2586 1951 σαρκωθῆναι
2608 1879 2664 1944 ἐξ
2687 1877 2858 1948 αὐτῆς
2892 1877 2985 1930 καὶ
3013 1875 3434 1949 ὲνανθρωπῆσαι
3454 1917 3469 1942 ,
3505 1876 3597 1929 καὶ
3623 1876 3677 1940 ἐξ
3704 1872 3790 1930 αξ-

540 1995 750 2051 param,
784 1987 1080 2050 propterea
1109 1979 1256 2050 quod
1283 1980 1431 2035 Deus
1454 1980 1696 2035 Verbum
1721 1995 1785 2035 ex
1816 1995 1879 2035 ea
1899 1995 2122 2035 carnem

538 2072 842 2142 sumpserit
873 2079 929 2125 ct
958 2070 1127 2125 homo
1156 2069 1335 2125 factus
1365 2070 1458 2136 sit,
1482 2079 1538 2125 ct
1566 2070 1635 2124 ab
1661 2070 1780 2142 ipso
1806 2071 2125 2141 conceptio—

539 2164 628 2221 nis
656 2164 887 2219 exordio
912 2163 1176 2233 templum
1207 2178 1273 2218 ex
1303 2178 1367 2217 ea
1395 2171 1739 2233 assumptum
1760 2164 1866 2219 sibi
1926 2164 2123 2220 unive—

540 2259 632 2313 rit.
661 2256 1023 2325 Evangelicas
1049 2265 1231 2310 autem
1263 2263 1320 2310 et
1350 2256 1683 2325 apostolicas
1705 2270 1870 2310 voces
1904 2272 2026 2327 quae
2054 2256 2123 2312 de

540 2352 775 2407 Domino
806 2350 1092 2413 dicuntur,
1120 2348 1329 2403 scimus
1358 2348 1579 2403 divinos
1616 2349 1739 2403 illos
1785 2349 1935 2403 viros
1989 2349 2124 2403 alias

540 2442 767 2515 quidem
798 2440 1171 2497 communiter
1191 2439 1464 2509 accipere,
1507 2448 1569 2495 ut
1620 2440 1689 2495 de
1738 2455 1845 2495 una
1888 2456 2124 2511 persona

539 2535 748 2590 dictas:
807 2533 944 2588 alias
995 2547 1129 2587 vero
1174 2531 1449 2597 dividere,
1504 2540 1564 2586 ut
1610 2547 1733 2602 quae
1790 2532 1858 2588 de
1905 2532 2123 2587 duabus

540 2626 761 2682 naturis
803 2625 1182 2696 proferantur.
1244 2626 1314 2681 Et
1344 2625 1445 2680 has
1484 2624 1707 2696 quidem
1752 2625 1865 2681 Deo
1908 2626 2121 2697 dignas,

534 2719 691 2791 juxta
714 2718 977 2774 deitatem
1008 2716 1216 2772 Christi
1256 2734 1272 2771 :
1306 2717 1441 2772 alias
1490 2733 1623 2772 vero
1670 2717 1907 2773 humiles
1958 2728 2125 2789 atque

540 2808 805 2879 abjectas,
844 2808 1003 2878 juxta
1052 2808 1300 2879 ejusdem
1360 2793 1757 2865 humanitatem
1811 2810 2121 2865 tradidisse.

539 2901 755 2969 Quibus
783 2902 901 2955 haec
928 2900 1217 2971 subjungit
1238 2900 1507 2972 Cyrillus:
1544 2902 1641 2957 llis
1686 2902 1861 2957 sacris
1893 2903 2125 2959 vocibus

540 2992 745 3049 vestris
770 2992 1054 3064 perlectis,
1084 3008 1209 3047 cum
1233 3009 1338 3050 nos
1378 2994 1529 3065 ipsos
1560 2995 1704 3050 idem
1729 2996 1936 3052 sentire
1959 2996 2124 3053 intel-

540 3085 875 3156 ligeremus:
911 3102 929 3137 ι
961 3083 1117 3140 Unus
1144 3084 1294 3139 enim
1320 3084 1606 3151 Dominus,
1626 3102 1736 3141 una
1758 3087 1914 3153 ﬁdes,
1950 3103 2121 3142 unum

2223 1970 2327 2041 τῆς
2360 1969 2461 2041 τῆς
2491 1968 2806 2039 συλλήψεως
2835 1968 3030 2022 ὲνῶσαι
3063 1968 3242 2038 ἐαυτῷ
3267 1967 3360 2021 τὸν
3400 1967 3459 2032 ἐξ
3506 1967 3669 2037 αὐτῆς
3702 1967 3790 2037 λη-

2225 2060 2427 2133 φθέντα
2452 2061 2717 2123 ναόν.Τάς
2744 2061 2802 2115 δὲ
2822 2060 3181 2129 εὐαγγελικάς
3212 2061 3309 2114 καὶ
3334 2061 3691 2123 ἀποστολικὰς
3709 2062 3792 2113 ἐπὶ

2222 2153 2320 2209 τοῦ
2350 2154 2558 2224 Κυρίου
2586 2154 2790 2225 φωνὰς,
2822 2153 2981 2224 ῐσμεν
3010 2154 3139 2217 τοὺς
3164 2152 3459 2224 θεοφόρους
3485 2152 3679 2224 ἄνδρας
3705 2154 3794 2214 τὰς

2227 2244 2329 2316 μὲν
2357 2244 2818 2309 κοινοποιοῦντας,
2849 2244 2927 2308 ὼς
2953 2246 3037 2314 ἐφ’
3068 2242 3186 2308 ἑνός
3236 2243 3531 2314 προσώπου
3559 2260 3573 2273 ’
3604 2244 3698 2307 τὰς
3743 2244 3792 2295 δὲ

2224 2336 2589 2407 διαιροῦντας,
2614 2335 2690 2400 ὡς
2726 2336 2820 2389 ἐπὶ
2851 2335 2946 2390 δύο
2978 2336 3195 2405 φύσεων
3225 2352 3239 2366 ·
3271 2336 3365 2390 καὶ
3396 2337 3496 2398 τὰς
3534 2336 3630 2406 μὲν
3682 2335 3790 2388 θεο-

2225 2429 2481 2498 πρεπεῖς,
2515 2425 2658 2479 κατὰ
2714 2428 2818 2496 τὴν
2866 2425 3096 2495 θεότητα
3148 2425 3243 2479 τοῦ
3292 2424 3572 2497 Χριστοῦο
3620 2425 3712 2488 τὰς
3743 2425 3793 2477 δὲ

2225 2517 2515 2579 ταπεινὰς,
2553 2516 2693 2570 κατά
2736 2515 3136 2587 ἀνθρωπότητα
3191 2515 3359 2569 αὐτοῦ
3403 2516 3791 2585 παραδιδόντος.

2225 2604 2321 2673 Οἷς
2377 2610 2657 2681 ἐπήγαγεν
2678 2625 2692 2640 ο
2722 2608 2964 2672 Ταύταις
3016 2606 3171 2680 ὑμῶν
3200 2610 3321 2672 ταῖς
3352 2610 3523 2679 ἱεραῖς
3564 2609 3795 2678 ἐντυχόν-

2226 2717 2319 2764 τες
2384 2703 2625 2771 φωναῖς,
2656 2699 2832 2763 οὓτως
2884 2701 2983 2771 μὲν
3032 2702 3127 2753 καὶ
3181 2701 3379 2764 αὐτοὺς
3402 2702 3445 2733 ⁸⁸
3480 2700 3793 2771 φρονοῦντας

2227 2795 2577 2866 εὑρίσκομεν.
2610 2814 2627 2846 ι
2654 2787 2750 2858 Εἷς
2774 2794 2884 2866 γὰρ
2915 2792 3141 2864 Κύριος.
3174 2793 3272 2864 μία
3297 2793 3501 2859 πίστις,
3529 2792 3587 2845 ἒν
3616 2792 3793 2863 βάπτιο

2226 2904 2362 2959 σμα.
2396 2908 2414 2939 ι
2436 2888 2802 2957 Ἑδοξάσαμεν
2829 2884 2923 2943 οὗν
2954 2886 3044 2940 τὸν
3071 2886 3180 2939 τῶν
3204 2886 3343 2939 ὅλων
3385 2886 3613 2958 Σωτῆρα
3639 2886 3793 2951 Θεὸν,

2226 2978 2478 3051 ἀλλήλοις
2516 2979 2925 3050 συγχαίροντες,
2957 2980 3040 3032 ὅτι
3086 2979 3209 3041 ταῖς
3257 2977 3637 3042 θεοπνεύστοις
3669 2979 3795 3052 Γραο

2227 3074 2355 3143 φαῖς
2412 3072 2508 3125 καὶ
2555 3074 2622 3143 τῇ
2676 3072 2975 3141 παραδόσει
3004 3070 3114 3123 τῶν
3155 3070 3326 3139 ἁγίων
3360 3070 3521 3142 ἡμῶν
3554 3071 3795 3141 Πατέρων

540 3173 845 3245 baptisma:
874 3192 893 3227 ο
936 3172 1289 3230 Servatorem
1314 3175 1561 3230 omnium
1598 3177 1769 3232 Deum
1789 3177 2122 3249 gloriﬁcavi-

2231 3160 2634 3231 συμϐαίνουσαν
2664 3160 2846 3231 ἔχουσι
2878 3160 3060 3213 πίστιν
3094 3158 3156 3213 αῑ
3182 3176 3242 3213 τε
3279 3160 3408 3230 παρ’
3435 3161 3566 3231 ἡμῖν
3612 3161 3707 3213 καὶ
3746 3159 3796 3212 αι

540 3282 685 3332 mus,
711 3265 949 3321 invicem
974 3266 1334 3338 gratulantes,
1362 3268 1511 3337 quod
1545 3276 1654 3322 tam
1706 3280 1929 3333 nostrae,
1961 3271 2120 3340 321

539 3375 707 3430 quam
745 3366 945 3413 vestra:
996 3359 1240 3430 regionis
1277 3360 1557 3424 Ecclesiaa,
1605 3361 1767 3417 tidem
1814 3378 1940 3418 cum
1983 3362 2128 3418 Scri-

540 3450 724 3522 pturis
748 3449 1015 3506 divinitus
1038 3450 1319 3521 inspiratis
1349 3461 1405 3507 et
1434 3468 1558 3507 cum
1586 3454 1879 3510 traditione
1903 3466 2125 3510 sancto-

543 3558 666 3597 rum
708 3542 934 3597 Patrum
989 3542 1427 3600 consentientem
1478 3545 1863 3615 proﬁteantur.
1913 3547 2127 3614 Quibus

542 3631 839 3703 perlectis,
873 3630 1116 3702 episcopi
1174 3634 1269 3702 qui
1326 3634 1558 3691 aderant
1609 3636 1987 3691 exclamarunt
2042 3637 2129 3693 his

542 3723 759 3781 verbis:
794 3723 1047 3779 Universi
1084 3724 1156 3777 ita
1180 3724 1489 3781 credimus:
1515 3726 1626 3781 Leo
1657 3743 1797 3797 papa
1834 3727 1906 3781 ita
1929 3728 2126 3783 credit.

544 3814 854 3870 Anathema
879 3814 930 3868 ei
948 3813 1042 3884 qui
1071 3813 1290 3881 dividit,
1318 3824 1374 3870 et
1422 3816 1473 3871 ei
1503 3816 1598 3885 qui
1642 3818 1952 3873 confundit.
2002 3818 2131 3873 llaec

546 3918 633 3963 cst
660 3908 797 3963 ﬁdes
818 3906 1021 3963 Leonis
1049 3907 1482 3979 archiepiscopi;
1513 3908 1625 3965 Leo
1681 3910 1761 3965 sic
1786 3910 1989 3975 credit;
2019 3910 2130 3965 Leo

547 4002 918 4058 etAnatolius
948 4001 1022 4055 ita
1065 3999 1336 4066 credunt;
1390 4001 1636 4056 universi
1692 4002 1765 4056 ita
1817 4001 2126 4067 credimus;

550 4103 611 4148 ut
642 4092 904 4164 Cyrillus.
937 4092 1019 4147 sic
1040 4105 1141 4145 nos
1173 4090 1489 4157 credimus;
1523 4090 1715 4163 Cyrilli
1761 4102 1968 4147 acterna
2011 4108 2131 4147 me—

547 4187 758 4252 moria;
794 4194 854 4239 ut
882 4184 1130 4254 epistolae
1184 4183 1374 4256 Cyrilli
1405 4184 1634 4249 habent,
1694 4185 1775 4240 sic
1824 4184 2127 4252 sentimus;

548 4279 625 4333 ita
652 4275 1012 4340 credidimus,
1052 4276 1129 4330 ita
1164 4275 1467 4330 credimus.
1520 4276 1632 4332 Leo
1681 4275 2133 4347 archiepiscopus

550 4368 625 4422 ita
646 4366 837 4431 sentit,
869 4366 943 4420 ita
976 4366 1175 4429 credit,
1204 4365 1277 4419 ita
1305 4366 1554 4437 scripsit.

617 4459 812 4514 Postea
843 4474 967 4512 cum
997 4458 1348 4515 interlocutio
1369 4460 1580 4530 prolata
1603 4467 1769 4525 esset,
1799 4468 1861 4515 ut
1901 4460 2133 4532 epistola

2229 3253 2360 3325 παρ’
2380 3253 2509 3323 ὑμῖν
2525 3245 2970 3322 Ἐκκλησίαι.Ὦν
2990 3252 3437 3320 ἀνεγνωσμένων,
3455 3252 3503 3303 οἱ
3522 3251 3620 3321 τῆς
3642 3250 3795 3319 αὐτῆς

2227 3346 2534 3417 ἐπεϐόησαν
2574 3346 2796 3399 συνόδου
2830 3345 3038 3415 ῥήμασι
3066 3342 3329 3409 τοιούτοις
3349 3359 3365 3373 ⁸
3397 3344 3605 3405 Πάντες
3642 3341 3795 3404 οὕτως

2228 3439 2560 3509 πιστεύομεν
2587 3454 2601 3469 ”
2631 3438 2660 3491 ό
2690 3438 2881 3499 πάπας
2915 3437 3067 3490 Λέων
3089 3436 3263 3499 οὕτως
3295 3438 3563 3492 πιστεύει.
3599 3435 3796 3491 ’Λνάθε-

2233 3549 2309 3602 μα
2341 3530 2420 3601 τῷ
2457 3528 2758 3601 μερίζοντι.
2790 3530 2885 3582 καὶ
2917 3528 2996 3599 τῷ
3030 3530 3353 3599 συγχέοντι*
3389 3528 3527 3600 αῦτη
3553 3530 3588 3600 ἡ
3632 3528 3795 3590 πίστις

2192 3666 2199 3672 .
2230 3624 2459 3686 Λέοντος
2484 3620 2577 3675 τοῦ
2613 3621 3079 3693 ἀρχιεπισκόπου’
3118 3621 3270 3675 Λέων
3320 3619 3494 3683 οὕτως
3544 3618 3793 3679 πιστεύει,

2233 3719 2386 3773 Λέων
2418 3718 2516 3771 καὶ
2548 3715 2858 3780 Ἀνατόλιος
2883 3713 3057 3778 οὕτως
3085 3712 3401 3767 πιστεύουσι
3425 3728 3439 3743 ο
3489 3712 3687 3774 πάντες
3723 3710 3790 3763 οῦ-

2229 3827 2341 3873 τως
2385 3809 2719 3879 πιστεύομεν
2739 3823 2753 3837 ⁸
2786 3807 2863 3871 ὡς
2892 3805 3183 3878 Κύριλλος,
3230 3804 3407 3868 οὕτως
3430 3803 3751 3873 πιστεύομεν
3781 3816 3794 3828 ⁶

2233 3902 2432 3955 αίωνία
2464 3902 2497 3969 ἡ
2529 3900 2721 3971 μνήμη
2755 3898 3030 3971 Κυρίλλου
3058 3913 3071 3927 ⁸
3104 3897 3179 3962 ὡς
3212 3899 3271 3950 αἱ
3295 3896 3576 3950 ἐπιστολαὶ
3610 3894 3795 3965 Κυρῦι-

2233 3990 2329 4044 λου
2362 3990 2501 4043 εἰσὶν
2532 3989 2669 4061 (26),
2696 3988 2872 4051 οὕτως
2902 3985 3244 4059 φρονοῦμεν
3281 3986 3458 4049 οὕτως
3490 3984 3795 4039 ἐπιστεύσαο

2238 4101 2362 4156 μεν,
2396 4081 2569 4145 οὕτως
2594 4080 2949 4153 πιστεύομεν.
2985 4079 3140 4134 Λέων
3183 4081 3213 4132 ὁ
3245 4078 3675 4149 ἀρχιεπίσκοπος
3714 4073 3767 4128 οὔ

2231 4191 2341 4239 τως
2373 4173 2583 4245 φρονεῖ,
2606 4170 2779 4236 οὕτως
2804 4168 3074 4236 πιστεύει,
3106 4166 3280 4233 οὕτως
3301 4167 3532 4240 ἔγραψε.

2307 4458 2604 4523 Διαλαλιᾶς
2642 4458 2699 4513 δὲ
2734 4456 3053 4530 ἐνεχθείσης
3085 4456 3181 4512 καὶ
3213 4458 3313 4531 τὴν
3342 4458 3574 4523 Λέοντος
3606 4461 3797 4513 ἐπιστο-

545 4565 767 4621 quoque
801 4549 1003 4604 Leonis
1036 4551 1383 4617 recitaretur,
1436 4552 1491 4606 in
1532 4551 1781 4607 Gnaeum
1827 4570 2125 4609 sermonem

2240 4553 2341 4625 λὴν
2363 4552 2802 4623 ἀναγνωσθῆναι,
2843 4550 3288 4622 μεταφρασθεῖσα
3315 4550 3416 4622 τῆς
3458 4550 3796 4621 ἀναγνώσεως

547 4657 811 4697 conversa
830 4643 1049 4711 publice
1066 4644 1287 4699 recitata
1306 4653 1411 4709 est,
1427 4645 1866 4700 etmonumentis
1880 4655 2131 4702 actorum

549 4735 754 4789 inserta
783 4734 1039 4789 habetur.
1062 4734 1173 4791 llac
1200 4736 1430 4807 epistola
1451 4738 1715 4807 perlecta,
1738 4752 1863 4792 cum
1887 4738 2129 4809 episcOpi

548 4827 943 4882 acclamassent
970 4826 1129 4883 :llaec
1152 4829 1288 4885 ﬁdes
1325 4830 1545 4884 Patrum
1573 4832 1723 4887 :hrcc
1752 4830 1889 4886 ﬁdes
1908 4841 2131 4902 aposto-

550 4919 764 4986 lorum;
790 4934 979 4974 omnes
1009 4920 1082 4975 ita
1107 4920 1406 4989 credimus;
1440 4922 1732 4977 orthodoxi
1768 4923 1841 4978 ita
1864 4923 2129 4991 credunt;

549 5012 841 5066 anathema
865 5012 915 5067 ei
933 5013 1027 5083 qui
1059 5013 1139 5068 sic
1166 5029 1276 5068 non
1300 5014 1508 5081 credit;
1546 5016 1742 5071 Petrus
1759 5032 1855 5087 per
1888 5015 2129 5071 Leonem

552 5101 655 5156 ista
716 5103 933 5157 locutus
974 5112 1059 5159 est
1094 5123 1106 5159 :
1136 5105 1382 5176 Apostoli
1434 5108 1508 5162 ita
1552 5108 1897 5174 docuerunt;
1944 5108 2031 5177 pie
2067 5124 2131 5164 ac

510 5190 523 5193 ἡ
550 5208 678 5248 vere
714 5193 903 5249 docuit
930 5194 1073 5263 Leo;
1104 5196 1341 5268 Cyrillus
1370 5198 1447 5253 ita
1478 5200 1686 5254 docuit.
1718 5200 1831 5255 Leo
1858 5210 1914 5256 et
1957 5200 2132 5273 Cyril-

552 5288 636 5342 lus
693 5288 950 5343 similiter
1005 5292 1409 5361 pra-dicarunt;
1446 5294 1740 5349 anathema
1803 5295 1854 5349 ei
1905 5295 1999 5365 qui
2053 5295 2133 5350 sic

550 5397 660 5436 non
724 5383 931 5451 credit;
991 5385 1107 5441 haec
1150 5403 1279 5442 vera
1329 5388 1496 5456 ﬁdes;
1529 5388 1821 5443 orthodoxi
1877 5387 1951 5442 ita
2005 5403 2133 5443 sen-

2238 4647 2429 4717 ἔτυχεν
2460 4662 2475 4676 ο
2507 4646 2631 4717 ἥτις
2658 4646 2772 4708 τοῖς
2805 4642 3127 4715 πραχθεῖσιν
3150 4641 3477 4713 ἐμφέρεται.
3502 4644 3655 4697 Μετὰ
3684 4640 3795 4707 γοῦν

2236 4739 2338 4811 τὴν
2367 4738 2676 4807 ἀνάγνωσιν
2699 4736 2809 4789 τῶν
2834 4736 3152 4789 ἐπισκόπων
3178 4734 3590 4805 ἐπιϐοησάντων
3610 4748 3631 4765 ‘
3662 4732 3790 4800 Αὕτη

2236 4833 2271 4903 ἡ
2300 4831 2484 4893 πίστις
2519 4827 2630 4881 τῶν
2659 4825 2920 4897 Πατέρων
2945 4865 2960 4891 ,
2991 4824 3133 4896 αὓτη
3164 4827 3198 4898 ἡ
3230 4826 3415 4888 πίστις
3446 4827 3556 4881 τῶν
3596 4823 3796 4881 ἀποστό-

2238 4927 2346 4979 λων
2369 4938 2384 4955 '
2420 4923 2620 4985 πάντες
2666 4920 2840 4983 οὕτως
2864 4920 3198 4990 πιστεύομεν
3220 4936 3236 4951 ·
3267 4921 3319 4974 οἱ
3342 4918 3613 4992 όρθόδοξοι
3642 4917 3795 4976 οὕτως

2238 5017 2574 5087 πιστεύομεν
2599 5030 2614 5045 ο
2645 5011 2894 5083 ἀνάθεμα
2923 5012 3002 5083 τῷ
3031 5012 3105 5085 μὴ
3128 5012 3302 5077 οὕτως
3335 5014 3675 5068 πιστεύοντι·
3704 5007 3793 5061 Πέ·

2237 5127 2369 5182 τρος
2418 5108 2508 5162 διὰ
2543 5107 2771 5169 Λέοντος
2823 5104 2999 5159 ταῦτα
3035 5104 3379 5176 ἐξεφώνησεν
3402 5122 3416 5137 ·
3446 5105 3495 5158 οί
3529 5100 3790 5159 ἀπόστολοι

2238 5203 2411 5266 οὕτως
2439 5199 2687 5264 ἐδίδαξαν
2714 5215 2728 5230 ·
2761 5198 3001 5260 εὐσεϐῶς
3033 5199 3128 5251 καὶ
3158 5196 3375 5267 ἀληθῶς
3409 5197 3561 5250 Λέων
3584 5190 3787 5252 ὲδίδαξε⁶

2241 5293 2509 5365 Κύριλλος
2542 5290 2717 5352 οὕτως
2743 5287 2947 5353 ἐδίδαξε
2971 5304 2984 5319 ο
3012 5287 3164 5341 Λέων
3187 5286 3281 5340 καὶ
3309 5284 3575 5355 Κύριλλος
3614 5277 3791 5349 ὁμοίως

2242 5384 2804 5451 ὲδίδαξαν.⁹Λνάθεμα
2825 5378 2902 5450 τῷ
2934 5378 3010 5451 μὴ
3040 5378 3213 5442 οὓτως
3244 5376 3588 5431 πιστεύοντι·
3615 5366 3788 5437 αῦτηή

1842 5531 2082 5588 VAlllIE
2138 5527 2550 5586 LECTIONES.

619 5599 661 5632 “
702 5598 948 5665 ἑαυτούς.

1751 5692 2019 5751 VALESII
2053 5690 2613 5749 ΛΝΝΟΤΛἸῚΟΝΕΒ.
3494 5776 3534 5778 __
3734 5758 3763 5778 ν,

622 5789 735 5858 (26)
771 5790 866 5855 Ὠς
894 5792 954 5844 αι
982 5789 1295 5845 ἐπιστολαὶ
1321 5790 1627 5859 Κυρηνίου
1660 5791 1838 5845 εἰσιν.
1862 5789 1921 5843 ln
1944 5788 2159 5843 actione
2197 5786 2437 5843 secunda
2478 5780 2946 5842 Chalcedonensis
2979 5778 3223 5848 concilii,
3282 5793 3402 5850 pag.
3452 5776 3564 5837 lﬁl,
3609 5782 3697 5841 pro
3719 5776 3790 5817 ιε’

553 5860 637 5915 σίν
661 5861 925 5917 scribitur
951 5863 1185 5933 ἔχουσιν.
