4048 6520
323 493 459 559 2573
551 546 563 555 .

1262 498 1648 563 HlSTORI/E
1686 502 2282 567 ΕΟΩιΕδΙΑΞΤΙΟίΕ
2324 506 2553 567 LIBER
2593 505 2676 567 II.

3451 464 3608 570 2574‘

324 610 525 683 ἀληθὴς
554 610 760 679 πίστις,
778 611 828 668 οἱ
850 611 1122 686 ὀρθὸδοξοι
1150 613 1325 681 οὕτως
1348 618 1634 689 φρονοῦσιν
1653 619 1787 694 (27),
1809 621 1907 675 αῦ-

2018 624 2195 691 tiunt;
2233 624 2349 679 hrec
2397 622 2534 678 tides
2569 623 2828 688 Patrum;
2885 619 3001 677 ιιωο
3057 619 3260 691 Ephesi
3310 633 3412 675 cur
3448 620 3588 678 lecta

324 704 440 774 τηὴ
462 703 646 769 πίστις
672 704 785 759 τῶν
814 706 1095 779 Πατέρων·
1121 706 1295 763 ταῦτα
1319 710 1376 763 ὲν
1392 711 1601 783 Ἐφέσῳ
1625 710 1712 765 διὰ
1730 712 1783 765 τι
1803 713 1904 767 οὐχ

325 796 636 867 ἀνεγνώσθη
664 814 681 863 ;
715 798 887 852 ταῦτα
910 798 1202 870 Διόσκορος
1250 800 1508 872 ἔκρυψεν.
1572 803 1903 876 Ἐμφέρεται

324 890 382 941 ὲν
408 891 520 954 τοῖς
549 891 735 954 αὐτοῖς
764 892 1195 962 πεπραγμένοις,
1226 893 1301 957 ὡς
1330 894 1506 964 ἡνίκα·
1521 894 1584 947 τὸ
1620 896 1785 967 μέρος
1804 897 1905 967 τῆς

325 981 611 1052 ἐπιστολῆς
659 981 888 1047 Λέοντος
934 983 1274 1055 ἀνεγνώσθη,
1302 986 1580 1057 περιέχον,
1629 987 1740 1041 Καὶ
1767 989 1905 1059 προς

325 1072 384 1125 τὺ
411 1073 860 1144 χρεωστούμενον
919 1074 1141 1146 ὄφλημα
1194 1077 1296 1147 τῆς
1353 1079 1628 1151 ἡμετέρας
1689 1080 1906 1149 φύσεως

327 1163 613 1233 ἐκτεθῆναι
637 1166 705 1229 ⁸⁸,
728 1167 763 1237 ἡ
798 1165 917 1219 θεία
944 1166 1107 1235 φύσις
1130 1167 1314 1240 ήνώθη
1341 1173 1407 1241 τῇ
1442 1170 1603 1238 φύσει
1634 1174 1703 1243 τῇ
1730 1170 1908 1242 παθη-

324 1263 408 1330 τῇ,
432 1260 522 1313 ἶνα
547 1258 707 1314 τοῦτο
728 1261 792 1332 δὴ
821 1262 884 1316 τὸ
904 1264 1028 1327 ταῖς
1057 1264 1359 1336 ἡμετέραις
1405 1266 1614 1321 ἰάσεσιν
1659 1266 1906 1337 ὑπάρχον

323 1351 657 1423 ἀρμόδιον,ὁ
697 1347 779 1417 εἷς
825 1355 921 1407 καὶ
950 1355 978 1407 ό
1035 1355 1199 1418 αὐτὸς
1248 1355 1327 1410 ὢν
1389 1356 1619 1428 μεσίτης
1644 1358 1781 1412 Θεοῦ
1811 1359 1907 1412 καὶ

324 1444 624 1517 ἀνθρώπων
661 1445 948 1519 ἄνθρωπος
1000 1448 1235 1519 Χριστὸς
1276 1448 1507 1520 Ἰησοῦς,
1534 1451 1630 1504 καὶ
1668 1450 1909 1520 ἀποθνή-

326 1552 474 1589 σκειν
500 1538 565 1591 ἐκ
585 1538 680 1591 τοῦ
701 1538 822 1602 ἑνὸς
845 1539 1067 1611 δυνηθῇ,
1100 1543 1191 1595 καὶ
1218 1542 1475 1615 τελευτᾷν
1500 1543 1549 1576 ⁸³
1584 1545 1650 1598 ὲκ
1670 1543 1764 1598 τοῦ
1789 1544 1909 1598 ἑτέ-

326 1644 419 1700 ρου
457 1629 532 1701 μὴ
557 1630 760 1703 δυνηθῇ
795 1646 810 1663 ⁸
842 1632 978 1704 πρὸς
999 1633 1098 1704 τὴν
1127 1634 1388 1707 τοιαύτην
1422 1636 1583 1708 ῥῆσιν
1629 1638 1910 1709 ἀμφισαλ-

323 1721 521 1774 λόντων
556 1721 666 1776 τῶν
705 1722 978 1795 Ἰλλυριῶν
1009 1727 1102 1779 καὶ
1143 1726 1523 1784 Παλαιστινῶν
1568 1730 1907 1800 ἐπισκόπων,

337 1815 537 1880 Ἆέτιος
575 1816 956 1889 ἀρχιδιάκονος
990 1817 1091 1888 τῆς
1126 1819 1544 1875 Κωνσταντίνου
1598 1822 1910 1896 ἁγιωτάτης

338 1905 668 1977 Ἐκκλησίας
703 1909 860 1979 ῥῆσιν
892 1908 1219 1980 παρήγαγεν
1241 1910 1508 1980 Κυρίλλου
1540 1930 1647 1984 περ
1671 1913 1901 1986 έχουσαν

329 1995 523 2061 οῦτωςο
558 1997 777 2068 Ἐπειδὴ
807 1997 865 2051 δὲ
896 1999 1059 2052 πάλιν
1082 2000 1143 2053 τὸ
1184 1999 1319 2054 ἴδιον
1344 2001 1509 2055 αὑτοῦ
1535 2001 1697 2074 σῶμα
1716 2004 1906 2076 χάριτι
1936 2000 1979 2056 Β

325 2088 482 2154 Θεοῦ,
511 2088 657 2142 καθά
704 2106 871 2160 φησιν
899 2091 928 2143 ὁ
968 2090 1267 2157 ἀπόστολος
1302 2092 1533 2158 Παῦλος,
1573 2112 1591 2146 ι
1630 2094 1736 2148 ὑπὸ
1767 2111 1905 2149 παν-

322 2180 411 2246 τὸς
470 2180 736 2248 ἐγεύσατο
788 2181 1020 2237 θανάτου
1050 2183 1187 2255 (28),
1228 2202 1247 2236 ι
1283 2184 1503 2254 λέγεται
1527 2186 1718 2241 παθεῖν
1740 2187 1905 2252 αὐτὸς

322 2273 411 2328 τὸν
438 2273 582 2347 ὑπὲρ
609 2273 767 2345 ἡμῶν
795 2274 1049 2342 θάνατον,
1095 2277 1194 2348 οὐχ
1224 2276 1298 2340 ὡς
1335 2278 1416 2342 εἰς
1476 2280 1675 2350 πεῖραν
1735 2279 1905 2334 ἐλθὼν

324 2363 580 2433 θανάτου,
604 2365 667 2420 τό
697 2382 763 2435 γε
806 2361 955 2420 εἶκον
983 2366 1029 2398 ⁸⁸
1056 2366 1137 2431 εἰς
1175 2366 1277 2437 τὴν
1320 2367 1484 2422 αὑτοῦ
1528 2368 1690 2438 φύσιν
1720 2385 1736 2400 ’
1763 2370 1901 2424 ἀπο-

322 2454 521 2527 πληξὶα
540 2454 652 2528 γὰρ
674 2454 835 2511 τοῦτο
851 2456 1102 2528 λέγειν,ἢ
1123 2460 1361 2530 φρονεῖν·
1388 2457 1505 2513 ἀλλ’
1522 2459 1629 2523 ὅτι,
1646 2458 1903 2532 καθάπερ

321 2547 460 2618 ἔφην
497 2548 727 2619 ἀρτίως,
758 2549 793 2620 ἡ
831 2548 970 2620 σὰρξ
998 2548 1165 2603 αὑτοῦ
1199 2550 1466 2618 ἐγεύσατο
1505 2550 1763 2606 θανάτου.
1792 2551 1905 2605 Καὶ

321 2638 483 2695 πάλιν
518 2639 659 2711 πρὸς
701 2638 801 2711 τὴν
862 2641 1021 2712 ῥῆσιν
1076 2640 1178 2711 τῆς
1223 2640 1515 2713 ἐπιστολῆς
1541 2640 1772 2705 Λέοντος
1800 2640 1902 2712 τὴν

321 2730 553 2801 ἔχουσαν
585 2743 600 2759 ⁰
638 2731 885 2803 Ἐνεργεῖ
932 2733 1041 2804 γὰρ
1103 2735 1343 2807 ἑκατέρᾳ
1405 2737 1589 2808 μορφῇ
1620 2736 1757 2807 μετὰ
1801 2736 1903 2807 τῆς

322 2824 555 2895 θατέρου
590 2825 906 2889 κοινωνίας,
934 2826 1073 2897 ὅπερ
1115 2825 1247 2879 ἴδιον
1268 2825 1469 2897 ἔσχηκε
1500 2843 1515 2857 ο
1546 2826 1640 2880 τοῦ
1670 2828 1770 2899 μὲν
1796 2828 1903 2882 Λό-

321 2933 420 2987 γου
448 2916 931 2989 κατεργαζομένου
959 2916 1107 2972 τοῦθ’
1132 2918 1270 2990 ὅπερ
1294 2920 1412 2973 ἐστὶ
1439 2917 1534 2973 τοῦ
1561 2918 1739 2991 Λόγου
1758 2936 1773 2951 ·
1805 2919 1901 2973 τοῦ

320 3010 379 3064 δὲ
407 3010 659 3081 σώματος
682 3010 1050 3078 έκτελοῦντος,
1071 3012 1213 3084 ἅπερ
1237 3012 1354 3066 ἐστὶ
1376 3011 1470 3066 τοῦ
1492 3013 1761 3084 σῶματοςέ
1792 3012 1905 3067 Καὶ

321 3102 382 3155 τὸ
417 3101 519 3173 μὲν
550 3102 730 3157 αὐτῶν
761 3102 829 3167 ⁸⁵,
854 3101 1149 3175 διαλάμπει
1174 3105 1286 3167 τοῖς
1321 3103 1585 3176 θαύμασι,
1610 3103 1671 3157 τὸ
1712 3103 1768 3157 δὲ
1784 3105 1905 3168 ταῖς

324 3194 550 3268 ῦσρεσιν
602 3195 1023 3251 ύποπέπτωκεν.
1070 3196 1546 3268 Ἀμφιϐαλλὸντων
1588 3196 1702 3251 τῶν
1737 3197 1905 3252 Ἰλλυ-

327 3289 456 3361 ριῶν
485 3290 583 3343 καὶ
608 3289 718 3343 τῶν
744 3286 1122 3343 Παλαιστινῶν
1144 3289 1481 3356 ἐπισκόπων,
1515 3290 1544 3343 ὁ
1574 3289 1738 3353 αὐτὸς
1787 3290 1903 3345 ’Λέ-

324 3398 435 3446 τιος
491 3381 790 3451 κεφάλαιον
840 3381 1054 3451 ἀνέγνω
1080 3382 1354 3454 Κυρῐλλου
1386 3383 1643 3455 περιέχον
1678 3380 1853 3447 οὕτως
1884 3397 1898 3411 ⁸

2008 3388 2251 3443 medium
2299 3386 2555 3441 obtinent
2594 3384 2800 3447 locum,
2846 3383 3046 3438 Filium
3077 3382 3173 3437 Dei
3212 3382 3385 3437 Deum
3422 3380 3591 3436 simul
3703 3428 3708 3433 .

2000 3491 2167 3552 atque
2197 3480 2477 3535 hominem
2499 3493 2620 3533 esse
2648 3477 2977 3533 indicantes.
3007 3477 3139 3532 Post
3172 3475 3290 3533 hazc
3331 3491 3459 3531 cum
3495 3491 3596 3532 su-

306 3474 388 3551 ,Δί
423 3473 546 3545 ,μὲν
575 3475 733 3528 ἄλλαι
766 3475 875 3529 τῶν
907 3474 1102 3544 φωνῶν
1126 3475 1210 3528 ὅτι
1260 3474 1498 3545 μάλιστα
1538 3474 1863 3540 θεοπρεπεῖς
1887 3490 1902 3506 °

2005 732 2117 771 non
2172 715 2341 771 sunt?
2386 715 2505 770 haec
2540 714 2842 769 Dioscorus
2884 714 3206 769 occultavit.
3243 712 3505 768 Refertur
3532 712 3588 769 in

2004 808 2143 864 actis
2169 807 2415 878 ejusdem
2439 805 2681 870 concilii,
2704 804 2851 875 quod
2877 820 3002 859 cum
3038 804 3320 874 legeretur
3340 817 3470 873 pars
3494 818 3591 856 su-

2005 902 2267 974 pradictae
2288 900 2536 971 cpistola:
2572 898 2775 954 Leonis
2800 912 2923 968 qum
2953 897 3035 952 sic
3063 896 3231 950 habet
3260 914 3273 950 :
3300 896 3368 951 Et
3400 894 3467 950 ad
3499 910 3589 950 re-

2005 992 2331 1048 solvendum
2378 988 2719 1046 conditionis
2775 996 2982 1042 nostra:
3038 985 3335 1051 debitum,
3392 993 3589 1039 natura

2007 1084 2365 1149 inviolabilis,
2418 1092 2633 1137 natura:
2675 1089 2761 1136 est
2806 1079 2961 1134 unita
3003 1076 3253 1148 passibili
3299 1086 3407 1131 :ut
3442 1076 3590 1145 quod

2004 1175 2209 1233 nostris
2235 1174 2500 1231 remediis
2525 1173 2635 1247 (50)
2668 1170 3031 1242 congruebat,
3060 1183 3206 1223 unus
3229 1175 3398 1237 atque
3447 1167 3592 1222 idem

2006 1270 2279 1326 mediator
2324 1268 2421 1325 Dei
2453 1275 2510 1324 et
2558 1266 2870 1330 hominum,
2927 1264 3094 1318 homo
3123 1261 3379 1317 Christus
3409 1259 3593 1325 Jesus,

2004 1373 2061 1417 et
2091 1363 2228 1417 mori
2268 1371 2456 1433 posset
2480 1376 2548 1416 ex
2580 1374 2715 1425 uno,
2744 1368 2797 1414 et
2826 1356 2967 1412 mori
3003 1370 3115 1409 non
3146 1360 3335 1425 posset
3364 1367 3432 1407 ex
3459 1352 3598 1407 alte-

2008 1472 2092 1511 ro.
2118 1454 2512 1510 Dubitantibus
2538 1452 2605 1508 ad
2643 1453 2743 1507 has
2772 1465 2940 1505 voces
2971 1446 3300 1519 Illyricianis
3333 1453 3390 1502 et
3426 1445 3597 1501 Palat-

2006 1548 2168 1605 Stinis
2206 1548 2507 1619 episcopis,
2533 1546 2729 1602 Aetius
2763 1542 3195 1599 archidiaconus
3234 1548 3439 1596 sancta:
3489 1538 3598 1593 Ec-

2007 1641 2193 1697 clesiae
2221 1638 2849 1709 Constantinopolitame
2895 1634 3130 1705 protulit
3174 1634 3359 1688 locum
3406 1630 3595 1703 Cyrilli

2009 1733 2106 1805 qui
2136 1734 2217 1790 sic
2236 1732 2426 1788 habet.
2452 1731 2666 1787 Rursus
2694 1744 2826 1784 vero
2862 1726 3125 1799 quoniam
3167 1724 3454 1795 proprium
3476 1724 3599 1795 ejus

2009 1842 2214 1898 corpus
2236 1826 2411 1898 gratia
2438 1823 2559 1892 Dei,
2584 1824 2730 1879 sicut
2752 1821 2829 1877 ait
2852 1820 3138 1892 apostolus
3165 1819 3368 1874 Paulus
3398 1834 3413 1872 :
3451 1838 3469 1869 α
3491 1817 3598 1873 Pro

2009 1919 2269 1975 omnibus
2303 1926 2538 1973 mortem
2564 1914 2890 1987 gustavit",
2930 1932 2951 1966 ι
2988 1914 3113 1969 ideo
3144 1927 3245 1983 pro
3282 1910 3447 1967 uobis
3479 1911 3597 1982 ipse

2011 2021 2246 2068 mortem
2296 2024 2489 2082 passus
2544 2024 2666 2065 esse
2706 2008 2951 2063 dicitur:
2992 2021 3104 2062 non
3154 2005 3310 2076 quasi
3359 2012 3595 2058 mortem

2010 2115 2273 2176 expertus
2293 2103 2461 2160 fuerit
2481 2110 2749 2173 quantum
2788 2099 3012 2171 quidem
3047 2097 3115 2153 ad
3138 2106 3393 2152 natura'n
3423 2095 3597 2166 ipsius

2011 2198 2292 2271 pertinet:
2326 2197 2380 2252 id
2422 2196 2569 2252 enim
2604 2194 2688 2248 vel
2726 2193 2914 2249 dicere
2941 2191 3026 2247 vel
3064 2190 3293 2253 sentire,
3334 2195 3596 2243 extremae

2011 2290 2305 2346 dementire
2347 2298 2463 2356 est;
2506 2287 2602 2343 sed
2629 2286 2759 2358 quia
2806 2300 2935 2340 caro
2979 2283 3121 2355 ejus,
3156 2289 3217 2336 ut
3262 2280 3427 2351 paulo
3467 2287 3595 2334 ante

2011 2380 2145 2447 dixi,
2176 2390 2408 2437 mortem
2442 2377 2772 2449 degustavit.
2800 2375 3014 2430 Rursus
3029 2372 3450 2442 cumlegeretur
3468 2384 3597 2441 pars

2009 2472 2257 2544 ejusdem
2286 2470 2534 2542 cpistola:
2566 2468 2771 2524 Leonis
2794 2482 2918 2538 qua:
2943 2466 3024 2521 sic
3050 2464 3219 2520 habet
3252 2480 3266 2517 :
3293 2462 3418 2534 Agit
3445 2461 3592 2518 enim

2009 2579 2247 2637 utraque
2297 2566 2472 2621 forma
2524 2578 2650 2620 cum
2699 2561 2930 2617 alterius
2973 2557 3388 2621 communione,
3444 2555 3593 2626 quod

2009 2654 2295 2725 proprium
2321 2660 2405 2707 est
2439 2671 2452 2709 :
2494 2651 2677 2709 Verbo
2704 2650 2917 2706 scilicet
2946 2655 3211 2719 operante
3243 2645 3392 2717 quod
3426 2645 3594 2703 Verbi

2008 2756 2095 2801 est
2120 2788 2135 2812 ,
2165 2754 2225 2800 et
2286 2760 2452 2800 carne
2484 2750 2824 2813 exsequente
2871 2741 3020 2812 quod
3067 2742 3253 2796 carnis
3290 2742 3453 2813 322
3486 2748 3593 2796 est.

2008 2838 2190 2895 Unum
2220 2838 2416 2893 horum
2446 2844 2704 2891 coruscat
2732 2832 3040 2899 miraculis,
3066 2834 3303 2889 alterum
3337 2848 3593 2889 succum-

2008 2930 2092 2987 bit
2116 2930 2353 3002 injuriis.
2385 2927 2782 2984 Dubitantibus
2806 2926 2875 2982 ad
2903 2926 3020 2981 hate
3061 2925 3390 2997 lliyricianis
3412 2934 3469 2981 et
3494 2925 3598 2981 Pa-

2010 3022 2241 3078 laestinis
2271 3020 2587 3092 episcOpis,
2638 3018 2783 3073 idem
2843 3016 3039 3073 Aetius
3093 3016 3228 3087 legit
3288 3015 3592 3086 capitulum

2009 3109 2197 3183 Cyrilli
2230 3108 2379 3180 quod
2414 3108 2495 3163 sic
2518 3107 2724 3162 habet:
2754 3106 2831 3161 Ex
2870 3106 3102 3161 vocibus
3132 3121 3256 3176 quae
3274 3105 3344 3160 de
3372 3104 3595 3160 Christo

2009 3202 2338 3274 loquuntur,
2366 3199 2488 3255 alia:
2510 3208 2639 3255 sunt
2672 3198 2783 3253 Deo
2806 3197 3204 3253 convenientes
3221 3212 3387 3267 quam
3413 3196 3590 3252 maxi-

2010 3310 2121 3351 me.
2162 3293 2296 3350 Alia:
2335 3308 2467 3348 vero
2504 3290 2843 3347 conveniunt
2879 3289 3111 3344 homini.
3154 3287 3413 3356 Quaedam
3460 3303 3593 3343 vero

327 3565 383 3619 ai
418 3565 497 3633 δὲ,
557 3565 703 3619 οὕτω
758 3566 923 3621 πάλιν
972 3565 1469 3639 ἀνθρωποπρεπείς
1499 3582 1515 3597 ·
1543 3568 1599 3620 αι
1625 3565 1683 3619 δὲ
1733 3565 1907 3637 μέσην

2008 3588 2101 3644 pra
2126 3569 2417 3627 memorati
2452 3568 2699 3640 episcopi
2737 3568 3087 3645 dubitassem
3117 3569 3185 3623 ad
3219 3568 3447 3623 alteram
3470 3582 3599 3638 par-

327 3657 449 3710 τινὰ
476 3657 631 3723 τάξιν
662 3658 902 3729 ἔχουσιν,
930 3658 1331 3730 ὲμφανίζουσαι
1357 3658 1449 3711 τὸν
1472 3658 1601 3712 Υἱὸν
1624 3656 1718 3711 τοῦ
1746 3658 1904 3723 Θεοῦ,

326 3748 457 3803 Θεὸν
486 3750 616 3804 ὄντα
657 3752 753 3806 καὶ
784 3751 1070 3822 ἄνθρωπον
1108 3751 1248 3821 ὁμοῦ
1296 3751 1355 3805 ὲν
1412 3750 1583 3819 αὐτῷ.
1609 3751 1719 3805 Καὶ
1770 3750 1908 3823 μετὰ

325 3842 495 3895 ταῦτα
550 3842 684 3913 πρὸς
709 3843 897 3915 ἕτερον
955 3841 1119 3913 μέρος
1178 3841 1282 3912 τῆς
1331 3841 1625 3912 ἐπιστολῆς
1676 3842 1908 3905 Λέοντος

325 3933 773 4006 ἀμφιϐαλλόντων
796 3935 908 3989 τῶν
933 3934 1245 4006 εἰρημένων
1271 3934 1589 3989 ἐπισκόπων
1623 3932 1748 4005 ἕχον
1776 3949 1792 3966 ο
1842 3934 1909 3989 Et

328 4028 423 4081 καὶ
449 4029 518 4082 τὰ
552 4028 791 4097 μάλιστα
820 4029 929 4100 γὰρ
962 4031 1018 4082 ὲν
1048 4028 1126 4099 τῷ
1151 4028 1398 4102 Δεσπότῃ
1435 4026 1612 4099 Ἰησοῦ
1664 4026 1909 4100 Χριστῷ,

324 4118 416 4176 τοῦ
443 4119 577 4174 Θεοῦ
610 4120 706 4174 καὶ
735 4120 830 4174 τοῦ
865 4120 1153 4192 ἀνθρώπου
1179 4120 1238 4174 ἓν
1266 4121 1577 4193 πρόσωπον,
1615 4121 1764 4192 ὅμως
1791 4120 1913 4174 ἓτε-

326 4209 417 4282 ρόν
450 4212 597 4265 ἐστιν
626 4213 801 4266 ἐκεῖνο
831 4211 890 4277 ἐξ
914 4207 975 4267 οὗ
1004 4214 1061 4266 ὲν
1086 4212 1330 4285 ἐκατέρῳ
1354 4212 1533 4267 κοινόν
1556 4214 1702 4267 ἐστιν
1723 4212 1785 4265 τὸ
1810 4212 1910 4282 τῆς

324 4303 557 4375 ὕϐρεως,
582 4306 676 4359 καὶ
726 4306 914 4378 ἕτερον
944 4305 1003 4370 ἐξ
1034 4302 1095 4361 οὗ
1132 4306 1309 4361 κοινὸν
1339 4306 1399 4360 τὸ
1424 4307 1522 4378 τῆς
1575 4304 1733 4375 8631;;
1778 4304 1909 4358 καθ-

324 4396 571 4468 έστηκεν.
620 4397 709 4462 Ἐξ
760 4400 917 4469 ἡμῶν
980 4398 1080 4471 μὲν
1135 4399 1246 4471 γὰρ
1294 4398 1500 4470 αύτῷἠ
1529 4398 1771 4452 ἐλάσσων
1812 4395 1909 4450 τοῦ

326 4487 539 4559 Πατρὺς
574 4488 935 4561 ἁνθρωπότης
967 4506 983 4522 ο
1019 4491 1085 4544 ἐκ
1107 4491 1165 4545 δὲ
1193 4490 1288 4544 τοῦ
1329 4490 1537 4561 Πατρό,
1577 4490 1724 4543 ἐστιν
1761 4487 1910 4555 αὐτῷ

2006 3672 2114 3719 tem
2146 3662 2391 3735 ejusdem
2411 3661 2657 3731 epistola:
2678 3676 2801 3731 qua:
2826 3661 2906 3716 sic
2933 3660 3101 3715 habet
3128 3660 3427 3727 :Quamvis
3444 3660 3595 3715 enim

2004 3756 2061 3812 in
2090 3755 2322 3812 Domino
2342 3756 2471 3811 Jesu
2495 3754 2715 3810 Christo
2734 3753 2830 3808 Dei
2856 3762 2914 3809 ct
2946 3753 3189 3808 hominis
3218 3770 3325 3809 una
3360 3768 3597 3826 persona

2006 3848 2098 3913 sit,
2146 3847 2296 3901 aliud
2352 3855 2531 3901 tamen
2581 3854 2667 3900 est
2716 3845 2864 3900 unde
2902 3845 2957 3899 in
2999 3853 3235 3915 utroque
3283 3847 3598 3903 communis

2005 3948 2091 3995 est
2125 3936 2484 4000 contumelia,
2526 3935 2679 3990 aliud
2720 3934 2868 3991 unde
2916 3938 3230 3991 communis
3274 3945 3360 3991 est
3393 3936 3595 4008 gloria.

2009 4030 2085 4085 De
2123 4038 2310 4083 nostro
2343 4028 2491 4084 enim
2520 4027 2599 4082 illi
2630 4035 2717 4083 est
2741 4026 2925 4082 minor
2946 4028 3107 4082 Patre
3138 4028 3457 4084 humanitas
3489 4030 3598 4086 :de

2011 4121 2172 4176 Patre
2199 4128 2285 4173 est
2315 4118 2393 4173 illi
2425 4118 2654 4188 asquaiis
2680 4132 2805 4172 cum
2838 4118 3001 4173 Patre
3024 4116 3307 4173 divinitas.
3338 4119 3597 4175 Theodo-

2014 4210 2176 4273 ritus,
2220 4224 2279 4264 re
2317 4224 2610 4279 perpensa,
2662 4207 2929 4280 Cyrillum
2979 4224 3201 4278 quoque
3249 4210 3326 4264 ita
3351 4210 3596 4266 locutum

2014 4318 2136 4357 esse
2156 4301 2297 4356 dixit
2332 4301 2421 4356 his
2453 4300 2674 4356 verbis:
2704 4300 2808 4368 Qui
2842 4300 3008 4355 homo
3039 4301 3218 4356 factus
3239 4311 3344 4367 est,
3370 4312 3428 4358 et
3449 4304 3595 4374 quod

2017 4396 2298 4467 proprium
2341 4394 2518 4465 ipsius
2546 4403 2687 4460 erat,
2718 4408 2829 4448 non
2855 4393 3085 4449 dimisit.
3121 4393 3320 4449 Mansit
3360 4394 3507 4450 enim
3542 4396 3597 4451 id

2018 4488 2167 4559 quod
2225 4495 2368 4543 erat.
2426 4485 2763 4557 intelligitur
2820 4494 3006 4541 autem
3054 4487 3284 4541 omnino
3322 4498 3390 4543 et
3447 4487 3599 4543 aliud

326 4584 359 4653 ή
411 4583 551 4653 μετὰ
593 4586 687 4639 τοῦ
718 4588 932 4658 Πατρὸς
975 4586 1138 4642 αὐτοῦ
1167 4587 1257 4659 ἴση
1300 4587 1529 4657 θεότης⁶
1584 4584 1907 4656 Θεοδὼριτος

2019 4582 2335 4639 inhabitans
2362 4580 2413 4635 iu
2440 4580 2569 4645 alio,
2599 4578 2707 4634 hoc
2734 4586 2820 4633 est
2845 4577 3034 4634 divina
3056 4588 3252 4635 natura
3274 4578 3331 4633 in
3351 4578 3591 4635 homine.

326 4680 674 4749 ζυγοπατῶν
735 4682 892 4752 ἔλεγε
914 4723 932 4752 ,
986 4684 1085 4739 καὶ
1134 4683 1213 4756 τῷ
1256 4683 1510 4756 μακαρίῳ
1561 4682 1814 4754 Κυρίλ).ῳ
1860 4680 1955 4733 ἐπὶ
2012 4680 2210 4745 λέξεως
2246 4675 2499 4749 εἰρῆσθαι
2532 4708 2533 4711 η
2562 4674 2741 4739 οῦτως
2769 4691 2783 4705 ⁸
2820 4676 2931 4729 Καὶ
2967 4675 3260 4746 γενόμενον
3289 4674 3596 4747 ἄνθρωπον,

325 4778 422 4833 καὶ
487 4778 565 4849 μὴ
625 4778 858 4849 μεθέντα
903 4779 969 4833 τδ
1026 4779 1155 4834 ἴδιον
1204 4780 1515 4851 μεμένηκεν
1570 4778 1709 4849 ὅπερ
1746 4773 1838 4850 ἦν,
1886 4777 1979 4831 καὶ
2041 4775 2228 4846 ἕτερον
2278 4773 2338 4828 ὲν
2383 4771 2560 4844 ἑτέρῳ
2597 4770 2662 4825 τὸ
2719 4771 3034 4841 κατοικοῦν,
3072 4771 3373 4839 τουτέστιν,
3408 4773 3445 4844 ἠ
3479 4771 3600 4827 θεία

327 4870 487 4942 φύσις
522 4876 660 4946 μετὰ
690 4874 801 4929 τῶν
814 4876 860 4909 ⁸⁸
890 4875 1004 4948 (29)
1028 4876 1350 4949 ἀνθρώπων.

397 5013 443 5047 ’³
476 5013 644 5069 Hebr.
681 5030 740 5083 ιι,
768 4992 858 5073 9..

1627 5080 1863 5138 VARi/E
1902 5075 2195 5137 LECTION
2204 5075 2304 5135 ES.

397 5204 442 5237 ⁸¹
469 5203 531 5262 C.
555 5203 617 5262 (Ξ.
647 5203 948 5276 ὲκτιθῆναι.
1024 5204 1069 5236 ⁸⁸
1099 5203 1162 5260 C.
1188 5202 1251 5260 C.
1286 5201 1611 5257 τελευταῖον.
1687 5201 1735 5233 ⁸⁵
1764 5199 1826 5256 C.
1849 5199 1912 5256 C.
1948 5201 2009 5255 τό
2045 5216 2109 5269 γε
2137 5192 2293 5270 ἧκον.
2371 5197 2415 5231 ⁸⁸
2437 5195 2501 5254 C.
2524 5196 2585 5254 C.
2612 5194 2779 5269 αὐτῷ.
2823 5196 2867 5230 “
2883 5196 2983 5268 τῆς
3008 5197 3138 5252 τῶν.

1530 5325 1803 5383 VALESII
1844 5319 2404 5381 ANNOTATIONES.

400 5447 513 5520 (27)
546 5451 616 5520 Ol_
637 5447 957 5520 κόρθόᾷοξοι
991 5446 1177 5520 οὕτως
1204 5442 1661 5520 πιστεύομεγλιιι
1692 5441 1911 5520 actione

331 5515 567 5575 secunda
587 5515 1057 5575 Chalcedonensis
1078 5515 1325 5577 concilii,
1353 5531 1419 5585 pa

331 5531 567 5575 secunda
587 5531 1057 5575 Chalcedonensis
1078 5531 1325 5577 coneuu,
1353 5531 1419 5585 pa
1463 5556 1476 5568 .
1501 5531 1623 5574 ιυυ,
1646 5531 1912 5567 SCI‘IDItul‘

331 5591 664 5653 πιστεύουσι,
694 5589 840 5658 quod
860 5588 1033 5657 magis
1054 5588 1249 5657 probo,
1279 5585 1409 5640 licet
1424 5531 1771 5655 gicephorus
1792 5583 1913 5636 vul-

332 5671 507 5731 gatam
530 5662 881 5731 scripturam
905 5659 1215 5731 conﬁrmet.

369 5731 480 5802 (‘28)
514 5721 673 5802 _'Ym§
700 5729 1255 5802 aawdgéyet'vo'aro
1301 5726 1584 5802 θανάτου.
1623 5721 1909 5779 Assentior

334 5798 470 5855 viris
496 5800 679 5855 doctis
713 5802 809 5869 qui
862 5800 1002 5870 ὑπὲρ
1043 5798 1668 5870 παντόςειῃοηάιιτιιηι,
1716 5810 1907 5870 quem-

330 5872 624 5926 admodum
657 5864 918 5925 scribitur
951 5864 1113 5924 et'am
1139 5868 1282 5938 apud
1314 5868 1711 5939 Nicephorum,
1754 5874 1809 5920 ct
1846 5864 1900 5919 in

330 5943 544 5998 actione
581 5942 821 5998 secunda
848 5940 1068 5997 concilii
1098 5938 1334 5995 Chalced
1371 5980 1382 6004 ,
1416 5954 1538 6009 pag.
1578 5938 1695 5991 170.

2088 5438 2199 5511 (29)
2232 5437 2339 5511 Kal
2375 5435 2583 5511 Etqu
2611 5434 2931 5511 car-frey):
2981 5434 3039 5489 lu
3098 5431 3313 5511 actione
3354 5432 3596 5511 secunda

1501 5514 1623 5574 169,
1646 5513 1912 5567 scribitur
2017 5501 2280 5565 Ch‘alc'ed.
2316 5501 2538 5563 concilii
2569 5506 2661 5561 hic
2687 5501 2877 5578 Cyrilli
2911 5505 3067 5578 locus
3099 5504 3287 5578 haliter_
3315 5501 3597 5578 scribitur.

2020 5581 2128 5636 hoc
2154 5581 2369 5636 scilicet
2394 5578 2581 5642 modo,
2628 5569 2925 5646 Μεμένηκε
2960 5576 3069 5645 γὰρ
3096 5574 3232 5646 ὅπερ
3260 5569 3346 5643 ἦν·
3397 5577 3599 5646 νοεῖται

2014 5652 2071 5705 δὲ
2106 5651 2323 5714 πάντως
2352 5651 2537 5720 ἕτερον
2583 5650 2641 5702 ἐν
2664 5643 2860 5720 Αέτέρῳ
2894 5643 3203 5707 κατοίκοῦν,
3255 5644 3536 5698 τουτέστιν
3565 5647 3598 5716 η

2014 5723 2137 5776 θεία
2162 5721 2323 5791 φύσις
2351 5722 2408 5774 ὲν
2444 5718 2556 5781 τοῖς
2587 5718 2964 5791 ἀνθρωπίνοις

2081 5784 2190 5865 (50)
2229 5784 2463 5863 Ηιήιιιιοά
2524 5784 2717 5843 nostris
2760 5786 3027 5865 _reme_di"s.
3057 5784 3263 5865 Eadem
3301 5785 3478 5865 verba
3518 5802 3601 5865 re-

2008 5856 2275 5933 petuntur
2311 5856 2363 5919 in
2407 5876 2664 5918 sermone
2691 5859 2869 5931 primo
2902 5858 3102 5914 Leonis
3142 5874 3295 5928 papae
3325 5857 3392 5911 de
3437 5856 3592 5913 Nati-

2007 5936 2197 5989 vitate.
