4048 6502
307 367 454 436 2577

1276 376 1658 440 HlSTORI/E
1697 379 2290 441 ΕΟΟΕΕΞΙΛδΤΙΟίΕ
2329 381 2562 442 LIBER
2601 381 2682 443 II.

3458 381 3603 459 2578

308 480 451 536 σιλεῐ
472 498 489 515 ο
531 480 637 547 τὰς
663 481 878 548 ἱκεσίας
904 482 984 554 τῷ
1007 482 1297 558 όρθοδόξῳ,
1328 488 1429 553 τὰς
1455 491 1667 555 ἱκεσίας
1690 494 1757 562 τῇ
1800 491 1904 546 Αὐ-

2014 490 2195 547 ratori.‘
2249 491 2359 547 Has
2390 506 2586 562 preces
2631 489 2964 547 orthodoxe.
3010 490 3121 547 llas
3166 506 3363 564 preces
3418 495 3607 569 Augu-

308 573 519 647 γούστῃ
552 590 570 605 ⁸
622 575 824 642 πάντες
884 576 1206 648 ἡμάρτομεν
1233 619 1249 646 ,
1304 580 1440 634 πᾶσι
1494 581 1899 655 συγχωρηθείη.

318 665 671 738 Ἐπεϐόησαν
700 666 758 722 δὲ
785 667 838 721 oi
866 670 962 740 τῆς
997 670 1632 737 Κωνσταντινουπόλεως
1676 674 1905 746 Ἐκκλη-

312 760 435 823 σίας
465 777 483 793 ’
533 760 743 831 Ὀλίγοι
772 761 1069 833 κράξουσιν
1094 780 1110 795 ·
1148 764 1209 818 ού
1242 763 1395 834 λέγει
1427 767 1460 837 ἡ
1494 766 1730 831 σύνοδος.
1767 768 1903 823 Μεθ’

304 851 396 915 οὓς
459 853 514 906 οἱ
555 853 894 909 Ἀνατολικο)⁸
946 855 1274 927 ἐξεϐόησαν·
1313 856 1419 911 Τὸν
1471 858 1778 927 Αίγύπτιον
1832 861 1902 928 τῇ

305 946 520 1017 ἐξορίᾳ.
559 948 627 999 Oi.
659 947 715 1000 δὲ
757 946 1003 1019 Ἰλλυριοὶ
1027 949 1381 1021 ἐκραύγασαν
1410 965 1424 981 ·
1453 951 1698 1023 Δεόμεθα
1718 990 1735 1014 ,
1764 952 1905 1006 πάν-

302 1054 402 1099 τας
454 1037 710 1108 ἐλέησον.
758 1039 895 1093 Μεθ’
914 1038 1011 1104 οὓς
1055 1042 1107 1095 οί
1163 1042 1500 1095 Ἀνατολικοί
1528 1058 1543 1075 ο
1585 1042 1689 1096 Τὸν
1738 1042 1906 1113 Αίγύ-

306 1148 465 1185 πτιον
496 1134 572 1203 τῇ
610 1131 818 1203 ἐξορίᾳ.
851 1133 962 1187 Καὶ
995 1132 1106 1188 τῶν
1150 1133 1423 1207 Ἰλλυριῶν
1445 1135 1515 1190 τὰ
1543 1136 1905 1210 παραπλήσια

305 1222 636 1289 αἰτούντων,
670 1224 719 1276 οἱ
746 1224 840 1278 τοῦ
875 1225 1079 1298 κλήρου
1148 1227 1777 1294 Κωνσταντινουπόλεως
1816 1228 1906 1294 ἐξ·

305 1313 574 1383 εϐόησαν·
642 1314 931 1387 Διόσκορον
960 1320 1026 1389 τῇ
1084 1317 1292 1391 ἐξορίᾳ,
1331 1320 1427 1374 τὸν
1476 1319 1777 1390 Αίγύπτιον
1838 1324 1903 1395 τῇ

304 1405 518 1477 ἑξορίᾳ,
567 1406 661 1459 τὸν
714 1410 995 1478 αἱρετικὸν
1043 1414 1110 1483 τῇ
1139 1411 1349 1486 ἐξορίᾳ·
1381 1414 1678 1486 Διόσκορον
1707 1416 1736 1469 ό
1766 1414 1906 1488 Χρι-

308 1498 431 1562 στὸς
477 1498 724 1556 καθεῖλε.
783 1501 919 1555 Μεθ’
952 1501 1046 1568 οὓς
1105 1504 1270 1559 πάλιν
1318 1506 1372 1560 οί
1413 1506 1663 1579 Ἰλλυριοὶ
1705 1508 1801 1563 καὶ
1856 1507 1906 1563 οι

305 1588 446 1658 ἀμφ’
476 1591 684 1656 αὐτοὺς
742 1593 1036 1648 ἐπίσκοποι
1057 1612 1073 1628 ο
1105 1595 1318 1661 Πάντες
1368 1600 1698 1670 ἡμάρτομεν
1724 1616 1741 1633 ⁸
1770 1601 1906 1656 πᾶσι

310 1680 679 1751 συγχώρησον
702 1700 717 1713 ·
748 1685 1039 1757 Διόσκορον
1083 1689 1150 1758 τῇ
1184 1688 1412 1762 συνόδῳ,
1442 1692 1739 1764 Διόσκορον
1782 1695 1905 1758 ταῖς

323 1772 525 1845 Ἐκκλη
536 1775 705 1840 σίαις.
736 1777 846 1833 Καὶ
871 1778 983 1833 τῶν
1012 1781 1409 1853 παραπλησίων
1434 1784 1810 1855 προελθόντων
1837 1786 1907 1841 τὰ

308 1864 408 1934 τῆς
436 1865 706 1939 τοιαύτης
736 1867 921 1921 συνελε
933 1868 1108 1934 ύσεως
1137 1872 1499 1945 ἐπεωτοῦτο.

381 1958 543 2012 Κατά
578 1959 636 2012 δέ
666 1958 765 2032 τὴν
799 1961 916 2031 μετ’
945 1962 1118 2034 αὐτὴν
1155 1964 1493 2032 συνέλευσιν,
1521 1967 1622 2038 τῆς
1658 1967 1905 2040 συγκλή-

307 2063 400 2100 του
430 2047 841 2124 διαλαλησόωης
870 2053 1288 2127 ἀναγνωσθῆναι
1318 2058 1443 2122 τοὺς
1475 2058 1578 2130 ἥδη
1607 2059 1902 2132 δεομένους

310 2140 521 2206 τύπους
561 2142 698 2214 (54),
729 2144 942 2214 ἀνέγνω
972 2147 1384 2215 Κωνσταντῖνος
1412 2153 1769 2224 σεκρετάριος
1797 2152 1907 2208 ἀπὸ

312 2234 543 2304 σχέδους
596 2236 690 2289 ἐπὶ
719 2236 919 2305 λέξεως
946 2238 1120 2294 ταῦτα
1149 2258 1166 2274 ο
1199 2242 1335 2313 Περὶ
1369 2244 1469 2314 μὲν
1493 2245 1592 2315 τῆς
1622 2245 1907 2317 ὀρθοδόξου

314 2330 408 2382 καὶ
446 2328 751 2399 καθολικῆς
824 2333 1084 2400 πίστεως,
1115 2335 1451 2409 τελειότερον
1496 2338 1718 2393 συνόδου
1756 2356 1907 2409 γινο-

318 2421 486 2492 μένης
537 2424 683 2494 μετὰ
713 2424 842 2495 μίαν
872 2426 1274 2500 ἀκριϐεστέραν
1303 2429 1552 2497 ἐξέτασιν
1584 2432 1694 2486 δεῖν
1746 2432 1907 2501 γενέ-

319 2516 442 2568 σθαι
471 2517 816 2589 συνορῶμεν.
859 2519 1083 2592 Ἐπειδὴ
1118 2520 1175 2574 δὲ
1207 2520 1506 2587 Φλαϐιανὸς
1542 2525 1571 2578 ὁ
1598 2524 1698 2594 τῆς
1754 2525 1909 2578 εὐσε-

317 2603 445 2668 ϐοῦς
471 2598 720 2678 μνήμης,
762 2608 856 2663 καὶ
882 2611 1144 2676 Εὐσέϐιος
1180 2613 1209 2666 ό
1248 2612 1644 2679 εύλαϐέστατος
1676 2616 1902 2671 ἐπίσκο-

320 2716 441 2764 πος,
471 2701 540 2754 ἐκ
590 2700 692 2772 τῆς
736 2703 847 2758 τῶν
879 2704 1292 2776 πεπραγμένων
1343 2708 1438 2762 καὶ
1485 2708 1904 2781 διεγνωσμένων

317 2792 578 2863 ἐρεύνης,
606 2794 704 2850 καὶ
729 2795 904 2867 αὐτῆς
935 2798 1037 2869 τῆς
1070 2802 1254 2871 φωνῆς
1280 2799 1445 2856 τινῶν
1495 2801 1609 2857 τῶν
1661 2801 1908 2876 ἐξάρχων

319 2886 636 2956 γενομένων
662 2887 764 2958 τῆς
790 2889 917 2942 τότε
949 2890 1192 2960 συνόδου,
1217 2892 1674 2965 ὁμολογησάντων
1706 2897 1910 2967 ἐσφάλ-

324 2976 412 3029 θαι
443 2976 544 3030 καὶ
573 2979 752 3048 μάτην
776 2981 975 3045 αὐτοὺς
1015 2982 1414 3056 καθῃρηκέναι,
1449 2988 1602 3043 οὐδὲν
1632 2991 1762 3062 περὶ
1798 2988 1900 3063 τὴν

322 3067 506 3123 πίστιν
544 3072 864 3141 σφαλέντες,
893 3074 1201 3131 δείκνυνται
1223 3078 1429 3144 ἀδίκως
1458 3080 1905 3153 καθαιρεθέντες·

322 3161 577 3229 φαίνεται
605 3166 739 3235 ἡμῖν
792 3165 931 3222 κατά
978 3167 1040 3221 τὸ
1094 3168 1212 3241 Θεῷ
1242 3170 1476 3243 ἀρέσκον
1498 3173 1703 3229 δίκαιον
1742 3173 1905 3245 εἶναι,

324 3254 371 3309 εί
400 3257 720 3329 παρασταίη
774 3258 853 3332 τῷ
886 3259 1149 3333 θειοτάτῳ
1202 3263 1299 3316 καὶ
1332 3264 1713 3339 εὐσεϐεστάτῳ
1750 3269 1907 3340 ἡμῶν

323 3343 562 3420 δεσπότῃ
581 3388 596 3412 ,
629 3347 708 3419 τῷ
748 3350 897 3421 αὐτῷ
944 3351 1209 3425 ἐπιτιμίῳ
1238 3353 1533 3429 Διόσκορον
1562 3357 1654 3411 τὸν
1684 3359 1915 3414 εὐλαϐέ-

327 3452 513 3492 στατον
542 3441 841 3496 ἐπίσκοπον
876 3443 1301 3517 Ἀλεξανδρείας,
1329 3448 1796 3506 καὶίουϐενάλιον
1820 3453 1913 3508 τὸν

326 3532 723 3591 εὐλαϐέστατον
774 3537 1073 3595 ἐπίσκοπον
1114 3539 1533 3615 Ἱεροσολύμων,
1568 3544 1666 3598 καὶ
1696 3544 1912 3602 Θαλάσ-

330 3643 437 3680 σιον
463 3628 562 3682 τὸν
604 3630 996 3688 εὐλαϐέστατον
1032 3634 1341 3691 ἐπίσκοπον
1372 3637 1714 3712 Καισαρείας
1758 3642 1914 3696 Καπ-

329 3720 610 3789 παδοκίας,
637 3725 733 3778 καὶ
760 3726 1020 3782 Εὐσέϐιον
1054 3727 1144 3783 τὸν
1177 3729 1583 3787 εὐλαϐέστατον
1614 3732 1915 3790 ἐπίσκοπον

341 3813 636 3885 ’Δγκύρας,
666 3819 759 3872 καὶ
791 3818 1090 3875 Εὐστάθιον
1135 3821 1228 3876 τὸν
1258 3823 1654 3881 εύλαϐέστατον
1687 3828 1914 3882 ἐπίσκο-

332 3926 426 3964 πον
478 3912 749 3982 Βηρυτοῦ,
790 3916 882 3968 καὶ
916 3916 1198 3970 Βασίλειον
1230 3919 1323 3972 τὸν
1352 3919 1754 3975 εὐλαϐέστατον
1798 3922 1918 3976 ἐπί-

334 4021 534 4059 σκοπον
567 4006 891 4074 Σελευκείας
920 4012 1022 4081 τῆς
1056 4011 1351 4083 ’1σαυρίας,
1387 4012 1513 4075 τοὺς
1538 4011 1792 4078 ἐξουσίαν
1829 4016 1919 4068 ἐσ-

334 4099 570 4167 χηκότας
599 4100 692 4153 καὶ
720 4101 1051 4173 ἐξάρχοντας
1075 4103 1177 4174 τῆς
1202 4104 1327 4157 τότε
1356 4103 1603 4170 συνόδου,
1624 4106 1767 4160 κατά
1789 4108 1918 4165 τοὺς

333 4190 563 4255 κανόνας
593 4189 689 4245 τοῦ
718 4193 1084 4249 ἐπισκοπικοῦ
1113 4194 1426 4269 ἀλλοτρίους
1452 4196 1714 4266 γενέσθαι
1749 4196 1917 4266 ἀξιώ-

337 4297 504 4349 ματος
530 4299 543 4312 ·
577 4283 801 4337 πάντων
847 4283 957 4337 τῶν
1019 4285 1621 4357 παρακολουθησάντων
1676 4288 1745 4359 τῇ
1797 4286 1918 4359 θείᾳ

336 4378 545 4446 κορυφῇ
569 4375 1007 4449 γνωριζομένων.
1039 4374 1173 4433 Εἶτα
1205 4380 1329 4450 μεθ’
1359 4379 1553 4451 ἐτέρας
1579 4381 1919 4451 ἀναγνώσεις

337 4468 654 4539 γενομένας,
689 4468 1063 4541 ἐρωτηθέντες
1118 4473 1167 4526 oi
1238 4472 1647 4545 συνειλεγμένοι
1695 4474 1918 4527 ἐπίσκο-

2004 593 2124 637 stac.
2189 580 2394 637 Omnes
2454 581 2807 651 peccavimus
2854 581 3161 637 :omnibus
3223 582 3599 656 indulgeatur.

2002 674 2430 737 Clericiautcm
2464 674 2725 731 Ecclesia:
2770 674 3395 746 Constantinopolitanae
3418 678 3603 733 excla-

2004 776 2227 822 marunt
2272 767 2360 822 his
2409 766 2639 825 verbis:
2668 766 2834 822 Pauci
2879 767 3167 822 clamant:
3214 770 3456 840 synodus
3488 772 3606 829 haec

2004 876 2117 916 non
2150 859 2307 916 dicit.
2358 861 2489 915 Post
2528 859 2644 915 haec
2683 859 3044 914 acclamatum
3074 866 3161 915 est
3208 861 3276 917 ab
3306 861 3603 919 Orientali-

2004 952 2481 1025 bus:}Egyptium
2539 952 2756 1007 exsilio.
2810 950 3105 1023 Illyriciani
3156 967 3288 1007 vero
3331 955 3606 1010 exclamaa

2004 1055 2171 1102 runt:
2202 1047 2500 1117 Rogamus,
2528 1045 2775 1101 omnium
2826 1044 3110 1099 miserere.
3163 1046 3376 1101 Rursus
3422 1049 3604 1102 accla-

2005 1147 2214 1194 matum
2249 1146 2337 1193 est
2391 1139 2461 1193 ab
2519 1136 2939 1203 Orientalibus,
3000 1134 3318 1208 [Egyptium
3384 1139 3602 1193 exsilio.

2004 1229 2255 1301 Cumque
2305 1229 2603 1303 Illyriciani
2633 1228 2826 1284 eadem
2857 1244 2979 1299 qua:
3024 1229 3180 1299 prius
3231 1230 3601 1299 postularent.

2004 1323 2195 1379 clerici
2225 1322 2380 1378 urbis
2406 1321 3007 1391 Contantinopolitana:
3055 1320 3370 1375 clamamnt
3401 1336 3416 1375 :
3476 1321 3607 1375 Dio-

2006 1431 2227 1473 scorum
2268 1415 2495 1479 exsilio,
2522 1413 2836 1486 Egyptian)
2858 1412 3075 1479 exsilio,
3113 1412 3432 1467 haereticum
3460 1415 3606 1467 exsi-

2005 1510 2446 1576 lio,.Dioscorum
2480 1508 2734 1565 Christus
2773 1506 3054 1577 deposuit.
3078 1506 3209 1560 Post
3234 1506 3353 1561 haec
3391 1505 3601 1561 iterum

2004 1601 2368 1657 acclamatum
2388 1607 2476 1656 est
2505 1599 2572 1654 ab
2595 1598 2961 1670 lllyrieianis:
2994 1596 3198 1653 Omnes
3226 1597 3600 1667 peccavimus,

2005 1693 2265 1750 omnibus
2300 1694 2515 1749 veniam
2547 1693 2773 1764 indulge
2798 1711 2811 1744 :
2836 1690 3160 1745 Dioscorum
3190 1691 3422 1762 synodo,
3476 1691 3604 1746 Dio-

2004 1801 2227 1843 scorum
2262 1786 2549 1842 Ecclesiis.
2598 1785 2668 1840 Et
2701 1800 2826 1839 eum
2863 1783 2968 1838 alia
3017 1781 3267 1855 ejusdem
3298 1782 3447 1838 modi
3471 1798 3605 1854 pro-

1934 1858 1982 1918 Β
2010 1880 2326 1944 cessissent,
2364 1878 2652 1935 confessus
2682 1878 2787 1933 iste
2810 1876 2977 1932 finem
3011 1875 3181 1946 cepit.

2077 1970 2340 2042 Sequenti
2368 1985 2502 2026 vero
2546 1984 2832 2032 consessu,
2865 1982 2993 2023 cum
3038 1975 3264 2022 senatus
3300 1964 3602 2020 interlocu-

2007 2071 2098 2119 tus
2125 2073 2272 2119 esset
2294 2070 2357 2117 ut
2388 2061 2756 2117 recitarentur
2783 2075 2849 2115 ea
2890 2074 3013 2129 qua:
3048 2059 3162 2130 jam
3199 2057 3424 2113 fuerant
3466 2072 3602 2113 con-

2007 2156 2201 2212 stituta
2246 2152 2688 2210 :Constantinus
2717 2166 2749 2205 a
2793 2150 3021 2207 secretis
3067 2149 3184 2204 hzec
3222 2146 3481 2204 recitavit
3526 2162 3596 2203 ex

2008 2244 2209 2300 scheda
2228 2260 2242 2297 :
2263 2243 2341 2299 De
2364 2253 2515 2298 recta
2543 2240 2767 2312 quidem
2797 2248 2854 2297 et
2885 2238 3160 2295 catholica
3192 2237 3321 2304 fide,
3351 2237 3600 2293 crastino

2008 2336 2120 2404 die,
2169 2337 2469 2407 perfectius
2508 2335 2875 2391 conveniente
2921 2333 3158 2388 concilio
3190 2331 3603 2404 diligentiorem

2009 2426 2427 2497 inquisitionem
2459 2424 2581 2481 ﬁeri
2615 2432 2874 2495 oportere
2904 2423 3292 2494 perspicimus.
3326 2421 3602 2489 Quoniam

2006 2535 2143 2575 vero
2168 2519 2272 2589 piae
2293 2518 2575 2573 memoria:
2597 2516 2893 2572 Flavianus
2924 2524 2980 2571 et
3008 2515 3284 2571 Eusebius
3337 2530 3602 2571 reveren-

2008 2612 2273 2669 dissimus
2320 2611 2615 2682 episcopus
2665 2609 2922 2682 Dorylaei,
2954 2625 3022 2664 ex
3064 2609 3404 2665 scrutatione
3446 2616 3602 2664 aeto-

2008 2718 2135 2758 rum
2163 2718 2229 2758 ac
2252 2702 2628 2767 decretorum,
2655 2708 2712 2757 et
2739 2714 2807 2755 ex
2842 2699 2978 2771 ipsis
3010 2699 3243 2755 vocibus
3274 2714 3470 2755 eorum
3504 2697 3602 2769 qui

2010 2793 2069 2850 in
2120 2793 2335 2866 synodo
2380 2808 2504 2864 qua:
2550 2801 2685 2847 tunc
2734 2790 2880 2847 facta
2909 2798 2995 2846 est.
3030 2789 3413 2861 praesederunt
3456 2789 3604 2861 :qui

2010 2887 2239 2961 quidem
2263 2887 2502 2944 confessi
2534 2896 2667 2943 sunt
2692 2901 2912 2942 errasse
2932 2902 3015 2947 se,
3040 2896 3098 2942 et
3118 2886 3317 2941 frustra
3354 2885 3478 2941 illos
3501 2884 3603 2941 de-

2010 2983 2284 3054 posuisse,
2317 2996 2444 3037 cum
2473 2981 2795 3037 nullatenus
2820 2986 3110 3035 errassent
3148 2979 3203 3032 in
3237 2977 3364 3043 fide,
3398 2979 3604 3049 injuste

2013 3077 2254 3148 depositi
2303 3091 2427 3132 esse
2478 3083 2787 3131 noscuntur
2823 3072 3090 3128 :vidctur
3141 3072 3304 3126 nobis
3344 3073 3500 3142 juxta
3545 3071 3604 3126 id

2014 3167 2163 3238 quod
2194 3167 2309 3222 Deo
2348 3165 2553 3237 placet,
2601 3164 2811 3235 justum
2844 3177 2989 3227 esse,
3041 3162 3207 3215 modo
3254 3161 3307 3216 id
3336 3161 3607 3232 placuerit

2013 3258 2392 3317 sacratissimo
2413 3273 2479 3314 ac
2505 3256 2758 3328 piissimo
2788 3254 3024 3310 Domino
3052 3262 3344 3322 nostro,ut
3379 3254 3606 3309 Diosco-

2016 3368 2112 3408 rus
2136 3350 2637 3408 reverendissimus
2657 3349 2951 3420 episcopus
2987 3348 3334 3404 Alexandrire
3353 3389 3367 3414 ,
3412 3358 3469 3404 et
3500 3348 3600 3404 Ju-

2017 3443 2232 3499 venalis
2260 3440 2636 3498 reverendiss.
2671 3440 2964 3511 episcopus
2991 3439 3522 3511 Hierosolymorum,
3550 3448 3609 3496 et

2015 3535 2336 3594 Thalassius
2362 3534 2737 3591 reverendiss.
2765 3534 3059 3605 episcopus
3096 3532 3356 3589 Cursarem
3389 3532 3604 3604 Cappa-

2015 3631 2210 3696 dociae,
2241 3639 2298 3686 et
2319 3628 2597 3685 Eusebius
2626 3627 2998 3685 reverendiss.
3029 3627 3325 3697 cpiscopus
3350 3627 3604 3698 Ancyrae,

2015 3734 2073 3779 et
2125 3721 2452 3779 Eustathius
2502 3719 2874 3776 reverendiss.
2921 3719 3221 3790 episcopus
3274 3718 3494 3790 Beryti,
3550 3728 3611 3775 et

2015 3816 2254 3874 Basilius
2280 3812 2651 3871 reverendiss.
2691 3812 2989 3883 episcopus
3037 3810 3303 3867 Seleuciae
3350 3811 3602 3879 Isauriae,

2016 3921 2112 3994 qui
2148 3930 2282 3977 tunc
2320 3916 2654 3975 auctoritate
2696 3914 2917 3987 praediti
2964 3915 3205 3970 concilio
3242 3914 3609 3986 praafuerunt,

2016 4023 2198 4079 eidem
2235 4034 2413 4092 paenae
2438 4017 2781 4090 subjaceant,
2813 4017 3152 4073 sacrosancti
3204 4016 3427 4073 concilii
3473 4032 3604 4071 seu-

2010 4092 2191 4169 tentia
2217 4111 2373 4183 juxta
2417 4122 2607 4163 sacros
2635 4122 2876 4163 canones
2902 4106 2971 4161 ab
3013 4105 3311 4176 episcopali
3342 4105 3611 4175 dignitate

2019 4202 2264 4261 submoti
2301 4220 2313 4255 :
2362 4199 2585 4256 cunctis
2603 4215 2727 4269 qua:
2749 4204 3159 4267 consequenter
3200 4211 3351 4269 gesm
3381 4199 3609 4265 fuerint,

2019 4295 2087 4350 ad
2147 4289 2508 4348 sacratissimi
2578 4285 2849 4359 principis
2916 4286 3177 4342 notitiam
3240 4286 3610 4356 perferendis.

2018 4385 2231 4444 Deinde
2263 4382 2595 4455 quibusdam
2623 4379 2748 4434 aliis
2776 4378 3054 4444 recitatis,
3095 4380 3417 4451 interrogati
3450 4379 3616 4452 324

2019 4475 2266 4549 episcopi
2319 4473 2413 4545 qui
2456 4473 2709 4537 aderant,
2760 4480 2948 4527 utrum
2986 4472 3190 4527 Leonis
3209 4473 3440 4542 epistola
3474 4489 3613 4529 con-

338 4578 443 4627 ποι,
477 4564 530 4615 εἰ
584 4563 868 4634 συνᾴδουσι
910 4563 981 4618 τά
1012 4563 1242 4629 Λέοντος
1277 4566 1586 4636 γράμματα
1630 4568 1698 4636 τῇ
1734 4565 1910 4619 πίστει

2025 4567 2257 4624 sentiret
2279 4580 2406 4621 cum
2438 4563 2544 4619 fide
2573 4571 2949 4618 trecentorum
2978 4571 3036 4618 et
3059 4564 3371 4619 octodecim
3397 4577 3614 4622 sancto-

334 4654 439 4725 τῶν
464 4661 577 4728 τιη¹
635 4655 806 4725 άγίων
843 4655 1102 4727 Πατέρων
1141 4656 1254 4710 τῶν
1295 4657 1353 4710 ἐν
1380 4656 1586 4728 Νικαίᾳ
1633 4656 1924 4728 συναχθέν-

337 4764 462 4815 των,
494 4748 593 4802 καὶ
616 4752 683 4821 τῇ
713 4747 822 4801 τῶν
850 4756 948 4821 ρνθ,
980 4747 1092 4803 τῶν
1118 4749 1177 4802 ἐν
1198 4751 1265 4820 τῇ
1293 4747 1549 4817 βασιλίδι,
1583 4748 1921 4820 ἀπεκρίνατο

351 4842 651 4906 Ἀνατόλιος
693 4843 721 4895 ό
784 4843 882 4915 τῆς
933 4841 1560 4906 Κωνσταντινουπόλεως
1630 4842 1917 4913 πρόεδρος,

341 4937 431 4989 καὶ
458 4936 661 4999 πάντες
685 4936 733 4989 oi
768 4934 1209 5005 συνειλεγμένοι,
1242 4934 1490 5006 συνᾴδειν
1545 4934 1646 5005 τὴν
1696 4935 1917 4988 ἐπιστο·

341 5026 433 5101 λὴν
463 5028 695 5093 Λέοντος
719 5030 832 5094 τοῖς
859 5029 1170 5100 εἰρημένοις
1197 5027 1373 5098 ἁγίοις
1408 5027 1657 5098 Πατράσι
1682 5043 1696 5058 °
1728 5028 1824 5080 καὶ
1853 5030 1921 5098 τῇ

343 5122 478 5194 αὐτῇ
519 5120 747 5185 Λέοντος
770 5122 1028 5193 ἐπιστολῇ
1073 5120 1578 5191 καθυπεσημὴνατο
1612 5118 1747 5189 (55).
1780 5118 1919 5173 Τού-

344 5230 448 5267 των
470 5209 577 5268 ὧδε
629 5213 1028 5286 προελθόντων,
1056 5213 1365 5285 ἐπεϐόησαν
1414 5213 1463 5265 οἱ
1492 5211 1594 5281 τῆς
1645 5211 1865 5265 συνόδου
1904 5227 1919 5244 ο

346 5307 549 5372 Πάντες
608 5306 998 5378 συντιθέμεθα,
1042 5306 1245 5371 πάντες
1294 5305 1678 5375 συναινοῦμεν,
1718 5306 1922 5369 πάντες

346 5400 542 5472 ὁμοίως
607 5400 963 5473 πιστεύομεν,
991 5401 1194 5465 πάντες
1252 5398 1324 5455 τὰ
1372 5397 1516 5455 αύτά
1562 5396 1872 5471 φρονοῦμεν
1904 5440 1920 5466 ,

2028 4673 2153 4714 rum
2194 4658 2419 4713 Patrum
2444 4654 2539 4726 qui
2581 4654 2783 4712 Nicaea)
2810 4655 2865 4709 in
2900 4670 3074 4709 unum
3123 4666 3516 4721 convenerant,
3554 4665 3613 4711 et

2026 4766 2154 4807 cum
2187 4749 2293 4804 fide
2344 4756 2569 4804 centum
2609 4762 2676 4803 ac
2723 4746 3126 4818 quinquaginta
3170 4747 3393 4801 Patrum
3430 4748 3523 4817 qui
3554 4749 3612 4803 in

2027 4844 2169 4899 urbe
2195 4842 2346 4913 regia
2372 4841 2593 4898 fuerant
2619 4840 2957 4911 congregati,
2986 4840 3275 4895 Anatolius
3298 4838 3614 4895 Constanti-

2027 4934 2386 5005 nopolitauus
2439 4933 2756 5004 episcopus,
2812 4939 2870 4986 et
2926 4932 3171 4987 universi
3222 4932 3317 5002 qui
3383 4932 3615 4987 aderant

2029 5027 2276 5099 episcopi
2291 5024 3026 5097 responderunt,iepistolarn
3048 5024 3248 5079 Leonis
3268 5040 3393 5079 cum
3419 5038 3616 5095 supra-

2029 5118 2193 5175 dictis
2221 5118 2426 5174 sanctis
2456 5115 2712 5172 Patribus
2741 5117 3079 5171 consentire.
3116 5117 3375 5189 Idemque
3402 5118 3612 5172 Anato-

2028 5213 2137 5267 lius
2172 5228 2341 5283 supra
2390 5219 2708 5267 memorata:
2741 5210 2945 5266 Leonis
2973 5211 3225 5281 epistolae
3263 5210 3614 5281 subscripsit.

2027 5305 2161 5373 Quae
2185 5320 2310 5361 cum
2342 5304 2416 5359 ita
2449 5304 2873 5375 processissent,
2899 5304 3261 5359 acclamatum
3286 5312 3370 5358 cst
3397 5303 3466 5357 ab
3495 5304 3619 5359 uni-

2027 5414 2189 5455 versa
2242 5397 2453 5472 synodo
2490 5396 2736 5454 :Omnes
2772 5396 3187 5464 consentimus;
3213 5409 3408 5450 omnes
3462 5410 3617 5450 com-

1548 5534 1821 5591 VALESII
1858 5532 2421 5590 ANNOTATIONES.

416 5632 529 5708 ςὸᾅ)
544 5631 691 5708 Τοὺς
702 5632 1025 5708 δεομέτους
1039 5630 1289 5697 τύπούς.
1309 5629 1676 5708 scribendum
1694 5637 1779 5685 est
1800 5643 1910 5699 pro

2098 5629 2217 5708 £35)
2250 5629 2831 5708 Kaﬂvgzsgnwjrato.
2851 5629 3389 5708 Christophprsonus
3414 5629 3476 5708 in
3492 5638 3526 5708 ,ε

1730 5688 1910 5770 (ιυόι-ις

2035 5688 2134 5754 τοιῖ
2156 5688 2390 5754 numero
2409 5698 2546 5770 legit
2559 5688 3122 5770 gaeugsawﬁvma,
3150 5688 3428 5770 quonmodo
3453 5688 3620 5746 etiam

351 5699 435 5773 cui
466 5699 638 5758 dubio
665 5699 1163 5773 τοὺςδεδομένους,
1218 5710 1280 5756 ut
1322 5699 1493 5773 habet
1545 5700 1689 5773 actio

351 5772 814 5847 Chalcedonensis
846 5769 1097 5847 concilii,
1118 5788 1239 5847 pag.
1273 5772 1399 5827 216.
1438 5772 1597 5847 Apud
1627 5769 1923 5844 Nicephor.

357 5843 548 5916 legitur
577 5846 925 5918 γενομένους,
953 5843 1101 5917 quod
1136 5843 1280 5899 idem
1311 5852 1416 5902 cst.

2107 5627 2217 5696 (35)
2250 5625 2831 5696 Καθυπεσημήγατο.
2851 5622 3389 5696 Christophprsonus
3423 5618 3475 5672 in
3507 5621 3621 5696 plu-

2036 5770 2303 5841 scriptum
2334 5762 2499 5841 habet
2530 5762 2895 5841 Nicephorus.
2921 5763 3094 5841 idque
3140 5762 3472 5841 cbnfirmant
3500 5772 3623 5820 acta

2037 5832 2231 5913 synodi
2262 5832 2730 5897 Chalcedonensis
2762 5852 2884 5907 pag.
2913 5832 3022 5891 218
3054 5843 3109 5890 et
3140 5832 3532 5904 sequentibus.
