4048 6512
456 341 599 406 2579

1701 345 2016 409 EVAGRII
2043 345 2532 413 SCHOLASTICI
2558 393 2563 399 ς

3593 363 3745 428 2580

458 455 783 527 probamus;
807 469 999 510 omnes
1018 453 1276 511 similiter
1296 456 1607 524 credimus;
1636 473 1831 517 omnes
1852 460 2040 516 eadem

2152 464 2358 528 πάντες
2384 465 2562 532 οὕτως
2589 468 2943 543 πιστεύομεν*
2972 471 3101 538 τοὺς
3125 473 3382 545 Πατέρας
3404 476 3471 547 τῇ
3507 480 3739 551 συνόδῳ,

457 548 768 615 sentimus;
802 562 998 603 omnes
1020 548 1095 603 ita
1123 548 1423 604 credimus.
1460 551 1654 607 Patres
1689 553 1899 625 synodo
1923 554 2049 609 red-

457 640 809 711 dantur;qui
871 641 1321 712 subscripserunt
1354 684 1370 708 ,
1430 644 1645 716 synodo
1702 646 2044 715 reddantur;

457 735 662 791 multos
713 750 889 790 annos
930 734 1285 804 imperatori;
1321 736 1526 792 multos
1554 753 1730 794 annos
1753 739 2043 809 Augustae;

457 827 650 882 Patres
682 827 892 897 synodo
930 826 1269 892 reddantur;
1298 828 1391 898 qui
1440 830 1690 900 ejusdem
1729 830 1857 887 ﬁdei
1892 841 2043 896 sunt,

457 921 667 991 synodo
714 920 1044 987 reddantur;
1077 922 1282 977 multos
1335 938 1512 980 annos
1558 926 1904 995 imperatori.
1941 925 2046 993 Qui

460 1012 607 1070 idem
632 1015 904 1080 sentiunt.
925 1015 1137 1087 synodo
1162 1015 1496 1085 reddantur;
1521 1019 1725 1075 multos
1748 1035 1924 1078 annos
1947 1022 2050 1077 im-

458 1108 730 1179 peratori;
781 1122 975 1164 omnes
1017 1105 1146 1164 fidei
1190 1107 1653 1180 subscripsimus;
1698 1122 1760 1168 ut
1807 1114 1939 1180 Leo,
1972 1114 2047 1171 ita

460 1203 757 1259 sentimus.

446 1336 449 1339 ς
536 1296 734 1352 Postea
760 1311 885 1352 cum
912 1296 1270 1353 interlocutio
1302 1299 1517 1369 prolata
1538 1309 1686 1357 esset
1715 1317 1746 1358 a
1764 1301 2048 1374 iudicibus

462 1388 518 1446 in
539 1391 656 1447 hmo
681 1390 849 1447 verba
881 1409 894 1446 :
921 1391 998 1447 De
1025 1391 1113 1446 his
1133 1393 1457 1449 relationem
1487 1394 1740 1452 misimus
1767 1396 1836 1451 ad
1861 1412 2047 1453 sacra-

363 1505 374 1516 ι
463 1483 735 1539 tissimum
762 1491 819 1538 et
852 1483 1163 1554 piissimum
1206 1485 1493 1541 dominum
1532 1498 1820 1555 nostrum,
1862 1498 1920 1546 et
1958 1506 2046 1546 re-

462 1572 814 1642 sponsionem
845 1575 916 1629 οἱ)
946 1574 1066 1645 ejus
1095 1575 1391 1631 clementia
1425 1588 1830 1648 exspectamus.
1852 1580 2046 1637 Vestra

461 1671 645 1718 autem
672 1665 1005 1732 reverentia,
1035 1674 1145 1722 tam
1169 1665 1239 1721 de
1269 1667 1535 1724 Dioscoro
1569 1667 1663 1739 qui
1693 1685 1724 1725 a
1750 1670 1911 1727 vobis
1944 1671 2045 1727 de-

464 1755 675 1826 positus
704 1766 809 1823 est,
861 1759 1237 1815 sacratissimo
1273 1759 1524 1831 principe
1575 1770 1633 1817 et
1674 1762 1835 1818 nobis
1883 1764 2043 1835 igno-

462 1850 736 1917 rantibus,
768 1865 933 1921 quam
967 1850 1035 1907 de
1065 1851 1312 1924 quinque
1339 1853 1447 1909 illis
1472 1869 1571 1924 pro
1598 1854 1802 1924 quibus
1833 1855 2042 1926 precati

458 1942 614 2008 estis,
652 1951 713 1999 et
755 1942 823 1998 de
857 1944 1114 2000 omnibus
1142 1960 1265 2016 qua:
1320 1946 1377 2001 in
1421 1946 1657 2002 concilio
1697 1955 1847 2018 gesta
1895 1958 2044 2014 sunt,

462 2034 732 2090 rationem
766 2035 880 2091 Deo
935 2036 1223 2093 redditura
1268 2047 1376 2093 est.
1423 2037 1803 2096 Acclamatum
1856 2050 1943 2098 est
1977 2043 2046 2100 ab

459 2127 769 2183 omnibus:
818 2128 1159 2193 Dio-corum
1201 2131 1348 2186 Deus
1398 2130 1698 2204 deposuit;
1748 2133 2048 2193 Dioscorus

454 2218 603 2290 juste
632 2217 921 2289 depositus
959 2229 1063 2285 est,
1112 2222 1439 2278 Dioscorum
1480 2222 1737 2281 Christus
1764 2225 2043 2297 deposuit.

459 2309 591 2365 Post
638 2308 757 2365 haec
798 2325 924 2373 cum
959 2311 1122 2366 allata
1173 2323 1321 2369 esset
1362 2315 1649 2385 responsio
1692 2316 2047 2388 imperatoris

460 2400 743 2469 Marciani,
775 2418 883 2474 qua
912 2405 1337 2475 permittebatur
1366 2407 1643 2480 episcopis
1674 2419 1736 2465 ut
1769 2411 1838 2467 de
1878 2412 2044 2483 quin-

459 2511 568 2565 que
604 2495 711 2552 illis
733 2498 829 2568 qui
849 2496 1087 2568 depositi
1120 2498 1359 2565 fuerant,
1393 2516 1496 2571 pro
1533 2502 1769 2559 arbitrio
1804 2520 1905 2561 suo
1933 2514 2045 2563 sta-

461 2594 720 2650 tuerent,
795 2587 1262 2658 quemadmodum
1332 2590 1549 2664 judices
1616 2593 2045 2654 interlocutione

458 2676 600 2733 facta
632 2678 1036 2750 signiﬁearunt,
1073 2682 1318 2755 episcopi
1355 2686 1565 2756 precati
1608 2694 1740 2742 sunt
1787 2687 1876 2745 his
1923 2704 2044 2744 ver-

456 2765 546 2822 bis
576 2784 590 2823 :
625 2767 696 2825 Ut
738 2768 817 2823 illi
854 2769 1239 2842 ingrediantur
1266 2789 1545 2843 rogamus.
1575 2774 1681 2842 Qui
1728 2775 1874 2833 idem
1918 2795 2046 2835 sen-

456 2860 623 2927 tiunt,
652 2862 862 2935 synodo
893 2864 1218 2920 reddantur.
1255 2866 1360 2934 Qui
1390 2867 1536 2924 idem
1566 2870 1808 2942 sapiunt,
1831 2873 2043 2945 synodo

454 2953 779 3009 reddantur.
806 2956 912 3024 Qui
941 2958 1191 3028 epistola:
1225 2959 1430 3017 Leonis
1474 2963 1925 3037 subscripserunt
1953 2984 2043 3042 sy-

453 3047 602 3102 nodo
645 3048 971 3105 reddantur.
1001 3049 1105 3119 Qui
1150 3068 1277 3108 mox
1323 3055 1537 3126 prolata
1585 3058 2039 3130 interlocutione,

2150 559 2278 622 τοὺς
2306 560 2735 633 ύπογράψαντας
2761 566 2828 636 τῇ
2855 566 3062 639 συνόδῳ
3086 567 3189 639 (q).
3226 568 3405 624 πολλά
3427 570 3496 625 τά
3519 570 3613 645 ἔτη
3640 573 3743 628 τοῦ

2153 648 2442 720 βασιλέως,
2471 652 2648 708 πολλὰ
2677 654 2745 709 τά
2771 654 2865 729 ἐτη
2887 657 2987 730 τῆς
3012 659 3336 733 Αύγούστης
3358 677 3374 693 ·
3402 663 3528 728 τοὺς
3558 666 3745 719 Πατέ-

2112 808 2113 811 η
2153 759 2253 814 ρας
2284 747 2351 816 τῇ
2382 746 2607 819 συνόδῳ,
2639 749 2766 815 τοὺς
2795 750 3127 821 όμοπίστους
3169 756 3238 826 τῇ
3289 756 3515 827 συνόδῳ·
3566 758 3745 813 πολλά

2148 838 2218 892 τά
2245 837 2341 910 ἐτη
2367 839 2462 893 τοῦ
2497 839 2762 910 βασιλέως
2784 859 2800 874 ο
2828 845 2957 909 τοὺς
3001 846 3315 919 ὁμόφρονας
3352 852 3419 921 τῇ
3483 852 3695 924 συνόδῳ
3727 871 3742 887 -

2149 932 2324 987 πολλὰ
2381 934 2453 989 τά
2508 935 2606 1007 ἐτη
2657 936 2753 991 τοῦ
2784 938 3054 1009 βασιλέως
3080 957 3095 972 ο
3133 943 3183 995 oi
3218 942 3423 1008 πάντες
3457 948 3525 1018 τῇ
3552 947 3744 1001 πίστει

2151 1024 2557 1099 ὑπεγράψαμεν
2581 1044 2597 1060 ο
2629 1029 2708 1094 ὡς
2733 1031 2763 1085 6
2790 1031 2966 1100 Λέων,
2997 1032 3174 1099 οὕτως
3200 1037 3531 1110 φρονοῦμεν.

2220 1294 2330 1351 Καὶ
2382 1294 2675 1361 διαλαλιᾶςη
2707 1297 3026 1373 ἐνεχθείσης
3058 1299 3152 1356 ἐπὶ
3180 1299 3381 1370 λέξεως
3428 1296 3567 1360 ὧδε⁶
3612 1305 3742 1360 Ἀν-

2147 1387 2462 1460 ηνέγκαμεν
2495 1388 2574 1460 τῷ
2609 1390 2873 1463 θειοτάτῳ
2907 1393 3003 1445 καὶ
3030 1393 3415 1469 εύσεόεστάτῳ
3445 1397 3605 1469 ήμῶν
3646 1397 3739 1452 δε-

2149 1480 2327 1553 σπότῃ
2379 1482 2510 1554 περὶ
2557 1483 2764 1551 αὐτῶν,
2796 1485 2892 1540 καὶ
2926 1486 3280 1560 ἀναμένομεν
3310 1490 3412 1564 τήν
3441 1491 3743 1565 ἀπόκρισιν

2144 1573 2249 1645 τῆς
2288 1575 2453 1631 αὐτοῦ
2509 1577 2811 1645 εὐσεϐείας.
2854 1579 2918 1635 Ἦ
2972 1581 3030 1635 δὲ
3088 1582 3349 1638 εὐλάϐεια
3399 1585 3434 1656 ή
3493 1585 3742 1658 ὑμετέρα

2146 1670 2407 1742 καὶπερὶ
2449 1672 2747 1746 Διοσκόρου
2796 1674 2893 1729 τοῦ
2928 1677 3064 1750 παρ’
3104 1675 3259 1749 ὑμῶν
3312 1678 3744 1749 καθαιρεθέντος

2147 1761 2451 1836 ἀγνοούσης
2479 1764 2577 1819 καὶ
2603 1765 2705 1837 τῆς
2744 1766 3028 1840 θειοτάτης
3050 1770 3301 1842 κορυφῆς
3328 1770 3421 1826 καὶ
3454 1772 3619 1844 ἡμῶν
3641 1771 3739 1845 (r),

2151 1856 2245 1909 καὶ
2277 1857 2408 1928 περ)⁸
2432 1855 2615 1913 αὐτῶν
2643 1858 2755 1913 τῶν
2787 1861 2951 1914 πέντε
2981 1861 3124 1934 ὑπὲρ
3157 1856 3236 1918 ὧν
3282 1862 3384 1933 τὴν
3442 1864 3739 1936 παράκλη-

2151 1964 2236 2003 σιν
2283 1948 2579 2017 ποιεῖσθαι,
2612 1951 2709 2005 καὶ
2766 1952 3000 2009 πάντων·
3022 1954 3134 2028 (56)
3165 1954 3273 2010 τῶν
3321 1956 3739 2029 πεπραγμένων

2148 2041 2209 2096 ἐν
2264 2043 2332 2115 τῇ
2389 2042 2596 2116 συνόδῳ
2628 2043 2794 2099 δώσει
2831 2045 2991 2115 λόγον
3018 2045 3096 2119 τῷ
3126 2047 3249 2119 Θεῷ
3273 2063 3290 2080 ο
3323 2049 3738 2121 ἐπευφήμησαν

2146 2134 2399 2205 λέγοντες
2427 2150 2444 2166 '
2476 2136 2778 2210 Διόσκορον
2808 2138 2838 2192 6
2874 2138 3007 2204 Θεὸς
3037 2139 3311 2205 καθεῖλεν,
3335 2141 3629 2212 Διόσκορος
3656 2141 3738 2195 δι-

2147 2228 2322 2293 καίως
2382 2228 2686 2302 καθῃρέθη,
2714 2231 3008 2301 Διόσκορον
3069 2233 3098 2285 6
3157 2233 3398 2303 Χριστὸς
3450 2233 3732 2289 καθεῖλεν.

2149 2315 2284 2374 Εἶτα
2335 2319 2475 2392 μετὰ
2515 2320 2690 2376 ταῦτα
2744 2322 2846 2393 τῆς
2893 2323 3003 2376 ἀπὸ
3052 2323 3374 2394 Μαρκιανοῦ
3409 2323 3735 2394 ἐνεχθείσης

2144 2416 2513 2488 ἀποκρίσεως,
2550 2418 2617 2488 τῇ
2640 2421 2644 2424 ’
2667 2417 2940 2491 διακρίσει
2972 2418 3083 2472 τῶν
3140 2420 3459 2475 ἐπισκόπων
3485 2420 3557 2475 τά
3600 2422 3733 2493 περὶ

2143 2507 2257 2563 τῶν
2313 2508 2753 2580 καθαιρεθέντων
2813 2509 3086 2583 διδούσης,
3114 2510 3255 2582 ὡςή
3306 2510 3560 2565 διαλαλιά
3622 2513 3733 2567 τῶν

2146 2600 2428 2671 ἀρχόντων
2454 2600 2725 2671 ἐδήλωσεν
2750 2615 2765 2630 °
2798 2599 3103 2672 ἐδεήθησαν
3133 2603 3227 2655 ἐπὶ
3253 2600 3450 2667 λέξεως
3478 2602 3736 2666 εἰπόντες

2143 2693 2320 2748 ταῦτα
2346 2709 2362 2726 ο
2399 2693 2845 2765 Παρακαλοῦμεν
2868 2693 3067 2758 αὐτοὺς
3089 2692 3352 2747 εἰσελθεῖν
3376 2711 3391 2727 ·
3421 2695 3553 2759 τοὺς
3596 2697 3733 2766 όμο-

2141 2785 2327 2854 δόξους
2353 2788 2420 2859 τῇ
2457 2786 2685 2857 συνόδῳ,
2714 2786 2842 2852 τοὺς
2892 2785 3205 2857 ὁμόφρονας
3232 2788 3299 2859 τῇ
3331 2787 3536 2860 συνόδῳ
3556 2829 3572 2853 ,
3601 2789 3731 2851 τοὺς

2146 2876 2573 2949 ὑπογράψαντας
2605 2878 2674 2949 τῇ
2722 2875 2979 2948 ἐπιστολῇ
3020 2876 3251 2941 Λέοντος
3283 2879 3348 2950 τῇ
3382 2878 3609 2949 συνόδῳ.
3638 2877 3732 2932 υτ-

2142 2986 2250 3042 περ
2280 2970 2387 3024 άπὸ
2424 2969 2708 3033 διαλαλιᾶς
2734 2973 2803 3042 τῇ
2839 2970 3042 3041 συνόδῳ
3075 2970 3586 3042 συνηριθμήθησαν.
3618 2971 3732 3027 Καὶ⁵

2145 3062 2286 3135 μετὰ
2316 3062 2475 3117 τοῦτο
2501 3063 2717 3133 δεήσεις
2746 3061 3125 3134 ἐπιδεδομέναι
3154 3062 3310 3135 παρὰ
3346 3063 3458 3119 τῶν
3501 3064 3732 3118 ἐπισκό-

449 3135 675 3192 admissi
709 3146 838 3193 sunt
882 3138 937 3193 in
983 3141 1277 3213 synodum.
1323 3145 1519 3203 Postea
1554 3149 1768 3206 recitati
1810 3163 1941 3209 sunt
1968 3155 2038 3211 li-

2144 3174 2262 3211 πων
2294 3156 2395 3227 τῆς
2420 3156 2481 3211 ἐν
2509 3154 2775 3228 Αἰγύπτῳ
2806 3155 3135 3227 διοικήσεως
3163 3155 3475 3229 Μαρκιανῷ
3501 3156 3583 3227 τῷ
3627 3158 3731 3212 αὐ-

450 3228 578 3285 belli
605 3244 852 3322 precum.
884 3232 979 3302 qui
1008 3233 1078 3288 ab
1110 3235 1390 3307 episcopis
1416 3238 1755 3313 [Egyptiach
1778 3244 2037 3303 dimcesis

2143 3249 2439 3321 τοκράτορι
2468 3248 2899 3319 ἀνεγνώσθησαθ
2920 3288 2937 3314 ,
2976 3248 3033 3303 αἳ
3068 3249 3389 3321 περιέχουσι
3424 3228 3564 3322 πρὸς
3604 3251 3728 3305 ἐτέ-

449 3320 621 3377 oblati
650 3321 870 3378 fuerant
898 3324 1215 3396 imperatori
1248 3328 1544 3386 Marciano.
1573 3334 1631 3388 In
1658 3335 1861 3405 quibus
1888 3338 2035 3393 inter

449 3414 558 3471 alia
586 3457 601 3479 ,
650 3415 769 3473 hate
814 3416 1141 3488 legebantur
1183 3440 1196 3476 :
1243 3421 1525 3481 Sentimus
1570 3428 2033 3497 quemadmodum

452 3508 684 3564 trecenti
733 3517 790 3564 et
835 3510 1143 3567 octodecim
1177 3513 1367 3570 Patres
1410 3516 2032 3592 Nisam-exposuerunt,

448 3615 508 3660 et
536 3605 730 3661 beatus
757 3605 1116 3674 Athanasius,
1142 3619 1199 3664 ct
1225 3621 1427 3668 sancta:
1451 3615 1733 3672 memoriae
1756 3616 2031 3690 Cyrillus;

447 3697 800 3753 anathemate
834 3698 1159 3755 damnantes
1181 3718 1401 3759 omnem
1443 3704 1715 3773 haeresim,
1742 3709 1859 3765 Arii
1882 3713 2033 3769 scili-

448 3799 539 3845 cet
580 3798 749 3860 atque
790 3790 1072 3859 Eunomii,
1128 3793 1361 3851 Manetis
1406 3796 1536 3853 item
1571 3815 1637 3856 ac
1669 3801 1930 3868 Nestorii,
1976 3817 2033 3863 et

448 3896 643 3943 eorum
691 3882 797 3954 qui-
837 3883 1036 3940 dicunt
1086 3901 1308 3943 carnem
1344 3890 1563 3947 Domini
1612 3895 1786 3958 nostri
1820 3912 1851 3952 e
1891 3900 2032 3954 cmlo

445 3989 591 4039 esse,
620 3991 729 4030 non
758 3987 942 4032 autem
971 3994 1039 4033 ex
1089 3987 1279 4037 sancta
1305 3980 1540 4052 Deipara
1569 3992 1625 4039 et
1657 4001 1875 4056 semper
1906 3990 2032 4045 Vir-

444 4064 572 4135 gine
606 4066 793 4131 Maria,
823 4067 1061 4123 similem
1091 4069 1336 4125 omnium
1371 4082 1620 4130 nostrum
1640 4076 1801 4147 325
1824 4079 2033 4151 absque

445 4165 692 4229 peccato.
720 4158 863 4213 Tum
894 4175 1089 4215 omnes
1134 4160 1384 4233 episcopi
1425 4166 1521 4233 qui
1571 4165 1626 4221 in
1666 4170 1877 4240 synodo
1934 4174 2033 4228 ad~

444 4256 625 4312 erant,
656 4248 1144 4307 exclamarunthis
1163 4253 1349 4309 verbis
1378 4271 1391 4309 :
1429 4255 1542 4312 Cur
1564 4258 1832 4332 Eutycltis
1865 4264 2031 4321 etiam

442 4333 641 4406 dogma
696 4337 786 4393 isti
847 4339 1074 4399 minime
1114 4343 1501 4403 damnarunt?
1546 4352 1793 4422 epistola:
1826 4355 2031 4416 Leonis

442 4430 815 4500 subscribam,
851 4435 1202 4494 anathemate
1248 4440 1573 4499 damnantes
1614 4445 1919 4520 Eutycbem
1964 4469 2030 4509 ac

2138 3359 2256 3412 ροις
2280 3358 2296 3374 ·
2358 3340 2672 3414 Φρονοῢμεν
2701 3341 2884 3406 καθὼς
2922 3343 3018 3397 καὶ
3066 3344 3115 3397 oi
3166 3343 3226 3397 ἐν
3256 3343 3467 3416 Νικαία
3494 3351 3605 3413 nr,’
3638 3345 3727 3412 ἐξ·

2136 3432 2343 3497 έθεντο,
2374 3432 2471 3486 καὶ
2497 3433 2526 3486 6
2562 3432 2835 3502 μακάριος
2873 3431 3193 3497 ’Δθανάσιος
3214 3472 3231 3499 ,
3268 3434 3363 3487 καὶ
3386 3434 3415 3487 6
3454 3435 3511 3487 ἐν
3537 3433 3723 3503 ἁγίοις

2136 3524 2437 3597 Κύριλλος·
2461 3524 2963 3595 άναθεματίζοντες
3026 3526 3208 3580 πᾶσαν
3266 3525 3503 3597 αἵρεσιν,
3534 3526 3636 3596 τήν
3664 3540 3726 3579 τε

2149 3622 2385 3694 Ἀρείου,
2420 3620 2517 3675 καὶ
2546 3620 2836 3692 Εὑνομίου,
2865 3620 2960 3674 καὶ
3016 3618 3226 3685 Μάνου,
3257 3621 3352 3674 καὶ
3379 3619 3685 3691 Νεστορίου
3704 3660 3721 3688 ,

2134 3718 2231 3772 καὶ
2262 3716 2371 3770 τῶν
2398 3716 2666 3786 λεγόντων
2699 3714 2758 3782 ἐξ
2784 3713 3017 3786 ούρανοῦ
3044 3714 3151 3785 ,τὴν
3178 3713 3360 3786 σάρκα
3390 3713 3485 3768 τοῦ
3516 3712 3723 3785 Κυρίου

2135 3813 2311 3884 ἡμῶν,
2346 3810 2439 3867 καὶ
2458 3809 2533 3881 μὴ
2550 3811 2614 3864 ἐκ
2638 3808 2739 3878 τῆς
2761 3806 2922 3876 ἁγίας
2938 3805 3200 3860 Θεοτόκου
3222 3805 3318 3859 καὶ
3332 3802 3720 3873 ’Δειπαρθένου

2136 3904 2378 3975 Μαρίας,
2408 3900 2532 3956 καθ’
2559 3900 2856 3971 ὁμοιότητα
2888 3898 3106 3952 πάντων
3127 3896 3309 3969 ἡμῶν,
3339 3896 3513 3966 χωρὶς
3535 3896 3721 3968 ἁμαρ-

2133 3997 2276 4061 τίας.
2299 3995 2511 4059 Πάντες
2534 3994 2583 4047 οἱ
2614 3994 2710 4064 τῆς
2746 3990 2968 4046 συνόδου
2998 3991 3311 4061 ἀνέκραξαν
3339 3989 3616 4059 λέγοντες
3647 3988 3721 4043 T6

2134 4090 2311 4160 δόγμα
2339 4085 2615 4159 Εὐτυχοῦς
2640 4084 2785 4140 διατί
2816 4086 2892 4157 μὴ
2922 4084 3326 4156 ἀνεθεμάτισαν
3354 4101 3369 4151 ;
3406 4087 3472 4157 τῇ
3503 4085 3721 4138 ἐπιστο-

2133 4183 2198 4255 λῇ
2230 4182 2459 4244 Λέοντος
2491 4178 2919 4249 ύπογράψωσιν,
2952 4175 3451 4248 άναθεματίξοντες
3484 4176 3723 4247 Εὑτυχετ

2134 4278 2230 4331 καὶ
2282 4277 2396 4341 τοῖς
2448 4274 2717 4344 δόγμασιν
2778 4268 2945 4325 αὐτοῦ
2969 4286 2985 4302 ο
3024 4269 3328 4325 συνθῶνται
3358 4272 3423 4341 τῇ
3455 4270 3718 4342 ἐπιστολῇ

2132 4368 2379 4431 Λέοντος·
2411 4363 2676 4437 χλευάσαι
2698 4363 2844 4434 ἡμᾶς
2875 4361 3122 4416 θέλουσιν
3147 4362 3242 4415 καὶ
3267 4359 3546 4416 ἀπελθεῖν.
3572 4361 3718 4431 Πρὸς

2134 4460 2171 4517 ἃ.
2193 4458 2413 4530 διῆλθον
2438 4457 2489 4512 οἱ
2517 4456 2578 4522 ἐξ
2607 4455 2892 4524 Αἰγύπτου
2921 4453 3237 4521 ἐπίσκοποι,
3270 4454 3347 4518 ὡς
3376 4452 3565 4507 πολλοὶ
3590 4469 3716 4521 τυγ-

443 4522 751 4580 doctrinam
778 4527 939 4598 ejus:
966 4531 1583 4605 οοηεοηιὶοιιιθρίειοιεο
1622 4539 1858 4611 Leonis;
1901 4546 2028 4604 illu-

2143 4522 2389 4626 χάνουσιν
2423 4552 2472 4604 οἱ
2495 4550 2552 4603 ἐν
2582 4522 2848 4619 Αἰγύπτῳ
2878 4547 3191 4613 ἐπίσκοποι,
3224 4546 3323 4601 καὶ
3355 4545 3430 4618 μὴ
3456 4544 3716 4600 δύνασθαι

440 4616 573 4713 dere
620 4619 783 4713 nobis
817 4623 1010 4679 volunt
1050 4634 1107 4680 et
1147 4627 1465 4686 abscedere.
1513 4632 1595 4689 Ad
1631 4635 1749 4693 hate
1780 4640 2028 4713 episcopi

2143 4616 2196 4703 τὸ
2237 4647 2344 4699 τῶν
2405 4616 2940 4713 ἀπολιμπανομένων
2983 4616 3663 4710 άναδέξασθαιήπρόσωπον
3695 4651 3713 4671 ⁸

438 4707 657 4783 [Egypti
715 4714 1143 4787 responderunt,
1197 4720 1402 4779 multos
1452 4737 1576 4781 esse
1607 4707 1918 4802 episcopos
1968 4707 2026 4794 in

2143 4740 2233 4797 καὶ
2283 4736 2634 4811 παρεκάλουν
2692 4735 2984 4807 ἀναμεῖναι
3031 4733 3132 4805 τὴν
3170 4732 3390 4787 σύνοδον
3417 4733 3509 4788 τὸν
3533 4730 3714 4788 αὐτῶν

1647 4890 1918 4951 VALESII
1961 4898 2413 4959 ΑΝΝΟΤΑἹΙΟΝ
2421 4898 2526 4954 ES.

504 4966 793 5071 ιὲἱθληζζερὶ
828 4973 1029 5071 (ἷζοζξῦν
1072 4975 1192 5071 {Eur
1224 4979 1485 5061 πάντων.
1532 4984 1760 5071 {lectius
1803 4990 1857 5046 in
1898 5011 2017 5051 ma-

2143 4999 2361 5071 tctioney
2395 5006 2592 5071 quarta
2634 4992 2830 5066 synodi
2875 4991 3136 5050 Cltalced.
3181 4990 3467 5071 pag.252,
3495 5001 3710 5043 necnon

440 5044 739 5143 2:152:12“
761 5044 1053 5143 ἓ⁰¹¹⁵⁰ί¹ιζ¹¹⁵
1080 5047 1400 5143 norem?!"
1443 5063 1500 5109 ει
1532 5044 2016 5138 Τιειιοτίειυόιὲέῖ-
2125 5044 2693 5143 Ξῇἱίἆᾜίεὲὗῖιὸῗυιῐῖ.

441 5114 533 5162 tur
560 5113 668 5166 τῶν
716 5113 899 5169 πέντε.
950 5115 1238 5189 Quomodo
1290 5122 1457 5179 etiam
1502 5113 2016 5201 scriptumﬁestvoi'n

1861 5272 2257 5336 VARIORUM.

506 5344 1273 5444 ερὶηὲὺρέἓίτξτξίὲψιξζῖιξς
1322 5357 1401 5428 τῆ
1430 5362 1693 5444 συνέδφ-
1711 5366 1784 5444 ΒΞ
1803 5371 2035 5444 estqui

2146 5373 2430 5430 Concilior.
2460 5373 2594 5429 edit.
2630 5373 2803 5440 Labb.
2834 5388 2957 5444 pag.
2990 5372 3150 5428 1475.
3182 5370 3294 5427 Leo
3327 5386 3471 5444 saepe
3518 5370 3705 5444 horta-

435 5418 1056 5513 ??Eﬂﬂifeonjs'w
1096 5418 1413 5513 Ψθνίίξηηῆι
1480 5418 1653 5502 θρίδαξ
1704 5418 2037 5513 (ᾗῇηιῖἶίξέςξ
2145 5418 2987 5507 FJE'iSEGe's'EitBI(Nam;53s,
3017 5454 3079 5497 ut
3106 5444 3265 5498 venia
3287 5418 3563 5513 cpis'cOpis
3589 5458 3703 5513 po:-

398 5562 403 5566 ι
932 5563 944 5585 ε
954 5500 1430 5585 u‘t‘atttccedentia
1454 5487 2037 5585 et'sequent—jaostvcn:

2143 5487 2449 5571 nitentibus
2500 5516 2921 5572 concederetur.
2974 5487 3105 5570 'Vid.
3164 5487 3449 5585 epistfsa,
3482 5487 3699 5576 20346.

438 5557 599 5647 dunt.
634 5557 909 5647 Intellige.’
932 5563 1070 5623 istos
1115 5568 1434 5647 episcopos,
1462 5574 1574 5647 Δ(ιι,ιί
1603 5557 2029 5647 ﬁliani-abiis

436 5638 623 5735 irriti!”
650 5631 927 5722 Dioscuri.
972 5631 1207 5735 concilii»
1271 5631 1553 5735 arguendo
1603 5631 2027 5735 assentirentur:

2199 5631 2680 5735 (figam,
2699 5656 2803 5735 ara}
2831 5657 2942 5725 τῆς
2972 5656 3279 5735 ρειοτάτης
3306 5652 3578 5735 κορυφῆς
3604 5652 3695 5735 mf!

434 5709 1234 5800 jfro's‘tfint‘amenninu.synodo
1273 5709 1603 5800 _CPoli3aua,o
1641 5718 1711 5771 ab
1748 5709 2025 5800 ‘Anatolio
2126 5709 2934 5800 dabin—Episcopi"nimirum
2971 5709 3032 5782 in
3065 5709 3303 5800 secunda
3353 5709 3569 5781 actione
3600 5722 3696 5800 soli

433 5782 943 5869 εθζιβνίξξξὶιῇᾗθξιξξς)
969 5778 1096 5869 4,530;
1148 5781 1393 5869 cpistola?
1434 5778 1637 5869 Lqmiis
1681 5791 2025 5869 subscripsg:
2122 5778 3575 5869 sanciatur;2‘ua"'tjiagaor'as'aégagnug'esat
3610 5794 3694 5851 w.

432 5852 579 5898 rant.
616 5841 793 5916 llujus
836 5848 1028 5918 synodi
1071 5841 1375 5922 frag-menta
1423 5841 1621 5916 videre
1658 5841 2020 5920 έειῖὸίιῖὶὶι
