  <div class='ocr_page' id='page_1' title='image "/cluster/home/n/w/nwhite01/storage/ocr_20150623/86:2/hvd.32044012719696/420.png"; bbox 0 0 4048 6516; ppageno 0'>
   <div class='ocr_carea' id='block_1_1' title="bbox 249 318 375 387">
    <p class='ocr_par' dir='ltr' id='par_1_1' title="bbox 249 318 375 387">
     <span class='ocr_line' id='line_1_1' title="bbox 249 318 375 387; baseline -0.04 1"><span class='ocrx_word' id='word_1_1' title='bbox 249 318 375 387; x_wconf 69' lang='lat'><strong>2381</strong></span> 
     </span>
    </p>
   </div>
   <div class='ocr_carea' id='block_1_2' title="bbox 1202 276 2608 378">
    <p class='ocr_par' dir='ltr' id='par_1_2' title="bbox 1202 276 2608 378">
     <span class='ocr_line' id='line_1_2' title="bbox 1202 276 2608 378; baseline 0.001 -3"><span class='ocrx_word' id='word_1_2' title='bbox 1202 313 1588 377; x_wconf 64' lang='lat' dir='ltr'><strong>ms&#39;romm</strong></span> <span class='ocrx_word' id='word_1_3' title='bbox 1626 315 2217 378; x_wconf 64' lang='lat' dir='ltr'><strong>ECCLESIASTICzE</strong></span> <span class='ocrx_word' id='word_1_4' title='bbox 2258 276 2489 377; x_wconf 80' lang='lat' dir='ltr'><strong>LlBER</strong></span> <span class='ocrx_word' id='word_1_5' title='bbox 2526 317 2608 376; x_wconf 78' lang='grc' dir='ltr'><strong>ιι.</strong></span> 
     </span>
    </p>
   </div>
   <div class='ocr_carea' id='block_1_3' title="bbox 3369 309 3513 375">
    <p class='ocr_par' dir='ltr' id='par_1_3' title="bbox 3369 309 3513 375">
     <span class='ocr_line' id='line_1_3' title="bbox 3369 309 3513 375; baseline 0 -1"><span class='ocrx_word' id='word_1_6' title='bbox 3369 309 3513 375; x_wconf 74' lang='grc'><strong>2582</strong></span> 
     </span>
    </p>
   </div>
   <div class='ocr_carea' id='block_1_4' title="bbox 250 424 1863 505">
    <p class='ocr_par' dir='ltr' id='par_1_4' title="bbox 250 425 1863 505">
     <span class='ocr_line' id='line_1_4' title="bbox 250 425 1863 505; baseline -0.005 -19"><span class='ocrx_word' id='word_1_7' title='bbox 250 429 700 505; x_wconf 78' lang='grc' dir='ltr'>ἀρχιεπεσκοπον,</span> <span class='ocrx_word' id='word_1_8' title='bbox 736 426 825 482; x_wconf 82' lang='grc' dir='ltr'><strong>ἵνα</strong></span> <span class='ocrx_word' id='word_1_9' title='bbox 850 429 914 500; x_wconf 79' lang='grc' dir='ltr'>τῇ</span> <span class='ocrx_word' id='word_1_10' title='bbox 943 425 1141 501; x_wconf 83' lang='grc' dir='ltr'>γνώμῃ</span> <span class='ocrx_word' id='word_1_11' title='bbox 1180 428 1396 483; x_wconf 87' lang='grc' dir='ltr'>ἐκείνου</span> <span class='ocrx_word' id='word_1_12' title='bbox 1439 427 1822 498; x_wconf 81' lang='grc' dir='ltr'>ἀκολουθήσω·</span> <span class='ocrx_word' id='word_1_13' title='bbox 1852 466 1863 495; x_wconf 52' lang='grc' dir='ltr'><strong>γ</strong></span> 
     </span>
    </p>
   </div>
   <div class='ocr_carea' id='block_1_5' title="bbox 1961 424 3598 505">
    <p class='ocr_par' dir='ltr' id='par_1_5' title="bbox 1961 424 3598 500">
     <span class='ocr_line' id='line_1_5' title="bbox 1961 424 3598 500; baseline -0.005 -18"><span class='ocrx_word' id='word_1_14' title='bbox 1961 427 2180 500; x_wconf 79' lang='lat' dir='ltr'><strong>Egypto,</strong></span> <span class='ocrx_word' id='word_1_15' title='bbox 2200 443 2304 482; x_wconf 87' lang='lat' dir='ltr'><strong>nec</strong></span> <span class='ocrx_word' id='word_1_16' title='bbox 2333 442 2493 497; x_wconf 84' lang='lat' dir='ltr'><strong>posse</strong></span> <span class='ocrx_word' id='word_1_17' title='bbox 2520 442 2578 482; x_wconf 83' lang='lat' dir='ltr'><strong>se</strong></span> <span class='ocrx_word' id='word_1_18' title='bbox 2607 425 2855 480; x_wconf 90' lang='lat' dir='ltr'><strong>omnium</strong></span> <span class='ocrx_word' id='word_1_19' title='bbox 2894 437 3188 495; x_wconf 85' lang='lat' dir='ltr'><strong>personam</strong></span> <span class='ocrx_word' id='word_1_20' title='bbox 3216 424 3519 483; x_wconf 73' lang='lat' dir='ltr'><strong>sustinere,</strong></span> <span class='ocrx_word' id='word_1_21' title='bbox 3594 455 3598 459; x_wconf 90' lang='lat'><strong>-</strong></span> 
     </span>
    </p>
   </div>
   <div class='ocr_carea' id='block_1_6' title="bbox 252 519 1827 593">
    <p class='ocr_par' dir='ltr' id='par_1_6' title="bbox 252 519 1827 593">
     <span class='ocr_line' id='line_1_6' title="bbox 252 519 1827 593; baseline -0.013 -11"><span class='ocrx_word' id='word_1_22' title='bbox 252 545 348 590; x_wconf 90' lang='grc' dir='ltr'>σιν,</span> <span class='ocrx_word' id='word_1_23' title='bbox 371 523 447 587; x_wconf 85' lang='grc' dir='ltr'>ὡς</span> <span class='ocrx_word' id='word_1_24' title='bbox 479 521 543 575; x_wconf 75' lang='grc' dir='ltr'>τὸ</span> <span class='ocrx_word' id='word_1_25' title='bbox 574 520 696 585; x_wconf 76' lang='grc' dir='ltr'>ἔθος</span> <span class='ocrx_word' id='word_1_26' title='bbox 726 519 998 591; x_wconf 85' lang='grc' dir='ltr'>βούλεται.</span> <span class='ocrx_word' id='word_1_27' title='bbox 1037 522 1165 576; x_wconf 72' lang='grc' dir='ltr'>Ἐὰν</span> <span class='ocrx_word' id='word_1_28' title='bbox 1188 521 1296 593; x_wconf 78' lang='grc' dir='ltr'>γὰρ</span> <span class='ocrx_word' id='word_1_29' title='bbox 1318 522 1425 593; x_wconf 76' lang='grc' dir='ltr'>πρὸ</span> <span class='ocrx_word' id='word_1_30' title='bbox 1448 522 1547 592; x_wconf 75' lang='grc' dir='ltr'>τῆς</span> <span class='ocrx_word' id='word_1_31' title='bbox 1567 520 1664 575; x_wconf 75' lang='grc' dir='ltr'><strong>τοῦ</strong></span> <span class='ocrx_word' id='word_1_32' title='bbox 1697 522 1827 591; x_wconf 76' lang='grc' dir='ltr'>ἡγε-</span> 
     </span>
    </p>
   </div>
   <div class='ocr_carea' id='block_1_7' title="bbox 252 611 1828 688">
    <p class='ocr_par' dir='ltr' id='par_1_7' title="bbox 252 611 1828 688">
     <span class='ocr_line' id='line_1_7' title="bbox 252 611 1828 688; baseline -0.003 -18"><span class='ocrx_word' id='word_1_33' title='bbox 252 614 571 688; x_wconf 78' lang='grc' dir='ltr'>μονεύοντος</span> <span class='ocrx_word' id='word_1_34' title='bbox 621 612 896 684; x_wconf 75' lang='grc' dir='ltr'>προϐολῆς</span> <span class='ocrx_word' id='word_1_35' title='bbox 926 613 1203 683; x_wconf 82' lang='grc' dir='ltr'>ποιήσωσί</span> <span class='ocrx_word' id='word_1_36' title='bbox 1240 630 1315 675; x_wconf 87' lang='grc' dir='ltr'><strong>τι,</strong></span> <span class='ocrx_word' id='word_1_37' title='bbox 1353 611 1689 685; x_wconf 73' lang='grc' dir='ltr'><strong>ἐπέρχεσθαι</strong></span> <span class='ocrx_word' id='word_1_38' title='bbox 1728 611 1828 665; x_wconf 82' lang='grc' dir='ltr'>αύ-</span> 
     </span>
    </p>
   </div>
   <div class='ocr_carea' id='block_1_8' title="bbox 249 702 1827 774">
    <p class='ocr_par' dir='ltr' id='par_1_8' title="bbox 249 702 1827 774">
     <span class='ocr_line' id='line_1_8' title="bbox 249 702 1827 774; baseline -0.001 -15"><span class='ocrx_word' id='word_1_39' title='bbox 249 707 353 768; x_wconf 84' lang='grc' dir='ltr'><strong>τοίς</strong></span> <span class='ocrx_word' id='word_1_40' title='bbox 382 704 508 766; x_wconf 80' lang='grc' dir='ltr'>τοὺς</span> <span class='ocrx_word' id='word_1_41' title='bbox 539 703 653 757; x_wconf 84' lang='grc' dir='ltr'><strong>ἀπὸ</strong></span> <span class='ocrx_word' id='word_1_42' title='bbox 696 702 878 773; x_wconf 72' lang='grc' dir='ltr'>πάσης</span> <span class='ocrx_word' id='word_1_43' title='bbox 926 702 1027 773; x_wconf 87' lang='grc' dir='ltr'><strong>τῆς</strong></span> <span class='ocrx_word' id='word_1_44' title='bbox 1065 704 1448 774; x_wconf 74' lang='grc' dir='ltr'><strong>Αἰγυπτιακῆς</strong></span> <span class='ocrx_word' id='word_1_45' title='bbox 1479 702 1827 772; x_wconf 80' lang='grc' dir='ltr'><strong>διοικήσεως.</strong></span> 
     </span>
    </p>
   </div>
   <div class='ocr_carea' id='block_1_9' title="bbox 253 794 1832 867">
    <p class='ocr_par' dir='ltr' id='par_1_9' title="bbox 253 794 1832 867">
     <span class='ocr_line' id='line_1_9' title="bbox 253 794 1832 867; baseline -0.005 -14"><span class='ocrx_word' id='word_1_46' title='bbox 253 797 355 853; x_wconf 75' lang='grc' dir='ltr'>Καὶ</span> <span class='ocrx_word' id='word_1_47' title='bbox 390 794 571 849; x_wconf 64' lang='grc' dir='ltr'>πολλὰ</span> <span class='ocrx_word' id='word_1_48' title='bbox 599 794 729 867; x_wconf 83' lang='grc' dir='ltr'>περὶ</span> <span class='ocrx_word' id='word_1_49' title='bbox 761 794 967 848; x_wconf 88' lang='grc' dir='ltr'>τούτων</span> <span class='ocrx_word' id='word_1_50' title='bbox 986 794 1313 864; x_wconf 76' lang='grc' dir='ltr'><strong>δεηθέντων,</strong></span> <span class='ocrx_word' id='word_1_51' title='bbox 1344 797 1437 850; x_wconf 83' lang='grc' dir='ltr'>καὶ</span> <span class='ocrx_word' id='word_1_52' title='bbox 1465 796 1574 849; x_wconf 88' lang='grc' dir='ltr'><strong>τῶν</strong></span> <span class='ocrx_word' id='word_1_53' title='bbox 1595 795 1703 850; x_wconf 81' lang='grc' dir='ltr'>ἀπὸ</span> <span class='ocrx_word' id='word_1_54' title='bbox 1731 795 1832 865; x_wconf 79' lang='grc' dir='ltr'>τῆς</span> 
     </span>
    </p>
   </div>
   <div class='ocr_carea' id='block_1_10' title="bbox 256 873 1827 959">
    <p class='ocr_par' dir='ltr' id='par_1_10' title="bbox 256 873 1827 959">
     <span class='ocr_line' id='line_1_10' title="bbox 256 873 1827 959; baseline -0.003 -16"><span class='ocrx_word' id='word_1_55' title='bbox 256 889 464 943; x_wconf 76' lang='grc' dir='ltr'>συνόδου</span> <span class='ocrx_word' id='word_1_56' title='bbox 544 888 692 959; x_wconf 78' lang='grc' dir='ltr'>μάλα</span> <span class='ocrx_word' id='word_1_57' title='bbox 761 887 999 959; x_wconf 78' lang='grc' dir='ltr'><strong>ἰσχυρῶς</strong></span> <span class='ocrx_word' id='word_1_58' title='bbox 1029 873 1474 952; x_wconf 52' lang='grc' dir='ltr'>’ἀντιτεινόντωιδ</span> <span class='ocrx_word' id='word_1_59' title='bbox 1532 887 1827 959; x_wconf 83' lang='grc' dir='ltr'>διελαλήθη</span> 
     </span>
    </p>
   </div>
   <div class='ocr_carea' id='block_1_11' title="bbox 254 974 1829 1053">
    <p class='ocr_par' dir='ltr' id='par_1_11' title="bbox 254 974 1829 1053">
     <span class='ocr_line' id='line_1_11' title="bbox 254 974 1829 1053; baseline -0.003 -16"><span class='ocrx_word' id='word_1_60' title='bbox 254 982 531 1053; x_wconf 81' lang='grc' dir='ltr'>ὲνδοθῆναι</span> <span class='ocrx_word' id='word_1_61' title='bbox 586 983 702 1046; x_wconf 80' lang='grc' dir='ltr'>τοῖς</span> <span class='ocrx_word' id='word_1_62' title='bbox 734 980 794 1046; x_wconf 80' lang='grc' dir='ltr'><strong>ἐξ</strong></span> <span class='ocrx_word' id='word_1_63' title='bbox 843 981 1124 1051; x_wconf 79' lang='grc' dir='ltr'><strong>Αἰγύπτου</strong></span> <span class='ocrx_word' id='word_1_64' title='bbox 1177 982 1504 1045; x_wconf 80' lang='grc' dir='ltr'><strong>ἐπισκόποις</strong></span> <span class='ocrx_word' id='word_1_65' title='bbox 1540 979 1737 1051; x_wconf 80' lang='grc' dir='ltr'><strong>μέχρις</strong></span> <span class='ocrx_word' id='word_1_66' title='bbox 1767 974 1829 1034; x_wconf 76' lang='grc' dir='ltr'>οὗ</span> 
     </span>
    </p>
   </div>
   <div class='ocr_carea' id='block_1_12' title="bbox 249 1072 1833 1156">
    <p class='ocr_par' dir='ltr' id='par_1_12' title="bbox 249 1072 1833 1156">
     <span class='ocr_line' id='line_1_12' title="bbox 249 1072 1833 1156; baseline -0.001 -29"><span class='ocrx_word' id='word_1_67' title='bbox 249 1074 687 1156; x_wconf 66' lang='grc' dir='ltr'>ῥρχιεπίσκοπος</span> <span class='ocrx_word' id='word_1_68' title='bbox 765 1075 952 1137; x_wconf 80' lang='grc' dir='ltr'>αὐτοῖς</span> <span class='ocrx_word' id='word_1_69' title='bbox 1022 1073 1454 1145; x_wconf 85' lang='grc' dir='ltr'>προχειρισθείη.</span> <span class='ocrx_word' id='word_1_70' title='bbox 1517 1073 1630 1128; x_wconf 76' lang='grc' dir='ltr'><strong>Καὶ</strong></span> <span class='ocrx_word' id='word_1_71' title='bbox 1693 1072 1833 1142; x_wconf 83' lang='grc' dir='ltr'>μετὰ</span> 
     </span>
    </p>
   </div>
   <div class='ocr_carea' id='block_1_13' title="bbox 256 1162 1838 1239">
    <p class='ocr_par' dir='ltr' id='par_1_13' title="bbox 256 1162 1838 1239">
     <span class='ocr_line' id='line_1_13' title="bbox 256 1162 1838 1239; baseline 0.001 -17"><span class='ocrx_word' id='word_1_72' title='bbox 256 1168 423 1233; x_wconf 81' lang='grc' dir='ltr'>τοῦτο,</span> <span class='ocrx_word' id='word_1_73' title='bbox 448 1168 671 1239; x_wconf 84' lang='grc' dir='ltr'><strong>δεήσεις</strong></span> <span class='ocrx_word' id='word_1_74' title='bbox 703 1167 1010 1222; x_wconf 81' lang='grc' dir='ltr'>ὲπεδίδοντό</span> <span class='ocrx_word' id='word_1_75' title='bbox 1036 1185 1197 1222; x_wconf 86' lang='grc' dir='ltr'>τινων</span> <span class='ocrx_word' id='word_1_76' title='bbox 1231 1167 1504 1239; x_wconf 85' lang='grc' dir='ltr'>μοναχῶν,</span> <span class='ocrx_word' id='word_1_77' title='bbox 1537 1162 1613 1222; x_wconf 83' lang='grc' dir='ltr'>ὧν</span> <span class='ocrx_word' id='word_1_78' title='bbox 1638 1168 1700 1222; x_wconf 83' lang='grc' dir='ltr'>τὸ</span> <span class='ocrx_word' id='word_1_79' title='bbox 1739 1186 1838 1224; x_wconf 80' lang='grc' dir='ltr'>κε-</span> 
     </span>
    </p>
   </div>
   <div class='ocr_carea' id='block_1_14' title="bbox 258 1255 1840 1331">
    <p class='ocr_par' dir='ltr' id='par_1_14' title="bbox 258 1255 1840 1331">
     <span class='ocr_line' id='line_1_14' title="bbox 258 1255 1840 1331; baseline -0.001 -17"><span class='ocrx_word' id='word_1_80' title='bbox 258 1259 480 1330; x_wconf 72' lang='grc' dir='ltr'>φάλαιον</span> <span class='ocrx_word' id='word_1_81' title='bbox 541 1255 659 1331; x_wconf 75' lang='grc' dir='ltr'>ἦν,</span> <span class='ocrx_word' id='word_1_82' title='bbox 726 1259 995 1330; x_wconf 82' lang='grc' dir='ltr'>μηδαμῶς</span> <span class='ocrx_word' id='word_1_83' title='bbox 1058 1259 1259 1323; x_wconf 79' lang='grc' dir='ltr'>αὐτοὺς</span> <span class='ocrx_word' id='word_1_84' title='bbox 1309 1258 1721 1328; x_wconf 75' lang='grc' dir='ltr'><strong>ἀναγκάζεσθαι</strong></span> <span class='ocrx_word' id='word_1_85' title='bbox 1780 1258 1840 1314; x_wconf 82' lang='grc' dir='ltr'><strong>έν</strong></span> 
     </span>
    </p>
   </div>
   <div class='ocr_carea' id='block_1_15' title="bbox 258 1351 1840 1426">
    <p class='ocr_par' dir='ltr' id='par_1_15' title="bbox 258 1351 1840 1426">
     <span class='ocr_line' id='line_1_15' title="bbox 258 1351 1840 1426; baseline -0.001 -19"><span class='ocrx_word' id='word_1_86' title='bbox 258 1371 358 1408; x_wconf 85' lang='grc' dir='ltr'>τισι</span> <span class='ocrx_word' id='word_1_87' title='bbox 404 1354 639 1425; x_wconf 81' lang='grc' dir='ltr'>χάρταις</span> <span class='ocrx_word' id='word_1_88' title='bbox 691 1352 1053 1424; x_wconf 63' lang='grc' dir='ltr'>ὑπογράφειν,</span> <span class='ocrx_word' id='word_1_89' title='bbox 1080 1352 1279 1423; x_wconf 79' lang='grc' dir='ltr'><strong>μέχρις</strong></span> <span class='ocrx_word' id='word_1_90' title='bbox 1321 1352 1388 1406; x_wconf 83' lang='grc' dir='ltr'><strong>ἂν</strong></span> <span class='ocrx_word' id='word_1_91' title='bbox 1418 1351 1840 1426; x_wconf 87' lang='grc' dir='ltr'>συναθροισθείη</span> 
     </span>
    </p>
   </div>
   <div class='ocr_carea' id='block_1_16' title="bbox 1925 511 3518 586">
    <p class='ocr_par' dir='ltr' id='par_1_16' title="bbox 1925 511 3518 586">
     <span class='ocr_line' id='line_1_16' title="bbox 1925 511 3518 586; baseline -0.004 -16"><span class='ocrx_word' id='word_1_92' title='bbox 1925 516 2306 586; x_wconf 86' lang='lat' dir='ltr'><strong>rogabantque</strong></span> <span class='ocrx_word' id='word_1_93' title='bbox 2337 524 2398 568; x_wconf 91' lang='lat' dir='ltr'><strong>ut</strong></span> <span class='ocrx_word' id='word_1_94' title='bbox 2446 512 2692 586; x_wconf 84' lang='lat' dir='ltr'><strong>synodus</strong></span> <span class='ocrx_word' id='word_1_95' title='bbox 2731 513 3222 582; x_wconf 84' lang='lat' dir='ltr'><strong>archiepiscopum</strong></span> <span class='ocrx_word' id='word_1_96' title='bbox 3271 511 3518 582; x_wconf 88' lang='lat' dir='ltr'><strong>ipsorum</strong></span> 
     </span>
    </p>
   </div>
   <div class='ocr_carea' id='block_1_17' title="bbox 1925 602 3519 679">
    <p class='ocr_par' dir='ltr' id='par_1_17' title="bbox 1925 602 3519 679">
     <span class='ocr_line' id='line_1_17' title="bbox 1925 602 3519 679; baseline -0.007 -15"><span class='ocrx_word' id='word_1_97' title='bbox 1925 602 2292 679; x_wconf 56' lang='lat' dir='ltr'><strong>eispectaret,</strong></span> <span class='ocrx_word' id='word_1_98' title='bbox 2314 605 2548 676; x_wconf 90' lang='lat' dir='ltr'><strong>quoipsi</strong></span> <span class='ocrx_word' id='word_1_99' title='bbox 2583 604 2914 660; x_wconf 87' lang='lat' dir='ltr'><strong>sententiam</strong></span> <span class='ocrx_word' id='word_1_100' title='bbox 2942 604 3095 659; x_wconf 90' lang='lat' dir='ltr'><strong>illius</strong></span> <span class='ocrx_word' id='word_1_101' title='bbox 3124 612 3519 673; x_wconf 81' lang='lat' dir='ltr'><strong>sequerentur,</strong></span> 
     </span>
    </p>
   </div>
   <div class='ocr_carea' id='block_1_18' title="bbox 1927 695 3524 770">
    <p class='ocr_par' dir='ltr' id='par_1_18' title="bbox 1927 695 3524 770">
     <span class='ocr_line' id='line_1_18' title="bbox 1927 695 3524 770; baseline -0.007 -13"><span class='ocrx_word' id='word_1_102' title='bbox 1927 701 2091 757; x_wconf 88' lang='lat' dir='ltr'><strong>sicuti</strong></span> <span class='ocrx_word' id='word_1_103' title='bbox 2128 715 2248 755; x_wconf 91' lang='lat' dir='ltr'><strong>mos</strong></span> <span class='ocrx_word' id='word_1_104' title='bbox 2288 699 2553 770; x_wconf 89' lang='lat' dir='ltr'><strong>postulat.</strong></span> <span class='ocrx_word' id='word_1_105' title='bbox 2607 696 2746 751; x_wconf 88' lang='lat' dir='ltr'><strong>Nam</strong></span> <span class='ocrx_word' id='word_1_106' title='bbox 2798 698 2842 751; x_wconf 88' lang='lat' dir='ltr'><strong>si</strong></span> <span class='ocrx_word' id='word_1_107' title='bbox 2893 705 3023 751; x_wconf 89' lang='lat' dir='ltr'><strong>ante</strong></span> <span class='ocrx_word' id='word_1_108' title='bbox 3071 695 3401 750; x_wconf 74' lang='lat' dir='ltr'><strong>electionem</strong></span> <span class='ocrx_word' id='word_1_109' title='bbox 3434 710 3524 747; x_wconf 88' lang='lat' dir='ltr'><strong>ar-</strong></span> 
     </span>
    </p>
   </div>
   <div class='ocr_carea' id='block_1_19' title="bbox 1928 785 3525 863">
    <p class='ocr_par' dir='ltr' id='par_1_19' title="bbox 1928 785 3525 863">
     <span class='ocr_line' id='line_1_19' title="bbox 1928 785 3525 863; baseline -0.006 -16"><span class='ocrx_word' id='word_1_110' title='bbox 1928 791 2269 863; x_wconf 89' lang='lat' dir='ltr'><strong>chiepiscopi</strong></span> <span class='ocrx_word' id='word_1_111' title='bbox 2313 790 2398 845; x_wconf 84' lang='lat' dir='ltr'><strong>sui</strong></span> <span class='ocrx_word' id='word_1_112' title='bbox 2440 787 2726 860; x_wconf 78' lang='lat' dir='ltr'><strong>quidpiam</strong></span> <span class='ocrx_word' id='word_1_113' title='bbox 2762 788 3027 859; x_wconf 80' lang='lat' dir='ltr'><strong>egissent,</strong></span> <span class='ocrx_word' id='word_1_114' title='bbox 3080 795 3311 841; x_wconf 91' lang='lat' dir='ltr'><strong>cunctos</strong></span> <span class='ocrx_word' id='word_1_115' title='bbox 3356 785 3525 855; x_wconf 58' lang='lat' dir='ltr'><strong>r’Egy-</strong></span> 
     </span>
    </p>
   </div>
   <div class='ocr_carea' id='block_1_20' title="bbox 1935 880 3525 957">
    <p class='ocr_par' dir='ltr' id='par_1_20' title="bbox 1935 880 3525 957">
     <span class='ocr_line' id='line_1_20' title="bbox 1935 880 3525 957; baseline -0.006 -16"><span class='ocrx_word' id='word_1_116' title='bbox 1935 887 2131 957; x_wconf 71' lang='lat' dir='ltr'><strong>ptiaca:</strong></span> <span class='ocrx_word' id='word_1_117' title='bbox 2157 883 2414 939; x_wconf 73' lang='lat' dir='ltr'><strong>dimcesis</strong></span> <span class='ocrx_word' id='word_1_118' title='bbox 2450 883 2715 953; x_wconf 89' lang='lat' dir='ltr'><strong>impetum</strong></span> <span class='ocrx_word' id='word_1_119' title='bbox 2748 881 2804 935; x_wconf 92' lang='lat' dir='ltr'><strong>in</strong></span> <span class='ocrx_word' id='word_1_120' title='bbox 2836 882 2984 951; x_wconf 91' lang='lat' dir='ltr'><strong>ipsos</strong></span> <span class='ocrx_word' id='word_1_121' title='bbox 3011 896 3133 935; x_wconf 88' lang='lat' dir='ltr'><strong>esse</strong></span> <span class='ocrx_word' id='word_1_122' title='bbox 3166 880 3427 934; x_wconf 87' lang='lat' dir='ltr'><strong>facturos.</strong></span> <span class='ocrx_word' id='word_1_123' title='bbox 3459 880 3525 933; x_wconf 77' lang='lat' dir='ltr'><strong>Et</strong></span> 
     </span>
    </p>
   </div>
   <div class='ocr_carea' id='block_1_21' title="bbox 1939 972 3523 1046">
    <p class='ocr_par' dir='ltr' id='par_1_21' title="bbox 1939 972 3523 1046">
     <span class='ocr_line' id='line_1_21' title="bbox 1939 972 3523 1046; baseline -0.006 -13"><span class='ocrx_word' id='word_1_124' title='bbox 1939 993 2068 1033; x_wconf 90' lang='lat' dir='ltr'><strong>cum</strong></span> <span class='ocrx_word' id='word_1_125' title='bbox 2099 976 2193 1032; x_wconf 90' lang='lat' dir='ltr'><strong>diu</strong></span> <span class='ocrx_word' id='word_1_126' title='bbox 2221 978 2566 1046; x_wconf 80' lang='lat' dir='ltr'><strong>multumque</strong></span> <span class='ocrx_word' id='word_1_127' title='bbox 2599 974 2767 1045; x_wconf 81' lang='lat' dir='ltr'><strong>hujus</strong></span> <span class='ocrx_word' id='word_1_128' title='bbox 2789 974 2869 1029; x_wconf 86' lang='lat' dir='ltr'><strong>rei</strong></span> <span class='ocrx_word' id='word_1_129' title='bbox 2888 988 3053 1028; x_wconf 90' lang='lat' dir='ltr'><strong>causa</strong></span> <span class='ocrx_word' id='word_1_130' title='bbox 3082 972 3289 1042; x_wconf 82' lang='lat' dir='ltr'><strong>precati</strong></span> <span class='ocrx_word' id='word_1_131' title='bbox 3317 978 3523 1033; x_wconf 83' lang='lat' dir='ltr'><strong>essent,</strong></span> 
     </span>
    </p>
   </div>
   <div class='ocr_carea' id='block_1_22' title="bbox 1940 1058 3528 1139">
    <p class='ocr_par' dir='ltr' id='par_1_22' title="bbox 1940 1058 3528 1139">
     <span class='ocr_line' id='line_1_22' title="bbox 1940 1058 3528 1139; baseline -0.008 -14"><span class='ocrx_word' id='word_1_132' title='bbox 1940 1078 2001 1125; x_wconf 90' lang='lat' dir='ltr'><strong>et</strong></span> <span class='ocrx_word' id='word_1_133' title='bbox 2051 1069 2296 1139; x_wconf 90' lang='lat' dir='ltr'><strong>episcopi</strong></span> <span class='ocrx_word' id='word_1_134' title='bbox 2344 1068 2441 1138; x_wconf 90' lang='lat' dir='ltr'><strong>qui</strong></span> <span class='ocrx_word' id='word_1_135' title='bbox 2490 1067 2547 1122; x_wconf 90' lang='lat' dir='ltr'><strong>in</strong></span> <span class='ocrx_word' id='word_1_136' title='bbox 2578 1065 2817 1122; x_wconf 89' lang='lat' dir='ltr'><strong>concilio</strong></span> <span class='ocrx_word' id='word_1_137' title='bbox 2864 1071 3061 1130; x_wconf 87' lang='lat' dir='ltr'><strong>erant,</strong></span> <span class='ocrx_word' id='word_1_138' title='bbox 3110 1060 3414 1116; x_wconf 79' lang='lat' dir='ltr'><strong>fortissime</strong></span> <span class='ocrx_word' id='word_1_139' title='bbox 3444 1058 3528 1113; x_wconf 89' lang='lat' dir='ltr'><strong>eis</strong></span> 
     </span>
    </p>
   </div>
   <div class='ocr_carea' id='block_1_23' title="bbox 1939 1158 3529 1232">
    <p class='ocr_par' dir='ltr' id='par_1_23' title="bbox 1939 1158 3529 1232">
     <span class='ocr_line' id='line_1_23' title="bbox 1939 1158 3529 1232; baseline -0.01 -13"><span class='ocrx_word' id='word_1_140' title='bbox 1939 1163 2290 1227; x_wconf 89' lang='lat' dir='ltr'><strong>restitissent,</strong></span> <span class='ocrx_word' id='word_1_141' title='bbox 2317 1177 2417 1232; x_wconf 90' lang='lat' dir='ltr'><strong>per</strong></span> <span class='ocrx_word' id='word_1_142' title='bbox 2446 1158 2928 1216; x_wconf 86' lang='lat' dir='ltr'><strong>interlocutionem</strong></span> <span class='ocrx_word' id='word_1_143' title='bbox 2965 1163 3300 1228; x_wconf 59' lang='lat' dir='ltr'><strong>praeceptum</strong></span> <span class='ocrx_word' id='word_1_144' title='bbox 3326 1160 3431 1214; x_wconf 88' lang='lat' dir='ltr'><strong>est,</strong></span> <span class='ocrx_word' id='word_1_145' title='bbox 3467 1160 3529 1204; x_wconf 86' lang='lat' dir='ltr'><strong>ut</strong></span> 
     </span>
    </p>
   </div>
   <div class='ocr_carea' id='block_1_24' title="bbox 1941 1244 3529 1329">
    <p class='ocr_par' dir='ltr' id='par_1_24' title="bbox 1941 1244 3529 1329">
     <span class='ocr_line' id='line_1_24' title="bbox 1941 1244 3529 1329; baseline -0.011 -15"><span class='ocrx_word' id='word_1_146' title='bbox 1941 1257 2216 1329; x_wconf 90' lang='lat' dir='ltr'><strong>episcopis</strong></span> <span class='ocrx_word' id='word_1_147' title='bbox 2254 1255 2471 1327; x_wconf 68' lang='lat' dir='ltr'><strong>Egypti</strong></span> <span class='ocrx_word' id='word_1_148' title='bbox 2517 1254 2711 1309; x_wconf 88' lang='lat' dir='ltr'><strong>dilatio</strong></span> <span class='ocrx_word' id='word_1_149' title='bbox 2739 1250 3128 1309; x_wconf 89' lang='lat' dir='ltr'><strong>consideretur</strong></span> <span class='ocrx_word' id='word_1_150' title='bbox 3166 1244 3529 1316; x_wconf 84' lang='lat' dir='ltr'><strong>quoadusque</strong></span> 
     </span>
    </p>
   </div>
   <div class='ocr_carea' id='block_1_25' title="bbox 1943 1333 3530 1419">
    <p class='ocr_par' dir='ltr' id='par_1_25' title="bbox 1943 1333 3530 1419">
     <span class='ocr_line' id='line_1_25' title="bbox 1943 1333 3530 1419; baseline -0.011 -13"><span class='ocrx_word' id='word_1_151' title='bbox 1943 1349 2235 1406; x_wconf 88' lang='lat' dir='ltr'><strong>ordinatus</strong></span> <span class='ocrx_word' id='word_1_152' title='bbox 2282 1348 2418 1419; x_wconf 90' lang='lat' dir='ltr'><strong>ipsis</strong></span> <span class='ocrx_word' id='word_1_153' title='bbox 2460 1346 2656 1402; x_wconf 77' lang='lat' dir='ltr'><strong>fuisset</strong></span> <span class='ocrx_word' id='word_1_154' title='bbox 2698 1342 3170 1413; x_wconf 76' lang='lat' dir='ltr'><strong>arclticpisc0pus.</strong></span> <span class='ocrx_word' id='word_1_155' title='bbox 3231 1338 3360 1392; x_wconf 90' lang='lat' dir='ltr'><strong>Post</strong></span> <span class='ocrx_word' id='word_1_156' title='bbox 3412 1333 3530 1389; x_wconf 66' lang='lat' dir='ltr'><strong>hmc</strong></span> 
     </span>
    </p>
   </div>
   <div class='ocr_carea' id='block_1_26' title="bbox 256 1443 1839 1519">
    <p class='ocr_par' dir='ltr' id='par_1_26' title="bbox 256 1443 1839 1519">
     <span class='ocr_line' id='line_1_26' title="bbox 256 1443 1839 1519; baseline -0.001 -18"><span class='ocrx_word' id='word_1_157' title='bbox 256 1448 287 1519; x_wconf 78' lang='grc' dir='ltr'>ἡ</span> <span class='ocrx_word' id='word_1_158' title='bbox 324 1446 545 1511; x_wconf 76' lang='grc' dir='ltr'>σύνοδος</span> <span class='ocrx_word' id='word_1_159' title='bbox 581 1445 699 1519; x_wconf 81' lang='grc'><strong>(57)</strong></span> <span class='ocrx_word' id='word_1_160' title='bbox 734 1446 801 1517; x_wconf 82' lang='grc' dir='ltr'>ἢν</span> <span class='ocrx_word' id='word_1_161' title='bbox 833 1445 1159 1499; x_wconf 83' lang='grc' dir='ltr'>τεθέσπικεν</span> <span class='ocrx_word' id='word_1_162' title='bbox 1185 1446 1214 1499; x_wconf 83' lang='grc' dir='ltr'><strong>ὁ</strong></span> <span class='ocrx_word' id='word_1_163' title='bbox 1246 1443 1501 1515; x_wconf 82' lang='grc' dir='ltr'>βασιλεὺς</span> <span class='ocrx_word' id='word_1_164' title='bbox 1524 1446 1839 1518; x_wconf 81' lang='grc' dir='ltr'>ἁλισθῆναι,</span> 
     </span>
    </p>
   </div>
   <div class='ocr_carea' id='block_1_27' title="bbox 258 1536 1074 1609">
    <p class='ocr_par' dir='ltr' id='par_1_27' title="bbox 258 1536 1074 1609">
     <span class='ocr_line' id='line_1_27' title="bbox 258 1536 1074 1609; baseline -0.002 -16"><span class='ocrx_word' id='word_1_165' title='bbox 258 1538 346 1593; x_wconf 74' lang='grc' dir='ltr'><strong>καὶ</strong></span> <span class='ocrx_word' id='word_1_166' title='bbox 371 1538 438 1593; x_wconf 67' lang='grc' dir='ltr'>τὰ</span> <span class='ocrx_word' id='word_1_167' title='bbox 470 1537 838 1607; x_wconf 86' lang='grc' dir='ltr'>τετυπωμένα</span> <span class='ocrx_word' id='word_1_168' title='bbox 866 1536 1074 1609; x_wconf 78' lang='grc' dir='ltr'>γνώσῃ.</span> 
     </span>
    </p>
   </div>
   <div class='ocr_carea' id='block_1_28' title="bbox 1944 1432 3532 1513">
    <p class='ocr_par' dir='ltr' id='par_1_28' title="bbox 1944 1432 3532 1513">
     <span class='ocr_line' id='line_1_28' title="bbox 1944 1432 3532 1513; baseline -0.011 -14"><span class='ocrx_word' id='word_1_169' title='bbox 1944 1444 2141 1500; x_wconf 59' lang='lat' dir='ltr'><strong>oblata:</strong></span> <span class='ocrx_word' id='word_1_170' title='bbox 2174 1451 2304 1499; x_wconf 88' lang='lat' dir='ltr'><strong>sunt</strong></span> <span class='ocrx_word' id='word_1_171' title='bbox 2327 1456 2520 1513; x_wconf 84' lang='lat' dir='ltr'><strong>preces</strong></span> <span class='ocrx_word' id='word_1_172' title='bbox 2547 1438 2911 1511; x_wconf 89' lang='lat' dir='ltr'><strong>quorumdam</strong></span> <span class='ocrx_word' id='word_1_173' title='bbox 2946 1432 3367 1491; x_wconf 86' lang='lat' dir='ltr'><strong>monachorum,</strong></span> <span class='ocrx_word' id='word_1_174' title='bbox 3395 1442 3532 1497; x_wconf 87' lang='lat' dir='ltr'><strong>qua--</strong></span> 
     </span>
    </p>
   </div>
   <div class='ocr_carea' id='block_1_29' title="bbox 1920 1520 3532 1599">
    <p class='ocr_par' dir='ltr' id='par_1_29' title="bbox 1920 1520 3532 1599">
     <span class='ocr_line' id='line_1_29' title="bbox 1920 1520 3532 1599; baseline -0.014 -5"><span class='ocrx_word' id='word_1_175' title='bbox 1920 1584 1921 1587; x_wconf 54' lang='grc' dir='ltr'><strong>η</strong></span> <span class='ocrx_word' id='word_1_176' title='bbox 1947 1553 2069 1593; x_wconf 92' lang='lat' dir='ltr'><strong>rum</strong></span> <span class='ocrx_word' id='word_1_177' title='bbox 2099 1537 2215 1592; x_wconf 74' lang='lat' dir='ltr'><strong>[nec</strong></span> <span class='ocrx_word' id='word_1_178' title='bbox 2239 1545 2359 1592; x_wconf 90' lang='lat' dir='ltr'><strong>erat</strong></span> <span class='ocrx_word' id='word_1_179' title='bbox 2382 1549 2615 1599; x_wconf 90' lang='lat' dir='ltr'><strong>summa,</strong></span> <span class='ocrx_word' id='word_1_180' title='bbox 2638 1531 3031 1588; x_wconf 88' lang='lat' dir='ltr'><strong>utnullatenus</strong></span> <span class='ocrx_word' id='word_1_181' title='bbox 3060 1524 3272 1582; x_wconf 91' lang='lat' dir='ltr'><strong>chartis</strong></span> <span class='ocrx_word' id='word_1_182' title='bbox 3298 1520 3532 1591; x_wconf 65' lang='lat' dir='ltr'><strong>quibus~</strong></span> 
     </span>
    </p>
   </div>
   <div class='ocr_carea' id='block_1_30' title="bbox 258 1625 3536 1707">
    <p class='ocr_par' dir='ltr' id='par_1_30' title="bbox 258 1625 3536 1707">
     <span class='ocr_line' id='line_1_30' title="bbox 258 1625 3536 1707; baseline -0.006 -15"><span class='ocrx_word' id='word_1_183' title='bbox 258 1637 373 1692; x_wconf 83' lang='lat' dir='ltr'><strong>dam</strong></span> <span class='ocrx_word' id='word_1_184' title='bbox 419 1634 779 1691; x_wconf 86' lang='lat' dir='ltr'><strong>subscribere</strong></span> <span class='ocrx_word' id='word_1_185' title='bbox 808 1642 1162 1705; x_wconf 80' lang='lat' dir='ltr'><strong>cogerentur,</strong></span> <span class='ocrx_word' id='word_1_186' title='bbox 1189 1632 1373 1705; x_wconf 88' lang='lat' dir='ltr'><strong>quoad</strong></span> <span class='ocrx_word' id='word_1_187' title='bbox 1405 1648 1582 1705; x_wconf 87' lang='lat' dir='ltr'><strong>usque</strong></span> <span class='ocrx_word' id='word_1_188' title='bbox 1629 1644 1963 1707; x_wconf 84' lang='lat' dir='ltr'><strong>congregata</strong></span> <span class='ocrx_word' id='word_1_189' title='bbox 1998 1642 2146 1691; x_wconf 80' lang='lat' dir='ltr'><strong>esset</strong></span> <span class='ocrx_word' id='word_1_190' title='bbox 2176 1632 2420 1707; x_wconf 84' lang='lat' dir='ltr'><strong>synodus</strong></span> <span class='ocrx_word' id='word_1_191' title='bbox 2443 1647 2608 1704; x_wconf 89' lang='lat' dir='ltr'><strong>quam</strong></span> <span class='ocrx_word' id='word_1_192' title='bbox 2670 1628 2947 1685; x_wconf 80' lang='lat' dir='ltr'><strong>indixerat</strong></span> <span class='ocrx_word' id='word_1_193' title='bbox 3006 1625 3307 1696; x_wconf 87' lang='lat' dir='ltr'><strong>imperator</strong></span> <span class='ocrx_word' id='word_1_194' title='bbox 3366 1630 3422 1675; x_wconf 84' lang='lat' dir='ltr'><strong>et</strong></span> <span class='ocrx_word' id='word_1_195' title='bbox 3469 1631 3536 1672; x_wconf 81' lang='lat' dir='ltr'><strong>ea</strong></span> 
     </span>
    </p>
   </div>
   <div class='ocr_carea' id='block_1_31' title="bbox 258 1726 1287 1799">
    <p class='ocr_par' dir='ltr' id='par_1_31' title="bbox 258 1726 1287 1799">
     <span class='ocr_line' id='line_1_31' title="bbox 258 1726 1287 1799; baseline -0.002 -16"><span class='ocrx_word' id='word_1_196' title='bbox 258 1744 373 1799; x_wconf 70' lang='lat' dir='ltr'><strong>qua:</strong></span> <span class='ocrx_word' id='word_1_197' title='bbox 397 1726 615 1783; x_wconf 91' lang='lat' dir='ltr'><strong>sancita</strong></span> <span class='ocrx_word' id='word_1_198' title='bbox 645 1726 885 1792; x_wconf 83' lang='lat' dir='ltr'><strong>fuerant,</strong></span> <span class='ocrx_word' id='word_1_199' title='bbox 912 1734 1287 1797; x_wconf 89' lang='lat' dir='ltr'><strong>cognosceret.</strong></span> 
     </span>
    </p>
   </div>
   <div class='ocr_carea' id='block_1_32' title="bbox 323 1800 1863 1891">
    <p class='ocr_par' dir='ltr' id='par_1_32' title="bbox 323 1816 1835 1891">
     <span class='ocr_line' id='line_1_32' title="bbox 323 1816 1835 1891; baseline -0.005 -14"><span class='ocrx_word' id='word_1_200' title='bbox 323 1818 421 1877; x_wconf 76' lang='grc' dir='ltr'>Ἦν</span> <span class='ocrx_word' id='word_1_201' title='bbox 451 1818 931 1891; x_wconf 82' lang='grc' dir='ltr'>ἀναγνωσθεισῶν,</span> <span class='ocrx_word' id='word_1_202' title='bbox 964 1820 1225 1891; x_wconf 83' lang='grc' dir='ltr'><strong>Διογένης</strong></span> <span class='ocrx_word' id='word_1_203' title='bbox 1252 1819 1553 1882; x_wconf 78' lang='grc' dir='ltr'>ἐπίσκοπος</span> <span class='ocrx_word' id='word_1_204' title='bbox 1590 1816 1835 1882; x_wconf 78' lang='grc' dir='ltr'>Κυζίκου</span> 
     </span>
    </p>
   </div>
   <div class='ocr_carea' id='block_1_33' title="bbox 1961 1800 3532 1891">
    <p class='ocr_par' dir='ltr' id='par_1_33' title="bbox 2009 1800 3532 1879">
     <span class='ocr_line' id='line_1_33' title="bbox 2009 1800 3532 1879; baseline -0.008 -10"><span class='ocrx_word' id='word_1_205' title='bbox 2009 1812 2109 1869; x_wconf 84' lang='lat' dir='ltr'><strong>His</strong></span> <span class='ocrx_word' id='word_1_206' title='bbox 2152 1810 2434 1874; x_wconf 87' lang='lat' dir='ltr'><strong>recitatis,</strong></span> <span class='ocrx_word' id='word_1_207' title='bbox 2482 1806 2754 1879; x_wconf 83' lang='lat' dir='ltr'><strong>Diogenes</strong></span> <span class='ocrx_word' id='word_1_208' title='bbox 2798 1802 3095 1875; x_wconf 90' lang='lat' dir='ltr'><strong>episcopus</strong></span> <span class='ocrx_word' id='word_1_209' title='bbox 3163 1800 3344 1873; x_wconf 86' lang='lat' dir='ltr'><strong>Cyziei</strong></span> <span class='ocrx_word' id='word_1_210' title='bbox 3394 1801 3532 1861; x_wconf 60' lang='lat' dir='ltr'><strong>dixit</strong></span> 
     </span>
    </p>
   </div>
   <div class='ocr_carea' id='block_1_34' title="bbox 260 1895 1863 1986">
    <p class='ocr_par' dir='ltr' id='par_1_34' title="bbox 260 1909 1846 1986">
     <span class='ocr_line' id='line_1_34' title="bbox 260 1909 1846 1986; baseline -0.005 -15"><span class='ocrx_word' id='word_1_211' title='bbox 260 1914 519 1986; x_wconf 74' lang='grc' dir='ltr'>διεξῆλθε,</span> <span class='ocrx_word' id='word_1_212' title='bbox 551 1913 882 1986; x_wconf 77' lang='grc' dir='ltr'>Βαρσουμᾶν</span> <span class='ocrx_word' id='word_1_213' title='bbox 907 1910 1009 1965; x_wconf 71' lang='grc' dir='ltr'><strong>ἕνα</strong></span> <span class='ocrx_word' id='word_1_214' title='bbox 1034 1911 1142 1965; x_wconf 89' lang='grc' dir='ltr'><strong>τῶν</strong></span> <span class='ocrx_word' id='word_1_215' title='bbox 1160 1910 1521 1965; x_wconf 80' lang='grc' dir='ltr'>συνελθόντων</span> <span class='ocrx_word' id='word_1_216' title='bbox 1546 1909 1846 1965; x_wconf 79' lang='grc' dir='ltr'>Φλαϐιανδν</span> 
     </span>
    </p>
   </div>
   <div class='ocr_carea' id='block_1_35' title="bbox 1961 1895 3536 1986">
    <p class='ocr_par' dir='ltr' id='par_1_35' title="bbox 1961 1895 3536 1969">
     <span class='ocr_line' id='line_1_35' title="bbox 1961 1895 3536 1969; baseline -0.008 -6"><span class='ocrx_word' id='word_1_217' title='bbox 1961 1908 2291 1969; x_wconf 87' lang='lat' dir='ltr'><strong>Barsumam,</strong></span> <span class='ocrx_word' id='word_1_218' title='bbox 2330 1919 2499 1959; x_wconf 90' lang='lat' dir='ltr'><strong>unum</strong></span> <span class='ocrx_word' id='word_1_219' title='bbox 2545 1917 2614 1957; x_wconf 81' lang='lat' dir='ltr'><strong>ex</strong></span> <span class='ocrx_word' id='word_1_220' title='bbox 2660 1899 2729 1955; x_wconf 91' lang='lat' dir='ltr'><strong>iis</strong></span> <span class='ocrx_word' id='word_1_221' title='bbox 2775 1898 2870 1969; x_wconf 91' lang='lat' dir='ltr'><strong>qui</strong></span> <span class='ocrx_word' id='word_1_222' title='bbox 2922 1896 3157 1968; x_wconf 89' lang='lat' dir='ltr'><strong>ingressi</strong></span> <span class='ocrx_word' id='word_1_223' title='bbox 3206 1895 3428 1950; x_wconf 86' lang='lat' dir='ltr'><strong>fuerant</strong></span> <span class='ocrx_word' id='word_1_224' title='bbox 3480 1897 3536 1951; x_wconf 90' lang='lat' dir='ltr'><strong>in</strong></span> 
     </span>
    </p>
   </div>
   <div class='ocr_carea' id='block_1_36' title="bbox 263 1983 1863 2081">
    <p class='ocr_par' dir='ltr' id='par_1_36' title="bbox 263 1983 1847 2081">
     <span class='ocr_line' id='line_1_36' title="bbox 263 1983 1847 2081; baseline -0.005 -17"><span class='ocrx_word' id='word_1_225' title='bbox 263 1983 480 2081; x_wconf 63' lang='grc' dir='ltr'>σφάξαι.</span> <span class='ocrx_word' id='word_1_226' title='bbox 517 1983 697 2062; x_wconf 71' lang='grc' dir='ltr'>Αύτδν</span> <span class='ocrx_word' id='word_1_227' title='bbox 724 2007 834 2079; x_wconf 79' lang='grc' dir='ltr'><strong>γὰρ</strong></span> <span class='ocrx_word' id='word_1_228' title='bbox 855 2006 1075 2078; x_wconf 78' lang='grc' dir='ltr'>κράξαι,</span> <span class='ocrx_word' id='word_1_229' title='bbox 1108 2004 1320 2074; x_wconf 82' lang='grc' dir='ltr'>Σφάξον</span> <span class='ocrx_word' id='word_1_230' title='bbox 1340 2020 1355 2036; x_wconf 90' lang='grc'><strong>·</strong></span> <span class='ocrx_word' id='word_1_231' title='bbox 1400 2004 1496 2059; x_wconf 79' lang='grc' dir='ltr'>καὶ</span> <span class='ocrx_word' id='word_1_232' title='bbox 1529 2002 1607 2075; x_wconf 79' lang='grc' dir='ltr'>μὴ</span> <span class='ocrx_word' id='word_1_233' title='bbox 1661 2001 1847 2073; x_wconf 65' lang='grc' dir='ltr'>ἐγκείι</span> 
     </span>
    </p>
   </div>
   <div class='ocr_carea' id='block_1_37' title="bbox 1961 1983 3536 2081">
    <p class='ocr_par' dir='ltr' id='par_1_37' title="bbox 1961 1983 3536 2061">
     <span class='ocr_line' id='line_1_37' title="bbox 1961 1983 3536 2061; baseline -0.011 -6"><span class='ocrx_word' id='word_1_234' title='bbox 1961 1998 2269 2061; x_wconf 67' lang='lat' dir='ltr'><strong>concilium,</strong></span> <span class='ocrx_word' id='word_1_235' title='bbox 2316 1992 2585 2050; x_wconf 91' lang='lat' dir='ltr'><strong>occidisse</strong></span> <span class='ocrx_word' id='word_1_236' title='bbox 2631 1989 2978 2046; x_wconf 84' lang='lat' dir='ltr'><strong>Flavianum.</strong></span> <span class='ocrx_word' id='word_1_237' title='bbox 3024 1987 3180 2041; x_wconf 89' lang='lat' dir='ltr'><strong>lllum</strong></span> <span class='ocrx_word' id='word_1_238' title='bbox 3228 1983 3377 2040; x_wconf 89' lang='lat' dir='ltr'><strong>enim</strong></span> <span class='ocrx_word' id='word_1_239' title='bbox 3421 1985 3536 2040; x_wconf 84' lang='lat' dir='ltr'><strong>cla-</strong></span> 
     </span>
    </p>
   </div>
   <div class='ocr_carea' id='block_1_38' title="bbox 266 2095 1846 2172">
    <p class='ocr_par' dir='ltr' id='par_1_38' title="bbox 266 2095 1846 2172">
     <span class='ocr_line' id='line_1_38' title="bbox 266 2095 1846 2172; baseline -0.004 -16"><span class='ocrx_word' id='word_1_240' title='bbox 266 2119 420 2172; x_wconf 86' lang='grc' dir='ltr'>μενον</span> <span class='ocrx_word' id='word_1_241' title='bbox 434 2102 560 2164; x_wconf 80' lang='grc' dir='ltr'>ταῖς</span> <span class='ocrx_word' id='word_1_242' title='bbox 582 2098 825 2170; x_wconf 84' lang='grc' dir='ltr'>δεήσεσι,</span> <span class='ocrx_word' id='word_1_243' title='bbox 851 2096 1009 2170; x_wconf 76' lang='grc' dir='ltr'>παρὰ</span> <span class='ocrx_word' id='word_1_244' title='bbox 1042 2096 1103 2151; x_wconf 81' lang='grc' dir='ltr'>τὺ</span> <span class='ocrx_word' id='word_1_245' title='bbox 1134 2096 1255 2152; x_wconf 85' lang='grc' dir='ltr'>δέον</span> <span class='ocrx_word' id='word_1_246' title='bbox 1278 2097 1377 2169; x_wconf 80' lang='grc' dir='ltr'>τῆς</span> <span class='ocrx_word' id='word_1_247' title='bbox 1405 2095 1613 2150; x_wconf 78' lang='grc' dir='ltr'>εἰσόδου</span> <span class='ocrx_word' id='word_1_248' title='bbox 1635 2097 1846 2165; x_wconf 81' lang='grc' dir='ltr'>τυχεῖν.</span> 
     </span>
    </p>
   </div>
   <div class='ocr_carea' id='block_1_39' title="bbox 264 2186 1851 2263">
    <p class='ocr_par' dir='ltr' id='par_1_39' title="bbox 264 2186 1851 2263">
     <span class='ocr_line' id='line_1_39' title="bbox 264 2186 1851 2263; baseline -0.005 -17"><span class='ocrx_word' id='word_1_249' title='bbox 264 2188 352 2258; x_wconf 75' lang='grc' dir='ltr'><strong>Οἷς</strong></span> <span class='ocrx_word' id='word_1_250' title='bbox 384 2192 700 2263; x_wconf 77' lang='grc' dir='ltr'>ἐπεϐόησαν</span> <span class='ocrx_word' id='word_1_251' title='bbox 750 2190 955 2252; x_wconf 82' lang='grc' dir='ltr'>πάντες</span> <span class='ocrx_word' id='word_1_252' title='bbox 980 2190 1029 2243; x_wconf 89' lang='grc' dir='ltr'><strong>οἰ</strong></span> <span class='ocrx_word' id='word_1_253' title='bbox 1064 2187 1388 2243; x_wconf 85' lang='grc' dir='ltr'>ἐπίσκοποι·</span> <span class='ocrx_word' id='word_1_254' title='bbox 1419 2190 1606 2242; x_wconf 80' lang='grc' dir='ltr'>Πᾶσαν</span> <span class='ocrx_word' id='word_1_255' title='bbox 1648 2186 1851 2257; x_wconf 80' lang='grc' dir='ltr'>Συρίαν</span> 
     </span>
    </p>
   </div>
   <div class='ocr_carea' id='block_1_40' title="bbox 270 2278 1854 2358">
    <p class='ocr_par' dir='ltr' id='par_1_40' title="bbox 270 2278 1854 2358">
     <span class='ocr_line' id='line_1_40' title="bbox 270 2278 1854 2358; baseline -0.004 -19"><span class='ocrx_word' id='word_1_256' title='bbox 270 2286 592 2358; x_wconf 73' lang='grc' dir='ltr'>Βαρσουμᾶς</span> <span class='ocrx_word' id='word_1_257' title='bbox 615 2283 884 2354; x_wconf 76' lang='grc' dir='ltr'>ἠφάνισεν</span> <span class='ocrx_word' id='word_1_258' title='bbox 903 2297 916 2312; x_wconf 83' lang='grc'><em>’</em></span> <span class='ocrx_word' id='word_1_259' title='bbox 955 2282 1240 2352; x_wconf 84' lang='grc' dir='ltr'>ἐπήγαγεν</span> <span class='ocrx_word' id='word_1_260' title='bbox 1269 2282 1403 2353; x_wconf 74' lang='grc' dir='ltr'>ἡμῖν</span> <span class='ocrx_word' id='word_1_261' title='bbox 1431 2279 1639 2350; x_wconf 86' lang='grc' dir='ltr'>χιλίους</span> <span class='ocrx_word' id='word_1_262' title='bbox 1686 2278 1854 2349; x_wconf 72' lang='grc' dir='ltr'><strong>μονά⁴</strong></span> 
     </span>
    </p>
   </div>
   <div class='ocr_carea' id='block_1_41' title="bbox 267 2373 1854 2446">
    <p class='ocr_par' dir='ltr' id='par_1_41' title="bbox 267 2373 1854 2446">
     <span class='ocr_line' id='line_1_41' title="bbox 267 2373 1854 2446; baseline -0.004 -13"><span class='ocrx_word' id='word_1_263' title='bbox 267 2380 471 2445; x_wconf 82' lang='grc' dir='ltr'>ζοντας.</span> <span class='ocrx_word' id='word_1_264' title='bbox 519 2378 638 2431; x_wconf 76' lang='grc' dir='ltr'>Καὶ</span> <span class='ocrx_word' id='word_1_265' title='bbox 687 2376 973 2439; x_wconf 81' lang='grc' dir='ltr'>διαλαλιᾶς</span> <span class='ocrx_word' id='word_1_266' title='bbox 1022 2373 1342 2446; x_wconf 77' lang='grc' dir='ltr'>ἐνεχθείσης</span> <span class='ocrx_word' id='word_1_267' title='bbox 1394 2375 1686 2444; x_wconf 84' lang='grc' dir='ltr'>ἀναμεῖναι</span> <span class='ocrx_word' id='word_1_268' title='bbox 1730 2374 1854 2438; x_wconf 76' lang='grc' dir='ltr'>τους</span> 
     </span>
    </p>
   </div>
   <div class='ocr_carea' id='block_1_42' title="bbox 271 2466 1853 2543">
    <p class='ocr_par' dir='ltr' id='par_1_42' title="bbox 271 2466 1853 2543">
     <span class='ocr_line' id='line_1_42' title="bbox 271 2466 1853 2543; baseline -0.006 -16"><span class='ocrx_word' id='word_1_269' title='bbox 271 2471 701 2543; x_wconf 84' lang='grc' dir='ltr'>συνεληλυθότας</span> <span class='ocrx_word' id='word_1_270' title='bbox 742 2470 840 2542; x_wconf 80' lang='grc' dir='ltr'>τὴν</span> <span class='ocrx_word' id='word_1_271' title='bbox 898 2469 1009 2524; x_wconf 82' lang='grc' dir='ltr'>ἀπὸ</span> <span class='ocrx_word' id='word_1_272' title='bbox 1062 2469 1163 2535; x_wconf 84' lang='grc' dir='ltr'>τῆς</span> <span class='ocrx_word' id='word_1_273' title='bbox 1220 2467 1441 2521; x_wconf 85' lang='grc' dir='ltr'>συνόδου</span> <span class='ocrx_word' id='word_1_274' title='bbox 1493 2466 1853 2532; x_wconf 85' lang='grc' dir='ltr'>διατύπωσιν,</span> 
     </span>
    </p>
   </div>
   <div class='ocr_carea' id='block_1_43' title="bbox 268 2560 1850 2637">
    <p class='ocr_par' dir='ltr' id='par_1_43' title="bbox 268 2560 1850 2637">
     <span class='ocr_line' id='line_1_43' title="bbox 268 2560 1850 2637; baseline -0.003 -19"><span class='ocrx_word' id='word_1_275' title='bbox 268 2564 504 2637; x_wconf 79' lang='grc' dir='ltr'>ἠξίωσαν</span> <span class='ocrx_word' id='word_1_276' title='bbox 535 2566 588 2619; x_wconf 85' lang='grc' dir='ltr'>οἰ</span> <span class='ocrx_word' id='word_1_277' title='bbox 615 2563 844 2636; x_wconf 70' lang='grc' dir='ltr'>μοναχοὶ</span> <span class='ocrx_word' id='word_1_278' title='bbox 870 2562 998 2626; x_wconf 79' lang='grc' dir='ltr'>τοὺς</span> <span class='ocrx_word' id='word_1_279' title='bbox 1042 2560 1514 2631; x_wconf 84' lang='grc' dir='ltr'>συντεταγμένους</span> <span class='ocrx_word' id='word_1_280' title='bbox 1542 2560 1727 2624; x_wconf 81' lang='grc' dir='ltr'>αὐτοῖς</span> <span class='ocrx_word' id='word_1_281' title='bbox 1764 2560 1850 2613; x_wconf 81' lang='grc' dir='ltr'>λι·-</span> 
     </span>
    </p>
   </div>
   <div class='ocr_carea' id='block_1_44' title="bbox 274 2646 1859 2726">
    <p class='ocr_par' dir='ltr' id='par_1_44' title="bbox 274 2646 1859 2726">
     <span class='ocr_line' id='line_1_44' title="bbox 274 2646 1859 2726; baseline -0.003 -17"><span class='ocrx_word' id='word_1_282' title='bbox 274 2658 482 2723; x_wconf 74' lang='grc' dir='ltr'>ὅέλλους</span> <span class='ocrx_word' id='word_1_283' title='bbox 506 2646 1057 2726; x_wconf 71' lang='grc' dir='ltr'>ἀναγνωσθῆναιῖον</span> <span class='ocrx_word' id='word_1_284' title='bbox 1080 2651 1244 2725; x_wconf 83' lang='grc' dir='ltr'>μέρος</span> <span class='ocrx_word' id='word_1_285' title='bbox 1270 2652 1610 2724; x_wconf 78' lang='grc' dir='ltr'>ὑπῆρχε,τὸν</span> <span class='ocrx_word' id='word_1_286' title='bbox 1632 2652 1859 2705; x_wconf 73' lang='grc' dir='ltr'>Διόσκοσ</span> 
     </span>
    </p>
   </div>
   <div class='ocr_carea' id='block_1_45' title="bbox 276 2730 1862 2821">
    <p class='ocr_par' dir='ltr' id='par_1_45' title="bbox 276 2730 1862 2821">
     <span class='ocr_line' id='line_1_45' title="bbox 276 2730 1862 2821; baseline -0.004 -18"><span class='ocrx_word' id='word_1_287' title='bbox 276 2767 360 2821; x_wconf 87' lang='grc' dir='ltr'><strong>ρον</strong></span> <span class='ocrx_word' id='word_1_288' title='bbox 376 2748 610 2812; x_wconf 71' lang='grc' dir='ltr'>καὶτοὺς</span> <span class='ocrx_word' id='word_1_289' title='bbox 624 2749 720 2802; x_wconf 86' lang='grc' dir='ltr'><strong>σὺν</strong></span> <span class='ocrx_word' id='word_1_290' title='bbox 731 2746 880 2818; x_wconf 84' lang='grc' dir='ltr'>αύτῷ</span> <span class='ocrx_word' id='word_1_291' title='bbox 893 2745 1228 2810; x_wconf 80' lang='grc' dir='ltr'>ἐπισκόπους</span> <span class='ocrx_word' id='word_1_292' title='bbox 1240 2730 1492 2815; x_wconf 80' lang='grc' dir='ltr'>παρεῖναι</span> <span class='ocrx_word' id='word_1_293' title='bbox 1510 2744 1654 2799; x_wconf 83' lang='grc' dir='ltr'>κατὰ</span> <span class='ocrx_word' id='word_1_294' title='bbox 1665 2744 1727 2798; x_wconf 78' lang='grc' dir='ltr'><strong>τὸ</strong></span> <span class='ocrx_word' id='word_1_295' title='bbox 1744 2760 1862 2797; x_wconf 82' lang='grc' dir='ltr'>συν-</span> 
     </span>
    </p>
   </div>
   <div class='ocr_carea' id='block_1_46' title="bbox 277 2834 1863 2914">
    <p class='ocr_par' dir='ltr' id='par_1_46' title="bbox 277 2834 1863 2914">
     <span class='ocr_line' id='line_1_46' title="bbox 277 2834 1863 2914; baseline -0.005 -19"><span class='ocrx_word' id='word_1_296' title='bbox 277 2841 460 2913; x_wconf 81' lang='grc' dir='ltr'>έδριον.</span> <span class='ocrx_word' id='word_1_297' title='bbox 478 2840 629 2914; x_wconf 76' lang='grc' dir='ltr'>Πρὸς</span> <span class='ocrx_word' id='word_1_298' title='bbox 648 2839 676 2893; x_wconf 81' lang='grc' dir='ltr'><strong>δ</strong></span> <span class='ocrx_word' id='word_1_299' title='bbox 697 2838 1005 2910; x_wconf 73' lang='grc' dir='ltr'>ἐπεϐόησαν</span> <span class='ocrx_word' id='word_1_300' title='bbox 1033 2837 1236 2899; x_wconf 75' lang='grc' dir='ltr'>πάντες</span> <span class='ocrx_word' id='word_1_301' title='bbox 1268 2836 1315 2889; x_wconf 85' lang='grc' dir='ltr'><strong>οἰ</strong></span> <span class='ocrx_word' id='word_1_302' title='bbox 1349 2834 1637 2889; x_wconf 78' lang='grc' dir='ltr'>ἐπίσκοποι</span> <span class='ocrx_word' id='word_1_303' title='bbox 1657 2850 1672 2868; x_wconf 77' lang='grc' dir='ltr'><strong>ο</strong></span> <span class='ocrx_word' id='word_1_304' title='bbox 1706 2834 1863 2888; x_wconf 83' lang='grc' dir='ltr'><strong>Ἀνά-</strong></span> 
     </span>
    </p>
   </div>
   <div class='ocr_carea' id='block_1_47' title="bbox 278 2926 1865 3005">
    <p class='ocr_par' dir='ltr' id='par_1_47' title="bbox 278 2926 1865 3005">
     <span class='ocr_line' id='line_1_47' title="bbox 278 2926 1865 3005; baseline -0.003 -18"><span class='ocrx_word' id='word_1_305' title='bbox 278 2937 409 3005; x_wconf 87' lang='grc' dir='ltr'>θεμα</span> <span class='ocrx_word' id='word_1_306' title='bbox 434 2933 738 3004; x_wconf 76' lang='grc' dir='ltr'>Διοσκόρω,</span> <span class='ocrx_word' id='word_1_307' title='bbox 757 2931 1046 3002; x_wconf 86' lang='grc' dir='ltr'>Διόσκορον</span> <span class='ocrx_word' id='word_1_308' title='bbox 1062 2931 1089 2984; x_wconf 82' lang='grc' dir='ltr'>ὁ</span> <span class='ocrx_word' id='word_1_309' title='bbox 1121 2928 1353 3000; x_wconf 82' lang='grc' dir='ltr'>Χριστὸς</span> <span class='ocrx_word' id='word_1_310' title='bbox 1369 2926 1610 2995; x_wconf 87' lang='grc' dir='ltr'>καθεῖλε,</span> <span class='ocrx_word' id='word_1_311' title='bbox 1643 2927 1865 2991; x_wconf 85' lang='grc' dir='ltr'>τούτους</span> 
     </span>
    </p>
   </div>
   <div class='ocr_carea' id='block_1_48' title="bbox 279 3016 1868 3098">
    <p class='ocr_par' dir='ltr' id='par_1_48' title="bbox 279 3016 1868 3098">
     <span class='ocr_line' id='line_1_48' title="bbox 279 3016 1868 3098; baseline -0.004 -18"><span class='ocrx_word' id='word_1_312' title='bbox 279 3026 374 3092; x_wconf 78' lang='grc' dir='ltr'>ἔξω</span> <span class='ocrx_word' id='word_1_313' title='bbox 402 3025 587 3098; x_wconf 82' lang='grc' dir='ltr'>βάλλε,</span> <span class='ocrx_word' id='word_1_314' title='bbox 604 3022 735 3098; x_wconf 78' lang='grc' dir='ltr'>ἆρον</span> <span class='ocrx_word' id='word_1_315' title='bbox 757 3024 915 3096; x_wconf 78' lang='grc' dir='ltr'>ὓϐριν</span> <span class='ocrx_word' id='word_1_316' title='bbox 932 3023 1028 3094; x_wconf 81' lang='grc' dir='ltr'>τῆς</span> <span class='ocrx_word' id='word_1_317' title='bbox 1048 3022 1290 3086; x_wconf 88' lang='grc' dir='ltr'>συνόδου,</span> <span class='ocrx_word' id='word_1_318' title='bbox 1306 3016 1439 3091; x_wconf 82' lang='grc' dir='ltr'>ἆρον</span> <span class='ocrx_word' id='word_1_319' title='bbox 1471 3020 1592 3092; x_wconf 91' lang='grc' dir='ltr'>βίαν</span> <span class='ocrx_word' id='word_1_320' title='bbox 1613 3021 1712 3094; x_wconf 82' lang='grc' dir='ltr'>τῆς</span> <span class='ocrx_word' id='word_1_321' title='bbox 1741 3037 1868 3074; x_wconf 83' lang='grc' dir='ltr'>συν-</span> 
     </span>
    </p>
   </div>
   <div class='ocr_carea' id='block_1_49' title="bbox 280 3110 1869 3190">
    <p class='ocr_par' dir='ltr' id='par_1_49' title="bbox 280 3110 1869 3190">
     <span class='ocr_line' id='line_1_49' title="bbox 280 3110 1869 3190; baseline -0.004 -17"><span class='ocrx_word' id='word_1_322' title='bbox 280 3121 413 3174; x_wconf 78' lang='grc' dir='ltr'>ὁδου.</span> <span class='ocrx_word' id='word_1_323' title='bbox 437 3120 555 3183; x_wconf 75' lang='grc' dir='ltr'><strong>Τὰς</strong></span> <span class='ocrx_word' id='word_1_324' title='bbox 582 3119 766 3190; x_wconf 74' lang='grc' dir='ltr'>φωνὰς</span> <span class='ocrx_word' id='word_1_325' title='bbox 794 3116 873 3189; x_wconf 80' lang='grc' dir='ltr'>τῷ</span> <span class='ocrx_word' id='word_1_326' title='bbox 894 3115 1123 3187; x_wconf 83' lang='grc' dir='ltr'>βασιλεῖ,</span> <span class='ocrx_word' id='word_1_327' title='bbox 1142 3110 1274 3185; x_wconf 83' lang='grc' dir='ltr'>ἆρον</span> <span class='ocrx_word' id='word_1_328' title='bbox 1303 3113 1461 3186; x_wconf 75' lang='grc' dir='ltr'>ὓϐριν</span> <span class='ocrx_word' id='word_1_329' title='bbox 1485 3113 1588 3185; x_wconf 78' lang='grc' dir='ltr'>τῆς</span> <span class='ocrx_word' id='word_1_330' title='bbox 1619 3114 1869 3185; x_wconf 74' lang='grc' dir='ltr'>συνόδου,</span> 
     </span>
    </p>
   </div>
   <div class='ocr_carea' id='block_1_50' title="bbox 1950 2078 3538 2154">
    <p class='ocr_par' dir='ltr' id='par_1_50' title="bbox 1950 2078 3538 2154">
     <span class='ocr_line' id='line_1_50' title="bbox 1950 2078 3538 2154; baseline -0.011 -7"><span class='ocrx_word' id='word_1_331' title='bbox 1950 2105 2168 2146; x_wconf 87' lang='lat' dir='ltr'><strong>masse:</strong></span> <span class='ocrx_word' id='word_1_332' title='bbox 2203 2086 2435 2153; x_wconf 85' lang='lat' dir='ltr'><strong>Occide;</strong></span> <span class='ocrx_word' id='word_1_333' title='bbox 2468 2094 2524 2141; x_wconf 89' lang='lat' dir='ltr'><strong>et</strong></span> <span class='ocrx_word' id='word_1_334' title='bbox 2555 2082 2808 2154; x_wconf 85' lang='lat' dir='ltr'><strong>quamvis</strong></span> <span class='ocrx_word' id='word_1_335' title='bbox 2842 2080 2898 2134; x_wconf 92' lang='lat' dir='ltr'><strong>in</strong></span> <span class='ocrx_word' id='word_1_336' title='bbox 2927 2078 3116 2134; x_wconf 91' lang='lat' dir='ltr'><strong>libello</strong></span> <span class='ocrx_word' id='word_1_337' title='bbox 3160 2092 3389 2147; x_wconf 89' lang='lat' dir='ltr'><strong>precum</strong></span> <span class='ocrx_word' id='word_1_338' title='bbox 3439 2093 3538 2130; x_wconf 80' lang='lat' dir='ltr'><strong>no—</strong></span> 
     </span>
    </p>
   </div>
   <div class='ocr_carea' id='block_1_51' title="bbox 1952 2170 3540 2246">
    <p class='ocr_par' dir='ltr' id='par_1_51' title="bbox 1952 2170 3540 2246">
     <span class='ocr_line' id='line_1_51' title="bbox 1952 2170 3540 2246; baseline -0.011 -5"><span class='ocrx_word' id='word_1_339' title='bbox 1952 2186 2194 2241; x_wconf 89' lang='lat' dir='ltr'><strong>minatus</strong></span> <span class='ocrx_word' id='word_1_340' title='bbox 2244 2197 2356 2237; x_wconf 90' lang='lat' dir='ltr'><strong>non</strong></span> <span class='ocrx_word' id='word_1_341' title='bbox 2401 2180 2505 2246; x_wconf 89' lang='lat' dir='ltr'><strong>sit,</strong></span> <span class='ocrx_word' id='word_1_342' title='bbox 2552 2194 2681 2234; x_wconf 91' lang='lat' dir='ltr'><strong>eum</strong></span> <span class='ocrx_word' id='word_1_343' title='bbox 2736 2184 2917 2230; x_wconf 88' lang='lat' dir='ltr'><strong>tamen</strong></span> <span class='ocrx_word' id='word_1_344' title='bbox 2967 2182 3163 2229; x_wconf 91' lang='lat' dir='ltr'><strong>contra</strong></span> <span class='ocrx_word' id='word_1_345' title='bbox 3211 2172 3303 2242; x_wconf 87' lang='lat' dir='ltr'><strong>jus</strong></span> <span class='ocrx_word' id='word_1_346' title='bbox 3346 2170 3540 2240; x_wconf 85' lang='lat' dir='ltr'><strong>fasque</strong></span> 
     </span>
    </p>
   </div>
   <div class='ocr_carea' id='block_1_52' title="bbox 1954 2263 3542 2349">
    <p class='ocr_par' dir='ltr' id='par_1_52' title="bbox 1954 2263 3542 2349">
     <span class='ocr_line' id='line_1_52' title="bbox 1954 2263 3542 2349; baseline -0.01 -15"><span class='ocrx_word' id='word_1_347' title='bbox 1954 2280 2357 2349; x_wconf 90' lang='lat' dir='ltr'><strong>introgressum</strong></span> <span class='ocrx_word' id='word_1_348' title='bbox 2384 2288 2527 2329; x_wconf 81' lang='lat' dir='ltr'><strong>esse.</strong></span> <span class='ocrx_word' id='word_1_349' title='bbox 2558 2273 2689 2327; x_wconf 87' lang='lat' dir='ltr'><strong>Post</strong></span> <span class='ocrx_word' id='word_1_350' title='bbox 2712 2270 2829 2324; x_wconf 72' lang='lat' dir='ltr'><strong>hazc</strong></span> <span class='ocrx_word' id='word_1_351' title='bbox 2858 2268 2927 2324; x_wconf 89' lang='lat' dir='ltr'><strong>ab</strong></span> <span class='ocrx_word' id='word_1_352' title='bbox 2959 2266 3241 2322; x_wconf 79' lang='lat' dir='ltr'><strong>universis</strong></span> <span class='ocrx_word' id='word_1_353' title='bbox 3261 2263 3542 2335; x_wconf 89' lang='lat' dir='ltr'><strong>episcopis</strong></span> 
     </span>
    </p>
   </div>
   <div class='ocr_carea' id='block_1_53' title="bbox 1954 2356 3544 2436">
    <p class='ocr_par' dir='ltr' id='par_1_53' title="bbox 1954 2356 3544 2436">
     <span class='ocr_line' id='line_1_53' title="bbox 1954 2356 3544 2436; baseline -0.012 -9"><span class='ocrx_word' id='word_1_354' title='bbox 1954 2372 2318 2427; x_wconf 87' lang='lat' dir='ltr'><strong>acclamatum</strong></span> <span class='ocrx_word' id='word_1_355' title='bbox 2367 2375 2493 2422; x_wconf 89' lang='lat' dir='ltr'><strong>est:</strong></span> <span class='ocrx_word' id='word_1_356' title='bbox 2547 2364 2761 2436; x_wconf 83' lang='lat' dir='ltr'><strong>Syriam</strong></span> <span class='ocrx_word' id='word_1_357' title='bbox 2799 2376 3017 2416; x_wconf 90' lang='lat' dir='ltr'><strong>omnem</strong></span> <span class='ocrx_word' id='word_1_358' title='bbox 3051 2360 3346 2413; x_wconf 87' lang='lat' dir='ltr'><strong>Barsumas</strong></span> <span class='ocrx_word' id='word_1_359' title='bbox 3376 2356 3544 2410; x_wconf 82' lang='lat' dir='ltr'><strong>deva-</strong></span> 
     </span>
    </p>
   </div>
   <div class='ocr_carea' id='block_1_54' title="bbox 1957 2447 3546 2529">
    <p class='ocr_par' dir='ltr' id='par_1_54' title="bbox 1957 2447 3546 2529">
     <span class='ocr_line' id='line_1_54' title="bbox 1957 2447 3546 2529; baseline -0.011 -11"><span class='ocrx_word' id='word_1_360' title='bbox 1957 2463 2152 2529; x_wconf 85' lang='lat' dir='ltr'><strong>stavit;</strong></span> <span class='ocrx_word' id='word_1_361' title='bbox 2186 2461 2336 2516; x_wconf 92' lang='lat' dir='ltr'><strong>mille</strong></span> <span class='ocrx_word' id='word_1_362' title='bbox 2369 2458 2670 2514; x_wconf 88' lang='lat' dir='ltr'><strong>monachos</strong></span> <span class='ocrx_word' id='word_1_363' title='bbox 2721 2463 2914 2511; x_wconf 89' lang='lat' dir='ltr'><strong>contra</strong></span> <span class='ocrx_word' id='word_1_364' title='bbox 2953 2468 3056 2507; x_wconf 92' lang='lat' dir='ltr'><strong>nos</strong></span> <span class='ocrx_word' id='word_1_365' title='bbox 3087 2450 3340 2505; x_wconf 89' lang='lat' dir='ltr'><strong>immisit.</strong></span> <span class='ocrx_word' id='word_1_366' title='bbox 3377 2447 3546 2505; x_wconf 88' lang='lat' dir='ltr'><strong>Cum-</strong></span> 
     </span>
    </p>
   </div>
   <div class='ocr_carea' id='block_1_55' title="bbox 1958 2539 3543 2628">
    <p class='ocr_par' dir='ltr' id='par_1_55' title="bbox 1958 2539 3543 2628">
     <span class='ocr_line' id='line_1_55' title="bbox 1958 2539 3543 2628; baseline -0.011 -18"><span class='ocrx_word' id='word_1_367' title='bbox 1958 2572 2066 2628; x_wconf 88' lang='lat' dir='ltr'><strong>que</strong></span> <span class='ocrx_word' id='word_1_368' title='bbox 2116 2555 2330 2626; x_wconf 89' lang='lat' dir='ltr'><strong>prolata</strong></span> <span class='ocrx_word' id='word_1_369' title='bbox 2380 2560 2529 2608; x_wconf 87' lang='lat' dir='ltr'><strong>esset</strong></span> <span class='ocrx_word' id='word_1_370' title='bbox 2583 2545 2965 2610; x_wconf 90' lang='lat' dir='ltr'><strong>interlocutio,</strong></span> <span class='ocrx_word' id='word_1_371' title='bbox 3020 2550 3082 2599; x_wconf 91' lang='lat' dir='ltr'><strong>ut</strong></span> <span class='ocrx_word' id='word_1_372' title='bbox 3135 2540 3389 2597; x_wconf 86' lang='lat' dir='ltr'><strong>monachi</strong></span> <span class='ocrx_word' id='word_1_373' title='bbox 3447 2539 3543 2610; x_wconf 90' lang='lat' dir='ltr'><strong>qui</strong></span> 
     </span>
    </p>
   </div>
   <div class='ocr_carea' id='block_1_56' title="bbox 1960 2636 3543 2709">
    <p class='ocr_par' dir='ltr' id='par_1_56' title="bbox 1960 2636 3543 2709">
     <span class='ocr_line' id='line_1_56' title="bbox 1960 2636 3543 2709; baseline -0.009 -6"><span class='ocrx_word' id='word_1_374' title='bbox 1960 2652 2364 2709; x_wconf 82' lang='lat' dir='ltr'><strong>convenerant,</strong></span> <span class='ocrx_word' id='word_1_375' title='bbox 2412 2641 2793 2699; x_wconf 86' lang='lat' dir='ltr'><strong>definitionem</strong></span> <span class='ocrx_word' id='word_1_376' title='bbox 2853 2636 3078 2693; x_wconf 89' lang='lat' dir='ltr'><strong>concilii</strong></span> <span class='ocrx_word' id='word_1_377' title='bbox 3104 2636 3543 2705; x_wconf 76' lang='lat' dir='ltr'><strong>exspectarent,</strong></span> 
     </span>
    </p>
   </div>
   <div class='ocr_carea' id='block_1_57' title="bbox 1962 2716 3546 2810">
    <p class='ocr_par' dir='ltr' id='par_1_57' title="bbox 1962 2716 3546 2810">
     <span class='ocr_line' id='line_1_57' title="bbox 1962 2716 3546 2810; baseline -0.009 -16"><span class='ocrx_word' id='word_1_378' title='bbox 1962 2738 2316 2810; x_wconf 87' lang='lat' dir='ltr'><strong>postularunt</strong></span> <span class='ocrx_word' id='word_1_379' title='bbox 2364 2732 2621 2789; x_wconf 87' lang='lat' dir='ltr'><strong>monachi</strong></span> <span class='ocrx_word' id='word_1_380' title='bbox 2652 2740 2714 2787; x_wconf 92' lang='lat' dir='ltr'><strong>ut</strong></span> <span class='ocrx_word' id='word_1_381' title='bbox 2738 2730 2909 2786; x_wconf 89' lang='lat' dir='ltr'><strong>libelli</strong></span> <span class='ocrx_word' id='word_1_382' title='bbox 2959 2728 3027 2783; x_wconf 88' lang='lat' dir='ltr'><strong>ab</strong></span> <span class='ocrx_word' id='word_1_383' title='bbox 3075 2727 3211 2799; x_wconf 90' lang='lat' dir='ltr'><strong>ipsis</strong></span> <span class='ocrx_word' id='word_1_384' title='bbox 3254 2716 3546 2796; x_wconf 85' lang='lat' dir='ltr'><strong>compositi</strong></span> 
     </span>
    </p>
   </div>
   <div class='ocr_carea' id='block_1_58' title="bbox 1964 2817 3548 2897">
    <p class='ocr_par' dir='ltr' id='par_1_58' title="bbox 1964 2817 3548 2897">
     <span class='ocr_line' id='line_1_58' title="bbox 1964 2817 3548 2897; baseline -0.01 -10"><span class='ocrx_word' id='word_1_385' title='bbox 1964 2832 2357 2893; x_wconf 86' lang='lat' dir='ltr'><strong>recitarentur,</strong></span> <span class='ocrx_word' id='word_1_386' title='bbox 2394 2826 2450 2881; x_wconf 90' lang='lat' dir='ltr'><strong>in</strong></span> <span class='ocrx_word' id='word_1_387' title='bbox 2481 2825 2684 2897; x_wconf 88' lang='lat' dir='ltr'><strong>quibus</strong></span> <span class='ocrx_word' id='word_1_388' title='bbox 2730 2824 2836 2878; x_wconf 92' lang='lat' dir='ltr'><strong>hoc</strong></span> <span class='ocrx_word' id='word_1_389' title='bbox 2871 2821 3017 2877; x_wconf 90' lang='lat' dir='ltr'><strong>inter</strong></span> <span class='ocrx_word' id='word_1_390' title='bbox 3055 2827 3253 2876; x_wconf 60' lang='lat' dir='ltr'><strong>caetera</strong></span> <span class='ocrx_word' id='word_1_391' title='bbox 3299 2817 3548 2874; x_wconf 88' lang='lat' dir='ltr'><strong>contine-</strong></span> 
     </span>
    </p>
   </div>
   <div class='ocr_carea' id='block_1_59' title="bbox 1964 2910 3548 2991">
    <p class='ocr_par' dir='ltr' id='par_1_59' title="bbox 1964 2910 3548 2991">
     <span class='ocr_line' id='line_1_59' title="bbox 1964 2910 3548 2991; baseline -0.01 -11"><span class='ocrx_word' id='word_1_392' title='bbox 1964 2925 2158 2991; x_wconf 87' lang='lat' dir='ltr'><strong>batur;</strong></span> <span class='ocrx_word' id='word_1_393' title='bbox 2191 2930 2252 2978; x_wconf 79' lang='grc' dir='ltr'><strong>ιιι</strong></span> <span class='ocrx_word' id='word_1_394' title='bbox 2282 2921 2580 2977; x_wconf 89' lang='lat' dir='ltr'><strong>Dioscorus</strong></span> <span class='ocrx_word' id='word_1_395' title='bbox 2611 2926 2668 2975; x_wconf 87' lang='lat' dir='ltr'><strong>et</strong></span> <span class='ocrx_word' id='word_1_396' title='bbox 2700 2917 2794 2988; x_wconf 91' lang='lat' dir='ltr'><strong>qui</strong></span> <span class='ocrx_word' id='word_1_397' title='bbox 2825 2932 2947 2972; x_wconf 91' lang='lat' dir='ltr'><strong>cum</strong></span> <span class='ocrx_word' id='word_1_398' title='bbox 2976 2914 3072 2969; x_wconf 91' lang='lat' dir='ltr'><strong>illo</strong></span> <span class='ocrx_word' id='word_1_399' title='bbox 3095 2920 3254 2968; x_wconf 88' lang='lat' dir='ltr'><strong>erant</strong></span> <span class='ocrx_word' id='word_1_400' title='bbox 3280 2910 3548 2982; x_wconf 87' lang='lat' dir='ltr'><strong>episc0pi,</strong></span> 
     </span>
    </p>
   </div>
   <div class='ocr_carea' id='block_1_60' title="bbox 1967 3002 3553 3075">
    <p class='ocr_par' dir='ltr' id='par_1_60' title="bbox 1967 3002 3553 3075">
     <span class='ocr_line' id='line_1_60' title="bbox 1967 3002 3553 3075; baseline -0.012 -3"><span class='ocrx_word' id='word_1_401' title='bbox 1967 3015 2205 3072; x_wconf 91' lang='lat' dir='ltr'><strong>concilio</strong></span> <span class='ocrx_word' id='word_1_402' title='bbox 2240 3013 2596 3068; x_wconf 85' lang='lat' dir='ltr'><strong>interessent.</strong></span> <span class='ocrx_word' id='word_1_403' title='bbox 2642 3008 2857 3075; x_wconf 86' lang='lat' dir='ltr'><strong>Quibus</strong></span> <span class='ocrx_word' id='word_1_404' title='bbox 2891 3004 3118 3070; x_wconf 88' lang='lat' dir='ltr'><strong>auditis,</strong></span> <span class='ocrx_word' id='word_1_405' title='bbox 3174 3002 3553 3059; x_wconf 83' lang='lat' dir='ltr'><strong>exclamarunt</strong></span> 
     </span>
    </p>
   </div>
   <div class='ocr_carea' id='block_1_61' title="bbox 1969 3095 3552 3176">
    <p class='ocr_par' dir='ltr' id='par_1_61' title="bbox 1969 3095 3552 3176">
     <span class='ocr_line' id='line_1_61' title="bbox 1969 3095 3552 3176; baseline -0.011 -12"><span class='ocrx_word' id='word_1_406' title='bbox 1969 3124 2162 3164; x_wconf 90' lang='lat' dir='ltr'><strong>omnes</strong></span> <span class='ocrx_word' id='word_1_407' title='bbox 2213 3104 2497 3176; x_wconf 90' lang='lat' dir='ltr'><strong>episcopi:</strong></span> <span class='ocrx_word' id='word_1_408' title='bbox 2532 3101 2836 3158; x_wconf 88' lang='lat' dir='ltr'><strong>Anathema</strong></span> <span class='ocrx_word' id='word_1_409' title='bbox 2885 3098 3174 3161; x_wconf 90' lang='lat' dir='ltr'><strong>Dioscoro,</strong></span> <span class='ocrx_word' id='word_1_410' title='bbox 3228 3095 3552 3149; x_wconf 89' lang='lat' dir='ltr'><strong>Dioscorum</strong></span> 
     </span>
    </p>
   </div>
   <div class='ocr_carea' id='block_1_62' title="bbox 283 3185 1863 3284">
    <p class='ocr_par' dir='ltr' id='par_1_62' title="bbox 283 3185 1863 3284">
     <span class='ocr_line' id='line_1_62' title="bbox 283 3185 1863 3284; baseline -0.003 -18"><span class='ocrx_word' id='word_1_411' title='bbox 283 3209 406 3284; x_wconf 84' lang='grc' dir='ltr'>ἆρον</span> <span class='ocrx_word' id='word_1_412' title='bbox 434 3185 628 3283; x_wconf 73' lang='grc' dir='ltr'>αἴσχος</span> <span class='ocrx_word' id='word_1_413' title='bbox 651 3211 751 3282; x_wconf 84' lang='grc' dir='ltr'>τῆς</span> <span class='ocrx_word' id='word_1_414' title='bbox 780 3185 1019 3266; x_wconf 75' lang='grc' dir='ltr'>συνόδου.</span> <span class='ocrx_word' id='word_1_415' title='bbox 1052 3206 1148 3275; x_wconf 75' lang='grc' dir='ltr'><strong>Οἷς</strong></span> <span class='ocrx_word' id='word_1_416' title='bbox 1186 3185 1577 3272; x_wconf 80' lang='grc' dir='ltr'>ἀντιτείνοντες</span> <span class='ocrx_word' id='word_1_417' title='bbox 1609 3208 1658 3260; x_wconf 88' lang='grc' dir='ltr'><strong>οἱ</strong></span> <span class='ocrx_word' id='word_1_418' title='bbox 1709 3226 1863 3279; x_wconf 90' lang='grc' dir='ltr'>μονα-</span> 
     </span>
    </p>
   </div>
   <div class='ocr_carea' id='block_1_63' title="bbox 1961 3185 3553 3284">
    <p class='ocr_par' dir='ltr' id='par_1_63' title="bbox 1972 3185 3553 3268">
     <span class='ocr_line' id='line_1_63' title="bbox 1972 3185 3553 3268; baseline -0.015 -9"><span class='ocrx_word' id='word_1_419' title='bbox 1972 3202 2229 3259; x_wconf 88' lang='lat' dir='ltr'><strong>Christus</strong></span> <span class='ocrx_word' id='word_1_420' title='bbox 2283 3195 2562 3268; x_wconf 88' lang='lat' dir='ltr'><strong>deposuit,</strong></span> <span class='ocrx_word' id='word_1_421' title='bbox 2598 3194 2733 3248; x_wconf 90' lang='lat' dir='ltr'><strong>istos</strong></span> <span class='ocrx_word' id='word_1_422' title='bbox 2780 3190 2927 3245; x_wconf 87' lang='lat' dir='ltr'><strong>foras</strong></span> <span class='ocrx_word' id='word_1_423' title='bbox 2968 3188 3200 3260; x_wconf 84' lang='lat' dir='ltr'><strong>projice,</strong></span> <span class='ocrx_word' id='word_1_424' title='bbox 3243 3185 3371 3241; x_wconf 87' lang='lat' dir='ltr'><strong>tolle</strong></span> <span class='ocrx_word' id='word_1_425' title='bbox 3406 3185 3553 3254; x_wconf 85' lang='lat' dir='ltr'><strong>inju-</strong></span> 
     </span>
    </p>
   </div>
   <div class='ocr_carea' id='block_1_64' title="bbox 284 3299 1862 3377">
    <p class='ocr_par' dir='ltr' id='par_1_64' title="bbox 284 3299 1862 3377">
     <span class='ocr_line' id='line_1_64' title="bbox 284 3299 1862 3377; baseline -0.002 -18"><span class='ocrx_word' id='word_1_426' title='bbox 284 3306 383 3375; x_wconf 78' lang='grc' dir='ltr'><strong>χοί,</strong></span> <span class='ocrx_word' id='word_1_427' title='bbox 419 3305 656 3377; x_wconf 79' lang='grc' dir='ltr'>ἔκραζον</span> <span class='ocrx_word' id='word_1_428' title='bbox 675 3299 865 3376; x_wconf 71' lang='grc' dir='ltr'>’Ἀρον</span> <span class='ocrx_word' id='word_1_429' title='bbox 884 3303 1043 3374; x_wconf 80' lang='grc' dir='ltr'>ὓϐριν</span> <span class='ocrx_word' id='word_1_430' title='bbox 1072 3302 1181 3357; x_wconf 88' lang='grc' dir='ltr'><strong>τῶν</strong></span> <span class='ocrx_word' id='word_1_431' title='bbox 1210 3301 1611 3375; x_wconf 80' lang='grc' dir='ltr'>μοναστηρίων.</span> <span class='ocrx_word' id='word_1_432' title='bbox 1630 3300 1862 3356; x_wconf 76' lang='grc' dir='ltr'>Καὶτῶν</span> 
     </span>
    </p>
   </div>
   <div class='ocr_carea' id='block_1_65' title="bbox 286 3393 1868 3473">
    <p class='ocr_par' dir='ltr' id='par_1_65' title="bbox 286 3393 1868 3473">
     <span class='ocr_line' id='line_1_65' title="bbox 286 3393 1868 3473; baseline -0.001 -22"><span class='ocrx_word' id='word_1_433' title='bbox 286 3397 457 3453; x_wconf 69' lang='grc' dir='ltr'>αὐτῶν</span> <span class='ocrx_word' id='word_1_434' title='bbox 484 3393 647 3463; x_wconf 75' lang='grc' dir='ltr'>αὖθις</span> <span class='ocrx_word' id='word_1_435' title='bbox 674 3394 1133 3473; x_wconf 88' lang='grc' dir='ltr'>κραυγασθέντων</span> <span class='ocrx_word' id='word_1_436' title='bbox 1164 3394 1230 3449; x_wconf 86' lang='grc' dir='ltr'><strong>ἐκ</strong></span> <span class='ocrx_word' id='word_1_437' title='bbox 1283 3393 1386 3464; x_wconf 84' lang='grc' dir='ltr'><strong>τῆς</strong></span> <span class='ocrx_word' id='word_1_438' title='bbox 1411 3394 1661 3460; x_wconf 85' lang='grc' dir='ltr'>συνόδου,</span> <span class='ocrx_word' id='word_1_439' title='bbox 1686 3394 1868 3449; x_wconf 87' lang='grc' dir='ltr'>διελα-</span> 
     </span>
    </p>
   </div>
   <div class='ocr_carea' id='block_1_66' title="bbox 286 3486 1869 3567">
    <p class='ocr_par' dir='ltr' id='par_1_66' title="bbox 286 3486 1869 3567">
     <span class='ocr_line' id='line_1_66' title="bbox 286 3486 1869 3567; baseline -0.001 -22"><span class='ocrx_word' id='word_1_440' title='bbox 286 3493 417 3567; x_wconf 78' lang='grc' dir='ltr'>λήθη</span> <span class='ocrx_word' id='word_1_441' title='bbox 446 3493 579 3557; x_wconf 74' lang='grc' dir='ltr'>τοὺς</span> <span class='ocrx_word' id='word_1_442' title='bbox 606 3491 827 3556; x_wconf 81' lang='grc' dir='ltr'>λοιποὺς</span> <span class='ocrx_word' id='word_1_443' title='bbox 858 3488 970 3547; x_wconf 83' lang='grc' dir='ltr'><strong>τῶν</strong></span> <span class='ocrx_word' id='word_1_444' title='bbox 1008 3487 1274 3544; x_wconf 79' lang='grc' dir='ltr'>λιὸέλλων</span> <span class='ocrx_word' id='word_1_445' title='bbox 1311 3486 1753 3558; x_wconf 70' lang='grc' dir='ltr'>ἀναγνωσθῆναι.</span> <span class='ocrx_word' id='word_1_446' title='bbox 1771 3488 1869 3545; x_wconf 82' lang='grc' dir='ltr'><strong>Οἴ-</strong></span> 
     </span>
    </p>
   </div>
   <div class='ocr_carea' id='block_1_67' title="bbox 290 3578 1869 3658">
    <p class='ocr_par' dir='ltr' id='par_1_67' title="bbox 290 3578 1869 3658">
     <span class='ocr_line' id='line_1_67' title="bbox 290 3578 1869 3658; baseline -0.003 -20"><span class='ocrx_word' id='word_1_447' title='bbox 290 3603 389 3658; x_wconf 83' lang='grc' dir='ltr'><strong>περ</strong></span> <span class='ocrx_word' id='word_1_448' title='bbox 405 3585 629 3656; x_wconf 88' lang='grc' dir='ltr'>λέγουσι</span> <span class='ocrx_word' id='word_1_449' title='bbox 648 3585 724 3657; x_wconf 82' lang='grc' dir='ltr'>μὴ</span> <span class='ocrx_word' id='word_1_450' title='bbox 751 3583 895 3643; x_wconf 76' lang='grc' dir='ltr'>κατὰ</span> <span class='ocrx_word' id='word_1_451' title='bbox 919 3582 981 3637; x_wconf 84' lang='grc' dir='ltr'>τὸ</span> <span class='ocrx_word' id='word_1_452' title='bbox 996 3582 1114 3637; x_wconf 87' lang='grc' dir='ltr'>δέον</span> <span class='ocrx_word' id='word_1_453' title='bbox 1144 3580 1243 3653; x_wconf 79' lang='grc' dir='ltr'>τὴν</span> <span class='ocrx_word' id='word_1_454' title='bbox 1277 3578 1604 3651; x_wconf 74' lang='grc' dir='ltr'>καθαίρεσιν</span> <span class='ocrx_word' id='word_1_455' title='bbox 1637 3580 1869 3634; x_wconf 83' lang='grc' dir='ltr'>Διοσκό-</span> 
     </span>
    </p>
   </div>
   <div class='ocr_carea' id='block_1_68' title="bbox 295 3672 1877 3752">
    <p class='ocr_par' dir='ltr' id='par_1_68' title="bbox 295 3672 1877 3752">
     <span class='ocr_line' id='line_1_68' title="bbox 295 3672 1877 3752; baseline -0.007 -16"><span class='ocrx_word' id='word_1_456' title='bbox 295 3698 383 3752; x_wconf 89' lang='grc' dir='ltr'><strong>ρου</strong></span> <span class='ocrx_word' id='word_1_457' title='bbox 403 3679 684 3751; x_wconf 88' lang='grc' dir='ltr'>γενέσθαι,</span> <span class='ocrx_word' id='word_1_458' title='bbox 707 3680 803 3734; x_wconf 76' lang='grc' dir='ltr'>καὶ</span> <span class='ocrx_word' id='word_1_459' title='bbox 846 3676 1023 3751; x_wconf 85' lang='grc' dir='ltr'>χρεὼν</span> <span class='ocrx_word' id='word_1_460' title='bbox 1056 3675 1292 3740; x_wconf 85' lang='grc' dir='ltr'>πίστεως</span> <span class='ocrx_word' id='word_1_461' title='bbox 1331 3672 1723 3746; x_wconf 81' lang='grc' dir='ltr'>προκειμένης,</span> <span class='ocrx_word' id='word_1_462' title='bbox 1779 3689 1877 3744; x_wconf 88' lang='grc' dir='ltr'>με-</span> 
     </span>
    </p>
   </div>
   <div class='ocr_carea' id='block_1_69' title="bbox 292 3764 1874 3845">
    <p class='ocr_par' dir='ltr' id='par_1_69' title="bbox 292 3764 1874 3845">
     <span class='ocr_line' id='line_1_69' title="bbox 292 3764 1874 3845; baseline -0.005 -17"><span class='ocrx_word' id='word_1_463' title='bbox 292 3776 513 3845; x_wconf 80' lang='grc' dir='ltr'>τασχεῖν</span> <span class='ocrx_word' id='word_1_464' title='bbox 534 3772 701 3827; x_wconf 82' lang='grc' dir='ltr'>αὐτὸν</span> <span class='ocrx_word' id='word_1_465' title='bbox 730 3771 823 3825; x_wconf 79' lang='grc' dir='ltr'><strong>τοῦ</strong></span> <span class='ocrx_word' id='word_1_466' title='bbox 856 3769 1160 3845; x_wconf 81' lang='grc' dir='ltr'>συνεδρίου.</span> <span class='ocrx_word' id='word_1_467' title='bbox 1188 3767 1323 3822; x_wconf 89' lang='grc' dir='ltr'>Εἰδέ</span> <span class='ocrx_word' id='word_1_468' title='bbox 1350 3765 1425 3839; x_wconf 82' lang='grc' dir='ltr'>μὴ</span> <span class='ocrx_word' id='word_1_469' title='bbox 1446 3764 1606 3820; x_wconf 79' lang='grc' dir='ltr'>τοῦτο</span> <span class='ocrx_word' id='word_1_470' title='bbox 1624 3766 1874 3837; x_wconf 85' lang='grc' dir='ltr'>γένηται,</span> 
     </span>
    </p>
   </div>
   <div class='ocr_carea' id='block_1_70' title="bbox 295 3855 1877 3933">
    <p class='ocr_par' dir='ltr' id='par_1_70' title="bbox 295 3855 1877 3933">
     <span class='ocr_line' id='line_1_70' title="bbox 295 3855 1877 3933; baseline -0.007 -14"><span class='ocrx_word' id='word_1_471' title='bbox 295 3863 675 3919; x_wconf 81' lang='grc' dir='ltr'>ἀποτινάσσειν</span> <span class='ocrx_word' id='word_1_472' title='bbox 713 3862 784 3916; x_wconf 80' lang='grc' dir='ltr'>τὰ</span> <span class='ocrx_word' id='word_1_473' title='bbox 812 3862 1006 3933; x_wconf 78' lang='grc' dir='ltr'>ἱμάτια</span> <span class='ocrx_word' id='word_1_474' title='bbox 1057 3860 1239 3913; x_wconf 81' lang='grc' dir='ltr'>αὐτῶν</span> <span class='ocrx_word' id='word_1_475' title='bbox 1276 3860 1377 3930; x_wconf 80' lang='grc' dir='ltr'>τῆς</span> <span class='ocrx_word' id='word_1_476' title='bbox 1434 3855 1720 3919; x_wconf 80' lang='grc' dir='ltr'>κοινωνίας</span> <span class='ocrx_word' id='word_1_477' title='bbox 1766 3855 1877 3909; x_wconf 87' lang='grc' dir='ltr'><strong>τῶν</strong></span> 
     </span>
    </p>
   </div>
   <div class='ocr_carea' id='block_1_71' title="bbox 297 3945 1878 4028">
    <p class='ocr_par' dir='ltr' id='par_1_71' title="bbox 297 3945 1878 4028">
     <span class='ocr_line' id='line_1_71' title="bbox 297 3945 1878 4028; baseline -0.006 -19"><span class='ocrx_word' id='word_1_478' title='bbox 297 3956 734 4028; x_wconf 82' lang='grc' dir='ltr'>συνεληλυθότων</span> <span class='ocrx_word' id='word_1_479' title='bbox 780 3953 1119 4010; x_wconf 85' lang='grc' dir='ltr'>ἐπισκόπων.</span> <span class='ocrx_word' id='word_1_480' title='bbox 1154 3945 1257 4006; x_wconf 73' lang='grc' dir='ltr'><strong>’Ὧν</strong></span> <span class='ocrx_word' id='word_1_481' title='bbox 1297 3949 1628 4023; x_wconf 73' lang='grc' dir='ltr'>εἰρημένων,</span> <span class='ocrx_word' id='word_1_482' title='bbox 1666 3946 1878 4010; x_wconf 85' lang='grc' dir='ltr'>Ἀέτιος</span> 
     </span>
    </p>
   </div>
   <div class='ocr_carea' id='block_1_72' title="bbox 297 4038 1878 4122">
    <p class='ocr_par' dir='ltr' id='par_1_72' title="bbox 297 4038 1878 4122">
     <span class='ocr_line' id='line_1_72' title="bbox 297 4038 1878 4122; baseline -0.008 -19"><span class='ocrx_word' id='word_1_483' title='bbox 297 4050 668 4122; x_wconf 83' lang='grc' dir='ltr'>ἀρχιδιάκονος</span> <span class='ocrx_word' id='word_1_484' title='bbox 680 4046 1014 4116; x_wconf 81' lang='grc' dir='ltr'>ἀνεγίνωσκε</span> <span class='ocrx_word' id='word_1_485' title='bbox 1031 4044 1231 4100; x_wconf 88' lang='grc' dir='ltr'>κανόνα</span> <span class='ocrx_word' id='word_1_486' title='bbox 1249 4060 1315 4097; x_wconf 89' lang='grc' dir='ltr'><strong>πε</strong></span> <span class='ocrx_word' id='word_1_487' title='bbox 1323 4041 1497 4115; x_wconf 67' lang='grc' dir='ltr'>ρ’ίξτῶν</span> <span class='ocrx_word' id='word_1_488' title='bbox 1509 4038 1878 4111; x_wconf 77' lang='grc' dir='ltr'>ἅφοριζόντων</span> 
     </span>
    </p>
   </div>
   <div class='ocr_carea' id='block_1_73' title="bbox 299 4132 1881 4210">
    <p class='ocr_par' dir='ltr' id='par_1_73' title="bbox 299 4132 1881 4210">
     <span class='ocr_line' id='line_1_73' title="bbox 299 4132 1881 4210; baseline -0.005 -16"><span class='ocrx_word' id='word_1_489' title='bbox 299 4141 542 4205; x_wconf 80' lang='grc' dir='ltr'>ἑαυτούς.</span> <span class='ocrx_word' id='word_1_490' title='bbox 576 4141 685 4195; x_wconf 78' lang='grc' dir='ltr'>Καὶ</span> <span class='ocrx_word' id='word_1_491' title='bbox 702 4140 864 4195; x_wconf 84' lang='grc' dir='ltr'>πάλιν</span> <span class='ocrx_word' id='word_1_492' title='bbox 896 4138 1035 4210; x_wconf 75' lang='grc' dir='ltr'>πρὸς</span> <span class='ocrx_word' id='word_1_493' title='bbox 1068 4135 1167 4202; x_wconf 82' lang='grc' dir='ltr'>τὰς</span> <span class='ocrx_word' id='word_1_494' title='bbox 1190 4135 1414 4199; x_wconf 89' lang='grc' dir='ltr'>πεύσεις</span> <span class='ocrx_word' id='word_1_495' title='bbox 1441 4134 1551 4188; x_wconf 89' lang='grc' dir='ltr'><strong>τῶν</strong></span> <span class='ocrx_word' id='word_1_496' title='bbox 1566 4132 1881 4188; x_wconf 78' lang='grc' dir='ltr'>ὁσιωτάτων</span> 
     </span>
    </p>
   </div>
   <div class='ocr_carea' id='block_1_74' title="bbox 300 4221 1883 4303">
    <p class='ocr_par' dir='ltr' id='par_1_74' title="bbox 300 4221 1883 4303">
     <span class='ocr_line' id='line_1_74' title="bbox 300 4221 1883 4303; baseline -0.006 -17"><span class='ocrx_word' id='word_1_497' title='bbox 300 4234 612 4289; x_wconf 81' lang='grc' dir='ltr'>ἐπισκόπων</span> <span class='ocrx_word' id='word_1_498' title='bbox 647 4233 761 4286; x_wconf 88' lang='grc' dir='ltr'><strong>τῶν</strong></span> <span class='ocrx_word' id='word_1_499' title='bbox 792 4230 1041 4303; x_wconf 82' lang='grc' dir='ltr'>μοναχῶν</span> <span class='ocrx_word' id='word_1_500' title='bbox 1064 4228 1468 4299; x_wconf 80' lang='grc' dir='ltr'>διενεχθέντων,</span> <span class='ocrx_word' id='word_1_501' title='bbox 1498 4221 1616 4279; x_wconf 79' lang='grc' dir='ltr'>εἶτα</span> <span class='ocrx_word' id='word_1_502' title='bbox 1632 4225 1726 4279; x_wconf 58' lang='grc' dir='ltr'><strong>καὶ⁸</strong></span> <span class='ocrx_word' id='word_1_503' title='bbox 1743 4223 1883 4295; x_wconf 80' lang='grc' dir='ltr'>πρὸς</span> 
     </span>
    </p>
   </div>
   <div class='ocr_carea' id='block_1_75' title="bbox 300 4306 1879 4399">
    <p class='ocr_par' dir='ltr' id='par_1_75' title="bbox 300 4306 1879 4399">
     <span class='ocr_line' id='line_1_75' title="bbox 300 4306 1879 4399; baseline -0.007 -20"><span class='ocrx_word' id='word_1_504' title='bbox 300 4327 563 4399; x_wconf 82' lang='grc' dir='ltr'>ἐρώτησιν</span> <span class='ocrx_word' id='word_1_505' title='bbox 591 4325 799 4380; x_wconf 83' lang='grc' dir='ltr'>Ἀετίου</span> <span class='ocrx_word' id='word_1_506' title='bbox 828 4323 1229 4396; x_wconf 85' lang='grc' dir='ltr'>ἀρχιδιακόνου,</span> <span class='ocrx_word' id='word_1_507' title='bbox 1258 4321 1333 4384; x_wconf 84' lang='grc' dir='ltr'>ὡς</span> <span class='ocrx_word' id='word_1_508' title='bbox 1371 4306 1478 4374; x_wconf 70' lang='grc' dir='ltr'>ἀπὸ</span> <span class='ocrx_word' id='word_1_509' title='bbox 1500 4319 1600 4390; x_wconf 80' lang='grc' dir='ltr'>τῆς</span> <span class='ocrx_word' id='word_1_510' title='bbox 1619 4315 1839 4371; x_wconf 84' lang='grc' dir='ltr'>συνόδου</span> <span class='ocrx_word' id='word_1_511' title='bbox 1864 4331 1879 4347; x_wconf 77' lang='grc'><strong>⁸</strong></span> 
     </span>
    </p>
   </div>
   <div class='ocr_carea' id='block_1_76' title="bbox 301 4405 1880 4491">
    <p class='ocr_par' dir='ltr' id='par_1_76' title="bbox 301 4405 1880 4491">
     <span class='ocr_line' id='line_1_76' title="bbox 301 4405 1880 4491; baseline -0.007 -20"><span class='ocrx_word' id='word_1_512' title='bbox 301 4419 405 4473; x_wconf 87' lang='grc' dir='ltr'><strong>τῶν</strong></span> <span class='ocrx_word' id='word_1_513' title='bbox 434 4420 535 4491; x_wconf 83' lang='grc' dir='ltr'><strong>μὲν</strong></span> <span class='ocrx_word' id='word_1_514' title='bbox 569 4415 1081 4489; x_wconf 83' lang='grc' dir='ltr'>ἀναθεματιζόντων</span> <span class='ocrx_word' id='word_1_515' title='bbox 1141 4412 1441 4483; x_wconf 85' lang='grc' dir='ltr'>Νεστόριον</span> <span class='ocrx_word' id='word_1_516' title='bbox 1479 4410 1576 4463; x_wconf 70' lang='grc' dir='ltr'><strong>καὶ</strong></span> <span class='ocrx_word' id='word_1_517' title='bbox 1622 4405 1880 4478; x_wconf 85' lang='grc' dir='ltr'>Εὐτυχῆ·</span> 
     </span>
    </p>
   </div>
   <div class='ocr_carea' id='block_1_77' title="bbox 302 4498 1886 4581">
    <p class='ocr_par' dir='ltr' id='par_1_77' title="bbox 302 4498 1886 4581">
     <span class='ocr_line' id='line_1_77' title="bbox 302 4498 1886 4581; baseline -0.008 -18"><span class='ocrx_word' id='word_1_518' title='bbox 302 4510 501 4578; x_wconf 78' lang='grc' dir='ltr'>τῶνδὲ,</span> <span class='ocrx_word' id='word_1_519' title='bbox 533 4512 626 4566; x_wconf 77' lang='grc' dir='ltr'>καὶ</span> <span class='ocrx_word' id='word_1_520' title='bbox 651 4506 1220 4581; x_wconf 80' lang='grc' dir='ltr'>παρακρουσαμένων,</span> <span class='ocrx_word' id='word_1_521' title='bbox 1244 4502 1537 4574; x_wconf 86' lang='grc' dir='ltr'>διελαλήθη</span> <span class='ocrx_word' id='word_1_522' title='bbox 1568 4500 1720 4571; x_wconf 74' lang='grc' dir='ltr'>παρὰ</span> <span class='ocrx_word' id='word_1_523' title='bbox 1773 4498 1886 4552; x_wconf 89' lang='grc' dir='ltr'><strong>τῶν</strong></span> 
     </span>
    </p>
   </div>
   <div class='ocr_carea' id='block_1_78' title="bbox 306 4591 1886 4676">
    <p class='ocr_par' dir='ltr' id='par_1_78' title="bbox 306 4591 1886 4676">
     <span class='ocr_line' id='line_1_78' title="bbox 306 4591 1886 4676; baseline -0.013 -14"><span class='ocrx_word' id='word_1_524' title='bbox 306 4605 604 4676; x_wconf 80' lang='grc' dir='ltr'>ἀρχόντων,</span> <span class='ocrx_word' id='word_1_525' title='bbox 627 4605 726 4669; x_wconf 81' lang='grc' dir='ltr'><strong>τὰς</strong></span> <span class='ocrx_word' id='word_1_526' title='bbox 748 4604 964 4675; x_wconf 84' lang='grc' dir='ltr'>δεήσεις</span> <span class='ocrx_word' id='word_1_527' title='bbox 989 4600 1238 4655; x_wconf 82' lang='grc' dir='ltr'>Φαύστου</span> <span class='ocrx_word' id='word_1_528' title='bbox 1273 4597 1369 4651; x_wconf 74' lang='grc' dir='ltr'><strong>καὶ</strong></span> <span class='ocrx_word' id='word_1_529' title='bbox 1401 4596 1508 4650; x_wconf 88' lang='grc' dir='ltr'><strong>τῶν</strong></span> <span class='ocrx_word' id='word_1_530' title='bbox 1539 4591 1747 4648; x_wconf 84' lang='grc' dir='ltr'>λοιπῶν</span> <span class='ocrx_word' id='word_1_531' title='bbox 1789 4608 1886 4662; x_wconf 91' lang='grc' dir='ltr'>μο-</span> 
     </span>
    </p>
   </div>
   <div class='ocr_carea' id='block_1_79' title="bbox 308 4684 1886 4769">
    <p class='ocr_par' dir='ltr' id='par_1_79' title="bbox 308 4684 1886 4769">
     <span class='ocr_line' id='line_1_79' title="bbox 308 4684 1886 4769; baseline -0.008 -20"><span class='ocrx_word' id='word_1_532' title='bbox 308 4698 484 4769; x_wconf 85' lang='grc' dir='ltr'>ναχῶν</span> <span class='ocrx_word' id='word_1_533' title='bbox 523 4696 965 4767; x_wconf 82' lang='grc' dir='ltr'>ἀναγνωσθῆναι,</span> <span class='ocrx_word' id='word_1_534' title='bbox 994 4693 1051 4749; x_wconf 84' lang='grc' dir='ltr'>αἳ</span> <span class='ocrx_word' id='word_1_535' title='bbox 1120 4690 1467 4763; x_wconf 85' lang='grc' dir='ltr'>παρεκάλουν</span> <span class='ocrx_word' id='word_1_536' title='bbox 1503 4686 1596 4758; x_wconf 75' lang='grc' dir='ltr'>τὸν</span> <span class='ocrx_word' id='word_1_537' title='bbox 1656 4684 1886 4757; x_wconf 83' lang='grc' dir='ltr'>βασιλέα</span> 
     </span>
    </p>
   </div>
   <div class='ocr_carea' id='block_1_80' title="bbox 313 4780 1890 4864">
    <p class='ocr_par' dir='ltr' id='par_1_80' title="bbox 313 4780 1890 4864">
     <span class='ocr_line' id='line_1_80' title="bbox 313 4780 1890 4864; baseline -0.029 0"><span class='ocrx_word' id='word_1_538' title='bbox 313 4791 385 4864; x_wconf 70' lang='grc' dir='ltr'><strong>μὴ</strong></span> <span class='ocrx_word' id='word_1_539' title='bbox 418 4791 817 4864; x_wconf 75' lang='grc' dir='ltr'>προαδεχθῆναι</span> <span class='ocrx_word' id='word_1_540' title='bbox 868 4790 998 4854; x_wconf 79' lang='grc' dir='ltr'>τοὺς</span> <span class='ocrx_word' id='word_1_541' title='bbox 1045 4785 1362 4858; x_wconf 87' lang='grc' dir='ltr'>περαιτέρω</span> <span class='ocrx_word' id='word_1_542' title='bbox 1394 4780 1587 4856; x_wconf 83' lang='grc' dir='ltr'>πρώην</span> <span class='ocrx_word' id='word_1_543' title='bbox 1617 4780 1687 4852; x_wconf 75' lang='grc' dir='ltr'><strong>(δ)</strong></span> <span class='ocrx_word' id='word_1_544' title='bbox 1722 4796 1890 4851; x_wconf 80' lang='grc' dir='ltr'><strong>μονα-</strong></span> 
     </span>
    </p>
   </div>
   <div class='ocr_carea' id='block_1_81' title="bbox 1969 3277 3555 3355">
    <p class='ocr_par' dir='ltr' id='par_1_81' title="bbox 1969 3277 3555 3355">
     <span class='ocr_line' id='line_1_81' title="bbox 1969 3277 3555 3355; baseline -0.014 -4"><span class='ocrx_word' id='word_1_545' title='bbox 1969 3295 2105 3351; x_wconf 89' lang='lat' dir='ltr'><strong>riam</strong></span> <span class='ocrx_word' id='word_1_546' title='bbox 2141 3289 2384 3355; x_wconf 88' lang='lat' dir='ltr'><strong>concilii,</strong></span> <span class='ocrx_word' id='word_1_547' title='bbox 2424 3287 2553 3342; x_wconf 91' lang='lat' dir='ltr'><strong>tolle</strong></span> <span class='ocrx_word' id='word_1_548' title='bbox 2586 3283 2906 3339; x_wconf 85' lang='lat' dir='ltr'><strong>violentiam</strong></span> <span class='ocrx_word' id='word_1_549' title='bbox 2944 3278 3190 3336; x_wconf 89' lang='lat' dir='ltr'><strong>concilii.</strong></span> <span class='ocrx_word' id='word_1_550' title='bbox 3235 3277 3345 3332; x_wconf 80' lang='lat' dir='ltr'><strong>Has</strong></span> <span class='ocrx_word' id='word_1_551' title='bbox 3390 3290 3555 3330; x_wconf 83' lang='lat' dir='ltr'><strong>voces</strong></span> 
     </span>
    </p>
   </div>
   <div class='ocr_carea' id='block_1_82' title="bbox 1967 3368 3557 3457">
    <p class='ocr_par' dir='ltr' id='par_1_82' title="bbox 1967 3368 3557 3457">
     <span class='ocr_line' id='line_1_82' title="bbox 1967 3368 3557 3457; baseline -0.013 -15"><span class='ocrx_word' id='word_1_552' title='bbox 1967 3382 2312 3457; x_wconf 89' lang='lat' dir='ltr'><strong>imperatori,</strong></span> <span class='ocrx_word' id='word_1_553' title='bbox 2362 3380 2491 3435; x_wconf 88' lang='lat' dir='ltr'><strong>tolle</strong></span> <span class='ocrx_word' id='word_1_554' title='bbox 2536 3376 2793 3450; x_wconf 87' lang='lat' dir='ltr'><strong>injuriam</strong></span> <span class='ocrx_word' id='word_1_555' title='bbox 2839 3372 3081 3439; x_wconf 90' lang='lat' dir='ltr'><strong>concilii,</strong></span> <span class='ocrx_word' id='word_1_556' title='bbox 3126 3371 3259 3427; x_wconf 92' lang='lat' dir='ltr'><strong>tolle</strong></span> <span class='ocrx_word' id='word_1_557' title='bbox 3314 3368 3557 3424; x_wconf 87' lang='lat' dir='ltr'><strong>dedecus</strong></span> 
     </span>
    </p>
   </div>
   <div class='ocr_carea' id='block_1_83' title="bbox 1969 3459 3558 3536">
    <p class='ocr_par' dir='ltr' id='par_1_83' title="bbox 1969 3459 3558 3536">
     <span class='ocr_line' id='line_1_83' title="bbox 1969 3459 3558 3536; baseline -0.014 0"><span class='ocrx_word' id='word_1_558' title='bbox 1969 3477 2213 3536; x_wconf 90' lang='lat' dir='ltr'><strong>concilii.</strong></span> <span class='ocrx_word' id='word_1_559' title='bbox 2244 3474 2448 3531; x_wconf 87' lang='lat' dir='ltr'><strong>Contra</strong></span> <span class='ocrx_word' id='word_1_560' title='bbox 2476 3486 2611 3527; x_wconf 87' lang='lat' dir='ltr'><strong>vero</strong></span> <span class='ocrx_word' id='word_1_561' title='bbox 2648 3467 2905 3524; x_wconf 88' lang='lat' dir='ltr'><strong>monachi</strong></span> <span class='ocrx_word' id='word_1_562' title='bbox 2954 3465 3326 3521; x_wconf 87' lang='lat' dir='ltr'><strong>inclamarunt</strong></span> <span class='ocrx_word' id='word_1_563' title='bbox 3354 3479 3368 3515; x_wconf 88' lang='lat'><strong>:</strong></span> <span class='ocrx_word' id='word_1_564' title='bbox 3403 3459 3558 3515; x_wconf 86' lang='lat' dir='ltr'><strong>Tolle</strong></span> 
     </span>
    </p>
   </div>
   <div class='ocr_carea' id='block_1_84' title="bbox 1970 3556 3560 3646">
    <p class='ocr_par' dir='ltr' id='par_1_84' title="bbox 1970 3556 3560 3646">
     <span class='ocr_line' id='line_1_84' title="bbox 1970 3556 3560 3646; baseline -0.014 -18"><span class='ocrx_word' id='word_1_565' title='bbox 1970 3571 2230 3646; x_wconf 76' lang='lat' dir='ltr'><strong>iniuriam</strong></span> <span class='ocrx_word' id='word_1_566' title='bbox 2282 3562 2769 3624; x_wconf 88' lang='lat' dir='ltr'><strong>monasteriorum.</strong></span> <span class='ocrx_word' id='word_1_567' title='bbox 2817 3559 3067 3630; x_wconf 88' lang='lat' dir='ltr'><strong>Cumque</strong></span> <span class='ocrx_word' id='word_1_568' title='bbox 3096 3556 3314 3623; x_wconf 82' lang='lat' dir='ltr'><strong>eadem</strong></span> <span class='ocrx_word' id='word_1_569' title='bbox 3366 3567 3560 3607; x_wconf 89' lang='lat' dir='ltr'><strong>rursus</strong></span> 
     </span>
    </p>
   </div>
   <div class='ocr_carea' id='block_1_85' title="bbox 1973 3647 3560 3727">
    <p class='ocr_par' dir='ltr' id='par_1_85' title="bbox 1973 3647 3560 3727">
     <span class='ocr_line' id='line_1_85' title="bbox 1973 3647 3560 3727; baseline -0.016 -4"><span class='ocrx_word' id='word_1_570' title='bbox 1973 3666 2271 3723; x_wconf 89' lang='lat' dir='ltr'><strong>acclamata</strong></span> <span class='ocrx_word' id='word_1_571' title='bbox 2294 3668 2484 3718; x_wconf 87' lang='lat' dir='ltr'><strong>essent</strong></span> <span class='ocrx_word' id='word_1_572' title='bbox 2519 3658 2589 3713; x_wconf 90' lang='lat' dir='ltr'><strong>ab</strong></span> <span class='ocrx_word' id='word_1_573' title='bbox 2622 3653 2902 3727; x_wconf 91' lang='lat' dir='ltr'><strong>episcopis</strong></span> <span class='ocrx_word' id='word_1_574' title='bbox 2928 3652 3023 3722; x_wconf 88' lang='lat' dir='ltr'><strong>qui</strong></span> <span class='ocrx_word' id='word_1_575' title='bbox 3057 3651 3117 3705; x_wconf 88' lang='lat' dir='ltr'><strong>in</strong></span> <span class='ocrx_word' id='word_1_576' title='bbox 3149 3647 3357 3720; x_wconf 82' lang='lat' dir='ltr'><strong>synodo</strong></span> <span class='ocrx_word' id='word_1_577' title='bbox 3382 3654 3560 3706; x_wconf 89' lang='lat' dir='ltr'><strong>erant,</strong></span> 
     </span>
    </p>
   </div>
   <div class='ocr_carea' id='block_1_86' title="bbox 1970 3736 3563 3831">
    <p class='ocr_par' dir='ltr' id='par_1_86' title="bbox 1970 3736 3563 3831">
     <span class='ocr_line' id='line_1_86' title="bbox 1970 3736 3563 3831; baseline -0.017 -16"><span class='ocrx_word' id='word_1_578' title='bbox 1970 3759 2186 3831; x_wconf 76' lang='lat' dir='ltr'><strong>iussum</strong></span> <span class='ocrx_word' id='word_1_579' title='bbox 2211 3763 2298 3813; x_wconf 91' lang='lat' dir='ltr'><strong>est</strong></span> <span class='ocrx_word' id='word_1_580' title='bbox 2331 3762 2392 3809; x_wconf 88' lang='lat' dir='ltr'><strong>ut</strong></span> <span class='ocrx_word' id='word_1_581' title='bbox 2430 3750 2629 3821; x_wconf 90' lang='lat' dir='ltr'><strong>reliqui</strong></span> <span class='ocrx_word' id='word_1_582' title='bbox 2659 3746 2832 3803; x_wconf 89' lang='lat' dir='ltr'><strong>libelli</strong></span> <span class='ocrx_word' id='word_1_583' title='bbox 2872 3745 3268 3800; x_wconf 86' lang='lat' dir='ltr'><strong>recitarentur.</strong></span> <span class='ocrx_word' id='word_1_584' title='bbox 3298 3737 3403 3805; x_wconf 86' lang='lat' dir='ltr'><strong>Qui</strong></span> <span class='ocrx_word' id='word_1_585' title='bbox 3437 3736 3563 3807; x_wconf 70' lang='lat' dir='ltr'><strong>quio</strong></span> 
     </span>
    </p>
   </div>
   <div class='ocr_carea' id='block_1_87' title="bbox 1976 3833 3564 3921">
    <p class='ocr_par' dir='ltr' id='par_1_87' title="bbox 1976 3833 3564 3921">
     <span class='ocr_line' id='line_1_87' title="bbox 1976 3833 3564 3921; baseline -0.017 -13"><span class='ocrx_word' id='word_1_586' title='bbox 1976 3850 2105 3907; x_wconf 89' lang='lat' dir='ltr'><strong>dem</strong></span> <span class='ocrx_word' id='word_1_587' title='bbox 2175 3844 2576 3921; x_wconf 75' lang='lat' dir='ltr'><strong>suggerebant,</strong></span> <span class='ocrx_word' id='word_1_588' title='bbox 2640 3836 2891 3897; x_wconf 85' lang='lat' dir='ltr'><strong>Dioscori</strong></span> <span class='ocrx_word' id='word_1_589' title='bbox 2965 3833 3379 3906; x_wconf 90' lang='lat' dir='ltr'><strong>depositionem</strong></span> <span class='ocrx_word' id='word_1_590' title='bbox 3450 3842 3564 3882; x_wconf 89' lang='lat' dir='ltr'><strong>non</strong></span> 
     </span>
    </p>
   </div>
   <div class='ocr_carea' id='block_1_88' title="bbox 1981 3921 3566 4010">
    <p class='ocr_par' dir='ltr' id='par_1_88' title="bbox 1981 3921 3566 4010">
     <span class='ocr_line' id='line_1_88' title="bbox 1981 3921 3566 4010; baseline -0.016 -14"><span class='ocrx_word' id='word_1_591' title='bbox 1981 3950 2157 4009; x_wconf 91' lang='lat' dir='ltr'><strong>recte,</strong></span> <span class='ocrx_word' id='word_1_592' title='bbox 2206 3944 2391 4010; x_wconf 77' lang='lat' dir='ltr'><strong>neque</strong></span> <span class='ocrx_word' id='word_1_593' title='bbox 2440 3933 2635 3991; x_wconf 91' lang='lat' dir='ltr'><strong>ordine</strong></span> <span class='ocrx_word' id='word_1_594' title='bbox 2692 3932 2893 3987; x_wconf 90' lang='lat' dir='ltr'><strong>factam</strong></span> <span class='ocrx_word' id='word_1_595' title='bbox 2952 3941 3113 3989; x_wconf 89' lang='lat' dir='ltr'><strong>esse,</strong></span> <span class='ocrx_word' id='word_1_596' title='bbox 3168 3934 3227 3980; x_wconf 91' lang='lat' dir='ltr'><strong>et</strong></span> <span class='ocrx_word' id='word_1_597' title='bbox 3282 3921 3566 3993; x_wconf 90' lang='lat' dir='ltr'><strong>proposita</strong></span> 
     </span>
    </p>
   </div>
   <div class='ocr_carea' id='block_1_89' title="bbox 1984 4014 3558 4097">
    <p class='ocr_par' dir='ltr' id='par_1_89' title="bbox 1984 4014 3558 4097">
     <span class='ocr_line' id='line_1_89' title="bbox 1984 4014 3558 4097; baseline -0.017 -10"><span class='ocrx_word' id='word_1_598' title='bbox 1984 4031 2112 4097; x_wconf 78' lang='lat' dir='ltr'><strong>fide,</strong></span> <span class='ocrx_word' id='word_1_599' title='bbox 2142 4044 2271 4086; x_wconf 89' lang='lat' dir='ltr'><strong>eum</strong></span> <span class='ocrx_word' id='word_1_600' title='bbox 2315 4025 2384 4081; x_wconf 88' lang='lat' dir='ltr'><strong>ad</strong></span> <span class='ocrx_word' id='word_1_601' title='bbox 2425 4039 2746 4081; x_wconf 90' lang='lat' dir='ltr'><strong>consessum</strong></span> <span class='ocrx_word' id='word_1_602' title='bbox 2792 4019 2988 4093; x_wconf 83' lang='lat' dir='ltr'><strong>synodi</strong></span> <span class='ocrx_word' id='word_1_603' title='bbox 3016 4014 3227 4073; x_wconf 87' lang='lat' dir='ltr'><strong>admitti</strong></span> <span class='ocrx_word' id='word_1_604' title='bbox 3270 4020 3558 4084; x_wconf 87' lang='lat' dir='ltr'><strong>oportere.</strong></span> 
     </span>
    </p>
   </div>
   <div class='ocr_carea' id='block_1_90' title="bbox 1981 4106 3565 4197">
    <p class='ocr_par' dir='ltr' id='par_1_90' title="bbox 1981 4106 3565 4197">
     <span class='ocr_line' id='line_1_90' title="bbox 1981 4106 3565 4197; baseline -0.016 -18"><span class='ocrx_word' id='word_1_605' title='bbox 1981 4121 2142 4192; x_wconf 83' lang='lat' dir='ltr'><strong>Quod</strong></span> <span class='ocrx_word' id='word_1_606' title='bbox 2169 4119 2275 4176; x_wconf 90' lang='lat' dir='ltr'><strong>nisi</strong></span> <span class='ocrx_word' id='word_1_607' title='bbox 2308 4118 2385 4173; x_wconf 88' lang='lat' dir='ltr'><strong>ita</strong></span> <span class='ocrx_word' id='word_1_608' title='bbox 2416 4117 2596 4183; x_wconf 86' lang='lat' dir='ltr'><strong>fleret,</strong></span> <span class='ocrx_word' id='word_1_609' title='bbox 2632 4127 2966 4197; x_wconf 80' lang='lat' dir='ltr'><strong>excussuros</strong></span> <span class='ocrx_word' id='word_1_610' title='bbox 2996 4125 3054 4165; x_wconf 91' lang='lat' dir='ltr'><strong>se</strong></span> <span class='ocrx_word' id='word_1_611' title='bbox 3080 4106 3412 4173; x_wconf 85' lang='lat' dir='ltr'><strong>vestimenta</strong></span> <span class='ocrx_word' id='word_1_612' title='bbox 3444 4116 3565 4164; x_wconf 87' lang='lat' dir='ltr'><strong>sua,</strong></span> 
     </span>
    </p>
   </div>
   <div class='ocr_carea' id='block_1_91' title="bbox 1982 4189 3569 4277">
    <p class='ocr_par' dir='ltr' id='par_1_91' title="bbox 1982 4189 3569 4277">
     <span class='ocr_line' id='line_1_91' title="bbox 1982 4189 3569 4277; baseline -0.019 -5"><span class='ocrx_word' id='word_1_613' title='bbox 1982 4225 2040 4272; x_wconf 90' lang='lat' dir='ltr'><strong>et</strong></span> <span class='ocrx_word' id='word_1_614' title='bbox 2086 4229 2119 4270; x_wconf 91' lang='lat' dir='ltr'><strong>a</strong></span> <span class='ocrx_word' id='word_1_615' title='bbox 2173 4208 2565 4269; x_wconf 90' lang='lat' dir='ltr'><strong>communione</strong></span> <span class='ocrx_word' id='word_1_616' title='bbox 2627 4189 3017 4277; x_wconf 78' lang='lat' dir='ltr'><strong>episcOporum</strong></span> <span class='ocrx_word' id='word_1_617' title='bbox 3087 4197 3182 4269; x_wconf 89' lang='lat' dir='ltr'><strong>qui</strong></span> <span class='ocrx_word' id='word_1_618' title='bbox 3250 4189 3569 4264; x_wconf 85' lang='lat' dir='ltr'><strong>congregati</strong></span> 
     </span>
    </p>
   </div>
   <div class='ocr_carea' id='block_1_92' title="bbox 1983 4284 3574 4373">
    <p class='ocr_par' dir='ltr' id='par_1_92' title="bbox 1983 4284 3574 4373">
     <span class='ocr_line' id='line_1_92' title="bbox 1983 4284 3574 4373; baseline -0.021 -6"><span class='ocrx_word' id='word_1_619' title='bbox 1983 4316 2165 4373; x_wconf 89' lang='lat' dir='ltr'><strong>erant,</strong></span> <span class='ocrx_word' id='word_1_620' title='bbox 2196 4316 2535 4362; x_wconf 88' lang='lat' dir='ltr'><strong>recessuros.</strong></span> <span class='ocrx_word' id='word_1_621' title='bbox 2568 4299 2667 4354; x_wconf 82' lang='lat' dir='ltr'><strong>His</strong></span> <span class='ocrx_word' id='word_1_622' title='bbox 2704 4295 2969 4360; x_wconf 87' lang='lat' dir='ltr'><strong>recitatis,</strong></span> <span class='ocrx_word' id='word_1_623' title='bbox 3003 4291 3198 4349; x_wconf 87' lang='lat' dir='ltr'><strong>Aetius</strong></span> <span class='ocrx_word' id='word_1_624' title='bbox 3228 4284 3574 4343; x_wconf 78' lang='lat' dir='ltr'><strong>archidiaco-</strong></span> 
     </span>
    </p>
   </div>
   <div class='ocr_carea' id='block_1_93' title="bbox 1985 4384 3574 4469">
    <p class='ocr_par' dir='ltr' id='par_1_93' title="bbox 1985 4384 3574 4469">
     <span class='ocr_line' id='line_1_93' title="bbox 1985 4384 3574 4469; baseline -0.018 -14"><span class='ocrx_word' id='word_1_625' title='bbox 1985 4416 2091 4455; x_wconf 91' lang='lat' dir='ltr'><strong>nus</strong></span> <span class='ocrx_word' id='word_1_626' title='bbox 2120 4396 2252 4469; x_wconf 81' lang='lat' dir='ltr'><strong>legit</strong></span> <span class='ocrx_word' id='word_1_627' title='bbox 2280 4408 2545 4451; x_wconf 90' lang='lat' dir='ltr'><strong>canonem</strong></span> <span class='ocrx_word' id='word_1_628' title='bbox 2573 4390 2641 4447; x_wconf 89' lang='lat' dir='ltr'><strong>de</strong></span> <span class='ocrx_word' id='word_1_629' title='bbox 2675 4388 2744 4443; x_wconf 91' lang='lat' dir='ltr'><strong>iis</strong></span> <span class='ocrx_word' id='word_1_630' title='bbox 2772 4388 2865 4457; x_wconf 90' lang='lat' dir='ltr'><strong>qui</strong></span> <span class='ocrx_word' id='word_1_631' title='bbox 2898 4384 3225 4453; x_wconf 88' lang='lat' dir='ltr'><strong>semetipsos</strong></span> <span class='ocrx_word' id='word_1_632' title='bbox 3266 4395 3297 4435; x_wconf 87' lang='lat' dir='ltr'><strong>a</strong></span> <span class='ocrx_word' id='word_1_633' title='bbox 3327 4390 3574 4431; x_wconf 72' lang='lat' dir='ltr'><strong>commu—</strong></span> 
     </span>
    </p>
   </div>
   <div class='ocr_carea' id='block_1_94' title="bbox 1986 4470 3572 4560">
    <p class='ocr_par' dir='ltr' id='par_1_94' title="bbox 1986 4470 3572 4560">
     <span class='ocr_line' id='line_1_94' title="bbox 1986 4470 3572 4560; baseline -0.019 -12"><span class='ocrx_word' id='word_1_634' title='bbox 1986 4493 2152 4548; x_wconf 90' lang='lat' dir='ltr'><strong>nione</strong></span> <span class='ocrx_word' id='word_1_635' title='bbox 2204 4497 2483 4560; x_wconf 88' lang='lat' dir='ltr'><strong>separant.</strong></span> <span class='ocrx_word' id='word_1_636' title='bbox 2532 4486 2748 4541; x_wconf 82' lang='lat' dir='ltr'><strong>Rursus</strong></span> <span class='ocrx_word' id='word_1_637' title='bbox 2795 4494 2919 4535; x_wconf 92' lang='lat' dir='ltr'><strong>cum</strong></span> <span class='ocrx_word' id='word_1_638' title='bbox 2962 4477 3031 4532; x_wconf 89' lang='lat' dir='ltr'><strong>ad</strong></span> <span class='ocrx_word' id='word_1_639' title='bbox 3079 4470 3572 4541; x_wconf 84' lang='lat' dir='ltr'><strong>interrogationem</strong></span> 
     </span>
    </p>
   </div>
   <div class='ocr_carea' id='block_1_95' title="bbox 1912 4561 3575 4653">
    <p class='ocr_par' dir='ltr' id='par_1_95' title="bbox 1912 4561 3575 4653">
     <span class='ocr_line' id='line_1_95' title="bbox 1912 4561 3575 4653; baseline -0.021 -7"><span class='ocrx_word' id='word_1_640' title='bbox 1912 4591 1965 4653; x_wconf 92' lang='lat' dir='ltr'><strong>D</strong></span> <span class='ocrx_word' id='word_1_641' title='bbox 1992 4584 2464 4646; x_wconf 88' lang='lat' dir='ltr'><strong>sanctissimorum</strong></span> <span class='ocrx_word' id='word_1_642' title='bbox 2511 4577 2935 4648; x_wconf 87' lang='lat' dir='ltr'><strong>episcoporum,</strong></span> <span class='ocrx_word' id='word_1_643' title='bbox 2972 4578 3027 4625; x_wconf 92' lang='lat' dir='ltr'><strong>ct</strong></span> <span class='ocrx_word' id='word_1_644' title='bbox 3060 4574 3253 4639; x_wconf 84' lang='lat' dir='ltr'><strong>postea</strong></span> <span class='ocrx_word' id='word_1_645' title='bbox 3294 4563 3360 4618; x_wconf 88' lang='lat' dir='ltr'><strong>ad</strong></span> <span class='ocrx_word' id='word_1_646' title='bbox 3405 4561 3575 4614; x_wconf 74' lang='lat' dir='ltr'><strong>inter-</strong></span> 
     </span>
    </p>
   </div>
   <div class='ocr_carea' id='block_1_96' title="bbox 1993 4649 3578 4750">
    <p class='ocr_par' dir='ltr' id='par_1_96' title="bbox 1993 4649 3578 4750">
     <span class='ocr_line' id='line_1_96' title="bbox 1993 4649 3578 4750; baseline -0.02 -15"><span class='ocrx_word' id='word_1_647' title='bbox 1993 4679 2337 4750; x_wconf 87' lang='lat' dir='ltr'><strong>rogationem</strong></span> <span class='ocrx_word' id='word_1_648' title='bbox 2405 4669 2550 4727; x_wconf 86' lang='lat' dir='ltr'><strong>Aetii</strong></span> <span class='ocrx_word' id='word_1_649' title='bbox 2617 4662 3028 4728; x_wconf 89' lang='lat' dir='ltr'><strong>archidiaconi,</strong></span> <span class='ocrx_word' id='word_1_650' title='bbox 3091 4671 3350 4729; x_wconf 89' lang='lat' dir='ltr'><strong>tanquam</strong></span> <span class='ocrx_word' id='word_1_651' title='bbox 3414 4649 3578 4721; x_wconf 71' lang='lat'><strong>326</strong></span> 
     </span>
    </p>
   </div>
   <div class='ocr_carea' id='block_1_97' title="bbox 1996 4751 3577 4841">
    <p class='ocr_par' dir='ltr' id='par_1_97' title="bbox 1996 4751 3577 4841">
     <span class='ocr_line' id='line_1_97' title="bbox 1996 4751 3577 4841; baseline -0.022 -11"><span class='ocrx_word' id='word_1_652' title='bbox 1996 4772 2218 4830; x_wconf 88' lang='lat' dir='ltr'><strong>nomine</strong></span> <span class='ocrx_word' id='word_1_653' title='bbox 2256 4765 2451 4841; x_wconf 85' lang='lat' dir='ltr'><strong>synodi</strong></span> <span class='ocrx_word' id='word_1_654' title='bbox 2486 4764 2709 4827; x_wconf 86' lang='lat' dir='ltr'><strong>factam,</strong></span> <span class='ocrx_word' id='word_1_655' title='bbox 2756 4754 3013 4814; x_wconf 87' lang='lat' dir='ltr'><strong>monachi</strong></span> <span class='ocrx_word' id='word_1_656' title='bbox 3058 4751 3220 4811; x_wconf 88' lang='lat' dir='ltr'><strong>divisi</strong></span> <span class='ocrx_word' id='word_1_657' title='bbox 3252 4755 3440 4805; x_wconf 85' lang='lat' dir='ltr'><strong>essent</strong></span> <span class='ocrx_word' id='word_1_658' title='bbox 3464 4785 3478 4799; x_wconf 94' lang='lat'><strong>.</strong></span> <span class='ocrx_word' id='word_1_659' title='bbox 3521 4752 3577 4797; x_wconf 90' lang='lat' dir='ltr'><strong>et</strong></span> 
     </span>
    </p>
   </div>
   <div class='ocr_carea' id='block_1_98' title="bbox 1511 4907 2374 4977">
    <p class='ocr_par' dir='ltr' id='par_1_98' title="bbox 1511 4907 2374 4977">
     <span class='ocr_line' id='line_1_98' title="bbox 1511 4907 2374 4977; baseline -0.015 -2"><span class='ocrx_word' id='word_1_660' title='bbox 1511 4916 1783 4977; x_wconf 80' lang='lat' dir='ltr'><strong>VALESII</strong></span> <span class='ocrx_word' id='word_1_661' title='bbox 1814 4907 2374 4973; x_wconf 72' lang='lat' dir='ltr'><strong>ANNOTATIONES.</strong></span> 
     </span>
    </p>
   </div>
   <div class='ocr_carea' id='block_1_99' title="bbox 378 5037 1882 5125">
    <p class='ocr_par' dir='ltr' id='par_1_99' title="bbox 378 5037 1882 5125">
     <span class='ocr_line' id='line_1_99' title="bbox 378 5037 1882 5125; baseline -0.025 -1"><span class='ocrx_word' id='word_1_662' title='bbox 378 5056 489 5125; x_wconf 73' lang='lat'><strong>(57)</strong></span> <span class='ocrx_word' id='word_1_663' title='bbox 513 5054 732 5125; x_wconf 68' lang='grc' dir='ltr'>Μένρις</span> <span class='ocrx_word' id='word_1_664' title='bbox 768 5052 846 5106; x_wconf 81' lang='grc' dir='ltr'><strong>ἂν</strong></span> <span class='ocrx_word' id='word_1_665' title='bbox 876 5045 1338 5125; x_wconf 61' lang='grc' dir='ltr'>συκαθροισθείη</span> <span class='ocrx_word' id='word_1_666' title='bbox 1385 5041 1424 5112; x_wconf 81' lang='grc' dir='ltr'>ἠ</span> <span class='ocrx_word' id='word_1_667' title='bbox 1447 5039 1739 5125; x_wconf 63' lang='grc' dir='ltr'>ρξύιςοδος.</span> <span class='ocrx_word' id='word_1_668' title='bbox 1772 5037 1882 5125; x_wconf 57' lang='lat' dir='ltr'><strong>Eii:</strong></span> 
     </span>
    </p>
   </div>
   <div class='ocr_carea' id='block_1_100' title="bbox 314 5107 1885 5195">
    <p class='ocr_par' dir='ltr' id='par_1_100' title="bbox 314 5107 1885 5195">
     <span class='ocr_line' id='line_1_100' title="bbox 314 5107 1885 5195; baseline -0.012 -14"><span class='ocrx_word' id='word_1_669' title='bbox 314 5107 425 5183; x_wconf 70' lang='lat' dir='ltr'><strong>stat</strong></span> <span class='ocrx_word' id='word_1_670' title='bbox 446 5107 925 5195; x_wconf 35' lang='lat' dir='ltr'><strong>&#39;l’ibell’iisprecum</strong></span> <span class='ocrx_word' id='word_1_671' title='bbox 955 5107 1171 5175; x_wconf 72' lang='lat' dir='ltr'><strong>oblatus</strong></span> <span class='ocrx_word' id='word_1_672' title='bbox 1197 5133 1228 5172; x_wconf 92' lang='lat' dir='ltr'><strong>a</strong></span> <span class='ocrx_word' id='word_1_673' title='bbox 1248 5107 1536 5195; x_wconf 67' lang='lat' dir='ltr'><strong>monachis</strong></span> <span class='ocrx_word' id='word_1_674' title='bbox 1546 5107 1885 5195; x_wconf 60' lang='lat' dir='ltr'><strong>imperatori</strong></span> 
     </span>
    </p>
   </div>
   <div class='ocr_carea' id='block_1_101' title="bbox 318 5177 1885 5259">
    <p class='ocr_par' dir='ltr' id='par_1_101' title="bbox 318 5177 1885 5259">
     <span class='ocr_line' id='line_1_101' title="bbox 318 5177 1885 5259; baseline -0.011 -9"><span class='ocrx_word' id='word_1_675' title='bbox 318 5177 748 5252; x_wconf 33' lang='lat' dir='ltr'><strong>Marciano—Winr</strong></span> <span class='ocrx_word' id='word_1_676' title='bbox 779 5177 1005 5248; x_wconf 14' lang='lat' dir='ltr'><strong>factione</strong></span> <span class='ocrx_word' id='word_1_677' title='bbox 1081 5197 1276 5259; x_wconf 91' lang='lat' dir='ltr'><strong>quarta</strong></span> <span class='ocrx_word' id='word_1_678' title='bbox 1342 5183 1561 5241; x_wconf 90' lang='lat' dir='ltr'><strong>concilii</strong></span> <span class='ocrx_word' id='word_1_679' title='bbox 1592 5177 1885 5259; x_wconf 77' lang='lat' dir='ltr'><strong>_Chalced.</strong></span> 
     </span>
    </p>
   </div>
   <div class='ocr_carea' id='block_1_102' title="bbox 318 5249 1887 5337">
    <p class='ocr_par' dir='ltr' id='par_1_102' title="bbox 318 5249 1887 5337">
     <span class='ocr_line' id='line_1_102' title="bbox 318 5249 1887 5337; baseline -0.013 -14"><span class='ocrx_word' id='word_1_680' title='bbox 318 5249 599 5337; x_wconf 38' lang='lat' dir='ltr'><strong>pag-937.</strong></span> <span class='ocrx_word' id='word_1_681' title='bbox 627 5249 705 5321; x_wconf 80' lang='lat' dir='ltr'><strong>In</strong></span> <span class='ocrx_word' id='word_1_682' title='bbox 727 5266 835 5319; x_wconf 90' lang='lat' dir='ltr'><strong>hoc</strong></span> <span class='ocrx_word' id='word_1_683' title='bbox 862 5262 1050 5337; x_wconf 79' lang='lat' dir='ltr'><strong>libello</strong></span> <span class='ocrx_word' id='word_1_684' title='bbox 1078 5249 1363 5337; x_wconf 78' lang='lat' dir='ltr'><strong>postulant</strong></span> <span class='ocrx_word' id='word_1_685' title='bbox 1379 5252 1651 5337; x_wconf 44' lang='lat' dir='ltr'><strong>“monachi</strong></span> <span class='ocrx_word' id='word_1_686' title='bbox 1679 5252 1748 5333; x_wconf 79' lang='lat' dir='ltr'><strong>ab</strong></span> <span class='ocrx_word' id='word_1_687' title='bbox 1770 5249 1887 5337; x_wconf 80' lang='lat' dir='ltr'><strong>im-</strong></span> 
     </span>
    </p>
   </div>
   <div class='ocr_carea' id='block_1_103' title="bbox 318 5323 1892 5407">
    <p class='ocr_par' dir='ltr' id='par_1_103' title="bbox 318 5323 1892 5407">
     <span class='ocr_line' id='line_1_103' title="bbox 318 5323 1892 5407; baseline -0.01 -17"><span class='ocrx_word' id='word_1_688' title='bbox 318 5323 590 5405; x_wconf 52' lang='lat' dir='ltr'><strong>peratore,</strong></span> <span class='ocrx_word' id='word_1_689' title='bbox 629 5344 690 5391; x_wconf 92' lang='lat' dir='ltr'><strong>ut</strong></span> <span class='ocrx_word' id='word_1_690' title='bbox 721 5332 962 5407; x_wconf 81' lang='lat' dir='ltr'><strong>synodus</strong></span> <span class='ocrx_word' id='word_1_691' title='bbox 992 5323 1333 5386; x_wconf 77' lang='lat' dir='ltr'><strong>meumeuica</strong></span> <span class='ocrx_word' id='word_1_692' title='bbox 1364 5326 1488 5405; x_wconf 81' lang='lat' dir='ltr'><strong>fiat,</strong></span> <span class='ocrx_word' id='word_1_693' title='bbox 1516 5339 1680 5406; x_wconf 77' lang='lat' dir='ltr'><strong>quam</strong></span> <span class='ocrx_word' id='word_1_694' title='bbox 1714 5323 1892 5390; x_wconf 88' lang='lat' dir='ltr'><strong>impe-</strong></span> 
     </span>
    </p>
   </div>
   <div class='ocr_carea' id='block_1_104' title="bbox 318 5396 1894 5480">
    <p class='ocr_par' dir='ltr' id='par_1_104' title="bbox 318 5396 1894 5480">
     <span class='ocr_line' id='line_1_104' title="bbox 318 5396 1894 5480; baseline -0.011 -19"><span class='ocrx_word' id='word_1_695' title='bbox 318 5396 464 5480; x_wconf 76' lang='lat' dir='ltr'><strong>rator</strong></span> <span class='ocrx_word' id='word_1_696' title='bbox 491 5396 601 5480; x_wconf 82' lang='lat' dir='ltr'><strong>jam</strong></span> <span class='ocrx_word' id='word_1_697' title='bbox 652 5396 813 5480; x_wconf 73' lang='lat' dir='ltr'><strong>antea</strong></span> <span class='ocrx_word' id='word_1_698' title='bbox 842 5407 1182 5480; x_wconf 64' lang='lat' dir='ltr'><strong>praeceperat</strong></span> <span class='ocrx_word' id='word_1_699' title='bbox 1214 5396 1536 5480; x_wconf 72' lang='lat' dir='ltr'><strong>congregari</strong></span> <span class='ocrx_word' id='word_1_700' title='bbox 1564 5412 1578 5448; x_wconf 88' lang='lat'><strong>:</strong></span> <span class='ocrx_word' id='word_1_701' title='bbox 1613 5408 1738 5480; x_wconf 63' lang='lat' dir='ltr'><strong>qua;</strong></span> <span class='ocrx_word' id='word_1_702' title='bbox 1775 5406 1894 5472; x_wconf 78' lang='lat' dir='ltr'><strong>om-</strong></span> 
     </span>
    </p>
   </div>
   <div class='ocr_carea' id='block_1_105' title="bbox 317 5462 1895 5540">
    <p class='ocr_par' dir='ltr' id='par_1_105' title="bbox 317 5462 1895 5540">
     <span class='ocr_line' id='line_1_105' title="bbox 317 5462 1895 5540; baseline -0.014 -6"><span class='ocrx_word' id='word_1_703' title='bbox 317 5462 470 5534; x_wconf 75' lang='lat' dir='ltr'><strong>nium</strong></span> <span class='ocrx_word' id='word_1_704' title='bbox 491 5462 671 5536; x_wconf 53' lang='lat' dir='ltr'><strong>&#39;saluti</strong></span> <span class='ocrx_word' id='word_1_705' title='bbox 688 5462 961 5540; x_wconf 71' lang='lat' dir='ltr'><strong>consulat,</strong></span> <span class='ocrx_word' id='word_1_706' title='bbox 985 5462 1088 5526; x_wconf 79' lang='lat' dir='ltr'><strong>nec</strong></span> <span class='ocrx_word' id='word_1_707' title='bbox 1122 5462 1548 5537; x_wconf 57' lang='lat' dir='ltr'><strong>monachos&#39;per</strong></span> <span class='ocrx_word' id='word_1_708' title='bbox 1574 5462 1895 5521; x_wconf 80' lang='lat' dir='ltr'><strong>vicientiam</strong></span> 
     </span>
    </p>
   </div>
   <div class='ocr_carea' id='block_1_106' title="bbox 1990 5003 3584 5095">
    <p class='ocr_par' dir='ltr' id='par_1_106' title="bbox 1990 5003 3584 5095">
     <span class='ocr_line' id='line_1_106' title="bbox 1990 5003 3584 5095; baseline -0.024 -5"><span class='ocrx_word' id='word_1_709' title='bbox 1990 5029 2344 5091; x_wconf 89' lang='lat' dir='ltr'><strong>subscribere</strong></span> <span class='ocrx_word' id='word_1_710' title='bbox 2372 5024 2684 5095; x_wconf 90' lang='lat' dir='ltr'><strong>compellat.</strong></span> <span class='ocrx_word' id='word_1_711' title='bbox 2711 5017 2937 5077; x_wconf 87' lang='lat' dir='ltr'><strong>Scilicet</strong></span> <span class='ocrx_word' id='word_1_712' title='bbox 2955 5007 3210 5095; x_wconf 82' lang='lat' dir='ltr'><strong>monachi</strong></span> <span class='ocrx_word' id='word_1_713' title='bbox 3235 5003 3584 5095; x_wconf 24' lang='lat' dir='ltr'><strong>illisu-onere:</strong></span> 
     </span>
    </p>
   </div>
   <div class='ocr_carea' id='block_1_107' title="bbox 1989 5076 3581 5172">
    <p class='ocr_par' dir='ltr' id='par_1_107' title="bbox 1989 5076 3581 5172">
     <span class='ocr_line' id='line_1_107' title="bbox 1989 5076 3581 5172; baseline -0.024 -11"><span class='ocrx_word' id='word_1_714' title='bbox 2239 5076 2524 5172; x_wconf 31' lang='lat' dir='ltr'><strong>synodumﬁ</strong></span> <span class='ocrx_word' id='word_1_715' title='bbox 2544 5076 2670 5172; x_wconf 69' lang='lat' dir='ltr'><strong>esse</strong></span> <span class='ocrx_word' id='word_1_716' title='bbox 2725 5089 3148 5172; x_wconf 41' lang='lat' dir='ltr'><strong>meumen&#39;ieam;</strong></span> <span class='ocrx_word' id='word_1_717' title='bbox 3174 5078 3260 5172; x_wconf 68' lang='lat' dir='ltr'><strong>cui</strong></span> <span class='ocrx_word' id='word_1_718' title='bbox 3282 5076 3581 5172; x_wconf 40' lang='lat' dir='ltr'><strong>Biuscp‘rlns</strong></span> 
     </span>
    </p>
   </div>
   <div class='ocr_carea' id='block_1_108' title="bbox 1991 5142 3583 5256">
    <p class='ocr_par' dir='ltr' id='par_1_108' title="bbox 1991 5142 3583 5256">
     <span class='ocr_line' id='line_1_108' title="bbox 1991 5142 3583 5256; baseline -0.024 -24"><span class='ocrx_word' id='word_1_719' title='bbox 1991 5142 2290 5256; x_wconf 56' lang='lat' dir='ltr'><strong>Si</strong></span> <span class='ocrx_word' id='word_1_720' title='bbox 2310 5166 2528 5239; x_wconf 57' lang='lat' dir='ltr'><strong>Aigypti</strong></span> <span class='ocrx_word' id='word_1_721' title='bbox 2557 5163 2802 5243; x_wconf 76' lang='lat' dir='ltr'><strong>episcopi</strong></span> <span class='ocrx_word' id='word_1_722' title='bbox 2834 5175 2945 5241; x_wconf 75' lang='lat' dir='ltr'><strong>non</strong></span> <span class='ocrx_word' id='word_1_723' title='bbox 2980 5142 3583 5256; x_wconf 37' lang='lat' dir='ltr'><strong>interfuissent:</strong></span> 
     </span>
     <span class='ocr_line' id='line_1_109' title="bbox 1992 5236 3580 5256; baseline -0.025 12"><span class='ocrx_word' id='word_1_724' title='bbox 1992 5249 2006 5256; x_wconf 84' lang='lat'><strong>-</strong></span> <span class='ocrx_word' id='word_1_725' title='bbox 2151 5246 2161 5256; x_wconf 82' lang='lat'><strong><em>-</em></strong></span> <span class='ocrx_word' id='word_1_726' title='bbox 2232 5252 2241 5256; x_wconf 86' lang='lat'><strong>-</strong></span> <span class='ocrx_word' id='word_1_727' title='bbox 2299 5250 2310 5256; x_wconf 85' lang='lat'><strong>-</strong></span> <span class='ocrx_word' id='word_1_728' title='bbox 2384 5239 2820 5256; x_wconf 54' lang='grc' dir='ltr'>,η</span> <span class='ocrx_word' id='word_1_729' title='bbox 2870 5238 3144 5256; x_wconf 46' lang='lat' dir='ltr'><strong>“HM-mm</strong></span> <span class='ocrx_word' id='word_1_730' title='bbox 3172 5236 3256 5256; x_wconf 50' lang='grc' dir='ltr'><strong>νη,</strong></span> <span class='ocrx_word' id='word_1_731' title='bbox 3486 5254 3489 5256; x_wconf 5' lang='grc' dir='ltr'><em>ἓ</em></span> <span class='ocrx_word' id='word_1_732' title='bbox 3566 5249 3580 5256; x_wconf 82' lang='lat'><em>_</em></span> 
     </span>
    </p>
   </div>
   <div class='ocr_carea' id='block_1_109' title="bbox 1992 5224 3580 5315">
    <p class='ocr_par' dir='ltr' id='par_1_109' title="bbox 1992 5224 3580 5315">
     <span class='ocr_line' id='line_1_110' title="bbox 1992 5224 3580 5315; baseline -0.016 -12"><span class='ocrx_word' id='word_1_733' title='bbox 1992 5224 2824 5315; x_wconf 37' lang='lat' dir='ltr'><strong>iufdliioscorus‘in</strong></span> <span class='ocrx_word' id='word_1_734' title='bbox 2870 5230 3150 5315; x_wconf 59' lang='lat' dir='ltr'><strong>integrum</strong></span> <span class='ocrx_word' id='word_1_735' title='bbox 3172 5224 3580 5315; x_wconf 50' lang='lat' dir='ltr'><strong>restitueretur:</strong></span> 
     </span>
    </p>
   </div>
   <div class='ocr_carea' id='block_1_110' title="bbox 1994 5291 3580 5389">
    <p class='ocr_par' dir='ltr' id='par_1_110' title="bbox 1994 5291 3580 5389">
     <span class='ocr_line' id='line_1_111' title="bbox 1994 5291 3580 5389; baseline -0.025 -16"><span class='ocrx_word' id='word_1_736' title='bbox 1994 5291 2458 5389; x_wconf 53' lang='lat' dir='ltr'><strong>aﬁéhiziihibddni</strong></span> <span class='ocrx_word' id='word_1_737' title='bbox 2486 5306 2675 5379; x_wconf 78' lang='lat' dir='ltr'><strong>videre</strong></span> <span class='ocrx_word' id='word_1_738' title='bbox 2702 5309 2788 5359; x_wconf 90' lang='lat' dir='ltr'><strong>est</strong></span> <span class='ocrx_word' id='word_1_739' title='bbox 2806 5302 2863 5356; x_wconf 90' lang='lat' dir='ltr'><strong>in</strong></span> <span class='ocrx_word' id='word_1_740' title='bbox 2896 5291 3071 5355; x_wconf 68' lang='lat' dir='ltr'><strong>altero</strong></span> <span class='ocrx_word' id='word_1_741' title='bbox 3093 5291 3280 5349; x_wconf 80' lang='lat' dir='ltr'><strong>libello</strong></span> <span class='ocrx_word' id='word_1_742' title='bbox 3307 5291 3401 5358; x_wconf 86' lang='lat' dir='ltr'><strong>qui</strong></span> <span class='ocrx_word' id='word_1_743' title='bbox 3431 5291 3580 5354; x_wconf 82' lang='lat' dir='ltr'><strong>post-</strong></span> 
     </span>
    </p>
   </div>
   <div class='ocr_carea' id='block_1_111' title="bbox 1996 5386 2495 5445">
    <p class='ocr_par' dir='ltr' id='par_1_111' title="bbox 1996 5386 2495 5445">
     <span class='ocr_line' id='line_1_112' title="bbox 1996 5386 2495 5445; baseline -0.022 0"><span class='ocrx_word' id='word_1_744' title='bbox 1996 5386 2061 5445; x_wconf 80' lang='lat' dir='ltr'><strong>ea</strong></span> <span class='ocrx_word' id='word_1_745' title='bbox 2093 5386 2357 5442; x_wconf 89' lang='lat' dir='ltr'><strong>recitatus</strong></span> <span class='ocrx_word' id='word_1_746' title='bbox 2384 5389 2495 5436; x_wconf 89' lang='lat' dir='ltr'><strong>est.</strong></span> 
     </span>
    </p>
   </div>
   <div class='ocr_carea' id='block_1_112' title="bbox 1731 5595 2124 5656">
    <p class='ocr_par' dir='ltr' id='par_1_112' title="bbox 1731 5595 2124 5656">
     <span class='ocr_line' id='line_1_113' title="bbox 1731 5595 2124 5656; baseline -0.015 0"><span class='ocrx_word' id='word_1_747' title='bbox 1731 5595 2124 5656; x_wconf 69' lang='grc' dir='ltr'>νιιιιιοιιυιι.</span> 
     </span>
    </p>
   </div>
   <div class='ocr_carea' id='block_1_113' title="bbox 392 5659 3589 5784">
    <p class='ocr_par' dir='ltr' id='par_1_113' title="bbox 392 5659 3589 5784">
     <span class='ocr_line' id='line_1_114' title="bbox 392 5659 3589 5784; baseline -0.019 -12"><span class='ocrx_word' id='word_1_748' title='bbox 392 5714 458 5784; x_wconf 80' lang='lat' dir='ltr'><strong>(s)</strong></span> <span class='ocrx_word' id='word_1_749' title='bbox 512 5712 608 5779; x_wconf 76' lang='grc' dir='ltr'><strong>Μὴ</strong></span> <span class='ocrx_word' id='word_1_750' title='bbox 672 5708 1120 5783; x_wconf 72' lang='grc' dir='ltr'>προσδεχοῆναι</span> <span class='ocrx_word' id='word_1_751' title='bbox 1167 5701 1309 5772; x_wconf 83' lang='grc' dir='ltr'>τοὺς</span> <span class='ocrx_word' id='word_1_752' title='bbox 1360 5696 1681 5771; x_wconf 68' lang='grc' dir='ltr'>περαιτέρω</span> <span class='ocrx_word' id='word_1_753' title='bbox 1730 5691 1956 5764; x_wconf 66' lang='grc' dir='ltr'>πρόήν.</span> <span class='ocrx_word' id='word_1_754' title='bbox 2034 5684 2350 5759; x_wconf 81' lang='lat' dir='ltr'><strong>Legendum</strong></span> <span class='ocrx_word' id='word_1_755' title='bbox 2411 5680 2487 5754; x_wconf 82' lang='grc' dir='ltr'><strong>μὴ</strong></span> <span class='ocrx_word' id='word_1_756' title='bbox 2550 5677 2739 5751; x_wconf 85' lang='grc' dir='ltr'>προσδ.</span> <span class='ocrx_word' id='word_1_757' title='bbox 2813 5667 3124 5743; x_wconf 79' lang='grc' dir='ltr'>περαιτέρω</span> <span class='ocrx_word' id='word_1_758' title='bbox 3181 5664 3308 5731; x_wconf 76' lang='grc' dir='ltr'>τοὺς</span> <span class='ocrx_word' id='word_1_759' title='bbox 3375 5659 3589 5735; x_wconf 63' lang='grc' dir='ltr'>πρώην·</span> 
     </span>
    </p>
   </div>
   <div class='ocr_carea' id='block_1_114' title="bbox 324 5783 657 5843">
    <p class='ocr_par' dir='ltr' id='par_1_114' title="bbox 324 5783 657 5843">
     <span class='ocr_line' id='line_1_115' title="bbox 324 5783 657 5843; baseline -0.006 -2"><span class='ocrx_word' id='word_1_760' title='bbox 324 5783 410 5843; x_wconf 52' lang='grc' dir='ltr'><strong>ιν,</strong></span> <span class='ocrx_word' id='word_1_761' title='bbox 442 5786 657 5843; x_wconf 77' lang='lat' dir='ltr'><strong>Lowrtt</strong></span> 
     </span>
    </p>
   </div>
  </div>
