4048 6544
432 341 491 401 2'
506 341 575 403 83

1684 333 1993 397 El’AGitll
2035 334 2522 394 SCHOLASTICI

3590 327 3753 392 27:81

430 455 520 510 aii
565 452 791 525 quidem
838 451 1155 507 Nestorium
1208 457 1373 519 atque
1434 448 1737 521 Eutychcm
1798 450 2019 504 anathe-

2130 446 2262 519 χοῦς
2286 446 2735 517 ἐναντιουμένους
2772 445 2884 508 τοῖς
2918 444 3103 517 ὀρθοῖς
3143 444 3431 516 δόγμασιν.
3475 442 3617 513 Ἐφ’
3661 435 3756 503 οἷς

433 557 577 603 matc
604 546 967 610 damnarent;
1003 542 1093 597 alii
1127 557 1259 598 vero
1300 543 1799 614 tergiversarentur
1824 562 1836 597 :
1865 542 2020 613 judi-

430 658 525 699 ces
574 658 674 713 per
718 639 1205 695 interlocutionrm
1258 634 1714 707 pronuntiarunt,
1747 644 1806 689 ut
1835 634 2019 690 Fausti

427 746 483 789 ct
535 735 877 805 reliquorum
938 732 1339 787 monachorum
1408 745 1602 801 preces
1662 729 2017 800 legerentur:

428 829 635 899 quibus
673 828 938 898 petebant
965 826 1035 881 ab
1066 826 1423 896 imperatore,
1460 839 1530 878 ne
1573 823 1812 893 amplius
1839 822 2019 878 susci-

431 928 696 989 perentur
751 918 1028 982 monachi,
1085 917 1180 988 qui
1237 914 1415 973 rectis.
1452 914 1803 986 dogmatibus
1854 914 2021 985 paulo

428 1022 556 1066 ante
604 1012 824 1067 fuerant
870 1010 1168 1066 adversati.
1205 1010 1357 1066 inter
1395 1023 1538 1081 quos
1566 1007 1812 1079 quidam,
1842 1008 2019 1063 Doroe

431 1108 592 1161 theus
632 1106 879 1170 nomine,
928 1104 1233 1176 Eutychem
1283 1102 1654 1160 orthodoxum
1705 1100 2019 1172 appellave-

428 1206 531 1253 rat.
586 1197 866 1253 Adversus
913 1213 1078 1268 quem
1128 1198 1360 1253 diversae
1390 1195 1726 1265 qutestiones
1754 1194 1821 1248 de
1845 1194 2019 1267 Euty-

428 1289 552 1345 rhis
602 1288 859 1344 doctrina
908 1305 936 1342 a
990 1288 1274 1359 iudicibus
1328 1286 1626 1358 preposita:
1684 1294 1834 1339 sunt.
1890 1285 2021 1341 Post

430 1391 545 1438 meo
606 1398 731 1438 eum
787 1381 1020 1452 quintus
1074 1396 1368 1436 consessus
1436 1379 1730 1434 inchoatus
1788 1377 2017 1441 fuisset,

422 1477 640 1545 judiccs
707 1475 1138 1531 interlocutione
1193 1473 1383 1529 habita
1445 1472 1911 1543 pronuntiarunt,
1960 1482 2021 1526 ut

426 1570 676 1624 definitio
734 1569 862 1624 fidei
922 1568 1388 1640 promulgaretur.
1443 1566 1602 1622 Tunc
1660 1564 2021 1635 Asclepiades

427 1660 698 1717 diaconus
728 1660 991 1723 Ecclesia:
1026 1658 1673 1731 Constantinopolitanae,
1714 1658 1848 1729 legit
1881 1656 2019 1713 defi-

427 1753 718 1819 nitionem,
752 1770 919 1825 quam
964 1752 1343 1809 monumentis
1376 1761 1627 1808 actorum
1670 1750 2019 1807 inserendam

427 1864 535 1902 non
600 1866 721 1905 esse
773 1851 1127 1923 judicarunt.
1173 1849 1274 1907 Cui
1344 1849 1654 1906 deﬁnitioni
1702 1848 1961 1905 nonnulli
2010 1845 2235 1919 quidem
2295 1851 2675 1915 repugnarunt
2729 1860 2744 1896 :

2127 539 2408 611 Δωρόθεος
2441 538 3001 611 μοναχὸς,όρθόδοξον
3028 538 3247 609 Εὐτυχῆ
3280 536 3552 608 κέκληκε.
3587 534 3755 603 Πρὸς

2123 630 2184 685 ὃν
2220 631 2459 701 διάφορα
2485 631 2792 702 δογματικά
2840 632 2971 703 περὶ
3026 630 3304 702 Εὐτυχοῦς
3333 631 3487 704 παρὰ
3535 629 3668 683 τῶν
3702 625 3755 659 ⁸⁸

2124 724 2405 796 ἀρχόντων
2444 725 2693 798 ἐκινήθη.
2748 724 2860 778 Kal
2901 723 3041 796 μετά
3073 723 3234 778 τοῦτο
3280 722 3549 795 πέμπτης
3607 738 3753 774 συνο

2124 817 2391 882 ελεύσεως
2416 816 2742 890 γενομένης,
2776 807 3178 887 διελάλησανόἱ
3202 816 3487 888 ἄρχοντες,
3519 813 3607 868 τὰ
3646 829 3753 866 τυ-

2126 909 2382 964 πωθέντα
2404 912 2536 981 περὶ
2548 908 2650 977 τῆς
2670 908 2907 972 πίστεως
2929 908 3065 979 δῆλα
3084 908 3357 977 γενέσθαι,
3382 908 3490 961 Καὶ
3505 905 3754 974 ἀνέγνω

2139 1002 2543 1076 Ἀσκληπιάδης
2570 1001 2815 1066 διάκονος
2841 999 3470 1064 Κωνσταντινουπόλεως
3491 1001 3665 1072 ὅρον,
3686 997 3754 1051 ὃν

2125 1098 2273 1165 ἔδοξε
2304 1099 2381 1169 μὴ
2411 1099 2745 1170 συνταγῆναι
2767 1099 2883 1161 τοῖς
2918 1096 3302 1167 ὑπομνήμασι.
3321 1096 3467 1168 Πρὸς
3494 1094 3563 1148 ὅν
3586 1094 3753 1157 τινὲς

2127 1193 2229 1265 μὲν
2256 1191 2647 1264 διηνέχθησαν·
2684 1192 2734 1245 οῖ
2772 1188 2991 1253 πλείους
3013 1188 3071 1242 δὲ
3119 1187 3438 1259 συνῄνεσαν.
3482 1184 3607 1240 Καὶ
3649 1185 3753 1237 ἐκ-

2124 1285 2369 1355 ϐοήσεων
2394 1280 2659 1336 ἐναντίων
2681 1279 3013 1350 γενομένων,
3053 1273 3209 1331 εἷπον
3234 1280 3283 1331 οἱ
3308 1277 3603 1349 ἄρχοντες,
3653 1274 3746 1328 δτι

2124 1374 2419 1445 Διόσκορος
2446 1372 2602 1439 ἐλεγε
2615 1371 2704 1425 διὰ
2722 1369 2882 1424 τοῦτο
2898 1367 3153 1423 καθελεῖν
3175 1367 3500 1433 Φλαόιανδν,
3527 1365 3747 1436 ἐπειδὴ

2122 1467 2217 1523 δύο
2247 1467 2440 1537 φύσεις
2466 1462 2623 1520 εἶπεν
2646 1460 2819 1519 εῖναι·
2855 1463 2947 1518 τὸν
2984 1463 3043 1517 δέ
3098 1464 3227 1534 ὅρον
3262 1463 3327 1516 ἐκ
3359 1462 3455 1517 δύο
3504 1460 3748 1531 φύσεων

2124 1560 2268 1632 ἔχειν
2295 1560 2383 1631 (ι).
2409 1558 2551 1630 Πρὸς
2579 1557 2616 1613 ἃ.
2646 1557 2951 1620 ’Λνατόλιος
2974 1551 3118 1623 εἷπε,
3151 1555 3442 1627 Διόσκορον
3477 1555 3553 1627 μὴ
3594 1555 3746 1609 καθ-

2124 1652 2417 1726 αιρεθῆναι
2464 1653 2556 1707 διὰ
2607 1651 2827 1717 πίστιν,
2886 1649 3002 1705 ἀλλ’
3060 1650 3252 1723 ἐπειδὴ
3318 1648 3747 1721 ἀκοινωνησίαν

2124 1747 2376 1818 ἐπήγαγε
2399 1744 2612 1809 Λέοντι,
2641 1744 2736 1797 καὶ
2755 1743 2878 1816 τρὶς
2906 1742 3155 1813 κληθεὶς,
3183 1742 3287 1796 οὐκ
3312 1737 3469 1812 ἦλθε.

2798 1842 2991 1913 plures
3047 1850 3234 1897 tamen
3294 1844 3739 1897 consenserunt.

424 1945 678 2016 Cmnque
710 1943 844 2000 hinc
890 1954 947 2000 et
975 1943 1105 2001 inde
1131 1943 1559 2001 acclamationes
1622 1943 1916 2001 contrariae
1974 1941 2131 1997 factm
2168 1945 2379 2004 essent,
2434 1936 2650 2009 judices
2678 1935 2961 2005 dixerunt,
3008 1935 3335 1992 Dioscorum
3378 1932 3590 1989 dixisse
3646 1930 3742 1985 id-

426 2036 574 2089 eirco
628 2035 951 2091 Flavianum
1005 2035 1076 2091 ab
1132 2037 1252 2107 ipso
1302 2036 1618 2108 depositum
1673 2052 1819 2100 esse,
1865 2035 2015 2106 quod
2052 2034 2192 2089 duas
2237 2034 2470 2088 naturas
2509 2046 2632 2087 esse
2701 2028 2987 2085 dixisset:
3025 2029 3085 2084 in
3154 2027 3481 2084 definitione
3533 2035 3746 2081 autem

427 2128 698 2196 scriplltm
749 2110 965 2193 haberi,
996 2142 1065 2184 ex
1094 2126 1316 2185 duabus
1356 2129 1593 2185 naturis.
1624 2129 1705 2185 Ad
1773 2128 1892 2184 haec
1922 2126 2214 2184 Anatolius
2249 2123 2557 2196 respondit,
2596 2124 2921 2179 Dioscorum
2987 2137 3099 2177 non
3154 2120 3227 2176 ob
3292 2119 3459 2176 fidem
3498 2119 3739 2192 deposi-

428 2232 545 2277 tum
588 2221 784 2284 fuisse,
830 2220 928 2276 sed
971 2221 1105 2291 quia
1150 2220 1394 2278 Leonem
1424 2222 2027 2289 excommunicaverat,
2065 2229 2121 2277 et
2152 2227 2238 2275 ter
2270 2226 2501 2274 vocatus
2534 2216 2600 2272 ad
2632 2215 2935 2273 concilium
2962 2231 3074 2271 non
3100 2222 3350 2270 venerat.

498 2316 639 2370 Tum
668 2314 888 2387 judices
921 2316 1273 2387 postularunt
1305 2324 1366 2371 ut
1392 2316 1561 2371 verba
1598 2316 1845 2387 cpistola:
1866 2315 2011 2371 Leo-

2188 2314 2299 2369 Kal
2320 2313 2429 2368 ἀπὸ
2451 2311 2546 2366 τοῦ
2577 2309 2674 2366 νῦν
2692 2311 2744 2365 οἱ
2769 2310 3029 2381 ἄρχοντες
3063 2309 3176 2380 (58)
3201 2310 3270 2363 τὰ
3281 2309 3338 2365 ἐν
3358 2311 3424 2381 τῇ
3460 2310 3739 2385 ἐπιστολῇ,

424 2410 512 2462 nis
571 2406 958 2464 insererentur
1017 2408 1327 2465 definitioni
1404 2408 1554 2465 fidei.
1626 2408 1841 2476 Quibus
1892 2424 2019 2464 cum

425 2499 671 2569 episcopi
706 2499 1205 2567 contradixissent,
1237 2499 1711 2571 aﬂirmassentque
1734 2500 1896 2555 aliam
1924 2500 2021 2556 de-

430 2591 736 2647 ﬁnitionem
792 2591 910 2647 fieri
960 2609 1070 2647 non
1126 2608 1335 2664 posse:
1386 2608 1509 2648 eam
1562 2592 1709 2649 enim
1760 2592 2022 2649 omnibus

429 2683 676 2739 numeris
711 2699 833 2740 esse
866 2686 1175 2741 absolutam
1203 2703 1217 2739 :
1247 2701 1336 2741 res
1385 2685 1452 2740 ad
1503 2685 1896 2756 imperatorem
1929 2700 2020 2740 re-

428 2778 536 2832 lata
580 2784 683 2831 est.
726 2776 1033 2847 imperator
1064 2792 1132 2832 ex
1162 2775 1539 2833 Orientalibus
1577 2776 1855 2847 episcopis
1900 2792 2019 2843 sex,

426 2886 493 2924 ex
540 2869 769 2925 Pontica
803 2869 1031 2926 dim-cesi
1071 2879 1205 2937 tres,
1237 2879 1348 2926 tres
1381 2870 1513 2925 item
1544 2885 1613 2926 ex
1641 2869 1790 2935 Asia,
1822 2878 1878 2926 et
1907 2879 2021 2928 tres

427 2979 494 3016 rx
536 2961 797 3027 Thracia,
854 2961 1194 3033 totidemque
1239 2978 1307 3018 ex
1348 2961 1593 3036 lllyrico,
1646 2961 1702 3017 in
1754 2963 2021 3034 templum

431 3057 689 3128 martyris
723 3055 1046 3127 Euphemim
1073 3057 1373 3113 convenire
1415 3058 1602 3129 jussit,
1649 3060 2023 3130 praesentibus

426 3149 679 3205 Anatolio
706 3157 763 3205 et
795 3149 1021 3206 vicariis
1064 3150 1324 3212 Romanae
1370 3150 1541 3217 sedis,
1582 3160 1749 3222 atque
1787 3153 1905 3209 illic
1934 3169 2022 3208 re-

427 3241 608 3309 gulam
652 3240 780 3296 fidei
833 3249 983 3298 recte
1035 3240 1394 3307 constituere,
1439 3251 1536 3297 aut
1578 3251 1729 3299 certe
1773 3243 2022 3315 singulos

429 3349 679 3388 seorsum
713 3333 878 3389 fidem
914 3349 1069 3389 suam
1101 3349 1401 3405 exponere.
1438 3334 1533 3391 Sin
1570 3335 1777 3401 minus,
1810 3336 2021 3393 scirent

429 3427 698 3498 synodum
736 3428 791 3482 in
824 3427 1145 3484 Occidentis
1175 3428 1427 3498 partibus
1454 3444 1577 3484 esse
1606 3428 2016 3485 celebrandam.

428 3521 677 3591 Cumque
711 3536 779 3575 ex
814 3520 925 3576 illis
954 3520 1247 3591 quaesitum
1272 3531 1442 3585 esset,
1480 3528 1666 3576 utrum
1692 3521 2018 3578 Dioscorum

430 3622 795 3679 sequerentur
828 3614 922 3684 qui
954 3613 1241 3671 Christum
1266 3629 1333 3669 ex
1373 3614 1589 3670 duabus
1635 3624 1891 3672 constare
1923 3632 2020 3671 na-

2120 2405 2351 2467 Λέοντος
2370 2402 2658 2475 ἐντεθῆναι
2680 2401 2759 2473 τῷ
2787 2402 2921 2474 ὅρῳ.
2948 2400 3092 2474 Πρὸς
3120 2400 3149 2455 ὃ
3171 2401 3582 2474 ἀποφησάντων
3614 2404 3737 2457 τῶν

2121 2497 2440 2553 ἐπισκόπων
2452 2498 2546 2553 καὶ
2565 2494 2871 2569 εἰρηκότων
2890 2495 3050 2553 ἄλλον
3073 2495 3201 2566 ὅρον
3225 2494 3302 2566 μὴ
3321 2494 3605 2565 γενέσθαι,
3639 2498 3731 2549 ἐν-

2120 2591 2290 2655 τελῶς
2324 2590 2435 2663 γὰρ
2475 2589 2644 2662 ἐχειν,
2706 2589 2983 2662 ἀνηνέχθη
3014 2590 3191 2645 ταῦτα
3218 2588 3297 2661 τῷ
3346 2589 3579 2661 βασιλεῖ.
3614 2590 3733 2644 Καὶ

2121 2684 2414 2741 ἐκέλευσεν
2478 2682 2538 2752 ἐξ
2568 2683 2679 2739 ἀπὸ
2712 2684 2822 2739 τῶν
2855 2684 3193 2739 ἀνατολικῶν
3240 2683 3585 2749 ἐπισκόπων,
3628 2686 3733 2741 καὶ

2121 2780 2273 2851 τρεῖς
2300 2777 2413 2833 ἀπὸ
2440 2778 2542 2849 τῆς
2598 2778 2890 2849 Ηοντικῆς,
2923 2779 3021 2834 καὶ
3049 2780 3203 2851 τρεῖς
3235 2776 3344 2833 ἀπὸ
3384 2777 3599 2847 Ἄσίας,
3629 2779 3729 2833 καὶ

2121 2875 2273 2946 τρεῖς
2311 2873 2420 2928 ἀπὸ
2457 2872 2703 2946 Θρᾴκης,
2746 2874 2841 2928 καὶ
2887 2875 3038 2945 τρεῖς
3087 2872 3196 2929 ἀπὸ
3242 2874 3542 2948 Ἰλλυριῶν,
3578 2891 3726 2945 συμ-

2122 2961 2395 3033 παρόντος
2435 2962 2744 3017 Ἀνατολίου
2768 2962 2864 3017 καὶ
2912 2963 3023 3017 τῶν
3068 2981 3269 3036 τοποτη
3282 2964 3461 3035 ρητῶν
3493 2962 3726 3035 Ῥώμης

2124 3055 2403 3110 συνελθεῖν
2428 3056 2486 3109 ἐν
2516 3054 2595 3127 τῷ
2632 3055 2941 3129 μαρτυρεῳ,
2969 3056 3066 3112 καὶ
3088 3056 3157 3112 τὰ
3186 3058 3316 3129 περὶ
3342 3056 3441 3129 τῆς
3480 3058 3723 3122 πίστεως

2127 3149 2307 3220 ὀρθῶς
2334 3148 2609 3212 τυπῶσαι,
2660 3151 2693 3221 ἢ
2718 3149 2953 3204 ἕκαστον
2997 3151 3099 3221 τὴν
3140 3150 3335 3206 ἐαυτοῦ
3356 3150 3601 3223 δηλῶσαι
3632 3152 3721 3205 πι-

2126 3259 2265 3307 στιν,
2296 3242 2329 3312 ἦ
2361 3242 2583 3309 εἰδέναι,
2614 3243 2689 3307 ὡς
2734 3244 2794 3298 ἐν
2847 3245 2915 3315 τῇ
2956 3242 3119 3298 Δύσει
3151 3244 3184 3316 ἡ
3217 3242 3434 3310 σύνοδος
3481 3244 3718 3315 γίνεται.

2124 3335 2232 3389 Καὶ
2261 3333 2661 3407 ἀπαιτηοέντες
2690 3336 2953 3399 εἰπεῖν,εἱ
2979 3334 3255 3409 Διοσκόρω
3281 3336 3640 3391 ἀκολουθοῦσι
3658 3340 3721 3391 ἐκ

2121 3429 2217 3483 δύο
2239 3428 2473 3499 λέγοντι,
2501 3430 2535 3501 ἢ
2566 3431 2780 3495 Λέοντι,
2798 3430 2894 3485 δύο
2921 3432 2980 3485 ἐν
3006 3429 3251 3504 Χριστῷ,
3276 3432 3512 3504 ἐϐόησαν
3528 3432 3721 3487 Λέοντι

2123 3520 2400 3576 πιστεύειν
2431 3520 2544 3592 (59)
2566 3536 2579 3550 ’
2624 3522 2752 3587 τοὺς
2777 3523 2836 3576 δὲ
2861 3522 3266 3593 ἀντιλέγοντας,
3290 3522 3721 3595 Εὑτυχιανιστάς

2122 3610 2285 3670 εἶναι.
2302 3614 2412 3668 Kal
2430 3614 2539 3668 τῶν
2564 3615 2841 3689 ἀρχόντων
2865 3616 3165 3689 εἰρηκότων
3184 3616 3547 3690 προστεθῆναι
3576 3616 3720 3670 κατά

434 3707 573 3761 turis
607 3705 853 3773 diccbat,
905 3721 974 3761 an
1008 3706 1251 3762 Leonem
1286 3706 1381 3777 qui
1410 3706 1548 3762 duas
1572 3707 1628 3763 in
1656 3708 1877 3764 Christo
1921 3724 2019 3764 na-

2128 3708 2359 3773 Λέοντος
2394 3707 2506 3778 (40)
2537 3708 2632 3762 δύο
2662 3708 2855 3780 φύσεις
2904 3711 3220 3782 ἡνωμένας,
3252 3710 3557 3783 ἀτρέπτους
3583 3709 3719 3780 (il),

432 3811 585 3854 turas
635 3800 943 3866 asserebat,
992 3800 1371 3856 acclamarunt
1417 3815 1476 3857 se
1514 3800 1685 3857 Leoni
1720 3802 2019 3859 assentiri:

430 3908 525 3948 eos
553 3907 686 3949 vero
724 3893 819 3965 qui
862 3894 1341 3960 contradicerent,
1387 3894 1832 3969 Eutychianistas
1874 3909 2016 3950 esse.

2131 3806 2224 3856 καὶ
2249 3802 2605 3874 ἀμερίστους,
2639 3803 2734 3857 καὶ
2769 3802 3113 3874 ἀσυγχύτους
3144 3805 3202 3858 ἐν
3232 3803 3311 3876 τῷ
3347 3802 3591 3876 Χριστῷ,
3626 3803 3718 3856 καὶ

2130 3895 2468 3951 ἐπελθόντων
2493 3896 2604 3952 τῶν
2633 3897 2915 3969 ἀρχόντων
2940 3896 3053 3969 (42)
3093 3896 3152 3951 ἐν
3193 3895 3273 3970 τῷ
3302 3896 3592 3970 μαρτυρίῳ
3621 3895 3727 3967 τῆς,

1749 4008 1986 4069 VARle
2021 4009 2427 4068 LEC'I'IONES.

1644 4144 1917 4201 VALESII
1954 4144 2517 4204 ANNOTATIONES.

505 4080 552 4113 ⁵⁸
590 4080 877 4135 παθόντων
904 4079 1036 4135 τῶν.

503 4246 618 4319 (58)
649 4246 755 4302 Kal
776 4247 901 4319 dm)
936 4247 1042 4302 τοῦ
1076 4243 1623 4319 νῦν-οιλᾶρχοχτες.
1651 4240 1810 4319 Hunc
1839 4241 2021 4297 locum

434 4311 669 4376 feliciter
692 4318 828 4372 mihi
860 4319 1052 4373 videor
1089 4311 1421 4372 restituisSe.
1454 4311 1591 4367 Nam
1616 4327 1683 4367 ex
1713 4312 1895 4367 tribus
1924 4328 2023 4369 vo.-

432 4390 649 4447 cabulis
693 4390 916 4444 unicum
956 4389 1060 4444 feci
1111 4388 1220 4442 hoc
1264 4384 1438 4455 modo
1467 4382 1714 4455 ἀπῄτουν
1753 4384 1803 4435 οἱ
1828 4384 2027 4454 ἄρχον-

433 4480 543 4526 τες,
582 4469 691 4515 etc.
738 4459 807 4514 At
843 4460 1213 4526 Nicephorus,
1243 4471 1370 4513 cum
1403 4452 1592 4526 hunc
1615 4453 1798 4509 locum
1837 4452 2030 4526 corru-

437 4523 588 4602 ptum
618 4546 741 4585 esse
781 4523 1270 4602 animadverteret,
1302 4525 1474 4602 v_erb_o
1509 4523 1723 4602 adjecto
1752 4525 2031 4602 supplevit

436 4596 490 4658 in
541 4604 687 4656 hunc
742 4601 968 4670 modum
1018 4620 1030 4655 :
1074 4599 1228 4670 Ἀπὸη
1258 4597 1356 4651 τοῦ
1387 4596 1483 4651 νῦν
1524 4597 1572 4649 οἱ
1605 4598 1866 4667 ἄρχοντες
1908 4597 2031 4649 ἐκέ-

436 4690 671 4735 λευσαν,
737 4684 870 4742 ctc._,
915 4681 1121 4737 contra,
1163 4669 1328 4742 fidem
1382 4677 1672 4742 gestorum
1718 4677 1782 4742 et
1822 4676 2027 4742 praeter

438 4755 675 4799 mentem
706 4740 951 4815 Evagrii.
984 4743 1173 4815 Neque
1202 4740 1349 4796 enim
1373 4738 1591 4815 iudices
1622 4738 1914 4815 saeculares
1929 4738 2025 4808 qui

430 4818 588 4884 jussu
642 4808 1017 4895 imperatoris
1045 4808 1638 4895 intererantsynodo2
1676 4808 2026 4895 "mandarunt

439 4901 681 4954 unquam
715 4893 777 4938 ut
818 4900 848 4939 e

439 4902 681 4954 ιιιιιιυίὶηι
715 4902 777 4938 ιιι
818 4902 848 4939 ε
894 4902 1055 4940 ιδιΟΙέι
1093 4902 1296 4938 ιλεοῐιιε
1333 4902 1643 4936 (ΙΟΙΙΙΙΙιΙυΙΙι
1672 4902 1802 4935 ιιαιτι
1824 4902 2028 4936 insere-

439 4966 627 5023 retur;
671 4954 768 5010 sed
815 4902 891 5011 ἱόἱ
909 4964 1121 5011 tantum
1181 4953 1533 5023 postularunt
1576 4950 1645 5005 ab
1698 4950 1978 5021 episcopis
2014 4969 2028 5007 :

436 5026 585 5093 quod
616 5022 823 5081 tamen
878 5028 1128 5096 episcopi
1162 5022 1248 5080 eis
1287 5022 1653 5095 denegatum,
1686 5031 1748 5077 ut
1785 5032 1939 5093 patet
1962 5038 2032 5080 ex

435 5099 651 5153 actione
675 5098 896 5169 quinta,
920 5114 1043 5169 pag.
1067 5097 1195 5151 250.

508 5170 622 5237 (59)
667 5162 877 5222 Λέοντι
920 5162 1254 5222 πιστεύειν.
1291 5162 1867 5237 Subaudienduntest
1896 5164 2029 5237 ἀκο-

432 5234 781 5303 λουθοῧντας.
837 5239 957 5295 Non
1006 5238 1155 5294 enim
1212 5234 1621 5307 responderunt
1676 5235 1924 5308 episcopi
1965 5251 2025 5293 se

2126 4241 2298 4296 Leoni
2324 4243 2575 4318 credere,
2598 4262 2762 4318 quem
2789 4249 3088 4305 aumodum
3132 4248 3302 4304 vertit
3326 4245 3715 4317 Christophora

2126 4328 2343 4386 sonus:
2376 4315 2471 4369 sed
2498 4315 2631 4372 cuni
2664 4319 2845 4376 Leone
2884 4335 2943 4375 se
2976 4320 3229 4386 credere,
3262 4330 3325 4376 ut
3356 4329 3505 4375 recte
3549 4315 3718 4373 inter-

2126 4385 2329 4455 pretati
2371 4394 2503 4461 sunt
2545 4389 2767 4461 Langus
2799 4401 2857 4446 et
2896 4385 3326 4447 Musculus.Sic
3354 4391 3504 4446 enim
3536 4389 3717 4461 accla-

2127 4464 2352 4538 marunt
2376 4497 2391 4521 ,
2424 4458 2501 4521 ὡς
2533 4458 2709 4538 Λέων,
2739 4462 2887 4517 οὕτω
2912 4462 3008 4517 καὶ
3037 4462 3395 4534 πιστεύομεν,
3434 4469 3496 4516 ιιι
3516 4459 3720 4532 legitur

2129 4531 2187 4581 in
2222 4531 2442 4599 actione
2469 4531 2684 4599 quinta.

2202 4597 2312 4673 (όθ)
2369 4597 2782 4667 Προὶγτεθῆναι
2828 4602 2980 4659 κατὰ
3032 4603 3317 4673 Λέοντος.
3370 4601 3720 4673 Nicephorus

2134 4668 2361 4739 quidem
2414 4673 2734 4729 emendavit
2785 4675 2926 4729 κατά
2951 4675 3178 4729 Λέοντα.
3214 4672 3324 4730 Sed
3361 4688 3473 4729 non
3512 4668 3723 4727 dubito

2134 4741 2268 4828 quin
2294 4740 3048 4828 Evagriusscripseritaacdt
3074 4750 3141 4827 τα
3163 4745 3420 4828 Λέοντος.
3455 4743 3548 4799 Sic
3569 4742 3723 4828 enim

2134 4810 2685 4887 loquunturjudices
2706 4810 2774 4870 in
2798 4816 3016 4872 actione
3049 4817 3243 4887 quinta
3290 4811 3716 4887 hujuseoncilii,

894 4884 1055 4940 istola
1093 4883 1296 4938 Leonis
1333 4878 1643 4959 definitioni
1672 4879 1802 4959 fidei
1824 4879 2032 4959 insere-
2057 4878 2111 4940 D
2138 4878 2264 4953 pa'g.
2288 4882 2414 4959 255).
2448 4878 2621 4959 Porro
2641 4894 2973 4956 postvocem
3000 4878 3386 4959 προστεθῆναι,
3403 4884 3723 4947 οὐᾱειιάυιιι

2136 4968 2259 5009 esse
2282 4954 2503 5010 videtur
2530 4954 2663 5011 δεῖνζ

2208 5022 2327 5107 (41)
2375 5024 2726 5107 λῌνῳμένας
2762 5027 3118 5107 εξτρέπζους.
3172 5028 3233 5084 in
3282 5025 3717 5107 actionequinta

2135 5095 2330 5171 synodi
2369 5095 2846 5171 Chalcedonensis
2876 5095 3145 5171 scriptum
3193 5109 3280 5156 est
3327 5095 3719 5155 adverbialiter

2133 5165 2421 5243 ἀτρέπτως
2441 5168 2541 5243 _xa_l
2561 5169 2877 5239 ἀμερίστως
2906 5165 3006 5243 καῖ
3019 5171 3363 5243 ἀσυγχύτως.

2206 5235 2318 5308 (42)
2346 5237 2459 5293 Kal
2496 5235 2879 5307 ἐπεζιθόντων
2910 5241 3031 5297 τῶν
3052 5235 3386 5313 ἀρχόντων.
3440 5241 3584 5295 Ante
3623 5237 3721 5296 has

1900 5356 2295 5433 VAltIORUM._

510 5454 576 5525 (ι)
617 5453 735 5509 Τὸν
766 5453 836 5508 δὲ
865 5454 1009 5524 ὅρον
1029 5454 1098 5509 ἐκ
1119 5453 1231 5510 δύο
1257 5456 1506 5524 φύσεων
1534 5454 1721 5526 ἔχειν.
1748 5455 2019 5526 lntelligi-

436 5534 530 5579 tur
564 5526 802 5581 formula
854 5526 982 5580 fidei
1020 5526 1090 5581 ab
1143 5528 1400 5583 Anatolio
1428 5528 1540 5596 jam
1569 5529 1811 5583 concilio
1859 5526 2021 5584 exhi-

438 5598 572 5661 bita,
600 5597 657 5652 in
689 5614 797 5668 qua
816 5597 978 5670 illud,
1002 5597 1179 5670 visum
1205 5606 1291 5654 est
1326 5598 1585 5670 Patribus
1634 5600 2024 5670 reprehensio-

438 5684 564 5722 nem
626 5668 852 5733 mereri,
904 5668 1052 5739 quod
1105 5669 1389 5724 Christum
1442 5684 1510 5723 ex
1555 5668 1775 5725 duabus
1809 5671 2027 5726 naturis

441 5747 700 5793 constare
728 5741 1170 5809 pronuntiasset.
1200 5739 1503 5795 Dicendum
1532 5740 1680 5794 enim
1735 5740 1940 5805 fuerat,
1964 5749 2026 5797 ut

442 5811 641 5878 plenus
682 5810 1005 5868 obviaretur
1050 5810 1247 5868 haeresi
1303 5810 1686 5883 Eutychiaiiw,
1738 5811 2023 5883 Christum

2128 5475 2196 5533 ex
2249 5459 2476 5533 duabus.
2518 5460 2736 5533 naturis
2798 5469 3053 5533 constare
3123 5472 3250 5533 post
3294 5460 3714 5533 adunationem.

2130 5531 2412 5603 Eutyches
2442 5532 2649 5603 quippe
2666 5533 2906 5603 asseruit
2950 5531 3234 5589 Christum
3265 5544 3393 5588 ante
3412 5531 3712 5603 unitionem

2135 5604 2276 5674 duas
2306 5611 2533 5674 naturas
2559 5602 2848 5670 habuisse;
2887 5619 3052 5658 unam
3087 5620 3221 5659 vero
3248 5614 3372 5674 post
3389 5602 3710 5674 unitionem.

2133 5673 2408 5731 Catholici
2437 5682 2635 5745 autem
2675 5675 3010 5745 profitentur
3056 5691 3180 5730 esse
3214 5672 3270 5729 in
3317 5673 3543 5745 Christo
3578 5672 3711 5745 duas

2133 5753 2362 5799 naturas
2384 5744 2571 5799 unitas
2623 5742 2938 5810 in'confuse,
2960 5744 3481 5809 inconvertibiliter,
3514 5742 3709 5798 indivi-

2134 5814 2535 5888 sibiliter.Vid.
2569 5831 2763 5897 supra,
2792 5833 2842 5874 c.
2865 5818 2919 5887 4,
2953 5832 3147 5877 versus
3172 5814 3466 5876 funem.W.
3497 5813 3707 5879 Lowrl,
