4048 6498
540 351 684 415 27:37

1770 350 2087 413 EVAGRII
2128 348 2619 410 SCHOLASTICI

3692 343 3845 409 2588

544 464 851 536 conscripti
882 472 1013 520 sunt
1049 478 1313 531 canones,
1335 470 1404 520 'ct
1432 464 1561 521 urbi
1600 464 2137 522 Chalcedonensium

2246 463 2588 527 ἐπισκόπους
2618 463 2767 533 τρεῖς
2798 462 2829 534 ἢ
2861 462 3132 535 τέτταρας
3161 461 3398 534 ἡμέρας,
3446 463 3542 516 καὶ
3598 462 3843 516 ἕκαστον

545 558 811 613 attributa
844 567 976 613 sunt
1007 559 1131 628 jura
1168 559 1598 629 metropolitica.
1624 558 1798 615 Jussit
1826 559 1996 614 etiam
2036 557 2136 612 imo

550 654 770 715 perator
803 654 864 700 ut
910 646 1078 716 328
1098 646 1344 716 episcopi
1378 646 1625 700 triduum
1655 656 1753 701 aut
1777 645 2136 716 quatriduum

550 737 755 793 ibidem
792 746 1166 805 morarentur,
1213 747 1270 794 et
1305 740 1690 809 unusquisque
1724 739 1778 793 id
1800 728 1947 809 quod
1974 740 2141 796 vellet

550 842 886 901 proponeret
946 847 1132 887 coram
1191 830 1752 900 magniﬁcentissimis
1802 831 2137 902 judioibus:

553 932 724 992 utque
771 933 972 979 cuncta
1018 924 1357 994 competenti
1412 924 1625 995 judicio
1680 924 2137 979 terminarentur.

556 1019 735 1088 Atque
766 1018 872 1073 hoc
900 1021 1065 1073 modo
1109 1026 1421 1073 conventus
1455 1017 1557 1072 iste
1600 1016 1788 1072 ﬁnitus
1833 1025 1937 1072 est.
1985 1017 2142 1074 Alius

554 1118 742 1177 postea
772 1123 1069 1165 consessus
1092 1108 1318 1164 habitus
1345 1116 1453 1172 est,
1496 1107 1552 1162 in
1595 1122 1709 1177 quo
1754 1107 1848 1161 alii
1898 1122 2142 1176 canones

551 1208 682 1253 sunt
715 1200 1027 1255 constituti.
1066 1200 1279 1254 Rursus
1322 1215 1455 1254 vero
1496 1197 1553 1252 in
1584 1198 1694 1252 alio
1721 1212 2009 1263 consessu,
2042 1196 2141 1252 Ju-

552 1290 763 1344 venalis
786 1300 843 1346 et
869 1289 1136 1346 Maximus
1173 1289 1598 1346 conventionem
1643 1290 1865 1346 fecere:
1906 1289 2141 1360 placuit-

553 1399 661 1452 que
724 1390 784 1437 ut
839 1384 1136 1454 episcopus
1190 1384 1498 1440 Antiochia:
1549 1383 1687 1440 duas
1743 1385 2036 1440 Phoenices
2083 1394 2140 1441 et

553 1476 853 1531 Arabiam:
908 1477 1442 1549 llierosolymitanus
1488 1493 1621 1533 vero
1664 1486 1776 1533 tres
1822 1478 2139 1536 Palaestinas

554 1569 674 1624 sedi
712 1585 827 1624 sua:
870 1570 1149 1641 subjectas
1182 1570 1451 1625 haberet:
1486 1587 1609 1641 qua:
1636 1571 1931 1626 conventio
1969 1571 2142 1626 inter-

554 1659 830 1716 locutione
841 1662 1091 1732 judicum
1105 1662 1675 1734 atque'cpiscoporum
1698 1661 2020 1719 conﬁrmata
2034 1672 2139 1720 est.

554 1754 712 1808 Nono
736 1769 997 1810 consessu
1035 1764 1219 1810 actum
1256 1765 1343 1812 est
1370 1755 1438 1810 de
1465 1771 1629 1811 causa
1658 1756 2005 1812 Theodoriti.
2037 1756 2141 1824 Qui

555 1846 871 1901 Nestorium
905 1848 1257 1904 anathemate
1303 1848 1585 1903 damnavit
1623 1848 1710 1904 his
1738 1848 1924 1904 verbis
1971 1862 2139 1905 usus:

555 1938 862 1993 Anatbema
906 1938 1185 2004 Nestorio,
1231 1950 1287 1994 et
1328 1939 1379 1994 ei
1427 1939 1522 2010 qui
1571 1951 1817 1995 sanctam
1863 1939 2142 2013 Virginem

556 2030 782 2085 Mariam
813 2037 976 2102 negat
1001 2046 1123 2087 esse
1164 2031 1477 2101 Deiparam,
1522 2039 1578 2086 et
1619 2033 1670 2087 ei
1706 2031 1802 2102 qui
1847 2048 2019 2088 unum
2052 2033 2145 2089 Fi-

555 2124 691 2179 lium
741 2124 1085 2196 unigenitum
1120 2124 1174 2179 in
1204 2125 1343 2182 duos
1386 2125 1530 2181 ﬁlios
1572 2127 1836 2197 partitur.
1870 2127 1985 2199 Ego
2010 2143 2145 2184 vero

554 2226 612 2271 et
637 2216 947 2272 definitioni
989 2217 1138 2283 ﬁdei,
1186 2228 1243 2273 et
1286 2218 1485 2274 Leonis
1531 2218 1778 2289 epistolae
1815 2220 2141 2291 subscripsi.

555 2309 812 2363 Omnium
859 2309 1027 2381 igitur
1058 2310 1332 2365 sententia
1380 2311 1659 2382 propriam
1690 2311 1879 2367 sedem
1912 2328 2146 2383 recupe-

558 2401 720 2456 ravit.
750 2401 809 2455 In
836 2401 945 2457 alio
978 2401 1179 2457 deinde
1199 2417 1461 2458 consessu
1506 2418 1671 2458 causa
1701 2404 1809 2459 lbae
1832 2404 2143 2460 examinata

559 2502 662 2554 cst.
711 2503 768 2548 et
824 2494 967 2549 lecta
1008 2504 1139 2551 sunt
1186 2511 1309 2565 qua:
1362 2495 1634 2552 adversus
1683 2497 1838 2551 illum
1895 2508 2047 2568 gesta
2077 2514 2143 2553 ac

558 2586 911 2666 pronuntiata
937 2596 1096 2641 erant
1123 2604 1137 2641 :
1169 2603 1405 2657 quorum
1425 2588 1642 2660 judices
1668 2588 1890 2644 fuerant
1914 2591 2146 2645 Photius

555 2682 851 2753 episcopus
885 2682 1010 2755 Tyri
1046 2692 1102 2739 et
1141 2684 1462 2740 Eustathius
1490 2685 1787 2757 episcopus
1829 2686 2034 2757 Beryti.
2083 2688 2149 2741 Et

556 2776 725 2831 dilata
764 2786 851 2833 est
895 2777 1169 2833 sententia
1200 2777 1254 2832 in
1295 2778 1609 2847 proximum
1654 2795 1996 2835 consessum.
2031 2779 2139 2836 Un-

568 2870 776 2925 iecimo
819 2886 1104 2936 consessu,
1147 2886 1275 2927 cum
1302 2872 1413 2943 jam
1448 2872 1637 2942 plures
1667 2873 1911 2943 episcopi
1957 2873 2149 2929 dccrc-

559 2964 768 3019 vissent
817 2974 877 3019 ut
916 2965 1037 3019 lbas
1067 2964 1436 3020 sacerdotium
1485 2980 1649 3019 suum
1688 2966 1987 3034 reciperet,
2021 2965 2148 3036 qui-

558 3056 683 3111 dam
749 3073 815 3111 ex
859 3058 1137 3128 episcopis
1200 3059 1564 3114 reclamantes
1617 3058 1879 3115 dixerunt
1924 3075 2149 3115 accusa-

2170 1815 2219 1875 B

2241 558 2463 626 κινῆσαι
2494 556 2623 625 περὶ
2645 549 2721 609 ὧν
2749 554 3021 625 βούλεται,
3063 557 3354 627 παρόντων
3383 554 3494 607 τῶν
3526 554 3841 625 ἀρχόντων,

2240 646 2337 699 καὶ
2360 646 2429 699 τά
2455 646 2642 699 εἰκότα
2669 646 2924 715 γενέσθαι
2942 664 2956 678 ο
2977 647 3073 700 καὶ
3096 645 3412 719 ἐπεραιώθη
3430 648 3465 717 ἡ
3493 647 3840 704 συνέλευσις.

2242 740 2438 808 Γέγονε
2474 740 2569 793 καὶ
2590 740 2756 810 ἕτερα
2786 739 2922 808 (45),
2951 740 3046 794 καὶ
3077 740 3258 811 ἕτεροι
3291 740 3517 802 κανόνες
3542 740 3843 807 ἐτέθησαν.

2242 834 2355 888 Καὶ
2390 833 2552 888 πάλιν
2586 833 2709 887 καθ’
2734 834 2929 905 ἑτέραν
2956 832 3173 886 σύνοδον
3198 833 3606 887 ωνεὸάτευσαν
3630 830 3846 885 ’1ου6ε-

2242 925 2424 991 νάλιος
2450 925 2544 979 καὶ
2578 924 2855 996 Μάξιμος,
2884 925 2979 979 καὶ
3013 925 3160 991 ἔδοξε
3190 925 3284 978 τὸν
3323 924 3661 995 Ἀντιοχείας
3690 922 3845 993 ἔχειν

2241 1016 2336 1072 δύο
2379 1016 2656 1081 Φοινίκας,
2699 1018 2797 1070 καὶ
2829 1017 3132 1086 ’Δραὸίανο
3180 1016 3273 1070 τὸν
3315 1016 3375 1070 δὲ
3410 1015 3843 1087 Ἰεροσολύμων,

2240 1113 2390 1180 τρεῖς
2427 1109 2795 1174 Παλαιστίνας
2817 1126 2831 1140 ·
2857 1109 2953 1165 καὶ
2981 1110 3090 1164 ἀπὸ
3110 1109 3398 1174 διαλαλιᾶς
3426 1109 3536 1164 τῶν
3555 1108 3846 1179 ἀρχόντων

2243 1201 2341 1253 καὶ
2363 1200 2701 1264 ἐπισκόπων,
2732 1198 3166 1271 ὲ6ε6αιώθησαν.
3193 1201 3306 1255 Καὶ
3328 1200 3472 1255 κατὰ
3503 1199 3606 1271 τὴν
3635 1199 3846 1269 ἐνάτην

2246 1290 2615 1362 σύνοδονμϐ),
2651 1292 2875 1364 ἐκινήθη
2906 1292 2976 1346 τὰ
3002 1293 3145 1347 κατὰ
3166 1292 3519 1364 Θεοδώριτον.
3558 1294 3671 1347 Καὶ
3737 1292 3845 1343 ἁν-

2246 1382 2538 1453 εθεμάτισε
2580 1382 2875 1455 Νεστόριον
2920 1382 3178 1455 εἰρηκώς.
3223 1384 3498 1453 Ἀνάθεμα
3529 1380 3843 1451 Νεστορίῳ,

2246 1476 2343 1531 καὶ
2364 1476 2442 1548 τῷ
2469 1477 2544 1549 μὴ
2568 1476 2782 1546 λέγοντι
2805 1476 3069 1531 Θεοτόκον
3098 1476 3197 1549 τὴν
3227 1476 3390 1545 ἁγίαν
3413 1475 3695 1548 Παρθένον
3723 1476 3846 1528 Μα-

2250 1571 2391 1641 ρίαν,
2415 1572 2510 1625 καὶ
2559 1570 2641 1641 τῷ
2678 1571 2762 1635 είς
2784 1569 2879 1624 δύο
2908 1570 3062 1633 υἱοὺς
3122 1570 3402 1641 μερίζοντι
3444 1568 3542 1622 τὸν
3570 1568 3671 1621 ἕνα
3706 1566 3843 1620 Υἱὸν

2245 1662 2338 1715 τὸν
2369 1663 2656 1733 μονογενῆ.
2694 1661 2838 1731 Ἐγὼ
2870 1661 2930 1717 δὲ
2988 1663 3084 1716 καὶ
3146 1660 3225 1731 τῷ
3264 1661 3376 1733 ὅρῳ
3431 1662 3533 1732 τῆς
3597 1658 3844 1722 πίστεως

2249 1754 2565 1827 ὑπέγραψα,
2592 1755 2687 1808 καὶ
2714 1757 2781 1824 τῇ
2806 1752 3064 1826 ἐπιστολῇ
3093 1753 3345 1817 Λέοντος.
3381 1754 3492 1807 Kal.
3516 1752 3626 1807 ἀπὸ
3646 1750 3844 1805 διαλα-

2246 1846 2368 1910 λιᾶς
2399 1847 2619 1901 πάντων
2644 1847 2890 1902 ἀπέλαϐε
2948 1846 3041 1900 τὸν
3087 1847 3291 1900 οἰκεῖον
3315 1846 3526 1919 θρόνον.
3580 1844 3673 1898 Ἐν
3702 1842 3842 1916 ἄλλῃ

2246 1938 2448 2010 συνόδῳ
2496 1939 2723 2010 ἐκινήθη
2752 1938 2821 1992 τὰ
2856 1938 2999 1993 κατά
3042 1938 3221 2003 Ἴδαν,
3272 1938 3369 1992 καὶ
3414 1936 3843 2007 ἀνεγνώσθησαν

2242 2032 2314 2087 τὰ
2341 2033 2431 2086 ἐπ’
2466 2031 2618 2104 αύτῷ
2648 2032 2975 2104 κεκριμένα,
3001 2026 3083 2096 οἷς
3109 2032 3367 2087 ἐδίκασαν
3385 2030 3589 2095 Φώτιος
3613 2031 3843 2086 ἐπίσκε-

2245 2140 2348 2189 πος
2376 2123 2477 2195 τῆς
2502 2123 2741 2195 Τυρίων,
2772 2125 2869 2179 καὶ
2898 2123 3199 2188 Εὑστάθιος
3224 2125 3525 2189 ἐπίσκοπος
3560 2123 3839 2195 Βηρυτοῶ

2245 2217 2338 2271 καὶ
2377 2215 2737 2288 ὑπερετέθηὴ
2767 2214 2950 2286 ψῆφος
2984 2217 3066 2280 εἰς
3092 2214 3192 2287 τὴν
3221 2215 3379 2287 ἑξῆς.
3429 2216 3539 2269 Καὶ
3573 2215 3719 2269 κατὰ
3741 2215 3840 2285 τὴν

2249 2308 2314 2364 ια’
2338 2309 2665 2373 συνέλευσιν,
2692 2307 2804 2362 τῶν
2827 2308 3090 2363 πλειόνων
3111 2309 3427 2363 ἐπισκόπων
3438 2308 3840 2381 ψηφισαμένων

2246 2401 2408 2456 αὑτὸν
2424 2402 2479 2467 ἐς
2493 2402 2674 2474 ἱερέας
2694 2396 2836 2456 εἶναι
2850 2400 2962 2473 (47)
2974 2445 2985 2467 ,
2999 2401 3145 2468 τινὲς
3161 2401 3447 2458 ἐπίσκοποι
3465 2403 3839 2469 ἀντειπόντες,

2246 2496 2501 2567 εἰρήκασι
2533 2495 2661 2560 τοὺς
2681 2495 3033 2568 κατηγόρους
3061 2496 3228 2550 αὐτοῦ
3254 2497 3359 2564 ἔξω
3373 2492 3532 2557 εἶναι,
3558 2496 3839 2565 καὶῆξίω·

2249 2606 2350 2642 σαν
2376 2589 2577 2653 αὐτοὺς
2610 2588 2881 2644 ἐπελθεῖν.
2916 2591 3025 2644 Καὶ
3046 2589 3468 2661 ἀνεγνώσθησαν
3489 2589 3556 2644 τὰ
3578 2590 3666 2643 ἐπ’
3686 2588 3839 2659 αὑτῷ

2247 2680 2616 2753 πεπραγμένα
2636 2697 2651 2713 ο
2675 2682 2772 2737 καὶ
2798 2681 3249 2754 διαλαλησάντων
3280 2682 3558 2754 ἀρχόντων
3585 2682 3839 2750 ἀναγνω-

2250 2774 2545 2844 σθῆναιτά
2571 2776 2632 2828 ἐν
2677 2775 2890 2847 Ἐφέσῳ
2927 2776 3295 2848 πεπραγμένα
3337 2777 3468 2847 περὶ
3494 2778 3637 2857 Ἴδα,
3680 2777 3838 2846 εἰρή-

2248 2885 2406 2922 κασιν
2434 2869 2484 2923 οἱ
2507 2867 2819 2937 ἐπίσκοποι,
2842 2869 3021 2923 πάντα
3061 2872 3130 2924 τὰ
3156 2871 3216 2923 ὲν
3231 2869 3442 2941 Ἐφέσῳ
3468 2871 3840 2942 πεπραγμένα

2248 2962 2392 3016 κατὰ
2414 2962 2515 3033 τὴν
2542 2961 2803 3034 δευτέραν
2835 2962 3078 3027 σύνοδον,
3110 2961 3294 3033 ἄκυρα
3337 2957 3503 3029 εἶναι,
3532 2962 3707 3033 χωρὶς
3740 2962 3839 3030 τῆς

2248 3052 2581 3123 χειροτονίας
2602 3036 2857 3125 Μαξίμου
2891 3054 2985 3108 τοῦ
3029 3054 3383 3125 Ἀντιοχείας.
3407 3055 3518 3109 Καὶ
3537 3053 3840 3126 ἐδεήθησαν

560 3161 708 3205 tores
756 3152 862 3205 lbze
906 3151 1039 3206 foris
1090 3166 1246 3217 esse,
1307 3152 1772 3222 postularuntque
1818 3161 1879 3207 ut
1932 3153 2141 3223 ingredi

2252 3146 2380 3216 περὶ
2408 3144 2600 3199 τούτου
2626 3147 2723 3201 καὶ
2754 3147 2849 3201 τοῦ
2880 3146 3166 3219 βασιλέως,
3197 3146 3345 3202 ὥστε
3374 3148 3634 3203 θεσπίσαι
3672 3147 3840 3219 μηδὲν

552 3244 905 3314 juberentur.
957 3242 1121 3298 Lecta
1169 3252 1300 3298 sunt
1347 3243 1513 3314 igitur
1541 3260 1663 3313 quae
1696 3244 1960 3299 adversus
1989 3245 2137 3299 lbam

558 3343 706 3405 gesta
738 3334 973 3388 fuerant.
1015 3332 1263 3403 Cumque
1291 3333 1506 3404 judices
1538 3331 1962 3387 interlocutione
1997 3331 2141 3387 facta

561 3425 970 3495 pra-cepissent,
1008 3434 1069 3478 ut
1100 3440 1186 3480 ca.
1213 3440 1336 3494 qua:
1366 3433 1559 3478 contra
1593 3424 1744 3478 lbam
1792 3432 1942 3493 gesta
1982 3431 2143 3479 erant

562 3517 788 3586 Ephesi,
839 3517 1239 3579 recitarentur,
1300 3515 1545 3587 episcopi
1598 3515 1891 3581 dixerunt,
1940 3526 2141 3572 cuncta

559 3624 681 3679 qua:
736 3608 795 3663 in
840 3607 1085 3664 secunda
1132 3608 1343 3681 synodo
1392 3605 1669 3678 Ephesina
1722 3613 1841 3661 acta
1885 3605 2138 3673 fuerant,

2245 3236 2355 3291 τῶν
2385 3238 2443 3290 ὲν
2480 3238 2691 3309 Ἐφέσῳ
2724 3240 2864 3311 μετά
2917 3239 3017 3312 τὴν
3054 3237 3281 3311 πρώτην
3310 3239 3530 3295 σύνοδον
3585 3242 3835 3313 κρατεῖν,

2248 3322 2317 3399 ἧς
2364 3329 2610 3399 ἡγήσατο
2651 3333 2679 3385 ό
2711 3331 2771 3384 ὲν
2823 3331 3001 3402 ἁγίοις
3040 3333 3308 3407 Κύριλλος
3369 3335 3397 3388 ὁ
3444 3334 3554 3386 τῶν
3585 3331 3839 3398 ’Δλεξαν-

2248 3422 2419 3493 δρέων
2445 3423 2730 3497 πρόεδρος.
2758 3427 2869 3480 Καὶ
2884 3427 3181 3500 ἐδικαιώθη
3206 3426 3309 3500 τὴν
3335 3426 3646 3498 ἐπισκοπὴν
3675 3427 3838 3482 αὐτὸν

2243 3517 2388 3589 ἔχειν
2444 3518 2545 3590 (ιι).
2584 3520 2722 3575 Καθ’
2775 3522 2970 3595 ἑτέραν
3004 3525 3228 3596 πρᾶξιν,
3285 3524 3527 3597 ὲζητὴθη
3558 3524 3629 3579 τὰ
3693 3524 3837 3577 κατὰ

2244 3613 2549 3668 Bac-stava
2575 3614 2648 3688 (υ)
2678 3614 2980 3673 ἐπίσκοπον
2994 3620 3094 3690 τῆς
3120 3618 3411 3689 Ἐφεσίων,
3431 3618 3527 3672 καὶ
3541 3617 3834 3689 ἐδικαιώθη

1842 3745 2081 3804 VARUE
2111 3749 2521 3812 LECTIONES.

631 3845 677 3879 "
711 3844 773 3902 C.
800 3846 862 3902 (Ξ.
892 3844 1077 3919 ἑτέρᾳ.

1770 3965 2043 4023 muas"
2084 3926 2651 4031 ANNO'I‘ATIONES.

561 4059 984 4129 provincialium
1011 4061 1219 4131 absque
1269 4075 1542 4117 consensu
1578 4060 1989 4130 metropolitani
2021 4078 2130 4116 non

2309 4066 2423 4135 (46)
2483 4068 2594 4122 Kal
2660 4069 2814 4125 κατὰ
2873 4070 2990 4136 τὴν
3013 4071 3242 4137 ἐνάτην
3287 4071 3579 4126 σύνοδον,
3611 4070 3726 4126 lmo
3778 4070 3831 4126 in

563 4127 729 4211 fiant:
756 4141 813 4186 ct
839 4141 898 4186 ut
921 4127 1222 4213 episcopus
1266 4127 2134 4213 metropolitanus“provinciales
2230 4127 2449 4192 actione
2480 4154 2647 4213 nona,
2716 4156 2880 4196 causa
2928 4127 3252 4198 Theodoriti
3310 4142 3553 4212 episcopi
3590 4142 3831 4213 iudicata

560 4201 850 4270 episcopos
868 4202 935 4255 ad
962 4199 1258 4257 concilium
1290 4199 1458 4256 suum
1479 4200 1782 4271 evocandi“
1805 4199 2007 4255 habeat
2034 4220 2130 4271 po-

564 4269 839 4325 testatem.
863 4271 1133 4327 Caeterum
1158 4272 1211 4327 in
1249 4272 1623 4341 manuscripto
1663 4269 1854 4325 codice
1904 4269 2131 4328 Floren-

564 4342 681 4394 tino
707 4341 1125 4409 Καλχηδοναίων
1159 4341 1654 4411 scriptuminveni,
1690 4342 1818 4395 licet
1855 4341 1909 4395 in
1948 4345 2136 4398 concis

565 4411 1110 4493 lioIChalccdonensi
1158 4420 1427 4493 perpetuo
1471 4414 1741 4493 scriptum
1778 4411 1851 4466 sit
1912 4414 2135 4493 Καξχηο

560 4482 771 4569 δονέων.
807 4482 1149 4569 Rc‘gul‘ariler
1180 4482 1402 4569 quidem
1424 4483 1789 4569 scribendum
1816 4492 1963 4538 esset
1987 4482 2131 4569 5a}.-

2234 4217 2339 4271 est,
2374 4218 2434 4262 ιιι

2466 4209 2768 4281 praeferunt
2793 4214 2969 4267 nostri
3014 4213 3259 4269 codices.
3312 4209 3515 4268 Vcruni
3547 4209 3829 4281 ci'empla-

2240 4276 2319 4354 ria
2344 4276 2539 4354 synodi
2559 4278 3043 4354 .Chalce_d>onensis
3061 4284 3268 4354 quibus
3288 4300 3424 4338 usus
3441 4292 3525 4337 est
3542 4276 3826 4353 Evagrins,

2240 4348 2670 4423 diversafuisse
2728 4352 2993 4408 videntur
3020 4371 3051 4409 a
3080 4348 3327 4409 'nostris.
3360 4355 3517 4412 Nam.
3556 4362 3616 4407 ut
3658 4348 3825 4423 paulo

2243 4429 2370 4493 ante
2401 4420 2672 4493 vidimus,
2721 4425 3023 4493 septimam
3072 4426 3349 4479 actionem
3402 4420 3832 4478 numerat'Eva-

2244 4490 2511 4565 grius,giu
2544 4507 2652 4561 qua
2679 4490 3068 4565 alii—canones
3121 4495 3449 4565 proniulgati
3496 4504 3649 4565 sunt.
3699 4494 3830 4559 Quae

563 4552 841 4638 χηξονίων.
881 4552 988 4638 $ed
1016 4562 1235 4638 veteres
1257 4553 1654 4638 divisseoetjan}
1700 4552 1961 4638 videntur
1975 4555 2138 4638 ᾕαὶε-
2164 4577 2218 4638 D
2244 4552 2721 4638 act_ip_in_nostris
2751 4552 3168 4638 exemplaribus
3200 4552 3371 4638 hodie
3386 4552 3756 4638 desideratur.

562 4622 826 4695 χηδονεῖς,
853 4632 912 4678 ut
940 4632 1175 4695 patetex
1208 4625 1517 4680 innumeris
1541 4624 1677 4680 locis
1717 4625 1936 4679 concilii
1970 4625 2138 4683 Chal-

561 4694 915 4749 cedonensis.
944 4694 947 4695 ⁷
1768 4706 1775 4712 ·

637 4766 747 4836 (45)
784 4765 1006 4838 Γέγονε
1034 4766 1132 4819 καὶ
1165 4765 1355 4833 ἔτερα.
1397 4764 1622 4821 Rectius
1662 4767 1807 4836 apud
1852 4767 2136 4838 Nicepho-

564 4848 685 4888 rum
716 4837 981 4909 scribitur
1045 4838 1206 4909 ἑτέρα
1240 4853 1365 4909 cum
1409 4848 1639 4909 accentu
1676 4838 1728 4890 in
1775 4837 2081 4909 penultiina
2120 4856 2133 4892 :

562 4909 759 4975 supple
785 4908 1117 4970 συνέλευσις.
1150 4908 1304 4974 Quod
1335 4909 1504 4961 miror
1534 4908 1841 4965 Musonium
1873 4919 1930 4966 et
1975 4910 2138 4966 Chri-

563 4977 995 5047 stopborsonum
1021 4993 1134 5033 non
1162 4979 1641 5035 animadvertisse.

2320 4631 2432 4696 (47)
2467 4628 2570 4697 Εἷς
2596 4633 2792 4700 ἱερέας
2818 4628 2994 4689 εἶναι.
3021 4636 3080 4690 1η
3116 4637 3334 4691 actione
3375 4635 3588 4690 decima
3611 4633 3825 4690 concilii

2243 4699 2836 4783 Chalcedonensis,‘ct
2865 4706 3010 4775 apud
3041 4706 3435 4783 Nicephorum,
3484 4707 3641 4783 abest
3692 4722 3827 4783 prae-

2247 4774 2468 4846 positio.
2505 4774 2801 4846 verumin
2828 4774 3217 4846 manuscripto
3261 4778 3453 4832 codice
3507 4774 3825 4846 Florentino

2244 4844 2513 4920 scriptum
2552 4844 2849 4920 inve|1_i,é;
2903 4844 3284 4920 ἱερέας,“(ιιιο‹1
3334 4848 3481 4903 idem
3524 4856 3610 4904 est
3668 4861 3734 4903 ac
3780 4845 3826 4901 si

2242 4914 2456 4971 diceret
2487 4915 2545 4970 ὲν
2588 4915 2850 4988 ἱερεῦσιν.
2953 4914 2966 4920 ’
3149 4914 3169 4919 “
3398 4922 3399 4927 “

2015 5089 2419 5149 ἼλῐὶιῦῐῖωΙέ

635 5187 716 5261 (u)
774 5184 1137 5261 Eduard)er
1162 5183 1279 5261 τὴν
1324 5183 1898 5261 ἐπισκοπὴν-αᾷτόν
1944 5184 2135 5261 ἔχειν.

562 5254 711 5323 lbas,
765 5259 1063 5327 episc0pns
1098 5256 1435 5317 Edessenus,
1472 5257 1625 5327 ol_im_
1663 5254 1872 5327 duplici
1915 5257 2140 5311 nomine

559 5324 853 5386 accusatus
903 5324 1103 5383 fuerat.
1158 5326 1345 5382 Primo
1391 5325 1537 5396 quod
1587 5324 1793 5396 Cyrillo
1844 5327 2141 5383 anathema

560 5401 811 5466 dixisset,
860 5408 918 5455 et
973 5399 1248 5453 ha:reseos
1274 5405 1461 5451 notam
1513 5395 1841 5461 inus’sisset;
1895 5398 2141 5452 secundo

601 5472 708 5528 uod
743 5486 890 5527 anno
920 5470 1025 5525 4όὸ
1071 5466 1360 5539 ejusmodi
1400 5467 1799 5539 blasphemiam
1856 5469 2034 5539 palam
2068 5468 2145 5523 ef-

601 5489 708 5528 uoa
743 5489 890 5527 anno
920 5489 1025 5525 440
1071 5489 1343 5539 (ηιιεηιυιιι
1402 5489 1799 5535 maspucmlam
1857 5489 2034 5537 palam
2068 5489 2141 5523 el.

559 5489 732 5599 ?ntire
763 5558 872 5597 non
895 5539 1217 5596 erubuisset
1247 5556 1262 5591 :
1297 5537 1372 5591 Οὐ
1405 5536 1584 5607 φθόνῳ
1615 5535 1693 5606 τῷ
1727 5538 2141 5608 Χριστῴίγενο-

564 5612 902 5686 μένῳθεῷζ
934 5612 1020 5680 ἐφ’
1063 5610 1196 5686 ,ὅσον
1234 5608 1340 5677 γὰρ
1372 5609 1533 5686 αύιτὸς
1564 5607 1823 5686 ἐγένετοξ.
1838 5607 2139 5686 κάγὼ-εγε-

559 5677 753 5755 νόμην,
776 5677 1117 5755 Biniseade
1155 5695 1215 5735 re
1241 5678 1516 5755 _synodis,_
1557 5679 1732 5755 altera
1780 5677 1933 5749 Tyri,
1970 5679 2139 5755 altera

562 5748 746 5825 Beryti
772 5753 997 5825 habitis,
1026 5748 1299 5825 immunis
1320 5749 1409 5804 his
1441 5748 1771 5825 criminibus
1816 5748 2140 5825 pronuntia-

563 5835 653 5881 tus
673 5819 820 5883 crat.
856 5822 1147 5893 Quomodo
1169 5830 1351 5878 autem
1392 5829 1582 5891 postea
1613 5836 1641 5875 a
1675 5819 1935 5877 Dioscoro
1960 5819 2132 5892 depo-

2246 5185 2388 5242 situs
2416 5193 2521 5250 est,
2544 5185 2879 5256 tandemque
2917 5184 2949 5240 ξι
2999 5186 3238 5242 concilio
3270 5185 3709 5244 Chalcedonensi
3738 5202 3822 5243 re-

2246 5256 2498 5318 stitutus,
2532 5256 2638 5310 hoc
2661 5257 2839 5327 capite
2864 5258 3179 5313 cdocemnr.

2323 5327 2394 5397 (v)
2445 5327 2526 5381 Τὰ
2550 5328 2701 5381 κατὰ
2759 5329 3132 5381 Βασσιανόν.
3197 5328 3516 5392 Bassianus,
3565 5327 3820 5383 Ecclesia:

2248 5397 2542 5479 Ephesium
2564 5398 2917 5479 presbyter,a
2948 5398 3236 5479 hlen‘inonc
3266 5399 3528 5479 episcopo
3551 5399 3823 5479 Ephesino

2250 5468 2555 5523 Evazorum
2592 5468 2889 5538 episcopus
2951 5469 3158 5523 invitus
3194 5468 3486 5525 ordinatus
3525 5468 3645 5524 est:
3699 5468 3817 5523 ideo

2252 5538 2698 5607 nunquamjlluc
2728 5540 3001 5609 proﬁcisci
3021 5540 3216 5593 voluit.
3246 5540 3375 5594 Post
3404 5540 3587 5595 Basilii
3619 5547 3817 5601 autem,

2255 5609 2350 5679 qui
2376 5609 2651 5664 Memnoni
2685 5612 2975 5674 successit,
3008 5624 3266 5675 mortem,
3319 5612 3552 5666 antistes
3598 5610 3821 5680 Ephesi-

2253 5696 2359 5734 nus
2398 5680 2575 5735 factus
2603 5689 2707 5741 cst,
2731 5680 2877 5734 circa
2913 5697 3142 5744 annum,
3166 5691 3228 5734 ut
3278 5681 3502 5735 videtur
3532 5681 3655 5747 445,
3693 5696 3821 5750 qna-

2253 5750 2511 5806 driennio
2532 5758 2661 5805 ante
2688 5750 2866 5805 Procli
2894 5751 2998 5806 (ΖΡ.
3054 5761 3310 5806 mortem.
3352 5752 3459 5807 Tot
3484 5752 3632 5806 enim
3664 5751 3818 5805 annis

2255 5821 2442 5879 sedem
2470 5838 2624 5878 suam
2658 5836 2889 5881 securus
2921 5822 3119 5891 tenuit,
3155 5840 3183 5877 a
3213 5823 3408 5879 Proclo
3444 5824 3815 5881 confirmatus.
