3960 6482
592 342 726 405 ΞἮῙ

1793 348 2108 412 EVAGRII
2147 346 2635 410 SCHOLASTICI

3711 342 3841 405 2502

598 454 785 510 Acacii
852 453 1182 510 seditionem
1248 456 1585 523 movissent,
1646 456 1845 513 timore
1901 458 2173 528 perculsus

2294 474 2416 522 των,
2476 454 2733 529 φοϐηθεὶς
2786 456 2816 508 ό
2871 454 3194 518 Βασιλίτκος
3217 452 3436 507 ἐναντία
3475 452 3557 523 τῷ
3594 452 3843 525 πρότερον

592 544 900 600 contrarias
957 544 1239 614 prioribus
1305 548 1601 619 encyclieis
1657 548 1872 607 litteras
1925 550 2174 620 promul-

592 637 760 707 gavit.

669 729 800 784 VIII.
833 730 909 784 De
936 729 1118 787 reditu
1145 730 1406 787 Zenonis.

666 839 756 894 IX.
794 840 1081 907 Quomodo
1132 851 1257 913 post
1309 851 1541 898 mortem
1592 843 1874 907 Basilisei,
1926 843 2173 913 episcopi

592 934 733 989 Asiae
767 943 827 988 ut
854 934 1111 990 Acacium
1143 939 1444 1005 placarent,
1479 935 1725 991 libellum
1756 935 2096 1006 paenitentia:
2120 936 2173 991 ei

594 1034 979 1095 porrexerunt,
1012 1027 1231 1082 veniam
1274 1037 1526 1098 petentes
1568 1027 1717 1098 quod
1760 1026 2175 1083 Chalcedonen-

594 1133 708 1171 sem
745 1119 1012 1189 synodum
1056 1119 1433 1175 damnassent.

668 1207 732 1261 Χ.
776 1207 851 1262 De
893 1208 960 1262 iis
988 1209 1080 1278 qui
1116 1210 1422 1265 Antiochiae
1447 1208 1827 1280 episcopatum
1858 1222 2102 1279 gessere.

665 1298 754 1353 XI.
786 1298 1073 1365 Quomodo
1120 1301 1270 1355 Zeno
1308 1317 1436 1356 eum
1470 1301 1726 1356 Ailu‘rum
1770 1300 2027 1371 persequi
2075 1315 2177 1354 vo-

593 1389 815 1456 luisset,
847 1391 917 1446 ob
961 1401 1301 1448 senectutem
1336 1409 1463 1449 eum
1510 1394 1803 1448 miseratus
1843 1392 2076 1449 dimisit.
2108 1392 2177 1446 Et

595 1490 655 1535 ut
684 1492 807 1552 post
851 1492 1081 1539 mortem
1120 1484 1367 1555 ejusdem
1394 1484 1593 1545 Eluri,
1621 1485 1819 1539 Petrus
1846 1483 2076 1555 Mongus
2105 1482 2175 1537 ab

592 1577 976 1633 Alexandrinis
1022 1578 1313 1633 ordinatus
1356 1588 1474 1643 est;
1511 1578 1836 1633 Timotheus
1878 1592 2009 1631 vero
2044 1589 2174 1630 sucv

592 1684 779 1723 cvssor
814 1670 1070 1735 Proterii,
1114 1671 1268 1740 jussu
1319 1670 1667 1740 imperatoris
1712 1668 1900 1725 sedem
1933 1667 2175 1724 Alexan-

592 1764 808 1815 drinam
858 1763 1123 1818 obtinuit.

662 1856 776 1911 XII.
810 1858 884 1911 De
913 1857 1124 1913 Joanne
1146 1857 1239 1926 qui
1271 1855 1648 1926 episcopatum
1681 1853 2025 1912 Alexandria:
2050 1864 2176 1926 post

591 1948 940 2003 Timotheum
989 1949 1334 2020 gubernavit.
1382 1947 1669 2015 Quomodo
1704 1962 1830 2002 eum
1864 1946 2011 2001 Zeno
2052 1955 2172 2001 tan-

589 2063 752 2116 quam
799 2048 1081 2117 perjurum
1120 2045 1317 2117 eiecit,
1366 2054 1422 2100 et
1471 2044 1636 2100 Petro
1680 2042 1877 2115 Mougo
1922 2041 2175 2099 eamdem

591 2138 777 2193 sedem
815 2137 1078 2193 restituit.

631 2249 802 2312 ~XIII.
836 2248 1125 2315 Quomodo
1171 2249 1367 2303 Petrus
1414 2248 1643 2319 Mongus
1691 2244 2019 2301 Henoticum
2068 2243 2174 2299 Ze-

591 2342 752 2395 nonis
783 2341 1065 2406 amplexus
1097 2350 1200 2403 est,
1236 2351 1292 2395 et
1329 2339 1669 2395 Proterianis
1703 2354 1762 2394 se
1794 2338 2100 2409 conjunxit.

660 2431 817 2503 331
853 2430 991 2485 XIV.
1051 2430 1290 2487 Zenonis
1350 2430 1673 2486 Ilenoticum
1732 2429 1847 2485 sive
1890 2428 2174 2485 Unitivum

592 2521 856 2574 edictum.

662 2611 778 2666 XV.
840 2612 1128 2679 Quomodo
1180 2611 1420 2667 Joannes
1473 2611 1816 2668 Alexandria:
1874 2611 2173 2681 episcopus

593 2712 821 2765 Romam
853 2710 1101 2775 veniens,
1146 2708 1417 2779 persuasit
1451 2706 1736 2779 Simplicio
1782 2716 1843 2764 ut
1886 2706 1953 2763 ad
1998 2705 2176 2762 Zeno.

592 2821 717 2859 nam
744 2803 1013 2859 scriberet
1040 2801 1107 2858 de
1141 2801 1209 2857 iis
1235 2818 1358 2873 quae
1387 2802 1703 2858 acciderant
1731 2818 1745 2856 :
1778 2811 1834 2857 et
1863 2800 1997 2871 quid
2026 2800 2175 2856 Zeno

594 2892 961 2963 n-scripserit.

664 2982 801 3041 XVI.
848 2987 922 3041 De
955 2984 1291 3041 Calendione
1335 2985 1641 3041 Antiochia:
1685 2984 1968 3056 episcopo,
2002 2993 2175 3055 utque

592 3078 784 3135 t‘xsilio
812 3077 1104 3131 damnatus
1134 3075 1206 3131 sit
1232 3076 1303 3131 ob
1326 3076 1621 3131 amicitiam
1646 3092 1810 3147 quam
1839 3092 1964 3131 cum
1994 3076 2094 3131 Illo
2118 3086 2176 3133 et

2278 548 2496 619 γράψας
2521 545 2902 614 ἐξαπέστειλεν
2930 543 3320 613 άντεγκύκλια.

2347 725 2431 779 Η¹.
2464 724 2598 795 Περὶ
2625 722 2727 793 τῆς
2751 721 3014 775 ἐπανόδου
3035 721 3299 790 Ζήνωνος.

2347 836 2425 890 6'.
2460 836 2553 900 Ὠς
2588 835 2727 907 μετά
2748 835 2839 887 τὸν
2862 834 3089 888 θάνατον
3111 834 3460 899 Βασιλίσκου,
3481 834 3536 888 oi
3558 835 3660 905 τῆς
3673 836 3837 902 Ἀσίας

2278 926 2565 981 ἐπίσκοποι
2597 927 2690 980 τὸν
2727 927 2981 981 ’Δκάκιον
3032 927 3421 997 ἡμερούμενοι,
3448 928 3738 996 μετανοίας
3765 930 3835 998 βι-

2276 1018 2425 1072 ϐλίον
2448 1017 2859 1082 ὲπιδεδώκασιν,
2886 1013 2967 1083 οἷς
2989 1020 3298 1091 ἐξήμαρτον
3326 1018 3426 1093 τὴν
3460 1018 3521 1074 ὲν
3553 1018 3836 1091 Καλχηδόνι

2278 1108 2497 1162 σύνοδον
2514 1108 2896 1178 άθετήσαντες.

2348 1202 2404 1255 1'.
2447 1200 2582 1271 Περὶ
2616 1201 2726 1254 τῶν
2760 1202 2817 1254 ὲν
2844 1201 3144 1273 ’Δντιοχείᾳ
3169 1201 3686 1273 ὲπισκοπησάντων.

2349 1293 2454 1347 IA'.
2497 1294 2585 1356 Ὠς
2613 1295 2642 1346 ό
2673 1292 2927 1361 βασιλεὺς
2952 1293 3137 1363 Ζήνων
3165 1292 3431 1364 ἐϐουλήθη
3477 1292 3574 1345 τὸν
3594 1290 3835 1362 Δίλσυρον

2276 1381 2467 1448 διῶξαι
2486 1398 2501 1414 ’
2553 1381 2644 1435 διά
2670 1381 2729 1434 δὲ
2759 1381 2820 1434 τὸ
2854 1382 3031 1452 γῆρας
3077 1382 3240 1436 αὐτὸν
3294 1381 3640 1449 κατελεήσας
3668 1380 3804 1431 sicas
3824 1395 3836 1408 '

2279 1471 2370 1526 xui
2400 1470 2476 1533 ὡς
2491 1468 2654 1524 αὑτοῦ
2690 1470 3131 1541 τελευτήσαντος,
3158 1470 3365 1541 Πέτρος
3392 1471 3421 1523 ὁ
3460 1470 3684 1537 Mone;
3714 1469 3834 1538 πρὸς

2275 1564 2385 1617 τῶν
2423 1564 2820 1635 Ἀλεξανδρέων
2872 1564 3348 1635 κεχειροτόνηται·
3409 1562 3679 1632 Τιμόθεος
3726 1562 3777 1615 δὲ
3810 1565 3836 1617 ὁ

2278 1655 2419 1726 μετὰ
2450 1655 2742 1727 Προτέρων
2764 1656 2993 1725 νεύματι
3019 1655 3114 1709 τοῦ
3144 1656 3429 1728 βασιλέως,
3445 1656 3544 1711 τὸν
3561 1655 3660 1726 τῆς
3675 1653 3835 1720 Ἀλεξ-

2282 1746 2520 1818 ανδρέων
2540 1748 2727 1818 θρόνον
2748 1748 3032 1817 κατέσχεν.

2348 1838 2448 1894 IB’.
2475 1840 2613 1911 Περὶ
2652 1838 2897 1893 Ἰωάννου
2924 1838 3021 1892 τοῦ
3058 1839 3197 1908 μετὰ
3239 1838 3510 1909 Τιμόθεον
3540 1839 3641 1907 τῆς
3706 1838 3833 1892 Ἀλε-

2278 1931 2546 2002 ξανδρέων
2574 1932 2703 1994 τοὺς
2747 1931 2939 1994 οἴακας
2982 1932 3368 2002 κατασχόντος,
3399 1931 3555 1994 ὅπως
3607 1948 3665 1983 τε
3728 1930 3833 1982 τοῦ-

2274 2042 2367 2079 τον
2398 2026 2427 2078 ὁ
2461 2026 2648 2095 Ζήνων
2674 2024 2751 2090 ώς
2780 2026 3191 2095 ὲπιορκήκαντα
3222 2024 3553 2089 ἀπελαύνει,
3583 2024 3764 2094 Πέτρῳ
3786 2023 3835 2074 δὲ

2274 2110 2351 2181 τῷ
2375 2110 2583 2182 Μογγῷ
2609 2110 2708 2183 τὴν
2750 2112 3147 2183 Ἀλεξανδρέων
3178 2114 3499 2186 ἐγχειρίζει.

2350 2227 2451 2280 II".
2499 2225 2586 2290 Ὠς
2629 2226 2830 2300 Πέτρος
2860 2230 2889 2282 ὁ
2934 2229 3155 2297 Μογγὸς
3210 2228 3426 2301 δέχεται
3460 2232 3527 2284 τδ
3569 2233 3835 2291 Ἐνωτικόν

2276 2318 2544 2388 Ζήνωνος,
2581 2322 2808 2385 καὶτοῖς
2841 2323 2949 2375 ἀπὸ
2976 2324 3271 2394 Προτερίου
3320 2327 3679 2384 συνάπτεται.

2346 2412 2444 2467 IA'.
2487 2414 2622 2485 Περὶ
2641 2412 2734 2469 τοῦ
2764 2415 3055 2486 λεγομένου
3089 2415 3379 2472 Ἑνωτικοῦ
3405 2419 3503 2473 τοῦ
3536 2422 3787 2493 Ζήνωνος.

2346 2592 2445 2647 IE'.
2494 2593 2581 2657 Ὠς
2613 2591 2868 2666 Ἰωάννης
2919 2597 2948 2651 ό
3000 2596 3410 2670 Ἀλεξανδρείας
3469 2601 3748 2657 κατελθὼν
3787 2604 3836 2656 ἑν

2290 2684 2499 2758 Ῥώμῃ,
2523 2686 2704 2741 πείθει
2738 2687 3063 2759 Σιμπλίκιον
3117 2691 3253 2764 πρὸς
3298 2694 3529 2764 Ζήνωνα
3582 2696 3710 2767 περὶ
3742 2695 3836 2749 τῶν

2278 2779 2601 2851 συμϐάντων
2622 2780 2831 2851 γράψαι
2863 2782 3093 2853 Ζήνωνι.

2348 2965 2463 3031 17'.
2503 2963 2640 3035 Περὶ
2668 2963 3048 3029 Καλανδῖωνος
3075 2965 3170 3018 τοῦ
3216 2965 3573 3035 Ἀντιοχείας,
3624 2966 3715 3021 καὶ
3766 2966 3836 3022 ὅτι

2275 3053 2465 3128 δξορίᾳ
2499 3055 2867 3127 κατεδικάσθη
2892 3057 2981 3110 διὰ
3010 3058 3109 3127 τὴν
3152 3058 3288 3127 πρὸς
3322 3058 3541 3113 Ἴλλουν
3580 3060 3674 3115 καὶ
3696 3062 3836 3115 Λεόν-

592 3168 823 3223 Leontio
854 3168 1112 3222 habuisse
1141 3166 1489 3223 credebatur.
1513 3168 1649 3223 Item
1674 3168 1954 3239 quomodo
1980 3169 2173 3225 Petrus

2294 3169 2394 3205 τιον
2424 3150 2817 3221 ὑπονοηθεῖσαν
2856 3150 3069 3220 φιλίανο
3102 3151 3199 3204 καὶ
3227 3152 3303 3216 ὡς
3331 3152 3542 3225 Πέτρος
3573 3156 3601 3209 ὁ
3622 3154 3836 3223 κναφεὺς

593 3260 751 3322 Fullo
789 3260 982 3330 Mongo
1012 3267 1067 3315 et
1100 3259 1373 3331 episcopis
1405 3260 1919 3332 Constantinopolis
1953 3269 2011 3316 et
2048 3260 2177 3318 Ilie-

596 3354 995 3424 rosolymorurn
1034 3354 1275 3409 sociatus
1314 3354 1501 3409 fuerit.

664 3446 826 3501 XVII.
860 3446 937 3501 De
988 3444 1073 3501 his
1110 3448 1233 3516 quae
1277 3446 1473 3501 Petrus
1505 3446 1728 3518 scripsit
1761 3447 1829 3503 ad
1878 3448 2175 3518 Acacium,

595 3538 689 3607 qni
718 3536 1220 3592 Chalcedonensem
1251 3535 1519 3607 synodum
1554 3546 1891 3608 susceperat.

668 3653 854 3708 XVIII.
883 3650 1169 3718 Quomodo
1194 3651 1435 3706 Joannes
1458 3650 1861 3706 Alexandrinus
1884 3651 2178 3722 cpiscopus

600 3746 762 3802 Felici
815 3760 966 3814 papa:
997 3742 1368 3813 persuaserit,
1417 3751 1477 3797 ut
1525 3743 1887 3813 depositionis
1928 3744 2177 3801 libellum

599 3839 843 3897 mitteret
870 3836 1069 3890 Acacio
1097 3834 1731 3904 Constantinopolitano.

668 3927 811 3985 XIX.
861 3928 939 3981 De
970 3925 1175 3997 Cyrillo
1229 3927 1523 3996 praeposito
1572 3926 1890 3982 monasterii
1942 3926 2179 3983 Acremi-

599 4020 837 4081 tensium
873 4035 885 4070 :
915 4016 1189 4087 quomodo
1230 4016 1458 4070 Romam
1509 4016 1576 4070 ad
1624 4016 1862 4072 Felicem
1911 4017 2177 4087 quosdam

599 4110 881 4173 direxerit,
918 4109 1150 4164 incitans
1180 4109 1333 4162 illum
1374 4118 1432 4162 ut
1473 4124 1538 4164 ea
1564 4124 1687 4179 qua:
1716 4109 1982 4166 adversus
2012 4110 2176 4166 Iidem

600 4203 891 4263 commissa
921 4211 1099 4265 erant,
1127 4201 1511 4258 ulcisceretur.

670 4296 788 4351 XX.
822 4296 896 4350 De
940 4294 1008 4348 iis
1038 4309 1160 4365 qua:
1194 4293 1345 4348 Felix
1387 4293 1456 4348 ad
1503 4293 1802 4362 Zenonem,
1830 4303 1886 4349 et
1914 4294 2063 4351 Zeno
2107 4296 2176 4351 ad

603 4388 836 4443 Felicem
878 4385 1121 4455 scripsit.

674 4480 812 4536 XXI.
842 4477 1127 4546 Quomodo
1166 4475 1465 4549 Symeones
1504 4478 1810 4535 monachus
1840 4479 2176 4537 Accemiten-
2207 4508 2253 4566 υ

598 4577 695 4641 sis,
732 4574 961 4630 Romam
1005 4570 1254 4635 veniens,
1306 4570 1516 4642 legatos
1564 4570 1825 4627 Ecclesiae
1874 4571 2032 4627 Rom.
2080 4574 2176 4643 qui

596 4664 1129 4735 Constantinopolim
1155 4670 1444 4727 venerant,
1471 4662 1722 4733 coarguit
1744 4663 1891 4734 quod
1918 4679 2044 4720 cum
2067 4664 2179 4721 hae.

600 4764 787 4819 reticis
821 4759 1320 4817 communicassent
1349 4774 1362 4813 :
1394 4765 1451 4812 et
1477 4756 1752 4827 quomodo
1786 4758 1948 4829 legati
1976 4766 2033 4816 et
2059 4775 2178 4815 om.

600 4872 697 4911 nes
763 4852 1262 4909 communicatores
1325 4850 1473 4906 Petri
1531 4866 1563 4906 a
1621 4850 1882 4909 Romanis
1940 4852 2176 4924 depositi

598 4948 728 5000 sint.

670 5059 837 5114 XXII.
889 5059 967 5114 De
1018 5056 1195 5113 turbis
1244 5073 1366 5128 quae
1412 5056 1757 5115 Alexandria:
1809 5067 1866 5115 et
1917 5060 2084 5116 variis
2120 5060 2176 5118 in

599 5152 735 5208 locis
764 5150 1014 5207 excitata:
1041 5157 1172 5206 sunt
1201 5150 1272 5205 ob
1300 5148 1751 5207 Chalcedonense
1782 5150 2102 5207 concilium.

668 5325 829 5396 332
868 5323 1059 5380 XXIII.
1100 5325 1175 5381 De
1219 5325 1436 5382 Fravita
1482 5336 1539 5383 et
1569 5328 1876 5397 Euphemio
1907 5330 2177 5387 Constan-

599 5418 857 5487 tinopolis
918 5417 1195 5487 episcopis
1241 5434 1257 5472 :
1301 5428 1357 5473 et
1414 5418 1483 5473 de
1519 5419 1819 5475 Athanasio
1856 5437 1920 5476 ac
1965 5422 2176 5480 Joanne

599 5506 981 5563 Alexandrinis
1014 5524 1030 5562 :
1059 5516 1115 5563 et
1138 5506 1207 5563 de
1234 5507 1476 5563 Palladio
1505 5524 1569 5564 ac
1595 5508 1855 5566 Flaviano
1882 5512 2166 5570 Antioche-

598 5598 686 5653 nis
714 5614 726 5627 ·
753 5597 882 5652 item
914 5598 981 5651 de
1008 5596 1129 5652 aliis
1158 5596 1510 5667 quibusdam.

602 5776 644 5833 Α
672 5686 857 5743 XXIV.
886 5690 961 5745 De
991 5689 1137 5746 caede
1165 5690 1371 5745 Armati
1404 5689 1497 5762 qui
1534 5702 1796 5763 cognatus
1827 5693 1931 5750 fuit
1965 5696 2178 5753 Verina:

652 5788 857 5833 onusta:

652 5788 857 5845 ngusta:

2277 3246 2461 3319 ήνώθη
2487 3245 2564 3316 τῷ
2593 3246 2819 3317 Μογγῷ,
2845 3248 2938 3301 καὶ
2972 3245 3049 3318 τῷ
3079 3248 3729 3315 Κωνσταντινουπόλεως,
3756 3250 3835 3304 καὶ

2274 3338 2355 3404 τῷ
2394 3336 2805 3409 Ἰεροσολύμων.

2351 3430 2449 3486 ΙΖ’.
2500 3432 2634 3502 Περὶ
2668 3423 2743 3485 ὧν
2798 3430 3005 3504 ἔγραψε
3059 3431 3266 3505 Πέτρος
3305 3433 3553 3508 Ἀκακίῳ
3584 3433 3835 3507 δεξαμένω

2276 3524 2375 3597 τὴν
2405 3525 2462 3577 ὲν
2495 3524 2800 3594 Καλχηδόνι
2828 3523 3067 3578 σύνοδον.

2348 3640 2457 3693 IH'.
2496 3639 2684 3702 Ὅπως
2712 3639 2968 3711 Ἰωάννης
3018 3641 3047 3693 ό
3078 3637 3486 3708 Ἀλεξανδρείας
3540 3640 3713 3695 πείθει
3742 3642 3831 3709 Φήο
3864 3636 3867 3641 ’

2275 3731 2390 3784 λικι
2422 3730 2500 3801 τῷ
2528 3730 2686 3801 πάπα
2723 3730 2939 3801 Ῥώμης
2970 3730 3286 3803 καθαίρεσιν
3318 3732 3563 3805 ’Λκακῖῳ
3594 3731 3670 3804 τῷ
3701 3733 3833 3785 Km-

2280 3823 2774 3884 σταντινουπόλεως
2803 3823 3041 3895 πέμψαι.

2350 3916 2448 3968 ΙΘ’.
2479 3915 2613 3986 Περὶ
2633 3914 2901 3985 Κυρίλ).ου
2936 3915 3241 3987 ἡγουμένου
3262 3915 3431 3986 μονῆς
3465 3917 3577 3972 τῶν
3602 3916 3834 3986 ’Δκοιμήο

2276 4021 2405 4067 των,
2456 4005 2605 4068 ὅπως
2656 4005 2793 4076 πρὸς
2841 4004 3060 4076 Ῥώμην
3109 4005 3398 4059 ἀπέστειλε
3451 4006 3593 4077 πρὸς
3650 4003 3834 4075 Φήλικά

2276 4114 2448 4162 τινας,
2467 4097 2674 4166 ὲνάγων
2699 4097 2864 4153 αὐτὸν
2890 4097 3026 4169 πρὸς
3056 4098 3336 4170 ἐκδίκησιν
3363 4097 3471 4153 τῶν
3489 4097 3834 4171 τολμωμένων

2281 4188 2417 4242 κατά
2446 4188 2546 4257 τῆς
2573 4189 2829 4255 πίστεως.

2349 4282 2434 4336 Κ’.
2471 4280 2607 4353 Περὶ
2632 4274 2707 4336 ὧν
2758 4282 2966 4354 ἔγραψε
3012 4281 3177 4355 Φῆλιξ
3210 4282 3345 4356 πρὸς
3369 4284 3621 4357 Ζήνωνα,
3662 4285 3749 4341 καὶ
3772 4278 3830 4340 αὖ

2278 4372 2441 4426 πάλιν
2464 4374 2647 4442 Ζήνων
2681 4374 2817 4443 πρὸς
2845 4373 3073 4446 Φήλικα.

2354 4463 2481 4517 KA'.
2526 4462 2614 4526 Ὠς
2639 4462 2936 4534 Συμεώνης
2989 4461 3221 4533 μοναχὸς
3250 4464 3417 4534 μονῆς
3452 4464 3564 4518 τῶν
3598 4461 3828 4533 Ἀκοιμήο

2277 4573 2385 4609 των
2414 4557 2493 4620 είς
2536 4555 2756 4625 Ῥώμην
2801 4553 3114 4619 κατελθὼν,
3138 4555 3265 4618 τοὺς
3313 4557 3373 4609 ὲν
3429 4558 3830 4611 Κωνσταντινουο

2280 4647 2433 4701 πόλει
2474 4647 2876 4711 ἀποσταλέντας
2898 4648 3232 4712 ἐπισκόπους
3258 4649 3408 4719 παρὰ
3454 4648 3733 4719 Ῥωμαίων
3764 4648 3830 4699 δι-

2277 4738 2473 4813 ήλεγξε
2502 4739 2936 4805 κοινωνήσαντας
2971 4741 3087 4804 τοῖς
3120 4740 3447 4811 αἱρετικοίςο
3478 4742 3571 4795 καὶ
3601 4740 3673 4805 ὡς
3702 4736 3830 4793 αὐτοί

2277 4850 2336 4886 τε
2396 4830 2490 4884 καὶ
2529 4832 2576 4885 οδ
2612 4832 3040 4903 κοινωνήσαντες
3099 4833 3313 4905 Πέτρῳ,
3367 4834 3521 4905 παρὰ
3571 4832 3829 4904 Ῥωμαίων

2276 4922 2679 4995 καθῃρέθησαν.
2714 4936 2717 4939 ’

2266 5036 2275 5044 ’
2351 5042 2479 5099 KB'.
2527 5043 2662 5115 Περῖ
2688 5040 2797 5096 τῶν
2864 5043 2922 5096 ὲν
2954 5040 3339 5113 ’Δλεξανδρεῖᾳ
3381 5041 3709 5113 κινηθέντων
3748 5038 3828 5094 καὶ

2277 5136 2336 5193 ὲν
2367 5134 2642 5209 διαφόροις
2680 5134 2887 5201 τόποις,
2926 5134 3088 5207 χάριν
3141 5136 3241 5207 τῆς
3280 5136 3339 5189 έν
3372 5135 3674 5207 Καλχηδόνι
3718 5148 3827 5189 συν-

2277 5231 2420 5285 ὁδου.

2348 5323 2477 5378 KI".
2523 5323 2659 5391 Περὶ
2683 5320 2779 5374 τοῦ
2808 5321 3078 5393 Φραυῖτου
3136 5322 3230 5375 καὶ
3263 5322 3526 5393 Εὐφήμου
3569 5322 3673 5375 τῶν
3695 5322 3825 5376 κων·

2280 5415 2825 5478 σταντινουπολιτῶν,
2858 5415 2951 5467 καὶ
2990 5413 3314 5469 Ἀθανασίου
3338 5416 3432 5469 καὶ
3471 5417 3708 5469 Ἰωάννου
3734 5413 3823 5464 τῶν

2291 5505 2705 5577 Ἀλεξανδρέων,
2758 5503 2855 5558 καὶ
2911 5504 3221 5567 Παλλαδίου
3262 5505 3360 5559 καὶ
3402 5502 3695 5559 Φλαϐιανοῦ
3732 5500 3823 5553 τῶν

2277 5597 2618 5669 Ἀντιοχέων,
2653 5598 2748 5650 καὶ
2769 5595 2972 5666 ἑτέρων
2996 5596 3178 5652 τινῶν.

2352 5691 2477 5745 KA'.
2522 5688 2658 5760 Περὶ
2718 5688 2816 5756 τῆς
2862 5687 3196 5759 ἀναιρέσεως
3236 5687 3509 5760 ’Λρμάτου
3554 5682 3820 5755 συγγενοῦς

2280 5782 2503 5854 Βείιίνης
2545 5783 2641 5852 τῆς
2673 5780 2960 5853 βασιλίδος.
