4048 6526
171 437 288 507 2'93
1049 414 1436 482 HISTORIA?
1477 403 2067 476 ECCLESIASTICB
2105 404 2336 471 LIBER
2370 401 2483 471 ΠΙ.
3263 392 3404 467 εὶῧ94

228 559 344 612 κε’.
387 550 520 623 Περὶ
533 547 633 620 τῆς
665 543 1092 606 ἐπαναστάσεως
1117 539 1436 611 Θεοδερίχου
1456 538 1549 592 τοῦ
1581 536 1721 590 Σκύ-
1753 548 1797 603 Α

1899 556 2063 613 XXV.
2100 556 2174 611 De
2219 551 2548 608 Theoderici
2594 547 2814 620 Scytha:
2860 545 3182 606 rebellione,
3226 545 3405 612 deque

171 660 268 715 (hu,
290 653 378 706 καὶ
405 648 502 718 τῆς
526 645 718 700 τούτου
745 641 1032 710 τελευτῆς.

758 641 1032 710 τελευτῆς.
1824 648 2074 720 ejusdem
2106 645 2356 701 interitu.

224 747 359 812 KQ".
389 739 524 810 Περὶ
543 739 643 807 τῆς
676 730 1000 805 Μαρκιανοῦ
1038 725 1484 791 ἐπαναστάσεως,
1520 725 1616 780 καὶ
1637 722 1725 780 οἷα

1896 739 2084 795 XXVI.
2130 739 2208 794 De
2257 735 2562 792 rebellione
2613 728 2912 795 Marciani,
2956 727 3178 799 etquid
3227 726 3407 782 cidem

175 841 282 909 περὶ
299 833 478 888 τοῦτον
516 826 737 896 συνέϐη.
1825 830 2112 888 acciderit.

235 929 348 984 RZ’.
382 923 517 993 Περὶ
544 922 649 990 τῆς
677 915 997 990 τυραννίδος
1018 914 1194 969 ἰλλου
1220 913 1316 968 καὶ
1338 910 1616 968 Λεοντίου.

1458 910 1616 965 ντίου·
1900 921 2114 977 XXVII.
2146 921 2223 975 De
2255 915 2573 990 Tyrannide
2602 915 2687 971 llli
2721 925 2785 970 ac
2816 913 3056 968 Leontii.

235 1017 355 1077 XH'.
391 1017 526 1088 Περὶ
557 1009 920 1086 Μαμμιανοῦ,
955 1009 1053 1066 καὶ
1082 1008 1193 1064 τῶν
1222 1009 1400 1080 ἔργων
1431 1005 1620 1060 αὑτοῦ.

1899 1007 2143 1066 XXVIII.
2198 1007 2273 1062 De
2318 1005 2681 1070 Mammiauo,
2713 1011 2771 1058 et
2817 1001 2886 1057 de
2934 999 3198 1071 operibus
3229 997 3299 1052 ab
3345 1010 3417 1052 eo

1828 1103 2183 1160 constructis.

236 1198 352 1255 κεν.
385 1192 519 1262 Περὶ
537 1191 638 1261 τῆς
666 1187 925 1259 τελευτῆς
953 1186 1222 1259 Ζήνωνος,
1245 1181 1342 1237 καὶ
1361 1181 1461 1252 τῆς
1483 1179 1731 1251 ἀναρρή-

1905 1193 2098 1249 XXIX.
2131 1193 2210 1249 De
2244 1190 2486 1247 Zenonis
2527 1186 2709 1255 obitu,
2739 1195 2797 1242 et
2825 1184 2894 1241 de
2925 1182 3199 1240 Anastasii
3244 1181 3419 1251 impe-

184 1309 298 1356 σεως
327 1284 698 1343 ’Δναστασίου.

1833 1287 2033 1342 ratoris
2071 1283 2504 1355 nuncupatione.

241 1387 311 1438 Ν.
343 1379 476 1451 Περὶ
507 1375 866 1433 ’Δναστασίου
890 1371 985 1428 τοῦ
1021 1369 1311 1444 βασιλέως,
1346 1366 1440 1424 καὶ
1467 1364 1544 1431 ὡς
1569 1363 1658 1418 διὰ
1673 1362 1732 1417 τὸ

1918 1378 2090 1436 XXX.
2128 1378 2204 1433 De
2239 1375 2528 1431 Anastasio
2572 1372 2908 1445 imperatore
2956 1386 2970 1423 :
3009 1375 3066 1422 ct
3112 1364 3417 1436 quomodo,

187 1478 250 1547 μὴ
277 1469 551 1545 βούλεσθαι
582 1467 774 1523 τοῦτον
802 1466 1152 1536 καινοτομεῖν
1177 1480 1230 1517 τι
1265 1461 1394 1533 περὶ
1414 1457 1514 1532 τὴν
1540 1456 1736 1528 ἐκκλη-

1836 1485 1964 1527 culu
2011 1469 2104 1524 ille
2145 1467 2284 1523 nihil
2326 1467 2384 1521 in
2432 1461 2808 1520 ecclesiastico
2840 1467 2982 1515 statu
3015 1459 3222 1513 sineret
3265 1456 3420 1510 iuno-

189 1565 439 1636 σιαπικῆν
470 1561 826 1626 κατάστασιν,
860 1558 1069 1631 μυρίων
1096 1555 1356 1628 ταραχῶν
1387 1555 1445 1608 αἱ
1483 1553 1588 1606 ἀνά
1635 1549 1737 1622 τὴν

1837 1561 1978 1625 vari,
2015 1559 2184 1616 totius
2225 1557 2379 1614 orbis
2407 1555 2668 1612 Ecclesiae
2704 1552 3013 1608 innumeris
3047 1549 3412 1621 perturbatio-

186 1659 479 1730 οίκουμένην
506 1653 827 1724 Ἐκκλησίαι
857 1649 1272 1722 ἑνεπλήσθησαν
1289 1663 1304 1676 ·
1334 1645 1522 1703 πολλοί
1546 1662 1606 1699 τε
1627 1644 1738 1699 τῶν

1839 1653 2006 1710 nibus
2036 1650 2262 1720 repleta:
2299 1657 2449 1714 sunt,
2478 1646 2747 1717 multique
2771 1643 3016 1716 episcopi
3045 1657 3165 1697 eam
3193 1639 3267 1695 ob
3299 1655 3418 1694 can;

188 1751 469 1810 ὲτισκόταυν
499 1746 590 1803 διὰ
610 1745 770 1801 τοῦτο
799 1743 1194 1814 ἐξεϐλήθησαν.

622 1745 770 1801 τοῦτο
799 1743 1194 1814 ἐξεϐλήθησαν·
1839 1761 1954 1801 satu
1983 1743 2220 1814 expulsi.

246 1846 356 1899 ΛΜ.
393 1837 682 1909 Ἐπιστολὴ
730 1837 840 1892 τῶν
873 1835 1124 1908 μοναχῶν
1173 1829 1557 1887 Παλαιπινῶν
1600 1826 1738 1900 πρὸς
1772 1893 1814 1909 ἢ

1913 1833 2107 1891 XXXI.
2141 1831 2389 1904 Epistola
2418 1827 2814 1884 monachorum
2853 1824 3157 1881 Palaestina:
3185 1823 3251 1878 ad
3282 1823 3427 1877 Alci-

192 1939 463 1994 ’Δλκίσωνα
487 1933 616 2006 περὶ
643 1893 888 2004 μίοναχοῦ.
905 1893 1132 1983 Ξεναίω
1160 1926 1254 1982 καὶ
1277 1927 1480 1996 ἑτέρων
1506 1893 1689 1977 τινῶν.
1772 1893 1790 1948 1

1845 1944 2038 1985 senem
2071 1926 2141 1983 de
2169 1893 2380 1980 Xenaia
2411 1922 2707 1984 monacho,
2741 1918 2892 1974 etde
2923 1919 3046 1973 aliis
3073 1915 3431 1987 quibusdam.-

248 2032 354 2085 AB'.
380 2027 513 2099 Περὶ
537 2025 636 2096 τῆς
657 2022 885 2093 ἐκϐολῆς
914 2018 1252 2076 Μακεδονίου
1287 2015 1382 2072 τοῦ
1433 2016 1742 2070 Κωνσταν-

1917 2019 2134 2076 XXXII.
2169 2019 2247 2073 De
2277 2014 2598 2086 expulsione
2632 2010 2935 2066 Macedonii
2965 2008 3428 2076 (ἰοιιειίιιιιίιιοιη.ι⁴

190 2121 536 2184 τινουπόλεως,
567 2120 662 2172 καὶ
685 2113 987 2193 Φλαϐιανοῦ
1029 2111 1389 2181 Ἀντιοχείας.

1845 2114 2000 2171 Iitaui
2035 2110 2306 2182 episcopi,
2332 2117 2388 2162 et
2421 2105 2665 2163 Flaviani
2693 2103 3043 2160 Antiocheni.

251 2213 358 2269 ΛΓ.
396 2215 529 2284 Περὶ
555 2211 799 2282 Σεϐήρου
831 2205 1142 2262 ἐπισκόπου
1174 2202 1530 2272 Ἀντιοχείας.

1920 2203 2162 2258 XXXIII.
2202 2202 2279 2256 De
2314 2200 2522 2255 Severo
2541 2198 2802 2268 episcopo
2832 2194 3156 2250 Antiochiae.

253 2301 359 2361 AA’.
401 2305 532 2377 Περὶ
570 2305 670 2374 τῆς
695 2298 1040 2372 πεμφθείσης
1061 2294 1212 2367 αύτῷ
1245 2293 1621 2363 καθαιρέσεως
1642 2290 1748 2346 ὑπὸ

1920 2299 2162 2354 XXXIV.
2196 2297 2274 2352 De
2303 2295 2493 2351 libello
2522 2292 2889 2364 depositionis
2930 2291 2996 2346 ad
3045 2291 3300 2346 eumdem
3338 2288 3433 2343 Sc-

194 2402 366 2471 ίὶοσειᾶ
385 2399 479 2453 καὶ
500 2393 858 2469 Σεϐηριανοῦ.
1567 2436 1583 2450 ,

1567 2436 1583 2450 .
1849 2407 2042 2447 verum
2073 2390 2243 2444 misso
2270 2404 2301 2442 a
2329 2389 2526 2444 Cosma
2558 2394 2616 2440 et
2641 2384 2960 2440 Severiano.

251 2494 362 2548 AE’.
386 2492 518 2562 Περὶ
531 2491 630 2559 τῆς
646 2488 754 2542 τῶν
775 2483 1053 2557 τυράννων
1069 2479 1331 2554 Ἶσαύρων
1353 2478 1746 2551 καθαιρέσεως.

1631 2495 1746 2541 εως.
1924 2481 2139 2536 XXXV;
2169 2480 2247 2535 De
2275 2477 2887 2535 exstincta-Isaurorum
2922 2474 3229 2546 tyrannide.

251 2589 381 2654 Δεῖν.
409 2584 544 2656 Περὶ
563 2582 671 2636 τῶν
690 2577 982 2650 Σκηνητῶν
1000 2574 1316 2647 βαρϐάρων,
1337 2572 1413 2638 ὡς
1429 2571 1752 2626 ἐσπείσαντο

1921 2573 2163 2630 XXXVI.
2200 2570 2490 2640 Quomodo
2517 2568 2777 2626 Saraceni
2802 2583 2994 2640 pacem
3023 2584 3148 2623 cum
3179 2566 3444 2623 Romanis

193 2681 311 2750 πρὸς
345 2675 672 2747 Ῥωμαίους.

529 2675 672 2738 ,ίουςσ
1852 2667 2127 2724 fecerunt.

252 2773 368 2825 AZ'.
405 2766 541 2841 Περὶ
572 2765 674 2837 τῆς
705 2764 765 2820 ὲν
793 2759 981 2834 Ἀϐίδῃ
1008 2756 1352 2832 πολιορκίας,
1381 2754 1478 2812 καὶ
1519 2753 1754 2818 κτίσεως

1926 2757 2192 2814 XXXVII.
2226 2757 2306 2814 De
2335 2755 2742 2828 expugnatione
2771 2753 3001 2818 Amidae,
3031 2761 3084 2809 et
3119 2751 3187 2807 de
3215 2749 3443 2806 conditu

191 2862 272 2916 τοῦ
299 2859 499 2931 Δάρας.

1858 2853 2017 2908 urbis
2044 2852 2237 2907 Daras.

253 2955 374 3007 ΑΠ’.
407 2949 544 3022 Περὶ
566 2945 663 3002 τοῦ
696 2940 913 3018 μακρού
937 2945 1174 3015 τείχους.

1138 2957 1174 3008 ἲ·
1927 2943 2221 3001 XXXVIII.
2251 2942 2331 2998 De
2357 2941 2523 3012 longo
2557 2955 2736 2995 muro.

252 3046 368 3100 AB’.
396 3042 534 3114 Περὶ
560 3039 655 3094 τοῦ
682 3037 977 3109 λεγομένου
1015 3029 1452 3108 Χρυσαργύρου,
1499 3028 1576 3094 ὡς
1606 3025 1755 3084 ἀνεῖ-

1931 3035 2178 3093 XXXIX.
2210 3035 2287 3091 De
2312 3034 2566 3106 vectigali
2593 3033 2742 3104 quod
2767 3031 3198 3104 Chrysargyrum
3227 3034 3447 3092 vocant,

192 3141 272 3192 λεν
295 3137 456 3193 αὑτὸν
491 3135 869 3198 Ἀναστάσιος.

1859 3139 1917 3186 ct
1939 3127 2222 3200 quomodo
2249 3127 2526 3182 sublatum
2553 3125 2626 3180 sit
2650 3124 2720 3179 ab
2748 3123 3055 3178 Anastasio.

253 3231 339 3285 Μ’.
375 3226 514 3299 Περὶ
529 3220 604 3280 ὧν
639 3224 892 3296 ἱστόρησε
926 3219 1176 3291 Ζὼσιμος
1201 3218 1362 3290 χάριν
1380 3214 1478 3270 τοῦ
1503 3215 1761 3288 Χρυσαρ-
1787 3233 1834 3293 c

1934 3221 2049 3277 XL.
2082 3221 2161 3276 De
2189 3219 2278 3274 his
2303 3235 2426 3289 qua:
2454 3217 2709 3274 Zosimus
2739 3216 2960 3285 scripsit
2989 3213 3057 3268 de
3077 3211 3451 3283 Chrysargyro

194 3318 370 3390 τύρου,
399 3318 494 3371 καὶ
523 3315 936 3369 Κωνσταντίνου
977 3310 1071 3363 τοῦ
1099 3308 1381 3380 βασιλέως.

1189 3309 1381 3373 πιλέως.
1869 3323 1924 3372 et
1949 3315 2018 3370 de
2042 3311 2408 3370 Constantino
2435 3310 2787 3381 imperatore.

258 3412 391 3464 IIA'.
446 3408 773 3470 Ἀπόστασις
823 3403 960 3477 πρὸς
987 3401 1243 3472 Ζὼσιμον
1272 3399 1359 3470 ἐφ’
1383 3394 1467 3464 οἷς
1493 3396 1770 3470 ἐϐλασφή-

1939 3404 2076 3460 XLI.
2109 3401 2389 3459 Invectiva
2422 3401 2478 3456 in
2511 3400 2790 3456 Zosimum
2836 3397 2908 3453 ob
2938 3397 3058 3470 ejus
3090 3395 3146 3451 in
3179 3393 3452 3450 ConstauF

199 3520 263 3574 μη
271 3519 326 3554 σε
362 3501 775 3553 Κωνσταντῖνον
809 3497 900 3550 καὶ
933 3492 1328 3566 Χριστιανούς.

1255 3492 1328 3557 ὖςο
1870 3497 2048 3554 tinum
2084 3503 2142 3551 et
2165 3494 2512 3552 Christianos
2542 3491 2853 3547 maledicta.

259 3595 390 3648 238'.
426 3593 561 3662 Περὶ
579 3592 678 3660 τῆς
699 3588 1102 3662 χρυσοτελείας.

1944 3589 2107 3644 XLII.
2137 3588 2215 3642 De
2243 3586 2463 3640 auraria
2498 3585 2784 3656 pensione.

262 3688 394 3743 Ml".
430 3687 566 3758 Περὶ
596 3685 696 3755 τῆς
725 3681 1047 3755 τυραννίδος
1073 3677 1420 3734 Βιταλιανοῢ.

1295 3677 1420 3734 ινοῦ.
1945 3681 2130 3736 XLIII.
2163 3680 2239 3734 De
2268 3679 2527 3734 Vitaliani
2559 3676 2893 3749 Tyrannide.

266 3779 394 3836 MA’.
433 3780 521 3843 Ὠς
553 3776 912 3832 Ἀναστασίου
958 3776 1016 3829 ὲν
1041 3774 1120 3844 τῷ
1144 3771 1420 3845 τρισαγίῳ
1453 3769 1653 3842 ’Υμνῳ
1685 3768 1768 3836 τὺ,

1946 3771 2131 3826 XLIV.
2167 3769 2457 3837 Quomodo
2502 3769 2694 3839 ingens
2726 3767 2927 3823 seditio
2966 3765 3021 3820 in
3065 3763 3272 3835 popqu
3310 3762 3464 3816 excid

208 3873 265 3927 ’0
283 3871 617 3943 σταυρωθεὶς
638 3869 705 3922 δι’
724 3869 893 3939 ἡμᾶς,
913 3865 1266 3938 βουληθέντος
1290 3863 1630 3932 προσθεῖναι,
1651 3862 1780 3914 στά-

1878 3872 1988 3917 Iata
2034 3861 2138 3926 sit,
2175 3875 2302 3916 cum
2351 3859 2676 3914 Anastasius
2721 3859 2777 3912 in
2823 3859 3036 3930 Ilymno
3073 3854 3320 3926 Trisagio
3363 3854 3464 3907 has

203 3983 282 4030 σις
305 3969 362 4020 ὲν
381 3966 461 4035 τῷ
482 3963 639 4034 δήμῳ
669 3962 762 4016 καὶ
792 3960 1007 4032 ταραχὴ
1037 3959 1262 4030 γέγονεν
1281 3971 1294 3987 ⁸
1335 3958 1472 4028 ὅπερ
1495 3954 1778 4028 φοϐηθεὶς,

1877 3967 2048 4007 voces
2089 3949 2294 4005 addere
2344 3949 2613 4005 voluisset
2655 3967 2670 4004 :
2716 3949 2808 4020 q‘ui
2876 3948 3173 4004 cruciﬁxus
3227 3957 3313 4002 est
3364 3960 3465 4015 pro

207 4060 634 4128 ὑποκρινάμενος
680 4053 1036 4122 ταπείνωσιν,
1100 4051 1238 4122 ταχὺ
1294 4050 1394 4115 τὰς
1434 4046 1660 4119 γνώμας
1686 4046 1780 4101 τοῦ

1885 4044 2068 4099 nobis.
2096 4042 2252 4111 Quod
2285 4053 2541 4098 metuens
2564 4040 2906 4108 Anastasius,
2935 4041 3284 4096 simulatione
3311 4054 3464 4103 usus,

202 4152 262 4222 δή
270 4167 372 4221 μου
405 4146 694 4218 μετέϐαλε.

1900 4136 2087 4192 statim
2132 4135 2312 4207 plebis
2351 4135 2568 4190 animos
2620 4134 2999 4190 commutavit.

273 4423 407 4479 bII-3'.
440 4422 575 4491 Περὶ
598 4421 692 4475 τοῦ
731 4419 967 4475 θανάτου
1013 4417 1390 4491 Ἀναστασίου.
1814 4393 1860 4450 θ
1957 4411 2118 4469 XLV.
2151 4439 2221 4450 —
2253 4406 2390 4467 Item
2413 4410 2657 4491 dignun
2673 4406 2929 4491 ejusdem
2953 4407 3250 4463 Anastasii.

794 4493 1049 4547 ΚΕΦΑΔ.
1103 4490 1184 4544 A'.

2461 4481 2623 4554 333
2669 4478 2821 4536 CAP.
2863 4479 2905 4535 ι.

207 4616 338 4684 Περὶ
359 4615 472 4683 τῆς
493 4610 818 4678 βασιλείας
841 4611 1122 4674 Ζήνωνος
1165 4604 1263 4658 καὶ
1287 4601 1396 4658 τοῦ
1407 4603 1551 4668 ,βίου
1573 4600 1784 4656 αὐτοῦ.

1701 4600 1784 4656 αὖ.
2073 4598 2147 4653 De
2174 4599 2396 4669 imperio
2422 4596 2648 4650 Zenonis
2705 4594 2870 4664 deque
2898 4593 3132 4664 ejusdem
3172 4593 3299 4647 vita.

277 4751 466 4822 Ζήνων
503 4749 584 4815 δὲ,
612 4747 736 4801 ἐπεὶ
789 4745 889 4816 τὴν
919 4742 1216 4814 βασι)είαν,
1259 4738 1353 4794 τοῦ
1396 4738 1586 4802 παιδός
1622 4737 1672 4791 οἱ
1699 4754 1789 4791 τε·-

1970 4737 2039 4790 Αι
2071 4734 2243 4799 Zeno,
2282 4733 2445 4789 simul
2484 4738 2670 4800 atque,
2703 4737 2923 4783 mortuo
2954 4727 3126 4787 ipsius
3165 4725 3300 4789 filio,
3329 4726 3486 4782 solus

209 4841 589 4905 λευτήσαντος,
631 4839 792 4910 μόνος
835 4834 1226 4907 περιεϐάλετο,
1255 4831 1446 4899 ὥσπερ
1477 4831 1577 4884 ούκ
1608 4830 1790 4898 οἰόμε-

1900 4829 2193 4904 impcrium
2247 4829 2527 4894 obtinuit,
2579 4827 2735 4898 quasi
2795 4838 3118 4896 persuasum
3167 4823 3379 4877 habens
3425 4834 3485 4877 se

209 4952 295 4996 νος
331 4934 380 4964 ⁷ο
407 4932 517 4985 τῶν
547 4931 690 4984 ὅλων
719 4927 994 4999 ἐγκρατὴς
1035 4923 1314 4994 γενέσθαι,
1343 4924 1391 4975 εί
1437 4920 1512 4992 μὴ
1545 4920 1640 4973 καὶ
1679 4919 1790 4974 πά·-

1900 4935 2248 4995 nequaquam
2285 4935 2502 4977 summo
2534 4918 2767 4990 imperio
2801 4917 3091 4988 praeditum
3123 4930 3264 4975 esse.
3295 4913 3397 4969 nisi
3433 4915 3485 4966 in

216 5043 340 5086 σαις
373 5027 495 5088 ταῖς
535 5021 820 5084 ἐπιούσαις
871 5019 1088 5090 ἡδοναῖς
1123 5016 1241 5088 μετ’
1281 5014 1529 5081 ἐξουσίας
1570 5010 1798 5077 ὲπεξέλτ

1904 5032 2068 5074 omne
2112 5031 2288 5089 genus
2335 5013 2608 5079 libidinis,
2646 5011 3016 5082 quodcunque
3055 5007 3279 5062 obvium
3315 5014 3489 5069 esset,

213 5117 323 5180 θοι,
372 5114 626 5169 τοσοῦτον
659 5115 725 5166 ὲκ
764 5110 1068 5183 προοιμίων
1116 5107 1308 5163 ἑαυτὸν
1347 5109 1466 5169 ταῖς
1515 5104 1798 5158 ὲπιθέσεσι

1905 5122 2124 5166 summa
2164 5122 2293 5162 cum
2329 5105 2550 5161 licentia
2585 5102 2970 5157 eﬂ‘underctur
2996 5115 3012 5154 :
3043 5099 3226 5155 statim
3259 5097 3328 5151 ab
3373 5097 3494 5166 ipso

212 5211 322 5264 τῶν
355 5207 664 5279 ἐπιθυμιῶν
694 5203 1011 5269 ἐκδέδωκεν,
1042 5201 1118 5266 ὼς
1167 5200 1334 5272 μηδὲν
1363 5197 1524 5252 αὐτὸν
1554 5199 1801 5268 ἐπισχεῖν

1906 5199 2133 5255 exordio
2166 5197 2448 5254 illecebris
2469 5195 2834 5267 cupiditatum
2865 5191 2941 5246 ita
2971 5207 3030 5246 se
3058 5198 3232 5245 totum
3260 5187 3495 5250 dedidit,

213 5303 324 5357 τῶν
354 5277 623 5372 ἀπρεπῶν
681 5315 742 5352 τε
786 5297 885 5351 καὶ
934 5295 1208 5367 ἀθέσμων
1237 5291 1353 5346 ἀλλ’
1381 5291 1554 5354 οὕτως
1591 5289 1804 5352 τούτοις

1914 5303 1973 5347 nt
2011 5291 2152 5347 nihil
2195 5299 2340 5347 esset
2387 5299 2494 5343 tam
2529 5297 2689 5358 turpe
2739 5295 2958 5356 tamque
3007 5283 3296 5346 illicitum,
3347 5277 3496 5348 quod

218 5392 702 5465 ἐμπολιτεύεσθαι,
739 5391 814 5454 ὡς
842 5391 903 5443 τὸ
945 5389 1176 5452 σκοτίως
1200 5386 1374 5442 ταῦτα
1414 5386 1510 5438 καὶ
1541 5385 1599 5437 ἐν
1622 5401 1803 5456 παρα-

1907 5387 2172 5457 impetum
2199 5387 2320 5457 ejus
2351 5383 2674 5448 cohiberet;
2707 5380 2802 5438 sed
2835 5380 2915 5434 sic
2951 5381 3006 5434 in
3037 5375 3256 5446 ﬂagitiis
3283 5373 3501 5426 voluta-

224 5489 410 5557 ϐύστῳ
441 5483 753 5556 γίγνεσθαι,
776 5480 1066 5554 χαμερπὲς
1096 5475 1236 5533 εἶναι
1267 5476 1535 5548 νομίζειν·
1565 5474 1627 5528 τὸ
1660 5475 1716 5528 δέ
1742 5491 1807 5544 γε

1905 5479 2088 5543 batur,
2124 5487 2185 5533 ut
2211 5478 2351 5533 clam
2387 5475 2610 5546 quidem
2653 5488 2716 5528 ac
2747 5471 2974 5527 remotis
3003 5466 3227 5523 arbitris
3255 5479 3317 5518 ea
3345 5477 3497 5517 com-

221 5580 530 5650 ἀναφανδὸν
556 5577 653 5632 καὶ
697 5575 888 5646 ὥσπερ
945 5573 1006 5638 ἐξ
1043 5573 1314 5634 ἀπόπτου,
1362 5567 1641 5638 βασιλικὸν
1663 5607 1680 5631 ,
1711 5566 1810 5620 καὶ

1907 5569 2148 5633 mittere,
2179 5568 2290 5623 vile
2335 5582 2400 5622 ac
2427 5566 2710 5637 plebeium
2745 5563 3086 5618 existimaret
3115 5576 3129 5613 :
3157 5558 3335 5628 palam
3366 5570 3500 5607 vero

223 5645 595 5741 αὐτοκράτορι
624 5669 770 5740 μόνῳ
808 5645 1040 5735 πρέπον⁶
1075 5661 1264 5728 κακῶς
1301 5660 1393 5717 καὶ
1421 5657 1805 5729 δουλοπρεπῶς

1907 5671 1963 5716 et
1989 5661 2094 5715 sub
2121 5660 2301 5717 oculis
2325 5658 2575 5716 omnium
2618 5672 2682 5714 ea
2724 5663 2965 5726 patrare,
2995 5649 3206 5720 regium
3235 5645 3496 5718 quiddam

1546 5770 1777 5829 VAliIAE
1817 5770 1980 5825 Llitl'l
2002 5768 2222 5826 IUNES.

294 5880 344 5912 "
373 5879 474 5932 οὐκ
510 5874 710 5930 οἱκειού
719 5890 898 5946 μενος.
