4048 6506
594 404 740 468 9'99

1804 386 2117 462 EVAGRII
2159 382 2643 460 SCIIOLASTICI

3718 393 3840 467 2600

595 521 865 575 mitteret,
892 522 947 569 et
976 527 1039 568 ea
1066 526 1186 584 qum
1231 507 1581 567 Chalcedene
1640 519 1792 582 gesta
1842 510 2083 571 fuerant,
2130 525 2160 564 e

2287 524 2349 562 τε
2409 508 2724 579 περιϐαλεῖν
2756 508 2825 563 τὰ
2865 508 2924 561 ἐν
2974 507 3281 580 Καλχηδόνι
3321 509 3719 580 πεπραγμένα,
3762 524 3840 571 καὶ

590 607 799 664 Leonis
824 605 1028 658 librum
1053 601 1393 660 anathemati
1411 602 1731 675 subjiceret.
1757 600 1981 658 Littera:
1996 609 2181 657 autem

592 700 674 755 sic
699 697 947 752 habent:

976 803 1257 879 Encyclica
1281 806 1503 877 epistola
1530 792 1795 861 Basilisci.

657 921 959 993 Imperator
984 920 1168 978 Caesar
1200 920 1519 984 Basiliscus,
1550 920 1701 985 Pius,
1717 909 1927 985 Victor,
1950 918 2177 977 Trium-

590 1014 813 1085 phator,
845 1013 1135 1080 Maximus,
1160 1028 1380 1084 semper
1399 1013 1679 1083 Augustus
1706 1030 1720 1067 :
1745 1020 1801 1067 et
1830 1012 2050 1068 Marcus
2064 1012 2177 1069 No-

591 1106 901 1162 bilissimus
972 1106 1185 1183 Caesar,
1245 1106 1540 1160 Timotheo
1594 1104 2061 1161 reverendissimo
2123 1115 2181 1161 et

587 1192 689 1255 Dei
709 1198 1086 1254 amantissimo
1115 1197 1530 1269 archiepiscopo
1544 1212 1753 1268 magna:
1772 1197 1928 1253 urbis
1943 1198 2107 1253 Alexa
2116 1213 2179 1252 n-

591 1289 899 1344 drinorum.
971 1290 1253 1360 Quotquot
1289 1289 1437 1360 leges
1486 1305 1590 1359 pro
1649 1298 1799 1344 recta
1836 1297 2001 1359 atque
2046 1302 2178 1358 apo-

589 1381 783 1436 stolica
834 1381 942 1435 ﬁde
975 1390 1275 1435 sanxerunt
1330 1379 1728 1451 religiosissimi
1766 1380 1860 1451 qui
1903 1388 2031 1435 ante
2076 1385 2179 1437 nes

591 1473 815 1527 fuerunt
847 1473 1227 1543 imperatores,
1252 1472 1569 1543 quicunque
1605 1480 1848 1528 sanctam
1868 1481 1929 1527 et
1960 1471 2175 1527 beatam

588 1574 647 1619 et
681 1565 1044 1620 immortalem
1096 1580 1162 1619 ac
1210 1564 1485 1620 viviﬁcam
1519 1564 1852 1619 Trinitatem
1905 1575 2175 1635 perpetuo

588 1655 815 1711 coluere
872 1673 886 1709 :
947 1671 1079 1722 eas,
1128 1665 1318 1726 utpote
1374 1670 1495 1726 qua:
1546 1654 1806 1710 universo
1855 1655 1981 1709 orbi
2028 1655 2176 1710 salu-

590 1756 737 1801 tares
794 1761 1015 1817 semper
1044 1746 1387 1811 exstiterint,
1450 1745 1606 1800 nullo
1640 1760 1879 1815 unquam
1925 1754 2173 1816 tempore

2282 599 2377 655 τὸν
2403 602 2571 673 τόμον
2594 600 2845 666 Λέοντος·
2875 595 2954 656 ὦν
2986 602 3021 673 ή
3051 600 3298 674 συνθήκη
3329 601 3480 671 λέγει
3504 602 3651 657 τάδε’

2682 799 3047 871 Ἐγκύκλιον
3073 801 3478 857 Βασιλίσκου.

2351 912 2726 989 Αὐτοκράτωρ
2768 916 2985 987 Καῖσαρ
3034 915 3397 982 Βασιλίσκος,
3442 917 3704 989 Εὐσεϐὴς,
3754 923 3839 979 Νι.

2281 1012 2480 1083 κητὴς,
2511 1009 2909 1085 Τροπαιοῦχος,
2955 1010 3253 1079 Μέγιστος,
3306 1010 3694 1079 Ἀεισέϐαστος,
3741 1016 3835 1071 Ag-

2279 1120 2528 1173 γουστοςο
2561 1104 2659 1158 καὶ
2687 1102 2917 1173 Μάρκος
2936 1104 2967 1157 ὁ
3008 1102 3473 1171 Ἑπιφανέστατος
3502 1105 3731 1177 Καῖσαρ,
3758 1110 3838 1163 Ti-

2282 1193 2466 1265 μοθέῳ
2501 1192 2579 1264 τῷ
2616 1192 3006 1264 εύλαϐεστάτῳ
3040 1192 3136 1246 καὶ
3166 1190 3569 1266 θεοφιλεστάτῳ
3610 1198 3836 1267 ἀρχιεπι.

2281 1284 2471 1355 σκόπῳ
2498 1284 2599 1356 τῆς
2657 1282 3053 1355 Ἀλεξανδρέων
3112 1282 3554 1353 μεγαλοπόλεως.
3601 1285 3836 1357 Ὀπόσους

2281 1376 2382 1447 μὲν
2412 1375 2554 1446 ὑπὲρ
2595 1374 2698 1443 τῆς
2732 1374 2901 1447 ὀρθῆς
2955 1375 3051 1431 καὶ
3084 1376 3459 1448 ἀποπολικῆς
3488 1377 3715 1444 πίστεως
3736 1383 3835 1436 ἐπὶέ-

2279 1485 2480 1522 σπισαν
2507 1467 2706 1539 νόμους
2748 1470 2796 1521 οί
2837 1468 2946 1540 πρὸ
2976 1468 3134 1539 ἡμῶν
3170 1469 3558 1525 εὐσεϐέστατοι
3595 1472 3832 1543 βασιλεῖς,

2276 1561 2392 1613 ὅσοι
2419 1558 2519 1631 τὴν
2553 1559 2832 1631 μακαρίαν
2867 1561 2965 1615 καὶ
2991 1561 3184 1633 ἀγήρω
3229 1562 3324 1616 καὶ
3357 1562 3621 1626 ζωοποιδν
3649 1566 3833 1636 Τριάδι

2277 1648 2675 1720 θεραπεύοντες
2698 1649 2876 1722 ὀρθῶς
2897 1650 3229 1718 διετέλεσαν,
3260 1652 3485 1716 τούτους
3511 1652 3586 1718 ὡς
3612 1654 3687 1725 τῷ
3711 1674 3831 1710 παν·

2276 1746 2331 1796 τὶ
2386 1744 2580 1814 κόσμῳ
2624 1744 2931 1813 σωτηρίους
2971 1744 3058 1797 ἀεί
3118 1762 3252 1798 ποτε
3310 1747 3622 1814 γεγονότας,
3665 1749 3834 1805 οὐδένα

589 1838 779 1893 irritas
799 1854 920 1894 csse
947 1840 1201 1895 volumus
1228 1857 1241 1892 :
1272 1839 1575 1909 sedpotius
1601 1848 1857 1909 tanquam
1882 1840 2030 1910 leges
2050 1853 2166 1909 pro-

2278 1837 2470 1907 χρόνον
2499 1839 2691 1908 ἀργεῖν
2731 1836 3011 1908 ἐθέλομενο
3045 1837 3250 1909 μᾶλλον
3282 1838 3341 1893 δὲ
3373 1840 3450 1904 ὡς
3488 1840 3717 1907 οίκείους
3747 1844 3833 1897 a5-

586 1931 737 2001 prias
765 1934 1193 2002 promulgamus.
1219 1932 1333 1988 Nos
1353 1948 1484 1987 vero
1513 1932 1607 2002 qui
1633 1932 1890 2002 pietatem
1907 1947 1971 1986 ac
1994 1932 2172 1987 zelum

582 2022 689 2092 pro
721 2023 831 2077 Deo
853 2039 920 2079 ac
947 2023 1237 2079 Servatore
1291 2032 1483 2079 nostro
1522 2024 1651 2080 Jesu
1695 2022 1943 2089 Christo,
1984 2039 2015 2078 a
2061 2037 2174 2092 quo

584 2116 792 2171 conditi
821 2126 877 2172 et
902 2118 972 2173 ad
999 2118 1141 2173 hanc
1157 2118 1388 2189 gloriam
1410 2117 1585 2173 evecti
1613 2132 1824 2182 sumus,
1849 2115 1999 2170 omni
2023 2125 2175 2171 curm

588 2222 654 2262 ac
682 2209 1039 2263 sollicitudini
1064 2225 1248 2264 rerum
1281 2209 1650 2263 humanarum
1676 2208 1837 2277 longe
1876 2205 2170 2275 anteponi-

588 2314 711 2353 mus
747 2316 762 2352 :
794 2308 849 2353 et
871 2300 962 2369 qui
997 2309 1263 2370 praeterea
1290 2299 1569 2354 credimus
1615 2298 1965 2353 concordiam
1996 2296 2176 2368 gregis

587 2391 819 2457 Christi,
854 2403 967 2448 tum
994 2394 1168 2464 ipsius
1190 2392 1390 2463 gregis,
1419 2401 1531 2446 tum
1556 2392 1800 2445 omnium
1822 2391 2171 2445 subditorum

586 2484 823 2545 salutem
848 2488 1134 2551 exsistere,
1160 2482 1488 2557 ﬁrmumque
1520 2486 1695 2541 nostri
1725 2485 1942 2556 imperii
1971 2484 2170 2539 funda-

588 2591 835 2638 mentum
860 2590 917 2635 et
963 2579 1444 2650 inexpugnabilem
1497 2594 1716 2633 murum
1768 2592 1889 2633 esse
1921 2594 1934 2630 :
1963 2576 2173 2632 ideirco

587 2674 776 2728 divino
801 2673 1033 2727 interius
1064 2673 1181 2726 zelo
1202 2671 1483 2733 commoti,
1514 2680 1570 2726 et
1592 2671 1741 2725 velut
1773 2669 2035 2739 quasdam
2065 2669 2173 2723 im-

586 2765 725 2835 perii
756 2765 931 2818 nostri
963 2764 1255 2833 primitias,
1309 2773 1515 2817 sancta:
1547 2762 1805 2817 Ecclesiae
1864 2761 2171 2815 unitioncm

587 2858 699 2911 Deo
745 2870 808 2909 ac
838 2855 1118 2909 Servatori
1161 2866 1352 2908 nostro
1398 2853 1529 2908 Jesu
1578 2852 1798 2907 Christo
1850 2852 2170 2917 oﬁerentes,

583 2948 869 3004 sancimus
901 2955 962 3002 ut
993 2946 1140 3003 basis
1193 2963 1258 3002 ac
1301 2946 1703 3001 ﬁrmamentum
1760 2944 2039 3002 felicitatis
2072 2944 2175 3000 hu-

583 3054 780 3104 manae,
803 3040 1107 3110 symbolum
1131 3040 1295 3113 333
1323 3040 1576 3095 vidciieet
1599 3051 1966 3096 trecentorum
1997 3049 2054 3097 et
2078 3056 2173 3096 oc-

580 3134 823 3191 wdecitn
864 3138 1180 3188 sanctorum
1210 3136 1433 3189 Patrum
1462 3132 1557 3202 qui
1577 3133 1707 3187 olim
1733 3134 1906 3188 sancti
1930 3132 2171 3203 Spiritus

2274 1930 2383 1984 τῶν
2413 1928 2769 2000 ἐκφωνοῦμεν
2796 1929 3019 1999 νόμους.
3063 1930 3260 2000 Ἦμεῖς
3299 1931 3357 1986 δὲ
3386 1932 3569 2003 πάσης
3594 1934 3691 2003 τῆς
3721 1937 3834 2009 περὶ

2272 2022 2343 2076 τὰ
2364 2021 2679 2093 ἀνθρώπινα
2708 2020 3009 2093 πράγματα
3033 2022 3272 2093 σπουδῆς
3302 2024 3729 2096 προτιμήσαντες
3748 2027 3833 2098 τὴν

2273 2116 2576 2181 εὐσέϐειαν,
2599 2116 2695 2168 καὶ⁵
2723 2115 2814 2168 τὸν
2844 2115 2983 2187 ὑπὲρ
3008 2115 3105 2169 τοῦ
3132 2113 3266 2169 Θεοῦ
3297 2116 3392 2169 καὶ
3418 2116 3663 2188 Σωτῆρος
3694 2118 3835 2187 ἡμῶν

2286 2209 2461 2281 Ἰησοῦ
2505 2208 2742 2281 Χριστοῦ
2777 2208 2963 2278 ζῆλον,
3003 2207 3097 2262 τοῦ
3131 2225 3191 2262 τε
3232 2209 3613 2280 πεποιηκότος,
3644 2210 3734 2264 καὶ
3756 2211 3835 2263 δε-

2271 2301 2559 2367 δοξακότος
2586 2301 2754 2372 ἡμᾶς’
2800 2300 2882 2354 ἔτι
2933 2300 2991 2354 δὲ
3042 2300 3395 2363 πιστεύοντες
3438 2301 3531 2355 τὸν
3564 2302 3835 2372 σύνδεσμον

2272 2395 2381 2449 τῶν
2430 2394 2524 2449 τοῦ
2573 2392 2811 2463 Χριστοῦ
2859 2390 3130 2462 ποιμνίων
3165 2391 3440 2463 σωτηρίαν
3475 2392 3679 2447 ἐαυτῶν
3708 2390 3832 2447 εἶναι

2278 2484 2495 2540 καὶτοῦ
2535 2485 2779 2555 ὑπηκόου
2811 2482 3037 2547 παντὸς,
3084 2483 3337 2554 θεμέλιον
3390 2501 3451 2537 τε
3493 2485 3706 2558 ἀρραγῆ
3748 2487 3835 2539 καὶ

2274 2582 2575 2636 ἀσάλευτον
2614 2582 2793 2650 τεῖχος
2836 2578 2937 2648 τῆς
2967 2579 3247 2650 ἡμετέρας
3279 2579 3582 2650 βασιλείας,
3610 2578 3835 2633 ἐντεῦθεν

2274 2674 2502 2737 εἰκότως
2545 2671 2675 2743 θείῳ
2706 2670 2946 2735 διανοίας
2989 2669 3300 2740 κινούμενοι
3340 2670 3491 2741 ζήλῳ
3511 2709 3528 2732 .
3559 2671 3650 2725 καὶ
3675 2672 3835 2738 ἁπαρι

2272 2764 2374 2836 χὴν
2412 2764 2512 2835 τῆς
2540 2762 2818 2833 ἡμετέρας
2869 2761 3149 2832 βασιλείας
3206 2760 3288 2832 τῷ
3335 2762 3456 2832 Θεῷ
3498 2763 3593 2814 καὶ
3639 2761 3837 2831 Σωτῆρι

2270 2855 2430 2927 ἡμῶν
2468 2853 2643 2926 Ἰησοῦ
2670 2853 2894 2925 Χριστῷ
2921 2853 3021 2924 τὴν
3048 2852 3147 2923 τῆς
3172 2854 3334 2923 ἁγίας
3364 2853 3681 2922 Ἐκκλησίας
3712 2852 3735 2906 ἐ
3764 2870 3836 2905 ω-

2273 2965 2360 3001 σιν
2416 2947 2919 3018 προσκομίςοντες,
2958 2944 3290 3016 θεσπίζομεν
3328 2944 3427 3018 τὴν
3477 2947 3714 3017 κρηπῖδα
3752 2947 3838 2998 καὶ

2270 3040 2571 3112 βεϐαίωσιν
2629 3040 2729 3111 τῆς
2779 3038 3129 3110 ἀνθρωπίνης
3181 3037 3451 3105 εύζωΐας,
3502 3038 3738 3092 τουτέστι
3781 3038 3839 3090 τὸ

2272 3133 2551 3203 Σύμϐολον
2586 3133 2696 3187 τῶν
2742 3130 2847 3203 τιη’
2872 3130 3044 3202 ἁγίων
3094 3130 3354 3201 Πατέρων
3382 3129 3495 3183 τῶν
3542 3131 3601 3184 ἐν
3649 3130 3839 3202 Νικαία

603 3225 850 3281 nStinctu
872 3225 1066 3281 Nicaea:
1091 3227 1404 3297 congregati
1435 3234 1586 3291 sunt,
1620 3225 1674 3279 in
1698 3226 1845 3295 quod
1879 3240 2004 3280 cum
2038 3238 2162 3290 nos,

2271 3225 2439 3281 πάλαι
2472 3226 2611 3298 μετὰ
2647 3223 2744 3279 τοῦ
2772 3223 2931 3293 ἁγίου
2965 3220 3285 3294 Πνεύματος
3327 3220 3836 3294 ἐκκλησιασθέντων,

578 3327 701 3373 tum
730 3319 964 3390 majores
1025 3318 1198 3372 nostri
1254 3319 1566 3384 credentes,
1631 3318 1894 3388 baptiza’ti
1948 3333 2161 3383 sumus,

583 3410 761 3464 solum
791 3410 845 3463 in
869 3408 1085 3465 cunctis
1111 3410 1479 3465 sanctissimis
1503 3411 1599 3465 Dei
1631 3409 2165 3465 Ecclesiisetortho—

576 3502 851 3557 ’doxorum
883 3502 1212 3572 populorum
1240 3503 1606 3559 conventibus
1655 3512 1954 3573 usurpetur
1997 3513 2163 3574 atque

582 3593 869 3659 obtineat;
899 3593 1105 3663 quippe
1134 3593 1280 3663 quod
1331 3610 1505 3649 unum
1559 3594 1749 3666 regula
1803 3594 1864 3649 ﬁt
1894 3602 2060 3650 rectae
2094 3610 2164 3651 ac

582 3687 814 3742 sincera:
835 3685 981 3749 ﬁdei,
1013 3684 1291 3740 sullieiens
1331 3692 1446 3740 tum
1495 3686 1561 3740 ad
1590 3686 1931 3741 eversionem
1978 3686 2165 3757 cujus-

583 3778 719 3832 libet
756 3777 1047 3840 hzereseos,
1085 3786 1198 3832 tum
1229 3778 1295 3831 ad
1354 3777 1653 3848 perfectam
1707 3787 2021 3833 sanctarum
2068 3778 2161 3833 Dei

580 3871 957 3925 Ecclesiarum
982 3870 1289 3925 unitioncm
1329 3887 1343 3923 :
1388 3870 1461 3925 ita
1487 3879 1669 3925 tamen
1707 3879 1768 3925 ut
1795 3887 1955 3926 suum
1991 3872 2164 3926 robur

581 3978 645 4017 ac
664 3964 908 4033 vigorem
934 3963 1223 4018 obtineant
1272 3962 1437 4018 etiam
1463 3980 1549 4023 ea,
1605 3976 1728 4034 qua:
1761 3964 1815 4018 in
1850 3964 1953 4019 hac
2014 3966 2162 4036 regia

584 4056 718 4108 urbe
749 4071 779 4109 a
818 4063 1038 4109 centum
1088 4063 1145 4109 et
1198 4055 1603 4126 quinquaginta
1648 4055 1853 4109 sanctis
1909 4054 2163 4111 Patribus

580 4158 731 4218 gesta
758 4157 886 4201 sunt
916 4146 984 4200 ad
1041 4146 1514 4201 conﬁrmationem
1543 4146 1789 4216 ejusdem
1827 4146 2160 4202 sanctissimi

580 4235 846 4306 Symboli,
889 4235 1152 4289 adversus
1180 4249 1276 4289 eos
1328 4235 1422 4304 qui
1476 4235 1531 4288 in
1588 4236 1855 4305 Spiritum
1911 4247 2161 4293 sanctum

583 4326 1077 4397 blasphemabant:
1132 4342 1196 4382 ea
1252 4327 1478 4397 insuper
1529 4344 1651 4397 qua:
1684 4328 1738 4383 in
1796 4329 2159 4400 Ephesiorum

580 4422 870 4489 metropoli
953 4429 1143 4475 contra
1190 4419 1418 4490 impium
1467 4420 1784 4475 Nestorium
1831 4432 1950 4477 acta
2007 4431 2158 4486 sunt,

576 4524 631 4567 et
656 4523 851 4568 contra
873 4529 970 4568 eos
992 4513 1085 4583 qni
1146 4514 1267 4584 ejus
1295 4529 1538 4567 errorem
1584 4526 1773 4584 postea
1811 4526 1941 4570 sunt
1962 4516 2157 4572 secuti.

579 4606 651 4659 Ea
678 4620 807 4659 vero
825 4621 947 4675 qua:
969 4614 1282 4660 sanctarum
1315 4604 1411 4659 Dei
1435 4605 1804 4661 Ecclesiarum
1829 4622 2158 4662 consensum

574 4714 637 4752 ac
669 4698 1144 4767 tranquillitatem,
1173 4706 1230 4753 et
1273 4698 1444 4753 totius
1473 4698 1627 4753 orbis
1675 4714 1865 4769 pacem
1908 4699 2160 4770 disrupe-

574 4798 705 4844 runt
730 4807 743 4855 ;
770 4799 978 4844 tomum
1010 4789 1221 4845 scilicet
1249 4789 1473 4856 Leonis,
1517 4800 1573 4846 et
1624 4800 1821 4845 cuneta
1849 4805 1970 4861 qua:
1993 4790 2158 4847 Chal-

572 4881 783 4936 cedone
810 4883 863 4935 in
886 4881 1207 4937 deﬁnitione
1236 4882 1361 4938 ﬁdei
1381 4892 1477 4938 aut
1500 4884 1844 4953 expositione
1867 4884 2157 4957 Symbolu-

572 4989 718 5037 rum,
754 4973 990 5029 docendi
1051 4974 1137 5028 vel
1211 4973 1614 5045 interpretandi
1670 4977 1755 5031 vel
1831 4976 2151 5048 disputandi

571 5079 758 5127 causa,
781 5062 847 5116 ad
877 5064 1289 5119 innovationem
1311 5080 1477 5135 supra
1507 5067 1794 5121 memorati
1830 5068 1970 5122 sacri
1998 5067 2156 5140 Sym-

573 5158 681 5213 lioli
714 5167 1091 5213 trecentorum
1120 5167 1177 5214 et
1203 5158 1510 5214 octodecim
1559 5171 1875 5215 sanctorum
1928 5160 2153 5216 Patrum

562 5251 715 5307 dicta
737 5260 959 5322 ctgesta
983 5259 1132 5315 sunt,
1158 5250 1249 5307 hic
1271 5259 1327 5306 et
1357 5252 1558 5323 ubique
1577 5268 1674 5323 per
1696 5253 1942 5322 singulas
1964 5254 2155 5310 Eccle-

570 5342 680 5397 sias
706 5341 776 5396 ab
815 5341 1091 5397 universis
1121 5342 1489 5399 sanctissimis
1518 5344 1795 5416 episcOpis
1816 5346 2154 5421 anathema.

571 5434 1128 5501 tizaridecernimus,
1176 5445 1233 5491 et
1284 5436 1597 5508 ubicunque
1651 5447 1871 5509 reperta
1922 5439 2151 5505 fuerint,

568 5524 802 5581 ﬂammis
825 5526 1065 5581 absumi.
1109 5527 1201 5583 Sic
1222 5528 1370 5583 enim
1401 5529 1505 5599 piae
1548 5544 1613 5585 ac
1647 5528 1821 5586 beata:
1872 5530 2155 5587 memoriae

565 5613 932 5684 imperatores
958 5615 1055 5688 qui
1084 5626 1212 5674 ante
1245 5632 1347 5674 nos
1394 5617 1605 5687 vixere,
1626 5618 2023 5678 Constantinus
2042 5622 2151 5678 sci-

2268 3321 2352 3383 είς
2380 3319 2409 3373 ὃ
2437 3321 2601 3391 ἡμεῖς
2639 3335 2701 3372 τε
2728 3319 2821 3371 καὶ
2855 3316 3057 3382 πάντες
3087 3316 3139 3371 οἱ
3182 3316 3291 3386 πρὸ
3320 3314 3481 3386 ἡμῶν
3517 3315 3836 3369 πιστεύσανο

2268 3429 2382 3477 τες,
2405 3409 2839 3482 ἐϐαπτίσθημεν,
2886 3410 3047 3481 μόνον
3078 3407 3482 3472 πολιτεύεσθαι,
3511 3408 3606 3461 καὶ
3628 3407 3837 3479 κρατεῖν

2270 3505 2329 3557 ἐν
2352 3503 2557 3568 πάσαις
2580 3504 2702 3567 ταῖς
2730 3503 3060 3571 ἁγιωτάταις
3087 3500 3181 3554 τοῦ
3215 3499 3351 3554 Θεοῦ
3379 3500 3724 3569 Ἑκκλησίαις
3750 3498 3837 3553 τὸν

2270 3594 2551 3668 ὀρθόδοξον
2571 3594 2724 3661 λαὸν,
2750 3594 2831 3659 ὡς
2864 3593 3025 3666 μόνον
3053 3592 3156 3664 τῆς
3189 3590 3469 3656 ἀπλανοῦς
3497 3591 3728 3655 πίστεως
3747 3608 3835 3643 xu-

2273 3690 2407 3763 ρίως
2453 3691 2600 3763 ὅρον,
2634 3691 2731 3744 καὶ
2760 3686 2967 3760 ἀρκοῦν
3018 3688 3099 3751 είς
3149 3686 3433 3757 ἀναίρεσιν
3480 3685 3581 3755 μέν
3623 3685 3835 3739 καθόλου

2271 3783 2451 3854 πάσης
2475 3784 2758 3855 αἱρέσεως,
2779 3781 2973 3835 ἐνωσιν
2996 3780 3054 3833 δὲ
3074 3778 3251 3851 ἄκραν
3267 3778 3376 3832 τῶν
3401 3778 3574 3847 ἁγίων
3593 3777 3685 3831 τοῦ
3710 3775 3832 3829 Θεοῦ

2282 3874 2641 3945 Ἐκκλησιῶν·
2674 3872 2908 3944 ἐχόντων
2931 3870 3131 3943 δηλαδὴ
3152 3869 3249 3942 τὴν
3289 3871 3498 3923 οἰκείαν
3532 3869 3705 3939 ίσχὺν,
3750 3869 3834 3922 καὶ

2265 3968 2378 4023 τῶν
2410 3969 2489 4031 είς
2511 3966 2803 4039 βεϐαίωσιν
2825 3964 2992 4021 αὐτοῦ
3018 3962 3113 4018 τοῦ
3145 3962 3292 4016 θείου
3321 3961 3599 4034 Συμϐόλου
3634 3979 3833 4031 πεπρα-

2268 4061 2509 4132 γμένων,
2531 4060 2589 4114 ἐν
2616 4077 2678 4113 τε
2703 4062 2770 4132 τῇ
2805 4058 3163 4130 βασιλευούσῃ
3188 4057 3341 4111 πόλει
3366 4057 3538 4129 ταύτῃ
3566 4055 3704 4111 κατά
3737 4056 3834 4108 τῶν

2270 4150 2736 4223 βλασφημούντων
2761 4151 2842 4214 είς
2867 4149 2928 4202 τὸ
2954 4148 3177 4219 Πνεῦμα
3199 4148 3259 4201 τὸ
3286 4148 3439 4218 ἅγιον
3466 4148 3616 4220 παρά
3637 4148 3742 4199 τῶν
3766 4152 3832 4217 ρν¹

2270 4243 2442 4314 ἁγίων
2472 4244 2750 4313 Πατέρωψ
2778 4245 2862 4295 ἐτι
2898 4241 2956 4296 δὲ
2992 4242 3087 4294 καὶ
3117 4241 3336 4294 πάντων
3370 4240 3481 4293 τῶν
3518 4239 3832 4311 πεπραγμέ-

2268 4353 2377 4390 νων
2409 4338 2466 4389 ἐν
2498 4338 2565 4407 τῇ
2602 4334 2870 4403 Ἐφεσίων
2907 4333 3237 4404 μητροπόλει
3261 4331 3405 4387 κατὰ
3429 4332 3524 4386 τοῦ
3552 4330 3829 4392 δυσσεϐοῦς

2268 4429 2590 4501 Νεστορίου,
2632 4429 2724 4482 καὶ
2759 4427 2869 4481 τῶν
2901 4428 3039 4498 μετά
3062 4424 3236 4481 ταῦτα
3284 4427 3353 4478 τὰ
3397 4425 3607 4479 ἐκείνου
3643 4440 3832 4497 φρονηδ

2272 4521 2503 4576 σάντων.
2546 4520 2629 4573 Τὰ
2680 4519 2735 4573 δέ
2786 4519 3028 4573 διελόντα
3075 4519 3177 4589 τὴν
3218 4518 3416 4571 ἕνωσιν
3464 4517 3556 4571 καὶ
3592 4516 3831 4581 εὐταξεαν

2265 4614 2375 4668 τῶν
2422 4612 2595 4682 ἁγίων
2638 4611 2735 4665 τοῦ
2781 4611 2916 4665 Θεοῦ
2968 4610 3306 4680 Ἐκκλησιῶν
3352 4609 3447 4663 καὶ
3480 4610 3704 4680 εἰρήνην
3749 4604 3829 4660 τοῦ

2269 4700 2479 4773 κόσμου
2515 4700 2738 4764 παντὸς,
2782 4699 2983 4771 δηλαδὴ
3020 4699 3111 4753 τὸν
3153 4699 3447 4771 λεγόμενον
3480 4699 3646 4769 τόμον
3686 4698 3830 4752 Δέον·

2263 4812 2378 4859 τος,
2412 4794 2509 4849 καὶ
2541 4794 2719 4849 πάντα
2764 4794 2833 4847 τά
2867 4794 2927 4847 ἐν
2976 4793 3280 4865 Καλχηδόνι
3328 4795 3385 4847 ἐν
3428 4793 3541 4864 ὅρῳ
3589 4793 3828 4853 πίστεως,

2261 4885 2477 4940 ἐκθέσει
2508 4885 2799 4957 Συμϐόλων
2826 4887 2905 4949 τι,
2953 4886 2987 4958 ἢ
3032 4885 3351 4958 ἑρμηνείας,
3396 4886 3429 4957 ἢ
3476 4884 3827 4949 διδασκαλίας,

2261 4979 2296 5051 ἢ
2327 4977 2614 5043 διαλέξεως
2662 4977 2928 5049 εἰρημένα
2966 4979 3061 5032 καὶ⁸
3093 4978 3464 5049 πεπραγμένα
3493 4980 3571 5041 είς
3600 4993 3829 5031 καινοτο-

2262 5070 2394 5140 μίαν
2416 5068 2518 5141 τὴν
2558 5068 2700 5123 κατά
2742 5068 2837 5121 τοῦ
2880 5068 3348 5140 μνημονευθέντος
3376 5068 3533 5136 ἁγίου
3568 5065 3826 5137 Συμϐόλου

2258 5160 2371 5215 τῶν
2418 5159 2523 5231 τιη⁰
2557 5161 2731 5229 ἁγίων
2776 5162 3056 5233 Πατέρων,
3110 5162 3444 5231 θεσπίζομεν
3496 5158 3732 5213 ἐνταῦθά
3776 5171 3825 5207 τε

2259 5253 2355 5307 καὶ
2384 5252 2660 5323 πανταχοῦ
2710 5254 2833 5309 καθ’
2866 5254 3103 5325 ἑκάστην
3151 5254 3505 5324 Ἐκκλησίαν,
3543 5252 3696 5325 παρὰ
3732 5248 3825 5301 τῶν

2256 5345 2568 5416 ἁπανταχοῦ
2605 5347 2925 5415 ἁγιωτάτων
2963 5347 3278 5401 ἐπισκόπων
3324 5342 3821 5414 ἀναθεματίζεσθαι,

2258 5439 2351 5492 καὶ
2383 5440 2519 5510 πυρὶ
2560 5439 2953 5511 παραδίδοσθαι
2987 5441 3117 5512 παρ’
3162 5434 3243 5503 οἷς
3278 5439 3343 5493 ἂν
3376 5438 3721 5510 εὑρίσκηται,
3747 5432 3821 5487 διὰ

2256 5530 2320 5584 τὸ
2379 5530 2523 5584 οὕτω
2588 5531 2965 5602 διατεταχέναι
3022 5533 3153 5603 περὶ
3206 5532 3429 5585 πάντων
3472 5531 3583 5606 τῶν
3634 5530 3819 5598 αἱρετι-

2260 5623 2371 5677 κῶν
2399 5625 2711 5696 δογμάτων,
2749 5625 2844 5681 καὶ
2892 5625 3018 5692 τοὺς
3063 5624 3167 5695 πρὸ
3202 5623 3354 5699 ήμῶν
3394 5626 3453 5678 ἐν
3502 5621 3713 5678 εὐσεϐεῖ
3741 5623 3817 5671 καὶ

1878 5775 2112 5833 VARI/1“.
2155 5774 2561 5835 LECTIONES.

646 5859 691 5890 ⁷³
725 5859 787 5916 C.
820 5861 880 5918 C.
928 5865 1219 5936 συμϐόλου.
