4048 6504
515 291 658 354 2603

1740 291 2055 354 EVAGRII
2093 291 2571 355 SCHOLASTICI

3652 303 3798 367 2601

507 403 714 473 quippe
736 399 832 471 qui
876 406 1117 470 Optatam
1151 398 1220 454 ab
1263 399 1523 456 omnibus
1552 397 1825 455 unitatem
1865 400 2092 455 sanctis-

2209 418 2342 471 μασι
2379 396 2503 456 καθ’
2528 403 2843 472 οἱανδήποτε
2888 405 3101 477 καιρὸν,
3127 407 3161 478 ἢ
3193 407 3397 479 τρόπον
3423 407 3457 481 ἢ
3487 392 3661 466 τόπον
3698 416 3798 484 τὴν

506 496 666 552 simis
722 492 821 548 Dei
887 490 1154 547 Ecclesiis
1216 492 1538 556 conciliant,
1605 492 1905 547 novitatem
1973 505 2096 560 quae

507 588 773 642 adversus
829 582 994 638 fidem
1068 581 1421 638 Chalcedone
1480 583 1624 638 facta
1693 592 1799 647 est,
1833 592 1929 638 aut
1955 582 2096 636 inter

505 677 1054 753 diSputandum,lau't
1073 675 1219 731 inter
1270 675 1605 740 docendum,
1655 676 1834 731 autin
1875 675 2096 744 scriptis

506 774 624 831 suis
656 787 992 844 quocunque
1034 770 1257 826 demum
1285 779 1532 839 tempore
1573 777 1629 823 et
1685 767 1849 822 modo
1882 782 1946 822 ac
1973 767 2094 821 loco

506 867 758 938 proferre
785 879 1049 935 unquam,
1105 870 1200 917 aut
1223 861 1451 916 omnino
1505 859 1795 914 nominare
1849 866 2094 912 tcntave-

507 962 639 1027 rint,
675 975 772 1015 eos
797 968 1058 1028 tanquam
1106 955 1376 1011 tumultus
1402 967 1466 1007 ac
1517 952 1852 1007 seditionum
1885 949 2092 1005 sanctis

504 1054 604 1107 Dei
631 1051 896 1107 Ecclesiis
939 1060 997 1105 et
1047 1047 1321 1104 universis
1355 1045 1453 1115 qui
1489 1052 1682 1098 nostro
1736 1041 1969 1112 imperio
1998 1057 2094 1112 pa-

505 1155 652 1208 rent,
680 1154 957 1208 auctores,
1001 1141 1210 1210 Deique
1254 1153 1320 1192 ac
1367 1146 1571 1192 nostrae
1621 1135 1817 1202 salutis
1872 1135 2090 1199 hostes;

502 1239 656 1309 juxta
681 1238 829 1307 leges
842 1251 967 1305 quae
991 1235 1103 1305 jam
1131 1231 1344 1302 pridem
1377 1231 1445 1286 de
1474 1227 1789 1301 huiusmodi
1823 1226 2094 1297 improbi-

508 1339 620 1385 tate
657 1328 780 1382 latae
826 1326 938 1381 sint
960 1341 990 1380 a
1023 1324 1197 1380 beatae
1226 1338 1288 1377 ac
1319 1322 1459 1376 divae
1520 1319 1800 1376 memoriae
1855 1318 2092 1389 impera:

506 1433 625 1477 tore
685 1418 1020 1483 Theodosio,
1083 1431 1220 1486 quas
1265 1414 1428 1469 etiam
1488 1413 1620 1468 huic
1666 1422 1870 1473 nostra:
1924 1427 2094 1467 sacrae

503 1511 753 1583 epistolae
773 1509 1066 1580 encyclioze
1087 1506 1427 1577 subjecimus
1450 1521 1465 1572 ;
1492 1503 1540 1559 si
1597 1502 1820 1572 quidem
1847 1502 2091 1572 episcopi

505 1613 636 1660 sunt
664 1611 760 1658 aut
805 1602 1016 1674 clerici,
1055 1599 1257 1670 deponi
1299 1589 1685 1668 praecipimus:
1715 1596 1760 1650 si
1785 1601 1922 1650 Vero
1970 1610 2090 1650 mo-

505 1697 668 1754 nachi
697 1703 794 1751 aut
812 1695 962 1757 laici,
979 1693 1175 1748 exsilio
1197 1701 1252 1746 ct
1271 1691 1544 1746 bonorum
1567 1687 1816 1742 omnium
1841 1686 2090 1757 publica~

2203 494 2261 546 ἐν
2294 493 2605 564 Καλχηδόνι
2645 496 3025 566 γεγενημένην
3052 497 3196 550 κατὰ
3217 497 3321 568 τῆς
3348 499 3584 567 πίστεως
3613 521 3799 560 καινο-

2199 585 2416 656 τομίαν,
2460 587 2586 649 τοὺς
2613 585 2892 664 τοιούτους
2937 589 3014 652 ὼς
3043 590 3291 660 ταραχῆς
3327 592 3424 646 καὶ
3469 593 3795 650 ἀκαταστα-

2201 679 2322 742 σίας
2349 680 2471 742 ταῖς
2503 679 2689 747 ἁγίαις
2741 679 2836 734 τοῦ
2888 681 3024 734 Θεοῦ
3067 683 3420 754 Ἐκκλησίαις
3454 687 3548 739 καὶ
3579 687 3666 758 τῷ
3693 689 3796 741 ὑπ-

2197 769 2349 841 ηκόῳ
2373 771 2540 824 παντὶ
2570 771 2918 842 παραιτίους,
2931 772 3055 844 ,Θεῷ
3081 790 3142 826 τε
3163 775 3258 828 καὶ
3273 776 3518 848 ἡμετέρα
3541 779 3799 849 σωτηρία

2199 862 2514 933 πολεμίους,
2552 863 2852 934 κελεύομεν
2882 866 3027 919 κατὰ
3055 866 3184 929 τοὺς
3232 867 3332 937 ἤδη
3359 867 3468 940 πρὸ
3498 869 3666 940 ἡμῶν
3699 870 3794 925 θε-

2199 957 2525 1020 σπισθέντας
2555 958 2707 1028 παρὰ
2741 955 2835 1012 τοῦ
2863 959 2920 1011 ὲν
2955 959 3209 1031 μακαρίᾳ
3249 960 3344 1013 καὶ
3388 961 3509 1034 θείᾳ
3535 965 3606 1033 τῇ
3636 963 3797 1035 λήξει

2195 1049 2492 1121 γενομένου
2545 1049 2813 1120 βασιλέως
2872 1052 3153 1105 Θεοδοσίου
3199 1053 3339 1107 κατὰ
3387 1055 3486 1126 τῆς
3523 1055 3796 1126 τοιαύτης

2195 1141 2488 1207 κακονοίας
2516 1142 2736 1213 νόμους,
2772 1142 2904 1208 τοὺς
2941 1145 3419 1216 ὑποτεταγμένους
3447 1147 3584 1212 τῷδε
3630 1148 3797 1217 ἡμῶν

2193 1232 2273 1304 τῷ
2330 1232 2460 1304 θείῳ
2510 1234 2815 1307 Ἐγκυκλίῳ
2862 1237 2910 1289 εί
2975 1237 3074 1305 μὲν
3106 1238 3395 1291 ἐπίσκοποι
3445 1239 3478 1310 ἢ
3527 1240 3797 1310 κληρικοὶ

2203 1323 2314 1380 εἷεν
2343 1325 2763 1396 καθαιρεῖσθαι·
2817 1328 2867 1381 εί
2917 1329 2974 1382 δὲ
3015 1329 3344 1399 μονάζοντες
3381 1331 3414 1402 ἦ
3461 1332 3672 1397 λαῖκοὶ,
3705 1333 3794 1398 ἐξ-

2193 1415 2318 1487 ορίᾳ
2355 1417 2450 1470 καὶ
2479 1416 2744 1488 δημεύσει
2775 1419 3004 1489 παντοίᾳ
3036 1419 3133 1472 καὶ
3159 1422 3273 1484 τοῖς
3299 1421 3552 1491 ἐσχάτοις
3579 1421 3786 1474 ὑποπί-

2194 1524 2352 1562 πτειν
2378 1507 2698 1579 ὲπιτιμίοις.
2736 1509 2893 1563 Οὕτω
2923 1511 3031 1581 γὰρ
3069 1511 3156 1564 ἀεί
3179 1529 3309 1565 ποτε
3345 1512 3499 1584 παρὰ
3519 1513 3622 1582 τῆς
3654 1514 3792 1583 ἡμε-

2192 1599 2357 1667 τέρας
2391 1600 2676 1664 εὐσεϐείας
2704 1603 3160 1673 προσκυνουμένη
3192 1603 3325 1672 ἁγία
3352 1606 3445 1656 καὶ
3471 1603 3790 1674 δμοούσιος,

2193 1692 2532 1764 δημιουργός
2561 1709 2621 1746 τε
2649 1693 2744 1746 καὶ
2771 1691 3040 1757 ζιοοποιὸς
3078 1693 3188 1747 τῶν
3217 1693 3355 1748 ὅλων
3400 1691 3598 1764 Τριὰς,
3634 1694 3792 1764 θερα-

502 1791 640 1846 tioni
657 1799 713 1845 et
732 1786 993 1843 extremis
1024 1785 1205 1857 poenis
1230 1784 1533 1854 subiacere.
1551 1781 1805 1850 lta,cnim
1833 1789 2021 1836 sancta
2037 1788 2092 1836 et

2202 1784 2467 1838 πευθεῖσα
2495 1787 2588 1838 καὶ
2611 1789 2707 1838 νῦν
2739 1787 2868 1856 παρ’
2897 1785 3058 1858 ἡμῶν
3087 1786 3175 1840 διὰ
3191 1789 3290 1858 τῆς
3322 1786 3666 1855 ἀναιρέσεως
3691 1786 3801 1854 μὲν¹

501 1879 992 1938 consubstantialis
1053 1875 1318 1941 Trinitas,
1382 1874 1632 1929 omnium
1704 1872 1980 1928 conditrix
2032 1887 2097 1928 ac

500 1973 856 2037 vivificatrix,
875 1987 997 2041 qua:
1025 1987 1053 2024 a
1075 1969 1280 2040 pietate
1309 1977 1497 2021 nostra
1515 1975 1783 2036 perpetuo
1813 1966 2093 2030 adoratur,

500 2082 651 2121 nunc
704 2079 926 2136 quoque
998 2073 1108 2118 tam
1164 2076 1262 2132 per
1331 2059 1688 2114 abolitionem
1735 2073 1928 2113 eorum
1974 2073 2094 2128 quae

501 2174 672 2229 supra
700 2158 941 2214 diximus
961 2153 1323 2215 zizaniorum,
1369 2166 1533 2222 quam
1582 2166 1683 2220 per
1717 2150 2095 2210 confirmatio-

500 2266 631 2307 nem
684 2259 960 2306 rectarum
1033 2255 1090 2303 et
1141 2245 1569 2316 apostolicarum
1640 2241 1817 2297 sancti
1849 2230 2094 2314 Symboli

2199 1879 2307 1933 τῶν
2352 1880 2837 1950 μνημονευθέντων
2883 1880 3161 1946 ζιζανίων,
3198 1879 3546 1950 βεϐαιώσεως
3591 1879 3653 1932 δὲ
3683 1877 3790 1931 τῶν

2197 1968 2374 2038 ὀρθῶν
2414 1971 2507 2022 καὶ
2553 1970 2931 2023 ἀποστολικῶν
2962 1969 3054 2023 τοῦ
3095 1971 3250 2038 ἁγίου
3284 1970 3564 2039 Συμόὁλου
3617 1986 3791 2038 παραο

2195 2059 2418 2122 δόσεων,
2440 2059 2601 2130 ἵλεως
2635 2061 2729 2113 καὶ
2752 2061 2991 2132 εὐμενὴς
3019 2060 3311 2131 γενομένη,
3343 2063 3462 2126 ταῖς
3485 2079 3543 2114 τε
3580 2061 3788 2132 ἡμετέ-

2201 2167 2319 2221 ραις
2350 2151 2553 2220 ψυχαῖς
2583 2153 2676 2204 καὶ
2696 2151 2774 2222 τῷ
2798 2151 3027 2224 ὑπηκόῳ
3053 2153 3238 2218 παντὶ,
3263 2153 3416 2207 ἔσται
3455 2152 3541 2206 διὰ
3578 2152 3788 2214 παντὸς

2197 2240 2573 2295 συνδιοικοῦσα
2596 2244 2640 2273 ⁸⁷
2673 2244 2809 2312 ἡμῖν
2836 2245 2932 2297 καὶ
2961 2244 3320 2316 είρηνεύουσα
3344 2245 3413 2297 τὰ
3440 2241 3785 2314 ἀνθρώπινα.

502 2345 884 2410 traditionum,
950 2358 982 2397 a
1035 2339 1198 2394 nobis
1244 2338 1415 2401 culta,
1475 2336 1767 2391 animabus
1821 2335 2028 2390 nostris
2065 2343 2122 2390 et
2187 2335 2428 2391 subditis
2480 2336 2741 2393 omnibus
2798 2338 3037 2408 propitia
3097 2354 3163 2394 ac
3219 2337 3455 2408 benigna
3521 2336 3792 2406 deinceps

498 2438 688 2495 futura
719 2443 825 2502 est,
864 2442 920 2490 et
966 2447 1054 2488 res
1097 2432 1366 2487 humanas
1415 2429 1702 2483 nobiscum
1744 2427 2079 2499 gubernans,
2120 2436 2342 2498 pacatas
2365 2443 2429 2484 ac
2455 2429 2781 2500 tranquillas
2813 2429 3032 2486 elliciet.

1062 2545 1231 2616 333.
1265 2543 1418 2600 CAP.
1454 2543 1518 2599 ν.

503 2648 582 2703 De
617 2647 683 2701 iis
721 2643 812 2716 qui
865 2638 1141 2711 encyclicis
1173 2636 1416 2716 Basilisci
1455 2634 1644 2716 litteris
1691 2641 2092 2696 consenserunt,

955 2707 1005 2763 ἐι
1028 2708 1288 2780 synodum
1319 2707 1636 2777 rejecerunt.

571 2811 670 2867 llis
693 2806 993 2880 encyclicis
1024 2802 1247 2867 litteris,
1289 2807 1350 2854 ut
1386 2798 1582 2855 scribit
1614 2796 1911 2852 Zacharias
1943 2795 2089 2851 Rhe-

501 2912 611 2969 tor,
646 2900 974 2956 Timotheus
1011 2894 1106 2966 qui
1141 2892 1305 2964 paulo
1339 2899 1467 2945 ante
1502 2902 1760 2943 reversus
1789 2887 1857 2941 ab
1889 2885 2086 2940 exsilio

501 2999 705 3060 fuerat,
737 2989 1040 3052 consensit,
1081 2986 1281 3040 Petrus
1314 2996 1532 3053 quoque
1551 2985 1920 3051 cognomento
1952 2977 2084 3031 Ful-

468 3091 582 3158 .lo,
625 3086 922 3158 episcopus
956 3077 1286 3141 Antiochiae,
1332 3074 1427 3145 qui
1471 3089 1584 3128 una
1633 3087 1758 3127 cum
1791 3070 2086 3125 Timotheo
2129 3139 2134 3143 η

2813 2542 3067 2597 ΚΕΦΑΔ.
3099 2543 3175 2596 Ε’.

2194 2631 2336 2700 Περὶ
2371 2631 2492 2685 τῶν
2541 2635 2934 2705 συνθεμένων
2973 2634 3099 2701 τοῖς
3147 2637 3493 2705 ἐγκυκλίως
3534 2635 3785 2692 Βάσιλι-

2366 2719 2549 2768 σσκου,
2573 2703 2674 2757 καὶ
2710 2703 2825 2773 τὴν
2859 2706 3130 2760 σύνοδον
3157 2703 3610 2775 ἀθετησάντων.

2276 2794 2364 2857 Ὠς
2395 2795 2494 2866 μὲν
2532 2791 2626 2851 οὖν
2655 2797 2902 2872 Ζαχαρία
2931 2797 3242 2870 γέγραπται
3279 2799 3360 2871 τῷ
3386 2800 3630 2873 Ῥήτορι,
3655 2801 3785 2855 ταύ-

2194 2904 2317 2951 ταις
2347 2891 2466 2952 ταῖς
2501 2890 2812 2959 ὲγκυκλίοις
2863 2891 3158 2957 συλλαϐαῖς
3188 2895 3494 2949 συντίθεται
3532 2897 3560 2948 ὁ
3615 2896 3784 2967 Τιμό-

2193 2979 2336 3044 θεος,
2366 2981 2490 3051 ἄρτι
2516 2981 2617 3053 τῆς
2651 2983 2968 3056 ὑπερορίας,
3018 2985 3093 3048 ὼς
3125 2986 3284 3058 ἔφην,
3316 2988 3785 3059 ἐπανηνεγμένοςο

2193 3074 2293 3126 καὶ
2318 3073 2457 3144 πρός
2502 3090 2568 3143 γε
2618 3075 2829 3146 Πέτρος
2857 3076 2933 3149 (a)
2971 3079 3000 3130 6
3039 3079 3138 3150 τῆς
3174 3079 3454 3151 Ἀντιόχου
3495 3083 3784 3154 πρόεδρος.

498 3191 621 3239 erat
659 3172 1164 3244 Constantinopoli.
1203 3170 1300 3226 llis
1343 3167 1413 3223 ad
1456 3167 1607 3221 hunc
1636 3164 1860 3220 modum
1894 3162 2083 3236 gestis,

2195 3163 2217 3217 ὑ
2250 3164 2482 3236 ἐπίκλην
2510 3166 2790 3238 Κναφεὺς,
2817 3168 2893 3234 ὡς
2931 3169 3027 3223 καὶ
3053 3171 3307 3244 Τιμοθέῳ
3339 3175 3522 3246 παρῆν
3550 3175 3658 3228 ἀνὰ
3692 3175 3788 3246 τὴν

501 3286 566 3334 ιιι
596 3275 802 3332 Paulus
831 3283 1054 3342 quoque
1099 3260 1631 3334 archicpiscopalcm
1663 3257 1871 3329 Ephesi
1900 3255 2089 3313 sedem

501 3370 836 3440 susciperet,
869 3364 1261 3419 decreverunt.
1285 3357 1458 3412 Porro
1497 3353 1642 3408 idem
1674 3350 1971 3406 Zacharias
1995 3365 2087 3406 re-

498 3464 612 3520 fert
676 3457 1032 3516 Anastasium
1090 3453 1257 3508 etiam
1317 3448 1823 3519 Hierosolymorum
1868 3443 2087 3515 episco-

498 3569 659 3626 pum,
709 3551 804 3621 qui
846 3544 1098 3604 Juvenali
1137 3548 1507 3606 successerat,
1542 3537 1738 3593 iisdem
1788 3534 2088 3607 encyclicis

501 3643 922 3714 subscripsisse,
954 3637 1204 3707 aliosque
1253 3635 1384 3688 item
1431 3630 1790 3702 complures:
1822 3628 1960 3683 adeo
2024 3634 2087 3682 ut

501 3735 726 3793 circiter
750 3731 1041 3805 quingenti
1070 3742 1303 3786 numero
1331 3723 1560 3788 fuerint,
1594 3722 1690 3792 qui
1724 3720 1928 3776 Leonis
1964 3719 2087 3790 epi-

500 3830 699 3886 stolam
725 3837 782 3882 et
806 3824 1260 3883 Chalcedonense
1308 3817 1609 3874 concilium
1662 3814 2083 3868 damnaverunt.

499 3920 764 3976 Refertur
797 3917 965 3973 etiam
993 3914 1063 3969 ab
1103 3911 1300 3969 eodem
1345 3909 1621 3978 scriptore
1657 3905 1904 3960 Libellus
1956 3919 2087 3973 prc-

504 4030 654 4081 cum,
679 4012 903 4069 oblatus
928 4008 1194 4064 Basilisco
1221 4004 1291 4061 ab
1319 4001 1596 4073 episcopis
1616 3998 1759 4054 Asia:
1784 3997 1877 4068 qui
1913 3998 2088 4067 Epheo

2195 3255 2613 3328 βασιλεύουσαν.
2653 3259 2873 3314 Τούτων
2913 3261 3058 3316 οὑτω
3087 3265 3420 3335 γενομένων,
3455 3266 3785 3336 ψηφίζονται

2193 3349 2289 3404 καὶ
2315 3349 2528 3404 Παῦλον
2554 3351 2644 3405 τὸν
2667 3355 2766 3424 τῆς
2817 3354 3086 3424 Ἐφεσίων
3113 3356 3501 3427 ἀρχιερατικδν
3529 3359 3786 3412 ὑπελθεῖν

2192 3441 2406 3515 θρόνον.
2441 3443 2581 3515 Φησὶ
2610 3445 2656 3499 δ’
2694 3441 2788 3500 οὖν
2814 3447 2890 3510 ὡς
2921 3447 3017 3501 καὶ
3043 3450 3391 3514 ’Λναστάσιος
3417 3451 3445 3503 ό
3469 3452 3610 3521 μετὰ
3651 3453 3782 3523 Ἰουγ-

2191 3536 2442 3590 ϐενὰλιον
2478 3537 2748 3609 Ἱεροσολύ
2759 3557 2876 3611 μων
2908 3541 3188 3615 πρόεδρος,
3212 3543 3652 3613 ὑποσημαίνεται
3675 3547 3784 3606 τοῖς

2204 3629 2565 3698 Ἐγκυκλίοις,
2591 3630 2769 3702 ἕτεροί
2793 3649 2851 3685 τε
2876 3633 3208 3703 πάμπολλοι·
3234 3635 3310 3698 ὡς
3340 3652 3406 3687 πε
3417 3637 3471 3706 ρὶ
3494 3637 3625 3700 τοὺς
3651 3653 3781 3689 πεν-

2191 3722 2482 3786 τακοσίους
2507 3723 2865 3787 καθεστάναι,
2895 3728 3022 3791 τοὺς
3048 3726 3139 3780 τὸν
3186 3728 3423 3792 Λέοντος
3464 3728 3661 3798 τόμον,
3691 3729 3781 3781 καὶ

2189 3815 2290 3885 τὴν
2339 3817 2397 3868 ἐν
2428 3815 2735 3886 Καλχηδόνι
2765 3816 2983 3871 σύνοδον
3020 3818 3497 3892 ἁποκηρύξαντας.
3533 3821 3648 3873 Καί
3679 3837 3780 3874 που

2192 3906 2287 3960 καὶ
2304 3905 2488 3980 δέησιν
2512 3910 2766 3980 ἐγγραφῇ
2790 3909 2899 3981 (63)
2920 3912 3227 3984 γενομένην
3249 3915 3399 3984 παρὰ
3419 3913 3528 3965 τῶν
3551 3914 3608 3966 ἐν
3627 3912 3780 3982 Ἀσίᾳ

2192 3999 2472 4070 προέδρων
2503 4001 2561 4053 ὲν
2577 3999 2788 4073 Ἐφέσῳ
2809 4003 3244 4074 συνεληλυθότων
3260 4004 3374 4076 (6-4)
3398 4005 3536 4077 πρὸς
3555 4004 3747 4060 Βασιλί
3759 4034 3774 4042 -

1802 4133 2038 4190 ΥΑΒΙᾹΞ
2071 4133 2367 4193 LECTION
2376 4137 2481 4193 ES.

570 4241 615 4272 "’
649 4237 710 4294 C.
743 4236 806 4293 C.
831 4231 1202 4291 συνοδικοῦσα.

1705 4321 1980 4378 VALESll
2011 4320 2566 4380 ANNOTATIONES.

573 4429 684 4501 (65)
715 4425 828 4501 Καί
857 4440 975 4479 που
1003 4422 1100 4501 ναι
1133 4421 1350 4501 δέησιν
1374 4418 1664 4501 ἐγγραφῇ..
1681 4419 1882 4501 Procul
1911 4418 2088 4501 dubio
2120 4423 2165 4478 D
2194 4420 2408 4501 litteras
2457 4420 2723 4501 adversus
2772 4420 3067 4501 concilium
3125 4419 3597 4501 Chalcedonense,
3636 4423 3771 4501 Aea-

498 4491 858 4558 scribendum
892 4503 979 4550 est
1023 4493 1330 4564 ἐγγράφει⁶
1371 4491 1520 4564 quod
1579 4492 1754 4564 merr
1803 4491 1873 4564 at)
1909 4491 2085 4546 inter-

497 4569 753 4643 pretibus
780 4561 1228 4643 animadversum
1258 4577 1367 4643 non
1397 4561 1587 4643 fuisse.
1618 4561 1962 4643 Subauditur
1989 4578 2087 4642 au-

498 4632 607 4697 tem
687 4637 988 4709 Ζαχαρίας,
1033 4634 1128 4704 qui
1182 4633 1239 4687 in
1269 4632 1525 4709 _Historia
1569 4647 1666 4686 sua
1708 4632 2084 4709 ecclesiastica

495 4703 950 4768 Libellunﬂtunc
994 4703 1220 4776 precum
1244 4703 1542 4776 integrum
1593 4703 1882 4776 retulerat,
1910 4719 2084 4776 quem

495 4779 744 4865 episcopi
778 4777 924 4865 asia;
941 4773 1446 4865 apum-Ephesum
1461 4774 1816 4865 congregati,
1857 4773 1926 4828 ad
1977 4773 2082 4829 Ba-

496 4845 746 4909 siliscum
789 4845 1179 4909 imperatorem
1215 4845 1496 4901 miserant.

568 4923 681 4995 (δέ)
709 4922 828 4995 -Ἒν
846 4914 1074 4988 Ἐφέσῳ
1101 4916 1629 4995 ᾳῃεᾴλιλοᾷότων.
1658 4915 1736 4971 De
1761 4914 1873 4995 hoc
1895 4914 2084 4970 conci-

494 4985 588 5049 lio‘
623 4985 925 5064 Ephesino,
969 4988 1118 5064 quod
1163 4986 1578 5064 Basi_lisci_imp.
1619 4985 1964 5064 temporibus
1993 5001 2085 5064 ce-

495 5057 773 5119 lebratum
821 5071 928 5121 est,
984 5057 1182 5114 leviter
1229 5057 1538 5113 admodum
1585 5074 1650 5114 ac
1710 5057 2083 5127 perfunctorie

495 5134 692 5189 scribit
741 5131 1014 5188 Baronius
1058 5130 1114 5184 in
1153 5127 1450 5183 Annalibus
1497 5129 1565 5184 ad
1613 5126 1820 5184 annum
1877 5126 2084 5182 Christi

495 5207 602 5261 476
633 5223 647 5259 :
679 5203 734 5259 id
793 5211 1002 5257 tantum
1049 5199 1370 5272 observans,
1421 5200 1491 5253 ab
1541 5197 1898 5272 Eutychianis
1943 5199 2086 5254 cclc-

493 5275 716 5332 bratum
747 5273 883 5329 illud
924 5272 1115 5327 fuisse.
1164 5269 1272 5325 Sed
1319 5285 1504 5341 neque
1551 5269 1717 5341 quam
1758 5270 1830 5324 ob
1861 5285 2082 5324 causam

494 5353 889 5419 congregatum
945 5343 1038 5406 sit,
1090 5355 1197 5419 nec
1235 5339 1372 5410 quid
1418 5339 1586 5419 in‘eo
1628 5350 1843 5412 gestum
1889 5341 2080 5419 fuerit,

492 5411 934 5482 com'meinorat;
969 5413 1146 5469 nostri
1184 5411 1370 5481 itaque
1411 5411 1574 5467 cilicii
1617 5411 1722 5476 est,
1752 5427 1816 5466 ea
1863 5427 1983 5480 qua:
2012 5411 2082 5482 ab

493 5489 593 5546 illo
633 5485 1008 5560 praetermissa
1047 5491 1200 5560 sunt,
1245 5498 1382 5560 cu_ra
1415 5492 1622 5560 nostra
1677 5497 1744 5538 ac
1796 5481 2079 5560 diligentia

432 5571 436 5575 ’
491 5552 773 5632 supplere.
827 5559 960 5614 Post
1008 5555 1186 5613 editas
1224 5568 1256 5609 a
1305 5552 1570 5610 Basilisco
1603 5554 1740 5624 imp.
1770 5552 2082 5624 encyclicas

2193 4491 2767 4562 ciusConslantinop.
2808 4492 3106 4561 episcopus
3136 4493 3287 4546 solus
3315 4509 3381 4545 ex
3413 4495 3771 4562 partriarchis

2190 4561 2574 4633 quiOricntaii
2603 4562 2839 4631 imperio
2869 4563 3250 4633 subjacebant,
3283 4563 3370 4616 his
3409 4565 3612 4618 litteris
3644 4566 3772 4619 sub-

2189 4632 2436 4686 scribere
2482 4635 2784 4703 recusavit,
2841 4649 2943 4687 nec
2975 4633 3445 4703 Chalcedonense
3475 4636 3768 4693 concilium

2187 4718 2254 4757 ex
2301 4702 2692 4774 ecclesiasticis
2741 4704 2944 4774 tabulis
2972 4702 3287 4773 expungere
3327 4721 3571 4774 unquam
3603 4714 3768 4765 susti-

2186 4774 2330 4828 nuit.
2363 4772 2469 4828 Sed
2503 4782 2560 4828 et
2583 4774 2836 4827 monachi
2871 4772 3466 4841 Constantinopolitani
3510 4777 3769 4837 Basilisco

2186 4844 2403 4899 fortiter
2433 4845 2776 4916 restiterunt.
2808 4845 3056 4916 Denique
3081 4844 3239 4914 plebs
3261 4844 3766 4916 Constantinopoli-

2191 4925 2317 4970 tana
2359 4915 2686 5038 pi'ravissime
2721 4915 3044 4970 tumultuari
3070 4916 3259 4984 cmpit,
3303 4916 3457 4970 urbis
3488 4932 3555 4971 ac
3584 4915 3766 4988 palatii

2191 4987 2372 5038 incent
2399 4987 2506 5038 ium
2529 4986 2810 5038 minitans.
2833 4987 2876 5038 si
2900 4987 3198 5038 imperator
3216 4987 3323 5038 vim
3347 4987 3552 5038 inferre
3572 4993 3766 5038 Αρειρὶη

2191 4986 2506 5056 incendium
2529 4986 2810 5051 minitans,
2833 4987 2876 5040 si
2900 4987 3198 5056 imperator
3216 4987 3323 5039 vim
3347 4987 3552 5042 inferre
3570 4986 3766 5048 Acacio

2191 5065 2248 5112 et
2265 5055 2563 5111 Catholicis
2589 5066 2990 5126 perseveraret.
3009 5057 3126 5122 Qua
3148 5072 3205 5110 re
3232 5059 3456 5112 territus
3477 5060 3766 5118 Basiliscus

2193 5143 2260 5206 ex
2292 5127 2428 5206 urbe
2474 5125 2623 5196 regia
2657 5125 2868 5206 aufugit
2888 5145 2919 5206 _:_
2939 5128 3282 5206 el._Ecc_lcsiz_e
3309 5127 3766 5206 Constantinopo-

2189 5199 2373 5268 litanae
2393 5199 2518 5268 jura
2551 5213 2648 5252 sua
2673 5213 2736 5252 ac
2764 5197 3048 5268 privilegia
3080 5198 3308 5259 ademit,
3335 5208 3388 5253 ct
3419 5197 3765 5259 senatoribus

2165 5264 2477 5323 .interdikit
2509 5284 2579 5322 ne
2609 5264 2869 5323 Aeaci—mn
2918 5264 3353 5338 alloquerentnr.
3397 5273 3594 5327 Postea
3640 5291 3765 5329 vero

2188 5355 2314 5395 cum
2362 5340 2639 5394 Zenonem
2671 5355 2740 5394 ex
2781 5339 2991 5395 Isauria
3039 5339 3220 5394 redire
3265 5341 3572 5408 didicisset,
3620 5353 3762 5400 metu

2187 5411 2496 5480 perculsus,
2529 5426 2638 5464 una
2666 5425 2792 5464 cum
2835 5426 3007 5465 uxore
3049 5420 3104 5465 et
3141 5411 3333 5467 liberis
3371 5412 3426 5466 in
3471 5414 3761 5470 Ecclesiam

2186 5481 2340 5564 venit
2371 5496 2582 5564 {seque
2614 5480 2816 5564 Acacio
2839 5489 2896 5535 ct
2919 5481 3070 5564 clero
3094 5481 3250 5536 urbis
3285 5482 3462 5564 regiae.
3477 5500 3760 5552 excusans,

2187 5550 2447 5608 Ecclesia:
2483 5550 2908 5627 Constantinop.
2938 5554 3060 5626 jura
3101 5567 3201 5607 sua
3246 5550 3514 5625 restituit,
3554 5567 3611 5614 et
3642 5550 3760 5613 ant!-

1945 5665 2036 5721 VA
2045 5664 2257 5724 RIORU
2268 5666 2336 5724 M.

1767 5705 1770 5712 ι
1945 5667 2208 5721 VARIOR
2268 5667 2336 5724 Μ.

564 5765 644 5837 (a)
702 5764 946 5838 Πέτρος.
976 5764 1055 5824 De
1100 5765 1264 5822 Petro
1301 5763 1531 5822 Fullone
1575 5763 1687 5820 vid.
1731 5762 1942 5818 Thcod.
1999 5667 2337 5820 lcctor.llib.
2374 5779 2412 5830 t,
2453 5762 2598 5818 circa
2629 5754 2777 5818 meti.
