3960 6502
489 409 625 476 2ῦ11

1710 417 2025 477 EVAGRII
2065 382 2554 478 SCHOLASTICI

3632 422 3772 486 9.512

490 522 804 595 encyclicas
833 522 952 579 sive
982 521 1118 578 alias
1144 522 1428 598 epistolas,
1453 524 1570 579 sive
1594 524 1743 579 aliud
1769 525 2078 595 quodlibet.

2192 525 2369 596 ἕτερα,
2401 525 2435 596 ἢ
2465 526 2520 578 εῐ
2540 542 2592 578 τι
2621 524 2890 595 δηποτοῦν
2918 524 3157 590 πίστεως
3186 526 3396 591 ἕνεκεν,
3429 529 3462 599 ἦ
3495 535 3773 587 καταστά-

493 617 651 672 irrita
680 625 736 672 et
768 632 921 672 cassa
951 632 1073 672 esse
1105 618 1495 687 prtecipimus;
1531 617 1792 673 Nestorio
1829 618 1992 673 simul
2026 626 2113 695 et_

490 710 764 781 Eutyche,
800 717 857 764 et
881 710 1099 764 cunctis
1133 710 1255 765 aliis
1288 711 1615 777 haeresibus,
1651 728 1754 767 nec
1792 728 1903 765 non
1933 721 1989 767 et
2017 712 2084 767 iis

490 803 587 871 qui
613 802 761 858 idem
795 818 922 859 cum
949 803 1059 858 illis
1087 805 1357 869 sentiunt,
1382 805 1732 860 anathemate
1785 806 2079 860 damnatis.

489 894 570 950 Ac
616 893 685 948 de
739 894 845 950 hoc
912 904 1238 970 argumento
1293 912 1399 950 nec
1452 897 1721 967 synodum
1785 896 1925 960 ﬁeri,
1982 912 2085 951 nec

492 984 732 1057 amplius
759 986 1119 1056 qumstionem
1147 987 1312 1041 ullam
1343 987 1552 1041 moveri
1580 987 1857 1052 volumus,
1889 988 1985 1042 sed
2020 1003 2083 1042 ea

493 1078 654 1135 ﬁrma
678 1086 845 1148 atque
872 1078 1202 1133 inconcussa
1236 1094 1544 1136 remanere.
1582 1080 1906 1136 Provincias
1943 1096 2083 1151 quo-

494 1185 603 1239 que
642 1185 878 1239 quarum
918 1170 1322 1227 ordinationem
1377 1172 1536 1227 sedes
1594 1172 1761 1243 hujus
1817 1173 1981 1244 regia
2028 1182 2086 1228 et

495 1261 750 1333 gloriosae
804 1262 961 1318 urbis
988 1262 1281 1330 habuerat,
1320 1265 1785 1339 reverendissimo
1839 1281 1903 1320 ac
1959 1281 2086 1320 san-

495 1355 746 1410 ctissimo
767 1356 1099 1426 patriarchae
1127 1366 1185 1412 et
1211 1358 1629 1428 archiepiscopo
1651 1358 1851 1414 Acacio
1866 1358 2084 1414 restitui

492 1448 754 1519 jubemus
799 1465 812 1502 :
855 1450 1211 1505 manentibus
1241 1451 1457 1506 scilicet
1489 1451 1544 1505 in
1568 1451 1686 1507 suis
1720 1452 1967 1515 sedibus,
1996 1453 2086 1507 his

497 1540 595 1610 qui
624 1556 773 1596 nunc
801 1550 932 1597 sunt
960 1542 1057 1596 Dei
1090 1542 1484 1597 amantissimis
1533 1544 1809 1613 episcopis
1841 1561 1854 1598 :
1902 1544 1977 1598 ita
2027 1554 2087 1599 ut

498 1639 624 1703 post
659 1632 878 1688 illorum
911 1632 1148 1700 obitum,
1180 1633 1393 1688 nullum
1425 1649 1491 1688 ex
1518 1649 1582 1690 ea
1609 1651 1666 1690 re
1700 1636 2084 1708 praejudicium

501 1726 594 1781 liat
631 1728 743 1798 juri
801 1728 1167 1784 ordinationis
1221 1730 1370 1801 quod
1425 1730 1691 1800 competit
1745 1731 1863 1786 sedi
1921 1729 2085 1801 regia:

500 1817 668 1891 hujus
700 1827 867 1890 atque
920 1821 1139 1892 inclytae
1197 1823 1458 1879 civitatis.
1510 1823 1624 1878 Hoc
1676 1832 1857 1878 autem
1902 1822 2084 1879 divale

2189 635 2328 682 σεως
2371 618 2857 689 ἐκκλησιαστικῆς,
2909 621 3102 689 ἀργεῖν
3133 621 3231 673 καὶ
3257 621 3580 676 πεπαῦσθαι
3610 640 3777 694 προσ-

2186 710 2453 781 τάττομεν
2480 726 2494 741 °
2541 708 3097 780 ἁναϐεματιξομένων
3131 711 3431 782 Νεστορίου
3464 715 3565 766 καὶ
3607 715 3779 770 Εὐτυ-

2186 803 2335 873 χοῦς,
2360 802 2459 856 καὶ
2500 802 2685 872 πάσης
2724 803 2923 877 ἐτέρας
2965 801 3253 874 αἱρέσεως,
3300 806 3397 858 καὶ
3424 806 3651 860 πάντων
3679 808 3779 860 τῶν

2186 896 2255 949 τὰ
2289 895 2433 949 αὐτὰ
2481 894 2828 966 φρονούντων
2853 912 2867 925 ·
2914 896 3010 948 καὶ
3065 898 3196 967 περὶ
3225 896 3430 967 ταύτης
3460 900 3564 969 τῆς
3596 899 3778 954 ύποθέο

2194 1005 2358 1053 σεως,
2398 986 2475 1057 μὴ
2510 986 2731 1041 σύνοδον
2776 986 3027 1055 γίνεσθαι
3057 986 3089 1057 ἢ
3121 988 3315 1060 ἑτέραν
3354 989 3609 1059 ζήτησιν·
3649 991 3779 1045 ἀλλὰ

2189 1077 2364 1131 ταῦτα
2399 1077 2585 1148 μένειν
2616 1077 2838 1162 ἀρραγῆ
2877 1079 2973 1132 καὶ
2999 1078 3299 1134 ἀσάλευτα.
3336 1081 3699 1153 Ἀποδοθῆναι
3723 1083 3778 1138 δὲ

2188 1168 2400 1233 καὶτὰς
2425 1169 2700 1240 ἐπαρχίας
2717 1168 2830 1239 (75)
2849 1169 2927 1241 τῷ
2958 1170 3341 1243 εὐλαϐεστάτῳ
3361 1173 3459 1226 καὶ
3486 1174 3779 1247 ἁγιωτάτῳ

2188 1262 2506 1334 πατριάρχῃ
2544 1262 2640 1316 καὶ
2668 1261 3087 1334 ἀρχιεπισκὸπῳ
3117 1264 3395 1335 -Ἂκακίῳ,
3426 1257 3503 1317 ὧν
3534 1265 3638 1335 τὴν
3672 1283 3778 1336 χει-

2192 1355 2437 1423 ροτονίαν
2476 1349 2628 1423 εἶχεν
2674 1353 2703 1406 ὁ
2752 1352 2943 1424 θρόνος
2982 1352 3194 1423 ταύτης
3238 1355 3339 1425 τῆς
3372 1354 3650 1425 βασιλίδος
3692 1359 3778 1408 καὶ

2188 1426 2405 1509 ἐνδόξου
2440 1444 2667 1526 πόλεως·
2698 1442 2902 1514 δηλαδὴ
2940 1442 3049 1497 τῶν
3093 1443 3189 1497 νῦν
3232 1443 3403 1497 ὄντων
3430 1443 3778 1512 θεοφιλεστά-

2185 1554 2295 1591 των
2348 1536 2668 1591 ἐπισκόπων
2702 1535 2975 1606 μενόντων
3017 1534 3113 1588 ἐπὶ
3145 1534 3255 1591 τῶν
3289 1535 3511 1589 οἰκείων
3556 1535 3774 1603 θρόνων,

2191 1628 2417 1699 μηδενὸς
2447 1630 2511 1681 ὲκ
2544 1626 2738 1681 τούτου
2774 1626 3160 1698 προκρίματος
3182 1625 3475 1695 γινομένου
3516 1626 3660 1697 μετὰ
3686 1627 3777 1697 τὴν

2186 1720 2395 1774 τούτων
2445 1718 2706 1791 τελευτὴν
2752 1718 2833 1791 τῷ
2888 1717 3084 1788 δικαίῳ
3139 1720 3238 1789 τῆς
3305 1719 3649 1789 χειροτονίας
3687 1719 3775 1771 τοῦ

2188 1813 2422 1883 εύαγοῦς
2445 1813 2637 1885 θρόνου
2668 1812 2876 1882 ταύτης
2898 1811 3000 1881 τῆς
3030 1811 3303 1882 βασιλίδος
3326 1812 3422 1866 καὶ
3454 1811 3669 1876 ἐνδόξου
3691 1811 3778 1863 πό-

499 1923 834 1986 praeceptum
894 1926 1182 1983 nostrum,
1243 1919 1356 1974 vim
1412 1918 1827 1974 constitutionis
1880 1918 2087 1973 habere

2192 1907 2350 1970 λεως.
2398 1903 2575 1959 Τοῦτο
2622 1904 2681 1958 δὲ
2724 1904 2786 1956 τὸ
2832 1904 2976 1958 θεῖον
3014 1903 3176 1987 ἡμῶν
3226 1903 3511 1973 θέσπισμα
3554 1903 3774 1973 δύναμιν

501 2005 713 2060 nemini
745 2006 977 2062 dubium
1008 2017 1113 2065 est.
1149 2009 1328 2080 Atque
1363 2009 1482 2065 haec
1507 2009 1728 2079 quidem
1762 2018 1914 2081 gesta
1961 2018 2089 2064 sunt

2193 1999 2414 2070 ἐπέχειν
2448 1996 2603 2061 θείας
2646 1996 2987 2062 διατάξεως,
3056 1996 3233 2050 οὐδενὶ
3292 1996 3603 2068 ἀμφίϐολον
3653 1995 3776 2051 καί)⁸

502 2098 558 2161 in
586 2099 734 2157 hunc
760 2099 1006 2163 modum.

1128 2326 1280 2383 CAP.
1322 2329 1459 2385 VIII.

998 2463 1078 2520 De
1116 2465 1288 2521 reditu
1339 2465 1587 2523 Zenonis.

576 2600 645 2657 At
666 2600 836 2665 Zeno,
867 2616 994 2657 cum
1026 2611 1274 2659 sanctam
1324 2620 1389 2659 ac
1433 2604 1625 2660 multis
1683 2604 2085 2662 certaminibus

503 2695 778 2750 illustrem
801 2698 1264 2767 protoma‘rtyrem
1294 2696 1554 2753 Theclam
1590 2698 1821 2754 vidisset
1852 2700 1910 2754 in
1941 2710 2081 2756 som-

504 2787 614 2853 nis,
649 2796 713 2842 ut
744 2786 1265 2861 perhibent,ipsum
1299 2788 1644 2855 incitantem,
1680 2799 1739 2846 et
1769 2792 2086 2849 restitutio-

502 2895 628 2934 nem
654 2879 873 2949 imperii
906 2880 1010 2951 ipsi
1069 2881 1458 2950 pollicentem;
1518 2882 1838 2954 Byzantium
1894 2901 2089 2942 versus

502 2976 683 3026 castra
712 2970 904 3025 movit.
938 2970 1100 3043 342
1125 2969 1372 3041 Cumque
1392 2986 1489 3027 eos
1511 2986 1541 3025 a
1570 2971 1775 3043 quibus
1796 2973 2088 3031 obsideba-

504 3069 617 3127 tur,
669 3061 998 3117 muneribus
1040 3063 1400 3134 corrupisset,
1455 3062 1779 3119 Basiliscum
1830 3065 1922 3135 qui
1970 3065 2084 3138 jam

503 3151 732 3213 biennio
758 3161 1108 3222 regnaverat,
1150 3152 1386 3223 imperio
1432 3154 1678 3223 evpulit;
1708 3163 1764 3209 et
1795 3154 1861 3209 ad
1903 3169 2087 3210 sacra-

503 3246 651 3299 rium
721 3245 972 3300 ecclesiac
1043 3245 1479 3317 confugientem,
1531 3247 1787 3304 hostibus
1853 3248 2160 3333 dedidit.c

501 3337 873 3407 Quamobrem
891 3337 1042 3393 Zeno
1063 3338 1461 3414 amplissimum
1498 3340 1785 3410 templum,
1810 3341 2010 3411 opibus
2026 3358 2091 3398 ac

501 3438 794 3495 venustate
820 3429 1105 3501 eximium,
1142 3432 1534 3505 protomartyri
1576 3432 1792 3489 Thecla:
1837 3433 1893 3488 in
1952 3433 2092 3491 urbe

504 3521 730 3579 Isauria:
759 3521 1009 3582 Seleucia
1040 3523 1340 3590 dedicavit,
1361 3524 1662 3595 multisque
1704 3525 2091 3597 imperialibus
2124 3570 2133 3579 .

504 3613 751 3673 donariis
777 3614 911 3679 illud
933 3617 1240 3683 exornavit,
1264 3633 1385 3687 qua:
1407 3618 1474 3673 ad
1500 3629 1746 3676 nostram
1768 3635 1942 3692 usque
1958 3629 2090 3675 mta-

503 3716 616 3762 tczn
648 3707 762 3763 illic
791 3719 1105 3772 servantur.
1138 3710 1206 3765 Et
1232 3710 1528 3767 Basiliscus
1556 3712 1779 3783 quidem
1800 3713 1854 3767 in
1881 3712 2092 3785 Cappa-

504 3799 721 3855 dociam
762 3801 1036 3857 abductus
1062 3808 1167 3857 est.
1202 3801 1261 3856 In
1291 3804 1532 3859 statione
1560 3820 1693 3862 vero
1717 3822 1842 3878 qua:
1870 3808 2087 3863 Acusus

504 3894 734 3965 dicitur,
780 3913 895 3978 pna
922 3912 1047 3953 cum
1098 3881 1269 3953 uxore
1301 3908 1356 3954 et
1386 3899 1578 3955 liberis
1620 3911 1707 3957 est
1738 3901 2084 3961 interiectus.

504 3982 655 4049 Zeno
680 3996 863 4042 autem
881 3986 1001 4059 lege
1017 3988 1147 4056 lata,
1165 3998 1365 4045 cuncta
1389 4006 1511 4062 quae
1526 4007 1556 4046 a
1576 3991 1839 4053 Basilisco
1852 4000 2086 4065 tyranno

2194 2093 2418 2164 ἐστηκε.
2455 2091 2566 2146 Καὶ
2594 2089 2767 2147 ταῦτα
2793 2090 2893 2162 μὲν
2920 2085 3023 2145 ὧδε
3050 2089 3312 2161 προῆλθε.

2801 2324 3055 2377 ΚΕΦΛΛ.
3092 2322 3173 2377 H'.

2501 2460 2640 2516 Πεοί
2676 2460 2789 2543 τῇς
2817 2458 3121 2513 ἐπανόδου
3151 2458 3455 2527 Ζήνωνος.

2215 2649 2220 2652 .
2261 2603 2451 2673 Ζήνων
2495 2599 2553 2654 δέ
2595 2600 3068 2673 παροτρύνουσαν,
3126 2600 3199 2664 ὥς
3250 2616 3407 2667 φασι,
3443 2598 3768 2668 θεασάμενος

2189 2694 2288 2767 τὴν
2318 2695 2478 2764 ἁγίαν
2504 2694 2599 2748 καὶ
2616 2692 2915 2747 πολύαθλον
2936 2691 3381 2765 πρωτομάρτυρα
3407 2691 3621 2745 Θέκλαν
3641 2690 3767 2767 (7i),

2190 2788 2287 2843 καὶ
2319 2788 2420 2860 τὴν
2453 2787 2553 2857 τῆς
2600 2785 2880 2857 βασιλείας
2927 2786 3371 2840 ἀποκατάστασιν
3406 2784 3767 2854 ὑπισχνουμέ-

2189 2898 2309 2952 νην,
2361 2881 2457 2935 ἐπὶ
2506 2879 2569 2934 τὸ
2618 2879 2914 2944 Βυζάντιον
2950 2878 3258 2951 στρατεύει*
3312 2877 3511 2950 δώροις
3561 2895 3621 2931 τε
3652 2877 3766 2939 τοὺς

2190 2973 2620 3046 πολιορκοῦντας
2651 2972 2926 3037 ὑπελθὼν,
2972 2970 3070 3026 καὶ
3115 2970 3367 3042 δεύτερον
3398 2967 3522 3033 ἔτος
3555 2969 3655 3039 τῆς
3682 2969 3769 3038 ἁρ-

2189 3066 2290 3138 χῆς
2314 3065 2669 3137 κρατήσαντα
2700 3065 2795 3119 τὸν
2816 3064 3144 3119 Βασιλίσκον
3179 3062 3484 3129 ἐξωθεῖταιο
3512 3062 3691 3131 ἁγίοις
3712 3078 3765 3114 τε

2188 3156 2652 3227 προσπελάσαντα
2688 3159 2897 3228 σηκοῖς,
2943 3158 3057 3221 τοῖς
3099 3155 3313 3226 ἐχθροῖς
3342 3154 3646 3209 ἐκδίδωσιν.
3673 3150 3769 3205 Οὖ-

2190 3269 2300 3315 τως
2327 3254 2356 3304 ὁ
2390 3230 2577 3321 Ζήνων
2614 3248 2868 3321 μέγιστον
2892 3248 3141 3320 τέμενος,
3176 3248 3336 3318 ἐξοχῇ
3367 3264 3427 3300 τε
3462 3248 3560 3301 καὶ
3593 3244 3766 3300 κάλλει

2196 3341 2464 3415 προῦχον,
2510 3340 2834 3396 ἀνατέθεικε
2886 3344 2952 3412 τῇ
3004 3339 3651 3412 πρωτομάρτυριθέκλῃ
3674 3334 3767 3391 ἀνὰ

2194 3436 2293 3506 τὴν
2314 3434 2624 3489 Σελευκέων
2656 3433 2752 3503 τὴν
2783 3434 2919 3504 πρὸς
2950 3435 3016 3505 τῇ
3057 3433 3287 3504 ἰσαύρῳ
3308 3434 3463 3503 χώρᾳ
3488 3431 3763 3501 κειμένην,

2194 3529 2481 3593 πλείστοις
2524 3528 2621 3582 καὶ
2673 3526 2977 3598 βασιλικοῖς
3018 3527 3335 3600 ἀναθήμασι
3377 3527 3763 3599 διακοσμήσας,

2195 3623 2309 3685 τοῖς
2364 3620 2460 3674 καὶ
2518 3618 2714 3692 μέχρις
2745 3618 2904 3690 ήμῶν
2959 3614 3312 3691 σωζομένοις.
3344 3619 3632 3690 Πέμπεται
3677 3616 3764 3687 μὲν
3866 3650 3873 3661 ς

2194 3715 2289 3770 οὖν
2314 3714 2419 3771 ἀνὰ
2446 3714 2548 3785 τὴν
2576 3711 2965 3770 Καππαδοκῶν
2990 3710 3385 3783 τεθνηξόμενος
3407 3712 3595 3782 χώραν
3623 3712 3650 3763 ό
3671 3708 3762 3762 Βα-

2193 3807 2435 3870 σιλίσκος
2453 3824 2466 3838 ·
2487 3808 2545 3859 ἐν
2574 3805 2822 3875 Ἀκουσῷ
2841 3803 2955 3875 (75)
2977 3804 3034 3857 δὲ
3061 3803 3137 3875 τῷ
3162 3803 3387 3876 σταθμῷ
3409 3804 3529 3874 ἅμα
3558 3801 3763 3873 γυναικὶ

2190 3902 2286 3955 καὶ
2308 3901 2519 3963 τέκνοις
2536 3898 2946 3968 ἀποσφάττεται
2963 3897 3101 3968 (76).
3118 3897 3228 3951 Καὶ
3251 3896 3455 3969 νόμονό
3480 3896 3664 3965 Ζήνων
3688 3890 3761 3945 τί·

2190 3996 2344 4065 θησιν
2358 3993 2687 4065 ἀναιροῦντα
2702 3994 2769 4046 τὰ
2786 3992 2880 4045 ἐπὶ
2898 3992 3008 4055 τοῖς
3025 3988 3371 4061 Ἐγκυκλίοις
3388 3985 3761 4056 συντεθειμένα

1710 4168 1979 4231 VALESll
2004 4139 2559 4231 ANNOTATIONES.

581 4333 695 4406 (73)
763 4330 1164 4406 ‘Aqroaoaﬁrat
1212 4332 1281 4406 de
1312 4333 1412 4387 καί
1444 4333 1914 4406 ςὰςηέπᾳρχζαςς
1952 4332 2089 4406 cum

505 4402 608 4476 per
640 4402 952 4476 encyclicas
994 4404 1207 4476 litteras
1262 4403 1397 4476 imp.
1448 4403 1721 4476 Basilisci,
1783 4402 2090 4476 Chalcedo-

509 4470 701 4530 nensis
726 4470 970 4545 syriodus
994 4473 1220 4543 penitus
1254 4470 1517 4545 abrogata
1549 4473 1766 4537 fuisset,
1799 4474 2089 4545 privilegia

2201 4324 2389 4387 multis
2445 4331 2583 4387 locis
2628 4331 3045 4405 praedicaverit;
3110 4334 3580 4405 protomartyrem
3612 4347 3757 4405 vero,

2198 4412 2495 4474 propterea
2522 4402 2693 4472 quod,
2728 4410 2787 4456 ut
2817 4402 3135 4474 Stephanus
3176 4404 3323 4474 inter
3349 4402 3499 4460 viros
3538 4404 3755 4474 primus,

2199 4473 2282 4554 sic
2315 4475 2431 4554 ipsa
2457 4473 2604 4527 inter
2644 4474 2909 4554 mulieres
2925 4473 3127 4554 prima,
3161 4473 3370 4554 _Chri_sti
3414 4473 3652 4554 _ma_rty_r__
3674 4488 3758 4528 ex-

507 4543 1160 4638 Constanr'tinopolitana‘el
1207 4544 1358 4600 sedis
1401 4543 1542 4614 'qure
1576 4546 1654 4638 Ain
1702 4543 1815 4599 illo
1852 4543 2091 4625 concilio
2127 4579 2169 4638 ο
2199 4543 2428 4638 stiterit,
2464 4552 2525 4597 ut
2553 4550 2791 4638 testatu'r
2815 4543 3459 4638 Basiliuilseleunirensis
3510 4543 3692 4599 in‘lib.
3720 4559 3752 4606 ι,

509 4616 722 4672 sancita
748 4618 989 4679 fuerant,
1041 4614 1257 4670 sublata
1302 4629 1403 4685 pcr
1445 4617 1696 4671 eamdem
1748 4615 2089 4671 sanctionem

509 4686 870 4744 videbantur.
935 4684 1053 4751 Qua
1108 4702 1168 4742 re
1216 4685 1496 4754 praecipue
1553 4686 1827 4755 impulsus
1859 4687 2095 4742 Aeacius

509 4757 661 4814 omni
687 4773 792 4827 cpe
818 4755 1128 4815 elaboravit
1174 4764 1238 4813 ut
1277 4755 1574 4811 Basiliscus
1606 4756 1908 4827 imperator
1956 4771 2094 4811 con-

510 4826 859 4883 stitutionem
888 4841 1045 4880 suam
1071 4833 1381 4896 revocaret.
1416 4827 1690 4883 Prwtcrea
1731 4828 1785 4881 in
1815 4826 2093 4896 Ephesina

512 4898 722 4969 synodo
738 4899 827 4969 ius
857 4896 1289 4969 patriarchicum
1316 4895 1612 4969 Ephesinae
1629 4897 1757 4969 sedi
1777 4895 2093 4969 restitutum

511 4966 693 5022 fuerat
718 4966 1057 5038 a'l‘imolheo
1081 4966 1294 5031 [Eluro,
1321 4967 1397 5038 uti
1412 4968 1849 5038 supravidimus.
1875 4968 1996 5034 Quo
2017 4968 2094 5022 fa-

513 5047 604 5093 cto
619 5037 817 5091 Asiana
835 5037 1283 5107 dimcesis,cujus
1296 5036 1676 5094 ordinationes
1690 5040 1915 5094 decreto
1931 5038 2095 5094 Chal:

512 5107 1059 5181 Cedonensis‘synodi
1100 5108 1623 5181 attributzefuerant
1662 5110 1923 5181 episcopo
1949 5108 2089 5181 Con-

514 5178 1036 5251 stantinopolitano,
1070 5178 1251 5251 eidem
1286 5178 1401 5251 sedi
1428 5178 1715 5251 adempta'
1747 5180 2092 5251 fueratalta-

512 5264 624 5315 que
656 5264 796 5321 opus
836 5248 941 5321 l‘uit
980 5264 1123 5317 nova
1156 5248 1732 5321 ConstitutioneJqua
1781 5250 1917 5321 sedi
1950 5250 2094 5305 Con-

515 5320 1027 5403 stantinopolitanae
1047 5321 1176 5392 jura
1215 5336 1313 5375 sua
1332 5336 1416 5403 3c
1440 5320 1731 5403 privilegia
1789 5320 2091 5403 redderen-

516 5401 626 5444 tur.
657 5388 725 5462 ΙιιΔ
748 5388 880 5462 ergo
900 5388 1298 5462 nunc'praestat
1330 5388 1629 5447 Basiliscus
1647 5388 1778 5462 imp.
1800 5392 1946 5447 datis
1972 5402 2091 5446 ant-

515 5460 1255 5531 encyclicis’litteris.Idem
1300 5478 1522 5531 quoque
1556 5460 1792 5519 testatur
1833 5463 2090 5517 Theodo-

518 5547 614 5586 rus
644 5531 844 5586 Lector
872 5532 926 5585 in
952 5532 1051 5586 lib.
1075 5549 1092 5587 1
1116 5532 1592 5598 Collectaneorum,
1628 5534 1731 5588 sub
1763 5534 1945 5587 ﬁnem.

589 5601 700 5674 (74)
735 5602 1203 5672 Πρωτομάρτυρα
1229 5602 1483 5657 Θέκλαν.
1508 5605 1681 5658 Graeci
1712 5603 1806 5674 qui
1832 5604 2092 5671 epithetis

518 5673 788 5744 gaudent,
816 5674 1058 5744 propriis
1083 5689 1147 5728 ac
1171 5674 1550 5744 peculiaribus
1611 5673 1788 5730 titulis
1845 5675 2091 5743 singulos

521 5753 742 5797 sanctos
778 5742 1044 5814 insignire
1081 5742 1280 5800 solent.
1314 5744 1407 5799 Sic
1457 5744 1718 5799 Thcclam
1780 5742 2089 5815 apostOluui

519 5823 576 5868 et
605 5884 612 5887 _
640 5824 1102 5887 protomartyrem
1154 5817 1355 5887 ivulgo
1414 5816 1709 5887 appellant.
1764 5815 2086 5885 Apostolum

521 5883 768 5959 quidem,
824 5902 891 5941 eo
930 5883 1077 5956 quod
1138 5883 1313 5942 fide-ui
1366 5883 1570 5943 Christi
1625 5883 2089 5957 instariaqiosloli

2199 4613 2275 4667 De
2308 4614 2417 4667 vita
2451 4623 2500 4667 et
2530 4613 2805 4668 miraculis
2837 4614 3005 4668 beata:
3037 4615 3253 4669 Theclw.
3289 4616 3445 4671 Dicta
3476 4625 3563 4673 est
3585 4625 3752 4669 autem

2199 4683 2403 4745 Thecla
2458 4700 2558 4753 per
2590 4700 2870 4755 syncopen
2910 4700 3011 4753 pro
3042 4685 3323 4742 Theoclia.
3365 4686 3443 4742 ita
3477 4686 3621 4742 enim
3656 4700 3753 4739 non

2200 4770 2325 4811 raro
2363 4770 2484 4809 eam
2517 4754 2756 4824 appellat
2785 4754 2929 4809 idem
2958 4754 3208 4812 Basilius.
3476 4785 3479 4787 >

2272 4825 2545 4898 (Ἰὼ-Ἐν
2595 4824 3026 4898 Ἀκουσῷη-ξὶο
3065 4829 3255 4898 etiam
3284 4826 3553 4898 scribitur
3605 4825 3751 4894 hujus

2196 4895 2454 4953 stationis
2477 4911 2678 4950 nomen
2707 4895 2852 4966 apud
2889 4895 3283 4966 Nicephorum.
3314 4896 3598 4953 Cedrenus
3638 4910 3752 4948 vero

2200 4982 2265 5021 ac
2315 4966 2682 5035 Theophanes
2729 4966 3007 5020 Cueusum
3058 4968 3366 5022 nominant.
3420 4966 3748 5022 Marcellinus

2195 5053 2330 5091 vero
2353 5047 2408 5091 et
2425 5034 2619 5091 auctor
2642 5034 2886 5091 Chronici
2907 5036 3265 5093 Alexandrini
3286 5038 3509 5092 Limnas
3528 5047 3747 5092 castrum

2195 5106 2554 5177 Cappadocia:
2596 5107 2897 5188 appellant,
2926 5123 3038 5188 quo
3097 5118 3284 5188 trusus
3341 5118 3426 5162 cst
3475 5108 3748 5188 Basiliscus

2200 5194 2307 5231 uua
2329 5194 2452 5231 cum
2496 5193 2676 5248 uxore
2698 5185 2755 5231 et
2795 5177 2988 5232 liberis
3027 5196 3039 5231 :
3078 5187 3349 5248 portaque
3404 5178 3567 5232 unius
3597 5177 3747 5229 turris

2196 5264 2302 5316 qua
2358 5247 2608 5302 inclusus
2657 5246 2859 5315 fuerat,
2913 5246 3224 5314 obstructa,
3260 5246 3419 5304 'fame
3469 5248 3665 5303 ibidem
3691 5257 3746 5298 ac

2195 5320 2399 5393 frigore
2437 5318 2668 5393 interiit.
2717 5388 2728 5393 _
3023 5389 3050 5393 Δ
3216 5390 3255 5393 _
3330 5372 3341 5383 ,
3396 5389 3407 5393 _
3710 5382 3720 5393 ﬁ
3784 5346 3793 5383 ε

2267 5388 2379 5458 (76)
2464 5388 2949 5460 Ἀποσράττεται.
3011 5389 3150 5445 Cum
3215 5389 3448 5460 Evagrio
3496 5388 3744 5460 consentit

2195 5456 2690 5534 Malchusinlibit
2730 5459 2996 5534 ﬂistoriw
3046 5456 3382 5534 Byzantini,
3404 5469 3459 5514 et
3491 5456 3745 5534 Candidus

2196 5530 2418 5585 lsaurus
2452 5531 2505 5583 in
2529 5530 2625 5584 lib.
2652 5547 2688 5586 ll
2721 5525 3223 5601 Ilistoriarum,qui
3251 5532 3568 5586 Basiliscum
3585 5525 3741 5601 gladio

2195 5612 2543 5673 peremptum
2577 5603 2698 5655 esse
2731 5603 3003 5657 scribunt.
3046 5598 3265 5673 Reliqui
3325 5612 3506 5673 tamen
3544 5598 3740 5653 tradunt

2192 5688 2319 5725 eum
2352 5689 2458 5726 una
2495 5687 2624 5742 cum
2652 5688 2824 5727 uxore
2859 5674 3123 5729 etliberis
3141 5674 3283 5728 fame
3307 5689 3370 5727 ac
3402 5672 3598 5742 frigore
3624 5682 3741 5721 con-

2197 5743 2462 5818 tabuisse.
2494 5740 2645 5818 lianc
2676 5740 3556 5818 scriptorum_discrepantiamin
3588 5743 3737 5818 morte

2193 5813 2443 5938 Basiliistg
2474 5812 2801 5879 referenda,
2825 5825 2978 5871 notat
3008 5812 3375 5887 Theophanes
3409 5814 3465 5868 in
3492 5812 3738 5869 Chronico,

2194 5901 2312 5938 nae.
2450 5926 2462 5938 .

2192 5901 2312 5956 pag.
2347 5901 2462 5939 lUl.
