4048 6538
230 393 350 460 261³1

802 508 1056 564 ΚΕΦᾹΛ.
1094 510 1194 565 ΙΒ’.

227 605 351 674 Περὶ
385 601 667 674 Ἰωάννου
711 601 822 674 τοῦ
861 603 1014 670 μετὰ
1061 606 1340 672 Τιμόθεον
1368 605 1481 674 τῆς
1515 608 1792 673 Ἀλεξαν-

213 711 224 719 .
287 673 458 747 ἐρέων
489 673 634 747 τοὺς
663 673 877 747 οἴακας
903 676 1343 747 κατασχόντος,
1378 673 1539 745 ὅπως
1570 697 1632 732 τε
1661 680 1794 732 τοῦ·

285 744 380 803 τον
407 748 440 799 ὁ
464 745 677 812 Ζήνων
707 744 1273 814 ὠςίὲπιορκήσιιντα
1300 744 1655 814 ἀπελαύνει,
1683 749 1792 802 Πέ-

286 837 390 889 τρῳ
411 816 478 870 δὲ
509 814 591 881 τῷ
612 813 830 885 Μογγῷ
858 813 972 882 τὴν
988 816 1436 887 Ἀλεξανδρέων
1463 819 1790 890 ἐγχειρίζει.

285 930 371 984 Ἐκ
396 928 589 1000 βουλῆς
614 928 672 982 δὲ
699 921 859 981 ἐνίων
878 926 1016 1000 (82),
1034 929 1292 1001 Ἰωάννης
1314 931 1390 1002 (Ιι)
1418 911 1794 1002 πρεσϐύτερος

221 1023 505 1093 οἰκονομεῖν
542 1021 880 1090 τεταγμένος
909 1022 1001 1075 τὸν
1032 1022 1330 1092 σεϐάσμιον
1356 1023 1492 1077 νεὼν
1517 1025 1612 1078 τοῦ
1635 1025 1790 1094 ἁγίου

223 1115 518 1187 Προδρὸμου
574 1115 670 1168 καὶ
714 1114 1028 1168 Βαπτιστοῦ
1070 1115 1322 1170 Ἰωάννου
1358 1119 1518 1188 (83),
1557 1118 1657 1189 τὴν
1692 1118 1790 1190 βα-

221 1197 395 1272 σιλέωξ
426 1208 870 1276 καταλαμϐάνει,
909 1208 1269 1282 πρεσϐεύσων
1301 1211 1373 1263 ’ἵν’
1409 1213 1456 1264 εἰ
1490 1212 1672 1282 συμϐῇ
1702 1212 1792 1265 τὸν

218 1296 496 1350 ἐπίσκοπον
535 1294 595 1361 ἐξ
629 1295 938 1367 ἀνθρώπων
979 1297 1274 1363 ἀπελθεῖν,
1331 1295 1512 1372 ὲξδνῇ
1548 1303 1661 1365 τοῖς
1692 1301 1792 1373 τὴν

217 1387 555 1458 Ἀλεξάνδρου
618 1389 834 1443 οἰκοῦσι
881 1389 1013 1462 (84)
1077 1391 1483 1462 προϐάλλεσθαι
1529 1393 1791 1466 πρόεδρον

213 1481 269 1536 ὃν
300 1481 359 1535 ἂν
387 1480 643 1535 ἐθέλοιεν.
675 1484 772 1545 Ὃς
806 1483 984 1554 ἑαυτῷ
1015 1483 1302 1555 μνώμενος
1329 1485 1430 1556 τὴν
1460 1487 1788 1558 ἐπισκοπὴν,

211 1575 282 1638 ὡς
319 1575 594 1646 Ζαχαρίας
643 1577 848 1646 φησιν,
903 1576 1164 1649 ἐφωράθη
1217 1579 1324 1632 ὑπὸ
1370 1578 1464 1633 τοῦ
1498 1580 1786 1651 βασιλέως.

214 1670 312 1723 Καὶ
341 1671 535 1740 ὅρκους
565 1669 820 1740 ὑποσχὼν
858 1671 935 1742 μή
975 1658 1105 1724 nera
1143 1672 1236 1726 τὸν
1264 1673 1364 1742 τῆς
1391 1673 1791 1745 ’Δλεξανδρέων

211 1762 550 1833 ὲπιζητήσειν
596 1764 812 1835 θρόνον,
870 1763 974 1818 ἀνὰ
1021 1765 1118 1836 τὴν
1166 1765 1348 1819 οἰκίαν
1386 1765 1784 1830 ὲπαναζεῦξαι.

1147 393 1532 458 HISTORI/E
1573 398 2172 465 ECCLESIASTIC/E
2213 405 2448 466 LIBER
2487 407 2603 470 III.

3354 411 3494 479 2618

2537 521 2688 578 CAP.
2729 521 2848 578 ΧΗ.

1897 607 1976 662 De
2000 609 2210 664 Joanne
2241 613 2331 734 qui
2361 612 2723 682 epi~copatum
2766 612 3111 668 Alexandria:
3145 623 3262 684 post
3322 614 3496 669 Timo-

1971 686 2238 734 theuman
2278 685 2503 734 ernanit.
2554 682 2826 734 Quomodo
2880 700 2996 734 eum
3032 684 3176 734 Zeno
3229 694 3492 734 tanmmm

1971 686 2146 756 theum
2171 682 2503 756 gubernavit.
2554 682 2840 756 Quomodo
2880 700 2996 736 eum
3031 682 3176 738 Zeno
3229 694 3492 756 tanquam

1968 754 2248 822 perjurum
2283 754 2465 824 ejecit,
2497 763 2545 807 et
2600 753 2760 807 Petro
2786 754 2976 824 Mongo
3018 757 3258 810 eamdem
3314 753 3489 811 sedem

1971 825 2220 877 restituit.

1967 939 2210 995 Joannes
2239 954 2372 994 vero
2397 937 2686 1010 presbyter
2708 947 2762 993 et
2793 953 3120 994 meonomus
3154 938 3492 995 venerabilis

1896 1031 2150 1086 Ecclesia:
2197 1033 2370 1087 sancti
2401 1034 2632 1089 Joannis
2661 1033 3028 1087 Prtecursoris
3086 1041 3144 1086 et
3205 1033 3488 1102 Baptistae,

1895 1123 2131 1179 consilio
2155 1125 2518 1193 quorumdam
2547 1123 3068 1189 Alexandrinorum,
3090 1124 3306 1194 legatus
3354 1125 3489 1178 mis-

1895 1231 1992 1270 sus
2014 1223 2100 1271 est
2134 1215 2696 1285 Constantinopolim,
2725 1215 3001 1284 petiturus
3034 1231 3062 1268 a
3119 1215 3390 1284 principe,
3431 1223 3491 1268 ut

1895 1305 1941 1360 si
1973 1304 2116 1360 forte
2138 1305 2434 1374 episcopus
2467 1305 2712 1374 ipsorum
2745 1318 2779 1373 e
2821 1305 2964 1358 vivis
3005 1304 3256 1368 abiisset,
3298 1306 3491 1360 liceret

1893 1396 2108 1452 civibus
2133 1395 2526 1451 Alexandrinis
2551 1412 2681 1451 eum
2707 1411 2871 1466 quem
2902 1396 3110 1451 vellent
3164 1397 3488 1467 episcopum

1893 1487 2119 1558 eligere.
2150 1474 2251 1543 llic
2275 1497 2481 1552 tamen,
2513 1487 2676 1542 sicuti
2699 1487 2998 1540 Zacharias
3037 1485 3252 1550 scribit,
3275 1488 3490 1556 episco-

1892 1587 2082 1651 patum
2115 1580 2340 1635 sibimet
2378 1580 2480 1650 ipsi
2512 1580 2726 1634 ambire
2776 1580 2846 1634 ab
2903 1579 3239 1649 imperatore
3287 1580 3487 1649 depre-

1895 1673 2104 1742 hensns
2132 1682 2237 1727 est.
2271 1671 2522 1742 Cumque
2555 1688 2613 1726 se
2659 1672 3024 1744 jurejurando
3073 1673 3484 1737 obstrinxisset,

1892 1778 2176 1833 nunquam
2231 1778 2288 1818 se
2346 1763 2778 1832 Alexandrinam
2842 1764 3030 1819 sedem
3098 1765 3484 1819 all‘ectalurnm

212 1855 315 1908 Καὶ
343 1854 589 1920 θεσπίζει
620 1872 683 1924 γε
717 1855 993 1928 βασιλεὺς,
1031 1857 1169 1928 μετὰ
1197 1859 1460 1930 τελευτὴν
1487 1858 1783 1928 Τιμοθέου,

1900 1871 2032 1920 esse,
2073 1855 2127 1909 in
2158 1854 2391 1925 patriam
2415 1871 2677 1910 reversus
2703 1866 2809 1911 est.
2860 1857 3167 1928 Imperator
3202 1874 3334 1911 vero
3369 1859 3486 1928 lege

211 1948 402 2000 ἐκεῖνον
445 1947 747 2002 ἐπίσκοπον
796 1947 1052 2015 γενέσθαι
1104 1950 1165 2003 ὃν
1195 1951 1262 2004 ἂν
1293 1952 1321 2004 ὁ
1352 1953 1552 2022 κλῆρος
1603 1953 1696 2006 καὶ
1723 1954 1785 2007 τὸ

212 2040 373 2096 κοινὸν
400 2040 752 2110 ψηφξσοιντο.
783 2043 896 2096 Οὐκ
925 2044 1006 2105 εὶς
1035 2043 1256 2114 μακρὰν
1278 2043 1334 2097 δὲ
1362 2045 1786 2116 τελευτήσαντος

210 2132 289 2187 τοῦ
304 2133 592 2204 Τιμοθέου,
610 2135 639 2186 ὁ
655 2134 913 2206 Ἰωάννης
928 2136 1003 2204 (Ιι)
1021 2137 1125 2208 χρή
1135 2154 1279 2208 ματα
1291 2137 1436 2205 δοὺς,
1457 2140 1534 2201 ὡς
1547 2137 1624 2208 τῷ
1636 2138 1785 2209 αὑτῴ

209 2223 443 2296 Ζαχαρία
469 2223 800 2295 γέγραπται,
827 2227 922 2280 καὶ
947 2227 1007 2289 ἐς
1050 2227 1119 2281 τὰ
1142 2227 1450 2298 ὼμοσμένα
1474 2227 1552 2300 τῷ
1577 2229 1788 2300 βασιλεῖ

208 2315 473 2388 ἀλογήσας
497 2317 634 2388 (85),
674 2317 732 2382 ἐς
765 2318 1066 2374 ἐπίσκοπον
1094 2319 1205 2374 τῶν
1227 2320 1626 2392 Ἀλεξανδρέων
1651 2339 1786 2393 προ-

1895 1949 2006 2004 lata
2033 1949 2237 2016 sanxit,
2272 1957 2334 2003 ut
2366 1959 2494 2019 post
2522 1959 2756 2004 mortem
2796 1950 3074 2004 Timothei
3101 1950 3147 2004 is
3173 1963 3321 2006 esset
3368 1951 3487 2020 epi-

1897 2051 2125 2111 scopus,
2155 2059 2320 2112 quem
2353 2043 2536 2098 clerus
2564 2054 2620 2098 et
2645 2044 2886 2114 populus
2922 2044 3200 2114 suffragiis
3229 2045 3342 2099 suis
3368 2046 3483 2099 ele-

1895 2137 2124 2205 gissent.
2151 2136 2305 2191 llaud
2336 2139 2512 2192 multo
2555 2146 2679 2207 post
2720 2147 2942 2203 mortuo
2985 2137 3302 2204 Timotheo,
3338 2139 3483 2192 idem

1893 2231 2136 2287 Joannes
2175 2230 2299 2285 data
2322 2233 2582 2300 pecunia,
2617 2241 2678 2284 ut
2708 2230 2777 2284 ab
2803 2230 2997 2285 eodem
3031 2229 3294 2285 Zacharia
3339 2231 3486 2284 rela-

1895 2331 2010 2377 tum
2036 2331 2142 2386 est,
2195 2331 2250 2376 et
2301 2322 2664 2394 jurejurando
2713 2337 2825 2392 quo
2865 2337 2923 2378 sc
2979 2325 3123 2392 apud
3176 2321 3482 2392 principem

1406 2435 1682 2493 VALESII
1722 2435 2282 2494 ANNOTATIONES.

276 2551 381 2621 (82)
414 2549 710 2625 ’Qxé’ottﬁc
736 2550 804 2625 δέ
835 2551 1036 2625 ἐνίων.
1068 2553 1356 2609 Assentior
1383 2553 1782 2625 Christophor-

211 2639 336 2680 sono
370 2630 427 2696 et
457 2621 684 2696 Savilio,
713 2622 811 2696 qui
833 2625 898 2676 ὲκ
929 2623 1124 2696 βουλῆς
1163 2625 1570 2696 emcndarunt:
1611 2621 1782 2696 quam

210 2693 644 2765 emendationem
676 2693 983 2765 confirmat-
1018 2693 1186 2749 etiam
1229 2695 1577 2765 Nieephorus
1601 2693 1657 2751 et
1688 2712 1784 2752 co-

212 2762 841 2837 dex_Teller._AC;eterum
901 2763 1196 2837 Liberatus
1219 2767 1276 2820 in
1327 2762 1626 2832 Breviario,
1660 2783 1783 2837 cap.

212 2836 294 2899 lt},
322 2835 480 2901 longe
501 2833 607 2893 alia
641 2834 709 2889 de
736 2850 899 2890 causa
925 2835 1194 2891 Joannem
1243 2852 1595 2892 oeconomum
1646 2833 1784 2892 mis-

213 2923 336 2978 sum
365 2903 709 2978 fuisse_d_icit
753 2904 1306 2978 Constantinopolim.
1339 2907 1457 2963 .Ait
1487 2910 1636 2964 enim
1692 2909 1787 2963 Ti-

213 2977 492 3050 motheum
530 2974 945 3050 Salol'aeiolum,
1005 2974 1136 3033 enni
1185 2980 1558 3050 episcopalem
1600 2979 1789 3034 sedem

213 3047 428 3102 decreto
458 3045 866 3119 lenonis‘Aug.
895 3045 1300 3119 recuperasset,
1356 3045 1572 3106 misisse
1623 3051 1788 3106 cleri-

212 3134 301 3173 cos
358 3117 629 3187 quosdam
679 3116 1244 3189 Constantinopolim,
1292 3121 1438 3176 inter
1477 3137 1617 3190 quos
1669 3129 1790 3176 erat

212 3190 444 3262 Joannes
471 3203 814 3262 meonomus,
851 3190 945 3259 qui
965 3192 1170 3262 gratias
1199 3201 1425 3262 agerent
1467 3191 1789 3261 imperatori

1888 2556 2118 2626 quentia
2146 2555 2392 2610 Liberati
2416 2554 2612 2620 verba,
2645 2569 2772 2626 qua:
2800 2555 2880 2610 sic
2912 2554 3150 2610 habent:
3190 2551 3294 2619 Qui
3306 2551 3485 2626 multa

1888 2623 1937 2680 et
1970 2628 2198 2696 pretiosa
2227 2629 2385 2680 xenia
2412 2627 2604 2696 direxit
2653 2625 2796 2679 "illo
2833 2627 3110 2695 magistro,
3140 2633 3251 2696 etc.
3289 2624 3371 2676 Au
3397 2623 3483 2677 di-

1886 2695 2125 2752 cendum
2147 2706 2231 2752 est
2244 2697 2535 2750 ecclesiam
2551 2695 2608 2750 S.
2629 2696 2864 2751 Joannis
2881 2696 3140 2765 Baptistae
3159 2695 3327 2748 fuisse
3342 2703 3486 2765 tunc

1899 2769 2195 2823 maximam
2262 2767 2553 2822 ecclesiam
2640 2759 3019 2822 Alexandria}?
3061 2764 3202 2820 Olim
3258 2764 3485 2834 quidem

1890 2840 2065 2908 major
2087 2837 2320 2893 ecclesia
2349 2837 2692 2908 Alexandriae
2717 2837 2965 2892 Caesarea
2995 2836 3383 2908 dicebatur,nt
3415 2834 3485 2908 ad

1892 2905 2175 2964 Socratem
2204 2907 2521 2962 observavi.
2550 2907 2696 2962 Fieri
2746 2919 2928 2962 tamen
2955 2917 3132 2977 potest
3155 2913 3215 2960 ut
3245 2905 3482 2977 ecclesia

1890 2981 2062 3034 sancti
2087 2979 2343 3043 Joannis,
2371 2994 2493 3046 qua:
2523 2987 2645 3047 post
2665 2976 3100 3034 destructionem
3120 2977 3344 3045 Serapei
3373 2976 3486 3029 illic

1892 3066 1922 3104 a
1958 3051 2272 3106 Theodosio
2299 3049 2566 3104 :editicata
2583 3056 2686 3109 est,
2709 3049 2882 3115 major
2919 3047 3155 3102 ecclesia
3181 3047 3482 3108 exstiterit,

1891 3122 2158 3176 translata
2216 3121 2347 3175 illuc
2376 3119 2677 3189 episcopali
2714 3121 2866 3173 sede.
2899 3120 2974 3173 De
3001 3120 3101 3172 hae
3120 3117 3485 3189 sancti_.l_oan—

1891 3192 1980 3246 nis
1998 3191 2260 3262 Baptista:
2285 3186 2520 3245 ecclesia
2537 3186 2934 3262 toqtt'tturRut”.
2969 3190 3023 3262 in
3052 3189 3195 3262 libro
3216 3205 3268 3241 ιιι
3303 3186 3484 3262 llis-to-

212 3262 277 3314 ob
302 3260 473 3329 ipsius
497 3257 932 3332 restitutionem.
970 3257 1143 3316 Simul
1177 3257 1360 3316 autem
1399 3257 1679 3332 petierunt
1717 3263 1786 3317 ab
1815 3271 1860 3332 ο
1892 3264 1987 3316 rite
2012 3257 2506 3329 ecclesiasticwcap
2527 3257 2785 3332 ΞᾚΝαιη
2814 3269 2862 3312 et
2886 3261 2941 3312 in
2972 3259 3190 3332 Serapis
3216 3257 3484 3327 sepulcro,

213 3331 560 3400 imperatore,
592 3331 724 3388 utsi
765 3331 898 3400 quid
940 3332 1233 3387 Timotheo
1281 3331 1604 3387 humanitus
1649 3349 1784 3387 con-

213 3403 440 3471 tigisset,
479 3415 589 3453 non
623 3401 963 3473 aliusquam
1000 3403 1312 3458 catholicus
1364 3404 1418 3456 in
1448 3405 1570 3473 ejus
1601 3405 1785 3457 locum

211 3474 605 3542 subrogaretur
666 3488 696 3525 a
748 3472 898 3543 clero
944 3482 1000 3527 et
1034 3475 1239 3543 populo
1295 3472 1691 3536 Alexandrino,
1729 3482 1790 3527 ut

212 3544 450 3599 habetur
477 3543 531 3596 in
573 3544 745 3612 gestis
775 3542 849 3614 de,
869 3542 1346 3599 nomine’Acacii.
1373 3542 1534 3609 Quod
1564 3545 1789 3614 quidem

213 3615 356 3670 Zeno
389 3614 661 3667 consultis
701 3613 1016 3668 Salot‘aeioli
1056 3615 1421 3684 respondens,
1455 3613 1663 3684 scripta
1720 3613 1787 3667 ad

212 3687 420 3742 clerum
447 3684 882 3738 Alexandrinum
923 3685 1157 3754 epistola
1214 3684 1332 3740 ﬁeri
1377 3686 1680 3743 mandavit.
1729 3693 1790 3738 ut

213 3765 447 3810 testatur
470 3754 642 3815 Felix,
673 3756 727 3808 in
771 3756 1009 3825 epistola
1062 3757 1236 3824 prima
1285 3756 1350 3810 ad
1407 3755 1794 3820 Aeacium;et

211 3826 459 3882 Gelasius
491 3827 545 3879 in
573 3825 739 3880 Gestis
780 3825 844 3879 de
886 3828 1101 3880 noane
1128 3828 1329 3881 Acacii.
1389 3827 1560 3880 Porro
1589 3827 1644 3880 in
1679 3841 1794 3880 ma-

211 3896 495 3966 nuscripto
515 3894 706 3950 codice
741 3897 1060 3952 Florentino
1092 3897 1157 3951 ad
1184 3897 1486 3968 marginem
1523 3898 1794 3968 leguntur

213 3968 324 4023 lucc
353 3968 521 4021 verba
546 3989 559 4019 ;
586 3968 723 4036 Περὶ
739 3967 991 4020 Ἰωάννου
1017 3968 1106 4020 τοῦ
1137 3967 1607 4036 Ταϐεννησιώτουᾷ
1627 3967 1793 4022 Certe

211 4039 450 4093 Joannes
504 4037 593 4092 hic
635 4037 1038 4100 Tabennesiota
1079 4039 1284 4093 dicitur
1326 4040 1489 4092 etiam
1530 4055 1560 4092 a
1615 4039 1796 4092 Theo-

214 4112 394 4178 phane
433 4109 485 4162 in
531 4108 810 4170 Chronico,
839 4125 906 4163 eo
945 4109 1093 4179 quod
1136 4110 1440 4164 monachus
1491 4109 1688 4163 fuisset
1736 4109 1793 4162 in

212 4179 468 4235 coenobio
503 4179 950 4250 Tabennensium
981 4179 1127 4249 apud
1155 4181 1462 4250 Canopum,
1499 4181 1592 4234 ubi
1627 4180 1792 4234 etiam

213 4251 536 4304 Timotheus
597 4249 960 4305 Salofaciolus
1007 4251 1139 4304 olim
1198 4249 1560 4305 monasticam
1623 4251 1793 4305 vitam

211 4337 271 4376 ac
298 4319 649 4391 disciplinam
673 4322 1015 4384 excoluerat,
1047 4333 1106 4376 ut
1132 4323 1326 4377 scribit
1360 4322 1754 4391 TheOphancs.

283 4407 399 4474 (85)
443 4406 798 4474 Οἱκονομεῖν
859 4407 1221 4475 τεταγμένος
1264 4407 1371 4460 τὸν
1405 4406 1558 4460 νεὼν
1594 4406 1794 4461 ’1ωὰνά

213 4495 346 4531 νου.
390 4478 578 4532 Victor
601 4477 953 4532 Tunonensis
991 4479 1043 4531 in
1072 4477 1351 4540 Chronico,
1387 4487 1442 4532 et
1500 4477 1795 4532 Liberatus

213 4549 262 4602 in
290 4548 588 4611 Breriario,
624 4549 890 4604 Joannem
920 4550 1067 4603 hunc
1094 4549 1421 4619 simpliciter
1443 4563 1793 4619 (economum

211 4621 518 4692 appellant.
542 4619 599 4674 In
635 4621 801 4676 Gesti's
841 4630 1025 4692 autem
1056 4619 1124 4692 de
1145 4618 1374 4692 nOmine
1403 4618 1610 4680 Acacii,
1639 4634 1792 4692 mco-
1829 4639 1870 4692 ο

211 4706 414 4744 nonius
437 4690 718 4746 Timothei
751 4691 1013 4746 catholici
1049 4690 1271 4745 dicitur.
1317 4690 1427 4743 Cur
1474 4704 1607 4759 ergo
1656 4689 1797 4742 Eva-

213 4761 367 4830 grius
395 4761 499 4816 hoc
533 4761 676 4825 loco,
721 4779 818 4817 seu
873 4763 1059 4832 potius
1083 4761 1377 4816 Zacharias
1408 4761 1494 4828 (ex
1554 4775 1622 4814 eo
1641 4760 1795 4832 enim

213 4829 524 4901 desumpsit
567 4829 1180 4903 Evagrius)_.loannem
1233 4844 1583 4903 (economum
1632 4829 1801 4903 fuisse

213 4903 350 4957 dicit
383 4904 633 4959 ecclesiae
663 4901 836 4958 sancti
881 4903 1149 4958 Joannis?
1197 4903 1385 4974 Neque
1435 4902 1583 4956 enim
1635 4901 1803 4974 hujus

215 4983 430 5027 tantum
454 4975 704 5030 ecclesia:
749 4984 867 5029 erat
894 4989 1245 5030 ωοιιιιοιιιιιεε
1292 4973 1387 5027 sed
1431 4978 1679 5027 omnium
1709 4987 1804 5026 ec-

215 5045 450 5116 Clesiaru
461 5063 511 5100 ιιι
532 5064 563 5116 q
574 5064 654 5101 me
681 5056 842 5100 erant
858 5047 963 5100 sub
983 5046 1245 5116 episcopo
1261 5044 1416 5099 urbis
1433 5043 1801 5116 Alexandrize,

159 5173 165 5178 _
217 5115 432 5188 reditus
453 5133 518 5171 ac
551 5113 821 5188 pecunias
864 5113 1309 5188 administrabat,
1352 5125 1414 5170 ut
1447 5115 1609 5188 docet
1635 5113 1800 5188 Libe-

218 5195 372 5258 ratus
424 5187 478 5241 in
537 5185 719 5258 capite
767 5188 981 5242 decimo
1027 5197 1180 5241 sexto
1229 5187 1316 5240 bis
1374 5185 1597 5258 verbis:
1626 5185 1798 5258 Porro

215 5255 448 5311 Joannes
476 5276 538 5312 ea:
567 5255 829 5313 ce'conomo
861 5261 1060 5313 anticus
1103 5258 1383 5327 factus_est
1428 5255 1574 5310 Hillo
1629 5257 1800 5323 magi-

216 5338 356 5393 stro;
383 5330 472 5400 qui
500 5348 618 5384 cum
649 5331 865 5401 reliquis
913 5330 1176 5385 descendit
1236 5328 1645 5383 Alexandriam.
1692 5327 1799 5381 Fa-

217 5406 433 5469 ctusqae
463 5411 539 5454 est
570 5403 763 5456 iterum
794 5418 1091 5457 azconomus
1114 5401 1310 5453 habens
1335 5416 1525 5454 causas
1557 5401 1795 5452 omnium

219 5469 956 5541 ecclesiarumﬁcribcndum
975 5481 1128 5540 puto.
1150 5473 1344 5525 habens
1367 5487 1530 5541 gazas
1561 5471 1797 5522 omnium

217 5540 581 5597 ecclesiarum.
635 5543 809 5611 Quam
849 5543 1293 5599 emendationem
1328 5540 1661 5598 cenlirmant
1705 5555 1796 5595 sc~

1891 3334 2134 3403 profanis
2171 3331 2365 3403 tedilms
2426 3331 2803 3399 complanatis,
2831 3346 2913 3403 ea;
2963 3347 3072 3403 uno
3129 3329 3294 3403 latere
3335 3345 3486 3382 mar-

1891 3400 2110 3474 tyrium,
2141 3401 2204 3457 ea:
2227 3402 2397 3474 altero
2433 3403 2700 3474 consurgit
2722 3400 2973 3474 ecclesia.
3009 3400 3251 3474 Occasio
3309 3407 3487 3474 autem

1893 3470 2147 3545 martyrii
2169 3471 2676 3545 consl_rii_endi_u_mle
2697 3471 2824 3545 data
2858 3473 2946 3545 sit,
2983 3472 3203 3545 dignum
3249 3470 3486 3545 arbitror

1893 3539 2209 3598 memorare.
2234 3542 2470 3613 Subjicit
2499 3541 2702 3595 deinde
2735 3542 2806 3613 de
2845 3539 3284 3613 reliquiisbeati
3319 3539 3489 3613 Joan-

1893 3616 1980 3669 nis
2001 3615 2284 3684 Baptistte,
2306 3609 2556 3682 tempore
2581 3612 2762 3666 sancti
2783 3609 3067 3684 Athanasii
3097 3609 3485 3664 Alexandriam

1894 3683 2094 3740 allatis.
2123 3684 2340 3750 Quibus
2369 3693 2582 3751 postea,
2604 3698 2798 3737 everso
2825 3683 3090 3752 Serapeo,
3121 3697 3291 3752 aurea
3319 3689 3485 3741 tecta,

1897 3764 1956 3811 ut
1990 3755 2192 3810 Bullini
2223 3754 2407 3808 verbis
2439 3763 2582 3818 utar,
2625 3753 2932 3822 imperante
2969 3751 3319 3822 Theodosio,
3362 3765 3489 3822 con-

1893 3835 2100 3881 structa
2124 3823 2462 3879 snnt.Certe
2499 3824 2553 3876 in
2593 3821 2968 3877 hac’ecclesia
3011 3821 3193 3876 Sancti
3229 3821 3482 3883 Joannis,

1896 3895 2207 3967 patriarcha
2237 3895 2505 3967 Alexand.
2556 3892 2828 3948 Colleetas
2865 3892 3092 3967 agebat,
3140 3905 3203 3948 ut
3244 3891 3313 3946 de
3362 3890 3486 3945 Dio-

1897 3963 2057 4022 scoro
2085 3967 2247 4020 docet
2275 3964 2666 4034 Theophanes,
2695 3980 2817 4034 pag.
2857 3963 2982 4019 159.

1971 4050 2082 4118 (84)
2154 4051 2332 4116 Ἐξὸν
2432 4049 2557 4115 τοῖς
2609 4049 2725 4114 τὴν
2784 4047 3194 4120 Ἀλεξάνδρου
3225 4043 3484 4120 οἰκοῦσι.

1899 4117 2112 4179 Electio
2136 4123 2303 4192 igitur
2331 4117 2725 4192 episcoporum
2743 4120 3004 4192 adempta
3035 4118 3217 4192 fuerat
3250 4117 3400 4172 clero
3423 4131 3488 4192 ac

1899 4195 2103 4264 populo
2136 4187 2292 4247 tirbis
2319 4187 2807 4264 Alexandrinatet
2837 4187 3142 4264 imperator
3165 4189 3258 4264 jus
3301 4187 3486 4241 nomi-

1898 4261 2066 4319 nandi
2105 4262 2450 4318 Alexandriae
2491 4261 2741 4330 episcopi
2800 4261 2866 4315 ad
2901 4276 2958 4315 se
3007 4261 3388 4324 transtulerat,
3422 4267 3485 4312 ut

1898 4352 1967 4391 ex
1998 4336 2104 4390 hoc
2134 4336 2258 4390 loco
2287 4341 2537 4402 apparet.
2566 4331 2722 4397 Quod
2746 4346 2845 4402 per
2863 4333 2976 4386 vim
3013 4332 3239 4401 quidem
3273 4338 3489 4402 eteon-

1900 4415 1982 4460 tra
2015 4407 2166 4462 leaes
2197 4399 2609 4462 ecclesiasticas
2640 4399 2845 4456 factum
2906 4399 3076 4456 fuisse
3125 4416 3234 4454 non
3288 4399 3488 4453 diliite-

1900 4493 2045 4531 mur.
2083 4478 2200 4532 Non
2237 4476 2355 4529 sine
2381 4489 2546 4527 causa
2583 4484 2765 4527 tamen
2816 4473 3110 4545 principes
3145 4469 3378 4545 Romani
3432 4467 3488 4545 id

1895 4549 2038 4620 juris
2062 4548 2170 4620 sibi
2198 4546 2621 4620 vindicaverant
2666 4552 2790 4620 post
2818 4541 3028 4620 easdem
3082 4541 3320 4620 Protei-ii
3373 4541 3489 4620 epti-

1900 4612 2051 4688 scopi
2084 4615 2468 4688 Alexandrini,
2508 4628 2633 4666 cum
2673 4612 2826 4688 urbs
2857 4612 3230 4688 Alexandrina
3288 4617 3489 4688 suopte,

1902 4679 2041 4743 nnt'u
2066 4689 2133 4742 ad
2166 4687 2468 4742 seditiones
2495 4699 2789 4753 propensa,
2814 4684 2868 4736 in
2905 4683 3173 4752 eligendis
3215 4679 3489 4751 episcopis

1901 4760 2263 4831 gravissimos
2288 4755 2525 4831 subinde
2554 4762 2740 4831 motus
2782 4754 3071 4831 excitaret:

1973 4831 2084 4899 (85)
2103 4828 2210 4883 Καὶ
2239 4829 2306 4894 ὃς
2335 4827 2406 4880 τὰ
2434 4824 2754 4899 ἀγριοσμέιζα
2780 4822 3134 4899 τῷβεισιλεῖ
3151 4821 3484 4899 (μογήσιιςε

1903 4892 2206 4972 Ιηοριὶιιιο
2245 4892 2437 4972 codice
2470 4892 2790 4972 Florentino
2853 4893 3360 4972 scriptumhinveni
3397 4892 3492 4943 καὶ

1903 4976 1961 5033 se
1990 4962 2057 5024 τΞι
2121 4970 2442 5038 ὼμοσμένι,
2480 4975 2591 5020 etc.
2633 4967 2803 5020 Porro
2844 4965 2912 5019 de
2970 4962 3074 5038 hoc
3132 4962 3492 5038 sacramento

1905 5034 2718 5112 quoJoannesTabcnncsiota
2773 5051 2896 5090 sese
2949 5037 3080 5112 olim
3121 5034 3494 5112 obstrinxerat

1908 5104 2054 5184 apud
2111 5112 2534 5180 imperatorem,
2575 5122 2859 5184 nunquam
2921 5107 3116 5184 sedent
3171 5104 3496 5184 Alexandri-

1907 5176 2032 5239 nam
2054 5176 2490 5236 conscensurqu
2518 5196 2574 5234 se
2600 5176 2744 5241 esse,
2783 5179 3032 5249 loquitur
3057 5176 3496 5249 Simplicius_pa-

1907 5269 1973 5324 pa
2001 5255 2056 5308 in
2095 5253 2330 5326 epistola
2370 5252 2433 5305 Π
2496 5252 2564 5305 ad
2586 5245 2996 5326 Attaeimnlhita
3047 5245 3330 5326 scribens:
3363 5245 3496 5326 Cant

1906 5319 2023 5379 cccc
2043 5319 2333 5379 secundum
2362 5323 2795 5376 consuetudinem
2827 5321 2954 5373 mihi
3007 5319 3140 5372 talia
3199 5319 3494 5387 disponenti

1908 5395 2342 5465 tranquillissimi
2365 5394 2620 5465 principis
2645 5394 2847 5461 scripta
2870 5397 2994 5465 sunt
3031 5389 3257 5465 reddita.
3309 5387 3496 5465 quibus

1907 5454 2260 5522 memoratum
2289 5454 2554 5519 Joannem
2587 5454 2845 5532 tanquam
2879 5462 3104 5532 perjurii
3161 5454 3331 5534 reum,
3358 5454 3498 5534 quod

1907 5539 2233 5609 fraternitati
2251 5551 2458 5608 quoque
2483 5546 2587 5589 tua:
2626 5529 2730 5587 non
2757 5529 2887 5587 esse
2914 5529 3179 5585 diceretur
3241 5529 3493 5596 incogni-

1683 5649 2073 5706 VAllllNlUM.

297 5754 374 5816 (Ii)
411 5751 720 5818 Ἰωάννης.
749 5750 960 5810 Talaia,
987 5749 1100 5804 sive
1130 5748 1355 5802 Talaida
1415 5746 1618 5810 dictus,
1647 5746 1802 5800 Salo-

223 5823 420 5878 faciolo
448 5841 476 5877 a
509 5822 806 5879 catholicis
850 5823 1116 5876 sull‘ectus
1161 5836 1306 5873 anno
1339 5819 1462 5872 481.
1503 5819 1562 5871 Ei
1613 5829 1794 5871 tamen

227 5894 368 5950 inter
408 5895 514 5950 alia
535 5895 740 5965 objceit
766 5893 999 5948 Aeacius
1034 5891 1203 5960 episc.
1257 5888 1362 5944 (ΖΡ.
1411 5890 1556 5958 quod
1583 5888 1793 5943 Salola~

1909 5744 2054 5825 ciolo
2082 5742 2345 5799 suasisset
2370 5752 2431 5796 ut
2457 5755 2657 5796 nomen
2691 5736 2942 5792 Dioscori
2995 5735 3168 5792 sacris
3211 5728 3496 5802 diptjcbis

1906 5825 2201 5869 lllSCl‘Cl‘L‘l.
2837 5831 2839 5833 ’
