  <div class='ocr_page' id='page_1' title='image "/cluster/home/n/w/nwhite01/storage/ocr_20150623/86:2/hvd.32044012719696/440.png"; bbox 0 0 4048 6492; ppageno 0'>
   <div class='ocr_carea' id='block_1_1' title="bbox 233 404 370 472">
    <p class='ocr_par' dir='ltr' id='par_1_1' title="bbox 233 404 370 472">
     <span class='ocr_line' id='line_1_1' title="bbox 233 404 370 472; baseline -0.015 1"><span class='ocrx_word' id='word_1_1' title='bbox 233 404 370 472; x_wconf 76' lang='lat'><strong>2621</strong></span> 
     </span>
    </p>
   </div>
   <div class='ocr_carea' id='block_1_2' title="bbox 1157 400 2592 476">
    <p class='ocr_par' dir='ltr' id='par_1_2' title="bbox 1157 400 2592 476">
     <span class='ocr_line' id='line_1_2' title="bbox 1157 400 2592 476; baseline 0.004 -6"><span class='ocrx_word' id='word_1_2' title='bbox 1157 409 1543 473; x_wconf 62' lang='lat' dir='ltr'><strong>HISTORIA!</strong></span> <span class='ocrx_word' id='word_1_3' title='bbox 1581 412 2171 474; x_wconf 71' lang='lat' dir='ltr'><strong>ECCLESIASTICAZ</strong></span> <span class='ocrx_word' id='word_1_4' title='bbox 2211 400 2442 476; x_wconf 76' lang='lat' dir='ltr'><strong>LIBER</strong></span> <span class='ocrx_word' id='word_1_5' title='bbox 2479 416 2592 476; x_wconf 92' lang='lat' dir='ltr'><strong>III.</strong></span> 
     </span>
    </p>
   </div>
   <div class='ocr_carea' id='block_1_3' title="bbox 3370 412 3512 477">
    <p class='ocr_par' dir='ltr' id='par_1_3' title="bbox 3370 412 3512 477">
     <span class='ocr_line' id='line_1_3' title="bbox 3370 412 3512 477; baseline 0.021 -3"><span class='ocrx_word' id='word_1_6' title='bbox 3370 412 3512 477; x_wconf 69' lang='lat'><strong>2622</strong></span> 
     </span>
    </p>
   </div>
   <div class='ocr_carea' id='block_1_4' title="bbox 233 514 1822 598">
    <p class='ocr_par' dir='ltr' id='par_1_4' title="bbox 233 514 1822 594">
     <span class='ocr_line' id='line_1_4' title="bbox 233 514 1822 594; baseline 0.001 -20"><span class='ocrx_word' id='word_1_7' title='bbox 233 518 391 588; x_wconf 69' lang='grc' dir='ltr'>θινὴν</span> <span class='ocrx_word' id='word_1_8' title='bbox 424 514 630 581; x_wconf 83' lang='grc' dir='ltr'>πίστιν,</span> <span class='ocrx_word' id='word_1_9' title='bbox 684 515 880 586; x_wconf 78' lang='grc' dir='ltr'>ἥντινα</span> <span class='ocrx_word' id='word_1_10' title='bbox 928 516 1019 572; x_wconf 81' lang='grc' dir='ltr'>διὰ</span> <span class='ocrx_word' id='word_1_11' title='bbox 1058 518 1159 590; x_wconf 82' lang='grc' dir='ltr'>τῆς</span> <span class='ocrx_word' id='word_1_12' title='bbox 1207 520 1360 586; x_wconf 80' lang='grc' dir='ltr'><strong>θείας</strong></span> <span class='ocrx_word' id='word_1_13' title='bbox 1413 523 1822 594; x_wconf 86' lang='grc' dir='ltr'>ἐπιφοιτήσεως</span> 
     </span>
    </p>
   </div>
   <div class='ocr_carea' id='block_1_5' title="bbox 1926 514 3510 598">
    <p class='ocr_par' dir='ltr' id='par_1_5' title="bbox 1927 523 3510 598">
     <span class='ocr_line' id='line_1_5' title="bbox 1927 523 3510 598; baseline 0.002 -17"><span class='ocrx_word' id='word_1_14' title='bbox 1927 541 1992 581; x_wconf 92' lang='lat' dir='ltr'><strong>ac</strong></span> <span class='ocrx_word' id='word_1_15' title='bbox 2023 542 2209 582; x_wconf 82' lang='lat' dir='ltr'><strong>veram</strong></span> <span class='ocrx_word' id='word_1_16' title='bbox 2258 528 2442 592; x_wconf 81' lang='lat' dir='ltr'><strong>tidem,</strong></span> <span class='ocrx_word' id='word_1_17' title='bbox 2499 543 2665 598; x_wconf 87' lang='lat' dir='ltr'><strong>quam</strong></span> <span class='ocrx_word' id='word_1_18' title='bbox 2723 528 2954 582; x_wconf 78' lang='lat' dir='ltr'><strong>trecenti</strong></span> <span class='ocrx_word' id='word_1_19' title='bbox 2996 523 3219 598; x_wconf 80' lang='lat' dir='ltr'><strong>quidem</strong></span> <span class='ocrx_word' id='word_1_20' title='bbox 3261 536 3318 582; x_wconf 90' lang='lat' dir='ltr'><strong>et</strong></span> <span class='ocrx_word' id='word_1_21' title='bbox 3354 539 3510 585; x_wconf 82' lang='lat' dir='ltr'><strong>octo-</strong></span> 
     </span>
    </p>
   </div>
   <div class='ocr_carea' id='block_1_6' title="bbox 231 609 1826 687">
    <p class='ocr_par' dir='ltr' id='par_1_6' title="bbox 231 609 1826 687">
     <span class='ocr_line' id='line_1_6' title="bbox 231 609 1826 687; baseline 0.004 -23"><span class='ocrx_word' id='word_1_22' title='bbox 231 612 482 677; x_wconf 75' lang='grc' dir='ltr'>ἐξέθεντο</span> <span class='ocrx_word' id='word_1_23' title='bbox 510 610 612 682; x_wconf 80' lang='grc' dir='ltr'>μὲν</span> <span class='ocrx_word' id='word_1_24' title='bbox 639 610 689 664; x_wconf 78' lang='grc' dir='ltr'>οἱ</span> <span class='ocrx_word' id='word_1_25' title='bbox 714 609 776 663; x_wconf 82' lang='grc' dir='ltr'>ὲν</span> <span class='ocrx_word' id='word_1_26' title='bbox 799 610 1009 683; x_wconf 84' lang='grc' dir='ltr'>Νικαίᾳ</span> <span class='ocrx_word' id='word_1_27' title='bbox 1038 612 1520 684; x_wconf 81' lang='grc' dir='ltr'><strong>συναθροισθέντες</strong></span> <span class='ocrx_word' id='word_1_28' title='bbox 1546 615 1657 687; x_wconf 80' lang='grc' dir='ltr'>τιη¹</span> <span class='ocrx_word' id='word_1_29' title='bbox 1679 616 1826 684; x_wconf 83' lang='grc' dir='ltr'>ἆγιοι</span> 
     </span>
    </p>
   </div>
   <div class='ocr_carea' id='block_1_7' title="bbox 231 701 1826 776">
    <p class='ocr_par' dir='ltr' id='par_1_7' title="bbox 231 701 1826 776">
     <span class='ocr_line' id='line_1_7' title="bbox 231 701 1826 776; baseline 0.001 -16"><span class='ocrx_word' id='word_1_30' title='bbox 231 705 496 776; x_wconf 83' lang='grc' dir='ltr'>Πατέρες,</span> <span class='ocrx_word' id='word_1_31' title='bbox 520 701 868 757; x_wconf 85' lang='grc' dir='ltr'>ἐϐεϐαίωσαν</span> <span class='ocrx_word' id='word_1_32' title='bbox 886 703 944 757; x_wconf 82' lang='grc' dir='ltr'>δὲ</span> <span class='ocrx_word' id='word_1_33' title='bbox 972 705 1069 758; x_wconf 75' lang='grc' dir='ltr'><strong>καὶ</strong></span> <span class='ocrx_word' id='word_1_34' title='bbox 1092 706 1140 760; x_wconf 80' lang='grc' dir='ltr'>οἱ</span> <span class='ocrx_word' id='word_1_35' title='bbox 1167 706 1226 758; x_wconf 81' lang='grc' dir='ltr'><strong>ἐν</strong></span> <span class='ocrx_word' id='word_1_36' title='bbox 1247 707 1826 763; x_wconf 85' lang='grc' dir='ltr'>Κωνσταντινουπόλει</span> 
     </span>
    </p>
   </div>
   <div class='ocr_carea' id='block_1_8' title="bbox 233 793 1824 871">
    <p class='ocr_par' dir='ltr' id='par_1_8' title="bbox 233 793 1824 871">
     <span class='ocr_line' id='line_1_8' title="bbox 233 793 1824 871; baseline 0.003 -22"><span class='ocrx_word' id='word_1_37' title='bbox 233 802 308 868; x_wconf 75' lang='grc' dir='ltr'>ρν¹</span> <span class='ocrx_word' id='word_1_38' title='bbox 340 794 540 865; x_wconf 86' lang='grc' dir='ltr'>ὁμοίως</span> <span class='ocrx_word' id='word_1_39' title='bbox 586 793 736 863; x_wconf 77' lang='grc' dir='ltr'>ἅγιοι</span> <span class='ocrx_word' id='word_1_40' title='bbox 777 795 1018 867; x_wconf 87' lang='grc' dir='ltr'>Πατέρες</span> <span class='ocrx_word' id='word_1_41' title='bbox 1061 797 1440 864; x_wconf 82' lang='grc' dir='ltr'><strong>συνελθόντες,</strong></span> <span class='ocrx_word' id='word_1_42' title='bbox 1497 799 1718 871; x_wconf 83' lang='grc' dir='ltr'><strong>νύκτωρ</strong></span> <span class='ocrx_word' id='word_1_43' title='bbox 1763 818 1824 854; x_wconf 89' lang='grc' dir='ltr'><strong>τε</strong></span> 
     </span>
    </p>
   </div>
   <div class='ocr_carea' id='block_1_9' title="bbox 229 883 1824 963">
    <p class='ocr_par' dir='ltr' id='par_1_9' title="bbox 229 883 1824 963">
     <span class='ocr_line' id='line_1_9' title="bbox 229 883 1824 963; baseline 0.003 -22"><span class='ocrx_word' id='word_1_44' title='bbox 229 887 323 941; x_wconf 73' lang='grc' dir='ltr'>καὶ</span> <span class='ocrx_word' id='word_1_45' title='bbox 375 883 494 938; x_wconf 82' lang='grc' dir='ltr'>καθ’</span> <span class='ocrx_word' id='word_1_46' title='bbox 535 883 756 954; x_wconf 78' lang='grc' dir='ltr'><strong>ἡμέραν</strong></span> <span class='ocrx_word' id='word_1_47' title='bbox 780 923 798 951; x_wconf 92' lang='grc'><strong>,</strong></span> <span class='ocrx_word' id='word_1_48' title='bbox 851 885 1000 957; x_wconf 84' lang='grc' dir='ltr'>πάσῃ</span> <span class='ocrx_word' id='word_1_49' title='bbox 1043 889 1322 959; x_wconf 83' lang='grc' dir='ltr'>προσευχῇ</span> <span class='ocrx_word' id='word_1_50' title='bbox 1358 890 1452 943; x_wconf 76' lang='grc' dir='ltr'>καὶ</span> <span class='ocrx_word' id='word_1_51' title='bbox 1478 889 1681 961; x_wconf 85' lang='grc' dir='ltr'>σπουδῇ</span> <span class='ocrx_word' id='word_1_52' title='bbox 1711 889 1824 963; x_wconf 85' lang='lat'><strong>(89)</strong></span> 
     </span>
    </p>
   </div>
   <div class='ocr_carea' id='block_1_10' title="bbox 230 977 1822 1056">
    <p class='ocr_par' dir='ltr' id='par_1_10' title="bbox 230 977 1822 1056">
     <span class='ocr_line' id='line_1_10' title="bbox 230 977 1822 1056; baseline 0.004 -26"><span class='ocrx_word' id='word_1_53' title='bbox 230 979 323 1031; x_wconf 76' lang='grc' dir='ltr'><strong>καὶ</strong></span> <span class='ocrx_word' id='word_1_54' title='bbox 368 977 555 1048; x_wconf 85' lang='grc' dir='ltr'>νόμοις</span> <span class='ocrx_word' id='word_1_55' title='bbox 603 977 960 1050; x_wconf 88' lang='grc' dir='ltr'>κεχρήμεθα,</span> <span class='ocrx_word' id='word_1_56' title='bbox 1005 978 1385 1056; x_wconf 20' lang='grc' dir='ltr'>’πληθύνεσθαι</span> <span class='ocrx_word' id='word_1_57' title='bbox 1420 981 1490 1035; x_wconf 88' lang='grc' dir='ltr'><strong>δι’</strong></span> <span class='ocrx_word' id='word_1_58' title='bbox 1519 982 1693 1053; x_wconf 79' lang='grc' dir='ltr'>αὐτῆς</span> <span class='ocrx_word' id='word_1_59' title='bbox 1723 981 1822 1054; x_wconf 81' lang='grc' dir='ltr'>τὴν</span> 
     </span>
    </p>
   </div>
   <div class='ocr_carea' id='block_1_11' title="bbox 228 1067 1827 1141">
    <p class='ocr_par' dir='ltr' id='par_1_11' title="bbox 228 1067 1827 1141">
     <span class='ocr_line' id='line_1_11' title="bbox 228 1067 1827 1141; baseline 0.002 -19"><span class='ocrx_word' id='word_1_60' title='bbox 228 1067 578 1137; x_wconf 77' lang='grc' dir='ltr'><strong>ἁπανταχόσε</strong></span> <span class='ocrx_word' id='word_1_61' title='bbox 629 1067 793 1136; x_wconf 85' lang='grc' dir='ltr'>ἁγίαν</span> <span class='ocrx_word' id='word_1_62' title='bbox 835 1069 932 1122; x_wconf 91' lang='grc' dir='ltr'><strong>τοῦ</strong></span> <span class='ocrx_word' id='word_1_63' title='bbox 960 1067 1097 1123; x_wconf 86' lang='grc' dir='ltr'>Θεοῦ</span> <span class='ocrx_word' id='word_1_64' title='bbox 1131 1070 1428 1141; x_wconf 85' lang='grc' dir='ltr'><strong>καθολικὴν</strong></span> <span class='ocrx_word' id='word_1_65' title='bbox 1465 1073 1560 1127; x_wconf 83' lang='grc' dir='ltr'><strong>καὶ</strong></span> <span class='ocrx_word' id='word_1_66' title='bbox 1586 1074 1827 1126; x_wconf 86' lang='grc' dir='ltr'>ἀποστο-</span> 
     </span>
    </p>
   </div>
   <div class='ocr_carea' id='block_1_12' title="bbox 229 1159 1827 1237">
    <p class='ocr_par' dir='ltr' id='par_1_12' title="bbox 229 1159 1827 1237">
     <span class='ocr_line' id='line_1_12' title="bbox 229 1159 1827 1237; baseline 0.006 -24"><span class='ocrx_word' id='word_1_67' title='bbox 229 1159 392 1231; x_wconf 77' lang='grc' dir='ltr'>λικήν</span> <span class='ocrx_word' id='word_1_68' title='bbox 416 1160 780 1230; x_wconf 84' lang='grc' dir='ltr'>Ἐκκλησίαν,</span> <span class='ocrx_word' id='word_1_69' title='bbox 834 1160 935 1232; x_wconf 80' lang='grc' dir='ltr'>τὴν</span> <span class='ocrx_word' id='word_1_70' title='bbox 985 1160 1267 1233; x_wconf 81' lang='grc' dir='ltr'>ἄφθαρτον</span> <span class='ocrx_word' id='word_1_71' title='bbox 1319 1164 1416 1217; x_wconf 78' lang='grc' dir='ltr'>καὶ</span> <span class='ocrx_word' id='word_1_72' title='bbox 1461 1164 1827 1237; x_wconf 81' lang='grc' dir='ltr'><strong>ἀτελεύτητον</strong></span> 
     </span>
    </p>
   </div>
   <div class='ocr_carea' id='block_1_13' title="bbox 231 1253 1824 1332">
    <p class='ocr_par' dir='ltr' id='par_1_13' title="bbox 231 1253 1824 1332">
     <span class='ocr_line' id='line_1_13' title="bbox 231 1253 1824 1332; baseline 0.006 -27"><span class='ocrx_word' id='word_1_73' title='bbox 231 1254 451 1325; x_wconf 85' lang='grc' dir='ltr'>μητέρα</span> <span class='ocrx_word' id='word_1_74' title='bbox 479 1253 590 1307; x_wconf 86' lang='grc' dir='ltr'><strong>τῶν</strong></span> <span class='ocrx_word' id='word_1_75' title='bbox 615 1254 908 1326; x_wconf 77' lang='grc' dir='ltr'><strong>ἡμετέρων</strong></span> <span class='ocrx_word' id='word_1_76' title='bbox 940 1257 1242 1326; x_wconf 80' lang='grc' dir='ltr'><strong>σκήπτρων</strong></span> <span class='ocrx_word' id='word_1_77' title='bbox 1262 1297 1277 1322; x_wconf 95' lang='grc'><strong>,</strong></span> <span class='ocrx_word' id='word_1_78' title='bbox 1322 1257 1515 1330; x_wconf 76' lang='grc' dir='ltr'>εἰρήνῃ</span> <span class='ocrx_word' id='word_1_79' title='bbox 1544 1259 1730 1314; x_wconf 67' lang='grc' dir='ltr'>τεκαὶ</span> <span class='ocrx_word' id='word_1_80' title='bbox 1757 1262 1824 1332; x_wconf 80' lang='grc' dir='ltr'><strong>τῇ</strong></span> 
     </span>
    </p>
   </div>
   <div class='ocr_carea' id='block_1_14' title="bbox 228 1343 1824 1420">
    <p class='ocr_par' dir='ltr' id='par_1_14' title="bbox 228 1343 1824 1420">
     <span class='ocr_line' id='line_1_14' title="bbox 228 1343 1824 1420; baseline 0.006 -24"><span class='ocrx_word' id='word_1_81' title='bbox 228 1345 358 1416; x_wconf 76' lang='grc' dir='ltr'>περὶ</span> <span class='ocrx_word' id='word_1_82' title='bbox 389 1343 526 1398; x_wconf 83' lang='grc' dir='ltr'>Θεοῦ</span> <span class='ocrx_word' id='word_1_83' title='bbox 557 1344 784 1416; x_wconf 76' lang='grc' dir='ltr'>ὁμονοίᾳ</span> <span class='ocrx_word' id='word_1_84' title='bbox 815 1344 946 1408; x_wconf 83' lang='grc' dir='ltr'>τοὺς</span> <span class='ocrx_word' id='word_1_85' title='bbox 976 1344 1226 1412; x_wconf 82' lang='grc' dir='ltr'>εὐσεϐεῖς</span> <span class='ocrx_word' id='word_1_86' title='bbox 1252 1348 1417 1412; x_wconf 83' lang='grc' dir='ltr'>λαοὺς</span> <span class='ocrx_word' id='word_1_87' title='bbox 1445 1348 1824 1420; x_wconf 82' lang='grc' dir='ltr'>διαμένοντας,</span> 
     </span>
    </p>
   </div>
   <div class='ocr_carea' id='block_1_15' title="bbox 227 1435 1825 1512">
    <p class='ocr_par' dir='ltr' id='par_1_15' title="bbox 227 1435 1825 1512">
     <span class='ocr_line' id='line_1_15' title="bbox 227 1435 1825 1512; baseline 0.004 -22"><span class='ocrx_word' id='word_1_88' title='bbox 227 1435 665 1509; x_wconf 80' lang='grc' dir='ltr'>εὐπροσδέκτους</span> <span class='ocrx_word' id='word_1_89' title='bbox 718 1437 823 1502; x_wconf 82' lang='grc' dir='ltr'><strong>τὰς</strong></span> <span class='ocrx_word' id='word_1_90' title='bbox 876 1438 1020 1509; x_wconf 79' lang='grc' dir='ltr'>ὑπὲρ</span> <span class='ocrx_word' id='word_1_91' title='bbox 1068 1439 1172 1511; x_wconf 85' lang='grc' dir='ltr'><strong>τῆς</strong></span> <span class='ocrx_word' id='word_1_92' title='bbox 1217 1440 1498 1512; x_wconf 84' lang='grc' dir='ltr'>ἡμετέρας</span> <span class='ocrx_word' id='word_1_93' title='bbox 1544 1441 1825 1512; x_wconf 70' lang='grc' dir='ltr'>βασιλείας</span> 
     </span>
    </p>
   </div>
   <div class='ocr_carea' id='block_1_16' title="bbox 229 1529 1826 1601">
    <p class='ocr_par' dir='ltr' id='par_1_16' title="bbox 229 1529 1826 1601">
     <span class='ocr_line' id='line_1_16' title="bbox 229 1529 1826 1601; baseline 0.003 -18"><span class='ocrx_word' id='word_1_94' title='bbox 229 1529 472 1593; x_wconf 73' lang='grc' dir='ltr'>ἱκετείας</span> <span class='ocrx_word' id='word_1_95' title='bbox 521 1529 892 1600; x_wconf 82' lang='grc' dir='ltr'>προσφέρειν,</span> <span class='ocrx_word' id='word_1_96' title='bbox 943 1531 1043 1584; x_wconf 87' lang='grc' dir='ltr'>σὺν</span> <span class='ocrx_word' id='word_1_97' title='bbox 1083 1531 1198 1594; x_wconf 85' lang='grc' dir='ltr'>τοῖς</span> <span class='ocrx_word' id='word_1_98' title='bbox 1231 1530 1672 1601; x_wconf 83' lang='grc' dir='ltr'>θεοφιλεστάτοις</span> <span class='ocrx_word' id='word_1_99' title='bbox 1703 1535 1826 1587; x_wconf 81' lang='grc' dir='ltr'>ἐπι-</span> 
     </span>
    </p>
   </div>
   <div class='ocr_carea' id='block_1_17' title="bbox 227 1618 1822 1695">
    <p class='ocr_par' dir='ltr' id='par_1_17' title="bbox 227 1618 1822 1695">
     <span class='ocr_line' id='line_1_17' title="bbox 227 1618 1822 1695; baseline 0.004 -22"><span class='ocrx_word' id='word_1_100' title='bbox 227 1619 458 1684; x_wconf 84' lang='grc' dir='ltr'>σκόποις</span> <span class='ocrx_word' id='word_1_101' title='bbox 508 1621 602 1673; x_wconf 83' lang='grc' dir='ltr'>καὶ</span> <span class='ocrx_word' id='word_1_102' title='bbox 647 1618 1097 1684; x_wconf 82' lang='grc' dir='ltr'>θεοσεϐεστάτοις</span> <span class='ocrx_word' id='word_1_103' title='bbox 1144 1620 1469 1693; x_wconf 83' lang='grc' dir='ltr'>κληρικοῑς,</span> <span class='ocrx_word' id='word_1_104' title='bbox 1522 1623 1618 1678; x_wconf 82' lang='grc' dir='ltr'>καὶ</span> <span class='ocrx_word' id='word_1_105' title='bbox 1660 1625 1822 1695; x_wconf 75' lang='grc' dir='ltr'>ἀρχιο</span> 
     </span>
    </p>
   </div>
   <div class='ocr_carea' id='block_1_18' title="bbox 227 1711 1820 1786">
    <p class='ocr_par' dir='ltr' id='par_1_18' title="bbox 227 1711 1820 1786">
     <span class='ocr_line' id='line_1_18' title="bbox 227 1711 1820 1786; baseline 0.004 -20"><span class='ocrx_word' id='word_1_106' title='bbox 227 1712 551 1783; x_wconf 81' lang='grc' dir='ltr'>μανδρίταις</span> <span class='ocrx_word' id='word_1_107' title='bbox 595 1713 690 1766; x_wconf 79' lang='grc' dir='ltr'>καὶ</span> <span class='ocrx_word' id='word_1_108' title='bbox 736 1711 1052 1782; x_wconf 80' lang='grc' dir='ltr'>μονάζουσι.</span> <span class='ocrx_word' id='word_1_109' title='bbox 1109 1713 1214 1768; x_wconf 82' lang='grc' dir='ltr'>Τοῦ</span> <span class='ocrx_word' id='word_1_110' title='bbox 1247 1714 1357 1786; x_wconf 85' lang='grc' dir='ltr'><strong>γὰρ</strong></span> <span class='ocrx_word' id='word_1_111' title='bbox 1393 1716 1632 1786; x_wconf 82' lang='grc' dir='ltr'>μεγάλου</span> <span class='ocrx_word' id='word_1_112' title='bbox 1660 1717 1820 1783; x_wconf 83' lang='grc' dir='ltr'>Θεοῦ,</span> 
     </span>
    </p>
   </div>
   <div class='ocr_carea' id='block_1_19' title="bbox 225 1793 1824 1880">
    <p class='ocr_par' dir='ltr' id='par_1_19' title="bbox 225 1793 1824 1880">
     <span class='ocr_line' id='line_1_19' title="bbox 225 1793 1824 1880; baseline 0.004 -21"><span class='ocrx_word' id='word_1_113' title='bbox 225 1807 319 1860; x_wconf 78' lang='grc' dir='ltr'>καὶ</span> <span class='ocrx_word' id='word_1_114' title='bbox 349 1805 608 1877; x_wconf 80' lang='grc' dir='ltr'>Σωτῆρος</span> <span class='ocrx_word' id='word_1_115' title='bbox 636 1806 797 1876; x_wconf 80' lang='grc' dir='ltr'>ὴμῶν</span> <span class='ocrx_word' id='word_1_116' title='bbox 821 1793 1000 1877; x_wconf 84' lang='grc' dir='ltr'>Ἰησοῦ</span> <span class='ocrx_word' id='word_1_117' title='bbox 1031 1807 1296 1878; x_wconf 83' lang='grc' dir='ltr'>Χριστοῦ,</span> <span class='ocrx_word' id='word_1_118' title='bbox 1323 1809 1418 1862; x_wconf 91' lang='grc' dir='ltr'><strong>τοῦ</strong></span> <span class='ocrx_word' id='word_1_119' title='bbox 1445 1811 1512 1864; x_wconf 85' lang='grc' dir='ltr'><strong>ἐκ</strong></span> <span class='ocrx_word' id='word_1_120' title='bbox 1535 1809 1634 1880; x_wconf 80' lang='grc' dir='ltr'>τῆς</span> <span class='ocrx_word' id='word_1_121' title='bbox 1657 1810 1824 1880; x_wconf 84' lang='grc' dir='ltr'>ἁγίας</span> 
     </span>
    </p>
   </div>
   <div class='ocr_carea' id='block_1_20' title="bbox 226 1887 1897 1976">
    <p class='ocr_par' dir='ltr' id='par_1_20' title="bbox 226 1887 1897 1976">
     <span class='ocr_line' id='line_1_20' title="bbox 226 1887 1897 1976; baseline 0.004 -22"><span class='ocrx_word' id='word_1_122' title='bbox 226 1898 513 1970; x_wconf 77' lang='grc' dir='ltr'>Παρθένου</span> <span class='ocrx_word' id='word_1_123' title='bbox 566 1900 663 1954; x_wconf 81' lang='grc' dir='ltr'>καὶ</span> <span class='ocrx_word' id='word_1_124' title='bbox 707 1899 976 1954; x_wconf 85' lang='grc' dir='ltr'>Θεοτόκου</span> <span class='ocrx_word' id='word_1_125' title='bbox 1015 1901 1236 1975; x_wconf 88' lang='grc' dir='ltr'>Μαρίας</span> <span class='ocrx_word' id='word_1_126' title='bbox 1276 1903 1684 1976; x_wconf 87' lang='grc' dir='ltr'>σαρκωθέντος,</span> <span class='ocrx_word' id='word_1_127' title='bbox 1725 1906 1822 1960; x_wconf 83' lang='grc' dir='ltr'><strong>καὶ</strong></span> <span class='ocrx_word' id='word_1_128' title='bbox 1855 1887 1897 1942; x_wconf 74' lang='grc' dir='ltr'>Β</span> 
     </span>
    </p>
   </div>
   <div class='ocr_carea' id='block_1_21' title="bbox 223 1992 1820 2066">
    <p class='ocr_par' dir='ltr' id='par_1_21' title="bbox 223 1992 1820 2066">
     <span class='ocr_line' id='line_1_21' title="bbox 223 1992 1820 2066; baseline 0.003 -20"><span class='ocrx_word' id='word_1_129' title='bbox 223 1992 545 2062; x_wconf 83' lang='grc' dir='ltr'>τεχθέντος,</span> <span class='ocrx_word' id='word_1_130' title='bbox 580 1993 681 2065; x_wconf 82' lang='grc' dir='ltr'>τὴν</span> <span class='ocrx_word' id='word_1_131' title='bbox 715 1995 779 2048; x_wconf 90' lang='grc' dir='ltr'><strong>ἐκ</strong></span> <span class='ocrx_word' id='word_1_132' title='bbox 813 1995 1137 2063; x_wconf 83' lang='grc' dir='ltr'>συμφωνίας</span> <span class='ocrx_word' id='word_1_133' title='bbox 1164 1995 1475 2066; x_wconf 82' lang='grc' dir='ltr'>δοξολογίαν</span> <span class='ocrx_word' id='word_1_134' title='bbox 1504 2015 1564 2050; x_wconf 90' lang='grc' dir='ltr'><strong>τε</strong></span> <span class='ocrx_word' id='word_1_135' title='bbox 1598 1997 1692 2051; x_wconf 74' lang='grc' dir='ltr'>καὶ</span> <span class='ocrx_word' id='word_1_136' title='bbox 1720 1997 1820 2052; x_wconf 84' lang='grc' dir='ltr'>λα-</span> 
     </span>
    </p>
   </div>
   <div class='ocr_carea' id='block_1_22' title="bbox 226 2085 1818 2160">
    <p class='ocr_par' dir='ltr' id='par_1_22' title="bbox 226 2085 1818 2160">
     <span class='ocr_line' id='line_1_22' title="bbox 226 2085 1818 2160; baseline 0.003 -22"><span class='ocrx_word' id='word_1_137' title='bbox 226 2085 415 2156; x_wconf 84' lang='grc' dir='ltr'>τρείαν</span> <span class='ocrx_word' id='word_1_138' title='bbox 461 2085 624 2157; x_wconf 81' lang='grc' dir='ltr'>ἡμῶν</span> <span class='ocrx_word' id='word_1_139' title='bbox 671 2085 1057 2154; x_wconf 85' lang='grc' dir='ltr'>ἐπαινοῦντος,</span> <span class='ocrx_word' id='word_1_140' title='bbox 1100 2088 1194 2142; x_wconf 80' lang='grc' dir='ltr'>καὶ</span> <span class='ocrx_word' id='word_1_141' title='bbox 1230 2088 1467 2159; x_wconf 83' lang='grc' dir='ltr'>ἑτοίμως</span> <span class='ocrx_word' id='word_1_142' title='bbox 1502 2088 1818 2160; x_wconf 74' lang='grc' dir='ltr'>δεχομένου,</span> 
     </span>
    </p>
   </div>
   <div class='ocr_carea' id='block_1_23' title="bbox 225 2176 1819 2255">
    <p class='ocr_par' dir='ltr' id='par_1_23' title="bbox 225 2176 1819 2255">
     <span class='ocr_line' id='line_1_23' title="bbox 225 2176 1819 2255; baseline 0.004 -25"><span class='ocrx_word' id='word_1_143' title='bbox 225 2176 295 2230; x_wconf 80' lang='grc' dir='ltr'><strong>τὰ</strong></span> <span class='ocrx_word' id='word_1_144' title='bbox 339 2176 443 2248; x_wconf 79' lang='grc' dir='ltr'>μὲν</span> <span class='ocrx_word' id='word_1_145' title='bbox 489 2177 598 2231; x_wconf 84' lang='grc' dir='ltr'><strong>τῶν</strong></span> <span class='ocrx_word' id='word_1_146' title='bbox 633 2177 911 2248; x_wconf 86' lang='grc' dir='ltr'>πολεμίων</span> <span class='ocrx_word' id='word_1_147' title='bbox 943 2180 1334 2252; x_wconf 86' lang='grc' dir='ltr'>ἐκτριϐήσεται</span> <span class='ocrx_word' id='word_1_148' title='bbox 1370 2183 1465 2236; x_wconf 75' lang='grc' dir='ltr'>καὶ</span> <span class='ocrx_word' id='word_1_149' title='bbox 1494 2181 1819 2255; x_wconf 76' lang='grc' dir='ltr'>ἐξαλειφθή-</span> 
     </span>
    </p>
   </div>
   <div class='ocr_carea' id='block_1_24' title="bbox 227 2270 1821 2340">
    <p class='ocr_par' dir='ltr' id='par_1_24' title="bbox 227 2270 1821 2340">
     <span class='ocr_line' id='line_1_24' title="bbox 227 2270 1821 2340; baseline 0.003 -15"><span class='ocrx_word' id='word_1_150' title='bbox 227 2287 383 2325; x_wconf 83' lang='grc' dir='ltr'>σεται</span> <span class='ocrx_word' id='word_1_151' title='bbox 413 2270 584 2340; x_wconf 83' lang='grc' dir='ltr'>γένη·</span> <span class='ocrx_word' id='word_1_152' title='bbox 633 2272 836 2335; x_wconf 82' lang='grc' dir='ltr'>πάντες</span> <span class='ocrx_word' id='word_1_153' title='bbox 871 2271 928 2325; x_wconf 82' lang='grc' dir='ltr'><strong>δέ</strong></span> <span class='ocrx_word' id='word_1_154' title='bbox 957 2272 1050 2326; x_wconf 83' lang='grc' dir='ltr'>τὸν</span> <span class='ocrx_word' id='word_1_155' title='bbox 1077 2275 1280 2328; x_wconf 86' lang='grc' dir='ltr'>οἰκεῖον</span> <span class='ocrx_word' id='word_1_156' title='bbox 1311 2274 1693 2330; x_wconf 86' lang='grc' dir='ltr'>ὑποκλινοῦσιν</span> <span class='ocrx_word' id='word_1_157' title='bbox 1721 2277 1821 2330; x_wconf 88' lang='grc' dir='ltr'>αύ-</span> 
     </span>
    </p>
   </div>
   <div class='ocr_carea' id='block_1_25' title="bbox 226 2363 1822 2439">
    <p class='ocr_par' dir='ltr' id='par_1_25' title="bbox 226 2363 1822 2439">
     <span class='ocr_line' id='line_1_25' title="bbox 226 2363 1822 2439; baseline 0.004 -23"><span class='ocrx_word' id='word_1_158' title='bbox 226 2364 356 2436; x_wconf 84' lang='grc' dir='ltr'>χένα</span> <span class='ocrx_word' id='word_1_159' title='bbox 386 2363 468 2434; x_wconf 82' lang='grc' dir='ltr'>τῷ</span> <span class='ocrx_word' id='word_1_160' title='bbox 489 2363 745 2435; x_wconf 77' lang='grc' dir='ltr'>ἡμετέρῳ</span> <span class='ocrx_word' id='word_1_161' title='bbox 783 2364 926 2435; x_wconf 85' lang='grc' dir='ltr'>μετὰ</span> <span class='ocrx_word' id='word_1_162' title='bbox 954 2364 1088 2420; x_wconf 82' lang='grc' dir='ltr'>Θεὸν</span> <span class='ocrx_word' id='word_1_163' title='bbox 1119 2366 1344 2436; x_wconf 74' lang='grc' dir='ltr'><strong>κράτει⁸</strong></span> <span class='ocrx_word' id='word_1_164' title='bbox 1380 2369 1580 2439; x_wconf 83' lang='grc' dir='ltr'>είρήνη</span> <span class='ocrx_word' id='word_1_165' title='bbox 1598 2368 1688 2433; x_wconf 79' lang='grc' dir='ltr'>δὲ,</span> <span class='ocrx_word' id='word_1_166' title='bbox 1725 2371 1822 2424; x_wconf 76' lang='grc' dir='ltr'>καὶ</span> 
     </span>
    </p>
   </div>
   <div class='ocr_carea' id='block_1_26' title="bbox 225 2454 1821 2529">
    <p class='ocr_par' dir='ltr' id='par_1_26' title="bbox 225 2454 1821 2529">
     <span class='ocr_line' id='line_1_26' title="bbox 225 2454 1821 2529; baseline 0.004 -21"><span class='ocrx_word' id='word_1_167' title='bbox 225 2455 294 2509; x_wconf 76' lang='grc' dir='ltr'>τὰ</span> <span class='ocrx_word' id='word_1_168' title='bbox 342 2455 411 2508; x_wconf 89' lang='grc' dir='ltr'><strong>ἐκ</strong></span> <span class='ocrx_word' id='word_1_169' title='bbox 455 2454 661 2526; x_wconf 85' lang='grc' dir='ltr'>ταύτης</span> <span class='ocrx_word' id='word_1_170' title='bbox 701 2456 916 2525; x_wconf 82' lang='grc' dir='ltr'>ἀγαθὰ,</span> <span class='ocrx_word' id='word_1_171' title='bbox 955 2457 1136 2526; x_wconf 83' lang='grc' dir='ltr'>ἀέρων</span> <span class='ocrx_word' id='word_1_172' title='bbox 1164 2474 1225 2511; x_wconf 91' lang='grc' dir='ltr'><strong>τε</strong></span> <span class='ocrx_word' id='word_1_173' title='bbox 1257 2457 1551 2529; x_wconf 77' lang='grc' dir='ltr'>εὐκρασία,</span> <span class='ocrx_word' id='word_1_174' title='bbox 1583 2461 1680 2513; x_wconf 71' lang='grc' dir='ltr'>καὶ</span> <span class='ocrx_word' id='word_1_175' title='bbox 1707 2461 1821 2515; x_wconf 85' lang='grc' dir='ltr'><strong>τῶν</strong></span> 
     </span>
    </p>
   </div>
   <div class='ocr_carea' id='block_1_27' title="bbox 226 2545 1822 2617">
    <p class='ocr_par' dir='ltr' id='par_1_27' title="bbox 226 2545 1822 2617">
     <span class='ocr_line' id='line_1_27' title="bbox 226 2545 1822 2617; baseline 0.003 -18"><span class='ocrx_word' id='word_1_176' title='bbox 226 2545 461 2616; x_wconf 83' lang='grc' dir='ltr'>καρπῶν</span> <span class='ocrx_word' id='word_1_177' title='bbox 508 2547 742 2617; x_wconf 86' lang='grc' dir='ltr'>εύφορία</span> <span class='ocrx_word' id='word_1_178' title='bbox 765 2589 780 2612; x_wconf 91' lang='grc'><strong>,</strong></span> <span class='ocrx_word' id='word_1_179' title='bbox 839 2547 937 2600; x_wconf 62' lang='grc' dir='ltr'><strong>διὶὶ</strong></span> <span class='ocrx_word' id='word_1_180' title='bbox 987 2547 1056 2600; x_wconf 86' lang='grc' dir='ltr'><strong>τὰ</strong></span> <span class='ocrx_word' id='word_1_181' title='bbox 1089 2546 1227 2601; x_wconf 79' lang='grc' dir='ltr'>ἄλλα</span> <span class='ocrx_word' id='word_1_182' title='bbox 1253 2546 1308 2600; x_wconf 85' lang='grc' dir='ltr'>δὲ</span> <span class='ocrx_word' id='word_1_183' title='bbox 1338 2547 1408 2602; x_wconf 82' lang='grc' dir='ltr'><strong>τὰ</strong></span> <span class='ocrx_word' id='word_1_184' title='bbox 1434 2548 1822 2604; x_wconf 69' lang='grc' dir='ltr'>λυσιτελοῦντα.</span> 
     </span>
    </p>
   </div>
   <div class='ocr_carea' id='block_1_28' title="bbox 225 2636 1822 2716">
    <p class='ocr_par' dir='ltr' id='par_1_28' title="bbox 225 2636 1822 2716">
     <span class='ocr_line' id='line_1_28' title="bbox 225 2636 1822 2716; baseline 0.001 -26"><span class='ocrx_word' id='word_1_185' title='bbox 225 2638 337 2702; x_wconf 85' lang='grc' dir='ltr'>τοῖς</span> <span class='ocrx_word' id='word_1_186' title='bbox 386 2636 703 2706; x_wconf 82' lang='grc' dir='ltr'>ἀνθρώποις</span> <span class='ocrx_word' id='word_1_187' title='bbox 762 2637 1276 2716; x_wconf 85' lang='grc' dir='ltr'>φιλοτιμηθήσεται.</span> <span class='ocrx_word' id='word_1_188' title='bbox 1339 2639 1528 2704; x_wconf 79' lang='grc' dir='ltr'>Οὕτως</span> <span class='ocrx_word' id='word_1_189' title='bbox 1577 2640 1671 2694; x_wconf 80' lang='grc' dir='ltr'>οὖν</span> <span class='ocrx_word' id='word_1_190' title='bbox 1722 2642 1822 2712; x_wconf 84' lang='grc' dir='ltr'>τῆς</span> 
     </span>
    </p>
   </div>
   <div class='ocr_carea' id='block_1_29' title="bbox 226 2729 1818 2806">
    <p class='ocr_par' dir='ltr' id='par_1_29' title="bbox 226 2729 1818 2806">
     <span class='ocr_line' id='line_1_29' title="bbox 226 2729 1818 2806; baseline 0.003 -22"><span class='ocrx_word' id='word_1_191' title='bbox 226 2731 533 2802; x_wconf 82' lang='grc' dir='ltr'>ἀμωμήτου</span> <span class='ocrx_word' id='word_1_192' title='bbox 568 2729 800 2795; x_wconf 81' lang='grc' dir='ltr'>πίστεως</span> <span class='ocrx_word' id='word_1_193' title='bbox 844 2733 994 2803; x_wconf 80' lang='grc' dir='ltr'>ἡμᾶς</span> <span class='ocrx_word' id='word_1_194' title='bbox 1021 2749 1083 2785; x_wconf 89' lang='grc' dir='ltr'><strong>τε</strong></span> <span class='ocrx_word' id='word_1_195' title='bbox 1115 2733 1211 2786; x_wconf 73' lang='grc' dir='ltr'>καὶ</span> <span class='ocrx_word' id='word_1_196' title='bbox 1242 2733 1312 2786; x_wconf 83' lang='grc' dir='ltr'><strong>τὰ</strong></span> <span class='ocrx_word' id='word_1_197' title='bbox 1349 2732 1632 2803; x_wconf 82' lang='grc' dir='ltr'>Ῥωμαϊκὰ</span> <span class='ocrx_word' id='word_1_198' title='bbox 1661 2752 1818 2806; x_wconf 84' lang='grc' dir='ltr'>περι-</span> 
     </span>
    </p>
   </div>
   <div class='ocr_carea' id='block_1_30' title="bbox 229 2822 1821 2898">
    <p class='ocr_par' dir='ltr' id='par_1_30' title="bbox 229 2822 1821 2898">
     <span class='ocr_line' id='line_1_30' title="bbox 229 2822 1821 2898; baseline 0.003 -22"><span class='ocrx_word' id='word_1_199' title='bbox 229 2822 515 2893; x_wconf 79' lang='grc' dir='ltr'>σωζούσης</span> <span class='ocrx_word' id='word_1_200' title='bbox 541 2822 876 2895; x_wconf 84' lang='grc' dir='ltr'>πράγματα,</span> <span class='ocrx_word' id='word_1_201' title='bbox 903 2824 1123 2896; x_wconf 83' lang='grc' dir='ltr'>δεήσεις</span> <span class='ocrx_word' id='word_1_202' title='bbox 1143 2826 1278 2897; x_wconf 78' lang='grc' dir='ltr'>ἡμῖν</span> <span class='ocrx_word' id='word_1_203' title='bbox 1303 2826 1821 2898; x_wconf 81' lang='grc' dir='ltr'>προσεκομίσθησαν</span> 
     </span>
    </p>
   </div>
   <div class='ocr_carea' id='block_1_31' title="bbox 226 2916 1820 2991">
    <p class='ocr_par' dir='ltr' id='par_1_31' title="bbox 226 2916 1820 2991">
     <span class='ocr_line' id='line_1_31' title="bbox 226 2916 1820 2991; baseline 0.002 -20"><span class='ocrx_word' id='word_1_204' title='bbox 226 2916 382 2988; x_wconf 79' lang='grc' dir='ltr'>παρὰ</span> <span class='ocrx_word' id='word_1_205' title='bbox 424 2917 696 2972; x_wconf 87' lang='grc' dir='ltr'>θεοσεϐὦν</span> <span class='ocrx_word' id='word_1_206' title='bbox 734 2917 1178 2988; x_wconf 83' lang='grc' dir='ltr'>ἀρχιμανδριτῶν</span> <span class='ocrx_word' id='word_1_207' title='bbox 1223 2918 1318 2972; x_wconf 63' lang='grc' dir='ltr'><strong>καὶ¹</strong></span> <span class='ocrx_word' id='word_1_208' title='bbox 1358 2919 1672 2991; x_wconf 79' lang='grc' dir='ltr'>ἐρημιτῶν,</span> <span class='ocrx_word' id='word_1_209' title='bbox 1723 2921 1820 2974; x_wconf 71' lang='grc' dir='ltr'>καὶ</span> 
     </span>
    </p>
   </div>
   <div class='ocr_carea' id='block_1_32' title="bbox 228 3011 1819 3084">
    <p class='ocr_par' dir='ltr' id='par_1_32' title="bbox 228 3011 1819 3084">
     <span class='ocr_line' id='line_1_32' title="bbox 228 3011 1819 3084; baseline 0.002 -18"><span class='ocrx_word' id='word_1_210' title='bbox 228 3011 433 3083; x_wconf 80' lang='grc' dir='ltr'>ἑτέρων</span> <span class='ocrx_word' id='word_1_211' title='bbox 466 3011 764 3082; x_wconf 81' lang='grc' dir='ltr'>αἱδεσίμων</span> <span class='ocrx_word' id='word_1_212' title='bbox 795 3012 1008 3082; x_wconf 86' lang='grc' dir='ltr'>ἀνδρῶν</span> <span class='ocrx_word' id='word_1_213' title='bbox 1027 3051 1042 3077; x_wconf 92' lang='grc'><strong>,</strong></span> <span class='ocrx_word' id='word_1_214' title='bbox 1093 3012 1233 3082; x_wconf 87' lang='grc' dir='ltr'>μετὰ</span> <span class='ocrx_word' id='word_1_215' title='bbox 1263 3013 1515 3084; x_wconf 84' lang='grc' dir='ltr'>δακρύων</span> <span class='ocrx_word' id='word_1_216' title='bbox 1543 3015 1819 3069; x_wconf 77' lang='grc' dir='ltr'>ἱκετευόν-</span> 
     </span>
    </p>
   </div>
   <div class='ocr_carea' id='block_1_33' title="bbox 227 3105 1817 3179">
    <p class='ocr_par' dir='ltr' id='par_1_33' title="bbox 227 3105 1817 3179">
     <span class='ocr_line' id='line_1_33' title="bbox 227 3105 1817 3179; baseline 0.002 -19"><span class='ocrx_word' id='word_1_217' title='bbox 227 3123 354 3169; x_wconf 89' lang='grc' dir='ltr'>των,</span> <span class='ocrx_word' id='word_1_218' title='bbox 392 3106 588 3160; x_wconf 78' lang='grc' dir='ltr'>ἐνωσιν</span> <span class='ocrx_word' id='word_1_219' title='bbox 622 3105 881 3176; x_wconf 88' lang='grc' dir='ltr'>γενέσθαι</span> <span class='ocrx_word' id='word_1_220' title='bbox 918 3109 1040 3170; x_wconf 84' lang='grc' dir='ltr'>ταῖς</span> <span class='ocrx_word' id='word_1_221' title='bbox 1073 3106 1411 3177; x_wconf 78' lang='grc' dir='ltr'>ἁγιωτάταις</span> <span class='ocrx_word' id='word_1_222' title='bbox 1441 3107 1817 3179; x_wconf 86' lang='grc' dir='ltr'>Ἐκκλησίαις,</span> 
     </span>
    </p>
   </div>
   <div class='ocr_carea' id='block_1_34' title="bbox 230 3198 1823 3273">
    <p class='ocr_par' dir='ltr' id='par_1_34' title="bbox 230 3198 1823 3273">
     <span class='ocr_line' id='line_1_34' title="bbox 230 3198 1823 3273; baseline 0 -19"><span class='ocrx_word' id='word_1_223' title='bbox 230 3198 657 3270; x_wconf 65' lang='grc' dir='ltr'>πναφθῆναίτε</span> <span class='ocrx_word' id='word_1_224' title='bbox 697 3199 768 3254; x_wconf 79' lang='grc' dir='ltr'>τὰ</span> <span class='ocrx_word' id='word_1_225' title='bbox 804 3199 942 3272; x_wconf 84' lang='grc' dir='ltr'>μέλη</span> <span class='ocrx_word' id='word_1_226' title='bbox 991 3201 1103 3264; x_wconf 81' lang='grc' dir='ltr'>τοῖς</span> <span class='ocrx_word' id='word_1_227' title='bbox 1141 3200 1389 3271; x_wconf 77' lang='grc' dir='ltr'>μέλεσιν,</span> <span class='ocrx_word' id='word_1_228' title='bbox 1435 3200 1581 3273; x_wconf 76' lang='grc' dir='ltr'>ἅπερ</span> <span class='ocrx_word' id='word_1_229' title='bbox 1608 3203 1636 3255; x_wconf 90' lang='grc' dir='ltr'>ὁ</span> <span class='ocrx_word' id='word_1_230' title='bbox 1666 3201 1823 3272; x_wconf 81' lang='grc' dir='ltr'>μισό-</span> 
     </span>
    </p>
   </div>
   <div class='ocr_carea' id='block_1_35' title="bbox 229 3291 1816 3365">
    <p class='ocr_par' dir='ltr' id='par_1_35' title="bbox 229 3291 1816 3365">
     <span class='ocr_line' id='line_1_35' title="bbox 229 3291 1816 3365; baseline 0.001 -19"><span class='ocrx_word' id='word_1_231' title='bbox 229 3295 395 3357; x_wconf 87' lang='grc' dir='ltr'>καλος</span> <span class='ocrx_word' id='word_1_232' title='bbox 450 3293 558 3347; x_wconf 81' lang='grc' dir='ltr'><strong>ἀπὸ</strong></span> <span class='ocrx_word' id='word_1_233' title='bbox 606 3291 878 3351; x_wconf 78' lang='grc' dir='ltr'>πλείστων</span> <span class='ocrx_word' id='word_1_234' title='bbox 917 3293 1128 3364; x_wconf 87' lang='grc' dir='ltr'>χρόνων</span> <span class='ocrx_word' id='word_1_235' title='bbox 1168 3294 1405 3365; x_wconf 85' lang='grc' dir='ltr'>χωρίσαι</span> <span class='ocrx_word' id='word_1_236' title='bbox 1435 3294 1779 3365; x_wconf 89' lang='grc' dir='ltr'>κατηπείχθη</span> <span class='ocrx_word' id='word_1_237' title='bbox 1802 3311 1816 3324; x_wconf 87' lang='grc'><strong>·</strong></span> 
     </span>
    </p>
   </div>
   <div class='ocr_carea' id='block_1_36' title="bbox 227 3384 1820 3464">
    <p class='ocr_par' dir='ltr' id='par_1_36' title="bbox 227 3384 1820 3464">
     <span class='ocr_line' id='line_1_36' title="bbox 227 3384 1820 3464; baseline -0.001 -24"><span class='ocrx_word' id='word_1_238' title='bbox 227 3386 512 3456; x_wconf 78' lang='grc' dir='ltr'>γινώσκων</span> <span class='ocrx_word' id='word_1_239' title='bbox 539 3384 614 3449; x_wconf 82' lang='grc' dir='ltr'>ὡς</span> <span class='ocrx_word' id='word_1_240' title='bbox 642 3385 691 3438; x_wconf 83' lang='grc' dir='ltr'><strong>εί</strong></span> <span class='ocrx_word' id='word_1_241' title='bbox 712 3385 993 3457; x_wconf 81' lang='grc' dir='ltr'>ὁλοκλήρῳ</span> <span class='ocrx_word' id='word_1_242' title='bbox 1016 3385 1094 3457; x_wconf 82' lang='grc' dir='ltr'><strong>τῷ</strong></span> <span class='ocrx_word' id='word_1_243' title='bbox 1119 3385 1218 3453; x_wconf 83' lang='grc' dir='ltr'>τῆς</span> <span class='ocrx_word' id='word_1_244' title='bbox 1249 3386 1575 3464; x_wconf 82' lang='grc' dir='ltr'>Ἐκκλησίας</span> <span class='ocrx_word' id='word_1_245' title='bbox 1606 3386 1820 3457; x_wconf 86' lang='grc' dir='ltr'>σώματι</span> 
     </span>
    </p>
   </div>
   <div class='ocr_carea' id='block_1_37' title="bbox 230 3477 1820 3561">
    <p class='ocr_par' dir='ltr' id='par_1_37' title="bbox 230 3477 1820 3561">
     <span class='ocr_line' id='line_1_37' title="bbox 230 3477 1820 3561; baseline 0 -30"><span class='ocrx_word' id='word_1_246' title='bbox 230 3477 492 3552; x_wconf 78' lang='grc' dir='ltr'>πολεμῴη</span> <span class='ocrx_word' id='word_1_247' title='bbox 525 3477 662 3548; x_wconf 79' lang='grc'>(90),</span> <span class='ocrx_word' id='word_1_248' title='bbox 698 3477 1088 3561; x_wconf 72' lang='grc' dir='ltr'>ήττηθήσεται.</span> <span class='ocrx_word' id='word_1_249' title='bbox 1126 3477 1426 3547; x_wconf 84' lang='grc' dir='ltr'>Συμϐαίνει</span> <span class='ocrx_word' id='word_1_250' title='bbox 1457 3477 1566 3549; x_wconf 79' lang='grc' dir='ltr'><strong>γὰρ</strong></span> <span class='ocrx_word' id='word_1_251' title='bbox 1603 3479 1668 3530; x_wconf 90' lang='grc' dir='ltr'><strong>ἐκ</strong></span> <span class='ocrx_word' id='word_1_252' title='bbox 1695 3477 1820 3532; x_wconf 85' lang='grc' dir='ltr'>τού·</span> 
     </span>
    </p>
   </div>
   <div class='ocr_carea' id='block_1_38' title="bbox 228 3565 1821 3641">
    <p class='ocr_par' dir='ltr' id='par_1_38' title="bbox 228 3565 1821 3641">
     <span class='ocr_line' id='line_1_38' title="bbox 228 3565 1821 3641; baseline -0.002 -16"><span class='ocrx_word' id='word_1_253' title='bbox 228 3588 322 3625; x_wconf 88' lang='grc' dir='ltr'><strong>του</strong></span> <span class='ocrx_word' id='word_1_254' title='bbox 375 3570 470 3625; x_wconf 83' lang='grc' dir='ltr'>καὶ</span> <span class='ocrx_word' id='word_1_255' title='bbox 514 3569 710 3639; x_wconf 78' lang='grc' dir='ltr'>γενεὰς</span> <span class='ocrx_word' id='word_1_256' title='bbox 758 3570 1168 3641; x_wconf 84' lang='grc' dir='ltr'>ἀναριθμήτους</span> <span class='ocrx_word' id='word_1_257' title='bbox 1210 3565 1372 3636; x_wconf 78' lang='grc' dir='ltr'>εἶναι,</span> <span class='ocrx_word' id='word_1_258' title='bbox 1407 3569 1540 3634; x_wconf 82' lang='grc' dir='ltr'>ὅσας</span> <span class='ocrx_word' id='word_1_259' title='bbox 1571 3570 1599 3621; x_wconf 86' lang='grc' dir='ltr'><strong>ὁ</strong></span> <span class='ocrx_word' id='word_1_260' title='bbox 1628 3569 1821 3640; x_wconf 83' lang='grc' dir='ltr'>χρόνος</span> 
     </span>
    </p>
   </div>
   <div class='ocr_carea' id='block_1_39' title="bbox 233 3659 1819 3732">
    <p class='ocr_par' dir='ltr' id='par_1_39' title="bbox 233 3659 1819 3732">
     <span class='ocr_line' id='line_1_39' title="bbox 233 3659 1819 3732; baseline -0.001 -17"><span class='ocrx_word' id='word_1_261' title='bbox 233 3664 287 3716; x_wconf 81' lang='grc' dir='ltr'><strong>ἐν</strong></span> <span class='ocrx_word' id='word_1_262' title='bbox 313 3660 590 3727; x_wconf 87' lang='grc' dir='ltr'>τοσούτοις</span> <span class='ocrx_word' id='word_1_263' title='bbox 611 3660 756 3714; x_wconf 76' lang='grc' dir='ltr'>ἔτεσι</span> <span class='ocrx_word' id='word_1_264' title='bbox 779 3662 878 3732; x_wconf 82' lang='grc' dir='ltr'>τῆς</span> <span class='ocrx_word' id='word_1_265' title='bbox 901 3659 1050 3730; x_wconf 77' lang='grc' dir='ltr'>ζωῆς</span> <span class='ocrx_word' id='word_1_266' title='bbox 1078 3659 1446 3731; x_wconf 80' lang='grc' dir='ltr'>ὑπεξήγαγεν·</span> <span class='ocrx_word' id='word_1_267' title='bbox 1475 3660 1571 3713; x_wconf 81' lang='grc' dir='ltr'>καὶ</span> <span class='ocrx_word' id='word_1_268' title='bbox 1593 3659 1694 3722; x_wconf 85' lang='grc' dir='ltr'>τὰς</span> <span class='ocrx_word' id='word_1_269' title='bbox 1719 3660 1819 3730; x_wconf 85' lang='grc' dir='ltr'>μὲν</span> 
     </span>
    </p>
   </div>
   <div class='ocr_carea' id='block_1_40' title="bbox 228 3750 1824 3828">
    <p class='ocr_par' dir='ltr' id='par_1_40' title="bbox 228 3750 1824 3828">
     <span class='ocr_line' id='line_1_40' title="bbox 228 3750 1824 3828; baseline -0.002 -20"><span class='ocrx_word' id='word_1_270' title='bbox 228 3752 324 3808; x_wconf 82' lang='grc' dir='ltr'><strong>τοῦ</strong></span> <span class='ocrx_word' id='word_1_271' title='bbox 377 3753 610 3825; x_wconf 91' lang='grc' dir='ltr'>λουτροῦ</span> <span class='ocrx_word' id='word_1_272' title='bbox 658 3751 802 3824; x_wconf 81' lang='grc'>(91)</span> <span class='ocrx_word' id='word_1_273' title='bbox 837 3752 950 3828; x_wconf 31' lang='grc' dir='ltr'>,τῆς</span> <span class='ocrx_word' id='word_1_274' title='bbox 986 3750 1412 3821; x_wconf 80' lang='grc' dir='ltr'>παλιγγενεσίας</span> <span class='ocrx_word' id='word_1_275' title='bbox 1449 3751 1824 3823; x_wconf 81' lang='grc' dir='ltr'>ἐστερημένας</span> 
     </span>
    </p>
   </div>
   <div class='ocr_carea' id='block_1_41' title="bbox 230 3843 1816 3916">
    <p class='ocr_par' dir='ltr' id='par_1_41' title="bbox 230 3843 1816 3916">
     <span class='ocr_line' id='line_1_41' title="bbox 230 3843 1816 3916; baseline -0.001 -16"><span class='ocrx_word' id='word_1_276' title='bbox 230 3845 489 3900; x_wconf 83' lang='grc' dir='ltr'>ἀπελθεῖν</span> <span class='ocrx_word' id='word_1_277' title='bbox 509 3886 525 3911; x_wconf 94' lang='grc'><strong>,</strong></span> <span class='ocrx_word' id='word_1_278' title='bbox 561 3846 660 3908; x_wconf 81' lang='grc' dir='ltr'><strong>τὰς</strong></span> <span class='ocrx_word' id='word_1_279' title='bbox 688 3845 746 3898; x_wconf 83' lang='grc' dir='ltr'><strong>δέ</strong></span> <span class='ocrx_word' id='word_1_280' title='bbox 775 3845 877 3913; x_wconf 84' lang='grc' dir='ltr'>τῆς</span> <span class='ocrx_word' id='word_1_281' title='bbox 905 3843 1054 3909; x_wconf 78' lang='grc' dir='ltr'>θείας</span> <span class='ocrx_word' id='word_1_282' title='bbox 1079 3844 1368 3908; x_wconf 86' lang='grc' dir='ltr'>κοινωνίας</span> <span class='ocrx_word' id='word_1_283' title='bbox 1398 3843 1473 3916; x_wconf 79' lang='grc' dir='ltr'>μὴ</span> <span class='ocrx_word' id='word_1_284' title='bbox 1505 3844 1816 3916; x_wconf 86' lang='grc' dir='ltr'>μετασχού-</span> 
     </span>
    </p>
   </div>
   <div class='ocr_carea' id='block_1_42' title="bbox 232 3937 1822 4011">
    <p class='ocr_par' dir='ltr' id='par_1_42' title="bbox 232 3937 1822 4011">
     <span class='ocr_line' id='line_1_42' title="bbox 232 3937 1822 4011; baseline 0.001 -19"><span class='ocrx_word' id='word_1_285' title='bbox 232 3957 351 4005; x_wconf 81' lang='grc' dir='ltr'>σας,</span> <span class='ocrx_word' id='word_1_286' title='bbox 379 3939 518 4010; x_wconf 81' lang='grc' dir='ltr'>πρὸς</span> <span class='ocrx_word' id='word_1_287' title='bbox 541 3938 640 4011; x_wconf 81' lang='grc' dir='ltr'>τὴν</span> <span class='ocrx_word' id='word_1_288' title='bbox 671 3937 782 3991; x_wconf 83' lang='grc' dir='ltr'>τῶν</span> <span class='ocrx_word' id='word_1_289' title='bbox 807 3937 1115 4009; x_wconf 85' lang='grc' dir='ltr'>ἀνθρώπων</span> <span class='ocrx_word' id='word_1_290' title='bbox 1145 3939 1526 4009; x_wconf 79' lang='grc' dir='ltr'>ἀπαραίτητον</span> <span class='ocrx_word' id='word_1_291' title='bbox 1550 3938 1822 4010; x_wconf 75' lang='grc' dir='ltr'>ἐκδημίαν</span> 
     </span>
    </p>
   </div>
   <div class='ocr_carea' id='block_1_43' title="bbox 229 4030 1823 4103">
    <p class='ocr_par' dir='ltr' id='par_1_43' title="bbox 229 4030 1823 4103">
     <span class='ocr_line' id='line_1_43' title="bbox 229 4030 1823 4103; baseline -0.001 -17"><span class='ocrx_word' id='word_1_292' title='bbox 229 4031 576 4102; x_wconf 68' lang='grc' dir='ltr'>ἀπαχθῆναι*</span> <span class='ocrx_word' id='word_1_293' title='bbox 607 4031 802 4100; x_wconf 83' lang='grc' dir='ltr'>φόνους</span> <span class='ocrx_word' id='word_1_294' title='bbox 825 4047 883 4084; x_wconf 91' lang='grc' dir='ltr'><strong>τε</strong></span> <span class='ocrx_word' id='word_1_295' title='bbox 905 4030 1246 4102; x_wconf 83' lang='grc' dir='ltr'>τολμηθῆναι</span> <span class='ocrx_word' id='word_1_296' title='bbox 1273 4032 1523 4103; x_wconf 88' lang='grc' dir='ltr'>μυρίους,</span> <span class='ocrx_word' id='word_1_297' title='bbox 1538 4032 1634 4086; x_wconf 70' lang='grc' dir='ltr'>καὶ</span> <span class='ocrx_word' id='word_1_298' title='bbox 1656 4033 1823 4103; x_wconf 83' lang='grc' dir='ltr'>αἱμά-</span> 
     </span>
    </p>
   </div>
   <div class='ocr_carea' id='block_1_44' title="bbox 228 4123 1820 4196">
    <p class='ocr_par' dir='ltr' id='par_1_44' title="bbox 228 4123 1820 4196">
     <span class='ocr_line' id='line_1_44' title="bbox 228 4123 1820 4196; baseline 0 -18"><span class='ocrx_word' id='word_1_299' title='bbox 228 4142 337 4178; x_wconf 83' lang='grc' dir='ltr'><strong>των</strong></span> <span class='ocrx_word' id='word_1_300' title='bbox 361 4125 562 4196; x_wconf 81' lang='grc' dir='ltr'>πλήθει</span> <span class='ocrx_word' id='word_1_301' title='bbox 593 4125 929 4196; x_wconf 80' lang='grc' dir='ltr'>μολυνθῆναι</span> <span class='ocrx_word' id='word_1_302' title='bbox 967 4125 1044 4194; x_wconf 82' lang='grc' dir='ltr'>μὴ</span> <span class='ocrx_word' id='word_1_303' title='bbox 1075 4124 1236 4194; x_wconf 87' lang='grc' dir='ltr'>μόνον</span> <span class='ocrx_word' id='word_1_304' title='bbox 1269 4125 1366 4196; x_wconf 82' lang='grc' dir='ltr'>τὴν</span> <span class='ocrx_word' id='word_1_305' title='bbox 1392 4125 1517 4196; x_wconf 78' lang='grc' dir='ltr'>γῆν,</span> <span class='ocrx_word' id='word_1_306' title='bbox 1558 4123 1693 4178; x_wconf 82' lang='grc' dir='ltr'><strong>ἀλλὰ</strong></span> <span class='ocrx_word' id='word_1_307' title='bbox 1722 4125 1820 4178; x_wconf 78' lang='grc' dir='ltr'>καὶ</span> 
     </span>
    </p>
   </div>
   <div class='ocr_carea' id='block_1_45' title="bbox 229 4215 1823 4293">
    <p class='ocr_par' dir='ltr' id='par_1_45' title="bbox 229 4215 1823 4293">
     <span class='ocr_line' id='line_1_45' title="bbox 229 4215 1823 4293; baseline 0 -24"><span class='ocrx_word' id='word_1_308' title='bbox 229 4216 391 4270; x_wconf 76' lang='grc' dir='ltr'>αὐτὸν</span> <span class='ocrx_word' id='word_1_309' title='bbox 426 4217 518 4270; x_wconf 80' lang='grc' dir='ltr'>τὸν</span> <span class='ocrx_word' id='word_1_310' title='bbox 547 4217 705 4288; x_wconf 85' lang='grc' dir='ltr'>ἀέρα.</span> <span class='ocrx_word' id='word_1_311' title='bbox 745 4217 933 4271; x_wconf 86' lang='grc' dir='ltr'>Ταῦτα</span> <span class='ocrx_word' id='word_1_312' title='bbox 962 4217 1046 4279; x_wconf 84' lang='grc' dir='ltr'><strong>τίς</strong></span> <span class='ocrx_word' id='word_1_313' title='bbox 1077 4215 1179 4271; x_wconf 80' lang='grc' dir='ltr'>οὐκ</span> <span class='ocrx_word' id='word_1_314' title='bbox 1203 4215 1271 4271; x_wconf 87' lang='grc' dir='ltr'>ἂν</span> <span class='ocrx_word' id='word_1_315' title='bbox 1299 4218 1380 4280; x_wconf 88' lang='grc' dir='ltr'><strong>είς</strong></span> <span class='ocrx_word' id='word_1_316' title='bbox 1403 4215 1465 4270; x_wconf 82' lang='grc' dir='ltr'>τὸ</span> <span class='ocrx_word' id='word_1_317' title='bbox 1491 4216 1697 4293; x_wconf 68' lang='grc' dir='ltr'>ἀγαθον</span> <span class='ocrx_word' id='word_1_318' title='bbox 1727 4234 1823 4286; x_wconf 91' lang='grc' dir='ltr'>με-</span> 
     </span>
    </p>
   </div>
   <div class='ocr_carea' id='block_1_46' title="bbox 228 4307 1824 4380">
    <p class='ocr_par' dir='ltr' id='par_1_46' title="bbox 228 4307 1824 4380">
     <span class='ocr_line' id='line_1_46' title="bbox 228 4307 1824 4380; baseline 0.002 -21"><span class='ocrx_word' id='word_1_319' title='bbox 228 4308 668 4380; x_wconf 84' lang='grc' dir='ltr'>τασκευασθῆναι</span> <span class='ocrx_word' id='word_1_320' title='bbox 699 4307 1085 4380; x_wconf 84' lang='grc' dir='ltr'>προσεύξὸιτο;</span> <span class='ocrx_word' id='word_1_321' title='bbox 1107 4307 1206 4363; x_wconf 79' lang='grc' dir='ltr'><strong>Διά</strong></span> <span class='ocrx_word' id='word_1_322' title='bbox 1223 4325 1306 4362; x_wconf 91' lang='grc' dir='ltr'><strong>τοι</strong></span> <span class='ocrx_word' id='word_1_323' title='bbox 1332 4309 1508 4376; x_wconf 89' lang='grc' dir='ltr'>τοῦτο,</span> <span class='ocrx_word' id='word_1_324' title='bbox 1533 4307 1824 4378; x_wconf 86' lang='grc' dir='ltr'>γινώσκειν</span> 
     </span>
    </p>
   </div>
   <div class='ocr_carea' id='block_1_47' title="bbox 228 4396 1818 4473">
    <p class='ocr_par' dir='ltr' id='par_1_47' title="bbox 228 4396 1818 4473">
     <span class='ocr_line' id='line_1_47' title="bbox 228 4396 1818 4473; baseline 0.001 -20"><span class='ocrx_word' id='word_1_325' title='bbox 228 4401 375 4471; x_wconf 73' lang='grc' dir='ltr'>ὑμᾶς</span> <span class='ocrx_word' id='word_1_326' title='bbox 407 4401 824 4471; x_wconf 73' lang='grc' dir='ltr'>ἐσπουδάσαμεν</span> <span class='ocrx_word' id='word_1_327' title='bbox 845 4440 860 4464; x_wconf 86' lang='grc'><strong>,</strong></span> <span class='ocrx_word' id='word_1_328' title='bbox 896 4401 978 4454; x_wconf 81' lang='grc' dir='ltr'>ὅτι</span> <span class='ocrx_word' id='word_1_329' title='bbox 1015 4401 1108 4454; x_wconf 71' lang='grc' dir='ltr'>καὶ</span> <span class='ocrx_word' id='word_1_330' title='bbox 1139 4396 1299 4473; x_wconf 74' lang='grc' dir='ltr'>ἡμεῖς</span> <span class='ocrx_word' id='word_1_331' title='bbox 1329 4401 1426 4456; x_wconf 73' lang='grc' dir='ltr'>καὶ</span> <span class='ocrx_word' id='word_1_332' title='bbox 1455 4401 1510 4454; x_wconf 88' lang='grc' dir='ltr'><strong>αί</strong></span> <span class='ocrx_word' id='word_1_333' title='bbox 1539 4398 1818 4472; x_wconf 87' lang='grc' dir='ltr'>πανταχοῦ</span> 
     </span>
    </p>
   </div>
   <div class='ocr_carea' id='block_1_48' title="bbox 229 4491 1823 4564">
    <p class='ocr_par' dir='ltr' id='par_1_48' title="bbox 229 4491 1823 4564">
     <span class='ocr_line' id='line_1_48' title="bbox 229 4491 1823 4564; baseline -0.003 -16"><span class='ocrx_word' id='word_1_334' title='bbox 229 4492 552 4563; x_wconf 81' lang='grc' dir='ltr'>Ἑκκλησίαι</span> <span class='ocrx_word' id='word_1_335' title='bbox 585 4493 772 4562; x_wconf 78' lang='grc' dir='ltr'>ἓτερον</span> <span class='ocrx_word' id='word_1_336' title='bbox 805 4492 1078 4563; x_wconf 83' lang='grc' dir='ltr'>σύμϐολον</span> <span class='ocrx_word' id='word_1_337' title='bbox 1108 4493 1141 4564; x_wconf 83' lang='grc' dir='ltr'><strong>ἢ</strong></span> <span class='ocrx_word' id='word_1_338' title='bbox 1181 4492 1413 4563; x_wconf 84' lang='grc' dir='ltr'>μάθημα</span> <span class='ocrx_word' id='word_1_339' title='bbox 1436 4533 1450 4557; x_wconf 91' lang='grc'><strong>,</strong></span> <span class='ocrx_word' id='word_1_340' title='bbox 1496 4492 1530 4562; x_wconf 85' lang='grc' dir='ltr'>ἢ</span> <span class='ocrx_word' id='word_1_341' title='bbox 1573 4492 1700 4564; x_wconf 82' lang='grc' dir='ltr'>ὅρον</span> <span class='ocrx_word' id='word_1_342' title='bbox 1729 4491 1823 4545; x_wconf 83' lang='grc' dir='ltr'>πί·-</span> 
     </span>
    </p>
   </div>
   <div class='ocr_carea' id='block_1_49' title="bbox 1931 618 3513 691">
    <p class='ocr_par' dir='ltr' id='par_1_49' title="bbox 1931 618 3513 691">
     <span class='ocr_line' id='line_1_49' title="bbox 1931 618 3513 691; baseline 0.001 -18"><span class='ocrx_word' id='word_1_343' title='bbox 1931 618 2112 673; x_wconf 85' lang='lat' dir='ltr'><strong>decim</strong></span> <span class='ocrx_word' id='word_1_344' title='bbox 2135 618 2311 674; x_wconf 88' lang='lat' dir='ltr'><strong>sancti</strong></span> <span class='ocrx_word' id='word_1_345' title='bbox 2332 621 2524 675; x_wconf 90' lang='lat' dir='ltr'><strong>Patres</strong></span> <span class='ocrx_word' id='word_1_346' title='bbox 2541 621 2734 676; x_wconf 74' lang='lat' dir='ltr'><strong>Nicaeae</strong></span> <span class='ocrx_word' id='word_1_347' title='bbox 2752 619 3091 691; x_wconf 74' lang='lat' dir='ltr'><strong>congregati,</strong></span> <span class='ocrx_word' id='word_1_348' title='bbox 3113 620 3306 679; x_wconf 81' lang='lat' dir='ltr'><strong>divina</strong></span> <span class='ocrx_word' id='word_1_349' title='bbox 3340 620 3513 690; x_wconf 85' lang='lat' dir='ltr'><strong>inspi-</strong></span> 
     </span>
    </p>
   </div>
   <div class='ocr_carea' id='block_1_50' title="bbox 1929 713 3511 785">
    <p class='ocr_par' dir='ltr' id='par_1_50' title="bbox 1929 713 3511 785">
     <span class='ocr_line' id='line_1_50' title="bbox 1929 713 3511 785; baseline 0.004 -20"><span class='ocrx_word' id='word_1_350' title='bbox 1929 713 2145 767; x_wconf 76' lang='lat' dir='ltr'><strong>ratione</strong></span> <span class='ocrx_word' id='word_1_351' title='bbox 2172 722 2586 782; x_wconf 84' lang='lat' dir='ltr'><strong>exposuerunt:</strong></span> <span class='ocrx_word' id='word_1_352' title='bbox 2619 721 2843 768; x_wconf 88' lang='lat' dir='ltr'><strong>centum</strong></span> <span class='ocrx_word' id='word_1_353' title='bbox 2869 728 3002 768; x_wconf 88' lang='lat' dir='ltr'><strong>vero</strong></span> <span class='ocrx_word' id='word_1_354' title='bbox 3028 723 3084 768; x_wconf 90' lang='lat' dir='ltr'><strong>et</strong></span> <span class='ocrx_word' id='word_1_355' title='bbox 3111 714 3511 785; x_wconf 82' lang='lat' dir='ltr'><strong>quinquaginta</strong></span> 
     </span>
    </p>
   </div>
   <div class='ocr_carea' id='block_1_51' title="bbox 1927 801 3512 871">
    <p class='ocr_par' dir='ltr' id='par_1_51' title="bbox 1927 801 3512 871">
     <span class='ocr_line' id='line_1_51' title="bbox 1927 801 3512 871; baseline 0.001 -16"><span class='ocrx_word' id='word_1_356' title='bbox 1927 801 2121 857; x_wconf 89' lang='lat' dir='ltr'><strong>itidem</strong></span> <span class='ocrx_word' id='word_1_357' title='bbox 2149 802 2322 856; x_wconf 90' lang='lat' dir='ltr'><strong>sancti</strong></span> <span class='ocrx_word' id='word_1_358' title='bbox 2355 803 2548 858; x_wconf 87' lang='lat' dir='ltr'><strong>Patres</strong></span> <span class='ocrx_word' id='word_1_359' title='bbox 2585 801 3064 871; x_wconf 90' lang='lat' dir='ltr'><strong>Constantinopoli</strong></span> <span class='ocrx_word' id='word_1_360' title='bbox 3111 803 3329 857; x_wconf 87' lang='lat' dir='ltr'><strong>collecti</strong></span> <span class='ocrx_word' id='word_1_361' title='bbox 3374 819 3512 857; x_wconf 84' lang='lat' dir='ltr'><strong>con-</strong></span> 
     </span>
    </p>
   </div>
   <div class='ocr_carea' id='block_1_52' title="bbox 1930 893 3508 965">
    <p class='ocr_par' dir='ltr' id='par_1_52' title="bbox 1930 893 3508 965">
     <span class='ocr_line' id='line_1_52' title="bbox 1930 893 3508 965; baseline 0 -16"><span class='ocrx_word' id='word_1_362' title='bbox 1930 893 2243 962; x_wconf 77' lang='lat' dir='ltr'><strong>firmarunt,</strong></span> <span class='ocrx_word' id='word_1_363' title='bbox 2272 895 2368 950; x_wconf 92' lang='lat' dir='ltr'><strong>diu</strong></span> <span class='ocrx_word' id='word_1_364' title='bbox 2400 904 2699 965; x_wconf 90' lang='lat' dir='ltr'><strong>noctuque,</strong></span> <span class='ocrx_word' id='word_1_365' title='bbox 2723 894 2872 948; x_wconf 92' lang='lat' dir='ltr'><strong>omni</strong></span> <span class='ocrx_word' id='word_1_366' title='bbox 2899 894 3084 948; x_wconf 90' lang='lat' dir='ltr'><strong>studio</strong></span> <span class='ocrx_word' id='word_1_367' title='bbox 3122 909 3185 949; x_wconf 88' lang='lat' dir='ltr'><strong>ac</strong></span> <span class='ocrx_word' id='word_1_368' title='bbox 3223 894 3508 965; x_wconf 84' lang='lat' dir='ltr'><strong>diligentia</strong></span> 
     </span>
    </p>
   </div>
   <div class='ocr_carea' id='block_1_53' title="bbox 1927 987 3510 1059">
    <p class='ocr_par' dir='ltr' id='par_1_53' title="bbox 1927 987 3510 1059">
     <span class='ocr_line' id='line_1_53' title="bbox 1927 987 3510 1059; baseline -0.001 -15"><span class='ocrx_word' id='word_1_369' title='bbox 1927 997 1985 1044; x_wconf 90' lang='lat' dir='ltr'><strong>et</strong></span> <span class='ocrx_word' id='word_1_370' title='bbox 2017 989 2232 1059; x_wconf 84' lang='lat' dir='ltr'><strong>legibus</strong></span> <span class='ocrx_word' id='word_1_371' title='bbox 2261 988 2472 1044; x_wconf 89' lang='lat' dir='ltr'><strong>nostris</strong></span> <span class='ocrx_word' id='word_1_372' title='bbox 2521 988 2575 1042; x_wconf 92' lang='lat' dir='ltr'><strong>id</strong></span> <span class='ocrx_word' id='word_1_373' title='bbox 2624 987 2857 1059; x_wconf 85' lang='lat' dir='ltr'><strong>agimus,</strong></span> <span class='ocrx_word' id='word_1_374' title='bbox 2907 996 2968 1041; x_wconf 91' lang='lat' dir='ltr'><strong>ut</strong></span> <span class='ocrx_word' id='word_1_375' title='bbox 3008 987 3211 1056; x_wconf 91' lang='lat' dir='ltr'><strong>ubique</strong></span> <span class='ocrx_word' id='word_1_376' title='bbox 3260 987 3510 1042; x_wconf 89' lang='lat' dir='ltr'><strong>locorum</strong></span> 
     </span>
    </p>
   </div>
   <div class='ocr_carea' id='block_1_54' title="bbox 1927 1076 3512 1147">
    <p class='ocr_par' dir='ltr' id='par_1_54' title="bbox 1927 1076 3512 1147">
     <span class='ocr_line' id='line_1_54' title="bbox 1927 1076 3512 1147; baseline 0 -15"><span class='ocrx_word' id='word_1_377' title='bbox 1927 1086 2119 1133; x_wconf 89' lang='lat' dir='ltr'><strong>sancta</strong></span> <span class='ocrx_word' id='word_1_378' title='bbox 2172 1078 2448 1134; x_wconf 87' lang='lat' dir='ltr'><strong>catholica</strong></span> <span class='ocrx_word' id='word_1_379' title='bbox 2490 1085 2547 1132; x_wconf 91' lang='lat' dir='ltr'><strong>et</strong></span> <span class='ocrx_word' id='word_1_380' title='bbox 2589 1076 2889 1147; x_wconf 90' lang='lat' dir='ltr'><strong>apostolica</strong></span> <span class='ocrx_word' id='word_1_381' title='bbox 2936 1076 3033 1130; x_wconf 87' lang='lat' dir='ltr'><strong>Dei</strong></span> <span class='ocrx_word' id='word_1_382' title='bbox 3078 1077 3346 1140; x_wconf 87' lang='lat' dir='ltr'><strong>Ecclesia,</strong></span> <span class='ocrx_word' id='word_1_383' title='bbox 3390 1094 3512 1147; x_wconf 84' lang='lat' dir='ltr'><strong>quae</strong></span> 
     </span>
    </p>
   </div>
   <div class='ocr_carea' id='block_1_55' title="bbox 1928 1168 3510 1240">
    <p class='ocr_par' dir='ltr' id='par_1_55' title="bbox 1928 1168 3510 1240">
     <span class='ocr_line' id='line_1_55' title="bbox 1928 1168 3510 1240; baseline -0.001 -16"><span class='ocrx_word' id='word_1_384' title='bbox 1928 1169 2250 1238; x_wconf 87' lang='lat' dir='ltr'><strong>incorrupta</strong></span> <span class='ocrx_word' id='word_1_385' title='bbox 2288 1178 2454 1240; x_wconf 89' lang='lat' dir='ltr'><strong>atque</strong></span> <span class='ocrx_word' id='word_1_386' title='bbox 2496 1168 2819 1224; x_wconf 89' lang='lat' dir='ltr'><strong>immortalis</strong></span> <span class='ocrx_word' id='word_1_387' title='bbox 2847 1175 2932 1223; x_wconf 88' lang='lat' dir='ltr'><strong>est</strong></span> <span class='ocrx_word' id='word_1_388' title='bbox 2963 1177 3142 1224; x_wconf 84' lang='lat' dir='ltr'><strong>mater</strong></span> <span class='ocrx_word' id='word_1_389' title='bbox 3166 1177 3510 1238; x_wconf 88' lang='lat' dir='ltr'><strong>sceptrorum</strong></span> 
     </span>
    </p>
   </div>
   <div class='ocr_carea' id='block_1_56' title="bbox 1927 1261 3513 1332">
    <p class='ocr_par' dir='ltr' id='par_1_56' title="bbox 1927 1261 3513 1332">
     <span class='ocr_line' id='line_1_56' title="bbox 1927 1261 3513 1332; baseline 0.002 -17"><span class='ocrx_word' id='word_1_390' title='bbox 1927 1271 2267 1327; x_wconf 89' lang='lat' dir='ltr'><strong>nostrorum,</strong></span> <span class='ocrx_word' id='word_1_391' title='bbox 2304 1277 2405 1332; x_wconf 90' lang='lat' dir='ltr'><strong>per</strong></span> <span class='ocrx_word' id='word_1_392' title='bbox 2438 1262 2586 1316; x_wconf 88' lang='lat' dir='ltr'><strong>illam</strong></span> <span class='ocrx_word' id='word_1_393' title='bbox 2631 1277 2797 1332; x_wconf 88' lang='lat' dir='ltr'><strong>quam</strong></span> <span class='ocrx_word' id='word_1_394' title='bbox 2830 1261 2944 1316; x_wconf 87' lang='lat' dir='ltr'><strong>dixi</strong></span> <span class='ocrx_word' id='word_1_395' title='bbox 2982 1261 3147 1316; x_wconf 81' lang='lat' dir='ltr'><strong>[idem</strong></span> <span class='ocrx_word' id='word_1_396' title='bbox 3177 1262 3513 1332; x_wconf 86' lang='lat' dir='ltr'><strong>multiplice—</strong></span> 
     </span>
    </p>
   </div>
   <div class='ocr_carea' id='block_1_57' title="bbox 1931 1353 3511 1425">
    <p class='ocr_par' dir='ltr' id='par_1_57' title="bbox 1931 1353 3511 1425">
     <span class='ocr_line' id='line_1_57' title="bbox 1931 1353 3511 1425; baseline 0.002 -18"><span class='ocrx_word' id='word_1_397' title='bbox 1931 1362 2060 1408; x_wconf 92' lang='lat' dir='ltr'><strong>tur:</strong></span> <span class='ocrx_word' id='word_1_398' title='bbox 2099 1362 2272 1424; x_wconf 92' lang='lat' dir='ltr'><strong>utque</strong></span> <span class='ocrx_word' id='word_1_399' title='bbox 2303 1355 2380 1424; x_wconf 91' lang='lat' dir='ltr'><strong>pii</strong></span> <span class='ocrx_word' id='word_1_400' title='bbox 2415 1354 2626 1424; x_wconf 89' lang='lat' dir='ltr'><strong>populi,</strong></span> <span class='ocrx_word' id='word_1_401' title='bbox 2664 1355 2720 1408; x_wconf 89' lang='lat' dir='ltr'><strong>in</strong></span> <span class='ocrx_word' id='word_1_402' title='bbox 2757 1369 2891 1425; x_wconf 87' lang='lat' dir='ltr'><strong>pace</strong></span> <span class='ocrx_word' id='word_1_403' title='bbox 2921 1363 2978 1410; x_wconf 92' lang='lat' dir='ltr'><strong>et</strong></span> <span class='ocrx_word' id='word_1_404' title='bbox 3010 1353 3068 1409; x_wconf 92' lang='lat' dir='ltr'><strong>in</strong></span> <span class='ocrx_word' id='word_1_405' title='bbox 3112 1353 3336 1425; x_wconf 73' lang='lat' dir='ltr'><strong>ea&#39;quaa</strong></span> <span class='ocrx_word' id='word_1_406' title='bbox 3362 1357 3511 1410; x_wconf 83' lang='lat' dir='ltr'><strong>circa</strong></span> 
     </span>
    </p>
   </div>
   <div class='ocr_carea' id='block_1_58' title="bbox 1927 1445 3514 1516">
    <p class='ocr_par' dir='ltr' id='par_1_58' title="bbox 1927 1445 3514 1516">
     <span class='ocr_line' id='line_1_58' title="bbox 1927 1445 3514 1516; baseline 0.001 -16"><span class='ocrx_word' id='word_1_407' title='bbox 1927 1445 2100 1500; x_wconf 90' lang='lat' dir='ltr'><strong>Deum</strong></span> <span class='ocrx_word' id='word_1_408' title='bbox 2136 1453 2223 1501; x_wconf 89' lang='lat' dir='ltr'><strong>est</strong></span> <span class='ocrx_word' id='word_1_409' title='bbox 2263 1446 2561 1501; x_wconf 87' lang='lat' dir='ltr'><strong>concordia</strong></span> <span class='ocrx_word' id='word_1_410' title='bbox 2601 1456 3041 1516; x_wconf 87' lang='lat' dir='ltr'><strong>perseverantes,</strong></span> <span class='ocrx_word' id='word_1_411' title='bbox 3079 1462 3190 1501; x_wconf 90' lang='lat' dir='ltr'><strong>una</strong></span> <span class='ocrx_word' id='word_1_412' title='bbox 3234 1463 3358 1502; x_wconf 92' lang='lat' dir='ltr'><strong>cum</strong></span> <span class='ocrx_word' id='word_1_413' title='bbox 3400 1448 3514 1502; x_wconf 89' lang='lat' dir='ltr'><strong>Deo</strong></span> 
     </span>
    </p>
   </div>
   <div class='ocr_carea' id='block_1_59' title="bbox 1927 1537 3516 1611">
    <p class='ocr_par' dir='ltr' id='par_1_59' title="bbox 1927 1537 3516 1611">
     <span class='ocr_line' id='line_1_59' title="bbox 1927 1537 3516 1611; baseline 0.001 -19"><span class='ocrx_word' id='word_1_414' title='bbox 1927 1537 2270 1594; x_wconf 85' lang='lat' dir='ltr'><strong>charissimis</strong></span> <span class='ocrx_word' id='word_1_415' title='bbox 2310 1539 2612 1609; x_wconf 89' lang='lat' dir='ltr'><strong>episcopis,</strong></span> <span class='ocrx_word' id='word_1_416' title='bbox 2641 1548 2698 1594; x_wconf 91' lang='lat' dir='ltr'><strong>et</strong></span> <span class='ocrx_word' id='word_1_417' title='bbox 2727 1538 3161 1611; x_wconf 84' lang='lat' dir='ltr'><strong>religiosissimis</strong></span> <span class='ocrx_word' id='word_1_418' title='bbox 3195 1539 3434 1606; x_wconf 88' lang='lat' dir='ltr'><strong>clericis,</strong></span> <span class='ocrx_word' id='word_1_419' title='bbox 3459 1548 3516 1594; x_wconf 90' lang='lat' dir='ltr'><strong>et</strong></span> 
     </span>
    </p>
   </div>
   <div class='ocr_carea' id='block_1_60' title="bbox 1926 1629 3516 1704">
    <p class='ocr_par' dir='ltr' id='par_1_60' title="bbox 1926 1629 3516 1704">
     <span class='ocr_line' id='line_1_60' title="bbox 1926 1629 3516 1704; baseline -0.002 -13"><span class='ocrx_word' id='word_1_420' title='bbox 1926 1635 2376 1691; x_wconf 88' lang='lat' dir='ltr'><strong>archimandritis</strong></span> <span class='ocrx_word' id='word_1_421' title='bbox 2420 1645 2478 1688; x_wconf 90' lang='lat' dir='ltr'><strong>et</strong></span> <span class='ocrx_word' id='word_1_422' title='bbox 2521 1634 2830 1698; x_wconf 80' lang='lat' dir='ltr'><strong>monachis,</strong></span> <span class='ocrx_word' id='word_1_423' title='bbox 2885 1645 3136 1704; x_wconf 88' lang='lat' dir='ltr'><strong>acceptas</strong></span> <span class='ocrx_word' id='word_1_424' title='bbox 3179 1634 3291 1688; x_wconf 91' lang='lat' dir='ltr'><strong>Deo</strong></span> <span class='ocrx_word' id='word_1_425' title='bbox 3324 1629 3516 1703; x_wconf 87' lang='lat' dir='ltr'><strong>preces</strong></span> 
     </span>
    </p>
   </div>
   <div class='ocr_carea' id='block_1_61' title="bbox 1926 1716 3515 1798">
    <p class='ocr_par' dir='ltr' id='par_1_61' title="bbox 1926 1716 3515 1798">
     <span class='ocr_line' id='line_1_61' title="bbox 1926 1716 3515 1798; baseline -0.003 -14"><span class='ocrx_word' id='word_1_426' title='bbox 1926 1729 2166 1784; x_wconf 78' lang='lat' dir='ltr'><strong>oﬁ&#39;erant</strong></span> <span class='ocrx_word' id='word_1_427' title='bbox 2199 1743 2298 1798; x_wconf 92' lang='lat' dir='ltr'><strong>pro</strong></span> <span class='ocrx_word' id='word_1_428' title='bbox 2327 1716 2562 1796; x_wconf 84' lang='lat' dir='ltr'><strong>imperio</strong></span> <span class='ocrx_word' id='word_1_429' title='bbox 2587 1737 2798 1781; x_wconf 90' lang='lat' dir='ltr'><strong>nostro.</strong></span> <span class='ocrx_word' id='word_1_430' title='bbox 2826 1725 3080 1792; x_wconf 90' lang='lat' dir='ltr'><strong>Quandiu</strong></span> <span class='ocrx_word' id='word_1_431' title='bbox 3110 1727 3259 1781; x_wconf 91' lang='lat' dir='ltr'><strong>enim</strong></span> <span class='ocrx_word' id='word_1_432' title='bbox 3286 1741 3515 1796; x_wconf 87' lang='lat' dir='ltr'><strong>magnus</strong></span> 
     </span>
    </p>
   </div>
   <div class='ocr_carea' id='block_1_62' title="bbox 1924 1817 3517 1888">
    <p class='ocr_par' dir='ltr' id='par_1_62' title="bbox 1924 1817 3517 1888">
     <span class='ocr_line' id='line_1_62' title="bbox 1924 1817 3517 1888; baseline -0.003 -12"><span class='ocrx_word' id='word_1_433' title='bbox 1924 1821 2073 1876; x_wconf 90' lang='lat' dir='ltr'><strong>Deus</strong></span> <span class='ocrx_word' id='word_1_434' title='bbox 2098 1831 2153 1876; x_wconf 94' lang='lat' dir='ltr'><strong>et</strong></span> <span class='ocrx_word' id='word_1_435' title='bbox 2177 1820 2441 1876; x_wconf 89' lang='lat' dir='ltr'><strong>Servator</strong></span> <span class='ocrx_word' id='word_1_436' title='bbox 2468 1827 2658 1874; x_wconf 89' lang='lat' dir='ltr'><strong>noster</strong></span> <span class='ocrx_word' id='word_1_437' title='bbox 2687 1819 2851 1874; x_wconf 86' lang='lat' dir='ltr'><strong>Jesus</strong></span> <span class='ocrx_word' id='word_1_438' title='bbox 2876 1817 3151 1883; x_wconf 83' lang='lat' dir='ltr'><strong>Christus,</strong></span> <span class='ocrx_word' id='word_1_439' title='bbox 3176 1819 3270 1888; x_wconf 89' lang='lat' dir='ltr'><strong>qui</strong></span> <span class='ocrx_word' id='word_1_440' title='bbox 3299 1833 3366 1872; x_wconf 81' lang='lat' dir='ltr'><strong>ex</strong></span> <span class='ocrx_word' id='word_1_441' title='bbox 3391 1834 3517 1872; x_wconf 87' lang='lat' dir='ltr'><strong>san-</strong></span> 
     </span>
    </p>
   </div>
   <div class='ocr_carea' id='block_1_63' title="bbox 1927 1908 3516 1986">
    <p class='ocr_par' dir='ltr' id='par_1_63' title="bbox 1927 1908 3516 1986">
     <span class='ocr_line' id='line_1_63' title="bbox 1927 1908 3516 1986; baseline -0.004 -18"><span class='ocrx_word' id='word_1_442' title='bbox 1927 1923 2016 1968; x_wconf 88' lang='lat' dir='ltr'><strong>cta</strong></span> <span class='ocrx_word' id='word_1_443' title='bbox 2061 1912 2285 1986; x_wconf 83' lang='lat' dir='ltr'><strong>Virgine</strong></span> <span class='ocrx_word' id='word_1_444' title='bbox 2333 1925 2397 1966; x_wconf 91' lang='lat' dir='ltr'><strong>ac</strong></span> <span class='ocrx_word' id='word_1_445' title='bbox 2430 1910 2530 1965; x_wconf 89' lang='lat' dir='ltr'><strong>Dei</strong></span> <span class='ocrx_word' id='word_1_446' title='bbox 2563 1909 2843 1966; x_wconf 84' lang='lat' dir='ltr'><strong>Genitrice</strong></span> <span class='ocrx_word' id='word_1_447' title='bbox 2889 1908 3058 1964; x_wconf 83' lang='lat' dir='ltr'><strong>Maria</strong></span> <span class='ocrx_word' id='word_1_448' title='bbox 3104 1909 3422 1963; x_wconf 87' lang='lat' dir='ltr'><strong>incarnatus</strong></span> <span class='ocrx_word' id='word_1_449' title='bbox 3457 1917 3516 1962; x_wconf 86' lang='lat' dir='ltr'><strong>et</strong></span> 
     </span>
    </p>
   </div>
   <div class='ocr_carea' id='block_1_64' title="bbox 1928 2001 3517 2073">
    <p class='ocr_par' dir='ltr' id='par_1_64' title="bbox 1928 2001 3517 2073">
     <span class='ocr_line' id='line_1_64' title="bbox 1928 2001 3517 2073; baseline -0.004 -12"><span class='ocrx_word' id='word_1_450' title='bbox 1928 2015 2093 2061; x_wconf 85' lang='lat' dir='ltr'><strong>natus</strong></span> <span class='ocrx_word' id='word_1_451' title='bbox 2130 2015 2233 2071; x_wconf 91' lang='lat' dir='ltr'><strong>cst,</strong></span> <span class='ocrx_word' id='word_1_452' title='bbox 2265 2004 2653 2060; x_wconf 88' lang='lat' dir='ltr'><strong>concinentem</strong></span> <span class='ocrx_word' id='word_1_453' title='bbox 2685 2002 2932 2057; x_wconf 91' lang='lat' dir='ltr'><strong>omnium</strong></span> <span class='ocrx_word' id='word_1_454' title='bbox 2956 2012 3208 2057; x_wconf 89' lang='lat' dir='ltr'><strong>nostrum</strong></span> <span class='ocrx_word' id='word_1_455' title='bbox 3244 2001 3517 2073; x_wconf 82' lang='lat' dir='ltr'><strong>gloriﬁca-</strong></span> 
     </span>
    </p>
   </div>
   <div class='ocr_carea' id='block_1_65' title="bbox 1929 2093 3516 2166">
    <p class='ocr_par' dir='ltr' id='par_1_65' title="bbox 1929 2093 3516 2166">
     <span class='ocr_line' id='line_1_65' title="bbox 1929 2093 3516 2166; baseline -0.002 -15"><span class='ocrx_word' id='word_1_456' title='bbox 1929 2097 2138 2152; x_wconf 89' lang='lat' dir='ltr'><strong>tionem</strong></span> <span class='ocrx_word' id='word_1_457' title='bbox 2172 2097 2496 2166; x_wconf 88' lang='lat' dir='ltr'><strong>cultumque</strong></span> <span class='ocrx_word' id='word_1_458' title='bbox 2547 2093 2936 2165; x_wconf 87' lang='lat' dir='ltr'><strong>approbaverit</strong></span> <span class='ocrx_word' id='word_1_459' title='bbox 2965 2104 3020 2149; x_wconf 91' lang='lat' dir='ltr'><strong>et</strong></span> <span class='ocrx_word' id='word_1_460' title='bbox 3058 2094 3295 2164; x_wconf 88' lang='lat' dir='ltr'><strong>benigne</strong></span> <span class='ocrx_word' id='word_1_461' title='bbox 3327 2109 3516 2149; x_wconf 89' lang='lat' dir='ltr'><strong>susce-</strong></span> 
     </span>
    </p>
   </div>
   <div class='ocr_carea' id='block_1_66' title="bbox 1927 2186 3515 2259">
    <p class='ocr_par' dir='ltr' id='par_1_66' title="bbox 1927 2186 3515 2259">
     <span class='ocr_line' id='line_1_66' title="bbox 1927 2186 3515 2259; baseline -0.002 -16"><span class='ocrx_word' id='word_1_462' title='bbox 1927 2189 2096 2259; x_wconf 87' lang='lat' dir='ltr'><strong>perit,</strong></span> <span class='ocrx_word' id='word_1_463' title='bbox 2132 2203 2324 2243; x_wconf 88' lang='lat' dir='ltr'><strong>omnes</strong></span> <span class='ocrx_word' id='word_1_464' title='bbox 2357 2187 2582 2258; x_wconf 91' lang='lat' dir='ltr'><strong>quidem</strong></span> <span class='ocrx_word' id='word_1_465' title='bbox 2631 2187 2822 2242; x_wconf 89' lang='lat' dir='ltr'><strong>hostes</strong></span> <span class='ocrx_word' id='word_1_466' title='bbox 2851 2194 3216 2242; x_wconf 88' lang='lat' dir='ltr'><strong>conterentur</strong></span> <span class='ocrx_word' id='word_1_467' title='bbox 3255 2201 3319 2241; x_wconf 89' lang='lat' dir='ltr'><strong>ac</strong></span> <span class='ocrx_word' id='word_1_468' title='bbox 3365 2186 3515 2240; x_wconf 91' lang='lat' dir='ltr'><strong>dele-</strong></span> 
     </span>
    </p>
   </div>
   <div class='ocr_carea' id='block_1_67' title="bbox 1927 2279 3516 2348">
    <p class='ocr_par' dir='ltr' id='par_1_67' title="bbox 1927 2279 3516 2348">
     <span class='ocr_line' id='line_1_67' title="bbox 1927 2279 3516 2348; baseline -0.002 -14"><span class='ocrx_word' id='word_1_469' title='bbox 1927 2279 2179 2335; x_wconf 89' lang='lat' dir='ltr'><strong>buntur:</strong></span> <span class='ocrx_word' id='word_1_470' title='bbox 2228 2279 2503 2334; x_wconf 64' lang='lat' dir='ltr'><strong>universae</strong></span> <span class='ocrx_word' id='word_1_471' title='bbox 2542 2281 2731 2332; x_wconf 84' lang='lat' dir='ltr'><strong>autem</strong></span> <span class='ocrx_word' id='word_1_472' title='bbox 2783 2286 2975 2348; x_wconf 88' lang='lat' dir='ltr'><strong>gentes</strong></span> <span class='ocrx_word' id='word_1_473' title='bbox 3019 2286 3226 2332; x_wconf 72' lang='lat' dir='ltr'><strong>nostrae</strong></span> <span class='ocrx_word' id='word_1_474' title='bbox 3265 2292 3386 2346; x_wconf 84' lang='lat' dir='ltr'><strong>quae</strong></span> <span class='ocrx_word' id='word_1_475' title='bbox 3429 2293 3516 2331; x_wconf 83' lang='lat' dir='ltr'><strong>se-</strong></span> 
     </span>
    </p>
   </div>
   <div class='ocr_carea' id='block_1_68' title="bbox 1927 2370 3514 2441">
    <p class='ocr_par' dir='ltr' id='par_1_68' title="bbox 1927 2370 3514 2441">
     <span class='ocr_line' id='line_1_68' title="bbox 1927 2370 3514 2441; baseline -0.003 -13"><span class='ocrx_word' id='word_1_476' title='bbox 1927 2372 2168 2428; x_wconf 87' lang='lat' dir='ltr'><strong>cundum</strong></span> <span class='ocrx_word' id='word_1_477' title='bbox 2203 2372 2378 2428; x_wconf 91' lang='lat' dir='ltr'><strong>Deum</strong></span> <span class='ocrx_word' id='word_1_478' title='bbox 2407 2380 2493 2427; x_wconf 90' lang='lat' dir='ltr'><strong>est</strong></span> <span class='ocrx_word' id='word_1_479' title='bbox 2525 2370 2794 2441; x_wconf 88' lang='lat' dir='ltr'><strong>&#39;potestati</strong></span> <span class='ocrx_word' id='word_1_480' title='bbox 2826 2370 2967 2426; x_wconf 92' lang='lat' dir='ltr'><strong>colla</strong></span> <span class='ocrx_word' id='word_1_481' title='bbox 3001 2371 3335 2425; x_wconf 87' lang='lat' dir='ltr'><strong>submittent</strong></span> <span class='ocrx_word' id='word_1_482' title='bbox 3361 2389 3373 2424; x_wconf 95' lang='lat'><strong>:</strong></span> <span class='ocrx_word' id='word_1_483' title='bbox 3404 2371 3514 2424; x_wconf 81' lang='lat' dir='ltr'><strong>Pax</strong></span> 
     </span>
    </p>
   </div>
   <div class='ocr_carea' id='block_1_69' title="bbox 1928 2462 3514 2538">
    <p class='ocr_par' dir='ltr' id='par_1_69' title="bbox 1928 2462 3514 2538">
     <span class='ocr_line' id='line_1_69' title="bbox 1928 2462 3514 2538; baseline -0.003 -20"><span class='ocrx_word' id='word_1_484' title='bbox 1928 2463 2190 2533; x_wconf 88' lang='lat' dir='ltr'><strong>denique,</strong></span> <span class='ocrx_word' id='word_1_485' title='bbox 2236 2471 2294 2519; x_wconf 86' lang='lat' dir='ltr'><strong>et</strong></span> <span class='ocrx_word' id='word_1_486' title='bbox 2341 2478 2464 2532; x_wconf 62' lang='lat' dir='ltr'><strong>quae</strong></span> <span class='ocrx_word' id='word_1_487' title='bbox 2509 2477 2574 2517; x_wconf 85' lang='lat' dir='ltr'><strong>ex</strong></span> <span class='ocrx_word' id='word_1_488' title='bbox 2614 2477 2748 2532; x_wconf 90' lang='lat' dir='ltr'><strong>pace</strong></span> <span class='ocrx_word' id='word_1_489' title='bbox 2795 2462 3129 2532; x_wconf 88' lang='lat' dir='ltr'><strong>proveniunt</strong></span> <span class='ocrx_word' id='word_1_490' title='bbox 3175 2462 3338 2538; x_wconf 90' lang='lat' dir='ltr'><strong>bona,</strong></span> <span class='ocrx_word' id='word_1_491' title='bbox 3385 2463 3514 2518; x_wconf 75' lang='grc' dir='ltr'>οωίί</span> 
     </span>
    </p>
   </div>
   <div class='ocr_carea' id='block_1_70' title="bbox 1931 2555 3516 2626">
    <p class='ocr_par' dir='ltr' id='par_1_70' title="bbox 1931 2555 3516 2626">
     <span class='ocr_line' id='line_1_70' title="bbox 1931 2555 3516 2626; baseline -0.001 -14"><span class='ocrx_word' id='word_1_492' title='bbox 1931 2557 2256 2626; x_wconf 88' lang='lat' dir='ltr'><strong>temperies,</strong></span> <span class='ocrx_word' id='word_1_493' title='bbox 2313 2555 2531 2626; x_wconf 79' lang='lat' dir='ltr'><strong>frugum</strong></span> <span class='ocrx_word' id='word_1_494' title='bbox 2596 2555 2852 2620; x_wconf 87' lang='lat' dir='ltr'><strong>ubertas,</strong></span> <span class='ocrx_word' id='word_1_495' title='bbox 2907 2566 2963 2611; x_wconf 90' lang='lat' dir='ltr'><strong>et</strong></span> <span class='ocrx_word' id='word_1_496' title='bbox 3013 2570 3358 2625; x_wconf 81' lang='lat' dir='ltr'><strong>qmecunque</strong></span> <span class='ocrx_word' id='word_1_497' title='bbox 3409 2556 3516 2612; x_wconf 84' lang='lat' dir='ltr'><strong>alia</strong></span> 
     </span>
    </p>
   </div>
   <div class='ocr_carea' id='block_1_71' title="bbox 1928 2646 3553 2718">
    <p class='ocr_par' dir='ltr' id='par_1_71' title="bbox 1928 2646 3553 2718">
     <span class='ocr_line' id='line_1_71' title="bbox 1928 2646 3553 2718; baseline -0.001 -15"><span class='ocrx_word' id='word_1_498' title='bbox 1928 2647 2239 2711; x_wconf 89' lang='lat' dir='ltr'><strong>commoda,</strong></span> <span class='ocrx_word' id='word_1_499' title='bbox 2278 2646 2598 2701; x_wconf 90' lang='lat' dir='ltr'><strong>hominibus</strong></span> <span class='ocrx_word' id='word_1_500' title='bbox 2629 2646 3005 2701; x_wconf 89' lang='lat' dir='ltr'><strong>donabuntur.</strong></span> <span class='ocrx_word' id='word_1_501' title='bbox 3044 2646 3182 2702; x_wconf 89' lang='lat' dir='ltr'><strong>Cum</strong></span> <span class='ocrx_word' id='word_1_502' title='bbox 3213 2663 3343 2718; x_wconf 91' lang='lat' dir='ltr'><strong>ergo</strong></span> <span class='ocrx_word' id='word_1_503' title='bbox 3375 2648 3516 2702; x_wconf 91' lang='lat' dir='ltr'><strong>irrc-</strong></span> <span class='ocrx_word' id='word_1_504' title='bbox 3550 2662 3553 2663; x_wconf 71' lang='lat'><strong><em>&#39;</em></strong></span> 
     </span>
    </p>
   </div>
   <div class='ocr_carea' id='block_1_72' title="bbox 1929 2723 3516 2810">
    <p class='ocr_par' dir='ltr' id='par_1_72' title="bbox 1929 2723 3516 2810">
     <span class='ocr_line' id='line_1_72' title="bbox 1929 2723 3516 2810; baseline 0 -17"><span class='ocrx_word' id='word_1_505' title='bbox 1929 2738 2324 2810; x_wconf 86' lang='lat' dir='ltr'><strong>prehensibilis</strong></span> <span class='ocrx_word' id='word_1_506' title='bbox 2357 2737 2515 2802; x_wconf 86' lang='lat' dir='ltr'><strong>tides,</strong></span> <span class='ocrx_word' id='word_1_507' title='bbox 2550 2746 2606 2793; x_wconf 91' lang='lat' dir='ltr'><strong>ct</strong></span> <span class='ocrx_word' id='word_1_508' title='bbox 2630 2753 2752 2804; x_wconf 87' lang='lat' dir='ltr'><strong>nos,</strong></span> <span class='ocrx_word' id='word_1_509' title='bbox 2781 2747 2837 2793; x_wconf 91' lang='lat' dir='ltr'><strong>et</strong></span> <span class='ocrx_word' id='word_1_510' title='bbox 2878 2737 3276 2807; x_wconf 86' lang='lat' dir='ltr'><strong>rempublicam</strong></span> <span class='ocrx_word' id='word_1_511' title='bbox 3315 2723 3516 2794; x_wconf 80' lang='lat' dir='ltr'><strong>Roma-</strong></span> 
     </span>
    </p>
   </div>
   <div class='ocr_carea' id='block_1_73' title="bbox 1929 2830 3518 2902">
    <p class='ocr_par' dir='ltr' id='par_1_73' title="bbox 1929 2830 3518 2902">
     <span class='ocr_line' id='line_1_73' title="bbox 1929 2830 3518 2902; baseline 0.001 -16"><span class='ocrx_word' id='word_1_512' title='bbox 1929 2848 2055 2886; x_wconf 90' lang='lat' dir='ltr'><strong>nam</strong></span> <span class='ocrx_word' id='word_1_513' title='bbox 2109 2831 2182 2887; x_wconf 91' lang='lat' dir='ltr'><strong>ita</strong></span> <span class='ocrx_word' id='word_1_514' title='bbox 2232 2838 2553 2895; x_wconf 86' lang='lat' dir='ltr'><strong>conservet,</strong></span> <span class='ocrx_word' id='word_1_515' title='bbox 2602 2845 2798 2902; x_wconf 89' lang='lat' dir='ltr'><strong>preces</strong></span> <span class='ocrx_word' id='word_1_516' title='bbox 2850 2830 3013 2886; x_wconf 92' lang='lat' dir='ltr'><strong>nobis</strong></span> <span class='ocrx_word' id='word_1_517' title='bbox 3061 2831 3260 2886; x_wconf 74' lang='lat' dir='ltr'><strong>oblatze</strong></span> <span class='ocrx_word' id='word_1_518' title='bbox 3307 2840 3436 2887; x_wconf 88' lang='lat' dir='ltr'><strong>sunt</strong></span> <span class='ocrx_word' id='word_1_519' title='bbox 3486 2848 3518 2887; x_wconf 87' lang='lat' dir='ltr'><strong>a</strong></span> 
     </span>
    </p>
   </div>
   <div class='ocr_carea' id='block_1_74' title="bbox 1929 2922 3518 2996">
    <p class='ocr_par' dir='ltr' id='par_1_74' title="bbox 1929 2922 3518 2996">
     <span class='ocr_line' id='line_1_74' title="bbox 1929 2922 3518 2996; baseline -0.001 -15"><span class='ocrx_word' id='word_1_520' title='bbox 1929 2924 2362 2996; x_wconf 87' lang='lat' dir='ltr'><strong>religiosissimis</strong></span> <span class='ocrx_word' id='word_1_521' title='bbox 2415 2922 2870 2978; x_wconf 86' lang='lat' dir='ltr'><strong>archimandritis</strong></span> <span class='ocrx_word' id='word_1_522' title='bbox 2918 2930 2974 2978; x_wconf 88' lang='lat' dir='ltr'><strong>et</strong></span> <span class='ocrx_word' id='word_1_523' title='bbox 3019 2923 3271 2979; x_wconf 91' lang='lat' dir='ltr'><strong>eremitis</strong></span> <span class='ocrx_word' id='word_1_524' title='bbox 3304 2933 3358 2979; x_wconf 90' lang='lat' dir='ltr'><strong>et</strong></span> <span class='ocrx_word' id='word_1_525' title='bbox 3395 2924 3518 2980; x_wconf 88' lang='lat' dir='ltr'><strong>aliis</strong></span> 
     </span>
    </p>
   </div>
   <div class='ocr_carea' id='block_1_75' title="bbox 1929 3014 3519 3088">
    <p class='ocr_par' dir='ltr' id='par_1_75' title="bbox 1929 3014 3519 3088">
     <span class='ocr_line' id='line_1_75' title="bbox 1929 3014 3519 3088; baseline -0.001 -17"><span class='ocrx_word' id='word_1_526' title='bbox 1929 3015 2251 3073; x_wconf 88' lang='lat' dir='ltr'><strong>reverendis</strong></span> <span class='ocrx_word' id='word_1_527' title='bbox 2278 3015 2620 3078; x_wconf 89' lang='lat' dir='ltr'><strong>hominibus,</strong></span> <span class='ocrx_word' id='word_1_528' title='bbox 2657 3014 2753 3084; x_wconf 91' lang='lat' dir='ltr'><strong>qui</strong></span> <span class='ocrx_word' id='word_1_529' title='bbox 2785 3030 2909 3069; x_wconf 91' lang='lat' dir='ltr'><strong>cum</strong></span> <span class='ocrx_word' id='word_1_530' title='bbox 2948 3014 3206 3088; x_wconf 86' lang='lat' dir='ltr'><strong>lacrymis</strong></span> <span class='ocrx_word' id='word_1_531' title='bbox 3244 3016 3519 3086; x_wconf 89' lang='lat' dir='ltr'><strong>supplica-</strong></span> 
     </span>
    </p>
   </div>
   <div class='ocr_carea' id='block_1_76' title="bbox 1928 3106 3518 3177">
    <p class='ocr_par' dir='ltr' id='par_1_76' title="bbox 1928 3106 3518 3177">
     <span class='ocr_line' id='line_1_76' title="bbox 1928 3106 3518 3177; baseline -0.001 -13"><span class='ocrx_word' id='word_1_532' title='bbox 1928 3109 2092 3174; x_wconf 92' lang='lat' dir='ltr'><strong>bant,</strong></span> <span class='ocrx_word' id='word_1_533' title='bbox 2143 3116 2202 3163; x_wconf 80' lang='grc' dir='ltr'><strong>ιιι</strong></span> <span class='ocrx_word' id='word_1_534' title='bbox 2250 3108 2432 3162; x_wconf 91' lang='lat' dir='ltr'><strong>unitas</strong></span> <span class='ocrx_word' id='word_1_535' title='bbox 2496 3106 2656 3162; x_wconf 86' lang='lat' dir='ltr'><strong>ﬁeret</strong></span> <span class='ocrx_word' id='word_1_536' title='bbox 2707 3106 3070 3177; x_wconf 83' lang='lat' dir='ltr'><strong>sanctissimis</strong></span> <span class='ocrx_word' id='word_1_537' title='bbox 3118 3108 3410 3173; x_wconf 88' lang='lat' dir='ltr'><strong>Ecclesiis,</strong></span> <span class='ocrx_word' id='word_1_538' title='bbox 3459 3117 3518 3162; x_wconf 81' lang='lat' dir='ltr'><strong>et</strong></span> 
     </span>
    </p>
   </div>
   <div class='ocr_carea' id='block_1_77' title="bbox 1931 3201 3519 3271">
    <p class='ocr_par' dir='ltr' id='par_1_77' title="bbox 1931 3201 3519 3271">
     <span class='ocr_line' id='line_1_77' title="bbox 1931 3201 3519 3271; baseline -0.001 -14"><span class='ocrx_word' id='word_1_539' title='bbox 1931 3201 2179 3259; x_wconf 87' lang='lat' dir='ltr'><strong>membra</strong></span> <span class='ocrx_word' id='word_1_540' title='bbox 2219 3201 2482 3255; x_wconf 86' lang='lat' dir='ltr'><strong>membris</strong></span> <span class='ocrx_word' id='word_1_541' title='bbox 2509 3201 2998 3271; x_wconf 86' lang='lat' dir='ltr'><strong>conjungercntur,</strong></span> <span class='ocrx_word' id='word_1_542' title='bbox 3038 3216 3159 3270; x_wconf 61' lang='lat' dir='ltr'><strong>quae</strong></span> <span class='ocrx_word' id='word_1_543' title='bbox 3186 3201 3317 3256; x_wconf 90' lang='lat' dir='ltr'><strong>boni</strong></span> <span class='ocrx_word' id='word_1_544' title='bbox 3348 3201 3519 3256; x_wconf 83' lang='lat' dir='ltr'><strong>totius</strong></span> 
     </span>
    </p>
   </div>
   <div class='ocr_carea' id='block_1_78' title="bbox 1927 3292 3518 3366">
    <p class='ocr_par' dir='ltr' id='par_1_78' title="bbox 1927 3292 3518 3366">
     <span class='ocr_line' id='line_1_78' title="bbox 1927 3292 3518 3366; baseline -0.002 -16"><span class='ocrx_word' id='word_1_545' title='bbox 1927 3293 2185 3350; x_wconf 91' lang='lat' dir='ltr'><strong>inimicus</strong></span> <span class='ocrx_word' id='word_1_546' title='bbox 2205 3293 2534 3366; x_wconf 88' lang='lat' dir='ltr'><strong>jamdudum</strong></span> <span class='ocrx_word' id='word_1_547' title='bbox 2565 3308 2596 3347; x_wconf 91' lang='lat' dir='ltr'><strong>a</strong></span> <span class='ocrx_word' id='word_1_548' title='bbox 2621 3307 2681 3348; x_wconf 91' lang='lat' dir='ltr'><strong>se</strong></span> <span class='ocrx_word' id='word_1_549' title='bbox 2714 3292 2954 3347; x_wconf 86' lang='lat' dir='ltr'><strong>invicem</strong></span> <span class='ocrx_word' id='word_1_550' title='bbox 2995 3293 3312 3364; x_wconf 82' lang='lat' dir='ltr'><strong>disjungere</strong></span> <span class='ocrx_word' id='word_1_551' title='bbox 3351 3309 3518 3348; x_wconf 85' lang='lat' dir='ltr'><strong>cona-</strong></span> 
     </span>
    </p>
   </div>
   <div class='ocr_carea' id='block_1_79' title="bbox 1923 3383 3518 3455">
    <p class='ocr_par' dir='ltr' id='par_1_79' title="bbox 1923 3383 3518 3455">
     <span class='ocr_line' id='line_1_79' title="bbox 1923 3383 3518 3455; baseline -0.002 -13"><span class='ocrx_word' id='word_1_552' title='bbox 1923 3397 2012 3442; x_wconf 91' lang='lat' dir='ltr'><strong>tus</strong></span> <span class='ocrx_word' id='word_1_553' title='bbox 2055 3395 2179 3441; x_wconf 90' lang='lat' dir='ltr'><strong>est:</strong></span> <span class='ocrx_word' id='word_1_554' title='bbox 2235 3385 2420 3441; x_wconf 91' lang='lat' dir='ltr'><strong>sciens</strong></span> <span class='ocrx_word' id='word_1_555' title='bbox 2467 3399 2548 3450; x_wconf 91' lang='lat' dir='ltr'><strong>se,</strong></span> <span class='ocrx_word' id='word_1_556' title='bbox 2596 3383 2643 3439; x_wconf 88' lang='lat' dir='ltr'><strong>si</strong></span> <span class='ocrx_word' id='word_1_557' title='bbox 2696 3383 2974 3455; x_wconf 88' lang='lat' dir='ltr'><strong>integrum</strong></span> <span class='ocrx_word' id='word_1_558' title='bbox 3006 3383 3266 3439; x_wconf 63' lang='lat' dir='ltr'><strong>Ecclesiae</strong></span> <span class='ocrx_word' id='word_1_559' title='bbox 3314 3399 3518 3453; x_wconf 84' lang='lat' dir='ltr'><strong>corpus</strong></span> 
     </span>
    </p>
   </div>
   <div class='ocr_carea' id='block_1_80' title="bbox 1923 3468 3517 3549">
    <p class='ocr_par' dir='ltr' id='par_1_80' title="bbox 1923 3468 3517 3549">
     <span class='ocr_line' id='line_1_80' title="bbox 1923 3468 3517 3549; baseline -0.002 -16"><span class='ocrx_word' id='word_1_560' title='bbox 1923 3478 2358 3549; x_wconf 85' lang='lat' dir='ltr'><strong>impugnaverit,</strong></span> <span class='ocrx_word' id='word_1_561' title='bbox 2422 3476 2584 3532; x_wconf 84' lang='lat' dir='ltr'><strong>facile</strong></span> <span class='ocrx_word' id='word_1_562' title='bbox 2642 3468 2764 3531; x_wconf 82' lang='lat' dir='ltr'><strong>esse</strong></span> <span class='ocrx_word' id='word_1_563' title='bbox 2831 3475 3229 3546; x_wconf 83' lang='lat' dir='ltr'><strong>superandum.</strong></span> <span class='ocrx_word' id='word_1_564' title='bbox 3274 3476 3354 3530; x_wconf 72' lang='lat' dir='ltr'><strong>Ex</strong></span> <span class='ocrx_word' id='word_1_565' title='bbox 3411 3475 3517 3530; x_wconf 90' lang='lat' dir='ltr'><strong>hoc</strong></span> 
     </span>
    </p>
   </div>
   <div class='ocr_carea' id='block_1_81' title="bbox 1921 3567 3517 3640">
    <p class='ocr_par' dir='ltr' id='par_1_81' title="bbox 1921 3567 3517 3640">
     <span class='ocr_line' id='line_1_81' title="bbox 1921 3567 3517 3640; baseline -0.002 -15"><span class='ocrx_word' id='word_1_566' title='bbox 1921 3570 2072 3625; x_wconf 89' lang='lat' dir='ltr'><strong>enim</strong></span> <span class='ocrx_word' id='word_1_567' title='bbox 2104 3569 2356 3640; x_wconf 88' lang='lat' dir='ltr'><strong>contigit,</strong></span> <span class='ocrx_word' id='word_1_568' title='bbox 2387 3577 2449 3623; x_wconf 90' lang='lat' dir='ltr'><strong>ut</strong></span> <span class='ocrx_word' id='word_1_569' title='bbox 2479 3567 2906 3623; x_wconf 89' lang='lat' dir='ltr'><strong>innumerabilis</strong></span> <span class='ocrx_word' id='word_1_570' title='bbox 2935 3567 3517 3622; x_wconf 86' lang='lat' dir='ltr'><strong>hominum.multitu-</strong></span> 
     </span>
    </p>
   </div>
   <div class='ocr_carea' id='block_1_82' title="bbox 1923 3660 3515 3733">
    <p class='ocr_par' dir='ltr' id='par_1_82' title="bbox 1923 3660 3515 3733">
     <span class='ocr_line' id='line_1_82' title="bbox 1923 3660 3515 3733; baseline -0.002 -16"><span class='ocrx_word' id='word_1_571' title='bbox 1923 3663 2017 3728; x_wconf 90' lang='lat' dir='ltr'><strong>do,</strong></span> <span class='ocrx_word' id='word_1_572' title='bbox 2053 3677 2218 3733; x_wconf 90' lang='lat' dir='ltr'><strong>quam</strong></span> <span class='ocrx_word' id='word_1_573' title='bbox 2261 3670 2342 3717; x_wconf 91' lang='lat' dir='ltr'><strong>tot</strong></span> <span class='ocrx_word' id='word_1_574' title='bbox 2381 3677 2654 3716; x_wconf 90' lang='lat' dir='ltr'><strong>annorum</strong></span> <span class='ocrx_word' id='word_1_575' title='bbox 2685 3661 2864 3730; x_wconf 88' lang='lat' dir='ltr'><strong>spatio</strong></span> <span class='ocrx_word' id='word_1_576' title='bbox 2897 3660 3162 3731; x_wconf 90' lang='lat' dir='ltr'><strong>temporis</strong></span> <span class='ocrx_word' id='word_1_577' title='bbox 3196 3661 3515 3732; x_wconf 87' lang='lat' dir='ltr'><strong>longinqui-</strong></span> 
     </span>
    </p>
   </div>
   <div class='ocr_carea' id='block_1_83' title="bbox 1924 3752 3516 3837">
    <p class='ocr_par' dir='ltr' id='par_1_83' title="bbox 1924 3752 3516 3837">
     <span class='ocr_line' id='line_1_83' title="bbox 1924 3752 3516 3837; baseline -0.001 -29"><span class='ocrx_word' id='word_1_578' title='bbox 1924 3761 2009 3810; x_wconf 91' lang='lat' dir='ltr'><strong>tas</strong></span> <span class='ocrx_word' id='word_1_579' title='bbox 2057 3757 2126 3810; x_wconf 62' lang='lat' dir='ltr'><strong>ex‘</strong></span> <span class='ocrx_word' id='word_1_580' title='bbox 2162 3754 2414 3837; x_wconf 67' lang='lat' dir='ltr'><strong>hacluce</strong></span> <span class='ocrx_word' id='word_1_581' title='bbox 2465 3752 2769 3818; x_wconf 81' lang='lat' dir='ltr'><strong>subtraxit,</strong></span> <span class='ocrx_word' id='word_1_582' title='bbox 2823 3753 3025 3823; x_wconf 88' lang='lat' dir='ltr'><strong>partim</strong></span> <span class='ocrx_word' id='word_1_583' title='bbox 3071 3752 3516 3822; x_wconf 86' lang='lat' dir='ltr'><strong>regenerationis</strong></span> 
     </span>
    </p>
   </div>
   <div class='ocr_carea' id='block_1_84' title="bbox 1923 3843 3518 3916">
    <p class='ocr_par' dir='ltr' id='par_1_84' title="bbox 1923 3843 3518 3916">
     <span class='ocr_line' id='line_1_84' title="bbox 1923 3843 3518 3916; baseline -0.003 -12"><span class='ocrx_word' id='word_1_584' title='bbox 1923 3849 2144 3904; x_wconf 83' lang='lat' dir='ltr'><strong>lavacro</strong></span> <span class='ocrx_word' id='word_1_585' title='bbox 2189 3846 2441 3902; x_wconf 81' lang='lat' dir='ltr'><strong>fraudata</strong></span> <span class='ocrx_word' id='word_1_586' title='bbox 2486 3846 2783 3910; x_wconf 84' lang='lat' dir='ltr'><strong>interierit,</strong></span> <span class='ocrx_word' id='word_1_587' title='bbox 2829 3845 3029 3916; x_wconf 88' lang='lat' dir='ltr'><strong>partim</strong></span> <span class='ocrx_word' id='word_1_588' title='bbox 3060 3845 3271 3914; x_wconf 88' lang='lat' dir='ltr'><strong>absque</strong></span> <span class='ocrx_word' id='word_1_589' title='bbox 3317 3843 3518 3900; x_wconf 79' lang='lat' dir='ltr'><strong>divinae</strong></span> 
     </span>
    </p>
   </div>
   <div class='ocr_carea' id='block_1_85' title="bbox 1924 3927 3509 4011">
    <p class='ocr_par' dir='ltr' id='par_1_85' title="bbox 1924 3927 3509 4011">
     <span class='ocr_line' id='line_1_85' title="bbox 1924 3927 3509 4011; baseline -0.003 -14"><span class='ocrx_word' id='word_1_590' title='bbox 1924 3927 2333 3998; x_wconf 79' lang='lat' dir='ltr'><strong>communionis</strong></span> <span class='ocrx_word' id='word_1_591' title='bbox 2366 3940 2728 4011; x_wconf 88' lang='lat' dir='ltr'><strong>perceptione</strong></span> <span class='ocrx_word' id='word_1_592' title='bbox 2757 3956 2824 3996; x_wconf 81' lang='lat' dir='ltr'><strong>ex</strong></span> <span class='ocrx_word' id='word_1_593' title='bbox 2854 3939 2957 3994; x_wconf 91' lang='lat' dir='ltr'><strong>hac</strong></span> <span class='ocrx_word' id='word_1_594' title='bbox 2987 3939 3099 3993; x_wconf 87' lang='lat' dir='ltr'><strong>vita</strong></span> <span class='ocrx_word' id='word_1_595' title='bbox 3149 3937 3470 4009; x_wconf 85' lang='lat' dir='ltr'><strong>migraverit</strong></span> <span class='ocrx_word' id='word_1_596' title='bbox 3496 3956 3509 3992; x_wconf 92' lang='lat'><strong>:</strong></span> 
     </span>
    </p>
   </div>
   <div class='ocr_carea' id='block_1_86' title="bbox 1923 4028 3516 4105">
    <p class='ocr_par' dir='ltr' id='par_1_86' title="bbox 1923 4028 3516 4105">
     <span class='ocr_line' id='line_1_86' title="bbox 1923 4028 3516 4105; baseline -0.003 -16"><span class='ocrx_word' id='word_1_597' title='bbox 1923 4045 2097 4105; x_wconf 92' lang='lat' dir='ltr'><strong>utque</strong></span> <span class='ocrx_word' id='word_1_598' title='bbox 2139 4033 2446 4088; x_wconf 68' lang='lat' dir='ltr'><strong>innumerre</strong></span> <span class='ocrx_word' id='word_1_599' title='bbox 2483 4031 2662 4087; x_wconf 57' lang='lat' dir='ltr'><strong>cades</strong></span> <span class='ocrx_word' id='word_1_600' title='bbox 2697 4040 3030 4102; x_wconf 77' lang='lat' dir='ltr'><strong>perpetrata:</strong></span> <span class='ocrx_word' id='word_1_601' title='bbox 3075 4030 3208 4095; x_wconf 91' lang='lat' dir='ltr'><strong>sint,</strong></span> <span class='ocrx_word' id='word_1_602' title='bbox 3259 4028 3516 4090; x_wconf 57' lang='lat' dir='ltr'><strong>etcﬂ&#39;usi</strong></span> 
     </span>
    </p>
   </div>
   <div class='ocr_carea' id='block_1_87' title="bbox 1924 4121 3512 4194">
    <p class='ocr_par' dir='ltr' id='par_1_87' title="bbox 1924 4121 3512 4194">
     <span class='ocr_line' id='line_1_87' title="bbox 1924 4121 3512 4194; baseline -0.003 -14"><span class='ocrx_word' id='word_1_603' title='bbox 1924 4123 2209 4194; x_wconf 84' lang='lat' dir='ltr'><strong>sanguinis</strong></span> <span class='ocrx_word' id='word_1_604' title='bbox 2255 4123 2414 4194; x_wconf 88' lang='lat' dir='ltr'><strong>copia</strong></span> <span class='ocrx_word' id='word_1_605' title='bbox 2459 4137 2571 4178; x_wconf 88' lang='lat' dir='ltr'><strong>non</strong></span> <span class='ocrx_word' id='word_1_606' title='bbox 2623 4132 2770 4178; x_wconf 87' lang='lat' dir='ltr'><strong>terra</strong></span> <span class='ocrx_word' id='word_1_607' title='bbox 2815 4123 3016 4186; x_wconf 89' lang='lat' dir='ltr'><strong>solum,</strong></span> <span class='ocrx_word' id='word_1_608' title='bbox 3061 4121 3158 4176; x_wconf 90' lang='lat' dir='ltr'><strong>sed</strong></span> <span class='ocrx_word' id='word_1_609' title='bbox 3211 4121 3377 4184; x_wconf 86' lang='lat' dir='ltr'><strong>etiam</strong></span> <span class='ocrx_word' id='word_1_610' title='bbox 3422 4136 3512 4175; x_wconf 81' lang='lat' dir='ltr'><strong>aer</strong></span> 
     </span>
    </p>
   </div>
   <div class='ocr_carea' id='block_1_88' title="bbox 1925 4213 3517 4286">
    <p class='ocr_par' dir='ltr' id='par_1_88' title="bbox 1925 4213 3517 4286">
     <span class='ocr_line' id='line_1_88' title="bbox 1925 4213 3517 4286; baseline -0.003 -16"><span class='ocrx_word' id='word_1_611' title='bbox 1925 4215 2043 4286; x_wconf 89' lang='lat' dir='ltr'><strong>ipse</strong></span> <span class='ocrx_word' id='word_1_612' title='bbox 2073 4215 2146 4272; x_wconf 90' lang='lat' dir='ltr'><strong>sit</strong></span> <span class='ocrx_word' id='word_1_613' title='bbox 2173 4215 2601 4272; x_wconf 87' lang='lat' dir='ltr'><strong>contaminatus.</strong></span> <span class='ocrx_word' id='word_1_614' title='bbox 2633 4213 2764 4282; x_wconf 83' lang='lat' dir='ltr'><strong>Quae</strong></span> <span class='ocrx_word' id='word_1_615' title='bbox 2795 4213 3046 4284; x_wconf 85' lang='lat' dir='ltr'><strong>quidem,</strong></span> <span class='ocrx_word' id='word_1_616' title='bbox 3073 4213 3517 4283; x_wconf 91' lang='lat' dir='ltr'><strong>quotusquisque</strong></span> 
     </span>
    </p>
   </div>
   <div class='ocr_carea' id='block_1_89' title="bbox 1924 4305 3516 4377">
    <p class='ocr_par' dir='ltr' id='par_1_89' title="bbox 1924 4305 3516 4377">
     <span class='ocr_line' id='line_1_89' title="bbox 1924 4305 3516 4377; baseline -0.005 -15"><span class='ocrx_word' id='word_1_617' title='bbox 1924 4315 2010 4362; x_wconf 90' lang='lat' dir='ltr'><strong>est</strong></span> <span class='ocrx_word' id='word_1_618' title='bbox 2041 4307 2137 4377; x_wconf 89' lang='lat' dir='ltr'><strong>qui</strong></span> <span class='ocrx_word' id='word_1_619' title='bbox 2169 4323 2279 4362; x_wconf 89' lang='lat' dir='ltr'><strong>non</strong></span> <span class='ocrx_word' id='word_1_620' title='bbox 2311 4305 2588 4377; x_wconf 86' lang='lat' dir='ltr'><strong>optaverit</strong></span> <span class='ocrx_word' id='word_1_621' title='bbox 2619 4305 2675 4360; x_wconf 88' lang='lat' dir='ltr'><strong>in</strong></span> <span class='ocrx_word' id='word_1_622' title='bbox 2706 4305 2990 4360; x_wconf 90' lang='lat' dir='ltr'><strong>meliorem</strong></span> <span class='ocrx_word' id='word_1_623' title='bbox 3029 4312 3234 4358; x_wconf 88' lang='lat' dir='ltr'><strong>statum</strong></span> <span class='ocrx_word' id='word_1_624' title='bbox 3267 4317 3516 4356; x_wconf 75' lang='lat' dir='ltr'><strong>commu-</strong></span> 
     </span>
    </p>
   </div>
   <div class='ocr_carea' id='block_1_90' title="bbox 1926 4398 3520 4470">
    <p class='ocr_par' dir='ltr' id='par_1_90' title="bbox 1926 4398 3520 4470">
     <span class='ocr_line' id='line_1_90' title="bbox 1926 4398 3520 4470; baseline -0.003 -16"><span class='ocrx_word' id='word_1_625' title='bbox 1926 4399 2074 4455; x_wconf 90' lang='lat' dir='ltr'><strong>tari?</strong></span> <span class='ocrx_word' id='word_1_626' title='bbox 2115 4399 2468 4470; x_wconf 89' lang='lat' dir='ltr'><strong>Quapropter</strong></span> <span class='ocrx_word' id='word_1_627' title='bbox 2499 4398 2646 4454; x_wconf 90' lang='lat' dir='ltr'><strong>scire</strong></span> <span class='ocrx_word' id='word_1_628' title='bbox 2684 4413 2784 4453; x_wconf 87' lang='lat' dir='ltr'><strong>vos</strong></span> <span class='ocrx_word' id='word_1_629' title='bbox 2815 4398 3095 4462; x_wconf 88' lang='lat' dir='ltr'><strong>volumus,</strong></span> <span class='ocrx_word' id='word_1_630' title='bbox 3133 4409 3236 4449; x_wconf 91' lang='lat' dir='ltr'><strong>nec</strong></span> <span class='ocrx_word' id='word_1_631' title='bbox 3266 4409 3388 4458; x_wconf 90' lang='lat' dir='ltr'><strong>nos,</strong></span> <span class='ocrx_word' id='word_1_632' title='bbox 3414 4409 3520 4449; x_wconf 90' lang='lat' dir='ltr'><strong>nec</strong></span> 
     </span>
    </p>
   </div>
   <div class='ocr_carea' id='block_1_91' title="bbox 1925 4475 3517 4562">
    <p class='ocr_par' dir='ltr' id='par_1_91' title="bbox 1925 4475 3517 4562">
     <span class='ocr_line' id='line_1_91' title="bbox 1925 4475 3517 4562; baseline -0.005 -14"><span class='ocrx_word' id='word_1_633' title='bbox 1925 4475 2176 4562; x_wconf 38' lang='lat' dir='ltr'><strong>eas&#39;quae</strong></span> <span class='ocrx_word' id='word_1_634' title='bbox 2210 4492 2414 4562; x_wconf 91' lang='lat' dir='ltr'><strong>ubique</strong></span> <span class='ocrx_word' id='word_1_635' title='bbox 2461 4499 2593 4547; x_wconf 92' lang='lat' dir='ltr'><strong>sunt</strong></span> <span class='ocrx_word' id='word_1_636' title='bbox 2641 4489 2955 4554; x_wconf 89' lang='lat' dir='ltr'><strong>Ecclesias,</strong></span> <span class='ocrx_word' id='word_1_637' title='bbox 3008 4488 3159 4543; x_wconf 86' lang='lat' dir='ltr'><strong>aliud</strong></span> <span class='ocrx_word' id='word_1_638' title='bbox 3207 4489 3517 4559; x_wconf 85' lang='lat' dir='ltr'><strong>symbolum</strong></span> 
     </span>
    </p>
   </div>
   <div class='ocr_carea' id='block_1_92' title="bbox 228 4579 1822 4658">
    <p class='ocr_par' dir='ltr' id='par_1_92' title="bbox 228 4584 1816 4657">
     <span class='ocr_line' id='line_1_92' title="bbox 228 4584 1816 4657; baseline 0 -18"><span class='ocrx_word' id='word_1_639' title='bbox 228 4603 424 4649; x_wconf 84' lang='grc' dir='ltr'>στεως,</span> <span class='ocrx_word' id='word_1_640' title='bbox 457 4584 491 4656; x_wconf 81' lang='grc' dir='ltr'>ἢ</span> <span class='ocrx_word' id='word_1_641' title='bbox 526 4585 708 4644; x_wconf 81' lang='grc' dir='ltr'>πίστιν</span> <span class='ocrx_word' id='word_1_642' title='bbox 739 4585 880 4657; x_wconf 80' lang='grc' dir='ltr'>πλὴν</span> <span class='ocrx_word' id='word_1_643' title='bbox 909 4585 1004 4639; x_wconf 92' lang='grc' dir='ltr'><strong>τοῦ</strong></span> <span class='ocrx_word' id='word_1_644' title='bbox 1031 4585 1326 4657; x_wconf 84' lang='grc' dir='ltr'>είρημένθυ</span> <span class='ocrx_word' id='word_1_645' title='bbox 1355 4585 1510 4654; x_wconf 83' lang='grc' dir='ltr'>ἁγίου</span> <span class='ocrx_word' id='word_1_646' title='bbox 1535 4585 1816 4656; x_wconf 87' lang='grc' dir='ltr'>Συμϐόλου</span> 
     </span>
    </p>
   </div>
   <div class='ocr_carea' id='block_1_93' title="bbox 1926 4579 3515 4658">
    <p class='ocr_par' dir='ltr' id='par_1_93' title="bbox 1926 4579 3515 4648">
     <span class='ocr_line' id='line_1_93' title="bbox 1926 4579 3515 4648; baseline -0.004 -11"><span class='ocrx_word' id='word_1_647' title='bbox 1926 4591 2020 4637; x_wconf 88' lang='lat' dir='ltr'><strong>aut</strong></span> <span class='ocrx_word' id='word_1_648' title='bbox 2047 4583 2346 4648; x_wconf 88' lang='lat' dir='ltr'><strong>mathema,</strong></span> <span class='ocrx_word' id='word_1_649' title='bbox 2379 4582 2614 4637; x_wconf 87' lang='lat' dir='ltr'><strong>aliamve</strong></span> <span class='ocrx_word' id='word_1_650' title='bbox 2645 4580 3026 4635; x_wconf 85' lang='lat' dir='ltr'><strong>deﬁnitionem</strong></span> <span class='ocrx_word' id='word_1_651' title='bbox 3056 4579 3181 4633; x_wconf 84' lang='lat' dir='ltr'><strong>tidei</strong></span> <span class='ocrx_word' id='word_1_652' title='bbox 3206 4588 3302 4633; x_wconf 91' lang='lat' dir='ltr'><strong>aut</strong></span> <span class='ocrx_word' id='word_1_653' title='bbox 3328 4579 3515 4644; x_wconf 87' lang='lat' dir='ltr'><strong>tidem,</strong></span> 
     </span>
    </p>
   </div>
   <div class='ocr_carea' id='block_1_94' title="bbox 227 4675 1828 4748">
    <p class='ocr_par' dir='ltr' id='par_1_94' title="bbox 227 4675 1828 4748">
     <span class='ocr_line' id='line_1_94' title="bbox 227 4675 1828 4748; baseline 0.001 -19"><span class='ocrx_word' id='word_1_654' title='bbox 227 4676 338 4731; x_wconf 84' lang='grc' dir='ltr'><strong>τῶν</strong></span> <span class='ocrx_word' id='word_1_655' title='bbox 366 4683 473 4746; x_wconf 84' lang='grc' dir='ltr'>τιη¹</span> <span class='ocrx_word' id='word_1_656' title='bbox 501 4678 673 4745; x_wconf 82' lang='grc' dir='ltr'>ἁγίων</span> <span class='ocrx_word' id='word_1_657' title='bbox 695 4676 978 4748; x_wconf 85' lang='grc' dir='ltr'>Πατέρων,</span> <span class='ocrx_word' id='word_1_658' title='bbox 1005 4677 1142 4748; x_wconf 87' lang='grc' dir='ltr'>ὅπερ</span> <span class='ocrx_word' id='word_1_659' title='bbox 1165 4675 1508 4730; x_wconf 85' lang='grc' dir='ltr'>ἐϐεϐαίωσαν</span> <span class='ocrx_word' id='word_1_660' title='bbox 1532 4679 1582 4730; x_wconf 89' lang='grc' dir='ltr'><strong>οί</strong></span> <span class='ocrx_word' id='word_1_661' title='bbox 1609 4695 1713 4748; x_wconf 88' lang='grc' dir='ltr'><strong>μνη</strong></span> <span class='ocrx_word' id='word_1_662' title='bbox 1725 4695 1828 4748; x_wconf 44' lang='grc' dir='ltr'>μοο,</span> 
     </span>
    </p>
   </div>
   <div class='ocr_carea' id='block_1_95' title="bbox 228 4764 1818 4839">
    <p class='ocr_par' dir='ltr' id='par_1_95' title="bbox 228 4764 1818 4839">
     <span class='ocr_line' id='line_1_95' title="bbox 228 4764 1818 4839; baseline -0.001 -20"><span class='ocrx_word' id='word_1_663' title='bbox 228 4765 514 4830; x_wconf 85' lang='grc' dir='ltr'>νευθέντες</span> <span class='ocrx_word' id='word_1_664' title='bbox 560 4766 636 4839; x_wconf 80' lang='grc' dir='ltr'>ρν⁹</span> <span class='ocrx_word' id='word_1_665' title='bbox 664 4765 812 4834; x_wconf 81' lang='grc' dir='ltr'>ἆγιοι</span> <span class='ocrx_word' id='word_1_666' title='bbox 847 4767 1114 4838; x_wconf 83' lang='grc' dir='ltr'>Πατέρες,</span> <span class='ocrx_word' id='word_1_667' title='bbox 1152 4764 1278 4819; x_wconf 76' lang='grc' dir='ltr'>οὔτε</span> <span class='ocrx_word' id='word_1_668' title='bbox 1311 4767 1648 4837; x_wconf 86' lang='grc' dir='ltr'>ἐσχήκαμεν,</span> <span class='ocrx_word' id='word_1_669' title='bbox 1689 4764 1818 4819; x_wconf 81' lang='grc' dir='ltr'>οὔτε</span> 
     </span>
    </p>
   </div>
   <div class='ocr_carea' id='block_1_96' title="bbox 229 4854 1821 4928">
    <p class='ocr_par' dir='ltr' id='par_1_96' title="bbox 229 4854 1821 4928">
     <span class='ocr_line' id='line_1_96' title="bbox 229 4854 1821 4928; baseline -0.002 -18"><span class='ocrx_word' id='word_1_670' title='bbox 229 4856 450 4928; x_wconf 72' lang='grc' dir='ltr'>ἔχομεν,</span> <span class='ocrx_word' id='word_1_671' title='bbox 479 4856 602 4911; x_wconf 74' lang='grc' dir='ltr'>οὕτε</span> <span class='ocrx_word' id='word_1_672' title='bbox 630 4857 846 4927; x_wconf 73' lang='grc' dir='ltr'>ἕξομεν,</span> <span class='ocrx_word' id='word_1_673' title='bbox 878 4854 1003 4911; x_wconf 73' lang='grc' dir='ltr'>οὔτε</span> <span class='ocrx_word' id='word_1_674' title='bbox 1031 4855 1256 4927; x_wconf 82' lang='grc' dir='ltr'>ἔχοντας</span> <span class='ocrx_word' id='word_1_675' title='bbox 1283 4856 1652 4927; x_wconf 87' lang='grc' dir='ltr'>ἐπιστάμεθα.</span> <span class='ocrx_word' id='word_1_676' title='bbox 1678 4857 1742 4909; x_wconf 84' lang='grc' dir='ltr'><strong>Εἰ</strong></span> <span class='ocrx_word' id='word_1_677' title='bbox 1763 4855 1821 4908; x_wconf 88' lang='grc' dir='ltr'>δὲ</span> 
     </span>
    </p>
   </div>
   <div class='ocr_carea' id='block_1_97' title="bbox 231 4942 1822 5023">
    <p class='ocr_par' dir='ltr' id='par_1_97' title="bbox 231 4942 1822 5023">
     <span class='ocr_line' id='line_1_97' title="bbox 231 4942 1822 5023; baseline -0.002 -19"><span class='ocrx_word' id='word_1_678' title='bbox 231 4951 326 5005; x_wconf 79' lang='grc' dir='ltr'>καὶ</span> <span class='ocrx_word' id='word_1_679' title='bbox 360 4949 475 5023; x_wconf 77' lang='grc' dir='ltr'>ἔχοι</span> <span class='ocrx_word' id='word_1_680' title='bbox 505 4967 618 5018; x_wconf 88' lang='grc' dir='ltr'>τις,</span> <span class='ocrx_word' id='word_1_681' title='bbox 654 4949 938 5021; x_wconf 86' lang='grc' dir='ltr'>ἀλλότριον</span> <span class='ocrx_word' id='word_1_682' title='bbox 968 4942 1144 5004; x_wconf 73' lang='grc' dir='ltr'>αύτὸν⁹</span> <span class='ocrx_word' id='word_1_683' title='bbox 1165 4948 1473 5022; x_wconf 82' lang='grc' dir='ltr'>ἡγούμεθα.</span> <span class='ocrx_word' id='word_1_684' title='bbox 1511 4948 1683 5002; x_wconf 84' lang='grc' dir='ltr'>Τοῦτο</span> <span class='ocrx_word' id='word_1_685' title='bbox 1709 4948 1822 5022; x_wconf 88' lang='grc' dir='ltr'>γὰρ</span> 
     </span>
    </p>
   </div>
   <div class='ocr_carea' id='block_1_98' title="bbox 1927 4668 3518 4746">
    <p class='ocr_par' dir='ltr' id='par_1_98' title="bbox 1927 4668 3518 4746">
     <span class='ocr_line' id='line_1_98' title="bbox 1927 4668 3518 4746; baseline -0.001 -20"><span class='ocrx_word' id='word_1_686' title='bbox 1927 4680 2130 4746; x_wconf 83' lang='lat' dir='ltr'><strong>praeter</strong></span> <span class='ocrx_word' id='word_1_687' title='bbox 2155 4688 2320 4743; x_wconf 91' lang='lat' dir='ltr'><strong>supra</strong></span> <span class='ocrx_word' id='word_1_688' title='bbox 2353 4680 2718 4727; x_wconf 90' lang='lat' dir='ltr'><strong>memoratum</strong></span> <span class='ocrx_word' id='word_1_689' title='bbox 2764 4680 3015 4726; x_wconf 88' lang='lat' dir='ltr'><strong>sanctum</strong></span> <span class='ocrx_word' id='word_1_690' title='bbox 3058 4668 3375 4740; x_wconf 74' lang='lat' dir='ltr'><strong>Symbolum</strong></span> <span class='ocrx_word' id='word_1_691' title='bbox 3409 4679 3518 4724; x_wconf 84' lang='lat' dir='ltr'><strong>trc-</strong></span> 
     </span>
    </p>
   </div>
   <div class='ocr_carea' id='block_1_99' title="bbox 1927 4759 3514 4828">
    <p class='ocr_par' dir='ltr' id='par_1_99' title="bbox 1927 4759 3514 4828">
     <span class='ocr_line' id='line_1_99' title="bbox 1927 4759 3514 4828; baseline -0.004 -9"><span class='ocrx_word' id='word_1_692' title='bbox 1927 4772 2218 4819; x_wconf 88' lang='lat' dir='ltr'><strong>centorum</strong></span> <span class='ocrx_word' id='word_1_693' title='bbox 2260 4771 2318 4818; x_wconf 92' lang='lat' dir='ltr'><strong>et</strong></span> <span class='ocrx_word' id='word_1_694' title='bbox 2355 4762 2665 4818; x_wconf 89' lang='lat' dir='ltr'><strong>octodecim</strong></span> <span class='ocrx_word' id='word_1_695' title='bbox 2716 4769 3033 4817; x_wconf 89' lang='lat' dir='ltr'><strong>sanctorum</strong></span> <span class='ocrx_word' id='word_1_696' title='bbox 3083 4760 3329 4825; x_wconf 88' lang='lat' dir='ltr'><strong>Patrum,</strong></span> <span class='ocrx_word' id='word_1_697' title='bbox 3365 4759 3514 4828; x_wconf 82' lang='lat' dir='ltr'><strong>quod</strong></span> 
     </span>
    </p>
   </div>
   <div class='ocr_carea' id='block_1_100' title="bbox 1929 4852 3516 4926">
    <p class='ocr_par' dir='ltr' id='par_1_100' title="bbox 1929 4852 3516 4926">
     <span class='ocr_line' id='line_1_100' title="bbox 1929 4852 3516 4926; baseline -0.004 -14"><span class='ocrx_word' id='word_1_698' title='bbox 1929 4873 1961 4912; x_wconf 90' lang='lat' dir='ltr'><strong>a</strong></span> <span class='ocrx_word' id='word_1_699' title='bbox 2003 4857 2117 4926; x_wconf 87' lang='lat' dir='ltr'><strong>jam</strong></span> <span class='ocrx_word' id='word_1_700' title='bbox 2169 4855 2333 4911; x_wconf 90' lang='lat' dir='ltr'><strong>dictis</strong></span> <span class='ocrx_word' id='word_1_701' title='bbox 2373 4865 2597 4910; x_wconf 88' lang='lat' dir='ltr'><strong>centum</strong></span> <span class='ocrx_word' id='word_1_702' title='bbox 2633 4863 2690 4909; x_wconf 93' lang='lat' dir='ltr'><strong>et</strong></span> <span class='ocrx_word' id='word_1_703' title='bbox 2725 4853 3136 4926; x_wconf 18' lang='lat' dir='ltr'><strong>quinquaginta.</strong></span> <span class='ocrx_word' id='word_1_704' title='bbox 3171 4852 3378 4907; x_wconf 86' lang='lat' dir='ltr'><strong>sanctis</strong></span> <span class='ocrx_word' id='word_1_705' title='bbox 3417 4852 3516 4906; x_wconf 86' lang='lat' dir='ltr'><strong>Pa-</strong></span> 
     </span>
    </p>
   </div>
   <div class='ocr_carea' id='block_1_101' title="bbox 1932 4945 3512 5012">
    <p class='ocr_par' dir='ltr' id='par_1_101' title="bbox 1932 4945 3512 5012">
     <span class='ocr_line' id='line_1_101' title="bbox 1932 4945 3512 5012; baseline -0.003 -9"><span class='ocrx_word' id='word_1_706' title='bbox 1932 4946 2113 5003; x_wconf 89' lang='lat' dir='ltr'><strong>tribus</strong></span> <span class='ocrx_word' id='word_1_707' title='bbox 2146 4946 2532 5002; x_wconf 82' lang='lat' dir='ltr'><strong>conﬁrmatum</strong></span> <span class='ocrx_word' id='word_1_708' title='bbox 2575 4954 2683 5012; x_wconf 91' lang='lat' dir='ltr'><strong>est,</strong></span> <span class='ocrx_word' id='word_1_709' title='bbox 2725 4946 3006 5012; x_wconf 85' lang='lat' dir='ltr'><strong>habuisse,</strong></span> <span class='ocrx_word' id='word_1_710' title='bbox 3050 4945 3136 5000; x_wconf 87' lang='lat' dir='ltr'><strong>vel</strong></span> <span class='ocrx_word' id='word_1_711' title='bbox 3171 4945 3395 5012; x_wconf 83' lang='lat' dir='ltr'><strong>habere,</strong></span> <span class='ocrx_word' id='word_1_712' title='bbox 3427 4947 3512 5000; x_wconf 89' lang='lat' dir='ltr'><strong>vel</strong></span> 
     </span>
    </p>
   </div>
   <div class='ocr_carea' id='block_1_102' title="bbox 1407 5101 2290 5161">
    <p class='ocr_par' dir='ltr' id='par_1_102' title="bbox 1407 5101 2290 5161">
     <span class='ocr_line' id='line_1_102' title="bbox 1407 5101 2290 5161; baseline 0.001 -3"><span class='ocrx_word' id='word_1_713' title='bbox 1407 5103 1681 5160; x_wconf 79' lang='lat' dir='ltr'><strong>VALESII</strong></span> <span class='ocrx_word' id='word_1_714' title='bbox 1730 5101 2290 5161; x_wconf 77' lang='lat' dir='ltr'><strong>ANNOTATIONES.</strong></span> 
     </span>
    </p>
   </div>
   <div class='ocr_carea' id='block_1_103' title="bbox 303 5222 1817 5300">
    <p class='ocr_par' dir='ltr' id='par_1_103' title="bbox 303 5222 1817 5300">
     <span class='ocr_line' id='line_1_103' title="bbox 303 5222 1817 5300; baseline -0.005 -14"><span class='ocrx_word' id='word_1_715' title='bbox 303 5229 415 5300; x_wconf 90' lang='lat'><strong>(89)</strong></span> <span class='ocrx_word' id='word_1_716' title='bbox 465 5226 1010 5300; x_wconf 23' lang='grc' dir='ltr'>Πάσῃῌπροσευχῇ</span> <span class='ocrx_word' id='word_1_717' title='bbox 1060 5225 1160 5300; x_wconf 65' lang='grc' dir='ltr'>καὶ</span> <span class='ocrx_word' id='word_1_718' title='bbox 1208 5222 1478 5300; x_wconf 56' lang='grc' dir='ltr'>σπουδῇ.</span> <span class='ocrx_word' id='word_1_719' title='bbox 1521 5224 1615 5280; x_wconf 90' lang='lat' dir='ltr'><strong>Sic</strong></span> <span class='ocrx_word' id='word_1_720' title='bbox 1648 5224 1817 5280; x_wconf 88' lang='lat' dir='ltr'><strong>etiam</strong></span> 
     </span>
    </p>
   </div>
   <div class='ocr_carea' id='block_1_104' title="bbox 231 5297 1821 5373">
    <p class='ocr_par' dir='ltr' id='par_1_104' title="bbox 231 5297 1821 5373">
     <span class='ocr_line' id='line_1_104' title="bbox 231 5297 1821 5373; baseline -0.004 -17"><span class='ocrx_word' id='word_1_721' title='bbox 231 5297 436 5373; x_wconf 76' lang='lat' dir='ltr'><strong>legitur</strong></span> <span class='ocrx_word' id='word_1_722' title='bbox 474 5299 619 5373; x_wconf 81' lang='lat' dir='ltr'><strong>apud</strong></span> <span class='ocrx_word' id='word_1_723' title='bbox 651 5297 1050 5373; x_wconf 63' lang='lat' dir='ltr'><strong>Nicephorum.</strong></span> <span class='ocrx_word' id='word_1_724' title='bbox 1085 5297 1198 5373; x_wconf 56' lang='lat' dir='ltr'><strong>lflec</strong></span> <span class='ocrx_word' id='word_1_725' title='bbox 1225 5297 1385 5350; x_wconf 86' lang='lat' dir='ltr'><strong>aliter</strong></span> <span class='ocrx_word' id='word_1_726' title='bbox 1415 5297 1627 5373; x_wconf 84' lang='lat' dir='ltr'><strong>legerat</strong></span> <span class='ocrx_word' id='word_1_727' title='bbox 1657 5304 1821 5373; x_wconf 76' lang='lat' dir='ltr'><strong>vetus</strong></span> 
     </span>
    </p>
   </div>
   <div class='ocr_carea' id='block_1_105' title="bbox 234 5365 1819 5441">
    <p class='ocr_par' dir='ltr' id='par_1_105' title="bbox 234 5365 1819 5441">
     <span class='ocr_line' id='line_1_105' title="bbox 234 5365 1819 5441; baseline -0.005 -13"><span class='ocrx_word' id='word_1_728' title='bbox 234 5365 527 5441; x_wconf 66' lang='lat' dir='ltr'><strong>interpres</strong></span> <span class='ocrx_word' id='word_1_729' title='bbox 549 5370 669 5440; x_wconf 85' lang='lat' dir='ltr'><strong>ejus</strong></span> <span class='ocrx_word' id='word_1_730' title='bbox 706 5365 874 5441; x_wconf 63' lang='lat' dir='ltr'><strong>edicti</strong></span> <span class='ocrx_word' id='word_1_731' title='bbox 909 5368 1054 5441; x_wconf 80' lang='lat' dir='ltr'><strong>apud</strong></span> <span class='ocrx_word' id='word_1_732' title='bbox 1091 5368 1412 5441; x_wconf 80' lang='lat' dir='ltr'><strong>Liberatum</strong></span> <span class='ocrx_word' id='word_1_733' title='bbox 1455 5365 1508 5441; x_wconf 73' lang='lat' dir='ltr'><strong>in</strong></span> <span class='ocrx_word' id='word_1_734' title='bbox 1560 5382 1683 5436; x_wconf 88' lang='lat' dir='ltr'><strong>cap.</strong></span> <span class='ocrx_word' id='word_1_735' title='bbox 1731 5365 1819 5420; x_wconf 75' lang='grc'><strong>18.</strong></span> 
     </span>
    </p>
   </div>
   <div class='ocr_carea' id='block_1_106' title="bbox 232 5437 1820 5500">
    <p class='ocr_par' dir='ltr' id='par_1_106' title="bbox 232 5437 1820 5500">
     <span class='ocr_line' id='line_1_106' title="bbox 232 5437 1820 5500; baseline -0.006 0"><span class='ocrx_word' id='word_1_736' title='bbox 232 5445 311 5500; x_wconf 86' lang='lat' dir='ltr'><strong>Ita</strong></span> <span class='ocrx_word' id='word_1_737' title='bbox 349 5437 497 5498; x_wconf 74' lang='lat' dir='ltr'><strong>enim</strong></span> <span class='ocrx_word' id='word_1_738' title='bbox 535 5437 700 5494; x_wconf 77' lang='lat' dir='ltr'><strong>vertit</strong></span> <span class='ocrx_word' id='word_1_739' title='bbox 737 5459 749 5493; x_wconf 91' lang='lat'><strong>:</strong></span> <span class='ocrx_word' id='word_1_740' title='bbox 779 5438 1029 5493; x_wconf 77' lang='lat' dir='ltr'><strong>Noctibus</strong></span> <span class='ocrx_word' id='word_1_741' title='bbox 1065 5455 1126 5492; x_wconf 87' lang='lat' dir='ltr'><strong>ac</strong></span> <span class='ocrx_word' id='word_1_742' title='bbox 1156 5437 1337 5491; x_wconf 80' lang='lat' dir='ltr'><strong>diebus</strong></span> <span class='ocrx_word' id='word_1_743' title='bbox 1368 5439 1609 5492; x_wconf 80' lang='lat' dir='ltr'><strong>oratione</strong></span> <span class='ocrx_word' id='word_1_744' title='bbox 1635 5447 1683 5490; x_wconf 85' lang='lat' dir='ltr'><strong>et</strong></span> <span class='ocrx_word' id='word_1_745' title='bbox 1708 5446 1820 5491; x_wconf 78' lang='lat' dir='ltr'><strong>stu-</strong></span> 
     </span>
    </p>
   </div>
   <div class='ocr_carea' id='block_1_107' title="bbox 233 5507 1818 5582">
    <p class='ocr_par' dir='ltr' id='par_1_107' title="bbox 233 5507 1818 5582">
     <span class='ocr_line' id='line_1_107' title="bbox 233 5507 1818 5582; baseline -0.005 -14"><span class='ocrx_word' id='word_1_746' title='bbox 233 5515 319 5570; x_wconf 78' lang='lat' dir='ltr'><strong>dio</strong></span> <span class='ocrx_word' id='word_1_747' title='bbox 349 5523 397 5566; x_wconf 83' lang='lat' dir='ltr'><strong>et</strong></span> <span class='ocrx_word' id='word_1_748' title='bbox 439 5511 635 5582; x_wconf 79' lang='lat' dir='ltr'><strong>legibus</strong></span> <span class='ocrx_word' id='word_1_749' title='bbox 659 5512 890 5582; x_wconf 72' lang='lat' dir='ltr'><strong>nitimur</strong></span> <span class='ocrx_word' id='word_1_750' title='bbox 914 5507 1389 5582; x_wconf 52' lang='lat' dir='ltr'><strong>multiplicariper</strong></span> <span class='ocrx_word' id='word_1_751' title='bbox 1417 5524 1538 5582; x_wconf 65' lang='lat' dir='ltr'><strong>eum</strong></span> <span class='ocrx_word' id='word_1_752' title='bbox 1570 5517 1818 5582; x_wconf 73' lang='lat' dir='ltr'><strong>sanctam</strong></span> 
     </span>
    </p>
   </div>
   <div class='ocr_carea' id='block_1_108' title="bbox 234 5577 1816 5651">
    <p class='ocr_par' dir='ltr' id='par_1_108' title="bbox 234 5577 1816 5651">
     <span class='ocr_line' id='line_1_108' title="bbox 234 5577 1816 5651; baseline -0.006 -12"><span class='ocrx_word' id='word_1_753' title='bbox 234 5577 552 5641; x_wconf 55' lang='lat' dir='ltr'><strong>catholica&#39;m</strong></span> <span class='ocrx_word' id='word_1_754' title='bbox 588 5592 634 5634; x_wconf 83' lang='lat' dir='ltr'><strong>et</strong></span> <span class='ocrx_word' id='word_1_755' title='bbox 684 5580 1035 5651; x_wconf 83' lang='lat' dir='ltr'><strong>apostolicam</strong></span> <span class='ocrx_word' id='word_1_756' title='bbox 1074 5577 1401 5651; x_wconf 76' lang='lat' dir='ltr'><strong>Ecclesium.</strong></span> <span class='ocrx_word' id='word_1_757' title='bbox 1450 5579 1582 5633; x_wconf 86' lang='lat' dir='ltr'><strong>Mihi</strong></span> <span class='ocrx_word' id='word_1_758' title='bbox 1633 5589 1816 5651; x_wconf 76' lang='lat' dir='ltr'><strong>tamen</strong></span> 
     </span>
    </p>
   </div>
   <div class='ocr_carea' id='block_1_109' title="bbox 234 5647 1816 5724">
    <p class='ocr_par' dir='ltr' id='par_1_109' title="bbox 234 5647 1816 5724">
     <span class='ocr_line' id='line_1_109' title="bbox 234 5647 1816 5724; baseline -0.006 -14"><span class='ocrx_word' id='word_1_759' title='bbox 234 5655 422 5724; x_wconf 85' lang='lat' dir='ltr'><strong>potius</strong></span> <span class='ocrx_word' id='word_1_760' title='bbox 443 5647 1047 5724; x_wconf 73' lang='lat' dir='ltr'><strong>videturscribendum</strong></span> <span class='ocrx_word' id='word_1_761' title='bbox 1068 5665 1190 5705; x_wconf 87' lang='lat' dir='ltr'><strong>esse</strong></span> <span class='ocrx_word' id='word_1_762' title='bbox 1207 5648 1366 5724; x_wconf 70' lang='grc' dir='ltr'>πάσῃ</span> <span class='ocrx_word' id='word_1_763' title='bbox 1385 5652 1651 5724; x_wconf 79' lang='grc' dir='ltr'>προσοχῇ.</span> <span class='ocrx_word' id='word_1_764' title='bbox 1674 5647 1816 5724; x_wconf 79' lang='lat' dir='ltr'><strong>Quid</strong></span> 
     </span>
    </p>
   </div>
   <div class='ocr_carea' id='block_1_110' title="bbox 236 5719 1818 5794">
    <p class='ocr_par' dir='ltr' id='par_1_110' title="bbox 236 5719 1818 5794">
     <span class='ocr_line' id='line_1_110' title="bbox 236 5719 1818 5794; baseline -0.006 -13"><span class='ocrx_word' id='word_1_765' title='bbox 236 5719 308 5781; x_wconf 76' lang='lat' dir='ltr'><strong>sit</strong></span> <span class='ocrx_word' id='word_1_766' title='bbox 357 5723 600 5794; x_wconf 81' lang='grc' dir='ltr'>προσοχὴ</span> <span class='ocrx_word' id='word_1_767' title='bbox 653 5721 816 5794; x_wconf 77' lang='lat' dir='ltr'><strong>docet</strong></span> <span class='ocrx_word' id='word_1_768' title='bbox 852 5721 1071 5794; x_wconf 87' lang='lat' dir='ltr'><strong>Suidas,</strong></span> <span class='ocrx_word' id='word_1_769' title='bbox 1126 5719 1222 5789; x_wconf 91' lang='lat' dir='ltr'><strong>qui</strong></span> <span class='ocrx_word' id='word_1_770' title='bbox 1275 5719 1482 5794; x_wconf 72' lang='lat' dir='ltr'><strong>veteris</strong></span> <span class='ocrx_word' id='word_1_771' title='bbox 1531 5719 1818 5789; x_wconf 82' lang='lat' dir='ltr'><strong>scriptoris</strong></span> 
     </span>
    </p>
   </div>
   <div class='ocr_carea' id='block_1_111' title="bbox 168 5788 1817 5920">
    <p class='ocr_par' dir='ltr' id='par_1_111' title="bbox 168 5788 1817 5920">
     <span class='ocr_line' id='line_1_111' title="bbox 168 5788 1817 5920; baseline -0.003 -70"><span class='ocrx_word' id='word_1_772' title='bbox 168 5859 177 5869; x_wconf 41' lang='lat'>.</span> <span class='ocrx_word' id='word_1_773' title='bbox 236 5788 417 5920; x_wconf 62' lang='lat' dir='ltr'><strong>loclllllli</strong></span> <span class='ocrx_word' id='word_1_774' title='bbox 481 5788 663 5920; x_wconf 55' lang='lat' dir='ltr'><strong>agat.</strong></span> <span class='ocrx_word' id='word_1_775' title='bbox 715 5792 882 5851; x_wconf 87' lang='lat' dir='ltr'><strong>Certe</strong></span> <span class='ocrx_word' id='word_1_776' title='bbox 931 5793 1048 5848; x_wconf 73' lang='lat' dir='ltr'><strong>haec</strong></span> <span class='ocrx_word' id='word_1_777' title='bbox 1109 5788 1424 5849; x_wconf 84' lang='lat' dir='ltr'><strong>emendatio</strong></span> <span class='ocrx_word' id='word_1_778' title='bbox 1483 5788 1817 5863; x_wconf 82' lang='lat' dir='ltr'><strong>magnopere</strong></span> 
     </span>
     <span class='ocr_line' id='line_1_112' title="bbox 236 5865 1522 5920; baseline -0.003 0"><span class='ocrx_word' id='word_1_779' title='bbox 236 5868 307 5920; x_wconf 89' lang='lat' dir='ltr'><strong>mi</strong></span> <span class='ocrx_word' id='word_1_780' title='bbox 355 5867 368 5920; x_wconf 95' lang='lat' dir='ltr'><strong>i</strong></span> <span class='ocrx_word' id='word_1_781' title='bbox 402 5865 510 5920; x_wconf 88' lang='lat' dir='ltr'><strong>arri</strong></span> <span class='ocrx_word' id='word_1_782' title='bbox 552 5874 626 5920; x_wconf 80' lang='lat' dir='ltr'><strong>et.</strong></span> <span class='ocrx_word' id='word_1_783' title='bbox 1519 5913 1522 5916; x_wconf 90' lang='lat'><strong><em>_</em></strong></span> 
     </span>
    </p>
   </div>
   <div class='ocr_carea' id='block_1_112' title="bbox 236 5865 626 5922">
    <p class='ocr_par' dir='ltr' id='par_1_112' title="bbox 236 5865 626 5922">
     <span class='ocr_line' id='line_1_113' title="bbox 236 5865 626 5922; baseline -0.01 0"><span class='ocrx_word' id='word_1_784' title='bbox 236 5867 368 5922; x_wconf 87' lang='lat' dir='ltr'><strong>mihi</strong></span> <span class='ocrx_word' id='word_1_785' title='bbox 402 5865 626 5922; x_wconf 80' lang='lat' dir='ltr'><strong>arridet.</strong></span> 
     </span>
    </p>
   </div>
   <div class='ocr_carea' id='block_1_113' title="bbox 2025 5194 3512 5294">
    <p class='ocr_par' dir='ltr' id='par_1_113' title="bbox 2025 5194 3512 5294">
     <span class='ocr_line' id='line_1_114' title="bbox 2025 5194 3512 5294; baseline -0.004 -17"><span class='ocrx_word' id='word_1_786' title='bbox 2025 5222 2115 5294; x_wconf 90' lang='lat'><strong>90)</strong></span> <span class='ocrx_word' id='word_1_787' title='bbox 2158 5194 2399 5294; x_wconf 52' lang='lat' dir='ltr'><strong>Zamam</strong></span> <span class='ocrx_word' id='word_1_788' title='bbox 2449 5217 3166 5294; x_wconf 52' lang='lat' dir='ltr'><strong>:zoJeyér:__Scr_ibendum</strong></span> <span class='ocrx_word' id='word_1_789' title='bbox 3199 5227 3290 5294; x_wconf 76' lang='lat' dir='ltr'><strong>est</strong></span> <span class='ocrx_word' id='word_1_790' title='bbox 3323 5218 3512 5294; x_wconf 59' lang='lat' dir='ltr'><strong>procul</strong></span> 
     </span>
    </p>
   </div>
   <div class='ocr_carea' id='block_1_114' title="bbox 1929 5288 3512 5363">
    <p class='ocr_par' dir='ltr' id='par_1_114' title="bbox 1929 5288 3512 5363">
     <span class='ocr_line' id='line_1_115' title="bbox 1929 5288 3512 5363; baseline -0.006 -13"><span class='ocrx_word' id='word_1_791' title='bbox 1929 5288 2107 5350; x_wconf 81' lang='lat' dir='ltr'><strong>dubio</strong></span> <span class='ocrx_word' id='word_1_792' title='bbox 2128 5288 2408 5363; x_wconf 77' lang='grc' dir='ltr'>πολεμῲη,</span> <span class='ocrx_word' id='word_1_793' title='bbox 2442 5301 2502 5346; x_wconf 83' lang='grc' dir='ltr'><strong>ιιι</strong></span> <span class='ocrx_word' id='word_1_794' title='bbox 2529 5288 2695 5346; x_wconf 85' lang='lat' dir='ltr'><strong>habet</strong></span> <span class='ocrx_word' id='word_1_795' title='bbox 2724 5290 3071 5363; x_wconf 83' lang='lat' dir='ltr'><strong>Nicephorus</strong></span> <span class='ocrx_word' id='word_1_796' title='bbox 3104 5298 3159 5363; x_wconf 88' lang='lat' dir='ltr'><strong>et</strong></span> <span class='ocrx_word' id='word_1_797' title='bbox 3191 5289 3360 5363; x_wconf 77' lang='lat' dir='ltr'><strong>codex</strong></span> <span class='ocrx_word' id='word_1_798' title='bbox 3390 5288 3512 5363; x_wconf 78' lang='lat' dir='ltr'><strong>Tel-</strong></span> 
     </span>
    </p>
   </div>
   <div class='ocr_carea' id='block_1_115' title="bbox 1929 5358 3515 5433">
    <p class='ocr_par' dir='ltr' id='par_1_115' title="bbox 1929 5358 3515 5433">
     <span class='ocr_line' id='line_1_116' title="bbox 1929 5358 3515 5433; baseline -0.005 -13"><span class='ocrx_word' id='word_1_799' title='bbox 1929 5365 2197 5420; x_wconf 91' lang='lat' dir='ltr'><strong>lcrianus.</strong></span> <span class='ocrx_word' id='word_1_800' title='bbox 2232 5358 2472 5418; x_wconf 49' lang='lat' dir='ltr'><strong>S&#39;avil&#39;ius</strong></span> <span class='ocrx_word' id='word_1_801' title='bbox 2494 5377 2716 5433; x_wconf 89' lang='lat' dir='ltr'><strong>quoque</strong></span> <span class='ocrx_word' id='word_1_802' title='bbox 2752 5362 2820 5416; x_wconf 88' lang='lat' dir='ltr'><strong>ad</strong></span> <span class='ocrx_word' id='word_1_803' title='bbox 2849 5358 3002 5416; x_wconf 76' lang='lat' dir='ltr'><strong>oram</strong></span> <span class='ocrx_word' id='word_1_804' title='bbox 3033 5360 3119 5416; x_wconf 92' lang='lat' dir='ltr'><strong>sui</strong></span> <span class='ocrx_word' id='word_1_805' title='bbox 3162 5359 3370 5414; x_wconf 88' lang='lat' dir='ltr'><strong>codicis</strong></span> <span class='ocrx_word' id='word_1_806' title='bbox 3418 5358 3515 5412; x_wconf 87' lang='lat' dir='ltr'><strong>ad-</strong></span> 
     </span>
    </p>
   </div>
   <div class='ocr_carea' id='block_1_116' title="bbox 1928 5433 2647 5504">
    <p class='ocr_par' dir='ltr' id='par_1_116' title="bbox 1928 5433 2647 5504">
     <span class='ocr_line' id='line_1_117' title="bbox 1928 5433 2647 5504; baseline -0.006 -14"><span class='ocrx_word' id='word_1_807' title='bbox 1928 5445 2168 5500; x_wconf 84' lang='lat' dir='ltr'><strong>notarat,</strong></span> <span class='ocrx_word' id='word_1_808' title='bbox 2194 5435 2334 5489; x_wconf 85' lang='lat' dir='ltr'><strong>forte</strong></span> <span class='ocrx_word' id='word_1_809' title='bbox 2361 5433 2647 5504; x_wconf 82' lang='grc' dir='ltr'>πολεμοίη.</span> 
     </span>
    </p>
   </div>
   <div class='ocr_carea' id='block_1_117' title="bbox 2001 5498 3512 5577">
    <p class='ocr_par' dir='ltr' id='par_1_117' title="bbox 2001 5498 3512 5577">
     <span class='ocr_line' id='line_1_118' title="bbox 2001 5498 3512 5577; baseline -0.007 -17"><span class='ocrx_word' id='word_1_810' title='bbox 2001 5507 2112 5577; x_wconf 82' lang='lat'><strong>(9|)</strong></span> <span class='ocrx_word' id='word_1_811' title='bbox 2148 5498 2258 5558; x_wconf 77' lang='grc' dir='ltr'><strong>Καὶ</strong></span> <span class='ocrx_word' id='word_1_812' title='bbox 2296 5504 2403 5571; x_wconf 82' lang='grc' dir='ltr'>τὰς</span> <span class='ocrx_word' id='word_1_813' title='bbox 2424 5498 2999 5577; x_wconf 20' lang='grc' dir='ltr'>,ιιλέόθᾼτοῦῃλουτροᾱ</span> <span class='ocrx_word' id='word_1_814' title='bbox 3036 5500 3117 5577; x_wconf 74' lang='grc' dir='ltr'><strong>Αιί</strong></span> <span class='ocrx_word' id='word_1_815' title='bbox 3151 5498 3512 5577; x_wconf 73' lang='lat' dir='ltr'><strong>hunclocum</strong></span> 
     </span>
    </p>
   </div>
   <div class='ocr_carea' id='block_1_118' title="bbox 1924 5567 3511 5642">
    <p class='ocr_par' dir='ltr' id='par_1_118' title="bbox 1924 5567 3511 5642">
     <span class='ocr_line' id='line_1_119' title="bbox 1924 5567 3511 5642; baseline -0.006 -11"><span class='ocrx_word' id='word_1_816' title='bbox 1924 5567 2104 5632; x_wconf 72' lang='lat' dir='ltr'><strong>edicti</strong></span> <span class='ocrx_word' id='word_1_817' title='bbox 2145 5567 2391 5631; x_wconf 79' lang='lat' dir='ltr'><strong>Zenonis</strong></span> <span class='ocrx_word' id='word_1_818' title='bbox 2424 5567 2625 5629; x_wconf 73' lang='lat' dir='ltr'><strong>alludit</strong></span> <span class='ocrx_word' id='word_1_819' title='bbox 2677 5575 2829 5629; x_wconf 83' lang='lat' dir='ltr'><strong>Felix</strong></span> <span class='ocrx_word' id='word_1_820' title='bbox 2865 5567 3033 5642; x_wconf 79' lang='lat' dir='ltr'><strong>papa,</strong></span> <span class='ocrx_word' id='word_1_821' title='bbox 3072 5572 3139 5642; x_wconf 89' lang='lat' dir='ltr'><strong>in</strong></span> <span class='ocrx_word' id='word_1_822' title='bbox 3173 5567 3403 5642; x_wconf 83' lang='lat' dir='ltr'><strong>epistola</strong></span> <span class='ocrx_word' id='word_1_823' title='bbox 3443 5569 3511 5623; x_wconf 92' lang='lat' dir='ltr'><strong>ad</strong></span> 
     </span>
    </p>
   </div>
   <div class='ocr_carea' id='block_1_119' title="bbox 1925 5640 3512 5716">
    <p class='ocr_par' dir='ltr' id='par_1_119' title="bbox 1925 5640 3512 5716">
     <span class='ocr_line' id='line_1_120' title="bbox 1925 5640 3512 5716; baseline -0.008 -13"><span class='ocrx_word' id='word_1_824' title='bbox 1925 5649 2204 5703; x_wconf 87' lang='lat' dir='ltr'><strong>Zenonem</strong></span> <span class='ocrx_word' id='word_1_825' title='bbox 2252 5647 2485 5716; x_wconf 82' lang='lat' dir='ltr'><strong>August.</strong></span> <span class='ocrx_word' id='word_1_826' title='bbox 2538 5647 2614 5699; x_wconf 90' lang='lat' dir='ltr'><strong>ita</strong></span> <span class='ocrx_word' id='word_1_827' title='bbox 2645 5640 2894 5716; x_wconf 76' lang='lat' dir='ltr'><strong>scribens</strong></span> <span class='ocrx_word' id='word_1_828' title='bbox 2927 5640 3125 5716; x_wconf 56' lang='lat' dir='ltr'><strong>{Dolet</strong></span> <span class='ocrx_word' id='word_1_829' title='bbox 3169 5650 3306 5694; x_wconf 83' lang='lat' dir='ltr'><strong>certe</strong></span> <span class='ocrx_word' id='word_1_830' title='bbox 3344 5640 3512 5709; x_wconf 84' lang='lat' dir='ltr'><strong>pictas</strong></span> 
     </span>
    </p>
   </div>
   <div class='ocr_carea' id='block_1_120' title="bbox 1925 5712 3512 5789">
    <p class='ocr_par' dir='ltr' id='par_1_120' title="bbox 1925 5712 3512 5789">
     <span class='ocr_line' id='line_1_121' title="bbox 1925 5712 3512 5789; baseline -0.006 -17"><span class='ocrx_word' id='word_1_831' title='bbox 1925 5729 2038 5782; x_wconf 84' lang='lat' dir='ltr'><strong>tua,</strong></span> <span class='ocrx_word' id='word_1_832' title='bbox 2090 5719 2229 5789; x_wconf 82' lang='lat' dir='ltr'><strong>quod</strong></span> <span class='ocrx_word' id='word_1_833' title='bbox 2282 5712 2375 5789; x_wconf 54' lang='lat' dir='ltr'><strong>per</strong></span> <span class='ocrx_word' id='word_1_834' title='bbox 2417 5717 2696 5771; x_wconf 78' lang='lat' dir='ltr'><strong>diuturnos</strong></span> <span class='ocrx_word' id='word_1_835' title='bbox 2737 5715 2906 5789; x_wconf 69' lang='lat' dir='ltr'><strong>partis</strong></span> <span class='ocrx_word' id='word_1_836' title='bbox 2938 5712 3179 5789; x_wconf 63' lang='lat' dir='ltr'><strong>alterum</strong></span> <span class='ocrx_word' id='word_1_837' title='bbox 3221 5727 3512 5789; x_wconf 63' lang='lat' dir='ltr'><strong>gravesque</strong></span> 
     </span>
    </p>
   </div>
   <div class='ocr_carea' id='block_1_121' title="bbox 1924 5781 3510 5860">
    <p class='ocr_par' dir='ltr' id='par_1_121' title="bbox 1924 5781 3510 5860">
     <span class='ocr_line' id='line_1_122' title="bbox 1924 5781 3510 5860; baseline -0.004 -18"><span class='ocrx_word' id='word_1_838' title='bbox 1924 5781 2220 5860; x_wconf 64' lang='lat' dir='ltr'><strong>conﬂictus,</strong></span> <span class='ocrx_word' id='word_1_839' title='bbox 2257 5781 2434 5842; x_wconf 64' lang='lat' dir='ltr'><strong>inultis</strong></span> <span class='ocrx_word' id='word_1_840' title='bbox 2473 5804 2536 5841; x_wconf 72' lang='lat' dir='ltr'><strong>ea:</strong></span> <span class='ocrx_word' id='word_1_841' title='bbox 2562 5789 2658 5860; x_wconf 72' lang='lat' dir='ltr'><strong>hoc</strong></span> <span class='ocrx_word' id='word_1_842' title='bbox 2673 5781 2868 5860; x_wconf 59' lang='lat' dir='ltr'><strong>stuculo</strong></span> <span class='ocrx_word' id='word_1_843' title='bbox 2900 5784 3182 5839; x_wconf 77' lang='lat' dir='ltr'><strong>videantur</strong></span> <span class='ocrx_word' id='word_1_844' title='bbox 3218 5781 3384 5837; x_wconf 72' lang='lat' dir='ltr'><strong>ablati</strong></span> <span class='ocrx_word' id='word_1_845' title='bbox 3418 5793 3510 5837; x_wconf 84' lang='lat' dir='ltr'><strong>aut</strong></span> 
     </span>
    </p>
   </div>
   <div class='ocr_carea' id='block_1_122' title="bbox 1925 5857 3070 5932">
    <p class='ocr_par' dir='ltr' id='par_1_122' title="bbox 1925 5857 3070 5932">
     <span class='ocr_line' id='line_1_123' title="bbox 1925 5857 3070 5932; baseline -0.003 -19"><span class='ocrx_word' id='word_1_846' title='bbox 1925 5857 2256 5916; x_wconf 35' lang='lat' dir='ltr'><strong>bau’tismatis</strong></span> <span class='ocrx_word' id='word_1_847' title='bbox 2278 5869 2370 5915; x_wconf 78' lang='lat' dir='ltr'><strong>aut</strong></span> <span class='ocrx_word' id='word_1_848' title='bbox 2393 5857 2779 5913; x_wconf 77' lang='lat' dir='ltr'><strong>communionis</strong></span> <span class='ocrx_word' id='word_1_849' title='bbox 2810 5863 3070 5932; x_wconf 72' lang='lat' dir='ltr'><strong>expertes.</strong></span> 
     </span>
    </p>
   </div>
  </div>
