3960 6506
515 393 658 456 2623

1543 405 1582 434 '-
1636 434 1640 437 Α
1743 395 2063 457 EVAGRII
2104 392 2595 457 SCHOLASTICI

3656 395 3811 457 2624

516 508 809 566 habituros
835 523 982 573 esse,
1020 522 1127 565 nec
1162 508 1308 564 scire
1342 524 1651 581 quosquam
1687 508 1852 581 347
1885 510 1981 580 qui
2019 509 2118 564 ha-

2231 509 2315 562 mi.
2345 507 2528 579 μόνον,
2558 507 2634 570 ὡς
2660 503 2896 577 ἔφαμεν,
2926 503 3027 576 τὴν
3053 504 3339 577 ἡμετέραν
3369 503 3686 576 περισώζειν
3706 525 3813 561 τε-

520 603 706 659 beant.
752 601 911 680 Quod
942 602 987 656 si
1021 602 1148 671 quis
1180 601 1406 667 habeat,
1439 602 1589 656 hunc
1619 610 1948 656 extraneum
1987 617 2111 657 esse

514 695 851 766 iudicamus.
886 694 1002 750 Hoc
1023 695 1175 750 enim
1210 695 1462 767 symbolo
1498 695 1641 759 solo,
1676 702 1740 748 ut
1760 693 1875 764 jam
1904 693 2115 748 dictum

518 794 625 850 est,
667 782 962 855 imperium
996 792 1250 840 nostrum
1279 784 1490 841 servari
1539 783 1895 840 conﬁdimus.
1924 783 2031 840 Sed
2059 792 2117 840 et

520 893 715 934 omnes
740 877 930 949 populi
955 879 1053 949 qui
1085 880 1385 934 salutarem
1413 877 1751 950 baptismum
1777 878 2114 950 percipiunt,

524 971 631 1027 hoc
659 971 778 1027 solo
816 980 1044 1043 accepto
1072 971 1321 1043 symbolo
1343 972 1722 1044 baptizantur.
1758 971 1910 1027 Idem
1936 970 2114 1027 etiam

523 1062 696 1117 secuti
747 1071 878 1118 sunt
911 1064 1088 1118 sancti
1121 1065 1313 1120 Patres
1343 1065 1438 1135 qui
1472 1064 1678 1134 Ephesi
1710 1073 2115 1128 convenerunt,

521 1162 580 1208 et
623 1153 718 1223 qui
760 1153 991 1223 impium
1029 1155 1347 1210 Nestorium
1398 1171 1504 1210 una
1557 1171 1685 1211 cum
1740 1155 1809 1210 iis
1855 1155 1950 1225 qui
1996 1156 2119 1227 ejus

523 1246 858 1301 sententiam
926 1254 1118 1317 postea
1180 1247 1420 1317 amplexi
1483 1255 1648 1313 sunt,
1708 1246 2115 1318 deposuerunt.

524 1334 699 1401 Quem
753 1335 977 1406 quidem
1029 1351 1134 1391 nos
1189 1337 1356 1392 simul
1407 1352 1535 1394 cum
1590 1338 1875 1410 Eutyche,
1928 1345 2120 1409 utpote

525 1426 806 1482 contraria
850 1427 1172 1483 memoratis
1209 1428 1469 1485 Patribus
1502 1429 1839 1495 sentientes,
1882 1431 2118 1486 anathe-

526 1519 875 1584 matizamus,
920 1520 1290 1591 suscipientes
1319 1522 1489 1577 etiam
1525 1522 1821 1580 duodecim
1853 1525 2116 1596 capitula,

524 1626 649 1679 quae
692 1626 723 1665 a
766 1619 970 1667 sanctae
999 1612 1281 1667 memoriae
1325 1610 1554 1687 Cyrillo,
1601 1625 1804 1673 sanctae
1832 1618 2119 1685 catholicae

526 1703 1032 1760 Alexandrinorum
1067 1705 1331 1762 Ecclesiae
1364 1708 1644 1778 quondam
1673 1711 2116 1783 archiepiscopo,

2214 598 2578 671 θαῤῥήκαμεν
2626 597 2931 668 βασιλείαν.
2990 597 3105 651 Καὶ
3140 596 3345 657 πάντες
3376 596 3436 648 δὲ
3473 596 3525 649 οί
3555 596 3667 651 λαοὶ
3696 596 3811 652 τοῦ

2216 689 2598 761 σωτηριώδους
2642 686 2960 760 ἀξιούμενοι
3000 687 3387 757 φωτίσματος,
3420 688 3557 741 αὐτδ
3585 688 3672 742 καὶ
3694 690 3809 759 μόο

2213 798 2305 837 νον
2338 783 2864 853 παραλαμϐάνοντες
2896 780 3278 853 βαπτίζονται.
3303 774 3376 853 τῷ
3404 781 3502 834 καὶ
3524 779 3817 849 ἐξηκολού-

2215 875 2392 944 θησαν
2427 874 2478 928 οί
2512 874 2658 943 ἅγιοι
2693 873 2937 945 Πατέρες
2969 873 3021 926 οί
3049 875 3109 926 ὲν
3136 876 3204 944 τῇ
3227 872 3501 943 Ἐφεσίων
3530 873 3814 926 συνελθόν-

2213 949 2341 1030 τες,
2396 966 2447 1017 οί
2496 965 2595 1018 καὶ
2641 963 2968 1028 καθελόντες
3011 963 3106 1017 τὸν
3148 963 3325 1034 ἀσεϐῆ
3361 964 3672 1035 Νεστόριον,
3701 966 3819 1018 καὶ

2214 1057 2341 1120 τοὺς
2397 1054 2466 1110 τὰ
2521 1055 2731 1111 ἐκείνου
2790 1055 2930 1127 μετά
2969 1054 3148 1109 ταῦτα
3202 1054 3556 1125 φρονοῦντας.
3588 1054 3820 1109 Ὀντινα

2217 1149 2313 1203 καὶ
2353 1149 2514 1220 ἡμεῖς
2555 1148 2854 1220 Νεστόριον
2888 1147 3008 1218 ἅμα
3037 1148 3273 1218 Εὐτυχεῖ
3302 1147 3561 1202 τάναντία
3588 1149 3696 1211 τοῖς
3722 1148 3818 1200 εί-

2177 1236 2478 1309 .ρημένοις
2531 1236 2901 1307 φρονοῦντας,
2959 1235 3477 1307 ἀναθεματίζομεν,
3531 1236 3820 1307 δεχόμενοι

2219 1334 2315 1387 καὶ
2344 1331 2414 1386 τὰ
2443 1330 2511 1404 ιβ’
2536 1333 2814 1403 κεφάλαια
2838 1332 2910 1387 τὰ
2935 1333 3204 1406 εἰρημένα
3234 1333 3388 1405 παρὰ
3412 1332 3510 1387 τοῦ
3539 1333 3631 1404 τῆς
3654 1334 3819 1398 ὁσίας

2221 1429 2447 1501 μνήμης
2475 1430 2749 1501 Κυρίλλου
2771 1430 3066 1503 γενομένου
3089 1430 3530 1503 ἀρχιεπισκόπου
3552 1431 3649 1500 τῆς
3660 1430 3823 1483 Ἀλε-

2220 1519 2491 1590 ξανδρέων
2516 1521 2680 1591 ἁγίας
2703 1521 3003 1593 καθολικῆς
3031 1522 3386 1593 Ἐκκλησίας.
3404 1520 3818 1593 Ὁμολογοῦμεν

2198 1612 2275 1683 ,δὲ
2307 1613 2402 1668 τὸν
2435 1615 2701 1685 μονογενῆ
2732 1613 2827 1668 τοῦ
2856 1612 2993 1668 Θεοῦ
3026 1614 3157 1668 Υίὺν
3193 1615 3289 1667 καὶ
3315 1613 3452 1667 Θεὸν
3472 1652 3488 1677 ,
3536 1612 3624 1665 τὸν
3665 1612 3824 1666 κατὰ

2220 1705 2486 1776 ἀλήθειαν
2518 1707 3021 1779 ὲνανθρωπήσαντα
3053 1705 3149 1761 τὸν
3179 1705 3388 1780 Κύριον
3414 1704 3573 1775 ἡμῶν
3605 1703 3820 1775 Ἰησοῦν

525 1795 731 1851 dictata
791 1804 945 1854 sunt.
1002 1795 1345 1854 Conﬁtemur
1390 1808 1578 1856 autem
1624 1802 1974 1874 unigenitum
2020 1805 2118 1860 Dei

2231 1797 2483 1868 Χριστὸν,
2512 1797 2605 1851 τὸν
2628 1798 2915 1866 ὁμοούσιον
2943 1796 3023 1870 τῷ
3047 1798 3228 1869 Πατρὶ
3255 1796 3400 1852 κατὰ
3420 1796 3523 1869 τὴν
3557 1796 3818 1867 θεότητα,

526 1888 725 1942 Filium
756 1897 812 1944 et
842 1888 1040 1958 Deum,
1071 1908 1201 1950 vere
1242 1893 1527 1950 hominem
1561 1894 1788 1963 factum,
1819 1897 2115 1954 Dominum

2231 1890 2317 1946 καὶ
2342 1889 2628 1962 ὁμοούσιον
2656 1892 2790 1962 ἡμῖν
2816 1891 2908 1945 τὸν
2935 1890 3102 1945 αὐτὸν
3119 1885 3267 1945 κατὰ
3279 1890 3379 1962 τὴν
3392 1889 3815 1961 ἁνθρωπότητα,

524 1988 778 2036 nostrum
815 1981 1002 2039 Jesum
1037 1984 1343 2052 Christum,
1394 1987 1924 2044 consubstantialem
1965 1990 2115 2046 Patri

527 2074 833 2129 secundum
882 2076 1186 2143 Deitatem,
1237 2079 1606 2151 eumdemque
1660 2082 1825 2137 nobis
1878 2083 2117 2140 consub-

526 2166 840 2222 stantialem
893 2170 1074 2239 quoad
1125 2171 1526 2229 humanitatem
1561 2192 1576 2229 :
1614 2175 1711 2246 qui
1747 2176 2033 2245 descendit
2059 2187 2118 2235 et

528 2254 848 2314 incarnatus
879 2269 963 2315 est
1009 2277 1079 2316 ex
1113 2262 1323 2333 Spiritu
1374 2273 1566 2321 sancto
1594 2265 1665 2321 de
1694 2266 1864 2323 Maria
1891 2267 2117 2340 Virgine

528 2361 594 2401 ac
632 2346 730 2402 Dei
768 2346 1080 2412 Genitrice.
1133 2368 1306 2408 unum
1360 2369 1512 2421 esse,
1559 2371 1675 2411 non
1720 2357 1883 2413 duos.
1939 2358 2118 2415 Unius

528 2437 678 2514 enim
709 2454 833 2496 esse
870 2439 1129 2509 dicimus,
1161 2451 1279 2500 tum
1324 2442 1613 2514 miracula,
1662 2455 1780 2503 tum
1830 2450 2117 2518 passiones

530 2545 670 2600 quas
715 2541 910 2602 sponte
953 2549 1054 2590 sua
1082 2534 1138 2590 in
1164 2551 1332 2592 carne
1364 2538 1651 2595 sustinuit.
1698 2538 1807 2596 Eos
1848 2556 1982 2597 vero
2018 2543 2116 2613 qui

497 2654 500 2657 -
531 2622 790 2679 dividunt
827 2635 924 2683 aut
954 2627 1324 2696 confundunt,
1356 2639 1455 2685 aut
1492 2630 1837 2701 phantasiam
1869 2633 2121 2689 introdu-

531 2724 688 2782 cunt,
744 2717 1066 2774 nullatenus
1117 2720 1474 2791 suscipimus.
1507 2722 1565 2778 Si
1596 2722 1821 2792 quidem
1854 2740 1984 2780 vera
2028 2723 2120 2779 illa

2216 1979 2545 2035 κατελθόντα
2574 1982 2671 2035 καὶ
2699 1980 3059 2053 σαρκωθέντα
3080 1980 3145 2035 ἑκ
3167 1978 3486 2052 Πνεῦματος
3512 1978 3690 2047 ἁγίου,
3719 1980 3822 2033 καὶ

2215 2069 2435 2142 Μαρίας
2464 2071 2567 2141 τῆς
2607 2070 2887 2143 Παρθένου
2923 2071 3023 2127 καὶ⁸
3044 2070 3336 2137 Θεοτόκου,
3370 2069 3469 2124 ἕνα
3499 2070 3818 2140 τυγχάνειν,

2217 2164 2314 2217 καὶ
2362 2163 2425 2218 οὐ
2470 2163 2585 2220 δύο.
2628 2162 2779 2229 Ἔνος
2802 2162 2911 2235 γὰρ
2942 2159 3082 2218 εἷναί
3113 2180 3317 2233 φαμεν,
3351 2163 3423 2218 τά
3448 2179 3511 2216 τε
3536 2162 3819 2232 θαύματα,

2218 2254 2315 2309 καὶ
2364 2255 2433 2310 τὰ
2470 2254 2622 2326 πάθη
2668 2256 2814 2327 ειπερ
2860 2256 3123 2319 ἑκουσίως
3150 2256 3413 2328 ὑπέμεινε
3444 2256 3637 2328 σαρκί.
3676 2257 3820 2320 Τοὺς

2217 2348 2328 2420 γὰρ
2360 2347 2702 2418 διαιροῦντας
2736 2347 2770 2419 ἢ
2804 2348 3153 2419 συγχέοντας,
3177 2349 3212 2421 ἢ
3240 2350 3540 2418 φαντασίαν
3568 2349 3822 2417 εἰσάγον-

2218 2460 2352 2509 τας,
2406 2443 2531 2498 οὐδὲ
2571 2442 2711 2507 ὅλως
2746 2441 3060 2515 δείόμεθαο
3101 2443 3337 2515 ἐπείπερ
3366 2446 3401 2515 ἡ
3428 2444 3820 2515 ἀναμάρτητος

2221 2534 2366 2590 κατὰ
2395 2534 2660 2606 ἀλήθειαν
2692 2535 2972 2605 σάρκωσις
3002 2536 3069 2589 ὲκ
3096 2534 3196 2605 τῆς
3221 2534 3489 2589 Θεοτόκου
3510 2574 3525 2601 ,
3572 2532 3820 2603 προσθή-

2222 2643 2327 2698 κην
2351 2625 2484 2680 Υίοῦ
2507 2626 2570 2679 οὐ
2597 2625 2892 2696 πεποίηκε.
2923 2626 3221 2697 Μεμένηκε
3245 2626 3356 2697 γὰρ
3379 2616 3551 2694 Τριὰς
3576 2624 3815 2696 ἠτριὰς,

2224 2722 2322 2776 καὶ
2358 2719 2741 2793 σαρκωθέντος
2780 2718 2875 2773 τοῦ
2909 2719 3028 2784 ἐνὸς
3054 2718 3158 2790 τῆς
3181 2719 3416 2790 Τρεὰδος
3445 2716 3587 2772 Θεοῦ
3615 2718 3816 2787 Λόγου.

532 2817 590 2864 et
635 2809 847 2880 peccati
903 2826 1100 2881 expers
1154 2812 1462 2867 incarnatio
1521 2828 1588 2868 ex
1642 2814 1741 2869 Dei
1801 2814 2121 2884 Genitrice,

2231 2812 2438 2876 Εἰδότες
2486 2807 2582 2867 οῦν
2631 2811 2708 2876 ὼς
2756 2810 2882 2866 οὔτε
2930 2813 2987 2865 αί
3029 2812 3186 2880 ἆγιαι
3230 2809 3510 2881 πανταχοῦ
3543 2810 3645 2864 τοῦ
3683 2808 3817 2864 Θεοῦ

532 2902 909 2957 accessionem
971 2903 1204 2959 alterius
1262 2903 1387 2958 Filii
1442 2920 1554 2960 non
1616 2905 1824 2962 etl‘ecit.
1883 2907 2124 2964 Trinitas

2231 2903 2494 2977 ὑρθὸδοξοι
2528 2901 2850 2974 Ἐκκλησίαι
2877 2943 2894 2968 ,
2951 2900 3078 2956 οὔτε
3109 2903 3161 2955 οἱ
3191 2900 3399 2956 τούτων
3426 2902 3819 2974 προϊστάμενοι

532 2995 951 3068 οηίιηπεοωροι·
1001 2997 1204 3054 mansit
1248 2998 1525 3065 Trinitas,
1582 2999 1804 3056 etiamsi
1860 3015 2005 3056 unus
2054 3015 2125 3057 ex

2231 2996 2629 3068 θεοφιλέστατοι
2653 2996 2841 3067 ἱερεῖς,
2860 2993 2985 3052 οὕτε
3013 2997 3048 3067 ἡ
3073 2994 3321 3067 ἡμετέρα
3350 2994 3599 3066 βασιλεία
3630 2995 3818 3067 ἑτέρου

534 3084 833 3153 Trinitate,
892 3088 1042 3142 Deus
1094 3088 1309 3145 scilicet
1357 3089 1597 3147 Verbum
1658 3090 1980 3147 incarnatus
2028 3090 2121 3147 sit.

2231 3088 2500 3161 συμὸόλοο
2549 3087 2584 3159 ἦ
2631 3088 2761 3159 ὅρου
2792 3087 3031 3150 πίστεως
3064 3088 3217 3160 παρὰ
3244 3088 3307 3141 τδ
3334 3087 3633 3158 εἰρημένον
3666 3089 3819 3157 ἅγιον

535 3175 784 3236 Scientes
817 3180 1025 3252 itaque,
1068 3178 1290 3263 sanctas
1313 3192 1370 3239 et
1404 3183 1744 3239 orthodoxas
1765 3199 1889 3254 quae
1915 3182 2124 3254 ubique

2231 3183 2462 3253 μάθημα
2510 3180 2833 3252 ἠνέσχοντο,
2875 3180 2910 3252 ἢ
2950 3175 3279 3251 ἀνέχονται,
3343 3179 3642 3251 ήνώσαμεν
3693 3179 3819 3232 ἑαυ-

533 3280 683 3337 sunt,
721 3272 999 3329 Ecclesias
1028 3274 1149 3339 Dei,
1183 3282 1239 3329 et
1261 3274 1355 3345 qui
1392 3274 1503 3330 illis
1534 3285 1783 3345 praesunt
1809 3275 1907 3330 Dei
1937 3290 2129 3329 aman-

2231 3276 2356 3341 τοὺς
2388 3274 2525 3346 (9‘2),
2549 3275 2719 3346 μηδὲν
2746 3272 3134 3338 ὲνδοιάζοντες.
3166 3273 3356 3328 Ταῦτα
3377 3272 3434 3326 δὲ
3462 3273 3819 3344 γεγράφαμεν
3866 3336 3867 3339 η

536 3363 780 3419 tissimos
832 3363 1152 3434 episcopos,
1203 3372 1454 3421 nostrum
1505 3364 1747 3435 denique
1799 3363 2125 3435 imperium,

2231 3365 2291 3417 οὐ
2341 3362 2680 3428 καινίξοντες
2727 3365 2945 3430 πίστιν,
2994 3364 3111 3417 ἀλλ’
3147 3363 3292 3435 ὑμᾶς
3320 3361 3817 3435 πληροφοροῦντες.

536 3456 750 3510 nullum
776 3455 926 3511 aliud
956 3456 1277 3528 Symbolum
1304 3463 1402 3511 aut
1428 3455 1813 3513 deﬁnitionem
1840 3454 1967 3510 ﬁdei
1993 3470 2129 3526 prae-

2231 3456 2416 3510 Πάντα
2459 3454 2518 3509 δὲ
2563 3455 2655 3509 τδν
2685 3454 2889 3525 ¹ἕτερόν
2922 3472 2977 3510 τι
3015 3456 3388 3525 φρονήσαντα,
3422 3454 3456 3526 ἢ
3491 3453 3816 3527 φρονοῦντα,

540 3556 625 3602 ter
653 3563 819 3618 supra
850 3556 1219 3603 memoratum
1245 3555 1497 3603 sanctum
1524 3546 1804 3603 mathema
1840 3546 2129 3603 admisisse

2231 3548 2262 3621 ἢ
2292 3547 2466 3620 νῦν,ῆ
2500 3547 2745 3616 πώποτε,
2777 3547 2810 3618 ἢ
2845 3550 2901 3602 ὲν
2927 3548 3262 3621 Καλχηδόνι,
3282 3531 3331 3620 ’ἦ
3361 3548 3451 3619 οἵᾳ.
3472 3550 3678 3620 δήποτε
3704 3566 3821 3603 συν-

536 3637 624 3691 Vel
661 3624 973 3702 admittere,
1006 3638 1216 3709 absque
1246 3639 1356 3693 ulla
1383 3640 1741 3694 cunctatione
1778 3654 1884 3696 nos
1924 3639 2134 3695 aduna-

539 3726 741 3782 vimus.
772 3728 899 3784 Haec
931 3739 1118 3784 autem
1153 3730 1478 3800 scripsimus
1506 3729 1687 3794 vobis,
1723 3745 1835 3785 non
1862 3731 2133 3785 innovan-

542 3828 624 3873 tcs
657 3818 843 3884 ﬁdem,
885 3821 979 3875 sed
1011 3831 1071 3876 ut
1098 3821 1257 3877 vobis
1289 3820 2132 3893 satisfaceremus.'Quicunque

541 3927 676 3966 vero
702 3913 864 3968 aliter
896 3914 1065 3969 sentit
1099 3923 1193 3970 aut
1223 3918 1419 3981 sensit,
1448 3915 1539 3971 vel
1572 3931 1726 3971 nunc
1766 3916 1852 3971 vel
1884 3916 2136 3986 quando-

541 4022 762 4075 cunque
814 4007 972 4072 alias,
1006 4007 1122 4063 sive
1156 4006 1540 4074 Chalcedone,
1577 4008 1695 4064 sive
1740 4008 1795 4063 in
1826 4008 1929 4062 alia
1960 4008 2136 4078 quali-

540 4096 637 4153 bet
685 4098 917 4169 synodo,
960 4114 1089 4153 eum
1128 4099 1701 4155 anathematizamus:
1746 4099 2020 4170 praecipue
2051 4109 2135 4155 ta-

543 4206 670 4246 men
722 4191 1037 4247 Ne'storium
1085 4202 1142 4248 et
1190 4193 1521 4265 Eutycbcm,
1578 4201 1636 4248 et
1690 4208 1788 4248 eos
1839 4194 1934 4262 qui
1983 4193 2130 4249 idem

546 4301 672 4340 cum
710 4284 821 4343 illis
862 4286 1133 4341 sentiunt.
1181 4285 1599 4358 Conjungimini
1629 4286 1796 4357 igitur
1830 4286 1991 4340 matri
2026 4285 2140 4357 spi-

548 4378 695 4433 ritali
740 4379 1019 4445 Ecclesize,
1053 4389 1114 4435 ut
1140 4381 1194 4435 in
1233 4396 1320 4444 ea,
1354 4397 1463 4435 una
1494 4379 1800 4450 eademque
1849 4379 2140 4433 nobiscum

547 4471 737 4527 divina
795 4474 1183 4529 communione
1233 4472 1521 4538 fruamini,
1572 4473 1726 4542 juxta
1780 4485 2140 4526 memoratam

2229 3641 2355 3710 όδῳ,
2388 3637 2862 3711 ἁναθεματίζομεν
2886 3655 2899 3670 ’
2936 3639 3228 3711 ἐξαιρέτως
3259 3639 3316 3694 δὲ
3344 3640 3471 3704 τοὺς
3496 3641 3818 3711 εἰρημένους

2231 3731 2555 3802 Νεστόριον,
2582 3728 2685 3784 ’καὶ
2712 3731 2954 3803 Εὐτυχῆ,
2985 3731 3081 3785 καὶ
3106 3731 3233 3796 τοὺς
3259 3730 3327 3787 τὰ
3351 3731 3536 3788 αὐτῶν
3563 3729 3819 3802 φρονοῦν-

2232 3839 2352 3885 τας.
2408 3821 2728 3893 Συνάφθητε
2778 3823 2960 3877 τοίνυν
3010 3825 3078 3894 τῇ
3126 3825 3472 3894 πνευματικῇ
3519 3825 3724 3895 μητέρι
3759 3822 3816 3891 τῇ

2245 3914 2564 3988 Ἐκκλησία,
2586 3915 2687 3986 τῆς
2716 3914 2889 3986 αὐτῆς
2924 3917 3057 3987 ἡμῖν
3085 3917 3145 3970 ἐν
3170 3917 3309 3988 αὐτῇ
3340 3915 3493 3980 Θείας
3519 3916 3817 3972 ἀπολαύον·

2235 4028 2326 4073 τες
2383 4010 2680 4087 κοινωνίας,
2722 4013 2865 4065 κατὰ
2919 4011 3011 4065 τὸν
3050 4010 3346 4082 είρήμένον
3379 4011 3476 4067 ἕνα
3520 4013 3621 4065 καὶ
3670 4012 3816 4082 μόνον

2235 4102 2360 4174 ὅρον
2407 4101 2524 4171 τῆς
2551 4101 2792 4163 πίστεως
2822 4100 2932 4154 τῶν
2961 4101 3070 4173 τιη¹
3097 4103 3270 4170 ἁγίων
3298 4102 3580 4173 Πατέρων.
3626 4102 3694 4155 Ἦ
3718 4102 3817 4171 γὰρ

2238 4194 2480 4264 παναγία
2528 4194 2910 4266 μήτηρὺμῶν
2962 4196 2996 4266 ἠ
3032 4194 3330 4265 Ἐκκλησία
3354 4233 3369 4257 ,
3422 4196 3520 4247 καὶ
3566 4193 3817 4265 γνησίους

2240 4279 2385 4358 ὑμᾶς
2412 4288 2566 4353 υίοὺς
2595 4287 2708 4358 (93)
2735 4287 3099 4359 ἀπεκδέχεται
3125 4287 3586 4359 περιπτύξασθαι,
3614 4287 3817 4355 καὶτῆς

2241 4379 2459 4451 χρονίας
2505 4381 2603 4433 καὶ
2644 4380 2905 4449 γλυκείας
2933 4380 3090 4449 ὑμῶν
3119 4381 3381 4451 ἐπιθυμεῖ
3405 4380 3593 4451 φωνῆς
3624 4378 3814 4451 ἀκροά-

2245 4470 2465 4526 σασθαι.
2496 4470 2783 4537 Ἐπείξατε
2817 4470 2915 4526 οῦν
2960 4473 3210 4536 ἑαυτούς.
3249 4472 3436 4527 Ταῦτα
3467 4475 3582 4546 γὰρ
3610 4472 3815 4527 ποιοῦν-

548 4563 675 4620 ﬁdei
723 4565 1098 4622 deﬁnitionem
1146 4575 1518 4622 trecentorum
1559 4573 1617 4620 et
1659 4563 1966 4619 oetodccim
2010 4579 2129 4618 san-

2244 4579 2333 4627 τες
2357 4603 2373 4630 ,
2423 4563 2519 4616 καὶ
2561 4562 2663 4635 τὴν
2707 4562 2803 4617 τοῦ
2845 4563 3122 4617 Δεσπότου
3159 4565 3255 4618 καὶ
3288 4563 3549 4635 Σωτῆρος
3576 4566 3672 4619 καὶ
3693 4561 3811 4618 Θεοῦ

1740 4700 1823 4755 VA
1835 4698 2012 4755 LESII
2077 4697 2641 4757 ANNOTATIONES.

623 4797 736 4867 (92)
771 4796 1145 4868 ηἩνώσαμεν
1182 4799 1457 4866 ἑαυτούς.
1521 4801 1602 4856 lta
1648 4800 1813 4856 etiam
1865 4796 2135 4853 scribitur

549 4867 695 4941 apud
739 4867 1132 4941 Nicephorum.
1167 4870 1341 4926 Aliter
1406 4882 1586 4927 tamen
1636 4871 1831 4941 legisse
1876 4867 2137 4941 videntur

552 4938 845 4993 Facundus
894 4947 951 4993 et
1002 4939 1315 4997 Liberatus.
1366 4942 1501 4998 Nam
1558 4938 1852 4998 Facu'ndus
1885 4938 2134 5009 quidem,

550 5024 677 5077 pag.
718 5009 849 5079 _55l,
880 5009 1029 5064 hunc
1057 5011 1242 5066 locum
1276 5014 1349 5067 ita
1380 5014 1548 5067 vertit
1577 5030 1589 5065 :
1620 5013 1870 5067 Adunate
1900 5025 2024 5079 ergo
2051 5025 2139 5062 vos

553 5064 779 5154 in‘nuHO
806 5064 1137 5154 dubitantes.
1159 5064 1287 5137 lia’c
1501 5084 1809 5154 scripsimus
1839 5064 2003 5143 vobis,
2038 5095 2140 5133 non

551 5149 866 5223 in‘novnntes
902 5149 1084 5217 ﬁdem,
1133 5154 1223 5205 sed
1272 5162 1329 5207 ut
1381 5154 1522 5207 vobis
1550 5149 2001 5223 satisfaceremus,
2032 5161 2139 5205 etc.

553 5217 855 5294 Liberatus
871 5231 1060 5294 autem
1108 5223 1190 5277 sic
1228 5223 1627 5294 interpretatur
1663 5217 1873 5278 :'~Unite
1916 5230 2143 5294 vosmet-

553 5305 716 5358 ipsos,
748 5291 884 5364 niltit
905 5291 1225 5364 dubitantes.
1260 5291 1393 5349 ch
1415 5297 1555 5349 enim
1590 5294 1898 5364 scripsimus
1928 5292 2146 5364 nonin-

555 5368 808 5415 novantes
849 5360 1049 5436 ﬁdem,_
1078 5363 1170 5416 sed
1207 5364 1347 5436 vobis
1387 5360 1795 5436 satisfacientes.
1828 5363 1907 5418 Ex
1943 5362 2147 5436 quibus

555 5442 784 5506 apparet
809 5447 905 5486 eos
942 5432 1145 5503 legisse
1179 5434 1418 5489 ἑνώσατε
1468 5432 1568 5506 μὲν
1599 5435 1850 5506 ἑαυτούς,
1891 5443 1999 5488 etc.
2034 5433 2149 5506 hle-

556 5501 665 5574 lior
709 5510 894 5557 tamen
929 5501 1023 5558 est
1062 5512 1374 5560 nostrorum
1417 5501 1672 5562 codicum
1717 5504 2015 5574 scriptura.
2045 5502 2145 5559 Sc-

557 5572 749 5648 quitur
774 5573 922 5648 enim
951 5575 1117 5643 paulo
1143 5587 1268 5646 post
1297 5576 1793 5648 ἁκαθεματίζομεν.

629 5643 775 5715 (θῦλ
802 5644 929 5715 Καὶ,
973 5643 1264 5714 grauiam;
1308 5643 1485 5715 ὑμᾶς’
1511 5643 1701 5711 υἱούςί.
1746 5644 1901 5710 Quod
1952 5643 2007 5698 in
2065 5643 2150 5699 his

560 5711 778 5785 Evagrii
808 5711 1198 5785 libris'smpius
1223 5711 1453 5784 accidit,
1514 5718 1569 5773 id
1620 5717 1725 5771 hoc
1764 5731 1984 5784 quoque
2032 5715 2151 5768 loco

560 5783 769 5859 [actum
807 5793 944 5859 est_,_
993 5783 1211 5859 tit—nat
1282 5804 1386 5859 pro
1461 5788 1537 5852 ὡς
1596 5783 1921 5859 poneretur.
1988 5786 2150 5859 Certe

562 5849 859 5911 Liberatus
890 5855 984 5913 hic
1017 5849 1302 5941 legit‘tbcf
1326 5868 1386 5915 ut
1417 5875 1488 5915 ex
1519 5849 1993 5920 'inierprclatione
2031 5857 2152 5925 ejus

2242 4803 2493 4866 apparet.
2518 4794 2611 4870 Sig
2632 4795 2780 4870 enim
2813 4797 3019 4852 vertit:
3053 4795 3403 4853 Sanctissima
3440 4815 3670 4870 namque
3709 4816 3802 4870 nm-

2246 4874 2326 4920 ter
2351 4876 2535 4920 nostra
2564 4865 2824 4938 Ecclesia,
2856 4876 3114 4938 tanquam
3145 4885 3263 4938 qua’
3307 4871 3490 4938 genuit
3531 4865 3643 4932 vos,
3691 4868 3811 4936 ﬁlios

2248 4946 2513 5007 exspectat
2546 4937 2795 5006 amplecti
2826 4954 2890 4992 ea:
2921 4937 3077 5009 longo
3128 4937 3246 5009 post
3293 4937 3550 5009 tempore,
3595 4941 3811 4993 dulcem-

2249 5023 2353 5079 que,
2398 5024 2572 5079 vocent
2616 5018 2851 5079 pestrmn
2900 5012 3220 5078 concupiscit
3260 5011 3464 5063 audire.
3511 5011 3625 5066 Nec
3671 5010 3811 5063 aliter

2250 5076 2385 5151 legit
2411 5076 2713 5151 facundus
2737 5078 2790 5131 in
2824 5079 2929 5151 lib.
2950 5097 3047 5134 xu.
3069 5076 3161 5133 illa
3190 5081 3337 5151 enim
3352 5081 3527 5151 habet
3559 5084 3677 5151 ejus
3703 5091 3835 5133 rer-‘-

2250 5146 2333 5202 sit}
2361 5165 2373 5200 :
2405 5146 2605 5219 sancta
2631 5150 2769 5202 enim
2796 5150 2969 5203 mater
3008 5159 3190 5203 nostra
3232 5149 3492 5214 Ecclesia,
3536 5146 3668 5205 sicut
3704 5164 3810 5219 pra-

2252 5220 2395 5289 prios
2443 5218 2584 5292 [ilius
2628 5235 2751 5273 suos
2794 5221 3032 5292 suscipit.
3080 5220 3473 5292 Amplectimini
3498 5238 3638 5276 eam.
3674 5218 3808 5273 Desi-

2251 5292 2403 5343 derat
2463 5290 3036 5362 enim-postrlong‘um
3095 5301 3298 5361 tempus
3346 5291 3549 5346 dulcem
3604 5300 3809 5362 vestram

2253 5376 2429 5413 vocem
2459 5359 2667 5413 audire.
2697 5361 2803 5415 Sed
2842 5358 3176 5430 et'Niccph.
3203 5358 3490 5431 scriptum
3524 5364 3685 5417 habet
3708 5358 3806 5431 nat

2255 5431 2328 5492 ὡς
2363 5431 2642 5505 γνησίους.
2682 5431 2855 5505 Porro
2888 5447 2957 5505 ex
2999 5429 3609 5505 supradictisiiapparet
3661 5429 3804 5505 Libe—

2254 5509 2435 5555 ratum
2469 5508 2526 5555 et
2561 5500 2877 5556 Facundum
2909 5502 2964 5556 in
3003 5498 3241 5557 Zenonis
3288 5498 3471 5557 edicto
3502 5503 3691 5569 legisse
3714 5498 3807 5569 μή·

2255 5520 2435 5555 rauim
2469 5520 2526 5555 et
2562 5520 2877 5556 racunuum
2909 5520 2964 5556 ιη
3004 5520 3241 5557 ιθιιοηιε
3288 5520 3471 5557 caueto
3502 5520 3552 5557 te
3594 5520 3691 5557 Isse
3714 5520 3803 5569 μη-

2255 5587 2363 5653 Ξηρ
2411 5572 2598 5653 ἡμῶν,
2646 5574 2793 5653 quod
2842 5572 3065 5653 quidem
3089 5573 3289 5653 _magis
3324 5520 3803 5653 placetzi’rfeterea

2258 5639 2550 5715 Facundus
2583 5639 2715 5715 legit
2741 5639 3169 5715 περίπτύξασθε,
3205 5639 3403 5715 ᾗουύι
3428 5640 3591 5715 vul'go
3630 5639 3804 5715 legitur

2260 5706 2719 5780 περιπτύξασθᾶι.
2753 5706 2886 5781 Qua:
2919 5706 3103 5769 tamen
3146 5714 3422 5782 scriptura
3460 5706 3615 5769 nu‘llo
3660 5706 3802 5764 modo

2262 5782 2484 5855 tolerari
2518 5792 2718 5855 potest.
2765 5785 3014 5855 Denique
3046 5781 3339 5839 Liberatus
3369 5785 3567 5855 legisse
3606 5781 3800 5838 videtur
3834 5825 3846 5836 .

2259 5854 2325 5906 ἐκ
2349 5853 2449 5923 τῆς
2479 5854 2722 5923 χρονίας,
2757 5870 2869 5911 non
2902 5853 3086 5911 autem
3110 5856 3204 5910 καὶ
3242 5855 3342 5925 τῆς
3376 5853 3612 5928 χρονίας.
