4048 6542
199 401 336 465 2625

1120 398 1506 460 HISTORI/E
1546 397 2138 460 ECCLESIASTICE
2178 397 2414 458 LIBER
2452 397 2567 456 III.

3353 405 3494 471 2626

197 515 356 588 ἡμῶν
412 515 588 589 Ἰησοῦ
627 514 872 588 Χριστοῦ
927 513 1221 586 εὐμένειαν
1267 516 1406 584 πρὸς
1437 516 1664 579 ἑαυτοὺς
1695 515 1792 584 ἐφ-

1901 525 2112 570 ctorum
2140 514 2390 579 Patrum,
2434 530 2556 585 quae
2585 529 2691 568 una
2718 529 2782 570 ac
2807 515 2922 570 sola
2945 524 3029 570 est
3064 517 3190 573 fidei
3219 518 3492 578 definitio.

197 607 490 672 ελκὺσετε,
551 609 648 663 καὶ
693 609 847 680 παρὰ
886 607 987 678 τῆς
1020 608 1302 680 ἡμετέρας
1331 607 1612 678 βασιλείας
1635 609 1794 661 ἐπαι-

198 700 517 772 νεθήσεσθε.
572 702 793 754 Τούτων
828 700 1263 771 ἀνεγνωσμένων
1297 699 1387 771 (j),
1433 699 1660 771 ήνοῦντο
1695 700 1794 770 μὲν

200 795 403 858 πάντες
458 795 508 846 οἱ
552 793 653 864 τῆς
681 792 1042 864 Ἀλεξάνδρου
1094 793 1162 865 τῇ
1210 791 1345 863 ἁγίᾳ
1388 790 1653 862 καθολικῇ
1700 791 1796 844 καὶ

199 889 536 960 ἁποστολικῇ
574 888 896 958 Ἐκκλησία.

1902 605 2259 662 Sanctissima
2303 606 2454 662 enim
2494 613 2672 664 mater
2697 617 2887 662 nostra
2924 609 3192 678 Ecclesia,
3239 628 3338 668 vos
3380 627 3493 669 tan-

1902 715 2064 770 quam
2111 700 2369 770 proprios
2415 700 2557 755 ﬁlios
2599 709 2884 770 exspectat
2916 711 2977 756 ιιι
3003 705 3389 774 amplectatur,
3438 717 3496 762 et

1901 799 2027 861 post
2056 791 2383 847 diuturnum
2418 799 2655 862 tempus,
2695 808 2921 848 suavem
2955 795 3111 850 vocis
3136 805 3333 853 vestra:
3357 813 3493 852 con-

1903 893 2127 939 centum
2167 885 2362 941 audire
2401 885 2704 942 desiderat.
2740 887 3016 944 Festinate
3060 889 3228 959 igitur
3274 892 3494 946 concito

199 1000 387 1040 cursu.
419 983 577 1050 Quod
606 984 651 1038 si
684 983 950 1048 feceritis,
987 983 1155 1056 348
1225 991 1342 1037 tum
1390 981 1612 1038 Domini
1672 989 1730 1036 et
1793 979 2104 1036 Servatoris
2143 996 2207 1036 ac
2257 982 2354 1038 Dei
2400 983 2576 1037 nostri
2623 982 2752 1060 Jcsu
2796 983 3000 1040 Christi
3047 987 3490 1050 benevolentiam

198 1077 357 1131 vobis
389 1077 781 1142 conciliabitis,
851 1086 969 1130 tum
1013 1092 1042 1130 a
1085 1077 1607 1147 nostra'majestate
1659 1072 1953 1128 maximam
2031 1072 2251 1128 laudem
2321 1074 2594 1132 referetis.
2661 1074 2758 1132 llis
2799 1079 3077 1148 perlectis,
3129 1081 3489 1140 Alexandrini

199 1190 392 1230 omnes
423 1186 610 1232 sancta
645 1174 929 1230 catholica:
954 1183 1011 1229 et
1037 1173 1354 1244 apostolicae
1385 1173 1644 1228 Ecclesiae
1671 1187 1792 1228 sese
1829 1170 2166 1227 adunarunt.

786 1293 1042 1347 ΚΕΦΑΛ.
1102 1293 1203 1347 1Ε’.

220 1407 312 1472 Ὦς
385 1407 672 1474 Ἰωάννης
740 1411 773 1464 ὁ
843 1409 1294 1478 Ἀλεξανδρείας
1356 1407 1663 1462 κατελθὼν
1725 1409 1797 1461 ὲν

281 1478 473 1547 Ῥώμῃ
500 1521 513 1542 ,
543 1480 729 1533 πείθει
760 1481 1120 1549 Σιμπλίκιον
1156 1480 1324 1546 ’πρὸς
1359 1480 1611 1546 Ζήνωνα
1659 1479 1792 1545 περὶ

271 1550 391 1602 τῶν
411 1550 773 1618 συμϐάντων
800 1552 1021 1620 γράψαι
1044 1567 1058 1580 ο
1096 1552 1196 1604 καὶ
1232 1551 1287 1604 τί
1313 1550 1528 1620 Ζήνων
1550 1549 1788 1619 ἀντιγέ-

273 1636 485 1689 wages.

284 1734 343 1788 Ὀ
373 1735 430 1807 δέ
463 1752 526 1804 γε
579 1735 858 1805 Ἰωάννης,
890 1727 952 1788 οὗ
979 1735 1247 1806 πρότερον
1277 1734 1657 1807 ἐμνήσθημεν,
1693 1732 1791 1803 τὴν

217 1825 570 1895 Ἀλεξάνδρου
631 1823 948 1893 πεφευγὼς,
977 1827 1076 1896 τὴν
1111 1826 1474 1896 ἀρχαιοτέραν
1505 1825 1792 1894 καταλαμ-

2539 1289 2691 1345 CAP.
2734 1243 2850 1346 X‘i.

1902 1403 2176 1482 Quomodo
2237 1405 2476 1459 Joannes
2535 1408 2883 1482 ΔΑισέιξιιιιιιισὶιτ
2937 1411 3210 1482 episwpus
3267 1411 3488 1469 Ronzam

1999 1479 2246 1540 veniens,
2308 1479 2567 1545 persuasit
2637 1477 2912 1543 Simplicio
2976 1495 3035 1534 ut
3094 1477 3164 1535 ad
3223 1483 3486 1539 Zenonem

1998 1548 2244 1623 scriberet
2272 1548 2336 1623 de
2373 1550 2436 1602 iis
2491 1564 2609 1619 qua:
2671 1551 2973 1604 acciderant
3009 1568 3029 1606 :
3078 1561 3129 1605 et
3176 1555 3303 1623 quid
3344 1555 3486 1611 Zeno

2000 1619 2346 1687 rescripserit.

1969 1728 2212 1784 Joannes
2253 1747 2406 1795 vero,
2441 1733 2600 1803 cujus
2625 1749 2794 1804 supra
2827 1736 3160 1791 mentionem
3218 1738 3483 1804 fecimus.

1900 1835 2025 1875 cum
2070 1821 2302 1891 fugisset
2339 1839 2405 1876 ex
2443 1824 2578 1879 urbe
2617 1825 2970 1892 Alexandria,
3005 1829 3233 1884 Romam
3266 1847 3324 1887 se
3356 1850 3489 1888 con-

201 1919 354 1971 6άνεε
392 1916 613 1987 Ῥώμην
642 1917 754 1987 (94)
785 1932 798 1947 ⁸
833 1919 930 1970 καὶ
982 1917 1299 1989 διετάραττε
1321 1959 1335 1984 ,
1369 1917 1596 1986 φάσκων
1650 1916 1789 1987 ὑπὲρ

1901 1911 2038 1975 tulit,
2089 1922 2146 1967 et
2198 1912 2276 1966 ibi
2325 1914 2594 1970 maximas
2654 1918 2920 1972 excitavit
2952 1920 3186 1995 .turbas.
3235 1938 3490 1980 asserens

198 2011 307 2062 τῶν
347 2010 578 2073 Λέοντος
607 2009 903 2080 δογμάτων
937 2011 1164 2080 καὶτῆς
1209 2011 1267 2064 ὲν
1309 2009 1614 2081 Καλχηδόνι
1661 2026 1791 2063 συν-

199 2101 345 2166 όδου,
377 2099 473 2153 τοῦ
532 2099 734 2154 οἰκείου
783 2100 1203 2154 ἐκπεπτωκέναι
1255 2099 1447 2172 θρόνου
1468 2117 1482 2132 ο
1516 2099 1703 2171 ἕτερον
1735 2099 1792 2153 δὲ

198 2192 591 2257 ἁντεισελθεῖν,
623 2191 921 2246 ἀντίπαλον
985 2191 1198 2256 τούτοις
1247 2191 1590 2247 καθεστῶτα.
1647 2191 1793 2262 Πρὸς

197 2285 355 2338 τοῦτο
390 2283 760 2355 ταραχθέντος
789 2283 1116 2354 Σιμπλικιου
1157 2284 1230 2356 (Ῐί)
1261 2283 1356 2337 τοῦ
1390 2285 1490 2354 τῆς
1547 2284 1793 2354 πρεσϐυ-

197 2377 362 2446 τέρας
407 2374 634 2447 Ῥώμης
664 2376 988 2443 ἐπισκόπου,
1014 2376 1108 2429 καὶ
1133 2376 1272 2447 πρὸς
1307 2375 1533 2447 βασιλέα
1568 2378 1790 2448 Ζήνωνα

197 2470 544 2539 γράψαντος,
606 2471 933 2540 ἀντιγράφει
983 2472 1012 2524 ὁ
1058 2453 1259 2540 ’Ζήνων
1295 2512 1310 2536 ,
1371 2469 1655 2541 ἐπιορκίαν
1713 2469 1790 2538 τῷ

207 2561 438 2632 Ἰωάννῃ
476 2556 745 2627 ἐγκαλῶν,
776 2560 874 2612 καὶ
903 2558 978 2620 ὡς
1008 2557 1201 2612 τούτου
1233 2557 1395 2629 χάριν
1443 2557 1542 2628 τῆς
1567 2558 1790 2610 ἐπισκο-

196 2652 327 2722 πῆς,
358 2651 420 2703 οὐ
450 2649 518 2705 δι’
547 2649 739 2721 ἓτερον
771 2649 1055 2721 ἀπηλάθη.

795 2763 1049 2818 ΚΕΦΑΛ,
1087 2760 1205 2831 tq'.

197 2877 340 2947 Περὶ
385 2879 813 2946 Καλανδίωνος
855 2877 964 2932 τοῦ
1007 2878 1388 2947 Ἀντιοχείας,
1423 2879 1521 2932 καὶ
1559 2877 1649 2931 ὅτι
1693 2877 1788 2947 ἐξέ

269 2946 404 3016 cpia
437 2949 838 3017 κατεδικάσθη
894 2947 994 3002 διὰ
1041 2947 1157 3015 τὴν
1197 2946 1354 3016 πρὸς
1400 2951 1644 3002 Ἷλλουν
1688 2946 1788 3002 καὶ

271 3021 561 3074 Λεόντιον
587 3019 1041 3087 ὑπονοηθεῖσαν
1065 3020 1298 3089 φιλίαν,
1325 3020 1423 3089 καὶ
1457 3021 1537 3084 ὡς
1559 3018 1782 3087 Πέτρος

270 3093 304 3143 ό
326 3092 601 3160 Κναφεὺς
625 3091 826 3159 omen
860 3089 938 3156 τῷ
960 3088 1196 3160 Μογγῷ,
1219 3090 1318 3143 καὶ
1345 3088 1426 3155 τῷ
1465 3093 1786 3144 Κωνστανο

267 3163 698 3229 τινουπόλεως,
718 3161 818 3216 καὶ
850 3161 928 3228 τῷ
968 3161 1427 3230 Ἰεροσολύμων.

270 3254 587 3308 Καλανδξων
611 3256 669 3309 δὲ
698 3257 726 3309 ὁ
773 3255 1109 3326 Ἀντιοχείας
1137 3254 1424 3325 πρόεδρος,
1448 3251 1679 3325 γράφων
1708 3252 1787 3324 τῷ
1814 3274 1859 3336 C

200 3348 414 3420 βασιλεῖ
436 3351 667 3421 Ζήνωνι,
690 3346 930 3420 Ἀκακίῳ
953 3365 1014 3401 τε
1040 3345 1118 3418 τῷ
1158 3345 1787 3409 Κωνσταντινουπόλεως

197 3439 470 3513 προέδρῳ,
504 3441 689 3512 μοιχὸν
713 3443 805 3495 τὸν
840 3441 1046 3512 Πέτρον
1107 3439 1372 3494 ἀπεκάλει
1395 3439 1532 3511 (95),
1569 3439 1744 3509 λέγων
1770 3455 1784 3470 ο

194 3532 272 3596 ὡς
302 3535 400 3604 τὴν
458 3536 518 3588 ὲν
557 3535 860 3608 Καλχηδόνι
912 3518 1132 3588 σύνοδον
1182 3533 1649 3605 ἀνατεθεμάτικεν
1692 3535 1786 3586 ἐπὶ

195 3624 300 3696 τῆς
347 3626 742 3695 Ἀλεξανδρέων
791 3626 1112 3699 γενόμενος.
1145 3628 1240 3692 Ὃς
1297 3626 1524 3698 ὕστερον
1584 3626 1684 3700 τὴν
1727 3629 1785 3691 ἐς

1896 2004 2120 2073 quidem
2150 2019 2210 2061 se
2239 2005 2312 2060 ob
2337 2006 2540 2062 Leonis
2565 2007 2914 2063 decretorum
2943 2021 2999 2065 et
3020 2010 3489 2071 Chalcedonensis

1896 2097 2088 2167 synodi
2143 2096 2522 2154 defensionem
2583 2115 2683 2154 sua
2745 2101 2876 2156 sede
2925 2104 3276 2159 exturbatum
3331 2121 3493 2172 esse;

1895 2188 2064 2243 alium
2109 2205 2243 2245 vero
2298 2192 2692 2259 substitutum,
2737 2195 3050 2264 quiiisdcm
3100 2198 3344 2255 decretis
3391 2200 3493 2256 ad-

1893 2290 2236 2334 versaretur.
2261 2280 2473 2347 Quibus
2499 2294 2811 2339 commotus
2835 2300 2960 2339 cum
2990 2298 3137 2342 esset
3170 2288 3489 2360 Simplicius
3515 2345 3518 2348 .

1891 2369 2189 2440 cpiscopus
2238 2373 2472 2428 senioris
2522 2374 2733 2441 Romae,
2768 2384 2823 2430 et
2853 2376 2941 2432 bis
2969 2376 3038 2433 de
3082 2379 3249 2435 rebus
3277 2381 3343 2434 ad
3389 2381 3491 2436 Ze-

1893 2478 2096 2517 nonem
2150 2464 2538 2535 imperatorem
2585 2467 2932 2537 seripsisset,
2978 2471 3262 2541 rescripsit
3307 2473 3484 2538 Zeno,

1890 2555 2160 2610 Joannem
2219 2573 2485 2614 accusans
2528 2561 2786 2630 perjurii,
2838 2578 2945 2619 nec
2990 2564 3156 2618 ullam
3202 2565 3366 2620 aliam
3414 2567 3487 2620 ob

1892 2661 2114 2702 causam
2141 2664 2268 2704 cum
2301 2651 2623 2722 episcopatu
2651 2654 2941 2724 expulsum
2972 2655 3161 2712 fuisse.

2511 2765 2666 2822 CAP.
2720 2767 2859 2824 XVI.

1895 2875 1995 2952 De‘
2025 2875 2362 2952 Catendione
2412 2879 2709 2952 Antiochim
2747 2881 3034 2952 episcOpo,
3086 2892 3246 2952 utque
3297 2883 3486 2938 exsilio

1961 2948 2250 3020 (taumatus
2285 2950 2384 3020 psit
2438 2949 2497 3001 ob
2554 2948 2846 3020 amicitiam
2900 2948 3061 3020 qnam
3110 2948 3228 3007 cum
3281 2954 3382 3008 Illo
3435 2964 3486 3008 et

1961 3017 2178 3072 Leontio
2203 3019 2444 3074 habuisse
2469 3019 2802 3075 credebatur.
2829 3017 2963 3076 Item
3009 3025 3269 3078 quomodo
3300 3025 3484 3078 Petrus
3527 3058 3530 3060 -

1961 3088 2318 3167 FuthPetro
2360 3090 2550 3160 Mongo
2591 3099 2642 3144 et
2696 3093 2953 3167 episcopis
2996 3088 3485 3167 Constantinopolis

1961 3177 2024 3213 ac
2070 3159 2558 3232 Hierosolymorum
2610 3159 2840 3217 sociatus
2874 3159 3056 3233 fuerit.

1979 3253 2088 3309 Sed
2140 3263 2198 3310 et
2241 3253 2505 3310 Calendio
2540 3256 2849 3326 episcopus
2902 3255 3228 3320 Antiochiae,
3273 3257 3487 3314 litteras

1894 3347 2116 3418 scripsit
2147 3347 2213 3402 ad
2245 3348 2524 3403 Zenonem
2566 3349 2980 3418 imperatorem,
3015 3358 3070 3402 et
3098 3349 3167 3402 ad
3219 3350 3482 3405 Acacium

1893 3436 2562 3510 Constantinoyolitannm
2611 3441 2956 3511 episcopum,
3003 3441 3208 3510 quibus
3256 3441 3483 3497 Petrum

1893 3535 2208 3590 adulterum
2264 3536 2548 3590 vocabat:
2609 3551 2867 3590 asserens
2920 3551 3084 3599 elllll,
3144 3551 3270 3590 cum
3337 3547 3480 3592 esset

1890 3627 2272 3696 Alexandriae,
2333 3626 2844 3684 Cbalcedonensem
2914 3628 3187 3700 synodum
3261 3627 3482 3698 publice

1385 3768 1662 3834 ,VALESII
1716 3769 2169 3828 ANNOTATION
2177 3771 2280 3826 ES.

267 3886 384 3959 (94)
419 3885 871 3959 Καταλαμᾷάνει
928 3886 1173 3955 Ῥώμην.
1205 3886 1501 3959 Liberatus
1526 3888 1605 3959 in
1657 3886 1792 3942 Bre-

193 3957 393 4022 via‘rio',
425 3973 475 4012 c.
500 3958 587 4021 18,
612 3957 687 4011 ait
705 3957 972 4012 Joannem
993 3958 1211 4027 pulsum
1236 3957 1610 4013 Alexandrina
1636 3959 1788 4019 sede.

195 4031 442 4101 primum
472 4027 1100 4101 quident__Antiocliiant_
1120 4027 1338 4083 venisse
1376 4047 1406 4101 :_
1434 4038 1630 4101 postea
1658 4045 1791 4084 vero

193 4098 493 4167 acceptisa
515 4098 854 4165 Calendione
886 4099 1234 4153 Antiocheno
1271 4098 1585 4168 patriarcha
1617 4098 1790 4154 inter-

195 4168 474 4228 cessionis
519 4169 741 4234 litteris,
800 4169 1031 4223 Romam
1088 4171 1326 4230 venisse.
1373 4178 1430 4223 et
1476 4170 1784 4224 Romanum

231 4242 519 4297 ontiticem
562 4238 909 4310 Simplicium
951 4241 1280 4310 appellasse,
1329 4241 1474 4295 sicut
1502 4250 1559 4295 et
1592 4241 1789 4296 beatus

216 4315 417 4367 'ecerat
471 4310 824 4365 Athanasius.
874 4311 934 4366 In
987 4311 1156 4380 gestis
1205 4321 1393 4366 autem
1443 4310 1512 4366 de
1564 4313 1788 4367 nomine

189 4382 388 4438 Acacii
412 4397 534 4451 qua:
557 4397 587 4435 a
615 4381 834 4437 Gelasio
860 4397 996 4452 papa
1027 4385 1338 4452 conscripta
1365 4398 1484 4437 esse
1509 4382 1786 4447 existimo,

187 4453 499 4524 suffugium
528 4452 798 4524 duntaxat
824 4453 1086 4524 Romame
1114 4452 1394 4524 Ecclesiae,
1431 4453 1789 4520 quemadmo-

189 4525 334 4577 dum
365 4523 368 4524 ⁷
396 4523 829 4594 przedecessores
873 4525 992 4594 ejus
1045 4523 1311 4585 fecerant,
1364 4523 1571 4577 dicitur
1614 4539 1788 4594 rexpe-

189 4595 355 4651 tisse.
403 4593 560 4661 Quod
597 4594 821 4664 quidem
847 4593 1036 4649 verius
1075 4606 1230 4664 puto.
1263 4594 1375 4648 Nec
1397 4593 1545 4648 enim
1575 4593 1644 4648 ab
1675 4595 1788 4648 ullo

1900 3888 2279 3944 ecclesiastico
2347 3886 2563 3959 judicio
2622 3885 2690 3942 ad
2760 3884 3102 3959 Simplicium
3163 3886 3485 3959 provocavit

1896 3959 2160 4024 Joannes,
2188 3956 2392 4029 quippe
2433 3960 2527 4027 qui
2564 3973 2676 4029 non
2725 3956 2972 4029 synodali
3007 3958 3328 4029 _sententia.
3385 3959 3484 4012 sed

1935 4046 1996 4084 er
2028 4030 2136 4084 vim
2175 4026 2244 4084 ex
2278 4026 2496 4098 propria
2535 4028 2667 4083 sede
2703 4026 3234 4098 expulsusfuisset:
3269 4045 3370 4083 nec
3419 4029 3486 4082 Ii-

1935 4046 1996 4084 er
2028 4046 2136 4084 vim
2175 4045 2244 4084 ex
2278 4045 2496 4098 propria
2535 4045 2667 4083 sene
2703 4045 2969 4097 expulsus
2999 4045 3234 4082 luisset:
3269 4045 3370 4083 nec
3419 4045 3484 4082 ιι-

1895 4045 2102 4155 Bellum
2130 4100 2332 4155 obtulit
2371 4099 2660 4169 Simplicio
2685 4115 2857 4169 papae,
2893 4097 2987 4153 sed
3023 4097 3189 4153 Felici
3213 4099 3334 4170 ejus
3355 4114 3484 4154 suc-

1896 4172 2124 4235 eessori;
2151 4180 2212 4225 ιιι
2243 4178 2432 4241 postea
2466 4170 2800 4241 videbimus.

1970 4242 2082 4311 (95)
2129 4237 2361 4309 Μοιῇίὸν
2414 4240 2524 4294 τὸν
2554 4241 2778 4307 Πέτρον
2824 4237 3135 4311 ἀπεκάλει.
3181 4238 3272 4292 Sic
3317 4238 3483 4311 etiam

1898 4309 2216 4381 Simplicius
2254 4327 2394 4382 papa
2445 4312 2501 4365 in
2547 4311 2778 4380 epistola
2803 4311 2886 4382 ad
2919 4310 3200 4373 Acacium,
3249 4309 3486 4382 appellat

1895 4379 2118 4437 Petrum
2150 4379 2423 4453 Moggum,
2450 4390 2511 4436 ut
2543 4379 2698 4437 testis
2720 4392 2805 4436 est
2831 4381 3122 4453 Liberatus
3168 4396 3247 4453 in
3269 4379 3485 4453 Breoia-

1896 4454 1997 4515 rio,
2029 4469 2150 4522 cap.
2188 4449 2381 4509 18.130
2412 4453 2560 4523 quod
2589 4453 2818 4523 scilicet
2864 4451 3161 4523 superstite
3188 4449 3484 4523 Timotheo

1896 4521 2248 4595 Salol‘aciolo,
2296 4525 2390 4592 qui
2431 4521 2693 4595 legitime
2746 4521 2946 4595 fuerat
2997 4522 3308 4585 ordinatus,
3354 4521 3484 4575 Alc-

1895 4594 2221 4649 xandrinam
2251 4593 2555 4650 Ecclesiain
2580 4593 2896 4650 invasisset.

1647 4726 2036 4784 \‘AlllORUM.

263 4827 339 4900 (λ)
399 4826 1174 4900 Τοιξτωνῗάνετνωσμένων.
1223 4825 1481 4900 Ecclesia
1525 4825 1792 4881 catholica

1903 4828 2231 4900 cedonensis
2279 4829 2626 4900 definitione,
2677 4838 2792 4900 tum
2833 4826 3074 4898 denique
3103 4825 3172 4880 de
3202 4825 3288 4879 his
3313 4839 3482 4900 voea-

185 4897 446 4954 ZenOnis
473 4897 797 4952 Ilenoticum
841 4913 951 4951 non
983 4899 1188 4952 diserte
1230 4899 1534 4959 damnavit,
1574 4907 1688 4951 tum
1725 4911 1793 4950 nc

186 4970 379 5040 ipsius
439 4967 684 5022 animum
709 4971 1088 5033 cxacerharet,
1123 4979 1179 5022 et
1210 4969 1462 5040 graviora
1483 4967 1619 5040 inde
1649 4967 1796 5022 schi-

184 5037 377 5098 smata
405 5048 465 5092 et
517 5040 658 5094 mala
711 5040 1011 5104 orirentur,
1043 5037 1280 5108 quorum
1328 5037 1604 5093 difficilior
1647 5047 1794 5094 esset

183 5110 421 5166 sanatio
461 5126 473 5162 :
515 5117 627 5163 tum
670 5110 798 5179 quia
857 5109 1006 5164 Zeno
1057 5110 1328 5180 synodum
1372 5109 1790 5164 Chalcedonen-

182 5197 315 5237 sem
336 5182 548 5234 diserte
576 5196 684 5234 non
707 5180 1008 5244 damnavit,
1034 5196 1139 5236 nec
1161 5180 1394 5235 hagresin
1420 5181 1588 5235 ullam
1616 5189 1795 5235 astru-

186 5253 278 5323 xit
335 5250 633 5323 l-lenoticoj
676 5267 823 5323 suo:
889 5252 1000 5323 imo
1030 5251 1336 5323 damnavit
1383 5251 1791 5323 Eutychianum

182 5322 427 5392 dogma,
467 5321 790 5392 etialiunde
842 5322 1074 5392 privatis
1123 5322 1324 5377 litteris
1375 5322 1440 5375 ad
1499 5321 1794 5392 pontiﬁces

184 5391 488 5464 Romanos
503 5463 508 5464 ί
523 5391 668 5446 datis
695 5391 964 5464 synodtun
986 5392 1488 5448 Chalcedonensem
1505 5391 1793 5463 professus

181 5475 303 5518 est.
332 5458 546 5516 Nat'alis
576 5458 800 5530 quidem
831 5464 1140 5518 Alexander
1173 5463 1224 5516 in
1267 5473 1426 5532 parte
1476 5458 1651 5532 prima
1701 5480 1795 5519 sae-

182 5533 309 5591 ςιιιί
346 5551 398 5596 v,
433 5548 561 5604 cap.
597 5535 651 5596 5,
685 5543 741 5588 et
774 5534 829 5588 in
853 5534 1074 5589 dissert.
1121 5534 1207 5595 18,
1241 5544 1350 5588 tam
1382 5551 1450 5589 ex
1479 5536 1655 5604 ipsius
1685 5534 1793 5589 Ile-

181 5604 378 5658 uotici
407 5603 619 5669 verbis,
650 5620 815 5673 quam
850 5621 915 5660 ex
938 5605 1168 5674 epistola
1194 5604 1434 5659 Zenonis
1457 5603 1526 5661 ad
1552 5606 1791 5660 Felicem

181 5691 429 5799 papam,
455 5675 614 5745 cujus
637 5675 1003 5746 fragmentum
1040 5676 1207 5731 refert
1233 5677 1520 5747 Evagrius,
1569 5693 1689 5746 cap.
1721 5678 1792 5732 ‘20

205 5748 374 5799 iuius
410 5745 689 5799 lib..illud
726 5747 932 5799 nullam
962 5747 1193 5799 hzeresin
1216 5751 1504 5799 continere
1525 5748 1785 5799 ostendit.

205 5748 374 5814 mjus
410 5745 689 5811 lib.,illud
726 5745 932 5801 nullam
962 5747 1193 5812 ἣξει-θείῃ
1216 5745 1504 5803 continere
1525 5745 1785 5803 ostendit.

180 5819 398 5892 (iniisse
431 5816 770 5892 tamentidci
795 5819 1004 5892 nocuit,
1030 5818 1274 5892 fovitque
1296 5819 1794 5892 liazresin,_silen(lo

187 5900 326 5944 tum
357 5887 425 5942 de
457 5889 634 5944 sancti
661 5888 863 5944 Leonis
891 5887 1140 5947 epistola.
1174 5899 1287 5944 tum
1315 5890 1382 5945 de
1408 5889 1601 5945 svnodi
1634 5887 1790 5946 ChalJ

1901 4899 2068 4961 bulis,
2110 4916 2174 4953 ea:
2205 4899 2407 4954 duabus
2437 4910 2494 4956 ct
2526 4901 2583 4954 in
2613 4899 2817 4952 duabus
2855 4895 3064 4952 naturis
3088 4915 3106 4960 ;
3133 4912 3256 4966 qua:
3285 4895 3473 4949 catho-

1900 4969 2020 5042 lica:
2059 4970 2184 5042 fidei
2224 4981 2419 5042 contra
2445 4970 2841 5042 Eutychianam
2884 4965 3172 5042 perfidiam
3206 4974 3334 5042 nota
3365 4965 3482 5042 sin-

1941 5041 2109 5095 ularis
2165 5050 2306 5096 erat.
2375 5040 2517 5096 Hinc
2554 5033 2901 5096 'Facundus'
2950 5033 3364 5095 llermianensis
3421 5038 3482 5092 in

1900 5055 2226 5165 ﬁenotieum
2258 5111 2468 5165 prolixe
2493 5112 2797 5165 invehitur.
2820 5110 2917 5165 lib.
2949 5127 3041 5165 xu.
3076 5124 3198 5165 eat).
3222 5109 3275 5162 4.

1894 5109 2226 5166 llenotienm
2258 5111 2468 5181 prolixe
2493 5112 2797 5174 invehitur,
2820 5110 2917 5168 lib.
2949 5127 3041 5173 xu,
3076 5124 3198 5178 cap.
3222 5109 3275 5162 4.
3303 5177 3385 5181 ____
3463 5136 3492 5181 _-

1968 5183 2041 5250 (k)
2074 5177 2456 5251 Σιμπλικίοῡ.
2487 5181 2809 5250 Simplicius
2836 5195 3126 5251 successor
3144 5177 3275 5251 erat
3302 5177 3479 5251 Hilari

1895 5248 1982 5308 Ρ.
2010 5248 2169 5308 Rom.
2216 5253 2436 5307 Hilarus
2474 5248 3019 5323 quid—emisuccessit
3060 5249 3143 5323 S37
3170 5249 3341 5323 Leoni
3386 5248 3483 5303 die

1895 5324 2221 5378 duodecima
2263 5324 2472 5378 mensis
2492 5321 2833 5379 Novembris
2868 5321 2998 5374 anni
3051 5321 3177 5383 461,
3227 5321 3318 5375 die
3353 5333 3478 5388 sep-

1897 5397 2032 5450 timo
2057 5404 2181 5464 post
2208 5394 2411 5449 Leonis
2437 5403 2696 5464 mortem.
2733 5391 2998 5464 Seditque
3044 5391 3266 5464 liilarus
3299 5405 3482 5464 annos

1896 5482 2010 5531 sex,
2044 5459 2262 5521 menses
2295 5475 2429 5530 tres,
2465 5466 2584 5520 dies
2618 5463 2830 5517 decem.
2861 5459 3010 5517 Obiit
3034 5461 3124 5515 die
3161 5461 3224 5514 2i
3271 5459 3483 5515 mensis

1894 5537 2184 5592 Februarii
2206 5535 2337 5591 anni
2365 5538 2492 5600 468,
2516 5533 2864 5603 cessavitque
2889 5532 3052 5587 sedes
3075 5531 3194 5603 dies
3214 5540 3472 5603 quatuor.

1895 5608 2032 5661 Tum
2067 5624 2196 5662 vere
2229 5607 2522 5663 ordinatus
2554 5614 2640 5660 est
2669 5601 2896 5658 sanctus
2930 5602 3248 5672 Simplicius
3280 5601 3371 5655 die
3403 5603 3478 5653 vi-

1894 5674 2095 5733 cesima
2143 5679 2338 5748 quinta
2399 5675 2914 5750 ejusdent__mensis
2962 5672 3270 5750 Februarii;
3317 5672 3476 5742 juxta

1895 5744 2175 5804 calculum
2203 5751 2333 5804 Ant.
2369 5744 2495 5817 Pagi
2520 5791 2533 5813 ,
2577 5747 2846 5817 seditque
2871 5761 3046 5817 usque
3079 5744 3149 5800 ad
3197 5744 3347 5799 diem
3386 5758 3471 5798 se-

1894 5820 2140 5876 cundum
2177 5820 2386 5876 mensis
2413 5815 2595 5875 Martii
2629 5815 2761 5874 anni
2791 5815 2897 5872 485
2959 5815 2974 5843 ί
