4048 6544
211 380 346 443 262:)

1141 370 1530 432 HISTORI/E
1569 369 2166 434 EC‘CLESIASTICXE
2206 374 2439 435 LIBER
2479 376 2593 436 III.

3356 383 3501 451 2630

209 492 514 563 Καλχηδόνι
550 488 768 544 σύνοδον
798 485 1104 556 ἀναφανδὸν
1149 483 1570 558 ἀναθεματίσαι.
1609 482 1781 552 Ὅπερ

1892 485 2406 556 llierosolymorum
2467 485 2539 541 ad
2601 486 2861 544 eumdem
2926 488 3154 545 Petrum
3207 495 3500 564 synodieas

205 586 258 648 ὲς
299 584 562 639 Ἀκὰκιον
594 582 746 636 ἐλθὸν
774 581 864 634 τὸν
899 575 1534 638 Κωνσταντινουπόλεως
1565 574 1792 627 συνετά-

208 675 352 746 ραξε.
387 673 612 744 Πέμψαι
640 691 700 726 τε
724 669 993 740 πεποίηκέ
1019 685 1170 732 τινας
1203 669 1269 721 τὰ
1293 665 1652 738 περὶτούτων
1683 665 1795 716 εἰσ-

203 768 428 836 ομένους
451 772 468 788 ⁸
500 764 593 829 οὓς
631 764 695 836 δὴ
726 765 934 836 Πέτρος
958 763 1326 834 πληροφορείν
1358 759 1680 830 βουλόμενος
1717 757 1794 822 ὡς

203 858 353 909 οὐδὲν
381 857 597 910 τοιοῦτο
621 854 920 927 πεπραχὼς
953 855 1062 924 εἴη,
1094 854 1465 924 ὑπομνήματα
1487 851 1790 922 γέγραφεν,

203 953 255 1005 ἐν
280 947 361 1014 οἷς
393 968 539 1014 τινες
574 952 829 1022 εἰρήκασι
869 948 1036 1021 μηδὲν
1091 947 1302 1002 τοιοῦτο
1358 947 1659 1000 συνειδέναι
1696 961 1790 1013 γε·

201 1043 436 1113 γραφότι
471 1042 548 1112 τῷ
581 1043 776 1112 Πέτρῳ
807 1042 905 1110 (5).

1900 592 2029 632 suas
2076 577 2245 632 misit.
2284 578 2479 632 Postea
2527 587 2707 633 tamen
2758 579 2984 649 quidam
3032 598 3064 636 a
3111 588 3499 642 communione

1897 670 2047 724 Petri
2078 687 2198 725 sese
2233 670 2644 741 abjunxerunt:
2675 683 2840 742 alque
2875 674 3074 729 exinde
3107 662 3308 733 Petrus
3335 679 3497 735 Chal-

1897 762 2268 818 ccdonenscm
2345 763 2613 834 synodum
2694 765 2915 834 publice
2985 767 3494 844 anathematizavit,

1867 856 2028 922 Quae
2062 871 2152 910 res
2197 870 2322 910 cum
2365 855 2618 910 nuntiata
2667 864 2814 912 esset
2853 859 3054 914 Acacio
3101 859 3496 918 Constantino-

1894 948 2087 1017 poleos
2120 947 2405 1018 episcopo,
2443 964 2556 1002 non
2583 949 2938 1005 mediocriter
2964 967 3090 1006 eum
3117 955 3491 1011 conturbavit.

1895 1039 2046 1094 Missi
2086 1047 2215 1094 sunt
2251 1040 2419 1110 igitur
2451 1040 2521 1094 ab
2564 1039 2788 1106 Acacio,
2837 1042 3001 1114 350
3039 1045 3133 1114 qui
3169 1047 3249 1101 rei
3285 1047 3490 1103 verita-

205 1152 310 1194 tem
363 1137 734 1208 inquirerent.
780 1139 997 1204 Quibus
1045 1155 1170 1194 cum
1216 1140 1416 1194 Petrus
1461 1139 1795 1208 persuadere
1833 1137 2022 1204 vellet,
2090 1136 2230 1192 nihil
2296 1137 2614 1209 hujusmodi
2644 1153 2760 1192 asc
2783 1138 2988 1194 factum
3029 1156 3172 1208 esse,
3207 1152 3330 1198 acta
3357 1159 3493 1198 con-

205 1232 290 1287 tici
361 1235 602 1298 curavit,
646 1233 704 1287 itt
779 1233 982 1302 quibus
1028 1234 1252 1303 quidam
1297 1232 1483 1289 testati
1529 1242 1677 1298 sunt,
1720 1231 1859 1285 nihil
1899 1231 2218 1304 huiusmodi
2269 1232 2419 1301 quod
2457 1231 2683 1301 quidem
2733 1231 2965 1298 scirent,
3010 1249 3040 1288 a
3082 1234 3244 1290 Petro
3285 1238 3489 1292 factum

203 1323 393 1378 fuisse.

911 1443 1163 1496 ΚΕΦΑΛ.
1189 1442 1287 1496 IZ'.

201 1534 339 1602 Περὶ
365 1530 455 1588 ὧν
502 1536 731 1605 ἔγραψε
770 1534 992 1603 Πέτρος
1041 1534 1294 1597 Ἀκακίῳ
1330 1533 1636 1604 δεξαμένῳ
1671 1534 1787 1603 τὴν

517 1640 520 1644 -
585 1610 656 1660 ἐν
701 1605 1045 1675 Καλχηδόνι
1105 1605 1393 1660 σύνοδον.

266 1711 439 1780 Οὗτος
470 1719 500 1769 ό
524 1717 752 1788 Πέτρος,
793 1718 868 1783 ὡς
915 1718 1169 1789 κόθορνος
1202 1717 1278 1788 (ι)
1315 1719 1410 1771 καὶ
1453 1717 1788 1789 παλίμϐολος
1819 1741 1866 1799 Β

199 1811 289 1863 καὶ
324 1812 438 1873 τοῖς
470 1813 682 1882 καιροῖς
708 1810 1205 1882 σννδιατιθέμενος.
1237 1813 1438 1882 ἣκιστα
1469 1811 1608 1882 πρὸς
1655 1811 1785 1882 μίαν

198 1902 328 1972 ἔστη
359 1901 588 1972 γνώμην
615 1919 630 1932 ο
673 1901 769 1954 νῦν
797 1902 896 1970 μὲν
924 1903 1338 1972 ἁναθεματίζων
1360 1902 1458 1972 τὴν
1485 1904 1541 1955 ἐν
1566 1903 1789 1973 Καλχη-

195 1993 301 2046 δόνι
333 1993 554 2046 σύνοδον
583 2008 600 2024 ⁸
630 1993 724 2046 νῦν
751 1994 828 2058 δὲ,
862 1994 1192 2065 παλινῳδίαν
1222 1994 1419 2062 λέγων,
1454 1993 1549 2047 καὶ
1579 1995 1785 2064 ταύτην

196 2085 396 2156 ψήφοις
412 2086 654 2149 ἀπάσαις
682 2085 990 2156 δεχόμενος.
1018 2087 1272 2157 Γέγραφε
1294 2086 1475 2139 τοίνυν
1492 2085 1785 2157 ἐπιστολὴν

195 2183 223 2234 ὁ
253 2180 416 2244 αὐτὸς
449 2181 654 2251 Πέτρος
693 2181 832 2252 πρὸς
875 2179 1133 2233 Ἀκὰκιον
1181 2179 1276 2233 τὸν
1305 2180 1405 2249 τῆς
1436 2180 1784 2232 Κωνσταντι-

197 2271 504 2335 νουπόλεως
530 2271 814 2342 πρόεδρον,
843 2271 936 2326 ἐπὶ
964 2271 1163 2338 λέξεως
1195 2271 1424 2342 ἔχουσαν
1471 2270 1644 2334 οὕτως
1665 2286 1681 2301 ·
1721 2269 1784 2325 Ὀ

175 2364 326 2438 ﬂeo;
357 2367 386 2417 ό
435 2364 661 2434 ὕψιστος
714 2367 814 2435 τὴν
861 2367 965 2436 σὴν
990 2363 1302 2434 ἁγιωσύνην
1331 2363 1651 2434 ἀμείψηται,
1679 2364 1784 2418 ὑπό

192 2476 250 2510 τε
278 2459 461 2510 πόνων
504 2457 581 2527 (5)
613 2455 708 2511 καὶ
757 2458 1021 2527 καμάτων
1062 2447 1356 2519 τοσούτων,
1390 2449 1466 2511 ὧν
1509 2457 1784 2527 περιόδοις

193 2552 405 2623 χρόνων
447 2547 721 2620 ὲφύλαξας
773 2550 872 2621 τὴν
904 2549 1014 2602 τῶν
1059 2549 1234 2618 ἁγίων
1273 2549 1534 2620 Πατέρων
1572 2549 1778 2616 πίστιν,

192 2645 258 2713 ἢν
283 2641 729 2706 ἁκαταπαύστως
772 2642 1060 2716 κηρύττων
1106 2642 1467 2705 ἐϐεϐαίωσας.
1508 2644 1596 2697 Ἐν
1686 2644 1782 2697 καὶ

193 2735 254 2788 τὸ
300 2734 573 2804 σύμϐολον
620 2735 873 2804 κείμενον
907 2733 1016 2788 τῶν
1047 2721 1154 2805 τιη’
1183 2733 1354 2802 ἁγίων
1388 2732 1651 2805 Πατέρων
1682 2734 1778 2786 εύ-

197 2827 384 2898 ρόντες
413 2825 747 2893 ἀκολούθως,
771 2829 828 2879 ἐν
850 2820 895 2895 ᾧ
947 2826 1336 2897 βαπτισθέντες
1378 2825 1781 2897 ἐπιστεύσαμεν

192 2921 288 2973 καὶ
341 2919 673 2990 πιστεύομεν
702 2935 717 2950 ’
782 2919 924 2990 ὅπερ
966 2919 1061 2973 καὶ
1110 2916 1451 2983 ἐϐεϐαίωσαν
1483 2920 1533 2972 οἱ
1580 2919 1779 2972 συνελ-

192 3012 378 3076 θόντες
433 3013 493 3065 ὲν
541 3011 1116 3066 Κωνσταντινουπόλει
1172 3010 1318 3081 ἆγιοι
1373 3011 1621 3082 Πατὲρες
1677 3017 1775 3083 ρν’.

2513 1441 2666 1496 CAP.
2707 1442 2870 1496 XVII.

1892 1533 1971 1589 De
2003 1535 2083 1588 Itis
2109 1549 2226 1604 quae
2256 1533 2448 1586 Petrus
2490 1535 2801 1606 scripsitad
2827 1534 3100 1598 Acacium,
3137 1538 3227 1606 qui
3272 1536 3490 1591 Chalce-

2229 1607 2516 1658 donensem
2551 1605 2808 1675 synodum
2833 1605 3156 1677 susceperat.
3402 1631 3406 1635 ·

1970 1717 2073 1770 llic
2111 1717 2260 1771 enim
2298 1716 2516 1781 Petrus,
2567 1717 2739 1773 veluti
2778 1718 3090 1774 cothurnus
3146 1718 3369 1789 quidam
3424 1736 3487 1775 ac

1895 1817 2200 1873 veterator,
2235 1817 2292 1864 et
2349 1809 2446 1879 qui
2488 1810 2835 1878 temporibus
2869 1825 2989 1865 sese
3019 1813 3484 1876 accommodaret,

1894 1901 1950 1956 itt
1983 1901 2175 1956 eadem
2209 1901 2486 1956 sententia
2526 1901 2752 1956 minime
2778 1904 3172 1972 perseveravit.
3208 1905 3312 1960 Sed
3338 1922 3487 1962 nunc
3548 1913 3550 1915 ’

1892 1993 2404 2050 Chalcedonenscm
2460 1994 2730 2065 synodum
2781 1995 2886 2049 sub
2950 1997 3301 2052 anathemate
3334 2000 3489 2054 dam-

1891 2089 2064 2143 nabat
2090 2105 2103 2142 :
2132 2104 2282 2144 nunc
2313 2089 2652 2159 palinodiam
2685 2104 2910 2154 canens,
2941 2091 3192 2146 eamdem
3225 2093 3486 2148 omnibus

1892 2182 2173 2253 suffragiis
2193 2179 2658 2254 amplectebatur.
2683 2183 2871 2253 Itaque
2916 2183 3206 2254 epistolam
3259 2186 3486 2257 scripsit

1891 2273 1960 2328 ad
1991 2271 2252 2328 Acacium
2280 2272 2957 2342 Constantinopolitanum
2992 2274 3318 2340 antistitem,
3360 2292 3485 2346 quae

1890 2365 1959 2420 ad
1987 2365 2218 2420 verbum
2248 2365 2328 2420 sie
2373 2365 2540 2420 habet
2581 2383 2595 2419 :
2646 2366 2794 2420 Deus
2844 2365 3146 2420 altissimus
3202 2369 3484 2423 sanctitati

1891 2463 2000 2510 tuae
2037 2445 2351 2511 mercedem
2405 2453 2676 2525 rependet
2720 2470 2822 2524 pro
2863 2455 3033 2509 tantis
3091 2455 3377 2510 laboribus
3419 2461 3501 2512 ac

1889 2548 2179 2615 molestiis,
2211 2563 2350 2618 quas
2377 2563 2479 2618 per
2513 2556 2591 2602 tot
2612 2561 2888 2601 annorum
2911 2546 3188 2603 curricula
3211 2549 3482 2603 sustinui-

1889 2642 1983 2706 sti,
2016 2650 2334 2697 sanctorum
2387 2641 2613 2695 Patrum
2653 2639 2816 2694 ﬁdem
2851 2656 3191 2697 conservans
3244 2659 3256 2694 :
3315 2657 3481 2711 quant

1889 2735 2115 2806 quidem
2148 2735 2367 2790 assidue
2397 2734 2704 2804 przedicans
2738 2733 3101 2788 confirmasti.
3137 2733 3252 2800 Qua
3277 2732 3334 2799 in
3376 2736 3482 2790 tlde

1888 2828 2206 2900 symbolum
2236 2842 2460 2897 quoque
2513 2833 2889 2882 trecentorum
2916 2835 2973 2880 et
3006 2825 3314 2882 octodecim
3353 2842 3465 2882 san-

1888 2930 2101 2976 ctorum
2133 2917 2360 2974 Patrum
2385 2927 2536 2974 recte
2569 2925 2737 2988 atque
2767 2917 2962 2973 ordine
2991 2919 3236 2988 positum
3260 2919 3480 2973 inveni-

1888 3029 2014 3069 mus
2047 3032 2061 3068 :
2100 3014 2155 3069 in
2193 3029 2302 3084 quo
2337 3014 2469 3069 olim
2501 3012 2767 3083 baptizati
2819 3012 3186 3078 credidimus,
3226 3024 3283 3069 et
3330 3029 3482 3070 nunc

203 3104 674 3170 Ἀκαταπαύστως
707 3104 887 3159 τοίνυν
914 3103 1125 3168 πάντας
1161 3103 1394 3174 ὁδηγῶν,
1419 3104 1639 3175 ἦνωσας
1681 3105 1780 3176 τὴν

1889 3106 2196 3162 credimus:
2229 3105 2378 3175 quod
2399 3105 2622 3176 quidem
2653 3113 2818 3160 ettam
2873 3106 3260 3162 confirmatum
3309 3115 3394 3163 est
3449 3123 3480 3163 a

191 3199 357 3266 ἁγίαν
390 3197 488 3252 τοῦ
519 3196 656 3252 Θεοῦ
705 3197 1056 3268 Ἐκκλησίαν,
1087 3197 1284 3261 πείσας
1316 3199 1468 3268 ἡμᾶς
1494 3197 1588 3250 διὰ
1619 3197 1782 3268 μεγί-

193 3309 335 3345 στων
385 3291 800 3362 ὑποδειγμάτων
830 3292 906 3354 ὡς
948 3289 1101 3344 οὐδέν
1135 3291 1251 3345 ὲστι
1287 3291 1443 3362 παρὰ
1477 3279 1650 3345 ταῦτα
1679 3309 1780 3345 πε-

189 3385 508 3455 πραγμένον
538 3386 596 3436 ἐν
626 3387 695 3456 τῇ
738 3382 1020 3456 ἁγιωτάτῃ
1053 3383 1148 3436 καὶ
1183 3384 1538 3455 οἰκούμενικῇ
1573 3384 1779 3455 συνόδῳ

190 3478 254 3545 τῇ
266 3477 326 3528 ὲν
349 3474 656 3545 Καλχηδόνι
684 3472 975 3545 γενομένῃ,
996 3489 1060 3524 συ
1069 3471 1394 3544 μφωνούσης
1413 3475 1509 3527 καὶ
1525 3472 1778 3543 βεϐαιού-

192 3586 291 3640 σης
320 3569 417 3638 (m)
450 3567 523 3621 τὰ
547 3568 659 3631 τοῖς
688 3569 746 3620 ὲν
794 3567 1003 3637 Νικαίᾳ
1049 3565 1231 3634 ἁγίοις
1269 3566 1570 3636 Πατράσιν.
1608 3567 1777 3620 Οὐδὲν

187 3661 297 3732 γὰρ
358 3661 613 3732 εὑρόντες
652 3657 840 3712 καινὸν
888 3657 1195 3720 αὐτοτελῶς
1238 3659 1650 3730 συνεστήσαμεν
1679 3659 1778 3713 καὶ

189 3753 662 3821 πεπιστεύκαμεν.
692 3748 1112 3821 Μεμαθήκαμεν
1135 3747 1215 3812 δὲ,
1235 3748 1310 3812 ὡς
1337 3748 1482 3812 τινὲς
1515 3748 1777 3820 μονάζον-

185 3863 277 3908 τες
310 3844 632 3914 φθονοῦντες
658 3846 726 3914 τῇ
767 3841 928 3913 ἡμῶν
978 3841 1322 3914 ἀδελφότητι,
1359 3844 1439 3907 εἰς
1477 3842 1576 3909 τὰς
1622 3843 1777 3916 ὑμῶν

184 3937 341 3998 ὁσίας
387 3934 557 3998 ἀκοὰς
587 3935 915 4005 εἰσήνεγκαν
944 3931 1216 4004 λοιδορίας
1250 3934 1426 3999 τινὰς,
1459 3934 1561 3988 οὐκ
1617 3935 1776 4006 εὐχε-

188 4030 299 4102 ρῶς
331 4027 680 4101 μεταγούσας
709 4028 789 4090 είς
811 4020 991 4096 λύπην
1044 4025 1142 4098 τὴν
1173 4026 1330 4098 ἡμῶν
1355 4026 1628 4097 ὁσιότητα.
1664 4028 1776 4081 Καὶ

183 4123 405 4194 πρῶτον
438 4123 536 4193 μὲν
567 4121 644 4186 ὡς
673 4120 742 4174 τὰ
793 4117 1027 4190 λείψανα
1071 4117 1168 4172 τοῦ
1208 4120 1269 4173 ὲν
1301 4119 1476 4190 ἁγίοις
1509 4119 1584 4193 (6)
1609 4119 1770 4192 ἡμῶν

1888 3205 2110 3253 centum
2141 3209 2198 3253 et
2223 3197 2629 3268 quinquaginta
2652 3197 2862 3253 sanctis
2892 3197 3155 3254 Patribus
3202 3199 3296 3269 qui
3330 3199 3480 3256 Con-

1885 3289 2249 3361 stantinopoli
2278 3299 2682 3346 convenerunt.
2709 3291 2794 3346 Tu
2847 3307 2980 3363 ergo
3020 3292 3141 3347 sine
3198 3293 3482 3349 intermis.

1885 3383 2044 3438 sione
2074 3384 2218 3437 viam
2247 3383 2508 3438 omnibus
2530 3391 2867 3448 monstrans,
2899 3394 3140 3440 sanctam
3162 3385 3258 3440 Dei
3295 3387 3481 3441 Eccle~

1886 3473 2026 3529 siam
2062 3473 2361 3538 adunasti;
2395 3474 2601 3544 quippe
2635 3475 2732 3544 qui
2762 3475 3093 3531 certissimis
3135 3478 3482 3547 argumentis

1885 3565 2048 3621 nobis
2078 3566 2445 3636 persuaseris,
2478 3567 2622 3620 nihil
2655 3575 2849 3622 contra
2895 3567 3013 3622 haec
3051 3577 3237 3623 actum
3269 3583 3393 3624 esse
3421 3570 3479 3625 in

1883 3657 2228 3713 sanctissima
2261 3665 2317 3713 et
2338 3657 2638 3712 universali
2688 3657 2900 3729 synodo
2955 3673 3076 3727 qua:
3128 3645 3478 3715 Chalcedone

1883 3754 2214 3822 congregata
2260 3758 2377 3806 est:
2412 3759 2604 3820 utpote
2637 3766 2760 3820 quae
2792 3765 2919 3810 cum
2972 3752 3182 3806 sanctis
3219 3753 3480 3817 Patribus

1885 3844 2018 3900 olim
2041 3843 2235 3899 Nicaeae
2268 3842 2523 3910 collectis
2547 3842 2892 3908 consentiat,
2924 3857 3228 3913 eorumque
3254 3844 3478 3900 decreta

1884 3937 2196 3994 conﬁrmet.
2229 3936 2367 3993 Cum
2408 3936 2580 4007 igitur
2601 3935 2742 3990 nihil
2771 3935 2824 3989 in
2865 3950 2928 3990 ea
2975 3945 3237 3990 novatum
3274 3937 3475 4008 depre-

1884 4029 2272 4094 bendcrimus,
2312 4027 2466 4082 ultro
2493 4042 2559 4083 ac
2600 4035 2797 4097 sponte
2818 4041 3150 4083 consensum
3183 4044 3247 4083 ac
3312 4030 3475 4085 tidem

1880 4122 1933 4178 ei
1957 4122 2519 4180 aceommodavimus.
2543 4120 2918 4193 Cognovimus
2939 4129 3124 4177 autem
3175 4123 3475 4180 monachos

1371 4261 1645 4319 VALESII
1696 4261 2265 4322 ANNOTATIONES.

179 4366 442 4421 Ammone
483 4368 533 4415 et
581 4361 790 4417 Joanne
832 4359 1071 4432 episcopo
1112 4355 1403 4432 ngileos,
1424 4366 1490 4432 et
1509 4358 1573 4411 ab
1615 4357 1776 4412 abbas

182 4438 322 4490 tibus
367 4435 744 4488 monachorum
795 4427 1080 4502 inferioris
1122 4427 1342 4502 {Egypti
1386 4427 1525 4502 (retia
1564 4445 1772 4502 passus,

180 4517 229 4563 et
271 4507 532 4560 seditione
563 4504 609 4557 ei
643 4504 697 4557 in
731 4498 975 4558 Caesarea
1020 4498 1246 4553 basilica
1285 4506 1342 4551 ut
1381 4498 1575 4552 dicitur
1609 4500 1774 4568 facta,

179 4575 661 4645 anathematizauit
693 4574 951 4645 synodum
983 4568 1459 4645 Chalcedonensem
1490 4579 1542 4645 et
1578 4578 1778 4645 tantum
1814 4569 1855 4624 D
1886 4586 2020 4645 cap.
2048 4572 2152 4645 15,
2177 4572 2213 4625 li

181 4665 343 4720 papa:
372 4645 578 4720 licortis.
611 4644 678 4720 _Et
703 4640 811 4720 [nec
843 4643 983 4713 fecit,
1025 4658 1143 4720 cum
1166 4640 1286 4710 jam
1316 4640 1605 4709 scripsisset
1634 4641 1774 4720 Aea-7

180 4712 268 4772 cio
305 4726 354 4770 et
385 4715 678 4785 Simplicio,
720 4712 848 4785 quia
872 4712 1290 4785 communicator
1330 4727 1510 4763 eorum
1553 4719 1686 4785 esset
1727 4719 1775 4764 et

176 4796 386 4842 sancta:
410 4781 614 4857 synodi.
651 4785 719 4839 Et
733 4781 820 4838 'Itis
845 4786 921 4838 ita
956 4782 1134 4857 yestis,
1167 4782 1525 4857 abscesserunt
1555 4781 1775 4850 quidam

179 4879 213 4912 ιι
254 4859 405 4912 Petri
441 4853 832 4922 communione,
865 4863 913 4908 et
953 4853 1179 4907 Romam
1212 4853 1588 4905 nuntiaverunt
1624 4867 1776 4922 papa:

177 4930 453 4984 Romano.
491 4927 622 4992 Quae
667 4941 792 4980 cum
838 4926 950 4979 sint
995 4924 1130 4978 satis
1187 4923 1446 4984 obscura,
1491 4923 1565 4976 ita
1611 4938 1778 4992 expo-

177 5000 368 5056 nenda
420 5013 541 5053 esse
593 4997 727 5050 mihi
780 4995 1061 5051 videntur.
1119 4993 1317 5048 Petrus
1370 4993 1617 5062 Mongus,
1648 5008 1772 5047 cum

181 5070 242 5125 in
297 5069 487 5124 sedem
539 5067 964 5121 Alexandrinam
1023 5065 1180 5136 pulso
1225 5064 1434 5136 Joanne
1484 5063 1772 5136 restitutus

177 5151 356 5202 esset,
413 5138 595 5209 primo
634 5138 858 5207 quidem
897 5133 1329 5209 simjfilateuegit,
1382 5142 1438 5209 et
1475 5133 1771 5209 synodieas

177 5203 501 5266 litteras-ad
532 5203 874 5264 Acaciumet
900 5207 968 5261 ad
995 5206 1340 5274 Simplicium
1365 5203 1535 5263 misit,
1570 5203 1770 5272 quibus

177 5298 247 5344 se
281 5281 811 5343 communicatorem
842 5293 962 5332 esse
998 5276 1258 5332 Chalced.
1299 5274 1490 5346 synodi
1537 5275 1777 5329 aliirma-

177 5352 303 5421 bat.
342 5353 454 5406 Eos
483 5365 706 5421 quoque
736 5349 830 5418 qui
868 5356 1027 5421 erant
1071 5363 1137 5401 ex
1177 5356 1332 5416 parte
1364 5346 1638 5421 Timothei
1681 5347 1776 5421 S:t-_

177 5420 454 5488 lofacioli,
501 5415 576 5474 'in
616 5415 1089 5475 'com—ntunionem
1146 5415 1300 5471 suam
1351 5415 1614 5488 admisit,
1697 5417 1776 5471 uti
1843 5433 1856 5440 λ

180 5487 445 5549 testatur
475 5491 788 5546 Liberatus.
842 5490 1038 5546 Postea
1079 5503 1210 5542 vero
1249 5502 1374 5540 eum
1410 5487 1480 5540 ob
1515 5487 1658 5542 hanc
1705 5487 1770 5540 si-

177 5561 549 5619 mulationem
575 5562 882 5628 exagitatus
912 5567 1059 5615 esset
1091 5557 1160 5611 ab
1193 5557 1548 5628 Eutychianis
1587 5573 1777 5612 mona-

176 5635 332 5700 chis,
357 5634 577 5705 publice
603 5627 659 5687 in
683 5627 941 5686 Ecclesia
967 5628 1236 5702 synodum
1269 5627 1776 5684 Chalcedonensem

1885 4359 2397 4415 anathematizavit.

1957 4430 2032 4501 (5)
2073 4432 2409 4499 Γεγραεςότι
2436 4429 2517 4494 τῷ
2547 4427 2764 4501 Πέτρῳ.
2803 4426 3170 4501 scribendum
3200 4428 3351 4501 imihi
3391 4431 3472 4485 vi—

1882 4499 2045 4554 detur
2099 4502 2428 4625 πεπραχότι.
2479 4501 2659 4570 Atque
2709 4499 2784 4554 ita
2837 4499 2970 4570 legit
3024 4499 3369 4570 Nicephorus
3414 4504 3471 4558 in

1886 4586 2008 4625 can.
2048 4572 2134 4625 15.
2177 4572 2213 4625 li
2261 4612 2275 4625 .
2315 4587 2429 4625 xvr.
2485 4583 2487 4587 ‘
2525 4574 2532 4578 ’

2261 4612 2275 4625 .
2315 4587 2429 4625 XVI.
2485 4583 2487 4587 ’

1955 4639 2032 4712 (4)
2074 4642 2295 4709 Πέτρος
2324 4645 2357 4695 ό
2379 4641 2731 4712 σκόθρονος.
2765 4639 2924 4712 Hunc
2951 4642 3134 4696 locum
3168 4641 3363 4711 partim
3401 4659 3466 4698 ex

1881 4709 2216 4782 Niéephoro,
2252 4711 2451 4781 partim
2481 4711 2826 4782 auctoritate
2851 4709 3150 4767 Florentini
3171 4709 3386 4768 codicis
3413 4726 3469 4769 et

1883 4780 2182 4853 Telleriani
2213 4780 2527 4853 emendavi.
2560 4781 2749 4853 Porro
2796 4780 2865 4835 de
2912 4783 3060 4839 Petri
3097 4783 3318 4853 ingenio
3348 4801 3468 4836 nm-

1883 4851 1980 4906 bili
2019 4867 2083 4907 ac
2129 4852 2504 4912 fraudulento,
2557 4850 2703 4904 idem
2753 4858 2986 4907 testatur
3035 4850 3327 4907 Liberatus
3384 4854 3471 4910 his

1882 4923 2070 4994 verbis
2099 4939 2113 4977 :
2141 4920 2243 4977 Sed
2268 4923 2560 4993 permansit
2592 4921 2778 4994 Petrus
2803 4923 2858 4976 in
2890 4925 3211 4994 episcopatu,
3240 4923 3469 4978 scribens

1883 4993 2078 5064 Acacio
2124 4994 2252 5063 quia
2293 5002 2424 5047 esset
2461 4993 2647 5063 synodi
2678 4993 3114 5059 communicatur,
3172 5004 3222 5048 et
3273 4994 3468 5064 fallens

1878 5063 2270 5117 Alexandrinos
2304 5064 2429 5135 quia
2463 5080 2566 5116 non
2591 5066 3004 5135 communicaret
3023 5066 3220 5135 synodo
3251 5063 3277 5120 :7
3305 5066 3381 5120 ita
3409 5075 3469 5120 ut

1879 5135 2094 5203 quidam
2112 5134 2620 5205 communicaturum
2644 5135 2755 5204 ejus
2773 5133 2969 5199 clerici,
2990 5133 3233 5190 monac/ii
3249 5147 3297 5189 et
3322 5137 3466 5205 laici,

1877 5214 2244 5280 cognoscentes
2279 5206 2392 5280 eius
2428 5203 2725 5280 fallaciam,
2775 5207 3142 5280 separauerint
3176 5224 3232 5260 se
3255 5208 3318 5261 ab
3353 5203 3466 5280 ejus
3551 5219 3554 5222 '

1877 5277 2264 5348 communione.
2306 5275 2375 5348 Et
2415 5285 2565 5328 extra
2609 5274 2857 5348 collectas
2896 5278 3146 5346 facientes
3174 5294 3278 5331 non
3326 5274 3469 5348 pdssi

1874 5355 1996 5399 sunt
2033 5347 2233 5416 nomini
2267 5346 2379 5416 ejus
2415 5345 2826 5398 communicare.

1948 5418 2023 5486 (5')
2063 5415 2212 5470 Ὑπό
2233 5415 2297 5470 τέ
2324 5419 2549 5470 πόνων.
2576 5415 2938 5470 Scribendttm
2967 5427 3051 5470 est
3074 5419 3268 5485 proettl
3297 5418 3468 5471 dubio

1879 5485 2019 5558 ὑπέρ
2043 5505 2103 5540 τε
2133 5487 2330 5540 πόνων.
2364 5489 2472 5542 Pro
2507 5485 3167 5558 designauitlegendum
3193 5497 3278 5540 cst
3309 5489 3468 5558 ἀμεί-

1877 5555 2060 5628 ψεται,
2101 5567 2163 5612 ut
2211 5557 2377 5612 habet
2421 5556 2594 5612 codex
2643 5555 2987 5628 Tellerianus
3025 5567 3082 5628 et
3128 5555 3358 5628 Niceph.

1951 5628 2026 5700 (6)
2064 5629 2158 5696 Ὡς
2181 5629 2252 5682 τὰ
2278 5629 2549 5698 λείψανα
2576 5627 2680 5682 τοῦ
2704 5627 2775 5682 ἐν
2801 5627 3012 5697 ἁγίοις.
3038 5626 3326 5699 ΟὺῙοριιίιιι
3348 5626 3470 5699 qui-

1625 5747 2013 5806 VARIORUM.

259 5849 359 5921 (m)
400 5849 859 5922 Συμφωνούσης
890 5846 1406 5915 καιβεόαιούσης.
1448 5845 1767 5918 Le’gendum

1889 5846 2177 5922 μφωνούση
2212 5847 2308 5902 καὶ
2337 5845 2657 5919 βεϐαιούσῃ.
2707 5845 2795 5903 W.
2837 5845 3058 5903 Lowm.
