  <div class='ocr_page' id='page_1' title='image "/cluster/home/n/w/nwhite01/storage/ocr_20150623/86:2/hvd.32044012719696/445.png"; bbox 0 0 4048 6508; ppageno 0'>
   <div class='ocr_carea' id='block_1_1' title="bbox 587 381 723 448">
    <p class='ocr_par' dir='ltr' id='par_1_1' title="bbox 587 381 723 448">
     <span class='ocr_line' id='line_1_1' title="bbox 587 381 723 448; baseline -0.029 0"><span class='ocrx_word' id='word_1_1' title='bbox 587 381 723 448; x_wconf 85' lang='lat'><strong>2631</strong></span> 
     </span>
    </p>
   </div>
   <div class='ocr_carea' id='block_1_2' title="bbox 1823 380 2666 457">
    <p class='ocr_par' dir='ltr' id='par_1_2' title="bbox 1823 380 2666 457">
     <span class='ocr_line' id='line_1_2' title="bbox 1823 380 2666 457; baseline -0.006 -14"><span class='ocrx_word' id='word_1_2' title='bbox 1823 384 2139 457; x_wconf 78' lang='lat' dir='ltr'><strong>EVAGRII</strong></span> <span class='ocrx_word' id='word_1_3' title='bbox 2179 380 2666 444; x_wconf 84' lang='lat' dir='ltr'><strong>SCHOLASTICI</strong></span> 
     </span>
    </p>
   </div>
   <div class='ocr_carea' id='block_1_3' title="bbox 3751 373 3886 436">
    <p class='ocr_par' dir='ltr' id='par_1_3' title="bbox 3751 373 3886 436">
     <span class='ocr_line' id='line_1_3' title="bbox 3751 373 3886 436; baseline 0.015 -2"><span class='ocrx_word' id='word_1_4' title='bbox 3751 373 3886 436; x_wconf 75' lang='lat'><strong>9.632</strong></span> 
     </span>
    </p>
   </div>
   <div class='ocr_carea' id='block_1_4' title="bbox 586 486 2197 567">
    <p class='ocr_par' dir='ltr' id='par_1_4' title="bbox 586 494 2188 567">
     <span class='ocr_line' id='line_1_4' title="bbox 586 494 2188 567; baseline -0.001 -18"><span class='ocrx_word' id='word_1_5' title='bbox 586 495 856 567; x_wconf 61' lang='lat' dir='ltr'><strong>quasdam</strong></span> <span class='ocrx_word' id='word_1_6' title='bbox 883 494 1220 549; x_wconf 73' lang='lat' dir='ltr'><strong>fraternitati</strong></span> <span class='ocrx_word' id='word_1_7' title='bbox 1254 502 1461 550; x_wconf 78' lang='lat' dir='ltr'><strong>nostra:</strong></span> <span class='ocrx_word' id='word_1_8' title='bbox 1493 494 1830 558; x_wconf 85' lang='lat' dir='ltr'><strong>invidentes,</strong></span> <span class='ocrx_word' id='word_1_9' title='bbox 1853 496 1920 550; x_wconf 90' lang='lat' dir='ltr'><strong>ad</strong></span> <span class='ocrx_word' id='word_1_10' title='bbox 1953 495 2188 550; x_wconf 84' lang='lat' dir='ltr'><strong>sanctis-</strong></span> 
     </span>
    </p>
   </div>
   <div class='ocr_carea' id='block_1_5' title="bbox 2302 486 3886 567">
    <p class='ocr_par' dir='ltr' id='par_1_5' title="bbox 2302 486 3886 564">
     <span class='ocr_line' id='line_1_5' title="bbox 2302 486 3886 564; baseline -0.003 -18"><span class='ocrx_word' id='word_1_11' title='bbox 2302 494 2507 564; x_wconf 61' lang='grc' dir='ltr'>[ἰατρὸς</span> <span class='ocrx_word' id='word_1_12' title='bbox 2527 491 2623 546; x_wconf 77' lang='grc' dir='ltr'>τοῦ</span> <span class='ocrx_word' id='word_1_13' title='bbox 2651 491 2924 563; x_wconf 78' lang='grc' dir='ltr'>μακαρίου</span> <span class='ocrx_word' id='word_1_14' title='bbox 2952 489 3388 564; x_wconf 56' lang='grc' dir='ltr'>ἀρχιεπισπόπου</span> <span class='ocrx_word' id='word_1_15' title='bbox 3418 486 3708 559; x_wconf 76' lang='grc' dir='ltr'>Τιμοθέου</span> <span class='ocrx_word' id='word_1_16' title='bbox 3767 505 3886 558; x_wconf 66' lang='grc' dir='ltr'>μετα</span> 
     </span>
    </p>
   </div>
   <div class='ocr_carea' id='block_1_6' title="bbox 587 585 2178 654">
    <p class='ocr_par' dir='ltr' id='par_1_6' title="bbox 587 585 2178 654">
     <span class='ocr_line' id='line_1_6' title="bbox 587 585 2178 654; baseline -0.002 -13"><span class='ocrx_word' id='word_1_17' title='bbox 587 591 756 642; x_wconf 83' lang='lat' dir='ltr'><strong>simas</strong></span> <span class='ocrx_word' id='word_1_18' title='bbox 787 599 953 649; x_wconf 75' lang='lat' dir='ltr'><strong>aures</strong></span> <span class='ocrx_word' id='word_1_19' title='bbox 1008 595 1224 638; x_wconf 84' lang='lat' dir='ltr'><strong>vestras</strong></span> <span class='ocrx_word' id='word_1_20' title='bbox 1272 586 1525 654; x_wconf 71' lang='lat' dir='ltr'><strong>quaedam</strong></span> <span class='ocrx_word' id='word_1_21' title='bbox 1587 585 1855 640; x_wconf 88' lang='lat' dir='ltr'><strong>detulisse</strong></span> <span class='ocrx_word' id='word_1_22' title='bbox 1903 586 2178 650; x_wconf 88' lang='lat' dir='ltr'><strong>convicia,</strong></span> 
     </span>
    </p>
   </div>
   <div class='ocr_carea' id='block_1_7' title="bbox 587 676 2183 751">
    <p class='ocr_par' dir='ltr' id='par_1_7' title="bbox 587 676 2183 751">
     <span class='ocr_line' id='line_1_7' title="bbox 587 676 2183 751; baseline -0.004 -16"><span class='ocrx_word' id='word_1_23' title='bbox 587 696 712 751; x_wconf 77' lang='lat' dir='ltr'><strong>qua:</strong></span> <span class='ocrx_word' id='word_1_24' title='bbox 743 678 1094 734; x_wconf 75' lang='lat' dir='ltr'><strong>sanctitatem</strong></span> <span class='ocrx_word' id='word_1_25' title='bbox 1127 685 1276 730; x_wconf 88' lang='lat' dir='ltr'><strong>tuom</strong></span> <span class='ocrx_word' id='word_1_26' title='bbox 1323 676 1468 730; x_wconf 87' lang='lat' dir='ltr'><strong>haud</strong></span> <span class='ocrx_word' id='word_1_27' title='bbox 1524 676 1686 732; x_wconf 79' lang='lat' dir='ltr'><strong>facile</strong></span> <span class='ocrx_word' id='word_1_28' title='bbox 1738 678 2032 732; x_wconf 86' lang='lat' dir='ltr'><strong>adversum</strong></span> <span class='ocrx_word' id='word_1_29' title='bbox 2081 692 2183 730; x_wconf 91' lang='lat' dir='ltr'><strong>nos</strong></span> 
     </span>
    </p>
   </div>
   <div class='ocr_carea' id='block_1_8' title="bbox 589 768 2184 840">
    <p class='ocr_par' dir='ltr' id='par_1_8' title="bbox 589 768 2184 840">
     <span class='ocr_line' id='line_1_8' title="bbox 589 768 2184 840; baseline -0.003 -13"><span class='ocrx_word' id='word_1_30' title='bbox 589 772 872 828; x_wconf 87' lang='lat' dir='ltr'><strong>concitare</strong></span> <span class='ocrx_word' id='word_1_31' title='bbox 910 778 1235 840; x_wconf 83' lang='lat' dir='ltr'><strong>potuerunt.</strong></span> <span class='ocrx_word' id='word_1_32' title='bbox 1287 769 1533 824; x_wconf 85' lang='lat' dir='ltr'><strong>Primum</strong></span> <span class='ocrx_word' id='word_1_33' title='bbox 1561 769 1787 839; x_wconf 81' lang='lat' dir='ltr'><strong>quidem</strong></span> <span class='ocrx_word' id='word_1_34' title='bbox 1821 771 1970 839; x_wconf 89' lang='lat' dir='ltr'><strong>quod</strong></span> <span class='ocrx_word' id='word_1_35' title='bbox 2006 768 2184 822; x_wconf 83' lang='lat' dir='ltr'><strong>sancti</strong></span> 
     </span>
    </p>
   </div>
   <div class='ocr_carea' id='block_1_9' title="bbox 589 860 2188 931">
    <p class='ocr_par' dir='ltr' id='par_1_9' title="bbox 589 860 2188 931">
     <span class='ocr_line' id='line_1_9' title="bbox 589 860 2188 931; baseline -0.002 -13"><span class='ocrx_word' id='word_1_36' title='bbox 589 864 766 918; x_wconf 85' lang='lat' dir='ltr'><strong>Patris</strong></span> <span class='ocrx_word' id='word_1_37' title='bbox 790 862 1043 917; x_wconf 88' lang='lat' dir='ltr'><strong>nostriet</strong></span> <span class='ocrx_word' id='word_1_38' title='bbox 1074 861 1505 931; x_wconf 83' lang='lat' dir='ltr'><strong>archiepiscopi,</strong></span> <span class='ocrx_word' id='word_1_39' title='bbox 1543 861 1687 914; x_wconf 86' lang='lat' dir='ltr'><strong>beati</strong></span> <span class='ocrx_word' id='word_1_40' title='bbox 1729 861 2006 915; x_wconf 82' lang='lat' dir='ltr'><strong>Timothei</strong></span> <span class='ocrx_word' id='word_1_41' title='bbox 2060 860 2188 915; x_wconf 90' lang='lat' dir='ltr'><strong>reli-</strong></span> 
     </span>
    </p>
   </div>
   <div class='ocr_carea' id='block_1_10' title="bbox 589 954 2186 1026">
    <p class='ocr_par' dir='ltr' id='par_1_10' title="bbox 589 954 2186 1026">
     <span class='ocr_line' id='line_1_10' title="bbox 589 954 2186 1026; baseline -0.001 -17"><span class='ocrx_word' id='word_1_42' title='bbox 589 957 750 1026; x_wconf 88' lang='lat' dir='ltr'><strong>quias</strong></span> <span class='ocrx_word' id='word_1_43' title='bbox 770 958 941 1014; x_wconf 86' lang='lat' dir='ltr'><strong>alium</strong></span> <span class='ocrx_word' id='word_1_44' title='bbox 978 959 1029 1013; x_wconf 91' lang='lat' dir='ltr'><strong>in</strong></span> <span class='ocrx_word' id='word_1_45' title='bbox 1069 958 1251 1011; x_wconf 88' lang='lat' dir='ltr'><strong>locum</strong></span> <span class='ocrx_word' id='word_1_46' title='bbox 1275 955 1742 1010; x_wconf 82' lang='lat' dir='ltr'><strong>transtulerimus.</strong></span> <span class='ocrx_word' id='word_1_47' title='bbox 1773 954 1929 1020; x_wconf 83' lang='lat' dir='ltr'><strong>Quod</strong></span> <span class='ocrx_word' id='word_1_48' title='bbox 1959 955 2186 1025; x_wconf 83' lang='lat' dir='ltr'><strong>quidem</strong></span> 
     </span>
    </p>
   </div>
   <div class='ocr_carea' id='block_1_11' title="bbox 595 1047 2190 1120">
    <p class='ocr_par' dir='ltr' id='par_1_11' title="bbox 595 1047 2190 1120">
     <span class='ocr_line' id='line_1_11' title="bbox 595 1047 2190 1120; baseline 0.001 -18"><span class='ocrx_word' id='word_1_49' title='bbox 595 1047 827 1114; x_wconf 83' lang='lat' dir='ltr'><strong>facinus,</strong></span> <span class='ocrx_word' id='word_1_50' title='bbox 855 1066 960 1107; x_wconf 89' lang='lat' dir='ltr'><strong>nec</strong></span> <span class='ocrx_word' id='word_1_51' title='bbox 991 1053 1101 1106; x_wconf 90' lang='lat' dir='ltr'><strong>Deo</strong></span> <span class='ocrx_word' id='word_1_52' title='bbox 1143 1059 1430 1120; x_wconf 86' lang='lat' dir='ltr'><strong>acceptum</strong></span> <span class='ocrx_word' id='word_1_53' title='bbox 1483 1063 1586 1104; x_wconf 90' lang='lat' dir='ltr'><strong>nec</strong></span> <span class='ocrx_word' id='word_1_54' title='bbox 1646 1048 1860 1120; x_wconf 82' lang='lat' dir='ltr'><strong>legibus</strong></span> <span class='ocrx_word' id='word_1_55' title='bbox 1899 1057 2190 1104; x_wconf 86' lang='lat' dir='ltr'><strong>consenta—</strong></span> 
     </span>
    </p>
   </div>
   <div class='ocr_carea' id='block_1_12' title="bbox 596 1143 2192 1214">
    <p class='ocr_par' dir='ltr' id='par_1_12' title="bbox 596 1143 2192 1214">
     <span class='ocr_line' id='line_1_12' title="bbox 596 1143 2192 1214; baseline 0.002 -19"><span class='ocrx_word' id='word_1_56' title='bbox 596 1157 762 1195; x_wconf 87' lang='lat' dir='ltr'><strong>neum</strong></span> <span class='ocrx_word' id='word_1_57' title='bbox 789 1143 947 1214; x_wconf 82' lang='lat'><strong>351</strong></span> <span class='ocrx_word' id='word_1_58' title='bbox 987 1155 1093 1200; x_wconf 88' lang='lat' dir='ltr'><strong>est.</strong></span> <span class='ocrx_word' id='word_1_59' title='bbox 1129 1145 1340 1200; x_wconf 90' lang='lat' dir='ltr'><strong>Deinde</strong></span> <span class='ocrx_word' id='word_1_60' title='bbox 1363 1145 1428 1198; x_wconf 87' lang='lat' dir='ltr'><strong>ad</strong></span> <span class='ocrx_word' id='word_1_61' title='bbox 1463 1144 1696 1198; x_wconf 89' lang='lat' dir='ltr'><strong>alterum</strong></span> <span class='ocrx_word' id='word_1_62' title='bbox 1725 1144 1938 1198; x_wconf 88' lang='lat' dir='ltr'><strong>crimen</strong></span> <span class='ocrx_word' id='word_1_63' title='bbox 1994 1144 2192 1198; x_wconf 90' lang='lat' dir='ltr'><strong>transi-</strong></span> 
     </span>
    </p>
   </div>
   <div class='ocr_carea' id='block_1_13' title="bbox 598 1235 2191 1308">
    <p class='ocr_par' dir='ltr' id='par_1_13' title="bbox 598 1235 2191 1308">
     <span class='ocr_line' id='line_1_13' title="bbox 598 1235 2191 1308; baseline 0.003 -21"><span class='ocrx_word' id='word_1_64' title='bbox 598 1235 763 1301; x_wconf 88' lang='lat' dir='ltr'><strong>liunt,</strong></span> <span class='ocrx_word' id='word_1_65' title='bbox 793 1240 940 1308; x_wconf 88' lang='lat' dir='ltr'><strong>quod</strong></span> <span class='ocrx_word' id='word_1_66' title='bbox 977 1255 1078 1292; x_wconf 89' lang='lat' dir='ltr'><strong>nec</strong></span> <span class='ocrx_word' id='word_1_67' title='bbox 1104 1237 1411 1292; x_wconf 80' lang='lat' dir='ltr'><strong>verisimile</strong></span> <span class='ocrx_word' id='word_1_68' title='bbox 1448 1245 1552 1300; x_wconf 86' lang='lat' dir='ltr'><strong>est,</strong></span> <span class='ocrx_word' id='word_1_69' title='bbox 1587 1244 1644 1290; x_wconf 89' lang='lat' dir='ltr'><strong>et</strong></span> <span class='ocrx_word' id='word_1_70' title='bbox 1674 1237 1862 1306; x_wconf 89' lang='lat' dir='ltr'><strong>priore</strong></span> <span class='ocrx_word' id='word_1_71' title='bbox 1895 1236 1992 1292; x_wconf 93' lang='lat' dir='ltr'><strong>illo</strong></span> <span class='ocrx_word' id='word_1_72' title='bbox 2028 1237 2191 1307; x_wconf 79' lang='lat' dir='ltr'><strong>longe</strong></span> 
     </span>
    </p>
   </div>
   <div class='ocr_carea' id='block_1_14' title="bbox 599 1328 2195 1396">
    <p class='ocr_par' dir='ltr' id='par_1_14' title="bbox 599 1328 2195 1396">
     <span class='ocr_line' id='line_1_14' title="bbox 599 1328 2195 1396; baseline -0.001 -13"><span class='ocrx_word' id='word_1_73' title='bbox 599 1328 855 1384; x_wconf 86' lang='lat' dir='ltr'><strong>deterius</strong></span> <span class='ocrx_word' id='word_1_74' title='bbox 902 1331 1144 1385; x_wconf 85' lang='lat' dir='ltr'><strong>videtur.</strong></span> <span class='ocrx_word' id='word_1_75' title='bbox 1180 1330 1300 1396; x_wconf 89' lang='lat' dir='ltr'><strong>Quo</strong></span> <span class='ocrx_word' id='word_1_76' title='bbox 1341 1329 1490 1382; x_wconf 83' lang='lat' dir='ltr'><strong>enim</strong></span> <span class='ocrx_word' id='word_1_77' title='bbox 1549 1328 1716 1384; x_wconf 89' lang='lat' dir='ltr'><strong>modo</strong></span> <span class='ocrx_word' id='word_1_78' title='bbox 1749 1338 1994 1382; x_wconf 90' lang='lat' dir='ltr'><strong>sanetam</strong></span> <span class='ocrx_word' id='word_1_79' title='bbox 2032 1328 2195 1383; x_wconf 87' lang='lat' dir='ltr'><strong>Chal-</strong></span> 
     </span>
    </p>
   </div>
   <div class='ocr_carea' id='block_1_15' title="bbox 600 1420 2192 1492">
    <p class='ocr_par' dir='ltr' id='par_1_15' title="bbox 600 1420 2192 1492">
     <span class='ocr_line' id='line_1_15' title="bbox 600 1420 2192 1492; baseline -0.003 -15"><span class='ocrx_word' id='word_1_80' title='bbox 600 1425 971 1477; x_wconf 66' lang='lat' dir='ltr'><strong>cedonensem</strong></span> <span class='ocrx_word' id='word_1_81' title='bbox 1022 1422 1293 1492; x_wconf 78' lang='lat' dir='ltr'><strong>synodum</strong></span> <span class='ocrx_word' id='word_1_82' title='bbox 1355 1420 1826 1475; x_wconf 87' lang='lat' dir='ltr'><strong>anathematizare</strong></span> <span class='ocrx_word' id='word_1_83' title='bbox 1888 1421 2192 1489; x_wconf 87' lang='lat' dir='ltr'><strong>potuimus,</strong></span> 
     </span>
    </p>
   </div>
   <div class='ocr_carea' id='block_1_16' title="bbox 599 1511 2197 1582">
    <p class='ocr_par' dir='ltr' id='par_1_16' title="bbox 599 1511 2197 1582">
     <span class='ocr_line' id='line_1_16' title="bbox 599 1511 2197 1582; baseline -0.001 -14"><span class='ocrx_word' id='word_1_84' title='bbox 599 1517 688 1568; x_wconf 88' lang='lat' dir='ltr'><strong>cui</strong></span> <span class='ocrx_word' id='word_1_85' title='bbox 723 1514 1089 1573; x_wconf 81' lang='lat' dir='ltr'><strong>credidimus,</strong></span> <span class='ocrx_word' id='word_1_86' title='bbox 1140 1523 1196 1566; x_wconf 92' lang='lat' dir='ltr'><strong>et</strong></span> <span class='ocrx_word' id='word_1_87' title='bbox 1250 1527 1416 1581; x_wconf 89' lang='lat' dir='ltr'><strong>quam</strong></span> <span class='ocrx_word' id='word_1_88' title='bbox 1461 1511 1951 1566; x_wconf 73' lang='lat' dir='ltr'><strong>confirmavimus?</strong></span> <span class='ocrx_word' id='word_1_89' title='bbox 2004 1512 2197 1582; x_wconf 83' lang='lat' dir='ltr'><strong>Neque</strong></span> 
     </span>
    </p>
   </div>
   <div class='ocr_carea' id='block_1_17' title="bbox 600 1603 2195 1675">
    <p class='ocr_par' dir='ltr' id='par_1_17' title="bbox 600 1603 2195 1675">
     <span class='ocr_line' id='line_1_17' title="bbox 600 1603 2195 1675; baseline -0.001 -15"><span class='ocrx_word' id='word_1_90' title='bbox 600 1623 734 1661; x_wconf 71' lang='lat' dir='ltr'><strong>vero</strong></span> <span class='ocrx_word' id='word_1_91' title='bbox 757 1606 998 1675; x_wconf 80' lang='lat' dir='ltr'><strong>ignoras,</strong></span> <span class='ocrx_word' id='word_1_92' title='bbox 1017 1613 1077 1657; x_wconf 90' lang='lat' dir='ltr'><strong>ut</strong></span> <span class='ocrx_word' id='word_1_93' title='bbox 1099 1603 1363 1667; x_wconf 85' lang='lat' dir='ltr'><strong>arbitror,</strong></span> <span class='ocrx_word' id='word_1_94' title='bbox 1392 1619 1494 1658; x_wconf 90' lang='lat' dir='ltr'><strong>nec</strong></span> <span class='ocrx_word' id='word_1_95' title='bbox 1515 1611 1665 1658; x_wconf 90' lang='lat' dir='ltr'><strong>tuam</strong></span> <span class='ocrx_word' id='word_1_96' title='bbox 1691 1604 1825 1658; x_wconf 90' lang='lat' dir='ltr'><strong>latet</strong></span> <span class='ocrx_word' id='word_1_97' title='bbox 1847 1604 2195 1659; x_wconf 84' lang='lat' dir='ltr'><strong>sanctitatem</strong></span> 
     </span>
    </p>
   </div>
   <div class='ocr_carea' id='block_1_18' title="bbox 600 1695 2199 1769">
    <p class='ocr_par' dir='ltr' id='par_1_18' title="bbox 600 1695 2199 1769">
     <span class='ocr_line' id='line_1_18' title="bbox 600 1695 2199 1769; baseline -0.001 -17"><span class='ocrx_word' id='word_1_98' title='bbox 600 1708 806 1769; x_wconf 88' lang='lat' dir='ltr'><strong>quanta</strong></span> <span class='ocrx_word' id='word_1_99' title='bbox 833 1695 1203 1752; x_wconf 68' lang='lat' dir='ltr'><strong>sitazmulatio</strong></span> <span class='ocrx_word' id='word_1_100' title='bbox 1243 1711 1308 1750; x_wconf 87' lang='lat' dir='ltr'><strong>ac</strong></span> <span class='ocrx_word' id='word_1_101' title='bbox 1353 1695 1550 1750; x_wconf 83' lang='lat' dir='ltr'><strong>levitas</strong></span> <span class='ocrx_word' id='word_1_102' title='bbox 1596 1695 1928 1765; x_wconf 88' lang='lat' dir='ltr'><strong>populorum</strong></span> <span class='ocrx_word' id='word_1_103' title='bbox 1978 1705 2199 1750; x_wconf 89' lang='lat' dir='ltr'><strong>nostro-</strong></span> 
     </span>
    </p>
   </div>
   <div class='ocr_carea' id='block_1_19' title="bbox 603 1787 2199 1854">
    <p class='ocr_par' dir='ltr' id='par_1_19' title="bbox 603 1787 2199 1854">
     <span class='ocr_line' id='line_1_19' title="bbox 603 1787 2199 1854; baseline -0.002 -10"><span class='ocrx_word' id='word_1_104' title='bbox 603 1806 749 1854; x_wconf 85' lang='lat' dir='ltr'><strong>rum,</strong></span> <span class='ocrx_word' id='word_1_105' title='bbox 774 1799 830 1844; x_wconf 89' lang='lat' dir='ltr'><strong>et</strong></span> <span class='ocrx_word' id='word_1_106' title='bbox 855 1789 1258 1843; x_wconf 84' lang='lat' dir='ltr'><strong>monachorum</strong></span> <span class='ocrx_word' id='word_1_107' title='bbox 1286 1787 1446 1841; x_wconf 82' lang='lat' dir='ltr'><strong>novis</strong></span> <span class='ocrx_word' id='word_1_108' title='bbox 1481 1787 1645 1841; x_wconf 85' lang='lat' dir='ltr'><strong>rebus</strong></span> <span class='ocrx_word' id='word_1_109' title='bbox 1675 1787 2044 1842; x_wconf 91' lang='lat' dir='ltr'><strong>studentium.</strong></span> <span class='ocrx_word' id='word_1_110' title='bbox 2091 1787 2199 1854; x_wconf 83' lang='lat' dir='ltr'><strong>Qui</strong></span> 
     </span>
    </p>
   </div>
   <div class='ocr_carea' id='block_1_20' title="bbox 2283 579 3888 656">
    <p class='ocr_par' dir='ltr' id='par_1_20' title="bbox 2283 579 3888 656">
     <span class='ocr_line' id='line_1_20' title="bbox 2283 579 3888 656; baseline -0.002 -17"><span class='ocrx_word' id='word_1_111' title='bbox 2283 587 2596 656; x_wconf 79' lang='grc' dir='ltr'>ηνὲγκαμεν</span> <span class='ocrx_word' id='word_1_112' title='bbox 2649 585 2729 648; x_wconf 75' lang='grc' dir='ltr'><strong>εἰς</strong></span> <span class='ocrx_word' id='word_1_113' title='bbox 2772 585 2960 656; x_wconf 78' lang='grc' dir='ltr'>ἕτερον</span> <span class='ocrx_word' id='word_1_114' title='bbox 2995 583 3184 637; x_wconf 85' lang='grc' dir='ltr'><strong>τόπον.</strong></span> <span class='ocrx_word' id='word_1_115' title='bbox 3243 583 3422 653; x_wconf 83' lang='grc' dir='ltr'>Ὅπερ</span> <span class='ocrx_word' id='word_1_116' title='bbox 3464 583 3716 652; x_wconf 77' lang='grc' dir='ltr'>πρᾶγμα</span> <span class='ocrx_word' id='word_1_117' title='bbox 3772 579 3888 635; x_wconf 78' lang='grc' dir='ltr'>οὔτε</span> 
     </span>
    </p>
   </div>
   <div class='ocr_carea' id='block_1_21' title="bbox 2285 673 3883 748">
    <p class='ocr_par' dir='ltr' id='par_1_21' title="bbox 2285 673 3883 748">
     <span class='ocr_line' id='line_1_21' title="bbox 2285 673 3883 748; baseline -0.003 -18"><span class='ocrx_word' id='word_1_118' title='bbox 2285 677 2424 748; x_wconf 76' lang='grc' dir='ltr'>Θεῷ,</span> <span class='ocrx_word' id='word_1_119' title='bbox 2452 676 2578 730; x_wconf 77' lang='grc' dir='ltr'>οὔτε</span> <span class='ocrx_word' id='word_1_120' title='bbox 2625 677 2811 746; x_wconf 76' lang='grc' dir='ltr'>νόμοις</span> <span class='ocrx_word' id='word_1_121' title='bbox 2855 676 3068 746; x_wconf 81' lang='grc' dir='ltr'><strong>πρέπον</strong></span> <span class='ocrx_word' id='word_1_122' title='bbox 3115 676 3254 729; x_wconf 84' lang='grc' dir='ltr'>ὲστί.</span> <span class='ocrx_word' id='word_1_123' title='bbox 3296 676 3404 730; x_wconf 92' lang='lat' dir='ltr'><strong>Kal</strong></span> <span class='ocrx_word' id='word_1_124' title='bbox 3438 677 3540 728; x_wconf 74' lang='grc' dir='ltr'>ἐπὶ</span> <span class='ocrx_word' id='word_1_125' title='bbox 3570 673 3790 738; x_wconf 78' lang='grc' dir='ltr'>τούτοις</span> <span class='ocrx_word' id='word_1_126' title='bbox 3814 675 3883 738; x_wconf 60' lang='lat' dir='ltr'><strong>si;</strong></span> 
     </span>
    </p>
   </div>
   <div class='ocr_carea' id='block_1_22' title="bbox 2285 765 3886 840">
    <p class='ocr_par' dir='ltr' id='par_1_22' title="bbox 2285 765 3886 840">
     <span class='ocr_line' id='line_1_22' title="bbox 2285 765 3886 840; baseline -0.002 -20"><span class='ocrx_word' id='word_1_127' title='bbox 2285 769 2475 840; x_wconf 81' lang='grc' dir='ltr'>ἓτερον</span> <span class='ocrx_word' id='word_1_128' title='bbox 2531 767 2916 838; x_wconf 79' lang='grc' dir='ltr'>μετεπήδησαν</span> <span class='ocrx_word' id='word_1_129' title='bbox 2971 767 3274 822; x_wconf 85' lang='grc' dir='ltr'>ἀσύστατον</span> <span class='ocrx_word' id='word_1_130' title='bbox 3339 768 3436 821; x_wconf 76' lang='grc' dir='ltr'><strong>καὶ</strong></span> <span class='ocrx_word' id='word_1_131' title='bbox 3485 765 3587 820; x_wconf 81' lang='grc' dir='ltr'><strong>τοῦ</strong></span> <span class='ocrx_word' id='word_1_132' title='bbox 3625 765 3886 836; x_wconf 75' lang='grc' dir='ltr'><strong>προτέρου</strong></span> 
     </span>
    </p>
   </div>
   <div class='ocr_carea' id='block_1_23' title="bbox 2287 856 3890 932">
    <p class='ocr_par' dir='ltr' id='par_1_23' title="bbox 2287 856 3890 932">
     <span class='ocr_line' id='line_1_23' title="bbox 2287 856 3890 932; baseline -0.002 -19"><span class='ocrx_word' id='word_1_133' title='bbox 2287 864 2492 932; x_wconf 85' lang='grc' dir='ltr'>χεῖρον.</span> <span class='ocrx_word' id='word_1_134' title='bbox 2522 861 2644 923; x_wconf 76' lang='grc' dir='ltr'><strong>Πῶς</strong></span> <span class='ocrx_word' id='word_1_135' title='bbox 2677 860 2785 928; x_wconf 74' lang='grc' dir='ltr'><strong>γὰρ</strong></span> <span class='ocrx_word' id='word_1_136' title='bbox 2814 859 3242 930; x_wconf 75' lang='grc' dir='ltr'><strong>ἀναθεματίζειν</strong></span> <span class='ocrx_word' id='word_1_137' title='bbox 3274 861 3505 930; x_wconf 80' lang='grc' dir='ltr'>εἴχομεν</span> <span class='ocrx_word' id='word_1_138' title='bbox 3536 857 3643 927; x_wconf 79' lang='grc' dir='ltr'>τὴν</span> <span class='ocrx_word' id='word_1_139' title='bbox 3674 860 3731 909; x_wconf 77' lang='grc' dir='ltr'>ἐν</span> <span class='ocrx_word' id='word_1_140' title='bbox 3755 856 3890 910; x_wconf 82' lang='grc' dir='ltr'><strong>Καλ-</strong></span> 
     </span>
    </p>
   </div>
   <div class='ocr_carea' id='block_1_24' title="bbox 2288 948 3886 1028">
    <p class='ocr_par' dir='ltr' id='par_1_24' title="bbox 2288 948 3886 1028">
     <span class='ocr_line' id='line_1_24' title="bbox 2288 948 3886 1028; baseline -0.002 -21"><span class='ocrx_word' id='word_1_141' title='bbox 2288 955 2475 1026; x_wconf 75' lang='grc' dir='ltr'>χηδόνι</span> <span class='ocrx_word' id='word_1_142' title='bbox 2500 953 2663 1022; x_wconf 81' lang='grc' dir='ltr'>ἁγίαν</span> <span class='ocrx_word' id='word_1_143' title='bbox 2693 953 2911 1006; x_wconf 69' lang='grc' dir='ltr'>σύνοδον</span> <span class='ocrx_word' id='word_1_144' title='bbox 3010 956 3400 1016; x_wconf 70' lang='grc' dir='ltr'><strong>πιστεύσαντες</strong></span> <span class='ocrx_word' id='word_1_145' title='bbox 3433 951 3886 1021; x_wconf 59' lang='lat' dir='ltr'><strong>Meti-audimus»);</strong></span> 
     </span>
    </p>
   </div>
   <div class='ocr_carea' id='block_1_25' title="bbox 2292 1044 3891 1117">
    <p class='ocr_par' dir='ltr' id='par_1_25' title="bbox 2292 1044 3891 1117">
     <span class='ocr_line' id='line_1_25' title="bbox 2292 1044 3891 1117; baseline -0.001 -17"><span class='ocrx_word' id='word_1_146' title='bbox 2292 1048 2408 1100; x_wconf 81' lang='grc' dir='ltr'><strong>Ούκ</strong></span> <span class='ocrx_word' id='word_1_147' title='bbox 2440 1049 2717 1114; x_wconf 85' lang='grc' dir='ltr'>ἀγνοεῖται</span> <span class='ocrx_word' id='word_1_148' title='bbox 2746 1046 2822 1110; x_wconf 80' lang='grc' dir='ltr'><strong>δὲ,</strong></span> <span class='ocrx_word' id='word_1_149' title='bbox 2847 1046 2968 1099; x_wconf 78' lang='grc' dir='ltr'>οὐδὲ</span> <span class='ocrx_word' id='word_1_150' title='bbox 2995 1045 3192 1117; x_wconf 80' lang='grc' dir='ltr'><strong>&gt;ἐληθε</strong></span> <span class='ocrx_word' id='word_1_151' title='bbox 3229 1050 3330 1116; x_wconf 72' lang='grc' dir='ltr'>τὴν</span> <span class='ocrx_word' id='word_1_152' title='bbox 3379 1045 3546 1116; x_wconf 83' lang='grc' dir='ltr'>ὑμῶν</span> <span class='ocrx_word' id='word_1_153' title='bbox 3589 1044 3891 1115; x_wconf 68' lang='grc' dir='ltr'>θεοφίλειαν</span> 
     </span>
    </p>
   </div>
   <div class='ocr_carea' id='block_1_26' title="bbox 2291 1138 3890 1210">
    <p class='ocr_par' dir='ltr' id='par_1_26' title="bbox 2291 1138 3890 1210">
     <span class='ocr_line' id='line_1_26' title="bbox 2291 1138 3890 1210; baseline 0.001 -17"><span class='ocrx_word' id='word_1_154' title='bbox 2291 1141 2400 1194; x_wconf 82' lang='grc' dir='ltr'>τῶν</span> <span class='ocrx_word' id='word_1_155' title='bbox 2456 1140 2588 1208; x_wconf 79' lang='grc' dir='ltr'>παρ’</span> <span class='ocrx_word' id='word_1_156' title='bbox 2611 1142 2746 1210; x_wconf 80' lang='grc' dir='ltr'>ἡμῖν</span> <span class='ocrx_word' id='word_1_157' title='bbox 2785 1139 2932 1192; x_wconf 87' lang='grc' dir='ltr'>λαῶν</span> <span class='ocrx_word' id='word_1_158' title='bbox 2963 1139 2990 1191; x_wconf 84' lang='grc' dir='ltr'>ὁ</span> <span class='ocrx_word' id='word_1_159' title='bbox 3025 1139 3184 1209; x_wconf 79' lang='grc' dir='ltr'><strong>ζῆλος</strong></span> <span class='ocrx_word' id='word_1_160' title='bbox 3211 1181 3224 1204; x_wconf 93' lang='grc'>,</span> <span class='ocrx_word' id='word_1_161' title='bbox 3259 1140 3355 1192; x_wconf 83' lang='grc' dir='ltr'>καὶ</span> <span class='ocrx_word' id='word_1_162' title='bbox 3403 1140 3440 1209; x_wconf 85' lang='grc' dir='ltr'><strong>ἠ</strong></span> <span class='ocrx_word' id='word_1_163' title='bbox 3513 1138 3776 1207; x_wconf 78' lang='grc' dir='ltr'>ἐλαφρία,</span> <span class='ocrx_word' id='word_1_164' title='bbox 3801 1142 3890 1194; x_wconf 76' lang='grc' dir='ltr'><strong>καὶ</strong></span> 
     </span>
    </p>
   </div>
   <div class='ocr_carea' id='block_1_27' title="bbox 2293 1229 3888 1300">
    <p class='ocr_par' dir='ltr' id='par_1_27' title="bbox 2293 1229 3888 1300">
     <span class='ocr_line' id='line_1_27' title="bbox 2293 1229 3888 1300; baseline 0 -17"><span class='ocrx_word' id='word_1_165' title='bbox 2293 1231 2400 1283; x_wconf 82' lang='grc' dir='ltr'><strong>τῶν</strong></span> <span class='ocrx_word' id='word_1_166' title='bbox 2424 1231 2772 1300; x_wconf 73' lang='grc' dir='ltr'>νεωτερίζειν</span> <span class='ocrx_word' id='word_1_167' title='bbox 2795 1231 3094 1285; x_wconf 79' lang='grc' dir='ltr'>ἐθελόντων</span> <span class='ocrx_word' id='word_1_168' title='bbox 3125 1229 3499 1300; x_wconf 79' lang='grc' dir='ltr'>μοναζόντων,</span> <span class='ocrx_word' id='word_1_169' title='bbox 3543 1230 3749 1293; x_wconf 80' lang='grc' dir='ltr'>οἵτινες</span> <span class='ocrx_word' id='word_1_170' title='bbox 3796 1247 3888 1300; x_wconf 84' lang='grc' dir='ltr'><strong>με-</strong></span> 
     </span>
    </p>
   </div>
   <div class='ocr_carea' id='block_1_28' title="bbox 2296 1319 3888 1391">
    <p class='ocr_par' dir='ltr' id='par_1_28' title="bbox 2296 1319 3888 1391">
     <span class='ocr_line' id='line_1_28' title="bbox 2296 1319 3888 1391; baseline 0.001 -21"><span class='ocrx_word' id='word_1_171' title='bbox 2296 1321 2625 1390; x_wconf 80' lang='grc' dir='ltr'>λετήσαντες</span> <span class='ocrx_word' id='word_1_172' title='bbox 2680 1319 2797 1391; x_wconf 75' lang='grc' dir='ltr'><strong>ἅμα</strong></span> <span class='ocrx_word' id='word_1_173' title='bbox 2841 1320 2982 1374; x_wconf 71' lang='grc' dir='ltr'>τισὶν</span> <span class='ocrx_word' id='word_1_174' title='bbox 3037 1320 3380 1384; x_wconf 79' lang='grc' dir='ltr'>ἐθελοκάκοις</span> <span class='ocrx_word' id='word_1_175' title='bbox 3411 1321 3518 1390; x_wconf 77' lang='grc' dir='ltr'><strong>τῆς</strong></span> <span class='ocrx_word' id='word_1_176' title='bbox 3572 1319 3888 1389; x_wconf 79' lang='grc' dir='ltr'>Ἐκκλησίας</span> 
     </span>
    </p>
   </div>
   <div class='ocr_carea' id='block_1_29' title="bbox 2297 1411 3886 1483">
    <p class='ocr_par' dir='ltr' id='par_1_29' title="bbox 2297 1411 3886 1483">
     <span class='ocr_line' id='line_1_29' title="bbox 2297 1411 3886 1483; baseline -0.001 -17"><span class='ocrx_word' id='word_1_177' title='bbox 2297 1415 2759 1483; x_wconf 78' lang='grc' dir='ltr'>ἁποσκιρτὴσασι,</span> <span class='ocrx_word' id='word_1_178' title='bbox 2823 1414 2953 1476; x_wconf 71' lang='grc' dir='ltr'>τοὺς</span> <span class='ocrx_word' id='word_1_179' title='bbox 3000 1411 3166 1475; x_wconf 75' lang='grc' dir='ltr'>λαοὺς</span> <span class='ocrx_word' id='word_1_180' title='bbox 3215 1414 3480 1483; x_wconf 79' lang='grc' dir='ltr'><strong>ἀποσπᾷν</strong></span> <span class='ocrx_word' id='word_1_181' title='bbox 3531 1411 3886 1482; x_wconf 79' lang='grc' dir='ltr'>ἐπιχειροῦσι,</span> 
     </span>
    </p>
   </div>
   <div class='ocr_carea' id='block_1_30' title="bbox 2297 1501 3888 1576">
    <p class='ocr_par' dir='ltr' id='par_1_30' title="bbox 2297 1501 3888 1576">
     <span class='ocr_line' id='line_1_30' title="bbox 2297 1501 3888 1576; baseline 0 -18"><span class='ocrx_word' id='word_1_182' title='bbox 2297 1505 2410 1559; x_wconf 87' lang='lat' dir='ltr'><strong>Kal</strong></span> <span class='ocrx_word' id='word_1_183' title='bbox 2435 1505 2522 1558; x_wconf 76' lang='grc' dir='ltr'><strong>διὰ</strong></span> <span class='ocrx_word' id='word_1_184' title='bbox 2560 1505 2672 1557; x_wconf 83' lang='grc' dir='ltr'><strong>τῶν</strong></span> <span class='ocrx_word' id='word_1_185' title='bbox 2709 1505 2991 1576; x_wconf 82' lang='grc' dir='ltr'>ὑμετέρων</span> <span class='ocrx_word' id='word_1_186' title='bbox 3023 1501 3199 1575; x_wconf 76' lang='grc' dir='ltr'>εὐχῶν</span> <span class='ocrx_word' id='word_1_187' title='bbox 3226 1505 3597 1574; x_wconf 72' lang='grc' dir='ltr'>ἐσκεψάμεθα</span> <span class='ocrx_word' id='word_1_188' title='bbox 3641 1505 3792 1573; x_wconf 74' lang='grc' dir='ltr'>λόγον</span> <span class='ocrx_word' id='word_1_189' title='bbox 3816 1505 3888 1576; x_wconf 86' lang='lat'><strong>(7)</strong></span> 
     </span>
    </p>
   </div>
   <div class='ocr_carea' id='block_1_31' title="bbox 2299 1596 3887 1668">
    <p class='ocr_par' dir='ltr' id='par_1_31' title="bbox 2299 1596 3887 1668">
     <span class='ocr_line' id='line_1_31' title="bbox 2299 1596 3887 1668; baseline 0 -20"><span class='ocrx_word' id='word_1_190' title='bbox 2299 1596 2597 1666; x_wconf 83' lang='grc' dir='ltr'>θεραπείας</span> <span class='ocrx_word' id='word_1_191' title='bbox 2663 1596 2948 1666; x_wconf 78' lang='grc' dir='ltr'>ἐχόμενον,</span> <span class='ocrx_word' id='word_1_192' title='bbox 2979 1596 3148 1668; x_wconf 82' lang='grc' dir='ltr'>μηδὲν</span> <span class='ocrx_word' id='word_1_193' title='bbox 3207 1597 3526 1666; x_wconf 80' lang='grc' dir='ltr'><strong>βλάπτοντα</strong></span> <span class='ocrx_word' id='word_1_194' title='bbox 3591 1597 3691 1666; x_wconf 73' lang='grc' dir='ltr'>τὴν</span> <span class='ocrx_word' id='word_1_195' title='bbox 3739 1597 3887 1664; x_wconf 81' lang='grc' dir='ltr'>ἁγίαν</span> 
     </span>
    </p>
   </div>
   <div class='ocr_carea' id='block_1_32' title="bbox 2303 1687 3904 1758">
    <p class='ocr_par' dir='ltr' id='par_1_32' title="bbox 2303 1687 3904 1758">
     <span class='ocr_line' id='line_1_32' title="bbox 2303 1687 3904 1758; baseline -0.001 -17"><span class='ocrx_word' id='word_1_196' title='bbox 2303 1687 2519 1741; x_wconf 80' lang='grc' dir='ltr'>σύνοδον</span> <span class='ocrx_word' id='word_1_197' title='bbox 2550 1689 2649 1757; x_wconf 73' lang='grc' dir='ltr'>τὴν</span> <span class='ocrx_word' id='word_1_198' title='bbox 2679 1690 2736 1741; x_wconf 77' lang='grc' dir='ltr'><strong>ἐν</strong></span> <span class='ocrx_word' id='word_1_199' title='bbox 2773 1687 3327 1758; x_wconf 81' lang='grc' dir='ltr'>Καλχηδόνι,·είδότες</span> <span class='ocrx_word' id='word_1_200' title='bbox 3352 1687 3512 1742; x_wconf 74' lang='grc' dir='ltr'>οὐδὲν</span> <span class='ocrx_word' id='word_1_201' title='bbox 3538 1689 3728 1742; x_wconf 69' lang='grc' dir='ltr'>καινὸν</span> <span class='ocrx_word' id='word_1_202' title='bbox 3757 1689 3904 1758; x_wconf 79' lang='grc' dir='ltr'>ἔχειν·</span> 
     </span>
    </p>
   </div>
   <div class='ocr_carea' id='block_1_33' title="bbox 2301 1779 3886 1855">
    <p class='ocr_par' dir='ltr' id='par_1_33' title="bbox 2301 1779 3886 1855">
     <span class='ocr_line' id='line_1_33' title="bbox 2301 1779 3886 1855; baseline 0.003 -25"><span class='ocrx_word' id='word_1_203' title='bbox 2301 1780 2440 1850; x_wconf 72' lang='grc' dir='ltr'>αὐτῇ</span> <span class='ocrx_word' id='word_1_204' title='bbox 2476 1781 2887 1851; x_wconf 78' lang='grc' dir='ltr'>πεπραγμένον.</span> <span class='ocrx_word' id='word_1_205' title='bbox 2919 1781 3030 1834; x_wconf 82' lang='lat' dir='ltr'><strong>Kal</strong></span> <span class='ocrx_word' id='word_1_206' title='bbox 3057 1781 3196 1855; x_wconf 68' lang='grc' dir='ltr'>πρὸς</span> <span class='ocrx_word' id='word_1_207' title='bbox 3225 1779 3617 1852; x_wconf 78' lang='grc' dir='ltr'>πεισμοσύνην</span> <span class='ocrx_word' id='word_1_208' title='bbox 3646 1781 3752 1833; x_wconf 82' lang='grc' dir='ltr'><strong>τῶν</strong></span> <span class='ocrx_word' id='word_1_209' title='bbox 3774 1783 3886 1835; x_wconf 77' lang='grc' dir='ltr'><strong>ἁκε-</strong></span> 
     </span>
    </p>
   </div>
   <div class='ocr_carea' id='block_1_34' title="bbox 602 1869 2197 1950">
    <p class='ocr_par' dir='ltr' id='par_1_34' title="bbox 602 1874 2197 1950">
     <span class='ocr_line' id='line_1_34' title="bbox 602 1874 2197 1950; baseline -0.003 -15"><span class='ocrx_word' id='word_1_210' title='bbox 602 1881 989 1950; x_wconf 87' lang='lat' dir='ltr'><strong>eonjuratione</strong></span> <span class='ocrx_word' id='word_1_211' title='bbox 1057 1879 1202 1933; x_wconf 85' lang='lat' dir='ltr'><strong>facta</strong></span> <span class='ocrx_word' id='word_1_212' title='bbox 1282 1892 1409 1931; x_wconf 90' lang='lat' dir='ltr'><strong>cum</strong></span> <span class='ocrx_word' id='word_1_213' title='bbox 1495 1874 1829 1945; x_wconf 89' lang='lat' dir='ltr'><strong>quibusdam</strong></span> <span class='ocrx_word' id='word_1_214' title='bbox 1911 1876 2197 1930; x_wconf 76' lang='lat' dir='ltr'><strong>malevolis</strong></span> 
     </span>
    </p>
   </div>
   <div class='ocr_carea' id='block_1_35' title="bbox 2302 1869 3879 1950">
    <p class='ocr_par' dir='ltr' id='par_1_35' title="bbox 2309 1869 3879 1940">
     <span class='ocr_line' id='line_1_35' title="bbox 2309 1869 3879 1940; baseline 0.002 -19"><span class='ocrx_word' id='word_1_215' title='bbox 2309 1869 2478 1939; x_wconf 86' lang='grc' dir='ltr'>ραίων</span> <span class='ocrx_word' id='word_1_216' title='bbox 2499 1871 2594 1922; x_wconf 85' lang='grc' dir='ltr'>καὶ</span> <span class='ocrx_word' id='word_1_217' title='bbox 2637 1869 2956 1940; x_wconf 79' lang='grc' dir='ltr'>ἀπολογίαν,</span> <span class='ocrx_word' id='word_1_218' title='bbox 2991 1872 3118 1934; x_wconf 78' lang='grc' dir='ltr'>τοὺς</span> <span class='ocrx_word' id='word_1_219' title='bbox 3158 1870 3628 1933; x_wconf 71' lang='grc' dir='ltr'>ὲπισυνεὶθόντας</span> <span class='ocrx_word' id='word_1_220' title='bbox 3659 1873 3786 1940; x_wconf 79' lang='grc' dir='ltr'>ἡμῖν</span> <span class='ocrx_word' id='word_1_221' title='bbox 3812 1871 3879 1940; x_wconf 89' lang='lat'><strong>(8)</strong></span> 
     </span>
    </p>
   </div>
   <div class='ocr_carea' id='block_1_36' title="bbox 606 1963 2200 2037">
    <p class='ocr_par' dir='ltr' id='par_1_36' title="bbox 606 1963 2200 2037">
     <span class='ocr_line' id='line_1_36' title="bbox 606 1963 2200 2037; baseline -0.004 -15"><span class='ocrx_word' id='word_1_222' title='bbox 606 1968 932 2023; x_wconf 86' lang='lat' dir='ltr'><strong>hominibus</strong></span> <span class='ocrx_word' id='word_1_223' title='bbox 963 1967 1155 2037; x_wconf 88' lang='lat' dir='ltr'><strong>quiab</strong></span> <span class='ocrx_word' id='word_1_224' title='bbox 1197 1963 1445 2020; x_wconf 83' lang='lat' dir='ltr'><strong>Ecclesia</strong></span> <span class='ocrx_word' id='word_1_225' title='bbox 1509 1973 1884 2028; x_wconf 89' lang='lat' dir='ltr'><strong>recesserunt,</strong></span> <span class='ocrx_word' id='word_1_226' title='bbox 1933 1963 2200 2033; x_wconf 85' lang='lat' dir='ltr'><strong>populum</strong></span> 
     </span>
    </p>
   </div>
   <div class='ocr_carea' id='block_1_37' title="bbox 604 2055 2205 2126">
    <p class='ocr_par' dir='ltr' id='par_1_37' title="bbox 604 2055 2205 2126">
     <span class='ocr_line' id='line_1_37' title="bbox 604 2055 2205 2126; baseline -0.004 -11"><span class='ocrx_word' id='word_1_227' title='bbox 604 2077 795 2116; x_wconf 86' lang='lat' dir='ltr'><strong>secum</strong></span> <span class='ocrx_word' id='word_1_228' title='bbox 848 2060 1090 2114; x_wconf 85' lang='lat' dir='ltr'><strong>avellere</strong></span> <span class='ocrx_word' id='word_1_229' title='bbox 1147 2068 1442 2113; x_wconf 86' lang='lat' dir='ltr'><strong>conantur.</strong></span> <span class='ocrx_word' id='word_1_230' title='bbox 1507 2057 1578 2112; x_wconf 80' lang='lat' dir='ltr'><strong>At</strong></span> <span class='ocrx_word' id='word_1_231' title='bbox 1632 2072 1734 2111; x_wconf 87' lang='lat' dir='ltr'><strong>nos</strong></span> <span class='ocrx_word' id='word_1_232' title='bbox 1783 2055 2205 2126; x_wconf 86' lang='lat' dir='ltr'><strong>precationibus</strong></span> 
     </span>
    </p>
   </div>
   <div class='ocr_carea' id='block_1_38' title="bbox 603 2146 2204 2223">
    <p class='ocr_par' dir='ltr' id='par_1_38' title="bbox 603 2146 2204 2223">
     <span class='ocr_line' id='line_1_38' title="bbox 603 2146 2204 2223; baseline -0.005 -14"><span class='ocrx_word' id='word_1_233' title='bbox 603 2154 808 2209; x_wconf 88' lang='lat' dir='ltr'><strong>vestris</strong></span> <span class='ocrx_word' id='word_1_234' title='bbox 851 2153 1051 2223; x_wconf 80' lang='lat' dir='ltr'><strong>adjuti,</strong></span> <span class='ocrx_word' id='word_1_235' title='bbox 1105 2151 1376 2205; x_wconf 89' lang='lat' dir='ltr'><strong>rationem</strong></span> <span class='ocrx_word' id='word_1_236' title='bbox 1433 2148 1872 2220; x_wconf 77' lang='lat' dir='ltr'><strong>excogitavimus</strong></span> <span class='ocrx_word' id='word_1_237' title='bbox 1907 2162 2036 2216; x_wconf 67' lang='lat' dir='ltr'><strong>quae</strong></span> <span class='ocrx_word' id='word_1_238' title='bbox 2072 2146 2204 2201; x_wconf 90' lang='lat' dir='ltr'><strong>huic</strong></span> 
     </span>
    </p>
   </div>
   <div class='ocr_carea' id='block_1_39' title="bbox 606 2239 2202 2309">
    <p class='ocr_par' dir='ltr' id='par_1_39' title="bbox 606 2239 2202 2309">
     <span class='ocr_line' id='line_1_39' title="bbox 606 2239 2202 2309; baseline -0.005 -10"><span class='ocrx_word' id='word_1_239' title='bbox 606 2247 754 2300; x_wconf 87' lang='lat' dir='ltr'><strong>malo</strong></span> <span class='ocrx_word' id='word_1_240' title='bbox 821 2245 1176 2309; x_wconf 87' lang='lat' dir='ltr'><strong>mederetur;</strong></span> <span class='ocrx_word' id='word_1_241' title='bbox 1242 2257 1346 2297; x_wconf 90' lang='lat' dir='ltr'><strong>nec</strong></span> <span class='ocrx_word' id='word_1_242' title='bbox 1402 2250 1647 2296; x_wconf 89' lang='lat' dir='ltr'><strong>sanctam</strong></span> <span class='ocrx_word' id='word_1_243' title='bbox 1694 2239 2202 2296; x_wconf 83' lang='lat' dir='ltr'><strong>Chalcedonensem</strong></span> 
     </span>
    </p>
   </div>
   <div class='ocr_carea' id='block_1_40' title="bbox 602 2332 2195 2410">
    <p class='ocr_par' dir='ltr' id='par_1_40' title="bbox 602 2332 2195 2410">
     <span class='ocr_line' id='line_1_40' title="bbox 602 2332 2195 2410; baseline -0.006 -17"><span class='ocrx_word' id='word_1_244' title='bbox 602 2339 876 2410; x_wconf 87' lang='lat' dir='ltr'><strong>synodum</strong></span> <span class='ocrx_word' id='word_1_245' title='bbox 901 2339 1180 2392; x_wconf 82' lang='lat' dir='ltr'><strong>ullatenus</strong></span> <span class='ocrx_word' id='word_1_246' title='bbox 1199 2336 1507 2390; x_wconf 83' lang='lat' dir='ltr'><strong>oll‘endcret</strong></span> <span class='ocrx_word' id='word_1_247' title='bbox 1528 2353 1542 2400; x_wconf 90' lang='lat'>;</span> <span class='ocrx_word' id='word_1_248' title='bbox 1562 2335 1767 2404; x_wconf 87' lang='lat' dir='ltr'><strong>quippe</strong></span> <span class='ocrx_word' id='word_1_249' title='bbox 1797 2332 1891 2403; x_wconf 87' lang='lat' dir='ltr'><strong>qui</strong></span> <span class='ocrx_word' id='word_1_250' title='bbox 1930 2332 2195 2396; x_wconf 86' lang='lat' dir='ltr'><strong>sciamus,</strong></span> 
     </span>
    </p>
   </div>
   <div class='ocr_carea' id='block_1_41' title="bbox 602 2421 2182 2500">
    <p class='ocr_par' dir='ltr' id='par_1_41' title="bbox 602 2421 2182 2500">
     <span class='ocr_line' id='line_1_41' title="bbox 602 2421 2182 2500; baseline -0.007 -14"><span class='ocrx_word' id='word_1_251' title='bbox 602 2431 741 2486; x_wconf 79' lang='lat' dir='ltr'><strong>nihil</strong></span> <span class='ocrx_word' id='word_1_252' title='bbox 769 2432 826 2486; x_wconf 93' lang='lat' dir='ltr'><strong>in</strong></span> <span class='ocrx_word' id='word_1_253' title='bbox 861 2447 926 2486; x_wconf 89' lang='lat' dir='ltr'><strong>ca</strong></span> <span class='ocrx_word' id='word_1_254' title='bbox 951 2429 1079 2485; x_wconf 85' lang='lat' dir='ltr'><strong>novi</strong></span> <span class='ocrx_word' id='word_1_255' title='bbox 1114 2438 1328 2500; x_wconf 80' lang='lat' dir='ltr'><strong>gestum</strong></span> <span class='ocrx_word' id='word_1_256' title='bbox 1356 2443 1501 2483; x_wconf 87' lang='lat' dir='ltr'><strong>esse.</strong></span> <span class='ocrx_word' id='word_1_257' title='bbox 1547 2428 1726 2496; x_wconf 86' lang='lat' dir='ltr'><strong>Atque</strong></span> <span class='ocrx_word' id='word_1_258' title='bbox 1763 2435 1823 2478; x_wconf 89' lang='lat' dir='ltr'><strong>ut</strong></span> <span class='ocrx_word' id='word_1_259' title='bbox 1880 2421 2182 2493; x_wconf 88' lang='lat' dir='ltr'><strong>persuade—</strong></span> 
     </span>
    </p>
   </div>
   <div class='ocr_carea' id='block_1_42' title="bbox 2303 1959 3884 2041">
    <p class='ocr_par' dir='ltr' id='par_1_42' title="bbox 2303 1959 3884 2041">
     <span class='ocr_line' id='line_1_42' title="bbox 2303 1959 3884 2041; baseline 0.001 -29"><span class='ocrx_word' id='word_1_260' title='bbox 2303 1959 2460 2013; x_wconf 79' lang='grc' dir='ltr'>τοῠτο</span> <span class='ocrx_word' id='word_1_261' title='bbox 2489 1960 2669 2030; x_wconf 81' lang='grc' dir='ltr'>λέγειν</span> <span class='ocrx_word' id='word_1_262' title='bbox 2714 1963 3119 2041; x_wconf 83' lang='grc' dir='ltr'>πεποιήκαμεν.</span> <span class='ocrx_word' id='word_1_263' title='bbox 3155 1962 3266 2016; x_wconf 90' lang='lat' dir='ltr'><strong>Kal</strong></span> <span class='ocrx_word' id='word_1_264' title='bbox 3295 1961 3461 2015; x_wconf 76' lang='grc' dir='ltr'>τοῦτο</span> <span class='ocrx_word' id='word_1_265' title='bbox 3487 1961 3590 2032; x_wconf 73' lang='grc' dir='ltr'>μὲν</span> <span class='ocrx_word' id='word_1_266' title='bbox 3623 1962 3698 2032; x_wconf 86' lang='grc'><strong>(9)</strong></span> <span class='ocrx_word' id='word_1_267' title='bbox 3735 1962 3884 2024; x_wconf 78' lang='grc' dir='ltr'>πολὺς</span> 
     </span>
    </p>
   </div>
   <div class='ocr_carea' id='block_1_43' title="bbox 2303 2053 3880 2125">
    <p class='ocr_par' dir='ltr' id='par_1_43' title="bbox 2303 2053 3880 2125">
     <span class='ocr_line' id='line_1_43' title="bbox 2303 2053 3880 2125; baseline 0.003 -22"><span class='ocrx_word' id='word_1_268' title='bbox 2303 2053 2614 2122; x_wconf 77' lang='grc' dir='ltr'>γενόμενος,</span> <span class='ocrx_word' id='word_1_269' title='bbox 2647 2055 2859 2124; x_wconf 81' lang='grc' dir='ltr'>ταχέως</span> <span class='ocrx_word' id='word_1_270' title='bbox 2903 2053 3176 2108; x_wconf 82' lang='grc' dir='ltr'><strong>ἐκώλυσα.</strong></span> <span class='ocrx_word' id='word_1_271' title='bbox 3217 2055 3256 2106; x_wconf 90' lang='grc' dir='ltr'><strong><em>Γ</em></strong></span> <span class='ocrx_word' id='word_1_272' title='bbox 3260 2055 3484 2124; x_wconf 82' lang='grc' dir='ltr'>νωρίζω</span> <span class='ocrx_word' id='word_1_273' title='bbox 3533 2053 3592 2107; x_wconf 83' lang='grc' dir='ltr'><strong>δὲ</strong></span> <span class='ocrx_word' id='word_1_274' title='bbox 3633 2056 3698 2125; x_wconf 78' lang='grc' dir='ltr'>τῇ</span> <span class='ocrx_word' id='word_1_275' title='bbox 3744 2054 3880 2124; x_wconf 63' lang='grc' dir='ltr'><strong>ὑμῶν</strong></span> 
     </span>
    </p>
   </div>
   <div class='ocr_carea' id='block_1_44' title="bbox 2303 2145 3880 2218">
    <p class='ocr_par' dir='ltr' id='par_1_44' title="bbox 2303 2145 3880 2218">
     <span class='ocr_line' id='line_1_44' title="bbox 2303 2145 3880 2218; baseline 0.001 -20"><span class='ocrx_word' id='word_1_276' title='bbox 2303 2145 2606 2218; x_wconf 77' lang='grc' dir='ltr'><strong>ἁγιωσύνῃ,</strong></span> <span class='ocrx_word' id='word_1_277' title='bbox 2632 2147 2706 2210; x_wconf 83' lang='grc' dir='ltr'><strong>ὡς</strong></span> <span class='ocrx_word' id='word_1_278' title='bbox 2729 2148 2820 2200; x_wconf 68' lang='grc' dir='ltr'>καὶ</span> <span class='ocrx_word' id='word_1_279' title='bbox 2847 2147 3010 2218; x_wconf 78' lang='grc' dir='ltr'>μέχρι</span> <span class='ocrx_word' id='word_1_280' title='bbox 3038 2146 3132 2199; x_wconf 77' lang='grc' dir='ltr'>νῦν</span> <span class='ocrx_word' id='word_1_281' title='bbox 3157 2147 3219 2200; x_wconf 85' lang='grc' dir='ltr'><strong>ού</strong></span> <span class='ocrx_word' id='word_1_282' title='bbox 3247 2147 3518 2200; x_wconf 81' lang='grc' dir='ltr'>παύονται</span> <span class='ocrx_word' id='word_1_283' title='bbox 3544 2146 3596 2200; x_wconf 84' lang='grc' dir='ltr'>οἱ</span> <span class='ocrx_word' id='word_1_284' title='bbox 3639 2146 3708 2198; x_wconf 69' lang='grc' dir='ltr'>τᾶ</span> <span class='ocrx_word' id='word_1_285' title='bbox 3743 2145 3880 2209; x_wconf 80' lang='grc' dir='ltr'><strong>ζιζά-</strong></span> 
     </span>
    </p>
   </div>
   <div class='ocr_carea' id='block_1_45' title="bbox 2305 2237 3879 2313">
    <p class='ocr_par' dir='ltr' id='par_1_45' title="bbox 2305 2237 3879 2313">
     <span class='ocr_line' id='line_1_45' title="bbox 2305 2237 3879 2313; baseline -0.001 -23"><span class='ocrx_word' id='word_1_286' title='bbox 2305 2255 2395 2290; x_wconf 83' lang='grc' dir='ltr'><strong>νια</strong></span> <span class='ocrx_word' id='word_1_287' title='bbox 2424 2240 2747 2309; x_wconf 80' lang='grc' dir='ltr'>σπείροντες</span> <span class='ocrx_word' id='word_1_288' title='bbox 2786 2239 2872 2292; x_wconf 74' lang='grc' dir='ltr'>ἀεὶ</span> <span class='ocrx_word' id='word_1_289' title='bbox 2900 2237 3249 2310; x_wconf 79' lang='grc' dir='ltr'>μονάζοντες,</span> <span class='ocrx_word' id='word_1_290' title='bbox 3273 2238 3488 2313; x_wconf 80' lang='grc' dir='ltr'>ὄργανα</span> <span class='ocrx_word' id='word_1_291' title='bbox 3511 2239 3719 2300; x_wconf 78' lang='grc' dir='ltr'>ἑαυτοῖς</span> <span class='ocrx_word' id='word_1_292' title='bbox 3741 2239 3879 2306; x_wconf 73' lang='grc' dir='ltr'>ἐγκα-</span> 
     </span>
    </p>
   </div>
   <div class='ocr_carea' id='block_1_46' title="bbox 2306 2331 3877 2402">
    <p class='ocr_par' dir='ltr' id='par_1_46' title="bbox 2306 2331 3877 2402">
     <span class='ocr_line' id='line_1_46' title="bbox 2306 2331 3877 2402; baseline 0 -20"><span class='ocrx_word' id='word_1_293' title='bbox 2306 2331 2638 2399; x_wconf 78' lang='grc' dir='ltr'>ταμίξαντὲς</span> <span class='ocrx_word' id='word_1_294' title='bbox 2684 2350 2850 2384; x_wconf 89' lang='grc' dir='ltr'>τινων</span> <span class='ocrx_word' id='word_1_295' title='bbox 2898 2332 3278 2402; x_wconf 84' lang='grc' dir='ltr'>μοναστηρίων</span> <span class='ocrx_word' id='word_1_296' title='bbox 3304 2331 3418 2402; x_wconf 78' lang='grc'><strong>(10)</strong></span> <span class='ocrx_word' id='word_1_297' title='bbox 3457 2332 3595 2384; x_wconf 81' lang='grc' dir='ltr'>ποτὲ</span> <span class='ocrx_word' id='word_1_298' title='bbox 3644 2331 3716 2401; x_wconf 84' lang='grc' dir='ltr'><strong>μὴ</strong></span> <span class='ocrx_word' id='word_1_299' title='bbox 3743 2332 3877 2400; x_wconf 76' lang='grc' dir='ltr'><strong>οἰκη-</strong></span> 
     </span>
    </p>
   </div>
   <div class='ocr_carea' id='block_1_47' title="bbox 2294 2423 3872 2497">
    <p class='ocr_par' dir='ltr' id='par_1_47' title="bbox 2294 2423 3872 2497">
     <span class='ocr_line' id='line_1_47' title="bbox 2294 2423 3872 2497; baseline 0.001 -22"><span class='ocrx_word' id='word_1_300' title='bbox 2294 2423 2524 2488; x_wconf 82' lang='grc' dir='ltr'>σάντων,</span> <span class='ocrx_word' id='word_1_301' title='bbox 2567 2426 2663 2478; x_wconf 75' lang='grc' dir='ltr'>καὶ</span> <span class='ocrx_word' id='word_1_302' title='bbox 2698 2425 3082 2497; x_wconf 80' lang='grc' dir='ltr'>περιέρχονται</span> <span class='ocrx_word' id='word_1_303' title='bbox 3121 2425 3312 2495; x_wconf 78' lang='grc' dir='ltr'><strong>φήμας</strong></span> <span class='ocrx_word' id='word_1_304' title='bbox 3359 2423 3685 2496; x_wconf 79' lang='grc' dir='ltr'>θρυλοῦντες</span> <span class='ocrx_word' id='word_1_305' title='bbox 3712 2423 3872 2492; x_wconf 65' lang='grc' dir='ltr'><strong>διαφόι</strong></span> 
     </span>
    </p>
   </div>
   <div class='ocr_carea' id='block_1_48' title="bbox 1795 2563 2703 2622">
    <p class='ocr_par' dir='ltr' id='par_1_48' title="bbox 1795 2563 2703 2622">
     <span class='ocr_line' id='line_1_48' title="bbox 1795 2563 2703 2622; baseline 0.002 -2"><span class='ocrx_word' id='word_1_306' title='bbox 1795 2565 2072 2621; x_wconf 76' lang='lat' dir='ltr'><strong>VALESlI</strong></span> <span class='ocrx_word' id='word_1_307' title='bbox 2145 2563 2703 2622; x_wconf 72' lang='lat' dir='ltr'><strong>ANNO&#39;I‘ATIONES.</strong></span> 
     </span>
    </p>
   </div>
   <div class='ocr_carea' id='block_1_49' title="bbox 604 2679 2191 2754">
    <p class='ocr_par' dir='ltr' id='par_1_49' title="bbox 604 2679 2191 2754">
     <span class='ocr_line' id='line_1_49' title="bbox 604 2679 2191 2754; baseline -0.006 -11"><span class='ocrx_word' id='word_1_308' title='bbox 604 2690 728 2743; x_wconf 85' lang='lat' dir='ltr'><strong>dem</strong></span> <span class='ocrx_word' id='word_1_309' title='bbox 760 2688 868 2742; x_wconf 89' lang='lat' dir='ltr'><strong>sibi</strong></span> <span class='ocrx_word' id='word_1_310' title='bbox 911 2687 1048 2744; x_wconf 83' lang='lat' dir='ltr'><strong>dicit</strong></span> <span class='ocrx_word' id='word_1_311' title='bbox 1080 2688 1186 2742; x_wconf 92' lang='lat' dir='ltr'><strong>hoc</strong></span> <span class='ocrx_word' id='word_1_312' title='bbox 1217 2687 1428 2741; x_wconf 83' lang='lat' dir='ltr'><strong>crimen</strong></span> <span class='ocrx_word' id='word_1_313' title='bbox 1461 2684 1707 2754; x_wconf 78' lang='lat' dir='ltr'><strong>Mongus,</strong></span> <span class='ocrx_word' id='word_1_314' title='bbox 1751 2681 1897 2752; x_wconf 92' lang='lat' dir='ltr'><strong>quod</strong></span> <span class='ocrx_word' id='word_1_315' title='bbox 1930 2679 2191 2754; x_wconf 87' lang='lat' dir='ltr'><strong>reliquias</strong></span> 
     </span>
    </p>
   </div>
   <div class='ocr_carea' id='block_1_50' title="bbox 604 2753 2187 2813">
    <p class='ocr_par' dir='ltr' id='par_1_50' title="bbox 604 2753 2187 2813">
     <span class='ocr_line' id='line_1_50' title="bbox 604 2753 2187 2813; baseline -0.006 0"><span class='ocrx_word' id='word_1_316' title='bbox 604 2759 880 2813; x_wconf 86' lang='lat' dir='ltr'><strong>Timothei</strong></span> <span class='ocrx_word' id='word_1_317' title='bbox 927 2757 1240 2812; x_wconf 83' lang='lat' dir='ltr'><strong>Salofaeioli</strong></span> <span class='ocrx_word' id='word_1_318' title='bbox 1274 2757 1328 2811; x_wconf 92' lang='lat' dir='ltr'><strong>in</strong></span> <span class='ocrx_word' id='word_1_319' title='bbox 1357 2757 1526 2810; x_wconf 91' lang='lat' dir='ltr'><strong>alium</strong></span> <span class='ocrx_word' id='word_1_320' title='bbox 1581 2753 1761 2808; x_wconf 85' lang='lat' dir='ltr'><strong>locum</strong></span> <span class='ocrx_word' id='word_1_321' title='bbox 1794 2753 2187 2807; x_wconf 85' lang='lat' dir='ltr'><strong>transtulisset.</strong></span> 
     </span>
    </p>
   </div>
   <div class='ocr_carea' id='block_1_51' title="bbox 604 2821 2189 2894">
    <p class='ocr_par' dir='ltr' id='par_1_51' title="bbox 604 2821 2189 2894">
     <span class='ocr_line' id='line_1_51' title="bbox 604 2821 2189 2894; baseline -0.006 -10"><span class='ocrx_word' id='word_1_322' title='bbox 604 2830 710 2886; x_wconf 87' lang='lat' dir='ltr'><strong>Sed</strong></span> <span class='ocrx_word' id='word_1_323' title='bbox 745 2831 796 2883; x_wconf 94' lang='lat' dir='ltr'><strong>id</strong></span> <span class='ocrx_word' id='word_1_324' title='bbox 831 2832 1035 2883; x_wconf 86' lang='lat' dir='ltr'><strong>factum</strong></span> <span class='ocrx_word' id='word_1_325' title='bbox 1069 2844 1170 2882; x_wconf 80' lang='lat' dir='ltr'><strong>nec</strong></span> <span class='ocrx_word' id='word_1_326' title='bbox 1213 2835 1460 2890; x_wconf 82' lang='lat' dir='ltr'><strong>excusat,</strong></span> <span class='ocrx_word' id='word_1_327' title='bbox 1494 2841 1598 2880; x_wconf 89' lang='lat' dir='ltr'><strong>nec</strong></span> <span class='ocrx_word' id='word_1_328' title='bbox 1634 2834 1825 2894; x_wconf 81' lang='lat' dir='ltr'><strong>negat;</strong></span> <span class='ocrx_word' id='word_1_329' title='bbox 1862 2824 1968 2876; x_wconf 93' lang='lat' dir='ltr'><strong>hoe</strong></span> <span class='ocrx_word' id='word_1_330' title='bbox 2011 2821 2189 2876; x_wconf 89' lang='lat' dir='ltr'><strong>solum</strong></span> 
     </span>
    </p>
   </div>
   <div class='ocr_carea' id='block_1_52' title="bbox 603 2895 2188 2958">
    <p class='ocr_par' dir='ltr' id='par_1_52' title="bbox 603 2895 2188 2958">
     <span class='ocr_line' id='line_1_52' title="bbox 603 2895 2188 2958; baseline -0.006 -5"><span class='ocrx_word' id='word_1_331' title='bbox 603 2900 788 2955; x_wconf 88' lang='lat' dir='ltr'><strong>dicere</strong></span> <span class='ocrx_word' id='word_1_332' title='bbox 823 2909 1133 2958; x_wconf 84' lang='lat' dir='ltr'><strong>contentus,</strong></span> <span class='ocrx_word' id='word_1_333' title='bbox 1171 2899 1316 2952; x_wconf 88' lang='lat' dir='ltr'><strong>istud</strong></span> <span class='ocrx_word' id='word_1_334' title='bbox 1341 2897 1552 2950; x_wconf 80' lang='lat' dir='ltr'><strong>facinus</strong></span> <span class='ocrx_word' id='word_1_335' title='bbox 1572 2911 1757 2950; x_wconf 89' lang='lat' dir='ltr'><strong>coram</strong></span> <span class='ocrx_word' id='word_1_336' title='bbox 1790 2895 1900 2948; x_wconf 89' lang='lat' dir='ltr'><strong>Deo</strong></span> <span class='ocrx_word' id='word_1_337' title='bbox 1924 2901 1980 2946; x_wconf 91' lang='lat' dir='ltr'><strong>et</strong></span> <span class='ocrx_word' id='word_1_338' title='bbox 2004 2907 2188 2946; x_wconf 84' lang='lat' dir='ltr'><strong>coram</strong></span> 
     </span>
    </p>
   </div>
   <div class='ocr_carea' id='block_1_53' title="bbox 604 2963 2191 3038">
    <p class='ocr_par' dir='ltr' id='par_1_53' title="bbox 604 2963 2191 3038">
     <span class='ocr_line' id='line_1_53' title="bbox 604 2963 2191 3038; baseline -0.004 -14"><span class='ocrx_word' id='word_1_339' title='bbox 604 2971 926 3025; x_wconf 90' lang='lat' dir='ltr'><strong>hominibus</strong></span> <span class='ocrx_word' id='word_1_340' title='bbox 982 2971 1211 3038; x_wconf 88' lang='lat' dir='ltr'><strong>impium</strong></span> <span class='ocrx_word' id='word_1_341' title='bbox 1260 2983 1401 3023; x_wconf 87' lang='lat' dir='ltr'><strong>esse.</strong></span> <span class='ocrx_word' id='word_1_342' title='bbox 1458 2966 1671 3038; x_wconf 82' lang='lat' dir='ltr'><strong>Quippe</strong></span> <span class='ocrx_word' id='word_1_343' title='bbox 1727 2965 1978 3038; x_wconf 75' lang='lat' dir='ltr'><strong>humana:</strong></span> <span class='ocrx_word' id='word_1_344' title='bbox 2039 2963 2191 3038; x_wconf 64' lang='lat' dir='ltr'><strong>leges</strong></span> 
     </span>
    </p>
   </div>
   <div class='ocr_carea' id='block_1_54' title="bbox 603 3032 2192 3110">
    <p class='ocr_par' dir='ltr' id='par_1_54' title="bbox 603 3032 2192 3110">
     <span class='ocr_line' id='line_1_54' title="bbox 603 3032 2192 3110; baseline -0.006 -14"><span class='ocrx_word' id='word_1_345' title='bbox 603 3042 984 3110; x_wconf 78' lang='lat' dir='ltr'><strong>sepulcrorum</strong></span> <span class='ocrx_word' id='word_1_346' title='bbox 1043 3032 1345 3110; x_wconf 71' lang='lat' dir='ltr'><strong>violatores</strong></span> <span class='ocrx_word' id='word_1_347' title='bbox 1409 3032 1963 3110; x_wconf 73' lang='lat' dir='ltr'><strong>gravi_iér__punir_1nt.</strong></span> <span class='ocrx_word' id='word_1_348' title='bbox 2028 3032 2192 3110; x_wconf 64' lang='lat' dir='ltr'><strong>Certe</strong></span> 
     </span>
    </p>
   </div>
   <div class='ocr_carea' id='block_1_55' title="bbox 603 3103 2188 3176">
    <p class='ocr_par' dir='ltr' id='par_1_55' title="bbox 603 3103 2188 3176">
     <span class='ocr_line' id='line_1_55' title="bbox 603 3103 2188 3176; baseline -0.006 -10"><span class='ocrx_word' id='word_1_349' title='bbox 603 3103 794 3166; x_wconf 75' lang='lat' dir='ltr'><strong>Victor</strong></span> <span class='ocrx_word' id='word_1_350' title='bbox 811 3111 1166 3164; x_wconf 89' lang='lat' dir='ltr'><strong>Tunonensis</strong></span> <span class='ocrx_word' id='word_1_351' title='bbox 1190 3110 1242 3162; x_wconf 92' lang='lat' dir='ltr'><strong>in</strong></span> <span class='ocrx_word' id='word_1_352' title='bbox 1268 3103 1524 3162; x_wconf 70' lang='lat' dir='ltr'><strong>Chronico</strong></span> <span class='ocrx_word' id='word_1_353' title='bbox 1548 3107 1616 3160; x_wconf 90' lang='lat' dir='ltr'><strong>de</strong></span> <span class='ocrx_word' id='word_1_354' title='bbox 1639 3103 1834 3176; x_wconf 79' lang='lat' dir='ltr'><strong>Mongo</strong></span> <span class='ocrx_word' id='word_1_355' title='bbox 1856 3105 1931 3176; x_wconf 88' lang='lat' dir='ltr'><strong>ita</strong></span> <span class='ocrx_word' id='word_1_356' title='bbox 1962 3103 2188 3176; x_wconf 78' lang='lat' dir='ltr'><strong>scribit:</strong></span> 
     </span>
    </p>
   </div>
   <div class='ocr_carea' id='block_1_56' title="bbox 612 3174 2191 3246">
    <p class='ocr_par' dir='ltr' id='par_1_56' title="bbox 612 3174 2191 3246">
     <span class='ocr_line' id='line_1_56' title="bbox 612 3174 2191 3246; baseline -0.003 -14"><span class='ocrx_word' id='word_1_357' title='bbox 612 3201 630 3232; x_wconf 74' lang='grc' dir='ltr'><strong>ι</strong></span> <span class='ocrx_word' id='word_1_358' title='bbox 670 3183 798 3236; x_wconf 83' lang='lat' dir='ltr'><strong>Post</strong></span> <span class='ocrx_word' id='word_1_359' title='bbox 820 3182 1167 3236; x_wconf 90' lang='lat' dir='ltr'><strong>consulatum</strong></span> <span class='ocrx_word' id='word_1_360' title='bbox 1207 3179 1446 3233; x_wconf 85' lang='lat' dir='ltr'><strong>Zenonis</strong></span> <span class='ocrx_word' id='word_1_361' title='bbox 1482 3178 1727 3237; x_wconf 85' lang='lat' dir='ltr'><strong>tertium,</strong></span> <span class='ocrx_word' id='word_1_362' title='bbox 1771 3174 1865 3246; x_wconf 85' lang='lat' dir='ltr'><strong>qui</strong></span> <span class='ocrx_word' id='word_1_363' title='bbox 1900 3174 2191 3246; x_wconf 85' lang='lat' dir='ltr'><strong>confestim</strong></span> 
     </span>
    </p>
   </div>
   <div class='ocr_carea' id='block_1_57' title="bbox 605 3245 2194 3321">
    <p class='ocr_par' dir='ltr' id='par_1_57' title="bbox 605 3245 2194 3321">
     <span class='ocr_line' id='line_1_57' title="bbox 605 3245 2194 3321; baseline -0.005 -15"><span class='ocrx_word' id='word_1_364' title='bbox 605 3253 794 3306; x_wconf 80' lang='lat' dir='ltr'><strong>favore</strong></span> <span class='ocrx_word' id='word_1_365' title='bbox 821 3252 1060 3306; x_wconf 90' lang='lat' dir='ltr'><strong>Zenonis</strong></span> <span class='ocrx_word' id='word_1_366' title='bbox 1077 3251 1364 3320; x_wconf 89' lang='lat' dir='ltr'><strong>principis,</strong></span> <span class='ocrx_word' id='word_1_367' title='bbox 1389 3248 1660 3321; x_wconf 87' lang='lat' dir='ltr'><strong>synodum</strong></span> <span class='ocrx_word' id='word_1_368' title='bbox 1687 3245 2194 3321; x_wconf 64' lang='lat' dir='ltr'><strong>glialcedonensem</strong></span> 
     </span>
    </p>
   </div>
   <div class='ocr_carea' id='block_1_58' title="bbox 605 3315 2196 3392">
    <p class='ocr_par' dir='ltr' id='par_1_58' title="bbox 605 3315 2196 3392">
     <span class='ocr_line' id='line_1_58' title="bbox 605 3315 2196 3392; baseline -0.004 -15"><span class='ocrx_word' id='word_1_369' title='bbox 605 3323 690 3377; x_wconf 86' lang='lat' dir='ltr'><strong>de-</strong></span> <span class='ocrx_word' id='word_1_370' title='bbox 717 3323 930 3392; x_wconf 89' lang='lat' dir='ltr'><strong>pulpito</strong></span> <span class='ocrx_word' id='word_1_371' title='bbox 954 3315 1397 3392; x_wconf 48' lang='lat' dir='ltr'><strong>cora—Inpopulis</strong></span> <span class='ocrx_word' id='word_1_372' title='bbox 1417 3315 2196 3392; x_wconf 47' lang='lat' dir='ltr'><strong>damnat.Nominai’roterii</strong></span> 
     </span>
    </p>
   </div>
   <div class='ocr_carea' id='block_1_59' title="bbox 573 3386 2199 3457">
    <p class='ocr_par' dir='ltr' id='par_1_59' title="bbox 573 3386 2199 3457">
     <span class='ocr_line' id='line_1_59' title="bbox 573 3386 2199 3457; baseline -0.004 -10"><span class='ocrx_word' id='word_1_373' title='bbox 573 3403 663 3448; x_wconf 65' lang='lat' dir='ltr'><strong>-et</strong></span> <span class='ocrx_word' id='word_1_374' title='bbox 697 3386 975 3447; x_wconf 73' lang='lat' dir='ltr'><strong>Timothei</strong></span> <span class='ocrx_word' id='word_1_375' title='bbox 1013 3386 1336 3446; x_wconf 75' lang='lat' dir='ltr'><strong>Salafatiatii</strong></span> <span class='ocrx_word' id='word_1_376' title='bbox 1370 3391 1437 3445; x_wconf 92' lang='lat' dir='ltr'><strong>de</strong></span> <span class='ocrx_word' id='word_1_377' title='bbox 1479 3388 1874 3445; x_wconf 88' lang='lat' dir='ltr'><strong>ecclesiasticis</strong></span> <span class='ocrx_word' id='word_1_378' title='bbox 1919 3386 2199 3457; x_wconf 81' lang='lat' dir='ltr'><strong>diptychis</strong></span> 
     </span>
    </p>
   </div>
   <div class='ocr_carea' id='block_1_60' title="bbox 533 3458 2196 3530">
    <p class='ocr_par' dir='ltr' id='par_1_60' title="bbox 533 3458 2196 3530">
     <span class='ocr_line' id='line_1_60' title="bbox 533 3458 2196 3530; baseline -0.007 -7"><span class='ocrx_word' id='word_1_379' title='bbox 533 3518 538 3523; x_wconf 86' lang='lat'><strong>.</strong></span> <span class='ocrx_word' id='word_1_380' title='bbox 609 3464 781 3529; x_wconf 86' lang='lat' dir='ltr'><strong>tollit;</strong></span> <span class='ocrx_word' id='word_1_381' title='bbox 821 3472 879 3518; x_wconf 91' lang='lat' dir='ltr'><strong>et</strong></span> <span class='ocrx_word' id='word_1_382' title='bbox 919 3462 1165 3518; x_wconf 89' lang='lat' dir='ltr'><strong>Dioscori</strong></span> <span class='ocrx_word' id='word_1_383' title='bbox 1202 3471 1258 3517; x_wconf 91' lang='lat' dir='ltr'><strong>et</strong></span> <span class='ocrx_word' id='word_1_384' title='bbox 1292 3461 1492 3522; x_wconf 68' lang='lat' dir='ltr'><strong>AZIuri,</strong></span> <span class='ocrx_word' id='word_1_385' title='bbox 1539 3461 1633 3530; x_wconf 89' lang='lat' dir='ltr'><strong>qui</strong></span> <span class='ocrx_word' id='word_1_386' title='bbox 1681 3459 1990 3530; x_wconf 86' lang='lat' dir='ltr'><strong>Proterium</strong></span> <span class='ocrx_word' id='word_1_387' title='bbox 2019 3458 2196 3530; x_wconf 78' lang='lat' dir='ltr'><strong>inter-</strong></span> 
     </span>
    </p>
   </div>
   <div class='ocr_carea' id='block_1_61' title="bbox 605 3528 2197 3615">
    <p class='ocr_par' dir='ltr' id='par_1_61' title="bbox 605 3528 2197 3615">
     <span class='ocr_line' id='line_1_61' title="bbox 605 3528 2197 3615; baseline -0.003 -27"><span class='ocrx_word' id='word_1_388' title='bbox 605 3528 1046 3615; x_wconf 10' lang='lat' dir='ltr'><strong>feci_t,7.serib_it-:</strong></span> <span class='ocrx_word' id='word_1_389' title='bbox 1093 3549 1405 3615; x_wconf 74' lang='lat' dir='ltr'><strong>corpusque</strong></span> <span class='ocrx_word' id='word_1_390' title='bbox 1446 3528 2099 3615; x_wconf 38' lang='lat' dir='ltr'><strong>Tiniothci.Salafatiatii‘</strong></span> <span class='ocrx_word' id='word_1_391' title='bbox 2127 3528 2197 3584; x_wconf 90' lang='lat' dir='ltr'><strong>de</strong></span> 
     </span>
    </p>
   </div>
   <div class='ocr_carea' id='block_1_62' title="bbox 604 3599 2196 3677">
    <p class='ocr_par' dir='ltr' id='par_1_62' title="bbox 604 3599 2196 3677">
     <span class='ocr_line' id='line_1_62' title="bbox 604 3599 2196 3677; baseline -0.005 -17"><span class='ocrx_word' id='word_1_392' title='bbox 604 3605 838 3677; x_wconf 84' lang='lat' dir='ltr'><strong>ecclesia</strong></span> <span class='ocrx_word' id='word_1_393' title='bbox 887 3606 1137 3677; x_wconf 88' lang='lat' dir='ltr'><strong>ejiciens,</strong></span> <span class='ocrx_word' id='word_1_394' title='bbox 1191 3599 1246 3657; x_wconf 87' lang='lat' dir='ltr'><strong>in</strong></span> <span class='ocrx_word' id='word_1_395' title='bbox 1293 3599 1414 3658; x_wconf 81' lang='lat' dir='ltr'><strong>loco</strong></span> <span class='ocrx_word' id='word_1_396' title='bbox 1457 3601 1867 3677; x_wconf 27' lang='lat' dir='ltr'><strong>desertoAforas</strong></span> <span class='ocrx_word' id='word_1_397' title='bbox 1914 3599 2196 3677; x_wconf 57' lang='lat' dir='ltr'><strong>civitatem</strong></span> 
     </span>
    </p>
   </div>
   <div class='ocr_carea' id='block_1_63' title="bbox 606 3669 2197 3746">
    <p class='ocr_par' dir='ltr' id='par_1_63' title="bbox 606 3669 2197 3746">
     <span class='ocr_line' id='line_1_63' title="bbox 606 3669 2197 3746; baseline -0.003 -18"><span class='ocrx_word' id='word_1_398' title='bbox 606 3676 859 3746; x_wconf 86' lang='lat' dir='ltr'><strong>projecit.</strong></span> <span class='ocrx_word' id='word_1_399' title='bbox 895 3669 1092 3731; x_wconf 57' lang='lat' dir='ltr'><strong>{Idem</strong></span> <span class='ocrx_word' id='word_1_400' title='bbox 1128 3690 1354 3745; x_wconf 89' lang='lat' dir='ltr'><strong>quoque</strong></span> <span class='ocrx_word' id='word_1_401' title='bbox 1391 3681 1626 3746; x_wconf 67' lang='lat' dir='ltr'><strong>testatur</strong></span> <span class='ocrx_word' id='word_1_402' title='bbox 1652 3673 1946 3746; x_wconf 74' lang='lat' dir='ltr'><strong>Liberatus</strong></span> <span class='ocrx_word' id='word_1_403' title='bbox 1976 3671 2031 3746; x_wconf 82' lang='lat' dir='ltr'><strong>in</strong></span> <span class='ocrx_word' id='word_1_404' title='bbox 2062 3669 2197 3724; x_wconf 86' lang='lat' dir='ltr'><strong>Bre-</strong></span> 
     </span>
    </p>
   </div>
   <div class='ocr_carea' id='block_1_64' title="bbox 605 3742 2198 3816">
    <p class='ocr_par' dir='ltr' id='par_1_64' title="bbox 605 3742 2198 3816">
     <span class='ocr_line' id='line_1_64' title="bbox 605 3742 2198 3816; baseline -0.004 -16"><span class='ocrx_word' id='word_1_405' title='bbox 605 3742 798 3810; x_wconf 66' lang='lat' dir='ltr'><strong>i&#39;iario,</strong></span> <span class='ocrx_word' id='word_1_406' title='bbox 818 3763 939 3816; x_wconf 88' lang='lat' dir='ltr'><strong>cap.</strong></span> <span class='ocrx_word' id='word_1_407' title='bbox 971 3747 1055 3810; x_wconf 79' lang='grc'><strong>18,</strong></span> <span class='ocrx_word' id='word_1_408' title='bbox 1079 3742 1164 3799; x_wconf 81' lang='lat' dir='ltr'><strong>his</strong></span> <span class='ocrx_word' id='word_1_409' title='bbox 1187 3742 1369 3799; x_wconf 75' lang='lat' dir='ltr'><strong>verbis</strong></span> <span class='ocrx_word' id='word_1_410' title='bbox 1393 3761 1405 3798; x_wconf 85' lang='lat'><strong>:</strong></span> <span class='ocrx_word' id='word_1_411' title='bbox 1432 3763 1450 3795; x_wconf 81' lang='grc' dir='ltr'><strong>ι</strong></span> <span class='ocrx_word' id='word_1_412' title='bbox 1479 3744 1585 3798; x_wconf 84' lang='lat' dir='ltr'><strong>Sed</strong></span> <span class='ocrx_word' id='word_1_413' title='bbox 1622 3754 1678 3816; x_wconf 88' lang='lat' dir='ltr'><strong>et</strong></span> <span class='ocrx_word' id='word_1_414' title='bbox 1709 3744 1932 3816; x_wconf 75' lang='lat' dir='ltr'><strong>Petrum</strong></span> <span class='ocrx_word' id='word_1_415' title='bbox 1962 3742 2198 3816; x_wconf 71' lang='lat' dir='ltr'><strong>Alexan-</strong></span> 
     </span>
    </p>
   </div>
   <div class='ocr_carea' id='block_1_65' title="bbox 606 3813 2196 3886">
    <p class='ocr_par' dir='ltr' id='par_1_65' title="bbox 606 3813 2196 3886">
     <span class='ocr_line' id='line_1_65' title="bbox 606 3813 2196 3886; baseline -0.003 -16"><span class='ocrx_word' id='word_1_416' title='bbox 606 3816 828 3870; x_wconf 91' lang='lat' dir='ltr'><strong>drinum</strong></span> <span class='ocrx_word' id='word_1_417' title='bbox 860 3813 1421 3873; x_wconf 72' lang='lat' dir='ltr'><strong>airathematizantcm</strong></span> <span class='ocrx_word' id='word_1_418' title='bbox 1470 3815 1742 3886; x_wconf 84' lang='lat' dir='ltr'><strong>synodum</strong></span> <span class='ocrx_word' id='word_1_419' title='bbox 1777 3813 2196 3886; x_wconf 83' lang='lat' dir='ltr'><strong>Chalcedonen-</strong></span> 
     </span>
    </p>
   </div>
   <div class='ocr_carea' id='block_1_66' title="bbox 608 3883 2197 3957">
    <p class='ocr_par' dir='ltr' id='par_1_66' title="bbox 608 3883 2197 3957">
     <span class='ocr_line' id='line_1_66' title="bbox 608 3883 2197 3957; baseline -0.002 -17"><span class='ocrx_word' id='word_1_420' title='bbox 608 3903 724 3941; x_wconf 92' lang='lat' dir='ltr'><strong>sem</strong></span> <span class='ocrx_word' id='word_1_421' title='bbox 765 3897 821 3942; x_wconf 92' lang='lat' dir='ltr'><strong>et</strong></span> <span class='ocrx_word' id='word_1_422' title='bbox 851 3897 1058 3942; x_wconf 86' lang='lat' dir='ltr'><strong>tomum</strong></span> <span class='ocrx_word' id='word_1_423' title='bbox 1092 3903 1244 3957; x_wconf 76' lang='lat' dir='ltr'><strong>papa:</strong></span> <span class='ocrx_word' id='word_1_424' title='bbox 1284 3883 1512 3948; x_wconf 68' lang='lat' dir='ltr'><strong>Leonis,</strong></span> <span class='ocrx_word' id='word_1_425' title='bbox 1551 3887 1645 3956; x_wconf 91' lang='lat' dir='ltr'><strong>qui</strong></span> <span class='ocrx_word' id='word_1_426' title='bbox 1702 3885 1921 3957; x_wconf 86' lang='lat' dir='ltr'><strong>sublato</strong></span> <span class='ocrx_word' id='word_1_427' title='bbox 1949 3883 2197 3957; x_wconf 64' lang='lat' dir='ltr'><strong>nomine</strong></span> 
     </span>
    </p>
   </div>
   <div class='ocr_carea' id='block_1_67' title="bbox 607 3954 2197 4027">
    <p class='ocr_par' dir='ltr' id='par_1_67' title="bbox 607 3954 2197 4027">
     <span class='ocr_line' id='line_1_67' title="bbox 607 3954 2197 4027; baseline -0.003 -14"><span class='ocrx_word' id='word_1_428' title='bbox 607 3959 845 4014; x_wconf 89' lang='lat' dir='ltr'><strong>Proterii</strong></span> <span class='ocrx_word' id='word_1_429' title='bbox 870 3969 926 4014; x_wconf 90' lang='lat' dir='ltr'><strong>et</strong></span> <span class='ocrx_word' id='word_1_430' title='bbox 943 3954 1224 4013; x_wconf 80' lang='lat' dir='ltr'><strong>Timothei</strong></span> <span class='ocrx_word' id='word_1_431' title='bbox 1247 3958 1505 4012; x_wconf 89' lang='lat' dir='ltr'><strong>catholici</strong></span> <span class='ocrx_word' id='word_1_432' title='bbox 1537 3954 1604 4011; x_wconf 82' lang='lat' dir='ltr'><strong>de</strong></span> <span class='ocrx_word' id='word_1_433' title='bbox 1628 3956 1925 4027; x_wconf 83' lang='lat' dir='ltr'><strong>diptyehis,</strong></span> <span class='ocrx_word' id='word_1_434' title='bbox 1949 3954 2197 4027; x_wconf 85' lang='lat' dir='ltr'><strong>Dioscori</strong></span> 
     </span>
    </p>
   </div>
   <div class='ocr_carea' id='block_1_68' title="bbox 606 4026 2195 4098">
    <p class='ocr_par' dir='ltr' id='par_1_68' title="bbox 606 4026 2195 4098">
     <span class='ocr_line' id='line_1_68' title="bbox 606 4026 2195 4098; baseline -0.002 -17"><span class='ocrx_word' id='word_1_435' title='bbox 606 4039 665 4083; x_wconf 89' lang='lat' dir='ltr'><strong>et</strong></span> <span class='ocrx_word' id='word_1_436' title='bbox 707 4030 984 4084; x_wconf 86' lang='lat' dir='ltr'><strong>Timothei</strong></span> <span class='ocrx_word' id='word_1_437' title='bbox 1029 4029 1204 4084; x_wconf 58' lang='lat' dir='ltr'><strong>Ailuri</strong></span> <span class='ocrx_word' id='word_1_438' title='bbox 1237 4029 1460 4082; x_wconf 85' lang='lat' dir='ltr'><strong>nomina</strong></span> <span class='ocrx_word' id='word_1_439' title='bbox 1501 4029 1724 4098; x_wconf 88' lang='lat' dir='ltr'><strong>scripsit</strong></span> <span class='ocrx_word' id='word_1_440' title='bbox 1755 4026 1779 4079; x_wconf 17' lang='lat'><strong>7:</strong></span> <span class='ocrx_word' id='word_1_441' title='bbox 1820 4027 1915 4097; x_wconf 89' lang='lat' dir='ltr'><strong>qui</strong></span> <span class='ocrx_word' id='word_1_442' title='bbox 1948 4026 2195 4098; x_wconf 77' lang='lat' dir='ltr'><strong>ejusdem</strong></span> 
     </span>
    </p>
   </div>
   <div class='ocr_carea' id='block_1_69' title="bbox 609 4097 2197 4169">
    <p class='ocr_par' dir='ltr' id='par_1_69' title="bbox 609 4097 2197 4169">
     <span class='ocr_line' id='line_1_69' title="bbox 609 4097 2197 4169; baseline -0.002 -15"><span class='ocrx_word' id='word_1_443' title='bbox 609 4099 886 4155; x_wconf 87' lang='lat' dir='ltr'><strong>Timothei</strong></span> <span class='ocrx_word' id='word_1_444' title='bbox 921 4101 1182 4156; x_wconf 89' lang='lat' dir='ltr'><strong>catholici</strong></span> <span class='ocrx_word' id='word_1_445' title='bbox 1207 4116 1408 4169; x_wconf 88' lang='lat' dir='ltr'><strong>corpus</strong></span> <span class='ocrx_word' id='word_1_446' title='bbox 1434 4099 1502 4153; x_wconf 89' lang='lat' dir='ltr'><strong>de</strong></span> <span class='ocrx_word' id='word_1_447' title='bbox 1531 4097 1679 4153; x_wconf 84' lang='lat' dir='ltr'><strong>terra</strong></span> <span class='ocrx_word' id='word_1_448' title='bbox 1712 4099 1932 4160; x_wconf 84' lang='lat' dir='ltr'><strong>levavit,</strong></span> <span class='ocrx_word' id='word_1_449' title='bbox 1963 4105 2018 4152; x_wconf 85' lang='lat' dir='ltr'><strong>et</strong></span> <span class='ocrx_word' id='word_1_450' title='bbox 2051 4097 2197 4169; x_wconf 79' lang='lat' dir='ltr'><strong>foras</strong></span> 
     </span>
    </p>
   </div>
   <div class='ocr_carea' id='block_1_70' title="bbox 608 4167 2198 4294">
    <p class='ocr_par' dir='ltr' id='par_1_70' title="bbox 608 4167 2198 4294">
     <span class='ocr_line' id='line_1_70' title="bbox 608 4167 2198 4294; baseline 0 -72"><span class='ocrx_word' id='word_1_451' title='bbox 608 4172 865 4294; x_wconf 68' lang='lat' dir='ltr'><strong>projecit,</strong></span> <span class='ocrx_word' id='word_1_452' title='bbox 913 4172 1008 4241; x_wconf 87' lang='lat' dir='ltr'><strong>qui</strong></span> <span class='ocrx_word' id='word_1_453' title='bbox 1053 4173 1199 4226; x_wconf 90' lang='lat' dir='ltr'><strong>inter</strong></span> <span class='ocrx_word' id='word_1_454' title='bbox 1262 4167 1554 4240; x_wconf 82' lang='lat' dir='ltr'><strong>episcopos</strong></span> <span class='ocrx_word' id='word_1_455' title='bbox 1594 4169 1898 4224; x_wconf 89' lang='lat' dir='ltr'><strong>catholicos</strong></span> <span class='ocrx_word' id='word_1_456' title='bbox 1946 4167 2198 4236; x_wconf 86' lang='lat' dir='ltr'><strong>sepultus</strong></span> 
     </span>
     <span class='ocr_line' id='line_1_71' title="bbox 635 4237 2195 4294; baseline 0 0"><span class='ocrx_word' id='word_1_457' title='bbox 635 4251 810 4294; x_wconf 88' lang='lat' dir='ltr'><strong>uerat.</strong></span> <span class='ocrx_word' id='word_1_458' title='bbox 841 4243 999 4294; x_wconf 90' lang='lat' dir='ltr'><strong>miris</strong></span> <span class='ocrx_word' id='word_1_459' title='bbox 1027 4257 1153 4294; x_wconf 88' lang='lat' dir='ltr'><strong>eum</strong></span> <span class='ocrx_word' id='word_1_460' title='bbox 1178 4242 1431 4294; x_wconf 88' lang='lat' dir='ltr'><strong>laudibus</strong></span> <span class='ocrx_word' id='word_1_461' title='bbox 1459 4250 1788 4294; x_wconf 76' lang='lat' dir='ltr'><strong>prosecutus</strong></span> <span class='ocrx_word' id='word_1_462' title='bbox 1827 4247 1914 4294; x_wconf 91' lang='lat' dir='ltr'><strong>est</strong></span> <span class='ocrx_word' id='word_1_463' title='bbox 1942 4237 2195 4294; x_wconf 85' lang='lat' dir='ltr'><strong>Aeacius.</strong></span> 
     </span>
    </p>
   </div>
   <div class='ocr_carea' id='block_1_71' title="bbox 635 4237 2195 4309">
    <p class='ocr_par' dir='ltr' id='par_1_71' title="bbox 635 4237 2195 4309">
     <span class='ocr_line' id='line_1_72' title="bbox 635 4237 2195 4309; baseline -0.002 -14"><span class='ocrx_word' id='word_1_464' title='bbox 635 4237 810 4304; x_wconf 79' lang='lat' dir='ltr'><strong>uerat,</strong></span> <span class='ocrx_word' id='word_1_465' title='bbox 841 4237 999 4297; x_wconf 77' lang='lat' dir='ltr'><strong>miris</strong></span> <span class='ocrx_word' id='word_1_466' title='bbox 1027 4257 1153 4296; x_wconf 88' lang='lat' dir='ltr'><strong>eum</strong></span> <span class='ocrx_word' id='word_1_467' title='bbox 1178 4237 1431 4296; x_wconf 83' lang='lat' dir='ltr'><strong>laudibus</strong></span> <span class='ocrx_word' id='word_1_468' title='bbox 1455 4237 1788 4309; x_wconf 78' lang='lat' dir='ltr'><strong>prosecutus</strong></span> <span class='ocrx_word' id='word_1_469' title='bbox 1827 4247 1914 4294; x_wconf 91' lang='lat' dir='ltr'><strong>est</strong></span> <span class='ocrx_word' id='word_1_470' title='bbox 1942 4237 2195 4304; x_wconf 85' lang='lat' dir='ltr'><strong>Aeacius,</strong></span> 
     </span>
    </p>
   </div>
   <div class='ocr_carea' id='block_1_72' title="bbox 609 4310 2190 4382">
    <p class='ocr_par' dir='ltr' id='par_1_72' title="bbox 609 4310 2190 4382">
     <span class='ocr_line' id='line_1_73' title="bbox 609 4310 2190 4382; baseline -0.003 -18"><span class='ocrx_word' id='word_1_471' title='bbox 609 4312 810 4382; x_wconf 88' lang='lat' dir='ltr'><strong>dequo</strong></span> <span class='ocrx_word' id='word_1_472' title='bbox 833 4331 892 4368; x_wconf 92' lang='lat' dir='ltr'><strong>se</strong></span> <span class='ocrx_word' id='word_1_473' title='bbox 913 4323 1060 4366; x_wconf 87' lang='lat' dir='ltr'><strong>tanta</strong></span> <span class='ocrx_word' id='word_1_474' title='bbox 1083 4313 1316 4367; x_wconf 90' lang='lat' dir='ltr'><strong>crimina</strong></span> <span class='ocrx_word' id='word_1_475' title='bbox 1333 4321 1493 4366; x_wconf 88' lang='lat' dir='ltr'><strong>antea</strong></span> <span class='ocrx_word' id='word_1_476' title='bbox 1519 4311 1850 4382; x_wconf 89' lang='lat' dir='ltr'><strong>meminerat</strong></span> <span class='ocrx_word' id='word_1_477' title='bbox 1875 4310 2150 4382; x_wconf 85' lang='lat' dir='ltr'><strong>retulisse.</strong></span> <span class='ocrx_word' id='word_1_478' title='bbox 2172 4329 2190 4360; x_wconf 71' lang='grc' dir='ltr'><strong>ι</strong></span> 
     </span>
    </p>
   </div>
   <div class='ocr_carea' id='block_1_73' title="bbox 609 4381 2200 4454">
    <p class='ocr_par' dir='ltr' id='par_1_73' title="bbox 609 4381 2200 4454">
     <span class='ocr_line' id='line_1_74' title="bbox 609 4381 2200 4454; baseline -0.001 -18"><span class='ocrx_word' id='word_1_479' title='bbox 609 4381 856 4452; x_wconf 85' lang='lat' dir='ltr'><strong>Denique</strong></span> <span class='ocrx_word' id='word_1_480' title='bbox 881 4384 1031 4438; x_wconf 76' lang='lat' dir='ltr'><strong>Felix</strong></span> <span class='ocrx_word' id='word_1_481' title='bbox 1052 4399 1212 4454; x_wconf 78' lang='lat' dir='ltr'><strong>papa,</strong></span> <span class='ocrx_word' id='word_1_482' title='bbox 1239 4384 1292 4436; x_wconf 92' lang='lat' dir='ltr'><strong>in</strong></span> <span class='ocrx_word' id='word_1_483' title='bbox 1322 4383 1599 4438; x_wconf 89' lang='lat' dir='ltr'><strong>sententia</strong></span> <span class='ocrx_word' id='word_1_484' title='bbox 1616 4381 1982 4435; x_wconf 88' lang='lat' dir='ltr'><strong>damnationis</strong></span> <span class='ocrx_word' id='word_1_485' title='bbox 2004 4381 2200 4454; x_wconf 83' lang='lat' dir='ltr'><strong>adver-</strong></span> 
     </span>
    </p>
   </div>
   <div class='ocr_carea' id='block_1_74' title="bbox 609 4452 2197 4524">
    <p class='ocr_par' dir='ltr' id='par_1_74' title="bbox 609 4452 2197 4524">
     <span class='ocr_line' id='line_1_75' title="bbox 609 4452 2197 4524; baseline -0.001 -17"><span class='ocrx_word' id='word_1_486' title='bbox 609 4471 706 4508; x_wconf 87' lang='lat' dir='ltr'><strong>sus</strong></span> <span class='ocrx_word' id='word_1_487' title='bbox 743 4456 1030 4513; x_wconf 79' lang='lat' dir='ltr'><strong>Acacium.</strong></span> <span class='ocrx_word' id='word_1_488' title='bbox 1053 4452 1310 4524; x_wconf 81' lang='lat' dir='ltr'><strong>idipsum</strong></span> <span class='ocrx_word' id='word_1_489' title='bbox 1345 4454 1554 4508; x_wconf 87' lang='lat' dir='ltr'><strong>diserte</strong></span> <span class='ocrx_word' id='word_1_490' title='bbox 1602 4454 1895 4507; x_wconf 85' lang='lat' dir='ltr'><strong>eontirmat</strong></span> <span class='ocrx_word' id='word_1_491' title='bbox 1929 4471 1940 4505; x_wconf 93' lang='lat'><strong>:</strong></span> <span class='ocrx_word' id='word_1_492' title='bbox 1996 4461 2056 4505; x_wconf 93' lang='lat' dir='ltr'><strong>ut</strong></span> <span class='ocrx_word' id='word_1_493' title='bbox 2086 4452 2197 4521; x_wconf 87' lang='lat' dir='ltr'><strong>jam</strong></span> 
     </span>
    </p>
   </div>
   <div class='ocr_carea' id='block_1_75' title="bbox 610 4524 2125 4595">
    <p class='ocr_par' dir='ltr' id='par_1_75' title="bbox 610 4524 2125 4595">
     <span class='ocr_line' id='line_1_76' title="bbox 610 4524 2125 4595; baseline -0.001 -17"><span class='ocrx_word' id='word_1_494' title='bbox 610 4524 679 4578; x_wconf 89' lang='lat' dir='ltr'><strong>de</strong></span> <span class='ocrx_word' id='word_1_495' title='bbox 723 4524 889 4595; x_wconf 87' lang='lat' dir='ltr'><strong>hujus</strong></span> <span class='ocrx_word' id='word_1_496' title='bbox 938 4525 1200 4581; x_wconf 84' lang='lat' dir='ltr'><strong>facinoris</strong></span> <span class='ocrx_word' id='word_1_497' title='bbox 1242 4525 1474 4579; x_wconf 86' lang='lat' dir='ltr'><strong>veritate</strong></span> <span class='ocrx_word' id='word_1_498' title='bbox 1508 4524 1750 4578; x_wconf 88' lang='lat' dir='ltr'><strong>dubitari</strong></span> <span class='ocrx_word' id='word_1_499' title='bbox 1784 4540 1892 4578; x_wconf 91' lang='lat' dir='ltr'><strong>non</strong></span> <span class='ocrx_word' id='word_1_500' title='bbox 1932 4526 2125 4593; x_wconf 85' lang='lat' dir='ltr'><strong>possit.</strong></span> 
     </span>
    </p>
   </div>
   <div class='ocr_carea' id='block_1_76' title="bbox 685 4580 2277 4666">
    <p class='ocr_par' dir='ltr' id='par_1_76' title="bbox 685 4580 2277 4666">
     <span class='ocr_line' id='line_1_77' title="bbox 685 4580 2277 4666; baseline -0.002 -16"><span class='ocrx_word' id='word_1_501' title='bbox 685 4596 760 4666; x_wconf 85' lang='lat' dir='ltr'><strong>(&#39;t&#39;)</strong></span> <span class='ocrx_word' id='word_1_502' title='bbox 797 4580 1233 4666; x_wconf 60' lang='grc' dir='ltr'>’Ἑσκεψάμεθα</span> <span class='ocrx_word' id='word_1_503' title='bbox 1257 4598 1467 4664; x_wconf 77' lang='grc' dir='ltr'>λόγον.</span> <span class='ocrx_word' id='word_1_504' title='bbox 1502 4595 1664 4651; x_wconf 87' lang='lat' dir='ltr'><strong>Varie</strong></span> <span class='ocrx_word' id='word_1_505' title='bbox 1708 4595 1857 4650; x_wconf 89' lang='lat' dir='ltr'><strong>hunc</strong></span> <span class='ocrx_word' id='word_1_506' title='bbox 1889 4580 2071 4666; x_wconf 73' lang='lat' dir='ltr'><strong>locum</strong></span> <span class='ocrx_word' id='word_1_507' title='bbox 2099 4609 2196 4648; x_wconf 80' lang='lat' dir='ltr'><strong>cx-</strong></span> <span class='ocrx_word' id='word_1_508' title='bbox 2232 4580 2277 4636; x_wconf 79' lang='grc' dir='ltr'>Ῑ)</span> 
     </span>
    </p>
   </div>
   <div class='ocr_carea' id='block_1_77' title="bbox 610 4665 2198 4739">
    <p class='ocr_par' dir='ltr' id='par_1_77' title="bbox 610 4665 2198 4739">
     <span class='ocr_line' id='line_1_78' title="bbox 610 4665 2198 4739; baseline -0.001 -18"><span class='ocrx_word' id='word_1_509' title='bbox 610 4665 923 4739; x_wconf 78' lang='lat' dir='ltr'><strong>posuerunt</strong></span> <span class='ocrx_word' id='word_1_510' title='bbox 970 4665 1319 4739; x_wconf 82' lang='lat' dir='ltr'><strong>interpretes.</strong></span> <span class='ocrx_word' id='word_1_511' title='bbox 1360 4667 1495 4720; x_wconf 88' lang='lat' dir='ltr'><strong>Nam</strong></span> <span class='ocrx_word' id='word_1_512' title='bbox 1531 4667 1811 4722; x_wconf 85' lang='lat' dir='ltr'><strong>Museulus</strong></span> <span class='ocrx_word' id='word_1_513' title='bbox 1846 4665 2070 4739; x_wconf 84' lang='lat' dir='ltr'><strong>quidem</strong></span> <span class='ocrx_word' id='word_1_514' title='bbox 2123 4667 2198 4739; x_wconf 80' lang='lat' dir='ltr'><strong>ita</strong></span> 
     </span>
    </p>
   </div>
   <div class='ocr_carea' id='block_1_78' title="bbox 608 4737 2202 4802">
    <p class='ocr_par' dir='ltr' id='par_1_78' title="bbox 608 4737 2202 4802">
     <span class='ocr_line' id='line_1_79' title="bbox 608 4737 2202 4802; baseline 0 -12"><span class='ocrx_word' id='word_1_515' title='bbox 608 4738 811 4792; x_wconf 80' lang='lat' dir='ltr'><strong>vertit:</strong></span> <span class='ocrx_word' id='word_1_516' title='bbox 845 4737 1134 4792; x_wconf 43' lang='lat' dir='ltr'><strong>Libellum&#39;</strong></span> <span class='ocrx_word' id='word_1_517' title='bbox 1169 4739 1500 4792; x_wconf 74' lang='lat' dir='ltr'><strong>considerate</strong></span> <span class='ocrx_word' id='word_1_518' title='bbox 1549 4738 2004 4802; x_wconf 82' lang='lat' dir='ltr'><strong>concinnavimus,</strong></span> <span class='ocrx_word' id='word_1_519' title='bbox 2070 4737 2202 4792; x_wconf 84' lang='lat' dir='ltr'><strong>mali</strong></span> 
     </span>
    </p>
   </div>
   <div class='ocr_carea' id='block_1_79' title="bbox 609 4808 2200 4878">
    <p class='ocr_par' dir='ltr' id='par_1_79' title="bbox 609 4808 2200 4878">
     <span class='ocr_line' id='line_1_80' title="bbox 609 4808 2200 4878; baseline 0.001 -19"><span class='ocrx_word' id='word_1_520' title='bbox 609 4809 766 4878; x_wconf 84' lang='lat' dir='ltr'><strong>hujus</strong></span> <span class='ocrx_word' id='word_1_521' title='bbox 817 4809 1076 4863; x_wconf 83' lang='lat' dir='ltr'><strong>medelam</strong></span> <span class='ocrx_word' id='word_1_522' title='bbox 1119 4810 1417 4870; x_wconf 84' lang='lat' dir='ltr'><strong>habentem,</strong></span> <span class='ocrx_word' id='word_1_523' title='bbox 1447 4808 1986 4878; x_wconf 85' lang='lat' dir='ltr'><strong>Christophorsonus</strong></span> <span class='ocrx_word' id='word_1_524' title='bbox 2017 4817 2200 4862; x_wconf 88' lang='lat' dir='ltr'><strong>autem</strong></span> 
     </span>
    </p>
   </div>
   <div class='ocr_carea' id='block_1_80' title="bbox 611 4879 2204 4950">
    <p class='ocr_par' dir='ltr' id='par_1_80' title="bbox 611 4879 2204 4950">
     <span class='ocr_line' id='line_1_81' title="bbox 611 4879 2204 4950; baseline -0.001 -18"><span class='ocrx_word' id='word_1_525' title='bbox 611 4881 716 4933; x_wconf 91' lang='lat' dir='ltr'><strong>hoe</strong></span> <span class='ocrx_word' id='word_1_526' title='bbox 758 4879 942 4933; x_wconf 91' lang='lat' dir='ltr'><strong>modo.</strong></span> <span class='ocrx_word' id='word_1_527' title='bbox 981 4880 1209 4934; x_wconf 77' lang='lat' dir='ltr'><strong>Litteras</strong></span> <span class='ocrx_word' id='word_1_528' title='bbox 1259 4880 1412 4934; x_wconf 83' lang='lat' dir='ltr'><strong>hasce</strong></span> <span class='ocrx_word' id='word_1_529' title='bbox 1448 4881 1882 4950; x_wconf 73' lang='lat' dir='ltr'><strong>ext-agitavimus,</strong></span> <span class='ocrx_word' id='word_1_530' title='bbox 1919 4895 2036 4950; x_wconf 79' lang='lat' dir='ltr'><strong>qua:</strong></span> <span class='ocrx_word' id='word_1_531' title='bbox 2085 4880 2204 4932; x_wconf 83' lang='lat' dir='ltr'><strong>huic</strong></span> 
     </span>
    </p>
   </div>
   <div class='ocr_carea' id='block_1_81' title="bbox 609 4950 2202 5026">
    <p class='ocr_par' dir='ltr' id='par_1_81' title="bbox 609 4950 2202 5026">
     <span class='ocr_line' id='line_1_82' title="bbox 609 4950 2202 5026; baseline 0.001 -24"><span class='ocrx_word' id='word_1_532' title='bbox 609 4950 752 5026; x_wconf 78' lang='lat' dir='ltr'><strong>malo</strong></span> <span class='ocrx_word' id='word_1_533' title='bbox 789 4951 1017 5026; x_wconf 76' lang='lat' dir='ltr'><strong>remedio</strong></span> <span class='ocrx_word' id='word_1_534' title='bbox 1044 4953 1170 5004; x_wconf 83' lang='lat' dir='ltr'><strong>sint.</strong></span> <span class='ocrx_word' id='word_1_535' title='bbox 1199 4951 1439 5026; x_wconf 57' lang='lat' dir='ltr'><strong>annnes</strong></span> <span class='ocrx_word' id='word_1_536' title='bbox 1473 4965 1605 5026; x_wconf 78' lang='lat' dir='ltr'><strong>vero</strong></span> <span class='ocrx_word' id='word_1_537' title='bbox 1631 4951 1868 5022; x_wconf 80' lang='lat' dir='ltr'><strong>Langus,</strong></span> <span class='ocrx_word' id='word_1_538' title='bbox 1892 4950 2202 5026; x_wconf 83' lang='lat' dir='ltr'><strong>_Nicephori</strong></span> 
     </span>
    </p>
   </div>
   <div class='ocr_carea' id='block_1_82' title="bbox 611 5019 2204 5090">
    <p class='ocr_par' dir='ltr' id='par_1_82' title="bbox 611 5019 2204 5090">
     <span class='ocr_line' id='line_1_83' title="bbox 611 5019 2204 5090; baseline 0.002 -18"><span class='ocrx_word' id='word_1_539' title='bbox 611 5021 888 5090; x_wconf 87' lang='lat' dir='ltr'><strong>interpres</strong></span> <span class='ocrx_word' id='word_1_540' title='bbox 915 5020 990 5074; x_wconf 88' lang='lat' dir='ltr'><strong>ita</strong></span> <span class='ocrx_word' id='word_1_541' title='bbox 1022 5019 1320 5076; x_wconf 74' lang='lat' dir='ltr'><strong>transtulit.</strong></span> <span class='ocrx_word' id='word_1_542' title='bbox 1355 5021 1430 5075; x_wconf 83' lang='lat' dir='ltr'><strong>Re</strong></span> <span class='ocrx_word' id='word_1_543' title='bbox 1456 5019 1769 5085; x_wconf 64' lang='lat' dir='ltr'><strong>deliberata,</strong></span> <span class='ocrx_word' id='word_1_544' title='bbox 1799 5023 2058 5074; x_wconf 87' lang='lat' dir='ltr'><strong>rationem</strong></span> <span class='ocrx_word' id='word_1_545' title='bbox 2087 5038 2204 5090; x_wconf 72' lang='lat' dir='ltr'><strong>qua:</strong></span> 
     </span>
    </p>
   </div>
   <div class='ocr_carea' id='block_1_83' title="bbox 610 5089 2203 5157">
    <p class='ocr_par' dir='ltr' id='par_1_83' title="bbox 610 5089 2203 5157">
     <span class='ocr_line' id='line_1_84' title="bbox 610 5089 2203 5157; baseline 0.002 -14"><span class='ocrx_word' id='word_1_546' title='bbox 610 5089 809 5143; x_wconf 81' lang='lat' dir='ltr'><strong>mederi</strong></span> <span class='ocrx_word' id='word_1_547' title='bbox 859 5091 1003 5145; x_wconf 87' lang='lat' dir='ltr'><strong>malo</strong></span> <span class='ocrx_word' id='word_1_548' title='bbox 1043 5093 1342 5146; x_wconf 84' lang='lat' dir='ltr'><strong>imminenti</strong></span> <span class='ocrx_word' id='word_1_549' title='bbox 1390 5099 1583 5157; x_wconf 85' lang='lat' dir='ltr'><strong>posset,</strong></span> <span class='ocrx_word' id='word_1_550' title='bbox 1625 5093 1942 5147; x_wconf 76' lang='lat' dir='ltr'><strong>invenimus.</strong></span> <span class='ocrx_word' id='word_1_551' title='bbox 1994 5089 2203 5146; x_wconf 75' lang='lat' dir='ltr'><strong>Exhis</strong></span> 
     </span>
    </p>
   </div>
   <div class='ocr_carea' id='block_1_84' title="bbox 613 5160 2204 5233">
    <p class='ocr_par' dir='ltr' id='par_1_84' title="bbox 613 5160 2204 5233">
     <span class='ocr_line' id='line_1_85' title="bbox 613 5160 2204 5233; baseline 0.001 -17"><span class='ocrx_word' id='word_1_552' title='bbox 613 5160 794 5216; x_wconf 87' lang='lat' dir='ltr'><strong>tribus</strong></span> <span class='ocrx_word' id='word_1_553' title='bbox 828 5161 1402 5233; x_wconf 86' lang='lat' dir='ltr'><strong>interpretationibus,</strong></span> <span class='ocrx_word' id='word_1_554' title='bbox 1449 5163 1692 5217; x_wconf 89' lang='lat' dir='ltr'><strong>secunda</strong></span> <span class='ocrx_word' id='word_1_555' title='bbox 1723 5164 1949 5232; x_wconf 89' lang='lat' dir='ltr'><strong>quidem</strong></span> <span class='ocrx_word' id='word_1_556' title='bbox 1981 5162 2204 5232; x_wconf 78' lang='lat' dir='ltr'><strong>penitus</strong></span> 
     </span>
    </p>
   </div>
   <div class='ocr_carea' id='block_1_85' title="bbox 613 5231 2201 5303">
    <p class='ocr_par' dir='ltr' id='par_1_85' title="bbox 613 5231 2201 5303">
     <span class='ocr_line' id='line_1_86' title="bbox 613 5231 2201 5303; baseline 0.003 -19"><span class='ocrx_word' id='word_1_557' title='bbox 613 5231 924 5303; x_wconf 87' lang='lat' dir='ltr'><strong>respuenda</strong></span> <span class='ocrx_word' id='word_1_558' title='bbox 950 5231 1034 5287; x_wconf 79' lang='lat' dir='ltr'><strong>est</strong></span> <span class='ocrx_word' id='word_1_559' title='bbox 1059 5251 1071 5285; x_wconf 91' lang='lat'>:</span> <span class='ocrx_word' id='word_1_560' title='bbox 1105 5234 1278 5302; x_wconf 90' lang='lat' dir='ltr'><strong>prima</strong></span> <span class='ocrx_word' id='word_1_561' title='bbox 1304 5244 1488 5288; x_wconf 89' lang='lat' dir='ltr'><strong>autem</strong></span> <span class='ocrx_word' id='word_1_562' title='bbox 1510 5249 1574 5286; x_wconf 88' lang='lat' dir='ltr'><strong>ac</strong></span> <span class='ocrx_word' id='word_1_563' title='bbox 1604 5231 1765 5288; x_wconf 78' lang='lat' dir='ltr'><strong>tertia</strong></span> <span class='ocrx_word' id='word_1_564' title='bbox 1789 5233 1920 5288; x_wconf 90' lang='lat' dir='ltr'><strong>fcrri</strong></span> <span class='ocrx_word' id='word_1_565' title='bbox 1951 5231 2201 5303; x_wconf 81' lang='lat' dir='ltr'><strong>possunt.</strong></span> 
     </span>
    </p>
   </div>
   <div class='ocr_carea' id='block_1_86' title="bbox 609 5302 2202 5372">
    <p class='ocr_par' dir='ltr' id='par_1_86' title="bbox 609 5302 2202 5372">
     <span class='ocr_line' id='line_1_87' title="bbox 609 5302 2202 5372; baseline 0.001 -16"><span class='ocrx_word' id='word_1_566' title='bbox 609 5302 969 5358; x_wconf 80' lang='lat' dir='ltr'><strong>Commodius</strong></span> <span class='ocrx_word' id='word_1_567' title='bbox 1014 5314 1197 5358; x_wconf 87' lang='lat' dir='ltr'><strong>tamen</strong></span> <span class='ocrx_word' id='word_1_568' title='bbox 1238 5304 1374 5357; x_wconf 90' lang='lat' dir='ltr'><strong>mihi</strong></span> <span class='ocrx_word' id='word_1_569' title='bbox 1422 5303 1664 5369; x_wconf 86' lang='lat' dir='ltr'><strong>videtur,</strong></span> <span class='ocrx_word' id='word_1_570' title='bbox 1702 5304 1859 5372; x_wconf 81' lang='grc' dir='ltr'>λόγον</span> <span class='ocrx_word' id='word_1_571' title='bbox 1890 5302 2202 5359; x_wconf 79' lang='lat' dir='ltr'><strong>orationem</strong></span> 
     </span>
    </p>
   </div>
   <div class='ocr_carea' id='block_1_87' title="bbox 612 5374 2203 5444">
    <p class='ocr_par' dir='ltr' id='par_1_87' title="bbox 612 5374 2203 5444">
     <span class='ocr_line' id='line_1_88' title="bbox 612 5374 2203 5444; baseline 0.002 -18"><span class='ocrx_word' id='word_1_572' title='bbox 612 5374 990 5443; x_wconf 90' lang='lat' dir='ltr'><strong>interpretari,</strong></span> <span class='ocrx_word' id='word_1_573' title='bbox 1055 5389 1150 5428; x_wconf 88' lang='lat' dir='ltr'><strong>seu</strong></span> <span class='ocrx_word' id='word_1_574' title='bbox 1208 5389 1520 5429; x_wconf 87' lang='lat' dir='ltr'><strong>sermonem</strong></span> <span class='ocrx_word' id='word_1_575' title='bbox 1573 5375 1641 5428; x_wconf 89' lang='lat' dir='ltr'><strong>ad</strong></span> <span class='ocrx_word' id='word_1_576' title='bbox 1698 5375 1984 5444; x_wconf 88' lang='lat' dir='ltr'><strong>populum,</strong></span> <span class='ocrx_word' id='word_1_577' title='bbox 2039 5391 2203 5444; x_wconf 81' lang='lat' dir='ltr'><strong>quem</strong></span> 
     </span>
    </p>
   </div>
   <div class='ocr_carea' id='block_1_88' title="bbox 613 5444 2205 5500">
    <p class='ocr_par' dir='ltr' id='par_1_88' title="bbox 613 5444 2205 5500">
     <span class='ocr_line' id='line_1_89' title="bbox 613 5444 2205 5500; baseline 0 -2"><span class='ocrx_word' id='word_1_578' title='bbox 613 5446 809 5498; x_wconf 77' lang='lat' dir='ltr'><strong>Petrus</strong></span> <span class='ocrx_word' id='word_1_579' title='bbox 839 5445 1033 5498; x_wconf 87' lang='lat' dir='ltr'><strong>habuit</strong></span> <span class='ocrx_word' id='word_1_580' title='bbox 1063 5444 1115 5498; x_wconf 92' lang='lat' dir='ltr'><strong>in</strong></span> <span class='ocrx_word' id='word_1_581' title='bbox 1155 5445 1400 5500; x_wconf 86' lang='lat' dir='ltr'><strong>Ecclesia</strong></span> <span class='ocrx_word' id='word_1_582' title='bbox 1439 5453 1569 5500; x_wconf 86' lang='lat' dir='ltr'><strong>tunc</strong></span> <span class='ocrx_word' id='word_1_583' title='bbox 1597 5460 1724 5498; x_wconf 91' lang='lat' dir='ltr'><strong>eum</strong></span> <span class='ocrx_word' id='word_1_584' title='bbox 1767 5453 1886 5498; x_wconf 90' lang='lat' dir='ltr'><strong>acta</strong></span> <span class='ocrx_word' id='word_1_585' title='bbox 1937 5446 2205 5500; x_wconf 87' lang='lat' dir='ltr'><strong>ecclesia-</strong></span> 
     </span>
    </p>
   </div>
   <div class='ocr_carea' id='block_1_89' title="bbox 611 5515 2206 5587">
    <p class='ocr_par' dir='ltr' id='par_1_89' title="bbox 611 5515 2206 5587">
     <span class='ocr_line' id='line_1_90' title="bbox 611 5515 2206 5587; baseline 0.002 -18"><span class='ocrx_word' id='word_1_586' title='bbox 611 5516 750 5570; x_wconf 87' lang='lat' dir='ltr'><strong>stica</strong></span> <span class='ocrx_word' id='word_1_587' title='bbox 785 5516 985 5570; x_wconf 86' lang='lat' dir='ltr'><strong>conlici</strong></span> <span class='ocrx_word' id='word_1_588' title='bbox 1012 5517 1177 5587; x_wconf 84' lang='lat' dir='ltr'><strong>jussit</strong></span> <span class='ocrx_word' id='word_1_589' title='bbox 1210 5532 1396 5571; x_wconf 90' lang='lat' dir='ltr'><strong>coram</strong></span> <span class='ocrx_word' id='word_1_590' title='bbox 1438 5515 1632 5585; x_wconf 83' lang='lat' dir='ltr'><strong>legatis</strong></span> <span class='ocrx_word' id='word_1_591' title='bbox 1659 5516 1867 5580; x_wconf 86' lang='lat' dir='ltr'><strong>Acacii,</strong></span> <span class='ocrx_word' id='word_1_592' title='bbox 1901 5516 1970 5571; x_wconf 90' lang='lat' dir='ltr'><strong>de</strong></span> <span class='ocrx_word' id='word_1_593' title='bbox 1997 5517 2206 5587; x_wconf 86' lang='lat' dir='ltr'><strong>quibus</strong></span> 
     </span>
    </p>
   </div>
   <div class='ocr_carea' id='block_1_90' title="bbox 611 5587 1487 5657">
    <p class='ocr_par' dir='ltr' id='par_1_90' title="bbox 611 5587 1487 5657">
     <span class='ocr_line' id='line_1_91' title="bbox 611 5587 1487 5657; baseline 0.001 -18"><span class='ocrx_word' id='word_1_594' title='bbox 611 5602 776 5656; x_wconf 87' lang='lat' dir='ltr'><strong>supra</strong></span> <span class='ocrx_word' id='word_1_595' title='bbox 818 5588 1035 5642; x_wconf 87' lang='lat' dir='ltr'><strong>locutus</strong></span> <span class='ocrx_word' id='word_1_596' title='bbox 1069 5596 1153 5641; x_wconf 88' lang='lat' dir='ltr'><strong>est</strong></span> <span class='ocrx_word' id='word_1_597' title='bbox 1195 5587 1487 5657; x_wconf 83' lang='lat' dir='ltr'><strong>Evagrius.</strong></span> 
     </span>
    </p>
   </div>
   <div class='ocr_carea' id='block_1_91' title="bbox 685 5657 2206 5728">
    <p class='ocr_par' dir='ltr' id='par_1_91' title="bbox 685 5657 2206 5728">
     <span class='ocr_line' id='line_1_92' title="bbox 685 5657 2206 5728; baseline 0.002 -19"><span class='ocrx_word' id='word_1_598' title='bbox 685 5659 760 5726; x_wconf 83' lang='lat'><strong>(8)</strong></span> <span class='ocrx_word' id='word_1_599' title='bbox 808 5659 954 5724; x_wconf 82' lang='grc' dir='ltr'><strong>Τοὺς</strong></span> <span class='ocrx_word' id='word_1_600' title='bbox 981 5659 1500 5728; x_wconf 65' lang='grc' dir='ltr'><strong>ἑπισυνελθόνζιις</strong></span> <span class='ocrx_word' id='word_1_601' title='bbox 1525 5657 1688 5725; x_wconf 65' lang='grc' dir='ltr'><strong>ἡμῖν.</strong></span> <span class='ocrx_word' id='word_1_602' title='bbox 1722 5657 1964 5712; x_wconf 87' lang='lat' dir='ltr'><strong>Joannes</strong></span> <span class='ocrx_word' id='word_1_603' title='bbox 1984 5657 2206 5728; x_wconf 77' lang='lat' dir='ltr'><strong>Langus</strong></span> 
     </span>
    </p>
   </div>
   <div class='ocr_carea' id='block_1_92' title="bbox 611 5727 2207 5797">
    <p class='ocr_par' dir='ltr' id='par_1_92' title="bbox 611 5727 2207 5797">
     <span class='ocr_line' id='line_1_93' title="bbox 611 5727 2207 5797; baseline 0 -17"><span class='ocrx_word' id='word_1_604' title='bbox 611 5727 759 5781; x_wconf 86' lang='lat' dir='ltr'><strong>hunc</strong></span> <span class='ocrx_word' id='word_1_605' title='bbox 810 5729 993 5783; x_wconf 88' lang='lat' dir='ltr'><strong>locum</strong></span> <span class='ocrx_word' id='word_1_606' title='bbox 1034 5731 1110 5783; x_wconf 89' lang='lat' dir='ltr'><strong>ita</strong></span> <span class='ocrx_word' id='word_1_607' title='bbox 1151 5731 1358 5782; x_wconf 83' lang='lat' dir='ltr'><strong>vertit:</strong></span> <span class='ocrx_word' id='word_1_608' title='bbox 1397 5727 1632 5781; x_wconf 76' lang='lat' dir='ltr'><strong>Fecimus</strong></span> <span class='ocrx_word' id='word_1_609' title='bbox 1673 5739 1727 5782; x_wconf 90' lang='lat' dir='ltr'><strong>ut</strong></span> <span class='ocrx_word' id='word_1_610' title='bbox 1773 5730 1836 5781; x_wconf 86' lang='lat' dir='ltr'><strong>ab</strong></span> <span class='ocrx_word' id='word_1_611' title='bbox 1883 5729 1947 5781; x_wconf 86' lang='lat' dir='ltr'><strong>iis</strong></span> <span class='ocrx_word' id='word_1_612' title='bbox 1982 5729 2070 5797; x_wconf 85' lang='lat' dir='ltr'><strong>qui</strong></span> <span class='ocrx_word' id='word_1_613' title='bbox 2110 5727 2207 5781; x_wconf 84' lang='lat' dir='ltr'><strong>no-</strong></span> 
     </span>
    </p>
   </div>
   <div class='ocr_carea' id='block_1_93' title="bbox 613 5799 2205 5869">
    <p class='ocr_par' dir='ltr' id='par_1_93' title="bbox 613 5799 2205 5869">
     <span class='ocr_line' id='line_1_94' title="bbox 613 5799 2205 5869; baseline 0.002 -19"><span class='ocrx_word' id='word_1_614' title='bbox 613 5800 808 5852; x_wconf 70' lang='lat' dir='ltr'><strong>hiscum</strong></span> <span class='ocrx_word' id='word_1_615' title='bbox 848 5811 1126 5853; x_wconf 82' lang='lat' dir='ltr'><strong>conventus</strong></span> <span class='ocrx_word' id='word_1_616' title='bbox 1171 5808 1358 5869; x_wconf 84' lang='lat' dir='ltr'><strong>agunt,</strong></span> <span class='ocrx_word' id='word_1_617' title='bbox 1401 5801 1505 5852; x_wconf 78' lang='lat' dir='ltr'><strong>ista</strong></span> <span class='ocrx_word' id='word_1_618' title='bbox 1550 5799 1871 5853; x_wconf 76' lang='lat' dir='ltr'><strong>dicerentur.</strong></span> <span class='ocrx_word' id='word_1_619' title='bbox 1925 5799 2205 5853; x_wconf 80' lang='lat' dir='ltr'><strong>Musculas</strong></span> 
     </span>
    </p>
   </div>
   <div class='ocr_carea' id='block_1_94' title="bbox 615 5869 2200 5942">
    <p class='ocr_par' dir='ltr' id='par_1_94' title="bbox 615 5869 2200 5942">
     <span class='ocr_line' id='line_1_95' title="bbox 615 5869 2200 5942; baseline 0 -21"><span class='ocrx_word' id='word_1_620' title='bbox 615 5885 745 5922; x_wconf 80' lang='lat' dir='ltr'><strong>vero</strong></span> <span class='ocrx_word' id='word_1_621' title='bbox 793 5870 871 5926; x_wconf 70' lang='lat' dir='ltr'><strong>sic</strong></span> <span class='ocrx_word' id='word_1_622' title='bbox 925 5871 1340 5942; x_wconf 82' lang='lat' dir='ltr'><strong>interpretatur.</strong></span> <span class='ocrx_word' id='word_1_623' title='bbox 1391 5869 1494 5924; x_wconf 74' lang='lat' dir='ltr'><strong>Eos</strong></span> <span class='ocrx_word' id='word_1_624' title='bbox 1541 5873 1631 5940; x_wconf 86' lang='lat' dir='ltr'><strong>qui</strong></span> <span class='ocrx_word' id='word_1_625' title='bbox 1684 5876 1752 5925; x_wconf 84' lang='lat' dir='ltr'><strong>ad</strong></span> <span class='ocrx_word' id='word_1_626' title='bbox 1793 5888 1886 5924; x_wconf 84' lang='lat' dir='ltr'><strong>nos</strong></span> <span class='ocrx_word' id='word_1_627' title='bbox 1927 5880 2200 5936; x_wconf 71' lang='lat' dir='ltr'><strong>venerunt,</strong></span> 
     </span>
    </p>
   </div>
   <div class='ocr_carea' id='block_1_95' title="bbox 2299 2683 3871 2755">
    <p class='ocr_par' dir='ltr' id='par_1_95' title="bbox 2299 2683 3871 2755">
     <span class='ocr_line' id='line_1_96' title="bbox 2299 2683 3871 2755; baseline 0.003 -20"><span class='ocrx_word' id='word_1_628' title='bbox 2299 2685 2394 2738; x_wconf 89' lang='lat' dir='ltr'><strong>hoc</strong></span> <span class='ocrx_word' id='word_1_629' title='bbox 2449 2687 2588 2740; x_wconf 86' lang='lat' dir='ltr'><strong>idem</strong></span> <span class='ocrx_word' id='word_1_630' title='bbox 2637 2686 2813 2739; x_wconf 82' lang='lat' dir='ltr'><strong>dicere</strong></span> <span class='ocrx_word' id='word_1_631' title='bbox 2867 2685 3104 2754; x_wconf 80' lang='lat' dir='ltr'><strong>fecimus.</strong></span> <span class='ocrx_word' id='word_1_632' title='bbox 3166 2683 3662 2755; x_wconf 83' lang='lat' dir='ltr'><strong>ChristOphorsoni</strong></span> <span class='ocrx_word' id='word_1_633' title='bbox 3713 2695 3871 2740; x_wconf 84' lang='lat' dir='ltr'><strong>autem</strong></span> 
     </span>
    </p>
   </div>
   <div class='ocr_carea' id='block_1_96' title="bbox 2300 2755 3871 2826">
    <p class='ocr_par' dir='ltr' id='par_1_96' title="bbox 2300 2755 3871 2826">
     <span class='ocr_line' id='line_1_97' title="bbox 2300 2755 3871 2826; baseline 0 -17"><span class='ocrx_word' id='word_1_634' title='bbox 2300 2755 2687 2826; x_wconf 84' lang='lat' dir='ltr'><strong>interpretatio</strong></span> <span class='ocrx_word' id='word_1_635' title='bbox 2707 2757 2786 2811; x_wconf 92' lang='lat' dir='ltr'><strong>sic</strong></span> <span class='ocrx_word' id='word_1_636' title='bbox 2817 2757 3015 2810; x_wconf 87' lang='lat' dir='ltr'><strong>habet:</strong></span> <span class='ocrx_word' id='word_1_637' title='bbox 3044 2757 3172 2810; x_wconf 86' lang='lat' dir='ltr'><strong>Tum</strong></span> <span class='ocrx_word' id='word_1_638' title='bbox 3196 2764 3253 2808; x_wconf 91' lang='lat' dir='ltr'><strong>ut</strong></span> <span class='ocrx_word' id='word_1_639' title='bbox 3276 2755 3356 2810; x_wconf 82' lang='lat' dir='ltr'><strong>illi</strong></span> <span class='ocrx_word' id='word_1_640' title='bbox 3377 2758 3471 2825; x_wconf 87' lang='lat' dir='ltr'><strong>qui</strong></span> <span class='ocrx_word' id='word_1_641' title='bbox 3505 2756 3760 2809; x_wconf 82' lang='lat' dir='ltr'><strong>nobiscum</strong></span> <span class='ocrx_word' id='word_1_642' title='bbox 3783 2773 3871 2809; x_wconf 76' lang='lat' dir='ltr'><strong>una</strong></span> 
     </span>
    </p>
   </div>
   <div class='ocr_carea' id='block_1_97' title="bbox 2299 2827 3868 2898">
    <p class='ocr_par' dir='ltr' id='par_1_97' title="bbox 2299 2827 3868 2898">
     <span class='ocr_line' id='line_1_98' title="bbox 2299 2827 3868 2898; baseline 0.002 -21"><span class='ocrx_word' id='word_1_643' title='bbox 2299 2829 2704 2882; x_wconf 81' lang='lat' dir='ltr'><strong>accersebantur</strong></span> <span class='ocrx_word' id='word_1_644' title='bbox 2746 2827 2850 2898; x_wconf 88' lang='lat' dir='ltr'><strong>[sic</strong></span> <span class='ocrx_word' id='word_1_645' title='bbox 2909 2827 3132 2896; x_wconf 89' lang='lat' dir='ltr'><strong>quidem</strong></span> <span class='ocrx_word' id='word_1_646' title='bbox 3161 2827 3298 2882; x_wconf 88' lang='lat' dir='ltr'><strong>edit.</strong></span> <span class='ocrx_word' id='word_1_647' title='bbox 3333 2828 3514 2882; x_wconf 81' lang='lat' dir='ltr'><strong>Paris.</strong></span> <span class='ocrx_word' id='word_1_648' title='bbox 3554 2835 3684 2898; x_wconf 84' lang='lat' dir='ltr'><strong>puto</strong></span> <span class='ocrx_word' id='word_1_649' title='bbox 3711 2837 3868 2882; x_wconf 88' lang='lat' dir='ltr'><strong>tamen</strong></span> 
     </span>
    </p>
   </div>
   <div class='ocr_carea' id='block_1_98' title="bbox 2298 2896 3870 2967">
    <p class='ocr_par' dir='ltr' id='par_1_98' title="bbox 2298 2896 3870 2967">
     <span class='ocr_line' id='line_1_99' title="bbox 2298 2896 3870 2967; baseline 0 -16"><span class='ocrx_word' id='word_1_650' title='bbox 2298 2898 2576 2953; x_wconf 85' lang='lat' dir='ltr'><strong>Valesium</strong></span> <span class='ocrx_word' id='word_1_651' title='bbox 2619 2896 2905 2967; x_wconf 81' lang='lat' dir='ltr'><strong>scripsisse</strong></span> <span class='ocrx_word' id='word_1_652' title='bbox 2935 2899 3367 2952; x_wconf 86' lang='lat' dir='ltr'><strong>accensebantur.</strong></span> <span class='ocrx_word' id='word_1_653' title='bbox 3407 2896 3870 2966; x_wconf 85' lang='lat' dir='ltr'><strong>Christophorsoni</strong></span> 
     </span>
    </p>
   </div>
   <div class='ocr_carea' id='block_1_99' title="bbox 2299 2967 3872 3038">
    <p class='ocr_par' dir='ltr' id='par_1_99' title="bbox 2299 2967 3872 3038">
     <span class='ocr_line' id='line_1_100' title="bbox 2299 2967 3872 3038; baseline 0.001 -18"><span class='ocrx_word' id='word_1_654' title='bbox 2299 2969 2524 3036; x_wconf 90' lang='lat' dir='ltr'><strong>quidem</strong></span> <span class='ocrx_word' id='word_1_655' title='bbox 2553 2969 2937 3038; x_wconf 89' lang='lat' dir='ltr'><strong>interpretatio</strong></span> <span class='ocrx_word' id='word_1_656' title='bbox 2969 2970 3122 3037; x_wconf 77' lang='lat' dir='ltr'><strong>juxta</strong></span> <span class='ocrx_word' id='word_1_657' title='bbox 3153 2969 3456 3025; x_wconf 87' lang='lat' dir='ltr'><strong>editionem</strong></span> <span class='ocrx_word' id='word_1_658' title='bbox 3497 2967 3726 3033; x_wconf 84' lang='lat' dir='ltr'><strong>Coloss.,</strong></span> <span class='ocrx_word' id='word_1_659' title='bbox 3748 2983 3872 3022; x_wconf 88' lang='lat' dir='ltr'><strong>anno</strong></span> 
     </span>
    </p>
   </div>
   <div class='ocr_carea' id='block_1_100' title="bbox 2303 3039 3868 3112">
    <p class='ocr_par' dir='ltr' id='par_1_100' title="bbox 2303 3039 3868 3112">
     <span class='ocr_line' id='line_1_101' title="bbox 2303 3039 3868 3112; baseline -0.001 -20"><span class='ocrx_word' id='word_1_660' title='bbox 2303 3040 2465 3102; x_wconf 72' lang='grc'><strong>1612,</strong></span> <span class='ocrx_word' id='word_1_661' title='bbox 2527 3040 2753 3112; x_wconf 76' lang='lat' dir='ltr'><strong>exhibet</strong></span> <span class='ocrx_word' id='word_1_662' title='bbox 2807 3039 3205 3112; x_wconf 76' lang='lat' dir='ltr'><strong>versabantur],</strong></span> <span class='ocrx_word' id='word_1_663' title='bbox 3243 3057 3349 3112; x_wconf 79' lang='lat' dir='ltr'><strong>pro</strong></span> <span class='ocrx_word' id='word_1_664' title='bbox 3409 3040 3708 3112; x_wconf 75' lang='lat' dir='ltr'><strong>defensione</strong></span> <span class='ocrx_word' id='word_1_665' title='bbox 3754 3040 3868 3112; x_wconf 67' lang='lat' dir='ltr'><strong>idem</strong></span> 
     </span>
    </p>
   </div>
   <div class='ocr_carea' id='block_1_101' title="bbox 2299 3109 3869 3236">
    <p class='ocr_par' dir='ltr' id='par_1_101' title="bbox 2299 3109 3869 3236">
     <span class='ocr_line' id='line_1_102' title="bbox 2299 3109 3869 3236; baseline -0.003 -72"><span class='ocrx_word' id='word_1_666' title='bbox 2299 3112 2476 3178; x_wconf 82' lang='lat' dir='ltr'><strong>ipsum</strong></span> <span class='ocrx_word' id='word_1_667' title='bbox 2513 3110 2767 3174; x_wconf 79' lang='lat' dir='ltr'><strong>dicerent,</strong></span> <span class='ocrx_word' id='word_1_668' title='bbox 2815 3112 3097 3236; x_wconf 51' lang='lat' dir='ltr'><strong>egeamus.</strong></span> <span class='ocrx_word' id='word_1_669' title='bbox 3127 3109 3373 3166; x_wconf 70' lang='lat' dir='ltr'><strong>Verbum</strong></span> <span class='ocrx_word' id='word_1_670' title='bbox 3423 3111 3592 3182; x_wconf 81' lang='lat' dir='ltr'><strong>igitur</strong></span> <span class='ocrx_word' id='word_1_671' title='bbox 3615 3109 3869 3162; x_wconf 68' lang='grc' dir='ltr'>ὲπισυνελυ</span> 
     </span>
     <span class='ocr_line' id='line_1_103' title="bbox 2301 3180 3867 3236; baseline -0.001 -2"><span class='ocrx_word' id='word_1_672' title='bbox 2301 3180 2493 3236; x_wconf 79' lang='grc' dir='ltr'>θόντας</span> <span class='ocrx_word' id='word_1_673' title='bbox 2538 3181 2679 3235; x_wconf 90' lang='lat' dir='ltr'><strong>nihil</strong></span> <span class='ocrx_word' id='word_1_674' title='bbox 2721 3181 2832 3235; x_wconf 88' lang='lat' dir='ltr'><strong>aliu</strong></span> <span class='ocrx_word' id='word_1_675' title='bbox 2917 3182 3230 3236; x_wconf 71' lang='lat' dir='ltr'><strong>sianilicare</strong></span> <span class='ocrx_word' id='word_1_676' title='bbox 3270 3183 3679 3236; x_wconf 79' lang='lat' dir='ltr'><strong>existimarunt.</strong></span> <span class='ocrx_word' id='word_1_677' title='bbox 3725 3194 3867 3236; x_wconf 79' lang='lat' dir='ltr'><strong>quam</strong></span> 
     </span>
    </p>
   </div>
   <div class='ocr_carea' id='block_1_102' title="bbox 2301 3180 3867 3252">
    <p class='ocr_par' dir='ltr' id='par_1_102' title="bbox 2301 3180 3867 3252">
     <span class='ocr_line' id='line_1_104' title="bbox 2301 3180 3867 3252; baseline -0.001 -18"><span class='ocrx_word' id='word_1_678' title='bbox 2301 3180 2493 3244; x_wconf 81' lang='grc' dir='ltr'>θόντας</span> <span class='ocrx_word' id='word_1_679' title='bbox 2538 3181 2679 3235; x_wconf 91' lang='lat' dir='ltr'><strong>nihil</strong></span> <span class='ocrx_word' id='word_1_680' title='bbox 2721 3180 2872 3252; x_wconf 85' lang='lat' dir='ltr'><strong>aliud</strong></span> <span class='ocrx_word' id='word_1_681' title='bbox 2917 3182 3230 3252; x_wconf 79' lang='lat' dir='ltr'><strong>signiﬁcare</strong></span> <span class='ocrx_word' id='word_1_682' title='bbox 3270 3180 3682 3252; x_wconf 78' lang='lat' dir='ltr'><strong>existimarunt,</strong></span> <span class='ocrx_word' id='word_1_683' title='bbox 3709 3194 3867 3252; x_wconf 19' lang='lat' dir='ltr'><strong>Aquam</strong></span> 
     </span>
    </p>
   </div>
   <div class='ocr_carea' id='block_1_103' title="bbox 2307 3250 3868 3323">
    <p class='ocr_par' dir='ltr' id='par_1_103' title="bbox 2307 3250 3868 3323">
     <span class='ocr_line' id='line_1_105' title="bbox 2307 3250 3868 3323; baseline -0.001 -20"><span class='ocrx_word' id='word_1_684' title='bbox 2307 3253 2683 3314; x_wconf 82' lang='grc' dir='ltr'>συνελθόντας.</span> <span class='ocrx_word' id='word_1_685' title='bbox 2731 3251 2845 3322; x_wconf 80' lang='lat' dir='ltr'><strong>Ego</strong></span> <span class='ocrx_word' id='word_1_686' title='bbox 2884 3250 3018 3307; x_wconf 71' lang='lat' dir='ltr'><strong>vero</strong></span> <span class='ocrx_word' id='word_1_687' title='bbox 3055 3269 3154 3323; x_wconf 81' lang='lat' dir='ltr'><strong>per</strong></span> <span class='ocrx_word' id='word_1_688' title='bbox 3201 3268 3395 3308; x_wconf 84' lang='lat' dir='ltr'><strong>vocem</strong></span> <span class='ocrx_word' id='word_1_689' title='bbox 3449 3250 3868 3323; x_wconf 60' lang='lat' dir='ltr'><strong>£mauv_al.06v&#39;ra§</strong></span> 
     </span>
    </p>
   </div>
   <div class='ocr_carea' id='block_1_104' title="bbox 2306 3319 3866 3394">
    <p class='ocr_par' dir='ltr' id='par_1_104' title="bbox 2306 3319 3866 3394">
     <span class='ocr_line' id='line_1_106' title="bbox 2306 3319 3866 3394; baseline -0.003 -17"><span class='ocrx_word' id='word_1_690' title='bbox 2306 3323 2543 3394; x_wconf 82' lang='lat' dir='ltr'><strong>intelligi</strong></span> <span class='ocrx_word' id='word_1_691' title='bbox 2593 3332 2729 3391; x_wconf 85' lang='lat' dir='ltr'><strong>puto</strong></span> <span class='ocrx_word' id='word_1_692' title='bbox 2773 3319 3008 3378; x_wconf 77' lang='lat' dir='ltr'><strong>clericos</strong></span> <span class='ocrx_word' id='word_1_693' title='bbox 3055 3319 3118 3378; x_wconf 75' lang='lat' dir='ltr'><strong>et</strong></span> <span class='ocrx_word' id='word_1_694' title='bbox 3167 3324 3337 3378; x_wconf 86' lang='lat' dir='ltr'><strong>laieos</strong></span> <span class='ocrx_word' id='word_1_695' title='bbox 3401 3323 3574 3394; x_wconf 82' lang='lat' dir='ltr'><strong>partis</strong></span> <span class='ocrx_word' id='word_1_696' title='bbox 3623 3319 3866 3394; x_wconf 84' lang='lat' dir='ltr'><strong>Timothei</strong></span> 
     </span>
    </p>
   </div>
   <div class='ocr_carea' id='block_1_105' title="bbox 2306 3393 3864 3466">
    <p class='ocr_par' dir='ltr' id='par_1_105' title="bbox 2306 3393 3864 3466">
     <span class='ocr_line' id='line_1_107' title="bbox 2306 3393 3864 3466; baseline -0.003 -18"><span class='ocrx_word' id='word_1_697' title='bbox 2306 3393 2643 3466; x_wconf 77' lang='lat' dir='ltr'><strong>§alofacioli,</strong></span> <span class='ocrx_word' id='word_1_698' title='bbox 2680 3394 2776 3464; x_wconf 93' lang='lat' dir='ltr'><strong>qui</strong></span> <span class='ocrx_word' id='word_1_699' title='bbox 2816 3397 3090 3466; x_wconf 80' lang='lat' dir='ltr'><strong>aggregati</strong></span> <span class='ocrx_word' id='word_1_700' title='bbox 3131 3405 3290 3448; x_wconf 87' lang='lat' dir='ltr'><strong>erant</strong></span> <span class='ocrx_word' id='word_1_701' title='bbox 3325 3393 3481 3466; x_wconf 64' lang='lat' dir='ltr'><strong>Pero</strong></span> <span class='ocrx_word' id='word_1_702' title='bbox 3519 3393 3709 3463; x_wconf 84' lang='lat' dir='ltr'><strong>Mongo</strong></span> <span class='ocrx_word' id='word_1_703' title='bbox 3733 3393 3864 3462; x_wconf 85' lang='lat' dir='ltr'><strong>jussu</strong></span> 
     </span>
    </p>
   </div>
   <div class='ocr_carea' id='block_1_106' title="bbox 2304 3463 3865 3536">
    <p class='ocr_par' dir='ltr' id='par_1_106' title="bbox 2304 3463 3865 3536">
     <span class='ocr_line' id='line_1_108' title="bbox 2304 3463 3865 3536; baseline -0.003 -18"><span class='ocrx_word' id='word_1_704' title='bbox 2304 3464 2544 3536; x_wconf 82' lang='lat' dir='ltr'><strong>Zenonis</strong></span> <span class='ocrx_word' id='word_1_705' title='bbox 2605 3463 3043 3535; x_wconf 44' lang='lat' dir='ltr'><strong>AugtlstifNa&#39;tn</strong></span> <span class='ocrx_word' id='word_1_706' title='bbox 3098 3466 3402 3536; x_wconf 88' lang='lat' dir='ltr'><strong>imperator</strong></span> <span class='ocrx_word' id='word_1_707' title='bbox 3447 3463 3595 3536; x_wconf 86' lang='lat' dir='ltr'><strong>Zeno</strong></span> <span class='ocrx_word' id='word_1_708' title='bbox 3628 3470 3865 3536; x_wconf 67' lang='lat' dir='ltr'><strong>suasuet</strong></span> 
     </span>
    </p>
   </div>
   <div class='ocr_carea' id='block_1_107' title="bbox 2305 3532 3867 3606">
    <p class='ocr_par' dir='ltr' id='par_1_107' title="bbox 2305 3532 3867 3606">
     <span class='ocr_line' id='line_1_109' title="bbox 2305 3532 3867 3606; baseline -0.004 -16"><span class='ocrx_word' id='word_1_709' title='bbox 2305 3535 2542 3591; x_wconf 91' lang='lat' dir='ltr'><strong>consilio</strong></span> <span class='ocrx_word' id='word_1_710' title='bbox 2588 3532 2797 3600; x_wconf 46' lang='lat' dir='ltr'><strong>Aca&#39;eii,</strong></span> <span class='ocrx_word' id='word_1_711' title='bbox 2842 3536 3141 3605; x_wconf 87' lang='lat' dir='ltr'><strong>scripserat</strong></span> <span class='ocrx_word' id='word_1_712' title='bbox 3176 3532 3816 3606; x_wconf 28' lang='lat' dir='ltr'><strong>&#39;ApollonloAAugustali</strong></span> <span class='ocrx_word' id='word_1_713' title='bbox 3821 3539 3867 3585; x_wconf 85' lang='lat' dir='ltr'><strong>et</strong></span> 
     </span>
    </p>
   </div>
   <div class='ocr_carea' id='block_1_108' title="bbox 2306 3601 3864 3677">
    <p class='ocr_par' dir='ltr' id='par_1_108' title="bbox 2306 3601 3864 3677">
     <span class='ocr_line' id='line_1_110' title="bbox 2306 3601 3864 3677; baseline -0.004 -15"><span class='ocrx_word' id='word_1_714' title='bbox 2306 3607 2591 3677; x_wconf 79' lang='lat' dir='ltr'><strong>Pcrgamio</strong></span> <span class='ocrx_word' id='word_1_715' title='bbox 2641 3607 2790 3673; x_wconf 81' lang='lat' dir='ltr'><strong>duci,</strong></span> <span class='ocrx_word' id='word_1_716' title='bbox 2835 3614 2896 3661; x_wconf 94' lang='lat' dir='ltr'><strong>ut</strong></span> <span class='ocrx_word' id='word_1_717' title='bbox 2924 3601 3198 3677; x_wconf 80' lang='lat' dir='ltr'><strong>pellerent</strong></span> <span class='ocrx_word' id='word_1_718' title='bbox 3223 3601 3453 3676; x_wconf 82' lang='lat' dir='ltr'><strong>quidem</strong></span> <span class='ocrx_word' id='word_1_719' title='bbox 3497 3601 3748 3677; x_wconf 66' lang='lat' dir='ltr'><strong>Joannem</strong></span> <span class='ocrx_word' id='word_1_720' title='bbox 3780 3601 3864 3656; x_wconf 83' lang='lat' dir='ltr'><strong>Ta-</strong></span> 
     </span>
    </p>
   </div>
   <div class='ocr_carea' id='block_1_109' title="bbox 2305 3675 3861 3751">
    <p class='ocr_par' dir='ltr' id='par_1_109' title="bbox 2305 3675 3861 3751">
     <span class='ocr_line' id='line_1_111' title="bbox 2305 3675 3861 3751; baseline -0.004 -20"><span class='ocrx_word' id='word_1_721' title='bbox 2305 3675 2500 3751; x_wconf 67' lang='lat' dir='ltr'><strong>laiain,</strong></span> <span class='ocrx_word' id='word_1_722' title='bbox 2522 3675 2967 3751; x_wconf 84' lang='lat' dir='ltr'><strong>inthrouizarent</strong></span> <span class='ocrx_word' id='word_1_723' title='bbox 2993 3686 3188 3751; x_wconf 67' lang='lat' dir='ltr'><strong>autem</strong></span> <span class='ocrx_word' id='word_1_724' title='bbox 3209 3675 3861 3751; x_wconf 73' lang='lat' dir='ltr'><strong>Petrum,__suscipient_eqi</strong></span> 
     </span>
    </p>
   </div>
   <div class='ocr_carea' id='block_1_110' title="bbox 2307 3743 3864 3822">
    <p class='ocr_par' dir='ltr' id='par_1_110' title="bbox 2307 3743 3864 3822">
     <span class='ocr_line' id='line_1_112' title="bbox 2307 3743 3864 3822; baseline -0.004 -20"><span class='ocrx_word' id='word_1_725' title='bbox 2307 3748 2615 3822; x_wconf 76' lang='lat' dir='ltr'><strong>llerioticon</strong></span> <span class='ocrx_word' id='word_1_726' title='bbox 2644 3759 2701 3804; x_wconf 92' lang='lat' dir='ltr'><strong>ct</strong></span> <span class='ocrx_word' id='word_1_727' title='bbox 2728 3749 3288 3822; x_wconf 10' lang='lat' dir='ltr'><strong>clericosiTimothciA</strong></span> <span class='ocrx_word' id='word_1_728' title='bbox 3306 3747 3587 3822; x_wconf 64' lang='lat' dir='ltr'><strong>catholici,</strong></span> <span class='ocrx_word' id='word_1_729' title='bbox 3619 3743 3675 3801; x_wconf 80' lang='lat' dir='ltr'><strong>ut</strong></span> <span class='ocrx_word' id='word_1_730' title='bbox 3699 3743 3864 3822; x_wconf 78' lang='lat' dir='ltr'><strong>scribit</strong></span> 
     </span>
    </p>
   </div>
   <div class='ocr_carea' id='block_1_111' title="bbox 2307 3818 3861 3886">
    <p class='ocr_par' dir='ltr' id='par_1_111' title="bbox 2307 3818 3861 3886">
     <span class='ocr_line' id='line_1_113' title="bbox 2307 3818 3861 3886; baseline -0.005 -13"><span class='ocrx_word' id='word_1_731' title='bbox 2307 3819 2604 3876; x_wconf 84' lang='lat' dir='ltr'><strong>Liberatus</strong></span> <span class='ocrx_word' id='word_1_732' title='bbox 2636 3822 2693 3875; x_wconf 91' lang='lat' dir='ltr'><strong>in</strong></span> <span class='ocrx_word' id='word_1_733' title='bbox 2734 3820 3030 3882; x_wconf 84' lang='lat' dir='ltr'><strong>Breviario.</strong></span> <span class='ocrx_word' id='word_1_734' title='bbox 3069 3835 3191 3886; x_wconf 89' lang='lat' dir='ltr'><strong>cap.</strong></span> <span class='ocrx_word' id='word_1_735' title='bbox 3234 3820 3321 3875; x_wconf 76' lang='grc'><strong>18.</strong></span> <span class='ocrx_word' id='word_1_736' title='bbox 3364 3818 3672 3886; x_wconf 87' lang='lat' dir='ltr'><strong>Scripserat</strong></span> <span class='ocrx_word' id='word_1_737' title='bbox 3719 3818 3861 3870; x_wconf 87' lang='lat' dir='ltr'><strong>etiam</strong></span> 
     </span>
    </p>
   </div>
   <div class='ocr_carea' id='block_1_112' title="bbox 2307 3835 3857 3958">
    <p class='ocr_par' dir='ltr' id='par_1_112' title="bbox 2307 3835 3857 3958">
     <span class='ocr_line' id='line_1_114' title="bbox 2308 3835 3857 3886; baseline -0.005 -13"><span class='ocrx_word' id='word_1_738' title='bbox 2308 3835 2604 3876; x_wconf 72' lang='lat' dir='ltr'><strong>Liberatus</strong></span> <span class='ocrx_word' id='word_1_739' title='bbox 2636 3837 2693 3875; x_wconf 78' lang='lat' dir='ltr'><strong>in</strong></span> <span class='ocrx_word' id='word_1_740' title='bbox 2734 3835 3030 3882; x_wconf 81' lang='lat' dir='ltr'><strong>urevwrw.</strong></span> <span class='ocrx_word' id='word_1_741' title='bbox 3069 3836 3132 3875; x_wconf 91' lang='lat' dir='ltr'><strong>ca</strong></span> <span class='ocrx_word' id='word_1_742' title='bbox 3179 3861 3191 3874; x_wconf 94' lang='lat'><strong>.</strong></span> <span class='ocrx_word' id='word_1_743' title='bbox 3234 3835 3321 3875; x_wconf 78' lang='grc' dir='ltr'><strong>ιδ.</strong></span> <span class='ocrx_word' id='word_1_744' title='bbox 3365 3835 3672 3886; x_wconf 71' lang='grc' dir='ltr'>δοτψδετσι</span> <span class='ocrx_word' id='word_1_745' title='bbox 3719 3835 3857 3870; x_wconf 77' lang='lat' dir='ltr'><strong>etiam</strong></span> 
     </span>
     <span class='ocr_line' id='line_1_115' title="bbox 2307 3835 3857 3958; baseline -0.005 -15"><span class='ocrx_word' id='word_1_746' title='bbox 2307 3890 2457 3946; x_wconf 87' lang='lat' dir='ltr'><strong>Zeno</strong></span> <span class='ocrx_word' id='word_1_747' title='bbox 2504 3892 2717 3946; x_wconf 89' lang='lat' dir='ltr'><strong>litteras</strong></span> <span class='ocrx_word' id='word_1_748' title='bbox 2751 3890 2820 3944; x_wconf 89' lang='lat' dir='ltr'><strong>ad</strong></span> <span class='ocrx_word' id='word_1_749' title='bbox 2850 3889 3074 3946; x_wconf 86' lang='lat' dir='ltr'><strong>Petrum</strong></span> <span class='ocrx_word' id='word_1_750' title='bbox 3106 3835 3386 3958; x_wconf 57' lang='lat' dir='ltr'><strong>hrmtgum,</strong></span> <span class='ocrx_word' id='word_1_751' title='bbox 3420 3889 3621 3956; x_wconf 86' lang='lat' dir='ltr'><strong>quibus</strong></span> <span class='ocrx_word' id='word_1_752' title='bbox 3651 3886 3698 3940; x_wconf 90' lang='lat' dir='ltr'><strong>ei</strong></span> <span class='ocrx_word' id='word_1_753' title='bbox 3716 3899 3857 3958; x_wconf 72' lang='lat' dir='ltr'><strong>inan-</strong></span> 
     </span>
    </p>
   </div>
   <div class='ocr_carea' id='block_1_113' title="bbox 2306 3956 3860 4030">
    <p class='ocr_par' dir='ltr' id='par_1_113' title="bbox 2306 3956 3860 4030">
     <span class='ocr_line' id='line_1_116' title="bbox 2306 3956 3860 4030; baseline -0.006 -15"><span class='ocrx_word' id='word_1_754' title='bbox 2306 3961 2494 4024; x_wconf 88' lang='lat' dir='ltr'><strong>dabat,</strong></span> <span class='ocrx_word' id='word_1_755' title='bbox 2527 3973 2584 4016; x_wconf 91' lang='lat' dir='ltr'><strong>ut</strong></span> <span class='ocrx_word' id='word_1_756' title='bbox 2607 3963 2839 4016; x_wconf 89' lang='lat' dir='ltr'><strong>clericos</strong></span> <span class='ocrx_word' id='word_1_757' title='bbox 2861 3961 3031 4030; x_wconf 90' lang='lat' dir='ltr'><strong>partis</strong></span> <span class='ocrx_word' id='word_1_758' title='bbox 3057 3956 3333 4016; x_wconf 83' lang='lat' dir='ltr'><strong>Timothei</strong></span> <span class='ocrx_word' id='word_1_759' title='bbox 3365 3961 3470 4030; x_wconf 91' lang='lat' dir='ltr'><strong>ipsi</strong></span> <span class='ocrx_word' id='word_1_760' title='bbox 3489 3956 3860 4030; x_wconf 63' lang='lat' dir='ltr'><strong>consentientes</strong></span> 
     </span>
    </p>
   </div>
   <div class='ocr_carea' id='block_1_114' title="bbox 2307 4025 3859 4102">
    <p class='ocr_par' dir='ltr' id='par_1_114' title="bbox 2307 4025 3859 4102">
     <span class='ocr_line' id='line_1_117' title="bbox 2307 4025 3859 4102; baseline -0.006 -17"><span class='ocrx_word' id='word_1_761' title='bbox 2307 4033 2636 4102; x_wconf 90' lang='lat' dir='ltr'><strong>susciperet,</strong></span> <span class='ocrx_word' id='word_1_762' title='bbox 2671 4025 3138 4101; x_wconf 76' lang='lat' dir='ltr'><strong>quemadmodum</strong></span> <span class='ocrx_word' id='word_1_763' title='bbox 3176 4032 3319 4086; x_wconf 86' lang='lat' dir='ltr'><strong>idem</strong></span> <span class='ocrx_word' id='word_1_764' title='bbox 3352 4025 3638 4085; x_wconf 77' lang='lat' dir='ltr'><strong>Liberatus</strong></span> <span class='ocrx_word' id='word_1_765' title='bbox 3660 4025 3859 4102; x_wconf 78' lang='lat' dir='ltr'><strong>allirtnat</strong></span> 
     </span>
    </p>
   </div>
   <div class='ocr_carea' id='block_1_115' title="bbox 2307 4097 3858 4172">
    <p class='ocr_par' dir='ltr' id='par_1_115' title="bbox 2307 4097 3858 4172">
     <span class='ocr_line' id='line_1_118' title="bbox 2307 4097 3858 4172; baseline -0.006 -16"><span class='ocrx_word' id='word_1_766' title='bbox 2307 4103 2394 4156; x_wconf 85' lang='lat' dir='ltr'><strong>his</strong></span> <span class='ocrx_word' id='word_1_767' title='bbox 2443 4097 2630 4158; x_wconf 75' lang='lat' dir='ltr'><strong>verbis</strong></span> <span class='ocrx_word' id='word_1_768' title='bbox 2664 4097 2773 4156; x_wconf 46' lang='lat' dir='ltr'><strong>{Et</strong></span> <span class='ocrx_word' id='word_1_769' title='bbox 2794 4105 3006 4172; x_wconf 84' lang='lat' dir='ltr'><strong>quidem</strong></span> <span class='ocrx_word' id='word_1_770' title='bbox 3042 4104 3227 4156; x_wconf 78' lang='lat' dir='ltr'><strong>Petrus</strong></span> <span class='ocrx_word' id='word_1_771' title='bbox 3260 4103 3650 4156; x_wconf 77' lang='lat' dir='ltr'><strong>inthronizatur</strong></span> <span class='ocrx_word' id='word_1_772' title='bbox 3682 4097 3740 4172; x_wconf 69' lang='lat' dir='ltr'><strong>al:</strong></span> <span class='ocrx_word' id='word_1_773' title='bbox 3761 4111 3858 4147; x_wconf 85' lang='lat' dir='ltr'><strong>ont-</strong></span> 
     </span>
    </p>
   </div>
   <div class='ocr_carea' id='block_1_116' title="bbox 2308 4169 3855 4246">
    <p class='ocr_par' dir='ltr' id='par_1_116' title="bbox 2308 4169 3855 4246">
     <span class='ocr_line' id='line_1_119' title="bbox 2308 4169 3855 4246; baseline -0.006 -19"><span class='ocrx_word' id='word_1_774' title='bbox 2308 4174 2483 4227; x_wconf 85' lang='lat' dir='ltr'><strong>nibus.</strong></span> <span class='ocrx_word' id='word_1_775' title='bbox 2529 4169 2906 4246; x_wconf 32' lang='lat' dir='ltr'><strong>Scriptum-est</strong></span> <span class='ocrx_word' id='word_1_776' title='bbox 2935 4173 2998 4227; x_wconf 82' lang='lat' dir='ltr'><strong>ab</strong></span> <span class='ocrx_word' id='word_1_777' title='bbox 3043 4176 3392 4246; x_wconf 64' lang='lat' dir='ltr'><strong>imperatore,</strong></span> <span class='ocrx_word' id='word_1_778' title='bbox 3421 4181 3480 4225; x_wconf 85' lang='lat' dir='ltr'><strong>ut</strong></span> <span class='ocrx_word' id='word_1_779' title='bbox 3513 4169 3855 4246; x_wconf 61' lang='lat' dir='ltr'><strong>consentientes</strong></span> 
     </span>
    </p>
   </div>
   <div class='ocr_carea' id='block_1_117' title="bbox 2304 4235 3853 4315">
    <p class='ocr_par' dir='ltr' id='par_1_117' title="bbox 2304 4235 3853 4315">
     <span class='ocr_line' id='line_1_120' title="bbox 2304 4235 3853 4315; baseline -0.006 -17"><span class='ocrx_word' id='word_1_780' title='bbox 2304 4246 2592 4314; x_wconf 83' lang='lat' dir='ltr'><strong>susciperet</strong></span> <span class='ocrx_word' id='word_1_781' title='bbox 2642 4235 2726 4298; x_wconf 77' lang='lat' dir='ltr'><strong>eos</strong></span> <span class='ocrx_word' id='word_1_782' title='bbox 2756 4245 2846 4314; x_wconf 89' lang='lat' dir='ltr'><strong>qui</strong></span> <span class='ocrx_word' id='word_1_783' title='bbox 2889 4255 3043 4298; x_wconf 84' lang='lat' dir='ltr'><strong>erunt</strong></span> <span class='ocrx_word' id='word_1_784' title='bbox 3079 4235 3304 4313; x_wconf 56' lang='lat' dir='ltr'><strong>a&#39;parte</strong></span> <span class='ocrx_word' id='word_1_785' title='bbox 3334 4242 3586 4315; x_wconf 65' lang='lat' dir='ltr'><strong>Timqthei</strong></span> <span class='ocrx_word' id='word_1_786' title='bbox 3629 4235 3853 4315; x_wconf 68' lang='lat' dir='ltr'><strong>catholici.</strong></span> 
     </span>
    </p>
   </div>
   <div class='ocr_carea' id='block_1_118' title="bbox 2306 4306 3856 4390">
    <p class='ocr_par' dir='ltr' id='par_1_118' title="bbox 2306 4306 3856 4390">
     <span class='ocr_line' id='line_1_121' title="bbox 2306 4306 3856 4390; baseline -0.007 -20"><span class='ocrx_word' id='word_1_787' title='bbox 2306 4315 2365 4370; x_wconf 92' lang='lat' dir='ltr'><strong>ld</strong></span> <span class='ocrx_word' id='word_1_788' title='bbox 2393 4306 2497 4378; x_wconf 83' lang='lat' dir='ltr'><strong>est,</strong></span> <span class='ocrx_word' id='word_1_789' title='bbox 2527 4326 2635 4390; x_wconf 83' lang='lat' dir='ltr'><strong>tam</strong></span> <span class='ocrx_word' id='word_1_790' title='bbox 2660 4306 2913 4390; x_wconf 74' lang='lat' dir='ltr'><strong>clericos,</strong></span> <span class='ocrx_word' id='word_1_791' title='bbox 2940 4331 3104 4390; x_wconf 74' lang='lat' dir='ltr'><strong>quam</strong></span> <span class='ocrx_word' id='word_1_792' title='bbox 3129 4306 3318 4390; x_wconf 72' lang='lat' dir='ltr'><strong>laieos,</strong></span> <span class='ocrx_word' id='word_1_793' title='bbox 3341 4315 3437 4384; x_wconf 90' lang='lat' dir='ltr'><strong>qui</strong></span> <span class='ocrx_word' id='word_1_794' title='bbox 3461 4306 3856 4390; x_wconf 70' lang='lat' dir='ltr'><strong>Zenoniscdieto</strong></span> 
     </span>
    </p>
   </div>
   <div class='ocr_carea' id='block_1_119' title="bbox 2307 4381 3852 4460">
    <p class='ocr_par' dir='ltr' id='par_1_119' title="bbox 2307 4381 3852 4460">
     <span class='ocr_line' id='line_1_122' title="bbox 2307 4381 3852 4460; baseline -0.01 -19"><span class='ocrx_word' id='word_1_795' title='bbox 2307 4388 2625 4460; x_wconf 80' lang='lat' dir='ltr'><strong>consentire</strong></span> <span class='ocrx_word' id='word_1_796' title='bbox 2647 4381 2976 4460; x_wconf 57' lang='lat' dir='ltr'><strong>voluissent:</strong></span> <span class='ocrx_word' id='word_1_797' title='bbox 3005 4387 3121 4460; x_wconf 87' lang='lat' dir='ltr'><strong>_l_los</strong></span> <span class='ocrx_word' id='word_1_798' title='bbox 3147 4386 3337 4455; x_wconf 80' lang='lat' dir='ltr'><strong>igitur,</strong></span> <span class='ocrx_word' id='word_1_799' title='bbox 3360 4381 3492 4460; x_wconf 72' lang='lat' dir='ltr'><strong>eum</strong></span> <span class='ocrx_word' id='word_1_800' title='bbox 3522 4381 3852 4460; x_wconf 75' lang='lat' dir='ltr'><strong>ecclesiastica</strong></span> 
     </span>
    </p>
   </div>
   <div class='ocr_carea' id='block_1_120' title="bbox 2306 4454 3851 4526">
    <p class='ocr_par' dir='ltr' id='par_1_120' title="bbox 2306 4454 3851 4526">
     <span class='ocr_line' id='line_1_123' title="bbox 2306 4454 3851 4526; baseline -0.009 -14"><span class='ocrx_word' id='word_1_801' title='bbox 2306 4466 2426 4512; x_wconf 86' lang='lat' dir='ltr'><strong>acta</strong></span> <span class='ocrx_word' id='word_1_802' title='bbox 2453 4458 2750 4512; x_wconf 90' lang='lat' dir='ltr'><strong>conliecret</strong></span> <span class='ocrx_word' id='word_1_803' title='bbox 2773 4458 2970 4511; x_wconf 87' lang='lat' dir='ltr'><strong>Petrus</strong></span> <span class='ocrx_word' id='word_1_804' title='bbox 3001 4454 3251 4525; x_wconf 84' lang='lat' dir='ltr'><strong>Mongus,</strong></span> <span class='ocrx_word' id='word_1_805' title='bbox 3302 4457 3508 4526; x_wconf 88' lang='lat' dir='ltr'><strong>quibus</strong></span> <span class='ocrx_word' id='word_1_806' title='bbox 3533 4454 3718 4506; x_wconf 74' lang='lat' dir='ltr'><strong>Acacio</strong></span> <span class='ocrx_word' id='word_1_807' title='bbox 3742 4460 3851 4526; x_wconf 84' lang='lat' dir='ltr'><strong>pro-</strong></span> 
     </span>
    </p>
   </div>
   <div class='ocr_carea' id='block_1_121' title="bbox 2308 4519 3852 4599">
    <p class='ocr_par' dir='ltr' id='par_1_121' title="bbox 2308 4519 3852 4599">
     <span class='ocr_line' id='line_1_124' title="bbox 2308 4519 3852 4599; baseline -0.01 -16"><span class='ocrx_word' id='word_1_808' title='bbox 2308 4529 2464 4584; x_wconf 87' lang='lat' dir='ltr'><strong>baret</strong></span> <span class='ocrx_word' id='word_1_809' title='bbox 2504 4545 2563 4583; x_wconf 91' lang='lat' dir='ltr'><strong>se</strong></span> <span class='ocrx_word' id='word_1_810' title='bbox 2593 4527 3103 4599; x_wconf 83' lang='lat' dir='ltr'><strong>Chalcedonensem</strong></span> <span class='ocrx_word' id='word_1_811' title='bbox 3132 4519 3406 4599; x_wconf 73' lang='lat' dir='ltr'><strong>synodum</strong></span> <span class='ocrx_word' id='word_1_812' title='bbox 3431 4537 3707 4599; x_wconf 75' lang='lat' dir='ltr'><strong>nunquam</strong></span> <span class='ocrx_word' id='word_1_813' title='bbox 3725 4519 3852 4571; x_wconf 88' lang='lat' dir='ltr'><strong>dam-</strong></span> 
     </span>
    </p>
   </div>
   <div class='ocr_carea' id='block_1_122' title="bbox 2306 4595 3851 4668">
    <p class='ocr_par' dir='ltr' id='par_1_122' title="bbox 2306 4595 3851 4668">
     <span class='ocr_line' id='line_1_125' title="bbox 2306 4595 3851 4668; baseline -0.01 -15"><span class='ocrx_word' id='word_1_814' title='bbox 2306 4615 2487 4664; x_wconf 88' lang='lat' dir='ltr'><strong>nasse,</strong></span> <span class='ocrx_word' id='word_1_815' title='bbox 2531 4607 2698 4654; x_wconf 87' lang='lat' dir='ltr'><strong>testes</strong></span> <span class='ocrx_word' id='word_1_816' title='bbox 2741 4599 3019 4661; x_wconf 86' lang='lat' dir='ltr'><strong>adhibuit,</strong></span> <span class='ocrx_word' id='word_1_817' title='bbox 3065 4595 3308 4668; x_wconf 77' lang='lat' dir='ltr'><strong>fecitque</strong></span> <span class='ocrx_word' id='word_1_818' title='bbox 3351 4606 3412 4651; x_wconf 90' lang='lat' dir='ltr'><strong>ut</strong></span> <span class='ocrx_word' id='word_1_819' title='bbox 3447 4595 3742 4668; x_wconf 87' lang='lat' dir='ltr'><strong>testimonio</strong></span> <span class='ocrx_word' id='word_1_820' title='bbox 3771 4599 3851 4639; x_wconf 83' lang='lat' dir='ltr'><strong>suo</strong></span> 
     </span>
    </p>
   </div>
   <div class='ocr_carea' id='block_1_123' title="bbox 2304 4667 3850 4740">
    <p class='ocr_par' dir='ltr' id='par_1_123' title="bbox 2304 4667 3850 4740">
     <span class='ocr_line' id='line_1_126' title="bbox 2304 4667 3850 4740; baseline -0.01 -15"><span class='ocrx_word' id='word_1_821' title='bbox 2304 4671 2720 4733; x_wconf 85' lang='lat' dir='ltr'><strong>confirmarent,</strong></span> <span class='ocrx_word' id='word_1_822' title='bbox 2765 4669 3278 4740; x_wconf 77' lang='lat' dir='ltr'><strong>Chalcedonensem</strong></span> <span class='ocrx_word' id='word_1_823' title='bbox 3315 4667 3582 4740; x_wconf 86' lang='lat' dir='ltr'><strong>synodum</strong></span> <span class='ocrx_word' id='word_1_824' title='bbox 3609 4669 3850 4740; x_wconf 82' lang='lat' dir='ltr'><strong>nuuquatlt</strong></span> 
     </span>
    </p>
   </div>
   <div class='ocr_carea' id='block_1_124' title="bbox 2305 4739 3848 4808">
    <p class='ocr_par' dir='ltr' id='par_1_124' title="bbox 2305 4739 3848 4808">
     <span class='ocr_line' id='line_1_127' title="bbox 2305 4739 3848 4808; baseline -0.012 -13"><span class='ocrx_word' id='word_1_825' title='bbox 2305 4757 2334 4795; x_wconf 91' lang='lat' dir='ltr'><strong>a</strong></span> <span class='ocrx_word' id='word_1_826' title='bbox 2377 4742 2540 4796; x_wconf 85' lang='lat' dir='ltr'><strong>Petro</strong></span> <span class='ocrx_word' id='word_1_827' title='bbox 2588 4741 2757 4795; x_wconf 89' lang='lat' dir='ltr'><strong>fuisse</strong></span> <span class='ocrx_word' id='word_1_828' title='bbox 2797 4741 3133 4795; x_wconf 87' lang='lat' dir='ltr'><strong>danmatam.</strong></span> <span class='ocrx_word' id='word_1_829' title='bbox 3183 4739 3389 4794; x_wconf 87' lang='lat' dir='ltr'><strong>Eorum</strong></span> <span class='ocrx_word' id='word_1_830' title='bbox 3444 4750 3604 4808; x_wconf 88' lang='lat' dir='ltr'><strong>porro</strong></span> <span class='ocrx_word' id='word_1_831' title='bbox 3623 4739 3848 4808; x_wconf 71' lang='lat' dir='ltr'><strong>testimo-</strong></span> 
     </span>
    </p>
   </div>
   <div class='ocr_carea' id='block_1_125' title="bbox 2305 4803 3848 4880">
    <p class='ocr_par' dir='ltr' id='par_1_125' title="bbox 2305 4803 3848 4880">
     <span class='ocr_line' id='line_1_128' title="bbox 2305 4803 3848 4880; baseline -0.01 -16"><span class='ocrx_word' id='word_1_832' title='bbox 2305 4813 2459 4865; x_wconf 90' lang='lat' dir='ltr'><strong>nium</strong></span> <span class='ocrx_word' id='word_1_833' title='bbox 2504 4812 2609 4865; x_wconf 80' lang='lat' dir='ltr'><strong>[ide</strong></span> <span class='ocrx_word' id='word_1_834' title='bbox 2647 4811 2872 4880; x_wconf 79' lang='lat' dir='ltr'><strong>dignum</strong></span> <span class='ocrx_word' id='word_1_835' title='bbox 2916 4810 3232 4872; x_wconf 86' lang='lat' dir='ltr'><strong>videbatur,</strong></span> <span class='ocrx_word' id='word_1_836' title='bbox 3272 4826 3339 4864; x_wconf 92' lang='lat' dir='ltr'><strong>eo</strong></span> <span class='ocrx_word' id='word_1_837' title='bbox 3365 4803 3516 4880; x_wconf 69' lang='lat' dir='ltr'><strong>“quod</strong></span> <span class='ocrx_word' id='word_1_838' title='bbox 3564 4803 3848 4880; x_wconf 50' lang='lat' dir='ltr'><strong>fuisse-mes</strong></span> 
     </span>
    </p>
   </div>
   <div class='ocr_carea' id='block_1_126' title="bbox 2305 4865 3850 4952">
    <p class='ocr_par' dir='ltr' id='par_1_126' title="bbox 2305 4865 3850 4952">
     <span class='ocr_line' id='line_1_129' title="bbox 2305 4865 3850 4952; baseline -0.007 -16"><span class='ocrx_word' id='word_1_839' title='bbox 2305 4893 2460 4952; x_wconf 88' lang='lat' dir='ltr'><strong>parte</strong></span> <span class='ocrx_word' id='word_1_840' title='bbox 2499 4865 2777 4936; x_wconf 48' lang='lat' dir='ltr'><strong>TimotliJei</strong></span> <span class='ocrx_word' id='word_1_841' title='bbox 2819 4881 3102 4952; x_wconf 76' lang='lat' dir='ltr'><strong>catholici.</strong></span> <span class='ocrx_word' id='word_1_842' title='bbox 3151 4865 3247 4949; x_wconf 87' lang='lat' dir='ltr'><strong>qui</strong></span> <span class='ocrx_word' id='word_1_843' title='bbox 3293 4865 3557 4952; x_wconf 62' lang='lat' dir='ltr'><strong>syn&#39;odum</strong></span> <span class='ocrx_word' id='word_1_844' title='bbox 3589 4865 3850 4952; x_wconf 55' lang='lat' dir='ltr'><strong>Chalgcdgtf</strong></span> 
     </span>
    </p>
   </div>
   <div class='ocr_carea' id='block_1_127' title="bbox 2305 4939 3845 5026">
    <p class='ocr_par' dir='ltr' id='par_1_127' title="bbox 2305 4939 3845 5026">
     <span class='ocr_line' id='line_1_130' title="bbox 2305 4939 3845 5026; baseline 0.001 -20"><span class='ocrx_word' id='word_1_845' title='bbox 2305 4939 2539 5026; x_wconf 62' lang='lat' dir='ltr'><strong>iiensem</strong></span> <span class='ocrx_word' id='word_1_846' title='bbox 2585 4960 2876 5026; x_wconf 70' lang='lat' dir='ltr'><strong>perpetqu</strong></span> <span class='ocrx_word' id='word_1_847' title='bbox 2910 4939 3255 5026; x_wconf 56' lang='lat' dir='ltr'><strong>defenderat.</strong></span> <span class='ocrx_word' id='word_1_848' title='bbox 3302 4941 3439 5005; x_wconf 67' lang='lat' dir='ltr'><strong>Vide</strong></span> <span class='ocrx_word' id='word_1_849' title='bbox 3463 4953 3663 5026; x_wconf 31' lang='lat' dir='ltr'><strong>‘eappl‘</strong></span> <span class='ocrx_word' id='word_1_850' title='bbox 3688 4939 3845 5026; x_wconf 43' lang='lat' dir='ltr'><strong>“fili”</strong></span> 
     </span>
    </p>
   </div>
   <div class='ocr_carea' id='block_1_128' title="bbox 2309 5005 3845 5093">
    <p class='ocr_par' dir='ltr' id='par_1_128' title="bbox 2309 5005 3845 5093">
     <span class='ocr_line' id='line_1_131' title="bbox 2309 5005 3845 5093; baseline -0.004 -17"><span class='ocrx_word' id='word_1_851' title='bbox 2567 5005 2843 5093; x_wconf 53' lang='grc' dir='ltr'><strong>(ἶιὶότιιίιῖέ</strong></span> <span class='ocrx_word' id='word_1_852' title='bbox 2865 5005 3222 5093; x_wconf 72' lang='lat' dir='ltr'><strong>intelligenda</strong></span> <span class='ocrx_word' id='word_1_853' title='bbox 3259 5031 3429 5093; x_wconf 77' lang='lat' dir='ltr'><strong>sunt.</strong></span> <span class='ocrx_word' id='word_1_854' title='bbox 3463 5021 3537 5093; x_wconf 83' lang='lat' dir='ltr'><strong>De</strong></span> <span class='ocrx_word' id='word_1_855' title='bbox 3555 5005 3742 5093; x_wconf 60' lang='lat' dir='ltr'><strong>iisdem</strong></span> <span class='ocrx_word' id='word_1_856' title='bbox 3778 5005 3845 5093; x_wconf 57' lang='lat' dir='ltr'><strong>i9:</strong></span> 
     </span>
    </p>
   </div>
   <div class='ocr_carea' id='block_1_129' title="bbox 2306 5081 3846 5164">
    <p class='ocr_par' dir='ltr' id='par_1_129' title="bbox 2306 5081 3846 5164">
     <span class='ocr_line' id='line_1_132' title="bbox 2306 5081 3846 5164; baseline -0.01 -16"><span class='ocrx_word' id='word_1_857' title='bbox 2306 5081 2498 5164; x_wconf 76' lang='lat' dir='ltr'><strong>quitur</strong></span> <span class='ocrx_word' id='word_1_858' title='bbox 2520 5081 2672 5150; x_wconf 75' lang='lat' dir='ltr'><strong>Felix</strong></span> <span class='ocrx_word' id='word_1_859' title='bbox 2700 5110 2839 5164; x_wconf 88' lang='lat' dir='ltr'><strong>papa</strong></span> <span class='ocrx_word' id='word_1_860' title='bbox 2859 5095 2913 5148; x_wconf 92' lang='lat' dir='ltr'><strong>in</strong></span> <span class='ocrx_word' id='word_1_861' title='bbox 2943 5081 3216 5164; x_wconf 67' lang='lat' dir='ltr'><strong>sententia</strong></span> <span class='ocrx_word' id='word_1_862' title='bbox 3239 5090 3600 5164; x_wconf 77' lang='lat' dir='ltr'><strong>damnationis</strong></span> <span class='ocrx_word' id='word_1_863' title='bbox 3625 5081 3846 5164; x_wconf 51' lang='lat' dir='ltr'><strong>adversus</strong></span> 
     </span>
    </p>
   </div>
   <div class='ocr_carea' id='block_1_130' title="bbox 2356 5158 3841 5234">
    <p class='ocr_par' dir='ltr' id='par_1_130' title="bbox 2356 5158 3841 5234">
     <span class='ocr_line' id='line_1_133' title="bbox 2356 5158 3841 5234; baseline -0.001 -15"><span class='ocrx_word' id='word_1_864' title='bbox 2356 5165 2594 5229; x_wconf 88' lang='lat' dir='ltr'><strong>cacium,</strong></span> <span class='ocrx_word' id='word_1_865' title='bbox 2639 5158 2735 5220; x_wconf 77' lang='lat' dir='ltr'><strong>ubi</strong></span> <span class='ocrx_word' id='word_1_866' title='bbox 2774 5158 2896 5219; x_wconf 70' lang='lat' dir='ltr'><strong>ait:</strong></span> <span class='ocrx_word' id='word_1_867' title='bbox 2931 5163 3069 5229; x_wconf 82' lang='lat' dir='ltr'><strong>Quid</strong></span> <span class='ocrx_word' id='word_1_868' title='bbox 3098 5165 3238 5217; x_wconf 86' lang='lat' dir='ltr'><strong>enim</strong></span> <span class='ocrx_word' id='word_1_869' title='bbox 3288 5175 3408 5217; x_wconf 85' lang='lat' dir='ltr'><strong>sunt</strong></span> <span class='ocrx_word' id='word_1_870' title='bbox 3443 5158 3604 5234; x_wconf 63' lang='lat' dir='ltr'><strong>aliud.</strong></span> <span class='ocrx_word' id='word_1_871' title='bbox 3640 5158 3717 5234; x_wconf 67' lang='lat' dir='ltr'><strong>qui</strong></span> <span class='ocrx_word' id='word_1_872' title='bbox 3749 5160 3841 5234; x_wconf 48' lang='lat' dir='ltr'><strong>Po};</strong></span> 
     </span>
    </p>
   </div>
   <div class='ocr_carea' id='block_1_131' title="bbox 2307 5212 3840 5299">
    <p class='ocr_par' dir='ltr' id='par_1_131' title="bbox 2307 5212 3840 5299">
     <span class='ocr_line' id='line_1_134' title="bbox 2307 5212 3840 5299; baseline -0.012 -12"><span class='ocrx_word' id='word_1_873' title='bbox 2307 5236 2507 5290; x_wconf 85' lang='lat' dir='ltr'><strong>obitum</strong></span> <span class='ocrx_word' id='word_1_874' title='bbox 2536 5212 2736 5291; x_wconf 69' lang='lat' dir='ltr'><strong>sancta:</strong></span> <span class='ocrx_word' id='word_1_875' title='bbox 2769 5212 3036 5290; x_wconf 54' lang='lat' dir='ltr'><strong>memoiia:</strong></span> <span class='ocrx_word' id='word_1_876' title='bbox 3071 5235 3345 5299; x_wconf 78' lang='lat' dir='ltr'><strong>Timothei,</strong></span> <span class='ocrx_word' id='word_1_877' title='bbox 3385 5233 3453 5288; x_wconf 86' lang='lat' dir='ltr'><strong>ad</strong></span> <span class='ocrx_word' id='word_1_878' title='bbox 3485 5212 3840 5285; x_wconf 79' lang='lat' dir='ltr'><strong>Ecclesittmsttb</strong></span> 
     </span>
    </p>
   </div>
   <div class='ocr_carea' id='block_1_132' title="bbox 2307 5306 2906 5370">
    <p class='ocr_par' dir='ltr' id='par_1_132' title="bbox 2307 5306 2906 5370">
     <span class='ocr_line' id='line_1_135' title="bbox 2307 5306 2906 5370; baseline -0.002 -10"><span class='ocrx_word' id='word_1_879' title='bbox 2307 5306 2467 5360; x_wconf 78' lang='lat' dir='ltr'><strong>Petro</strong></span> <span class='ocrx_word' id='word_1_880' title='bbox 2513 5308 2756 5370; x_wconf 80' lang='lat' dir='ltr'><strong>redeunt,</strong></span> <span class='ocrx_word' id='word_1_881' title='bbox 2799 5319 2906 5362; x_wconf 90' lang='lat' dir='ltr'><strong>etc.</strong></span> 
     </span>
    </p>
   </div>
   <div class='ocr_carea' id='block_1_133' title="bbox 2380 5353 3838 5448">
    <p class='ocr_par' dir='ltr' id='par_1_133' title="bbox 2380 5353 3838 5448">
     <span class='ocr_line' id='line_1_136' title="bbox 2380 5353 3838 5448; baseline -0.007 -7"><span class='ocrx_word' id='word_1_882' title='bbox 2380 5353 2461 5448; x_wconf 60' lang='grc' dir='ltr'><strong>(οἱ</strong></span> <span class='ocrx_word' id='word_1_883' title='bbox 2496 5353 2970 5448; x_wconf 60' lang='grc' dir='ltr'><strong>ιξὲιῖὲὶξὲτᾶᾆῖἐν.</strong></span> <span class='ocrx_word' id='word_1_884' title='bbox 3016 5376 3074 5431; x_wconf 90' lang='lat' dir='ltr'><strong>ld</strong></span> <span class='ocrx_word' id='word_1_885' title='bbox 3115 5374 3472 5448; x_wconf 32' lang='lat' dir='ltr'><strong>estacrimen</strong></span> <span class='ocrx_word' id='word_1_886' title='bbox 3503 5366 3626 5426; x_wconf 82' lang='lat' dir='ltr'><strong>illud</strong></span> <span class='ocrx_word' id='word_1_887' title='bbox 3653 5353 3838 5448; x_wconf 37' lang='grc' dir='ltr'><strong>λιπες-³</strong></span> 
     </span>
    </p>
   </div>
   <div class='ocr_carea' id='block_1_134' title="bbox 2309 5428 3906 5519">
    <p class='ocr_par' dir='ltr' id='par_1_134' title="bbox 2309 5428 3906 5519">
     <span class='ocr_line' id='line_1_137' title="bbox 2309 5428 3906 5519; baseline -0.004 -18"><span class='ocrx_word' id='word_1_888' title='bbox 3018 5428 3566 5519; x_wconf 30' lang='lat' dir='ltr'><strong>itiilii&#39;objiciebatttr</strong></span> <span class='ocrx_word' id='word_1_889' title='bbox 3598 5455 3610 5490; x_wconf 86' lang='lat'><strong>:</strong></span> <span class='ocrx_word' id='word_1_890' title='bbox 3903 5497 3906 5502; x_wconf 96' lang='lat'><em>_</em></span> 
     </span>
    </p>
   </div>
   <div class='ocr_carea' id='block_1_135' title="bbox 2308 5500 3838 5600">
    <p class='ocr_par' dir='ltr' id='par_1_135' title="bbox 2308 5500 3838 5600">
     <span class='ocr_line' id='line_1_138' title="bbox 2308 5500 3838 5600; baseline -0.018 -28"><span class='ocrx_word' id='word_1_891' title='bbox 2308 5500 2608 5600; x_wconf 75' lang='lat' dir='ltr'><strong>donenseiii</strong></span> <span class='ocrx_word' id='word_1_892' title='bbox 2889 5500 3158 5591; x_wconf 23' lang='lat' dir='ltr'><strong>sj&#39;vnodum</strong></span> <span class='ocrx_word' id='word_1_893' title='bbox 3186 5500 3225 5573; x_wconf 88' lang='lat' dir='ltr'><strong>a</strong></span> <span class='ocrx_word' id='word_1_894' title='bbox 3250 5500 3342 5573; x_wconf 71' lang='lat' dir='ltr'><strong>uie</strong></span> <span class='ocrx_word' id='word_1_895' title='bbox 3374 5500 3519 5588; x_wconf 84' lang='lat' dir='ltr'><strong>rejici</strong></span> <span class='ocrx_word' id='word_1_896' title='bbox 3550 5517 3694 5576; x_wconf 85' lang='lat' dir='ltr'><strong>atque</strong></span> <span class='ocrx_word' id='word_1_897' title='bbox 3716 5500 3838 5552; x_wconf 86' lang='lat' dir='ltr'><strong>dam-</strong></span> 
     </span>
    </p>
   </div>
   <div class='ocr_carea' id='block_1_136' title="bbox 2311 5607 3833 5644">
    <p class='ocr_par' dir='ltr' id='par_1_136' title="bbox 2311 5607 3833 5644">
     <span class='ocr_line' id='line_1_139' title="bbox 2311 5607 3833 5644; baseline 0.001 -1"><span class='ocrx_word' id='word_1_898' title='bbox 2311 5607 2454 5644; x_wconf 73' lang='lat' dir='ltr'><strong>Ilﬂl‘l.</strong></span> <span class='ocrx_word' id='word_1_899' title='bbox 3682 5641 3690 5644; x_wconf 93' lang='lat'><strong>-</strong></span> <span class='ocrx_word' id='word_1_900' title='bbox 3732 5636 3743 5644; x_wconf 90' lang='lat'><strong>.</strong></span> <span class='ocrx_word' id='word_1_901' title='bbox 3805 5628 3833 5644; x_wconf 91' lang='lat'><strong>.-</strong></span> 
     </span>
    </p>
   </div>
   <div class='ocr_carea' id='block_1_137' title="bbox 2383 5636 3833 5731">
    <p class='ocr_par' dir='ltr' id='par_1_137' title="bbox 2383 5636 3833 5731">
     <span class='ocr_line' id='line_1_140' title="bbox 2383 5636 3833 5731; baseline -0.009 -17"><span class='ocrx_word' id='word_1_902' title='bbox 2546 5661 2732 5716; x_wconf 79' lang='grc' dir='ltr'>Τινῶν</span> <span class='ocrx_word' id='word_1_903' title='bbox 2758 5661 3204 5731; x_wconf 76' lang='grc' dir='ltr'>μοναστηρίων.</span> <span class='ocrx_word' id='word_1_904' title='bbox 3247 5654 3571 5731; x_wconf 76' lang='lat' dir='ltr'><strong>.lampridcrn</strong></span> 
     </span>
    </p>
   </div>
   <div class='ocr_carea' id='block_1_138' title="bbox 2315 5713 3834 5805">
    <p class='ocr_par' dir='ltr' id='par_1_138' title="bbox 2315 5713 3834 5805">
     <span class='ocr_line' id='line_1_141' title="bbox 2315 5713 3834 5805; baseline -0.003 -22"><span class='ocrx_word' id='word_1_905' title='bbox 2315 5713 2662 5805; x_wconf 49' lang='grc' dir='ltr'><strong>μοέιεέῖξρέοί</strong></span> <span class='ocrx_word' id='word_1_906' title='bbox 2687 5713 3421 5805; x_wconf 29' lang='lat' dir='ltr'><strong>:criiendaruiit,quomodo</strong></span> <span class='ocrx_word' id='word_1_907' title='bbox 3470 5725 3620 5780; x_wconf 86' lang='lat' dir='ltr'><strong>etiam</strong></span> <span class='ocrx_word' id='word_1_908' title='bbox 3673 5713 3834 5779; x_wconf 69' lang='grc' dir='ltr'>ιυείιυτ</span> 
     </span>
    </p>
   </div>
   <div class='ocr_carea' id='block_1_139' title="bbox 2313 5803 2909 5874">
    <p class='ocr_par' dir='ltr' id='par_1_139' title="bbox 2313 5803 2909 5874">
     <span class='ocr_line' id='line_1_142' title="bbox 2313 5803 2909 5874; baseline 0.007 -18"><span class='ocrx_word' id='word_1_909' title='bbox 2313 5803 2459 5874; x_wconf 87' lang='lat' dir='ltr'><strong>apud</strong></span> <span class='ocrx_word' id='word_1_910' title='bbox 2509 5803 2909 5873; x_wconf 81' lang='lat' dir='ltr'><strong>Nicephorum.</strong></span> 
     </span>
    </p>
   </div>
  </div>
