4048 6492
254 389 404 457 2533

1177 396 1556 457 HISTORLE
1593 395 2183 459 ECCLESIASTICE
2221 398 2455 459 LIBER
2494 399 2608 472 ΙΙΙ.

3371 401 3510 465 εεει

253 517 386 572 ρους
426 497 551 556 καθ’
578 501 759 573 ἡμῶν,
784 503 882 557 καὶ
919 502 1061 558 κατὰ
1099 503 1198 572 τῆς
1225 504 1717 575 Ἐκκλησιαστικῆς
1744 505 1837 559 τοῦ

1945 522 2132 562 remus
2159 518 2216 563 et
2245 507 2692 564 satisfacercmus
2720 508 3173 579 simplicioribus,
3198 515 3528 570 curavimus.

249 592 496 667 Χριστοῦ
550 595 798 666 είρήνης,
822 595 920 648 καὶ
975 594 1148 666 μηδὲν
1210 596 1357 666 ἡμᾶς
1418 596 1830 669 συγχωροῦντες

251 690 558 752 κανονικιῖκ
589 692 688 742 καὶ·
715 687 1038 760 πρεπόντως
1064 689 1130 758 τῇ
1155 680 1289 761 ἁῨίᾳ
1315 688 1412 743 τοῦ
1442 687 1581 743 Θεοῦ
1617 691 1832 744 καθολι-

248 783 324 852 ιιῇ
396 780 695 852 Ἐκκλησία
749 780 1014 852 πράττειν
1045 799 1059 813 ο
1131 781 1652 853 παρασκευάζοντες
1705 783 1832 847 τοὺς

246 872 385 944 παρ’
412 874 547 944 ἡμῖν
571 873 734 937 λαοὺς
758 873 958 944 μᾶλλον
981 873 1174 945 ἄρχειν
1195 873 1351 944 ἡμῶν
1380 875 1524 945 ἢπερ
1547 873 1835 929 πείθεσθαι

247 967 408 1036 ἡμῖν,
443 963 544 1018 καὶ
589 964 802 1019 θέλουσι
849 967 1024 1019 ποιεῖν
1052 965 1162 1018 ὄσαε
1211 963 1300 1034 μὴ·
1327 965 1526 1030 πρέπει
1571 964 1711 1035 Θεῷ,
1744 966 1834 1017 Πι-

245 1057 518 1128 πεύομεν
550 1056 710 1120 δὲὼς
736 1058 769 1128 ή
801 1056 956 1128 ὑμῶν
979 1054 1260 1128 ἁγιωσύνη
1291 1055 1490 1122 διδάξει
1533 1055 1710 1110 πάντα
1736 1056 1830 1110 τὸν

241 1148 532 1203 θειότατον
596 1147 864 1219 δεσπότην
924 1149 1026 1220 τῆς
1084 1148 1448 1218 οἰκουμένης,
1502 1150 1596 1203 καὶ
1653 1168 1832 1222 παρα-

243 1242 558 1306 σκευάσει,
591 1239 733 1294 ὥστε
773 1240 944 1296 τύπον
991 1242 1177 1305 αὐτοῖς
1218 1242 1630 1313 παρασχεθῆναι
1679 1244 1836 1316 παρὰ.

241 1335 352 1403 τῆς
370 1332 540 1388 αύτοῦ
564 1333 951 1405 γαληνότητος,
971 1333 1061 1388 τὸν
1095 1334 1286 1388 δέοντα
1307 1336 1440 1408 περὶ
1486 1336 1588 1408 τῆς
1634 1338 1836 1409 ὲκκληψ

243 1425 542 1494 σιαστικῆς
587 1425 833 1497 εἰρήνης,
861 1424 1185 1497 πρεπούσης
1211 1426 1331 1500 Θεῷ
1359 1444 1424 1481 τε
1449 1427 1544 1482 καὶ
1577 1429 1787 1499 βασιλεί
1815 1447 1828 1459 ·

1938 608 2000 654 ιιι
2025 600 2177 655 idem
2208 599 2495 656 diceretur
2521 602 2600 657 ab
2626 602 2695 658 iis
2739 602 2843 673 qui
2885 619 2995 660 una
3034 605 3325 662 nobiscum
3383 622 3516 662 eon-

1932 700 2132 748 ventus
2184 703 2374 764 agunt.
2425 695 2603 766 Atque
2654 694 2710 750 id
2761 696 3010 766 quidem,
3062 711 3188 755 cum
3248 709 3396 756 totus
3447 717 3518 753 eo

1938 783 2338 850 incubuissem,
2375 786 2634 842 celeriter
2663 788 3277 857 eompressi.Cait-erum
3308 791 3516 846 sancti-

1936 883 2113 931 tatem
2127 884 2276 931 tuam
2296 877 2594 933 certiorem
2617 878 2780 944 facio,
2804 896 2873 935 ne
2888 896 3037 935 nunc
3057 881 3526 950 quidem-cessare:

1939 969 2262 1033 monachos,
2293 969 2390 1039 qui
2443 969 2654 1025 zizania
2683 982 2898 1033 serunt.
2950 972 3169 1042 sibique
3221 975 3524 1043 quosdam,

1938 1060 2035 1129 qui
2087 1077 2370 1132 nunquam
2427 1063 2764 1118 monasteria
2826 1063 3200 1130 incoluerunt,
3255 1075 3528 1136 tauquam

1937 1152 2233 1210 seditionis
2297 1157 2663 1213 instrumenta
2709 1159 3058 1230 adiungunt:
3112 1169 3171 1213 et
3239 1160 3342 1214 hac
3390 1161 3517 1217 illac

1938 1247 2336 1314 discursantes,
2369 1243 2549 1307 varios
2571 1268 2823 1309 rumores
2852 1265 3057 1314 contra.
3075 1270 3178 1309 nos
3227 1263 3280 1309 et
3324 1265 3528 1310 contra.

1939 1356 2132 1412 pacem
2165 1342 2426 1398 Ecclesia:
2457 1343 2664 1400 Christi
2701 1346 3091 1402 disseminare.
3123 1346 3238 1402 Nec
3284 1348 3515 1416 permit—

1943 1441 2070 1488 tunt
2126 1441 2187 1486 ut
2231 1433 2534 1504 quidquam
2602 1436 2952 1505 regulariter,
2999 1448 3057 1493 et
3116 1447 3282 1508 prout
3334 1438 3516 1500 decet,

243 1516 396 1571 ὥστε
426 1518 640 1582 πάντας,
665 1518 735 1571 ὲνι
748 1517 963 1582 τούτοις
991 1518 1366 1583 κατευνάζειν.

1960 1539 1996 1577 ιι
2035 1533 2226 1578 sancta
2277 1525 2373 1580 Dei
2409 1525 2654 1580 Ecclesia
2701 1543 2986 1598 geramus:
3047 1529 3103 1584 id
3153 1536 3404 1599 agentes,
3457 1539 3526 1582 ut-

244 1611 610 1683 popul'usqni
637 1610 798 1667 nobis
820 1611 1148 1668 commissus
1203 1620 1308 1679 est,
1360 1611 1596 1683 imperet
1645 1613 1832 1684 potius
1868 1630 2031 1686 quam
2054 1617 2282 1674 obediat
2332 1619 2513 1674 nobis.
2541 1620 2737 1676 Omnia
2792 1621 3032 1692 denique
3065 1621 3371 1678 moliuntur
3395 1637 3520 1691 qua:

247 1711 369 1765 Deo
430 1707 660 1778 indigna
717 1716 869 1762 sunt.
928 1708 1141 1762 Ver-um
1190 1708 1540 1763 sanctitatem
1594 1718 1838 1764 vestram
1868 1712 2242 1768 sacratissimo
2301 1714 2626 1784 imperatori
2691 1727 2892 1772 cuncta
2955 1729 3335 1788 suggestumm
3396 1733 3519 1773 esse

246 1801 606 1863 conﬁdimus,
634 1799 1140 1870 perfecturamque,
1167 1810 1232 1854 ut
1259 1800 1330 1854 ab
1363 1798 1516 1854 illius
1577 1800 1868 1855 clementia
1905 1811 2226 1872 competens
2261 1803 2438 1859 forma
2498 1805 2620 1860 istis
2661 1807 2959 1874 tribuatur,
2991 1824 3098 1878 pro
3142 1810 3529 1866 ecclesiastica.

248 1912 412 1970 pace,
444 1911 567 1967 quae
595 1895 708 1949 Deo
739 1901 796 1948 et
834 1893 1168 1964 imperatore
1214 1893 1376 1964 digna
1412 1903 1528 1948 est:
1575 1894 1714 1950 adeo
1769 1905 1831 1949 ut
1868 1912 2064 1952 omnes
2087 1898 2157 1953 iis
2183 1915 2315 1969 quae
2342 1909 2546 1954 statuta
2575 1900 2806 1966 fuerint,
2828 1904 3206 1972 acquiescant.

849 2007 1100 2060 ΚΕΦΑΛ.
1119 2007 1225 2062 1Η⁹.

249 2105 458 2166 ὀπως
490 2100 764 2168 Ἰωάννης
797 2104 832 2156 ὁ
882 2099 1340 2169 Ἀλεξανδρείας
1373 2101 1563 2153 πείθει
1621 2099 1840 2169 φήλικι

312 2171 400 2237 τῷ
434 2171 606 2238 Idm;
638 2171 866 2240 Ῥώμης
897 2168 1251 2238 καθαίρεσιν
1287 2171 1542 2236 Ἀκακίῳ
1575 2168 1656 2235 τῷ
1681 2174 1838 2225 Κων-

313 2244 884 2310 σταντινουπόλεως
917 2242 1164 2312 πέμψαι.

333 2365 394 2418 '0
420 2363 479 2418 δὲ
522 2363 777 2435 Ἰωάννης
805 2365 833 2417 6
855 2364 914 2416 ὲν
945 2360 1137 2435 Ῥώμῃ
1163 2360 1474 2430 πεφευγὼς,
1505 2358 1716 2430 Φήλικα
1739 2357 1834 2410 τὸν

250 2459 394 2528 μετὰ
421 2457 748 2527 Σιμπλίκιον
777 2455 856 2529 (η)
889 2456 990 2525 τῆς
1034 2455 1250 2525 Ῥώμης
1291 2455 1590 2509 ἐπίσκοπον
1621 2469 1833 2524 παρην-

248 2549 415 2620 ὠχλει
436 2549 566 2619 περὶ
590 2547 699 2604 τῶν
723 2547 874 2619 παρὰ
899 2547 1108 2617 Πέτρου
1137 2545 1449 2616 γενομένων
1472 2587 1487 2610 ,
1513 2546 1604 2598 καὶ
1635 2545 1830 2610 πείθει,

249 2641 329 2705 ὡς
372 2638 648 2711 Ζαχαρίας
698 2639 868 2708 λέγει,
900 2637 1286 2708 καθαιρετικὸν
1320 2639 1560 2708 Ἀκακίῳ
1603 2637 1836 2707 διαπεμ-

254 2729 456 2802 φθῆνσι
504 2731 656 2800 παρὰ
692 2729 786 2781 τοῦ
827 2728 993 2781 αὑτοῦ
1043 2726 1278 2798 Φήλικος
1325 2728 1424 2798 τῆς
1455 2727 1594 2798 πρὸς
1633 2727 1837 2796 Πέτρον

255 2821 423 2875 ἓνεκα
472 2821 780 2884 κοινωνίας.
815 2822 994 2892 Ὅπερ
1044 2819 1120 2882 ὡς
1175 2819 1542 2883 ἁκανονίστως
1603 2820 1836 2890 γενόμε-

262 2931 356 2969 νον
380 2914 508 2986 (Η),
543 2912 727 2977 καθὼς
749 2912 1029 2983 ἱστόρηται
1054 2911 1131 2983 τῷ
1165 2911 1315 2983 αύτῷ
1346 2911 1593 2984 Ζαχαρία
1622 2912 1839 2982 (ἐπιδε-

2433 2011 2596 2083 352
2630 2011 2782 2068 CAP.
2837 2013 3024 2070 XVIII.

1942 2101 2211 2167 Quomodo
2279 2105 2512 2159 Joannes
2568 2103 2967 2178 Alexandrinus
3023 2124 3294 2178 episcopus
3356 2112 3520 2168 Felici

2011 2192 2164 2242 papw
2186 2179 2527 2245 persuaserit,
2561 2184 2619 2228 ut
2665 2177 3000 2245 depositionis
3031 2177 3263 2234 libellum
3291 2186 3519 2237 mitteret

2009 2248 2204 2299 Acacio
2237 2245 2854 2316 Constaiuinopolitano.

2010 2362 2224 2417 Interea
2250 2363 2492 2419 Joannes
2512 2363 2605 2434 qui
2634 2364 2864 2418 Romam
2894 2365 3242 2437 confugerat,
3281 2368 3518 2422 Felicem

1941 2460 2199 2516 Romana:
2214 2457 2366 2512 urbis
2385 2452 2707 2528 episcopum
2729 2461 2822 2530 qui
2851 2459 3133 2530 Simplicio
3153 2467 3517 2526 successerat,

1939 2555 2006 2609 de
2041 2553 2260 2608 rebusa
2299 2551 2465 2606 Petro
2499 2552 2671 2621 gestis
2725 2555 2944 2608 assidue
3002 2552 3355 2622 interpellare
3408 2567 3517 2606 non

1938 2643 2207 2700 cessabat.
2233 2640 2591 2710 Tandemque
2619 2643 2671 2698 ei
2701 2643 2995 2713 persuasit,
3019 2644 3164 2699 sicut
3194 2659 3223 2698 a
3253 2643 3516 2698 Zacliaria

1939 2734 2225 2806 proditum
2256 2741 2364 2796 est,
2401 2739 2462 2785 ut
2493 2735 2826 2789 sententiam
2857 2734 3222 2804 depositionis
3275 2733 3521 2788 mitteret

1941 2823 2008 2875 ad
2041 2821 2323 2882 Acacium,
2370 2835 2435 2874 eo
2491 2823 2637 2890 quod
2685 2824 2848 2878 Petro
2905 2826 3361 2880 communicaret.
3415 2823 3514 2878 Cui

1941 2911 2162 2982 quidem
2192 2912 2505 2977 sententias,
2539 2923 2599 2967 ut
2621 2899 2742 2983 qua-
2773 2930 2882 2968 non
2923 2930 2987 2968 ex
3012 2917 3332 2986 prmseripto
3356 2930 3523 2970 eano-

1442 3053 1719 3112 VALESII
1765 3055 2046 3113 ANNOTA
2057 3053 2213 3108 ΤΙοΝ
2225 3054 2328 3107 ES.

332 3170 442 3243 (ll)
478 3168 574 3237 Ὡς
590 3170 1003 3243 daturae-latth
1021 3172 1366 3243 Terence-or.
1399 3169 1458 3222 ln
1483 3168 1838 3243 damnatione

255 3238 351 3299 ac'
385 3238 746 3311 depositione
786 3240 996 3303 Acacii,
1031 3238 1153 3295 duo
1194 3238 1428 3311 maxime
1471 3239 1840 3311 reprehende-

258 3316 391 3368 bant
419 3309 615 3367 Greeci.
663 3310 907 3366 Primum
936 3311 1083 3381 quod
1116 3311 1173 3364 in
1211 3309 1419 3381 synodo
1455 3309 1746 3365 damnatus
1778 3326 1842 3364 ac

1936 3171 2144 3234 legatos
2178 3167 2666 3239 sedisiapostolicte
2694 3169 2924 3223 collecta
2951 3179 3068 3223 est:
3102 3170 3156 3221 in
3192 3185 3297 3239 qua
3330 3171 3521 3228 Vitalis

1939 3239 2162 3310 quidem
2204 3255 2270 3294 ac
2301 3238 2544 3310 Misenus
2572 3239 2815 3292 damnati
2846 3256 2860 3292 :
2897 3239 3094 3294 Petrus
3121 3238 3253 3293 vero
3287 3242 3522 3298 Alexan-

1939 3309 2136 3365 drinus
2161 3319 2217 3365 et
2243 3309 2494 3366 Aeacius.
2539 3310 2818 3378 perstricti
2866 3319 3077 3364 tantum
3103 3310 3287 3365 obiter
3335 3329 3401 3366 ac
3424 3330 3525 3367 no-

255 3383 549 3456 depositus
567 3381 905 3472 nonfuisset
930 3380 1062 3472 {sed
1105 3380 1258 3463 solus
1288 3380 1439 3472 lielix
1481 3395 1836 3472 papp'riomen
1866 3417 1908 3472 Ο
1944 3382 2065 3442 lati,
2103 3391 2162 3472 ut
2186 3381 2348 3472 docet
2376 3380 2641 3472 Evag’rius
2671 3380 3024 3472 paulo‘iinl'r‘a.
3055 3381 3337 3472 Posterior
3366 3399 3520 3447 vero,

256 3449 422 3511 suum
464 3452 750 3509 sententia:
791 3451 1152 3522 depositionis
1181 3449 1524 3522 praelii-isset.
1569 3450 1834 3522 Alterum,

256 3525 406 3595 quod
431 3539 536 3578 nec
563 3520 880 3595 convictus,
896 3538 999 3595 nec
1026 3521 1311 3595 discussus
1330 3521 1484 3595 juxta
1509 3520 1839 3595 ecclesiasti-

255 3590 350 3651 cas
404 3595 646 3666 regulas,
709 3591 1080 3666 damnationis
1133 3590 1461 3666 sententiam
1509 3590 1834 3666 excepisset.

258 3665 439 3721 Priori
470 3661 694 3734 quidem
721 3663 1017 3732 objectioni
1043 3663 1115 3716 ita
1140 3661 1544 3734 respondebant
1575 3661 1833 3734 Romani:

258 3753 370 3792 non
405 3731 548 3804 opus
588 3734 757 3788 fuisse
794 3731 947 3788 nova
991 3733 1200 3804 synodo
1233 3731 1316 3787 ad
1360 3731 1836 3804 condemnandum

255 3802 544 3862 Acacium.
589 3804 794 3859 Omnes
836 3805 982 3858 enim
1024 3802 1338 3858 sectatores
1366 3811 1422 3856 et
1465 3802 1838 3856 communica-

255 3889 408 3932 tores
430 3874 843 3937 haereticorum,
870 3873 964 3942 qui
992 3874 1222 3943 speciali
1245 3873 1514 3943 sententia
1546 3871 1674 3943 olim
1703 3888 1837 3925 con-

255 3946 505 4003 demnati
523 3952 673 4008 sunt,
695 3944 860 4000 simul
882 3960 1008 3999 eum
1029 3942 1235 3999 eisdem
1261 3942 1536 3998 haereticis
1553 3942 1839 3995 damnatos

257 4017 518 4087 intelligi.
548 4017 626 4071 lta
647 4015 897 4087 Gelasius
919 4031 1057 4087 papa
1082 4016 1137 4070 in
1161 4014 1393 4087 epistola
1415 4013 1482 4087 ad
1507 4011 1836 4087 Orientales,

256 4104 428 4159 quam
446 4083 674 4159 'primus
703 4083 1139 4159 ediditlac’obus
1187 4083 1538 4159 Sirmundus,
1582 4083 1837 4159 intimis

257 4151 327 4212 de
345 4151 557 4212 nomine
576 4157 774 4210 Acacii.
801 4155 928 4210 Scio
954 4157 1085 4226 quid
1119 4155 1450 4226 respondeat
1476 4151 1838 4226 Baroniusiad

256 4245 470 4284 annum
507 4226 712 4283 Christi
757 4226 883 4290 484,
925 4225 1046 4295 cap.
1089 4227 1182 4291 2|,
1208 4225 1484 4295 Gelasium
1513 4225 1725 4280 sciliCet
1755 4225 1837 4278 lo-

253 4301 353 4370 qui
391 4299 460 4354 de
493 4297 834 4370 (ecumeniea
864 4294 1092 4370 synodo.
1129 4294 1237 4370 Sed
1267 4311 1405 4370 pace
1435 4295 1836 4370 ejusAdixerim,

259 4365 380 4424 haec
425 4368 715 4439 responsio
763 4365 1218 4439 no_n's_atisfacit_._
1267 4365 1637 4439 Nequeenim
1663 4365 1838 4439 αιτιιεὶ

255 4441 318 4494 in
360 4441 468 4494 hoc
518 4436 742 4508 negotio
791 4437 1088 4508 discrimen
1145 4436 1319 4508 ullum
1372 4436 1645 4508 [aciebant
1696 4437 1840 4508 inter

258 4510 517 4582 generale
550 4505 616 4564 ac
666 4507 999 4582 particularc
1025 4506 1342 4582 concilium.
1374 4505 1483 4582 Sed
1511 4505 1839 4582 generaliter

252 4575 608 4634 afﬁrmabant
661 4575 922 4632 Acacium
971 4577 1120 4630 nulla
1159 4575 1216 4628 in
1277 4575 1486 4644 synodo
1529 4575 1840 4642 specialiter

258 4651 335 4704 ob
377 4651 559 4719 ipsum
607 4647 1149 4719 eongregata_l‘uisse
1186 4645 1527 4719 damnatum.
1565 4644 1656 4698 Sic
1691 4647 1840 4698 enim

255 4716 460 4774 scribit
499 4716 748 4774 Gelasius
783 4716 920 4787 papa
953 4717 1007 4771 in
1049 4716 1280 4786 epistola
1322 4731 1484 4787 supra
1515 4724 1836 4787 memorata,

255 4790 569 4845 Orientales
609 4783 896 4857 alloquens
939 4787 1025 4842 his
1065 4783 1286 4840 verbis:
1317 4783 1406 4857 an
1435 4785 1512 4857 de
1557 4799 1662 4857 uno
1700 4783 1838 4838 dolet

257 4862 475 4924 Acacio,
515 4859 658 4929 quod
684 4854 904 4929 speciali
935 4859 1132 4929 synodo
1165 4873 1270 4929 non
1299 4855 1470 4929 fuerit
1508 4854 1842 4929 confutatus;

257 4949 381 4985 cum
417 4925 690 5000 proprium
712 4925 918 4982 crimen
939 4925 1046 4982 suis
1084 4927 1269 5000 litteris
1291 4927 1402 4996 ipse
1438 4925 1708 5000 detexerit,
1752 4941 1844 5000 nec

260 4996 444 5055 audiri
489 4996 722 5053 debuerit
749 4999 869 5067 jam
900 5008 1092 5069 sponte
1129 4997 1452 5069 οοιιῖεοςειιιςέΔ
1483 5004 1530 5050 et
1553 4996 1626 5069 de
1681 4997 1843 5069 tantis

260 5071 597 5144 pontiﬁcibus
624 5066 895 5144 cathblicis
922 5066 1027 5122 non
1061 5067 1204 5144 dolet
1223 5066 1338 5144 sine
1373 5066 1488 5120 ulla
1527 5066 1843 5144 discussione

259 5137 504 5196 seclusis.
545 5140 774 5209 Fatetur
815 5139 1052 5209 ingenue
1111 5138 1363 5194 Gelasius
1405 5153 1542 5208 papa
1585 5137 1843 5209 Acacium

264 5218 326 5267 in
371 5211 519 5266 nulla
555 5208 794 5280 speciali,
819 5207 1028 5280 synodo
1054 5211 1365 5280 convictum
1400 5217 1577 5280 atque
1595 5207 1842 5280 auditum

261 5284 458 5337 fuisse.
487 5277 649 5336 Ger—te
671 5295 736 5333 ex
767 5277 986 5334 duabus
1011 5279 1234 5350 synodis
1257 5277 1540 5343 Romanis,
1568 5277 1622 5331 in
1645 5278 1845 5348 quibus

264 5354 559 5408 damnatus
586 5359 671 5404 est
708 5351 963 5414 Aeacius,
989 5361 1183 5404 neutra
1213 5350 1386 5418 ipsius
1419 5364 1584 5402 causa
1618 5364 1846 5418 congre-

263 5433 389 5492 gata
437 5429 542 5478 est.
585 5420 694 5477 Sed
723 5421 877 5490 prior
905 5420 1130 5490 quidem
1151 5420 1222 5474 ob
1236 5419 1470 5474 Vitalem
1491 5435 1554 5474 ac
1578 5419 1843 5472 Misenum

1941 3467 2104 3506 causa
2127 3451 2483 3506 Antiochena:
2500 3449 2760 3504 Ecclesiae
2781 3450 3012 3508 collecta
3034 3460 3116 3505 est
3135 3452 3328 3507 eodem
3353 3470 3520 3517 anno,

1941 3533 2002 3576 ut
2035 3522 2195 3576 docet
2229 3521 2380 3575 Felix
2411 3536 2549 3590 papa
2602 3520 2657 3574 in
2707 3521 2952 3592 Epistula
2988 3522 3246 3592 synodica
3295 3524 3364 3577 ad
3396 3527 3523 3578 uni-

1939 3608 2129 3646 versos
2160 3592 2517 3662 presbyteros
2541 3599 2598 3646 et
2636 3591 3099 3648 archimandritas
3127 3591 3521 3648 Constantino-

1942 3663 2050 3735 poli
2083 3673 2138 3718 ct
2167 3661 3039 3735 perBithyniamconsistentes.
3069 3663 3188 3730 Qua
3221 3663 3274 3716 in
3315 3668 3523 3735 synodo

1940 3720 2137 3788 l’etrus
2164 3720 2385 3804 quidem
2422 3720 2802 3804 Antiochenus
2830 3720 3122 3804 praccipud,
3156 3748 3220 3786 ac
3247 3720 3523 3804 πρόηγοέ-

1943 3821 2103 3872 μενος
2152 3802 2444 3856 damnatus
2474 3812 2588 3867 est;
2628 3803 2720 3872 qui
2763 3802 2922 3871 pulso
2963 3802 3301 3858 Calendione
3335 3807 3521 3859 sedem

1939 3873 2337 3928 Antiochenam
2373 3873 2668 3927 invaserat.
2711 3873 2911 3927 Petrus
2940 3888 3072 3927 vero
3096 3873 3520 3937 Alexandrinus.

1939 3954 1994 3998 et
2043 3945 2278 3998 Aeacius
2326 3942 2993 4012 Constantinopolitanus,
3026 3953 3086 3997 ut
3118 3945 3251 3999 socii
3285 3955 3340 3999 et
3369 3962 3524 3998 com-

1940 4015 2314 4069 municatorcs
2352 4013 2598 4083 ejusdem
2645 4013 2790 4068 Petri
2827 4013 3070 4067 damnati
3099 4023 3248 4080 sunt,
3303 4023 3362 4066 ut
3393 4017 3524 4068 sub-

1941 4085 2170 4154 scriptio
2192 4085 2371 4138 cidem
2395 4085 2641 4154 epistola:
2672 4085 2918 4154 subjecta
2939 4084 3182 4138 declarat
3213 4108 3220 4138 :
3251 4083 3523 4138 Candidus

1941 4155 2224 4210 Tiburtinae
2242 4155 2468 4209 civitatis
2491 4156 2783 4225 episcopus,
2817 4154 2972 4208 Petro
3009 4154 3388 4225 Alemandrime
3422 4155 3525 4209 Ec-

1939 4226 2112 4280 clesia:
2149 4227 2440 4296 pervasari,
2471 4223 2526 4278 et
2561 4223 2755 4296 Acacio
2795 4225 3062 4296 quondam
3094 4223 3344 4278 Ecclesia:
3388 4225 3526 4279 Con-

1938 4295 2231 4365 stantinop.
2259 4312 2458 4348 necnon
2491 4297 2653 4349 etiam
2682 4295 2837 4349 Petro
2866 4295 3206 4358 Antiocheno,
3243 4295 3306 4347 ab
3330 4297 3528 4365 episco-

1940 4368 2051 4437 pali
2083 4375 2131 4420 et
2183 4365 2601 4420 Christianorum
2650 4383 2868 4419 numero
2911 4366 3035 4419 olim
3071 4366 3198 4428 jure
3247 4377 3296 4418 et
3340 4369 3526 4420 merito

1938 4439 2246 4507 segregatis.
2297 4437 2640 4505 omnibusque
2688 4437 2996 4506 sequacibus
3043 4452 3244 4498 eorum,
3305 4453 3525 4507 sequens

1941 4509 2311 4560 auctoritatem
2375 4507 2512 4559 sedis
2569 4507 2904 4577 apostolicae,
2961 4508 3199 4560 omnium
3251 4519 3520 4569 nostrum.

1931 4577 2093 4646 juxta
2123 4577 2374 4630 Ecclesia:
2403 4587 2624 4639 statum,
2658 4577 2916 4631 catholica
2946 4577 3320 4647 deliberatione
3354 4578 3528 4647 prola-

1942 4656 2074 4708 tam,
2117 4649 2400 4701 anathema
2457 4649 2632 4700 dicens
2679 4647 2984 4716 subscripsi,
3030 4657 3136 4700 etc.
3191 4646 3360 4712 Quod
3395 4664 3526 4702 vero

1875 4755 1917 4810 Β
1946 4716 2182 4810 Feligern
2233 4718 2669 4810 papani,Lsolum
2812 4717 3098 4810 sententia:
3128 4733 3326 4810 npmen
3363 4734 3525 4800 suum

1947 4786 2244 4856 praefixisse
2294 4788 2674 4856 querebantur
2717 4787 2913 4851 Grzeei,
2948 4788 3076 4841 huic
3123 4787 3420 4856 objectioni
3451 4790 3523 4845 ita

1945 4856 2247 4927 respondet
2277 4856 2425 4912 Felix
2452 4860 2504 4913 in
2529 4857 2760 4927 epistola
2786 4874 2950 4926 supra
2975 4860 3162 4920 citata,
3196 4859 3280 4913 his
3307 4859 3523 4915 verbis:

1951 4926 2097 4980 Unde
2125 4943 2263 4981 nunc
2292 4944 2452 4999 causa
2487 4926 2828 4983 Antiocheam
2867 4927 3116 4999 Ecclesia:
3159 4930 3302 4999 apud
3334 4928 3401 4982 Β.
3426 4929 3529 4982 Pe-

1945 5005 2087 5048 trum
2130 4998 2424 5066 apostolum
2477 4999 2702 5062 colleczi,
2749 5014 2964 5051 rursum
3016 4997 3284 5053 dilectioni
3341 5009 3529 5054 vestra:

1948 5083 2146 5139 morem
2176 5069 2274 5139 qui
2295 5084 2498 5136 semper
2532 5068 2675 5139 apud
2716 5085 2810 5139 nos
2852 5067 3096 5131 obtinuit,
3127 5072 3529 5139 properavimus

1945 5137 2203 5190 indicare.
2243 5138 2454 5202 Quoties
2471 5137 2624 5210 intra
2649 5138 2872 5210 Italiam
2902 5137 3528 5210 propter'ecctesiasticas

1948 5224 2139 5261 causas
2163 5211 2424 5280 prazcipue
2447 5208 2572 5276 fidei
2604 5208 2928 5280 colliguntur
2968 5208 3175 5263 Domini
3207 5212 3525 5272 sacerdotes,

1949 5279 2269 5332 consuetudo
2317 5279 2592 5343 retinetur,
2644 5287 2700 5332 ut
2735 5279 3014 5332 successor
3063 5281 3348 5343 prwsulum
3391 5281 3530 5333 sedis

1952 5349 2274 5420 apostolicis,
2317 5366 2381 5404 ea:
2421 5365 2648 5421 persona
2697 5358 3003 5421 cunctorum
3040 5353 3198 5421 totius
3232 5349 3408 5404 Italia!
3438 5367 3530 5402 sa-

1951 5419 2238 5484 cerdotum,
2273 5419 2429 5488 iuxta
2451 5419 2861 5474 sollicitudinem
2899 5420 2998 5472 sibi
3029 5420 3385 5474 Ecclesiarum
3412 5435 3529 5471 om-

1685 5557 2068 5614 VARlOR‘UM.

335 5655 416 5728 (ιι)
456 5654 690 5728 Φήλικα
719 5654 826 5728 rei:
851 5655 996 5728 used
1017 5652 1392 5728 Σιμπλίκιον.
1420 5653 1548 5728 Post
1569 5649 1841 5728 Simplicii

267 5720 501 5782 mortem
524 5720 861 5781 Anastasius
890 5725 969 5779 ait
991 5720 1181 5779 sedem
1213 5740 1434 5780 vacasse
1455 5724 1576 5778 dies
1597 5739 1670 5787 νι,
1697 5720 1846 5791 quod

269 5806 324 5850 et
349 5799 404 5852 in
440 5797 607 5851 variis
639 5795 903 5866 eatalogis
937 5796 1140 5866 nostris
1164 5795 1400 5864 legitur:
1434 5794 1531 5849 sed
1561 5795 1846 5866 interpon-

272 5868 500 5924 tihcium
534 5867 706 5921 fuisse
745 5863 957 5921 tantum
989 5865 1204 5919 dierum
1227 5863 1496 5936 ’quiuque
1532 5874 1678 5920 recte
1706 5863 1844 5918 scri-

549 5963 818 6024 ΡΑτιιυι..
855 5961 973 6024 Gn.
1015 5963 1362 6023 LXXXVI.

1945 5651 2056 5720 psit
2075 5650 2482 5722 auctorSCltron.
2508 5650 2608 5705 Vit.
2637 5652 2823 5722 pontif.
2846 5649 3267 5722 Sanctumenim
3291 5647 3531 5704 Felicem

1954 5723 2120 5792 hujus
2137 5721 2378 5776 nominis
2403 5722 2467 5776 lll
2485 5720 2708 5776 natione
2742 5720 3070 5786 Romanum,
3092 5720 3181 5792 die
3203 5729 3356 5792 sexta
3378 5735 3532 5774 men-

1951 5793 2028 5847 sis
2065 5793 2242 5846 Martii
2292 5793 2606 5846 ord-inatum
2633 5807 2777 5852 esse.
2816 5807 2883 5846 ex
2913 5793 3044 5862 ejus
3065 5791 3214 5846 sedis
3236 5791 3529 5845 (iuratione

1951 5863 2242 5920 constabit.
2302 5865 2452 5936 (Ant.
2487 5863 2634 5929 l’act,
2690 5862 2759 5917 ad
2802 5861 2955 5920 aun.’
2989 5861 3112 5928 485,
3150 5879 3207 5915 ιι.
3251 5863 3327 5932 5.)

3132 5959 3208 6018 83
