4048 6518
257 433 404 497 2537

1194 431 1578 493 HISTORIIE
1619 426 2211 493 ECCLESIASTICJE
2252 424 2485 486 LIBER
2518 421 2634 483 III.

3363 412 3504 477 2538

259 568 380 614 νον,
409 549 575 621 μηδὲν
598 548 801 619 πρᾶξαι
832 550 961 620 πρὶν
981 550 1061 623 τῷ
1083 549 1339 621 Κυρὶλλῳ
1370 548 1704 619 συντύχοιεν,
1738 548 1833 603 καὶ
1863 605 1864 609 η

1967 560 2128 601 enum
2145 553 2202 601 et
2232 543 2472 612 collegas
2504 542 2625 611 ejus
2672 536 2916 607 scripsit,
2948 550 3016 590 ne
3055 532 3354 605 quidquam
3383 548 3508 602 age-

260 641 400 712 mp‘
428 640 593 695 αὐτοῦ
622 642 682 695 τὸ
711 642 979 713 πρακτέον
1012 642 1252 713 μάθοιεν.

875 841 1127 895 ΚΕΦΑΛ.
1166 844 1249 897 K'.

260 933 409 1001 Περὶ
465 927 554 988 ὧν
606 934 827 1002 ἔγραψε
875 932 1071 1001 Φῆλιξ
1108 934 1259 1001 πρὸς
1299 937 1581 1002 Ζήνωνα,
1618 938 1715 990 καὶ
1762 934 1840 992 οὗ

609 1004 795 1058 πάλιν
819 1003 1031 1073 Ζήνων
1058 1008 1208 1073 πρὸς
1243 1005 1495 1072 Φήλικα.

335 1117 599 1186 Γεγόνασι
634 1118 765 1190 πρὸς
793 1119 990 1184 αὐτοὺς
1024 1121 1118 1174 καὶ
1158 1121 1319 1192 ἕτερα
1366 1123 1503 1193 πρὸς
1546 1122 1640 1178 τοῦ
1679 1123 1842 1193 Φήλι-

260 1227 361 1274 κος
401 1210 779 1281 ὑπομνηστικά
816 1211 951 1285 (16),
985 1214 1080 1267 καὶ
1116 1214 1250 1285 πρὸς
1282 1214 1373 1268 τὸν
1411 1218 1635 1286 Ζήνωνα
1668 1215 1844 1286 γράμ-

262 1320 422 1373 ματα
456 1304 582 1372 περί
614 1321 673 1356 τε
721 1306 820 1374 τῆς
852 1306 909 1358 ὲν
949 1305 1252 1376 Καλχηδόνι
1276 1305 1516 1370 συνόδου,
1542 1306 1638 1359 καὶ
1667 1306 1759 1359 τοὺ
1786 1308 1845 1358 ὲν

272 1393 519 1463 ’Δφρικῇ
540 1392 780 1462 διωγμοῦ
803 1391 876 1462 (ο)
902 1393 991 1446 τοῦ
1018 1397 1159 1447 κατὰ
1185 1391 1498 1463 Ὃνώριχον.
1535 1391 1845 1445 Ἐπέστειλε

263 1484 324 1537 δὲ
366 1485 464 1537 καὶ
506 1484 642 1554 πρὸς
682 1485 954 1539 Ἀκάκιον.
992 1484 1135 1555 Πρὸς
1162 1483 1221 1537 ὂν
1242 1486 1270 1537 ὁ
1302 1485 1489 1554 Ζήνων
1514 1484 1843 1554 ἀντέγραφε,

268 1575 457 1645 μάτην
479 1572 571 1627 τὸν
600 1576 851 1645 Ἰωάννην
883 1575 1045 1629 αὑτὸν
1077 1574 1420 1646 διαταράξαι.
1451 1574 1845 1644 διομοσάμενον

271 1666 378 1737 μὲν
410 1666 633 1737 μηδαμῆ
666 1665 929 1737 μηδαμῶς
960 1668 1216 1736 παριέναι
1249 1667 1337 1720 διὰ
1380 1666 1474 1719 τοῦ
1526 1666 1713 1737 Θρόνον
1745 1670 1844 1738 τῆς

280 1756 701 1827 Ἀλεξανδρέων,
734 1758 1057 1829 παραϐάντα
1079 1758 1158 1820 δὲ,
1187 1759 1279 1811 καὶ
1303 1759 1370 1813 τὰ
1398 1759 1692 1830 ὼμοσμένα
1721 1760 1847 1813 ἀλο-

268 1850 546 1919 γήσαντα,
578 1850 757 1903 πᾶσαν
787 1849 1094 1922 ἱεροσυλίαν
1128 1850 1487 1921 ὲργάσασθαι’
1520 1852 1615 1904 καὶ
1642 1852 1848 1921 Πέτρον

1942 645 2083 702 rent,
2111 635 2433 705 priusquam
2461 647 2584 686 cum
2612 629 2816 701 Cyrillo
2842 635 3024 681 essent
3053 624 3334 686 collocuti,
3363 633 3419 679 et
3441 620 3510 678 ab

1940 742 2007 782 eo
2026 725 2159 797 quid
2188 722 2461 794 agendum
2485 728 2632 776 esset
2665 718 3011 773 didicissent.

2564 835 2716 889 CAP.
2767 832 2885 887 XX.

1948 930 2021 985 De
2058 933 2119 985 iis
2148 946 2265 1002 qum
2296 928 2448 983 Felix
2481 928 2550 982 ad
2586 926 2874 1002 Zenonem,
2908 933 2959 979 et
3004 923 3145 977 Zeno
3176 925 3245 977 ad
3292 923 3514 978 Felicem

2609 998 2845 1068 scripsit.

2014 1115 2248 1186 Scripsit
2279 1115 2445 1170 etiam
2479 1112 2636 1167 Felix
2681 1110 2817 1165 alias
2843 1109 2911 1164 ad
2945 1108 3169 1164 eosdem
3220 1106 3520 1162 commoni-

1947 1206 2138 1261 torias.
2171 1205 2408 1260 Litteras
2443 1218 2664 1274 quoque
2685 1200 2926 1255 deditad
2962 1200 3265 1259 Zenonem,
3316 1197 3521 1267 quibus

1946 1315 2069 1355 eum
2094 1298 2501 1361 commonebat,
2546 1306 2663 1350 tum
2693 1295 2761 1350 de
2812 1292 3245 1350 Chalcedonensi
3289 1290 3519 1363 synodo,

1946 1401 2063 1447 tum
2092 1391 2160 1445 de
2190 1389 2577 1460 persecutione
2608 1402 2731 1458 qua:
2756 1387 2813 1440 in
2848 1385 3032 1440 Africa
3064 1385 3298 1439 excitata
3346 1384 3527 1457 fuerat

1947 1481 2015 1535 ab
2038 1479 2334 1534 Hunerico.
2368 1476 2607 1548 Scripsit
2649 1477 2780 1531 item
2809 1476 2878 1530 ad
2901 1476 3184 1531 Acacium.
3226 1476 3526 1545 Imperator

1947 1578 2133 1625 autem
2166 1570 2316 1624 Zeno
2341 1568 2630 1638 rescripsit
2652 1567 2842 1633 Felici,
2875 1567 3081 1622 frustra
3118 1567 3273 1620 illum
3312 1577 3525 1637 pertur-

1947 1662 2142 1718 batum
2175 1676 2296 1715 esse
2318 1660 2507 1716 verbis
2529 1660 2779 1725 Joannis,
2801 1660 3003 1730 quippe
3022 1658 3118 1729 qui
3145 1660 3274 1713 olim
3301 1659 3523 1729 quidem

1944 1754 2185 1825 iurasset
2243 1768 2302 1808 se
2339 1752 2771 1808 Alexandrinam
2832 1751 3020 1807 sedem
3076 1751 3232 1806 nullo
3284 1767 3525 1820 unquam

1951 1845 2117 1900 modo
2191 1845 2533 1901 ambiturum
2594 1860 2717 1900 esse
2764 1863 2777 1900 :
2817 1853 3009 1915 postea
3066 1860 3200 1900 vero
3278 1845 3529 1915 neglecto

267 1942 326 1995 δὲ
364 1943 444 2012 μὴ
477 1942 851 2007 ἁδασανίστως
893 1943 1362 2016 προχειρισθῆναι,
1391 1944 1507 1997 ἀλλ’
1538 1943 1851 2014 αὐτοχειρίᾳ

1967 1938 2330 2006 ,urejurando,
2362 1937 2575 1991 nullum
2603 1952 2715 1991 non
2755 1936 3025 2008 sacrilegii
3051 1952 3225 2007 genus
3281 1936 3535 1992 admisis-

272 2034 673 2105 ὑπογράψαντα
700 2035 952 2105 δέχεσθαι
984 2037 1083 2106 τήν
1139 2037 1323 2089 πίστιν
1374 2036 1482 2088 τῶν
1526 2037 1850 2108 τριακοσίων

269 2124 557 2179 δεκαοκτιῦ
596 2126 765 2195 ἁγίων
798 2127 1053 2198 Πατέρων
1087 2128 1196 2180 τῶν
1231 2130 1289 2181 ὲν
1323 2128 1527 2199 Νικαίᾳ
1557 2129 1845 2199 συνεληλυ-

273 2217 475 2279 θότων,
528 2211 671 2292 ᾗτινι
703 2220 795 2271 καὶ
827 2221 859 2290 ή
891 2221 949 2272 ὲν
989 2219 1292 2289 Καλχηδόνι
1319 2221 1451 2288 ἁγία
1479 2220 1693 2285 σύνοδος
1726 2224 1854 2292 ἠκο-

274 2309 534 2379 λούθησε,
567 2312 660 2363 καὶ
686 2310 861 2365 ταῦτα
895 2314 1208 2381 γέγραπται
1239 2313 1330 2365 ἐπὶ
1360 2313 1625 2384 ῥήματος·
1673 2314 1855 2385 Ὀφεί-

274 2402 393 2455 λειν
444 2402 701 2471 ἀσφαλῶς
751 2403 894 2473 ἔχειν
943 2405 1089 2474 (i7),
1124 2405 1220 2457 καὶ
1252 2403 1350 2474 τὴν
1395 2405 1669 2478 ἡμετέραν
1704 2405 1857 2460 εὐσέ-

275 2494 456 2557 ϐειαν,
489 2494 583 2549 καὶ⁵
626 2494 718 2547 τὸν
762 2496 1125 2567 προλεχθέντα
1164 2495 1466 2565 ἁγιώτατον
1496 2498 1723 2569 Πέτρον,
1760 2499 1857 2552 κα)⁸

281 2589 465 2651 πάσας
512 2588 612 2652 τὰς
648 2589 953 2657 ἁγιωτάτας
1020 2588 1346 2659 Ἐκκλησίας
1372 2632 1388 2656 ,
1444 2590 1543 2661 τὴν
1584 2591 1860 2662 Καλχηδο-

279 2676 421 2731 νέων
459 2678 572 2749 (-18)
620 2680 925 2750 ἁγιωτάτην
957 2679 1174 2735 σύνοδον
1221 2682 1473 2752 δέχεσθαι
1509 2684 1604 2735 καὶ
1645 2684 1855 2748 σέϐειν,

283 2770 406 2839 ἥτις
439 2771 671 2838 συνέστη
719 2772 784 2840 τῇ
834 2772 1014 2824 πίστει
1047 2774 1114 2841 τῇ
1145 2773 1203 2824 ὲν
1241 2775 1308 2843 τῇ
1351 2773 1599 2826 Νικαέων
1634 2775 1856 2844 συνόδῳ.

302 2863 660 2933 Ἐμφέρονται
694 2867 807 2927 τοῖς
844 2881 903 2916 τε
952 2866 1363 2936 πεπραγμένοις
1411 2868 1523 2937 (19)
1574 2868 1861 2921 ἐπιστολαὶ

293 2955 446 3025 παρά
482 2972 538 3007 τε
575 2956 843 3025 Κυρίλλου
863 2956 967 3009 τοῦ
1018 2957 1321 3028 λεχθέντος,
1347 2958 1441 3012 καὶ
1482 2959 1686 3029 ἑτέρων
1706 2961 1862 3029 ἁρχι-

290 3047 596 3115 μανδριτῶν
628 3048 727 3115 τῆς
765 3046 1059 3116 βασιλίδος,
1091 3048 1182 3100 καὶ
1217 3050 1370 3115 παρὰ
1409 3050 1722 3101 ἐπισκόπων
1769 3050 1865 3102 καὶ

287 3138 569 3209 κληρικῶν
620 3138 716 3191 τοῦ
760 3139 1133 3208 Αἰγυπτιακοῦ
1165 3139 1427 3207 κλίματος
1468 3140 1603 3210 πρὸς
1630 3139 1863 3210 Φήλικα,

286 3235 430 3288 κατὰ
464 3236 674 3305 Πέτρου
717 3234 793 3297 ὡς
847 3233 1148 3305 αἱρετικοῦ,
1192 3233 1285 3287 καὶ
1316 3233 1424 3287 τῶν
1461 3234 1864 3287 κοινωνούντων

286 3324 458 3395 αὐτῷ.
509 3326 574 3378 Οἳ
609 3325 702 3378 καὶ
738 3324 1026 3395 διήλεγξαν
1072 3324 1184 3395 (20)
1225 3325 1274 3377 οἱ
1307 3325 1373 3380 ὲκ
1410 3323 1512 3394 τῆς
1556 3325 1723 3394 μονῆς
1757 3323 1865 3377 τῶν

297 3418 644 3485 ’Δκοιμήτων
677 3416 970 3486 ἀφιγμένοι
1000 3417 1136 3487 πρὸς
1170 3415 1402 3486 Φήλικα,
1432 3417 1561 3479 τοὺς
1595 3417 1724 3487 περ)⁵
1757 3418 1865 3470 Μι-

290 3514 458 3575 σξνον,
492 3510 568 3572 ὡς
601 3509 761 3580 μέχρι
798 3509 899 3578 τῆς
939 3509 1118 3562 αὐτῶν
1168 3508 1471 3580 παρουσίας
1513 3511 1613 3580 τῆς
1655 3508 1759 3562 ἀνὰ
1804 3509 1867 3561 τὸ

288 3602 622 3667 Βυζάντιον,
687 3604 743 3654 ὲν
794 3600 1130 3672 παραδύστῳ
1166 3601 1372 3671 Πέτρος
1425 3603 1484 3655 ὲν
1530 3603 1653 3665 ταῖς
1694 3602 1865 3672 ἱεραῖς

287 3691 497 3753 δέλτοις
544 3691 961 3759 ἀνεγινώσκετο,
1003 3693 1099 3744 καὶ
1126 3691 1184 3758 ἐξ
1215 3691 1425 3745 ἐκείνου
1470 3691 1574 3755 ἓως
1614 3691 1708 3746 νῦν
1735 3693 1865 3746 ἀνα-

290 3781 515 3849 φανδόν·
552 3780 648 3834 καὶ
694 3778 865 3843 οὕτως
909 3780 1035 3841 τοὺς
1083 3780 1211 3851 περὶ
1245 3780 1471 3834 Μισῖνον
1516 3781 1864 3849 κοινωνῆσαι.

293 3874 407 3926 Καὶ
447 3875 483 3942 ή
529 3872 785 3944 ἐπιστολὴ
833 3872 890 3925 δὲ
938 3872 1048 3925 τῶν
1078 3872 1415 3941 Αἰγυπτίων,
1467 3873 1538 3926 τὰ
1569 3871 1712 3926 αὐτὰ
1738 3874 1869 3943 περὶ

292 3966 506 4033 Πέτρου
537 3962 741 4033 ἐλεγενο
790 3964 883 4017 καὶ
916 3963 992 4025 ὡς
1049 3963 1303 4033 Ἰωάννης
1331 3962 1430 4033 μὲν
1461 3962 1743 4033 ὀρθόδοξος
1771 3960 1868 4026 ὢν,

291 4056 578 4126 ὲνθέσμως
606 4056 1033 4127 κεχειροτόνητο’
1060 4056 1265 4125 Πέτρος
1302 4055 1359 4109 δὲ
1391 4055 1496 4110 ὑπὸ
1527 4056 1622 4110 δύο
1649 4056 1746 4109 καὶ
1773 4055 1871 4123 μό-

1953 2039 2056 2085 set.
2094 2031 2317 2086 Petrum
2358 2044 2525 2100 porro
2574 2045 2687 2084 non
2735 2030 2945 2100 absque
2993 2030 3240 2100 diligenti
3281 2028 3532 2084 examine

1953 2132 2266 2192 promotum
2302 2122 2472 2177 fuisse
2514 2140 2526 2175 :
2560 2121 2766 2193 quippe
2805 2122 2899 2192 qui
2930 2123 3154 2192 propria
3200 2138 3363 2176 manu
3405 2121 3534 2176 sub-

1955 2214 2290 2285 scripsisset,
2321 2212 2580 2284 amplecti
2623 2229 2682 2268 se
2734 2213 2898 2268 ﬁdem
2945 2222 3316 2268 trecentorum
3368 2220 3534 2281 atque

1955 2307 2260 2363 octodecim
2294 2319 2613 2362 sanctorum
2664 2306 2888 2361 Patrum
2937 2304 3034 2375 qui
3086 2306 3321 2359 Nicaeam
3370 2302 3536 2375 355

1956 2401 2089 2456 olim
2145 2408 2525 2455 convenerunt
2576 2415 2792 2469 :quam
2847 2398 3011 2453 fidem
3071 2397 3537 2453 Chalcedonensis

1957 2507 2177 2561 quoque
2249 2492 2491 2562 synodus
2555 2490 2955 2562 comprobavit.
3032 2490 3209 2545 Verba
3287 2489 3535 2560 epistolae

1958 2584 2195 2639 Zenonis
2215 2584 2332 2639 haec
2362 2593 2491 2639 sunt
2516 2601 2527 2637 :
2562 2584 2668 2638 Pro
2703 2593 2858 2639 certo
2886 2584 3086 2638 habere
3119 2582 3307 2647 debes,
3337 2593 3391 2637 et
3421 2582 3537 2653 pie—

1959 2685 2128 2730 tatem
2154 2686 2421 2738 nostram,
2453 2684 2509 2729 et
2539 2690 2703 2745 supra
2735 2681 3097 2729 memoratum
3129 2672 3534 2727 sanctissiumm

1960 2766 2203 2829 Petrum,
2238 2775 2295 2820 et
2324 2766 2611 2821 universas
2652 2772 3033 2819 sacrosanctas
3082 2763 3374 2828 Ecclesias,
3413 2779 3539 2818 san-

1963 2858 2272 2913 ctissimum
2293 2856 2742 2912 Chalcedonense
2772 2855 3069 2910 concilium
3098 2855 3351 2924 amplecti
3373 2865 3538 2923 atque

1961 2951 2234 3016 venerari,
2263 2949 2411 3020 quod
2460 2965 2585 3004 cum
2628 2948 2735 3002 fide
2773 2948 2996 3003 concilii
3053 2947 3256 3003 Nicami
3313 2962 3540 3017 prorsus

1964 3044 2263 3097 consentit.
2311 3042 2372 3096 In
2415 3042 2611 3096 iisdem
2644 3040 2784 3096 actis
2834 3041 3095 3110 leguntur
3126 3040 3374 3110 epistolae
3422 3046 3538 3094 tum

1964 3135 2154 3206 Cyrilli
2178 3150 2343 3204 supra
2363 3132 2673 3198 memorati,
2703 3141 2761 3187 et
2801 3133 3033 3187 aliorum
3075 3131 3543 3187 archimandrita-

1968 3245 2091 3284 rum
2124 3229 2279 3284 urbis
2306 3230 2489 3300 regiae,
2525 3238 2638 3283 tum
2684 3230 3070 3299 episcoporum
3119 3237 3177 3283 et
3212 3225 3543 3282 clericorum

1970 3324 2298 3396 Egyptiaca:
2320 3324 2598 3390 dimcesis,
2626 3324 2693 3379 ad
2723 3325 2960 3379 Felicem
2987 3323 3228 3392 scriptae,
3257 3321 3325 3377 de
3380 3321 3546 3377 Petro

1974 3426 2232 3486 tanquam
2268 3415 2553 3481 haeretico,
2574 3423 2630 3469 et
2660 3415 2728 3470 de
2760 3415 2829 3471 iis
2853 3415 2947 3485 qui
2969 3415 3133 3469 Petro
3169 3413 3549 3468 communica-

1972 3508 2124 3561 bant.
2149 3507 2324 3562 Porro
2354 3506 2608 3562 monachi
2629 3506 3019 3561 Aemmitensis
3041 3504 3382 3568 monasterii,
3419 3519 3545 3559 cum

1972 3594 2039 3648 ad
2080 3594 2318 3650 Felicem
2344 3595 2641 3660 venissent,
2666 3594 2934 3650 Misenum
2961 3609 3025 3649 ac
3058 3594 3121 3650 Vi
3132 3594 3292 3650 talem
3325 3608 3552 3649 accusa-

1975 3697 2125 3753 runt,
2183 3687 2332 3758 quod
2389 3698 2518 3743 ante
2585 3688 2883 3743 adventum
2942 3687 3168 3757 quidem
3219 3687 3438 3742 illorum
3492 3686 3551 3740 in
3598 3712 3601 3715 ι

1974 3781 2169 3835 urbem
2213 3780 2443 3851 regiam,
2497 3780 2644 3836 Petri
2694 3796 2897 3836 nomen
2941 3780 2997 3836 in
3048 3780 3223 3835 sacris
3272 3779 3552 3852 diptychis

1974 3873 2191 3928 occulte
2230 3872 2599 3928 recitaretur:
2638 3872 2839 3928 exinde
2874 3887 3006 3927 vero
3054 3872 3275 3944 publice
3330 3870 3552 3927 recitari

1976 3965 2273 4035 coepisset;
2306 3972 2473 4035 atque
2505 3965 2582 4019 ita
2601 3965 2843 4021 Misenus
2869 3980 2935 4020 ac
2978 3965 3172 4021 Vitalis
3214 3964 3265 4020 ei
3301 3978 3555 4018 commu-

1978 4057 2281 4114 uicassent.
2318 4056 2559 4129 Egyptii
2616 4073 2751 4112 vero
2777 4058 2832 4113 in
2891 4057 3006 4113 suis
3033 4057 3237 4112 litteris
3280 4065 3399 4112 tum
3449 4054 3555 4110 ista

1479 4213 1753 4271 VALESII
1808 4214 2256 4272 ANNOTATION
2265 4215 2369 4270 ES.

370 4358 485 4428 (l6)
531 4355 999 4428 ’Υπομνῃστικά.
1026 4356 1520 4428 Νἰορρὶιοτιιεηιιωο
1565 4358 1872 4413 commoni-

293 4426 440 4484 toria
469 4426 574 4487 '(sic
598 4429 742 4481 enim
762 4426 941 4481 Latini
974 4426 1193 4492 vocant,
1225 4444 1347 4496 quae
1367 4427 1571 4483 Graecis
1605 4428 1872 4483 dicuntur

294 4500 711 4568 ὑπομνηστικὸιὶ
725 4497 791 4552 ad
824 4498 1098 4552 Zenonem
1119 4498 1502 4567 imperatorem
1527 4499 1731 4567 scripta
1752 4514 1871 4553 esse

292 4566 652 4627 existimavit.
672 4566 871 4622 Verum
899 4568 1163 4638 Evagrius
1179 4566 1245 4620 ad
1266 4568 1495 4638 Vitalem
1515 4583 1578 4623 ac
1607 4569 1871 4623 Misenum

294 4641 449 4696 sedis
472 4639 783 4730 apostolicae
798 4640 1004 4730 legatos
1017 4637 1091 4730 .ea
1116 4638 1316 4730 scriplta
1332 4637 1691 4730 fuisseJdicit.
1711 4638 1873 4694 Certe
1907 4676 1947 4730 Β

295 4709 722 4767 commonitoria
768 4707 1099 4779 ad'legatos
1142 4717 1197 4763 et
1256 4707 1563 4779 liujusmodi
1608 4724 1873 4777 personas

296 4781 445 4836 mitti
489 4780 760 4841 solebant,
812 4794 923 4832 non
950 4776 1151 4833 'autem
1217 4776 1285 4832 ad
1332 4776 1730 4845 imperatorem
1763 4780 1873 4831 Ro-

298 4865 549 4905 manum.
604 4850 772 4903 Erant
828 4851 975 4903 enim
1026 4850 1183 4919 quasi
1244 4850 1517 4919 mandata,
1556 4857 1612 4902 et
1667 4851 1875 4919 instru-

298 4924 537 4982 ctiones,
598 4935 733 4988 quas
767 4920 1011 4974 studiose
1043 4917 1337 4975 observare
1364 4918 1639 4973 debebant
1690 4917 1873 4988 legati.

376 4992 491 5057 (17)
529 4986 824 5058 Ὀῥείλειν
871 4990 1161 5059 ἀσφαλῶς
1207 4991 1390 5058 ἔχειν.
1449 4990 1679 5043 Rectius
1730 4986 1876 5057 apud

300 5062 679 5184 Eiiceplhgrum
697 5060 960 5115 scribitur
987 5061 1242 5130 ὀφείλεις,
1269 5060 1325 5114 id
1356 5070 1460 5125 est,
1495 5076 1591 5130 pro
1617 5068 1755 5113 certo
1785 5061 1881 5111 ha-

335 5149 423 5184 ere
489 5148 513 5184 e
549 5149 619 5184 es.

302 5135 423 5187 bere
450 5134 619 5185 debes.

379 5205 490 5270 (I8)
524 5200 977 5269 Καλχηδονέων.
1014 5202 1074 5256 In
1108 5201 1316 5271 optimo
1338 5200 1528 5257 codice
1560 5198 1882 5271 Florentino

307 5273 576 5341 scriptum
634 5273 839 5336 inveni,
880 5270 1295 5343 Καλχηδοναίων
1322 5288 1337 5303 ·
1396 5272 1674 5343 quomodo
1716 5270 1883 5343 etiam

309 5340 444 5397 alibi
465 5344 735 5412 scriptum
775 5343 939 5397 habet
990 5340 1134 5397 idem
1163 5342 1355 5407 codex,
1387 5340 1447 5397 ιιί
1483 5359 1646 5412 supra
1679 5340 1882 5396 notavi.

312 5415 458 5468 Sane.
507 5425 721 5468 veteres
768 5414 976 5467 nummi
1009 5430 1127 5469 eam
1158 5413 1485 5483 scripturam
1535 5414 1882 5474 confirmant,

309 5494 369 5540 et
391 5494 585 5540 auctor
611 5483 939 5556 etgmologici
969 5486 1025 5539 in
1052 5499 1184 5540 voce
1218 5485 1538 5555 Καλχηδών.

2048 4358 2161 4427 (i9)
2196 4355 2578 4427 Ἐμφέρονται
2607 4357 2731 4422 τοῖς
2762 4373 2831 4427 ,τε
2855 4354 3315 4427 πεπραγμένοις.
3348 4356 3554 4427 Assen-

1979 4424 2086 4484 tio'r
2100 4424 2339 4483 Henrico
2370 4425 2599 4493 Savilio,
2636 4427 2729 4496 qui
2759 4425 2815 4479 in
2845 4426 3038 4496 codice
3071 4440 3171 4478 suo
3219 4424 3555 4489 emendavit,

1979 4497 2313 4569 ὲμφέρονταί
2342 4515 2400 4550 τε
2432 4499 2545 4557 τοῖς
2564 4495 3001 4569 πεπραγμένοις.
3025 4495 3129 4569 Sed
3158 4495 3551 4569 probare_non

2016 4564 2200 4624 essum
2228 4564 2740 4638 interpretationem
2769 4566 3280 4638 Christophorsoni,
3296 4564 3389 4638 qui
3410 4564 3557 4638 hunc

2000 4654 2159 4694 ocum
2188 4638 2261 4692 ita
2290 4635 2458 4693 vertit
2484 4656 2496 4691 :
2536 4637 2759 4690 Exstant
2783 4646 3039 4706 praeterea
3074 4636 3129 4688 in
3166 4636 3296 4688 actis
3324 4635 3558 4706 ejusdem

1977 4708 2201 4772 concilii,
2244 4720 2351 4763 etc.
2406 4708 2595 4776 Neque
2625 4704 2791 4760 enim'
2830 4707 3098 4775 Evagrius
3130 4706 3294 4758 ullius
3337 4704 3557 4776 concilii

1980 4780 2318 4833 mentionem
2353 4774 2519 4839 facit,
2553 4776 2650 4831 sed
2685 4774 3067 4831 collectionem
3123 4776 3387 4829 duntaxat
3436 4774 3558 4844 epi-

1982 4850 2247 4903 stolarum
2273 4859 2542 4911 recenset,
2571 4862 2695 4916 qua:
2729 4846 2797 4899 ad
2847 4862 3067 4900 causam
3096 4845 3281 4899 Acacii
3305 4844 3557 4916 pertinet-

1982 4919 2137 4972 bant.
2172 4919 2385 4972 Putavit
2406 4913 2617 4973 scilicet
2642 4916 3200 4985 Christophorsonus,
3222 4913 3386 4969 exeo
3408 4913 3557 4984 quod

1985 4996 2233 5042 actorum
2255 4990 2590 5043 mentionem
2622 4988 2690 5042 ab
2714 4987 2950 5056 Evagrio
2975 4987 3090 5041 fieri
3124 4986 3354 5051 viderat,
3373 4986 3559 5041 statim

1986 5059 2273 5128 consequi,
2309 5068 2369 5112 ut
2400 5060 2514 5113 hac
2537 5059 2591 5113 in
2628 5057 2864 5128 concilio
2914 5066 3035 5128 acta
3078 5056 3307 5128 fuerint.
3351 5056 3558 5128 Verum

1987 5144 2096 5182 non
2129 5124 2202 5182 ita
2232 5137 2500 5197 perpetuo
2539 5144 2597 5183 se
2638 5144 2730 5183 res
2760 5127 2945 5182 habet.
2975 5127 3109 5181 Acta
3137 5127 3285 5181 enim
3342 5124 3561 5197 simpli-

1986 5201 2128 5254 citer
2153 5195 2350 5253 vocari
2387 5207 2618 5267 possunt
2649 5199 3089 5269 quaecunqueuin
3131 5198 3314 5269 aliquo
3341 5195 3563 5269 negotio

1986 5280 2139 5351 gesta
2172 5269 2558 5351 sunt,etiamsi
2594 5266 2810 5323 nullum
2838 5267 3139 5323 concilium
3177 5277 3273 5322 aut
3290 5266 3562 5339 judicium

1988 5339 2373 5395 intervenerit.

2062 5411 2174 5478 (20)
2233 5409 2300 5462 02
2326 5407 2424 5462 καὶ
2458 5407 2803 5477 διήλετξαν.
2853 5408 3134 5463 Delendus
3178 5416 3264 5464 est
3296 5405 3567 5461 articulus

1991 5480 2410 5552 postpositivus,
2432 5494 2598 5550 quem
2622 5493 2726 5534 nec
2753 5478 3102 5549 Nicephorus
3128 5478 3395 5551 agnoscit.

1770 5620 2158 5680 VARIORUM.

388 5750 461 5821 (ο)
506 5749 618 5821 Τοῦ
646 5749 716 5801 ἐν
746 5744 1658 5821 Ἀφρικῇίδιωγμοᾶ*ςφριιιηθει
1700 5757 1889 5821 perse-

319 5813 468 5878 cutio
512 5819 765 5876 Africana
802 5813 1282 5873 alino"485.'l)uo
1314 5813 1451 5872 illic
1476 5816 1654 5871 edicta
1704 5813 1890 5869 emisit

325 5892 669 5948 llunncricus
680 5891 944 5947 adversus
959 5888 1263 5946 catholicos
1282 5906 1294 5942 :
1321 5889 1555 5959 primum
1578 5888 1666 5942 die
1685 5886 1891 5951 Ascen-

1998 5742 2170 5797 sionis
2197 5741 2496 5798 Dominicaa
2531 5740 2661 5797 anni
2690 5738 2831 5805 483;
2863 5736 3167 5795 secundum
3200 5751 3255 5791 v1
3282 5733 3398 5791 Kal.
3421 5732 3566 5789 Mar-

2001 5814 2107 5869 tias
2154 5814 2285 5870 anni
2321 5812 2447 5869 484.
2486 5813 2635 5887 (Ant.
2688 5811 2864 5880 PAGI.)
