4048 6494
523 409 664 475 2639
1722 412 2040 475 EVAGRII
2079 411 2563 473 SCHOLASTICI
3629 412 3784 476 2840

519 538 642 596 qua:
661 520 796 586 dixi,
830 518 897 575 de
930 520 1093 574 Petro
1120 518 1471 576 referebant:
1505 528 1619 574 tum
1654 521 1801 590 quod
1858 522 2075 576 Joanne:

2199 540 2303 575 νων
2345 522 2659 575 ἐπισκόπων
2698 519 2811 592 (21)
2842 523 3244 592 παραπλησίων
3283 524 3434 595 αύτῷ
3473 522 3574 595 τὴν
3600 542 3783 579 κακο-

518 613 739 683 quidem
780 612 876 681 qui
933 618 1057 666 erat
1108 611 1468 677 orthodoxus,
1517 611 1758 683 legitime
1809 612 2075 667 ordinatu:

2193 615 2375 681 δοξίαν
2430 612 2837 685 ἐχειροτονήθη·
2875 615 2971 669 καὶ
3012 615 3089 678 ὡς
3132 615 3261 686 ἄρτι
3301 616 3442 687 μετὰ
3461 618 3561 689 τὴν
3593 619 3787 689 φυγὴν

516 705 974 762 fuissetzPetrus
1011 714 1196 759 autem
1244 720 1275 759 a
1307 704 1527 760 duobus
1576 706 1755 760 solum
1799 705 2074 776 episcopis

2206 708 2476 774 Ἰωάννου,
2513 708 2695 776 πάσης
2742 706 2929 772 αἰκίας
2979 707 3091 761 ἰδέα
3149 709 3292 762 κατὰ
3337 709 3447 763 τῶν
3474 710 3787 781 ὀρθοδόεων

514 800 768 855 eamdem
822 813 947 853 cum
983 797 1076 853 illo
1124 797 1378 851 haeresim
1420 797 1832 867 profitentibus,
1878 804 2075 853 creatu:

2195 798 2493 871 ὲπηνέχθη.
2530 798 2717 852 Ταῦτά
2762 816 2820 853 τε
2861 801 3040 855 πάντα
3066 800 3269 869 γνῶναι
3303 818 3393 854 τον
3426 803 3683 857 Ἀκάκιον
3705 804 3787 857 δι’

511 905 691 948 esset:
724 902 781 949 et
810 891 959 964 quod
985 899 1107 959 post
1140 890 1369 945 Joannis
1392 888 1597 961 fugam,
1629 889 1779 945 omni
1801 889 2075 961 supplicio

2194 891 2351 945 ἐνίων
2388 892 2540 963 αὐτῷ
2568 892 2709 946 κατὰ
2736 892 2833 964 τὴν
2861 892 3130 963 βασιλέως
3156 895 3497 962 ἀφιγμένων,
3527 897 3622 949 καὶ⁵
3648 913 3788 949 συν-

512 1001 631 1039 rum
673 1000 873 1055 genere
903 980 1083 1035 vexati
1112 980 1347 1036 fuissent
1387 980 1703 1035 orthodoxi.
1754 980 1931 1050 Atque
1977 980 2075 1034 hinc

2195 983 2356 1053 εργὺν
2385 984 2442 1037 ὲν
2470 985 2636 1037 πᾶσιν
2669 984 2851 1055 εὑρεῖν
2876 985 3068 1057 Πέτρῳ
3092 985 3184 1039 τὸν
3232 987 3489 1040 ’Λκάκιον

513 1077 696 1131 omnia
723 1075 985 1130 Acacium
1016 1070 1279 1128 didicisse
1302 1088 1401 1143 per
1430 1070 1720 1141 quosdam,
1741 1072 1839 1141 qui
1890 1072 1959 1126 ab
1984 1072 2123 1128 urbe
2159 1074 2527 1130 Alexandrina
2591 1074 3127 1146 Constantinopolim
3164 1076 3464 1133 venissent.
3522 1079 3783 1149 Denique

520 1170 779 1225 eumdem
805 1168 1091 1233 Acacium,
1119 1165 1269 1222 Petri
1315 1163 1703 1218 administrum
1733 1171 1898 1234 atque
1933 1164 2240 1239 adiutorem
2276 1167 2331 1223 in
2358 1169 2618 1224 omnibus
2644 1168 3010 1239 deprehendi.

1131 1280 1283 1336 CAP.
1323 1279 1464 1334 XXI.

511 1377 781 1441 Quomodo
818 1374 1099 1441 Symeones
1119 1375 1406 1427 monachus
1445 1373 1823 1437 Acmmitensia,
1862 1371 2085 1426 Romam

578 1451 806 1511 veniens,
849 1443 1047 1517 legatos
1076 1444 1327 1517 Ecclesia;
1346 1443 1500 1517 Rom.
1535 1446 1623 1512 qui
1646 1444 2085 1517 Constantinopo-

578 1522 671 1571 lim
701 1513 975 1580 venerant,
1008 1513 1267 1584 coarguit,
1301 1514 1439 1583 quod
1475 1531 1594 1567 cum
1642 1515 1895 1569 hwrcticis
1938 1530 2083 1567 coma

577 1589 967 1649 municassent;
1006 1595 1055 1638 et
1080 1585 1339 1655 quomodo
1367 1584 1525 1655 legati
1548 1592 1598 1637 et
1624 1602 1805 1639 omnes
1843 1600 2081 1637 contmn-

579 1661 836 1712 nicatores
874 1656 1043 1722 Petri,
1071 1673 1103 1710 a
1131 1655 1393 1709 Romanis
1418 1656 1643 1724 depositi
1658 1657 1783 1709 sint.

577 1834 743 1890 Auxit
776 1833 881 1888 ista
910 1848 1021 1887 non
1048 1829 1407 1886 mediocriter
1438 1829 1741 1902 Symeones
1778 1828 2083 1885 monachus

506 1927 908 1991 Acmmitensis,
936 1927 1169 1979 Romam
1194 1940 1225 1977 a
1254 1922 1460 1992 Cyrillo
1518 1922 1741 1977 missus.
1798 1921 1898 1976 Hic
1934 1923 2084 1977 enim

505 2022 770 2076 Misenum
797 2034 863 2073 ac
888 2018 1122 2074 Vitalem
1143 2015 1415 2086 coarguit,
1448 2014 1598 2084 quod
1633 2013 1908 2069 hareticis
1928 2028 2083 2069 com-

504 2112 902 2175 municassent,
964 2108 1114 2164 Petri
1174 2108 1399 2162 nomine
1461 2106 1518 2160 in
1566 2106 1740 2161 sacris
1799 2103 2084 2175 Diptychis

503 2203 723 2273 publice
757 2200 990 2255 recitato
1024 2215 1039 2252 :
1069 2206 1239 2267 atque
1270 2197 1345 2251 ita
1373 2196 1579 2251 multos
1610 2212 1681 2251 ex
1729 2194 2083 2264 simpliciori-

502 2295 609 2347 bus
637 2293 695 2346 in
728 2288 982 2344 fraudem
1034 2288 1294 2343 inductos
1318 2302 1438 2343 esse
1473 2286 1544 2342 ab
1598 2286 1893 2352 haereticis,
1954 2301 2081 2341 cum

500 2387 752 2440 dicerent
778 2384 1002 2438 Petrum
1025 2398 1057 2435 a
1090 2381 1334 2435 Romana
1373 2380 1539 2435 etiam
1577 2380 1707 2435 sede
1760 2388 2080 2449 susceptum

500 2493 621 2531 csse
669 2476 728 2529 in
780 2473 1247 2528 communionem.
1296 2472 1514 2543 Adjecit
1562 2473 1727 2526 etiam
1782 2471 2081 2542 Symeoncs

502 2568 772 2623 Misenum
806 2581 871 2620 ac
894 2565 1147 2630 Vitalem,
1179 2578 1307 2619 cum
1327 2564 1490 2618 variae
1509 2564 1844 2633 quaestiones
1872 2577 2079 2632 propo-

501 2662 621 2714 sita:
648 2668 855 2722 essent,
891 2656 1055 2728 355
1088 2658 1332 2713 noluisse
1385 2671 1629 2725 unquam
1666 2654 1907 2724 colloqui
1950 2669 2078 2708 cum

502 2754 614 2807 ullo
658 2751 1122 2814 orthodoxorum,
1152 2758 1250 2803 aut
1290 2749 1509 2803 litteras
1540 2748 1625 2802 eis
1684 2746 1931 2811 tradere,
1973 2761 2075 2802 nec

496 2844 798 2914 quidquam
822 2858 1015 2897 eorum
1046 2857 1168 2912 quae
1192 2849 1387 2896 contra
1432 2848 1638 2894 rectam
1681 2838 1847 2893 ﬁdem
1901 2847 2077 2893 tenta-

497 2940 722 3001 bantur,
763 2939 1103 2991 examinare.
1155 2935 1419 2989 Inductus
1474 2941 1560 2987 est
1590 2932 1758 2986 etiam
1809 2930 2077 3001 Sylvauus

495 3029 807 3099 presbyter,
839 3027 935 3097 qui
972 3042 1081 3080 una
1113 3040 1239 3080 cum
1274 3025 1484 3080 Miseno
1516 3039 1581 3079 ac
1614 3024 1789 3079 Vitale
1824 3032 2075 3077 versatus

494 3124 674 3176 fuerat
701 3118 1202 3188 Constantinopoli,
1228 3117 1322 3187 qui
1357 3117 1753 3171 monachorum
1797 3114 1945 3170 dicta
1972 3129 2074 3168 suo

496 3213 816 3269 testimonio
846 3211 1215 3266 conﬁrmavit.
1250 3210 1416 3265 Lecta
1445 3219 1532 3264 est
1566 3216 1834 3279 praeterea
1886 3206 2070 3262 Acacii

492 3312 561 3365 ad
599 3307 948 3379 Simplicium
987 3304 1241 3376 epistola,
1292 3303 1349 3357 in
1399 3317 1510 3372 qua
1558 3300 1794 3355 Aeacius
1846 3301 2070 3355 Petrum

2754 1282 3017 1354 ,KEoAA.
3060 1284 3197 1337 KA'.

2188 1374 2506 1444 Συμεὼνης
2546 1374 2817 1443 μοναχός
2844 1373 3042 1443 μονῆς
3087 1374 3208 1429 τῶν
3247 1376 3633 1442 Ἀκοιμήτων,
3682 1379 3781 1441 είς

2272 1447 2505 1514 Ῥώμην
2535 1444 2866 1509 κατελθὼν,
2914 1445 3055 1510 τοὺς
3091 1446 3162 1497 ἐν
3199 1450 3782 1500 Κωνσταντινσυπιτ-

2256 1520 2348 1569 λει
2383 1515 2843 1585 ἀποσταλέντας
2876 1514 3251 1580 ἐπισκόπους
3272 1515 3433 1583 παρὰ
3464 1519 3784 1585 Ῥωμαίων

2254 1586 2535 1655 διήλεγξε
2585 1584 3075 1651 κοινωνήσαντας
3132 1585 3258 1649 τοῖς
3283 1584 3618 1654 αἱρετικοῖς·
3665 1590 3777 1640 καὶ

2249 1658 2329 1721 ὡς
2358 1658 2531 1711 αὐτοί
2550 1673 2614 1709 τε
2636 1656 2732 1708 καί
2764 1660 2816 1727 al
2842 1656 3325 1723 κοινωνήσαντες
3348 1660 3573 1727 Πέτρῳ,
3601 1674 3712 1727 παι
3736 1680 3777 1712 ιι

2262 1728 2562 1796 Ῥωμαίων
2585 1726 3028 1795 καθῃρέθησαν.

2264 1839 2571 1910 Ἐπηύξησε
2586 1838 2643 1893 δὲ
2665 1837 2840 1892 ταῦτα
2869 1840 2942 1892 Συ
2952 1839 3170 1910 μεώνης
3201 1841 3435 1912 μοναχδς
3456 1842 3563 1895 τῶν
3592 1842 3778 1897 ’Δκοι-

2183 1933 2371 2001 μήτων
2408 1933 2437 1984 ὁ
2462 1932 2617 2000 παρὰ
2638 1930 2912 1998 Κυρίλλου
2951 1932 3186 1991 σταλείς.
3217 1932 3476 2003 Διήλεγξε
3498 1934 3606 2003 γὰρ
3635 1938 3775 1998 τοὺς

2184 2023 2314 2095 περὶ
2350 2024 2575 2077 Μισίνον
2625 2024 2719 2077 κα)⁸
2765 2022 3012 2078 Βιτάλιον
3042 2027 3481 2095 κοινωνήσαντας
3519 2029 3636 2089 τοῖς
3674 2029 3772 2079 αἱ-

2185 2117 2459 2187 ρετικοίς,
2514 2114 2813 2186 διαρρήδην
2879 2115 3284 2186 ἐκφωνηθέντος
3351 2116 3444 2168 τοῦ
3497 2116 3769 2182 ὀνόματος

2183 2208 2389 2277 Πέτρου
2439 2208 2497 2260 ἐν
2527 2209 2641 2270 τοῖς
2685 2206 2853 2277 ἱεροῖς
2890 2207 3201 2278 Διπτύχοις,
3243 2209 3339 2262 καὶ
3384 2210 3555 2280 ταύτῃ
3586 2210 3766 2280 ὑπαρ-

2180 2300 2377 2370 χθῆναι
2408 2299 2642 2362 πολλοὺς
2688 2299 2799 2353 τῶν
2848 2300 3232 2372 ἁπλουστέρων
3277 2301 3383 2354 ὑπὸ
3410 2302 3517 2355 τῶν
3554 2303 3759 2372 αἱρετι-

2179 2392 2292 2444 κῶν
2316 2431 2331 2454 ,
2379 2390 2647 2459 λεγόντων
2691 2390 2947 2461 δεχθῆναι
2980 2391 3070 2443 τὸν
3121 2392 3327 2461 Πέτρον
3365 2394 3461 2446 καὶ
3498 2393 3628 2460 πρὸς
3658 2392 3749 2446 τοῦ

2179 2483 2280 2551 τῆς
2322 2482 2540 2553 Ῥώμης
2565 2483 2778 2554 θρόνου,
2810 2485 2921 2537 Καὶ
2957 2485 3094 2556 πρὸς
3126 2485 3349 2549 πεύσεις
3383 2485 3440 2539 δὲ
3464 2486 3748 2557 διαφόρους

2179 2573 2365 2640 ἔλεγεν
2401 2574 2429 2624 ὁ
2459 2574 2778 2645 Συμεώνης,
2815 2577 2890 2645 μὴ
2935 2576 3270 2647 ἀνασχέσθαι
3317 2580 3443 2642 τοὺς
3490 2580 3615 2649 περὶ
3642 2580 3754 2631 Μι-

2180 2667 2325 2717 σίνον
2357 2666 2604 2735 ἐντυχεῖν
2641 2666 2909 2737 ὀρθοδόξῳ
2957 2668 3086 2732 τινὶ,
3120 2670 3151 2739 ἢ
3183 2672 3528 2740 γραμμάτων
3559 2671 3756 2723 ἀπόδο-

2178 2773 2263 2808 σιν
2311 2756 2668 2826 ποιήσασθαι,
2722 2758 2755 2827 ἥ
2809 2774 2861 2810 τι
2906 2758 3017 2811 τῶν
3054 2760 3417 2830 τολμωμένων
3465 2764 3604 2814 κατὰ
3655 2765 3758 2831 τῆς

2176 2847 2343 2918 ὀρθῆς
2372 2847 2607 2912 πίστεως
2644 2848 2974 2917 ἁκριῦῶσαι.
3027 2851 3291 2922 Παρήχθη
3343 2853 3436 2905 καὶ
3492 2850 3760 2913 Σιλϐανδς

2177 2938 2546 3010 πρεσϐύτερος
2571 2978 2587 3003 ,
2638 2941 2815 2993 συνὼν
2852 2942 3069 3012 Μισίνῳ
3116 2942 3210 2996 καὶ
3245 2943 3478 3011 Βιταλίῳ
3524 2944 3629 2996 ἀνὰ
3657 2945 3760 3011 τὴν

2178 3030 2614 3094 Κωνσταντίνου,
2659 3032 2718 3095 ὃς
2757 3032 2854 3102 τὴν
2893 3033 3003 3087 τῶν
3052 3034 3299 3105 μοναχῶν
3348 3035 3529 3102 φωνὴν
3562 3036 3763 3088 Ern-:6;—

2176 3117 2431 3173 6aiwaav.
2475 3120 2814 3192 Ἀνεγνώσθη
2865 3123 2959 3177 καὶ
2998 3124 3253 3177 Ἀκακίου
3306 3124 3567 3195 ἐπιστολὴ
3616 3126 3764 3195 πρὸς

2176 3211 2495 3279 Σιμπλίκιον
2527 3211 2663 3283 (2‘2),
2683 3213 2915 3281 λέγουσα
2948 3214 3118 3268 πάλαι
3146 3214 3494 3286 καθῃρῆσθαι
3525 3216 3764 3292 Πέτρον,

2175 3304 2270 3356 καὶ
2316 3304 2432 3356 υἱὸν
2478 3304 2672 3366 νυκτὸς
2717 3303 3066 3361 καθεστάναι.
3123 3306 3235 3359 Καὶ
3276 3307 3370 3360 ἐπὶ
3414 3306 3626 3370 τούτοις
3654 3308 3763 3375 τῆς

487 3402 819 3474 jampridem
892 3400 1209 3470 depositum
1278 3396 1450 3451 fuisse
1516 3394 1774 3461 dicebat,
1832 3407 2072 3463 eumque

2185 3397 2483 3467 ἱερωσύνης
2508 3396 2918 3467 ἀπεκινήθησαν
2938 3439 2954 3463 ,
2990 3400 3084 3452 καὶ
3124 3400 3225 3468 τῆς
3253 3400 3526 3469 ἀχράντου
3558 3418 3762 3454 κοινω-

492 3496 675 3549 noctis
707 3493 880 3548 filium
904 3507 1048 3547 esse.
1083 3490 1179 3544 llis
1201 3488 1271 3543 de
1296 3487 1501 3553 causis,
1524 3487 1770 3541 Misenus
1794 3500 1858 3540 ac
1883 3485 2073 3542 Vitalis

492 3585 808 3641 sacerdotio
841 3584 1008 3655 pulsi,
1039 3591 1099 3637 et
1126 3597 1156 3636 a
1188 3581 1416 3652 mystica
1443 3578 1833 3635 communione
1873 3580 2070 3633 remoti

491 3689 642 3744 sunt,
673 3695 800 3733 cum
851 3677 1109 3732 universa
1141 3674 1380 3746 synodus
1424 3674 1501 3728 ita
1537 3672 1603 3726 ad
1638 3672 1870 3726 verbum
1936 3688 2065 3741 pro-

492 3770 823 3824 nuntiasset.
877 3769 1101 3823 Petrum
1160 3766 1519 3828 haereticum,
1566 3764 1664 3834 qui
1707 3764 1845 3820 olim
1900 3778 2070 3819 sacra:

492 3861 640 3916 sedis
665 3861 891 3916 decreto
924 3860 1241 3925 damnatus,
1297 3856 1807 3913 excommunicatus
1842 3863 1900 3911 et
1938 3871 2069 3909 ana-

490 3955 886 4010 thematizatus
912 3962 1019 4018 est,
1053 3952 1296 4007 Ecclesia
1311 3951 1558 4005 Romana
1583 3967 1695 4005 non
1718 3948 1935 4018 recipit.
1966 3947 2070 4003 Cui

487 4048 708 4103 etiamsi
738 4046 877 4101 nihil
906 4045 1054 4100 aliud
1080 4045 1443 4116 objiceretur,
1470 4043 1557 4098 vel
1590 4044 1697 4099 hoc
1721 4058 1892 4097 unum
1916 4040 2069 4096 sulIi-

488 4152 661 4209 ceret,
720 4142 867 4212 quod
922 4141 991 4195 ab
1039 4139 1319 4195 hazreticis
1383 4137 1691 4199 ordinatus,
1746 4133 2071 4190 orthodoxis

487 4250 724 4304 praaesse
766 4250 874 4288 non
908 4231 1111 4303 potuit.
1146 4230 1297 4286 Istud
1329 4244 1549 4299 quoque
1601 4228 2073 4297 complectebatur

2176 3490 2295 3553 νίας
2327 3488 2709 3560 ἐχωρίσθησαν
2737 3490 2963 3555 Μισίνός
3006 3509 3065 3544 τε
3121 3495 3215 3545 καὶ
3259 3491 3527 3559 Βιτάλιος,
3573 3495 3762 3563 πάσης

2175 3584 2273 3653 τῆς
2301 3583 2517 3636 συνόδου
2543 3583 2929 3656 ψηφισαμένης
2964 3586 3059 3638 ἐπὶ
3090 3585 3287 3650 λέξεως
3322 3587 3516 3639 ταῦτα’
3546 3587 3763 3656 Πέτρον

2180 3674 2271 3726 τὸν
2296 3673 2571 3744 αἱρετικὸν
2597 3674 2689 3728 τὸν
2708 3676 2803 3729 καὶ
2826 3677 3078 3746 πάλαικτῇ
3114 3677 3274 3746 ψήφῳ
3308 3677 3404 3746 τῆς
3434 3678 3585 3745 ἱερᾶς
3614 3677 3761 3731 καθ-

2173 3763 2335 3833 έδρας
2402 3763 2801 3833 κατακριθέντα
2847 3766 2963 3834 (ρ),
3010 3765 3467 3835 ἀποκηρυχθέντα
3524 3783 3583 3819 τε
3659 3768 3760 3819 καὶ

2171 3853 2712 3924 ἁναθεματισθὲντα,
2752 3856 2786 3925 ἠ
2829 3855 3119 3925 Ῥωμαίων
3165 3857 3457 3927 Ἐκκλησία
3493 3859 3554 3911 οὐ
3598 3858 3760 3929 δέχε-

2171 3966 2284 4003 ται.
2320 3943 2501 4019 ᾯτινι
2532 3951 2580 4001 εἰ
2632 3951 2727 4004 καὶ
2757 3949 2832 4020 μὴ
2868 3951 2993 4004 ἄλλο
3026 3968 3077 4002 τι
3104 3951 3434 4016 ἀντετίθετο,
3470 3951 3629 4004 τοῦτο
3652 3954 3759 4022 ἥρ-

2172 4057 2332 4094 κεσεν
2364 4043 2432 4103 ⁷⁸,
2467 4042 2548 4095 ὅτι
2595 4042 2704 4094 ἀπὸ
2750 4041 3043 4112 αἱρετικῶν
3071 4044 3495 4113 χειροτονηθεὶς,
3520 4046 3630 4097 τῶν
3656 4045 3758 4113 ὀρ-

2174 4130 2402 4197 θοδὸξων
2456 4132 2706 4201 ἡγεῖσθαι
2764 4134 2864 4186 οὐκ
2922 4134 3173 4203 ἠδύνατο.
3238 4137 3494 4206 Περιέχει
3549 4135 3606 4187 δὲ
3656 4138 3755 4189 καὶ

2172 4226 2347 4281 τοῦτο·
2381 4228 2634 4282 Ἀκάκιον
2664 4228 2720 4281 δὲ
2745 4227 2835 4283 τὸν
2857 4229 2954 4301 τῆς
2981 4230 3093 4301 (9.5)
3122 4232 3754 4294 Κωνσταντινουπόλεως

1797 4361 2029 4416 VARIAE
2074 4361 2483 4420 LECTIONES.

556 4463 598 4496 ⁷¹
632 4460 694 4516 C.
726 4460 789 4516 C.
816 4460 1051 4529 ἤρκεσεν
1085 4460 1170 4513 ἄν.

1647 4568 1919 4626 VALESII
1960 4569 2520 4626 ANNOTATIONES.

556 4664 668 4734 (2i)
708 4663 858 4717 Ὑπὸ
889 4664 999 4717 δύο
1032 4664 1241 4734 μόνων
1261 4662 1627 4734 ἐπισκόπων.
1680 4662 1763 4716 Ab
1802 4678 1918 4717 uno
1943 4664 2060 4732 epi-
2086 4667 2147 4725 Ι)

483 4732 673 4805 δουρο,
696 4750 876 4804 eoque
907 4734 1166 4805 haeretico
1194 4732 1446 4805 hlongum
1476 4732 1937 4805 ordinatumesse
1968 4749 2058 4805 re:

484 4802 620 4876 liqui
654 4802 850 4860 omnes
890 4804 1161 4859 scribunt.
1187 4803 1293 4876 _lta
1329 4802 1576 4876 'Acacius
1611 4804 1681 4876 _in
1725 4802 1958 4876 epistola
1988 4802 2057 4876 ad

484 4872 829 4945 Simplicium
856 4891 1074 4945 papam,
1109 4882 1165 4927 et
1184 4872 1335 4945 Felix
1356 4874 1415 4945 in
1431 4874 1661 4945 epistola
1703 4873 1964 4945 synodica
1988 4872 2057 4945 ad

483 4942 677 5001 omnes
697 4942 999 5000 monachos
1018 4954 1075 4999 et
1097 4942 1555 5014 archimandritas
1575 4942 2059 5014 Constantinopoli

483 5026 539 5071 et
570 5018 624 5069 in
685 5017 940 5087 Bithynia
989 5014 1375 5087 consistentes.
1416 5013 1565 5087 Idem
1619 5013 2057 5087 etiamtestatur

484 5083 851 5155 Theophanes
892 5087 946 5139 in
979 5085 1281 5155 Chronico,
1310 5100 1431 5155 pag.
1456 5084 1599 5151 207;
1644 5095 1700 5138 et
1719 5083 1971 5140 Gelasius
1999 5085 2057 5139 in

484 5152 658 5213 (lastis
690 5156 754 5209 de
785 5159 993 5210 nomine
1027 5156 1226 5209 Acacii.
1262 5152 1551 5225 Liberatus
1612 5162 1793 5209 tamen
1822 5172 1853 5211 a
1882 5156 2059 5225 pluri-

482 5229 587 5284 bus
610 5227 929 5282 ordinatum
950 5226 1089 5280 dicit
1113 5227 1357 5288 Petrum,
1386 5224 1516 5279 licet
1549 5240 1837 5280 numerum
1861 5224 2053 5280 eorum

486 5316 598 5354 non
626 5299 919 5369 exprimat.

2237 4664 2349 4733 (29.)
2366 4663 2645 4717 Ἀκιικίου
2667 4662 2962 4733 ἐπιστολὴ
2984 4662 3134 4732 πρὸς
3156 4661 3535 4733 Σιμπλίκιον.
3558 4662 3743 4719 Exstat

2167 4732 2284 4787 hinc
2336 4733 2566 4804 epistola
2596 4732 2805 4797 Acacii,
2847 4733 3037 4789 Latine
3101 4734 3247 4787 edita
3296 4732 3442 4786 inter
3484 4734 3746 4803 epistolas

2167 4804 2435 4872 Simplicii
2472 4818 2643 4872 papze.
2672 4804 2929 4873 Ejusdem
2952 4804 3198 4874 epistola:
3217 4804 3439 4874 mentio
3468 4804 3525 4856 lit
3552 4804 3605 4855 in
3629 4808 3745 4873 cpi-

2168 4876 2311 4928 stola
2342 4874 2542 4928 Felicis
2596 4888 2748 4944 papze
2772 4915 2786 4939 ,
2818 4890 2939 4944 qua:
2988 4873 3319 4929 Sententiam
3382 4874 3747 4944 depositionis

2167 4944 2354 4998 Acacii
2386 4944 2656 4998 continet.

2236 5014 2347 5083 (25)
2384 5012 2659 5068 Ἀκιὶκιον
2689 5015 2756 5068 δὲ
2787 5014 2895 5067 τὸν
2923 5013 3055 5083 τῆς.
3088 5013 3417 5069 Particulam
3446 5013 3503 5066 δὲ
3531 5014 3745 5071 addidi-

2164 5100 2288 5139 mus
2320 5101 2387 5139 ex
2409 5083 2599 5139 codice
2626 5084 2969 5149 Florentino,
2996 5101 3117 5154 quae
3146 5086 3378 5139 multum
3404 5085 3546 5138 lueis
3585 5089 3747 5140 allert

2165 5155 2296 5211 huic
2329 5156 2470 5209 loco.
2504 5156 2559 5208 In
2582 5155 2777 5211 eodem
2808 5156 2999 5211 codice
3053 5156 3372 5210 Florentino
3410 5156 3477 5209 ad
3537 5157 3743 5227 margi-

2166 5241 2291 5280 nem
2343 5227 2540 5279 horum
2575 5227 2912 5296 verborum,
2965 5228 3073 5280 hoc
3121 5227 3389 5280 scholium
3439 5227 3742 5296 ascriptum

2164 5305 2271 5351 est.
2301 5298 2376 5349 Ού
2399 5297 2548 5365 λέγει
2578 5290 2732 5360 οὗτος
2764 5298 2997 5351 ἐνταῦθα
3027 5297 3163 5360 τέως
3210 5295 3424 5367 τρανῶς
3456 5298 3547 5349 τὸν
3588 5290 3745 5349 Ἇκά-

1940 5410 2329 5468 νΑιιιυιιυΜ.

556 5506 639 5577 (ρ)
676 5503 866 5577 Πάλαι
895 5502 969 5571 τῇ
999 5502 1183 5577 ψήφῳ
1223 5500 1336 5577 τῆς
1364 5500 1524 5570 ἱερᾶς
1554 5501 1849 5577 καθέδρας
1880 5519 2064 5556 κατα-

484 5572 775 5645 »φὶθέντιι
840 5575 1066 5627 Petrum
1142 5573 1437 5645 Fullonem
1480 5589 1521 5645 aA
1585 5572 1868 5645 Simplicio
1926 5589 2066 5643 papa

483 5642 798 5703 damnatum
842 5645 1011 5699 fuisse
1058 5644 1301 5699 ostendit
1348 5642 1595 5698 Valesius
1635 5643 1689 5697 in
1740 5643 1962 5696 Dissert.
1998 5645 2065 5697 de

488 5722 645 5771 Petro
690 5716 1033 5770 Antiocheno
1081 5715 1148 5769 ad
1192 5715 1355 5769 ﬁnem
1378 5724 1631 5769 notarum
1679 5713 2062 5782 edita.cap.2.

482 5789 621 5839 Vide
663 5789 828 5840 etiam
852 5786 979 5856 Pagi
1012 5786 1077 5840 ad
1106 5802 1237 5839 ann.
1274 5786 1403 5843 478.
1459 5801 1511 5837 ιι.
1544 5786 1598 5847 4,
1640 5785 1735 5838 ubi
1773 5785 2064 5856 contendit

484 5858 771 5927 epistolam
811 5854 975 5911 Petr'o
1004 5857 1220 5911 Fulloni
1252 5856 1594 5925 inscriptam,
1626 5854 1916 5926 quaeinter
1940 5856 2059 5923 cpi-

2171 5504 2343 5559 stolas
2386 5505 2580 5561 Felicis
2614 5507 2716 5562 PP.
2748 5514 3087 5564 recensetur.
3116 5513 3173 5559 et
3195 5503 3420 5574 incipit;
3448 5502 3578 5569 Qui:
3599 5500 3743 5558 dari!

2169 5577 2330 5644 capiti
2385 5594 2497 5629 meo
2553 5594 2770 5642 aquam,
2812 5586 2945 5639 etc.,
2992 5590 3187 5629 revera
3232 5590 3263 5629 a
3302 5576 3592 5645 Simplicio
3637 5576 3737 5629 Ριύ

2168 5647 2536 5715 conscriptam
2570 5647 2759 5701 fuisse.
2792 5646 2926 5700 Vide
2957 5646 3113 5714 plura
3148 5645 3249 5700 hac
3272 5645 3341 5701 de
3373 5662 3430 5700 rc
3466 5648 3523 5700 in
3554 5646 3739 5700 Adno-

2168 5717 2469 5770 tationibus
2502 5717 2569 5770 ad
2594 5716 3043 5771 Dissertationcm
3092 5716 3291 5770 Valesii
3323 5717 3391 5771 de
3420 5717 3583 5772 Petro
3616 5716 3739 5770 Ful-

2167 5786 2314 5851 lone,
2352 5788 2506 5841 Notis
2541 5788 2658 5855 ejus
2696 5786 3073 5856 subjunctam.
3122 5788 3204 5839 W.
3242 5787 3456 5841 Lowrn.
