4048 6494
509 376 649 442 9643

1726 379 2038 441 EVAGRII
2073 376 2560 441 SCHOLASTICI

3621 361 3759 425 26H

507 486 901 552 damnavisset,
923 487 1198 557 episcopis
1214 487 1546 558 quibusdam
1566 496 1622 542 et
1636 487 2086 543 archimandritis

2196 484 2505 558 πραγμένα,
2534 482 2776 545 καὶτοὺς
2815 480 2889 551 μὴ
2911 476 3235 549 δεχομένους
3264 474 3333 529 τὰ
3358 472 3769 546 συγγράμματα.

506 576 801 648 persuasit.
835 587 898 632 ut
922 576 1027 632 sibi
1058 578 1555 636 communicarent.
1596 579 1664 633 Et
1685 580 1944 649 quoniam
1967 579 2109 634 aliis

509 670 654 725 idem
682 669 1014 740 persuadere
1041 686 1151 725 non
1188 679 1464 741 potuerat,
1499 671 1768 741 plurimos
1804 678 2089 725 monaste-

510 760 607 813 riis
628 760 744 814 suis
761 759 959 830 excgit.
986 760 1134 826 Quas
1153 759 1225 815 ob
1244 775 1438 816 causas
1464 761 1767 830 Nephalius
1789 762 1857 816 ad
1889 761 2087 817 urbem

511 853 714 923 regiam
756 853 1057 923 profectus,
1114 869 1229 908 rem
1278 869 1497 909 omnem
1534 854 1741 909 Zenoni
1786 851 2085 908 nuntiavit.

509 945 605 1000 ille
633 946 874 1017 graviter
917 955 1263 1008 commotus,
1309 946 1587 1009 Cosmam,
1641 962 1812 1002 unum
1864 962 1933 1001 ex
1972 946 2091 1001 suis

509 1038 954 1108 protectoribus,
1019 1038 1410 1094 Alexandriam
1469 1040 1657 1104 misit,
1716 1040 1809 1109 qui
1862 1040 2090 1097 unitatis

511 1145 675 1185 causa
713 1129 1063 1200 gravissimas
1108 1130 1285 1184 minas
1332 1130 1496 1184 Petro
1537 1130 1864 1194 intentat-et,
1898 1138 2089 1200 utpote

510 1221 607 1293 qui
639 1224 932 1277 maximam
970 1221 1369 1277 dissensionem
1394 1223 1691 1293 asperitate
1726 1237 1823 1276 sua
1856 1223 2091 1277 excitas-

511 1325 619 1371 set.
648 1315 851 1372 Verum
871 1316 1123 1379 Cosmas,
1153 1326 1279 1371 cum
1310 1316 1448 1370 nihil
1485 1316 1589 1385 ipsi
1615 1331 1682 1370 ex
1713 1324 1842 1369 voto
1874 1330 2092 1370 succes-

511 1404 697 1471 sisset,
738 1406 1273 1476 Constantinopolim
1314 1406 1632 1470 revertitur,
1680 1406 1966 1461 monachis
1995 1407 2090 1477 qui

510 1496 724 1566 expulsi
751 1495 993 1562 fuerant,
1024 1496 1081 1550 in
1114 1512 1211 1552 sua
1241 1496 1519 1552 domicilia
1557 1497 1848 1551 restitutis.
1878 1497 2093 1551 Rursus

515 1590 700 1658 itaque
730 1589 1027 1659 imperator
1053 1590 1346 1645 Arsenium
1377 1589 1567 1650 mittit,
1591 1604 1755 1658 quem
1772 1588 2091 1658 przel‘ectum

513 1677 731 1751 JEgypti
758 1690 814 1735 et
841 1680 1039 1736 ducem
1090 1681 1170 1735 rei
1221 1680 1478 1736 militaris
1511 1681 1673 1735 simul
1719 1690 2089 1752 promoverat.

519 1772 624 1841 Qui
677 1790 786 1829 una
834 1790 960 1830 cum
1014 1775 1282 1845 Nephalio
1336 1774 1721 1830 Alexandriam
1773 1775 2087 1845 ingressus,

2189 578 2485 648 Διοσκόρου
2530 576 2625 629 καὶ
2657 573 2948 643 Τιμοθέου.
2981 570 3093 623 Kal.
3121 566 3196 630 ὡς
3244 567 3372 629 τοὺς
3417 564 3614 629 ἄλλους
3655 563 3770 616 πεί-

2189 669 2305 723 θειν
2328 668 2431 721 οὐκ
2456 666 2630 735 ίσχυε,
2672 665 2799 728 τοὺς
2829 660 3112 721 πλείστους
3156 658 3222 711 ὲκ
3263 654 3375 709 τῶν
3412 656 3631 709 οίκείων
3660 655 3777 707 ἀπ-

2189 759 2385 831 ήλαυνε
2426 754 2827 830 μοναστηρίων·
2854 752 2938 822 ἐφ’
2961 745 3042 815 οἷς
3074 746 3355 819 Νηφάλιος
3398 745 3503 799 ἀνὰ
3537 745 3638 816 τὴν
3674 744 3778 813 βα-

2192 852 2381 914 σιλέως
2418 849 2531 922 (27)
2561 848 2849 917 γενόμενος
2878 886 2893 910 ,
2945 843 3013 898 τὰ
3056 841 3187 913 περὶ
3223 839 3426 893 τούτων
3476 838 3779 909 ἀνήγγειλε

2189 944 2268 1015 τῷ
2290 947 2523 1013 Ζήνωνι.
2552 943 2647 1005 Ὃς
2675 936 3091 1008 συνταραχθεὶς,
3120 934 3347 1005 Κοσμᾶν
3375 931 3653 1000 ἐκπέμπει
3675 932 3782 983 ἕνα

2190 1037 2300 1090 τῶν
2332 1033 2751 1098 ὑπασπιζόντων
2789 1029 2959 1100 αὐτῷ,
2996 1027 3196 1100 μυρίας
3241 1026 3383 1079 κατὰ.
3422 1023 3631 1095 Πέτρου
3670 1023 3782 1090 τῆς

2191 1127 2437 1189 ὲνὼσεως
2474 1125 2637 1196 χάριν
2693 1120 3090 1191 ἐπιφερόμενον
3137 1116 3388 1179 ἀπειλὰς.
3443 1113 3517 1179 ὡς
3564 1115 3630 1184 δὴ
3682 1113 3785 1166 διὰ

2189 1221 2290 1287 τῆς
2326 1218 2534 1281 οἰκείας
2563 1212 2903 1286 τραχύτητος
2953 1212 3234 1265 διάστασιν
3293 1206 3537 1278 μεγάλην
3583 1207 3788 1275 εἰργα-

2193 1310 2415 1381 σμένου.
2452 1303 2824 1375 Καὶμηδενδς
2855 1301 2949 1355 τοῦ
2986 1302 3033 1333 ⁷⁸
3059 1300 3200 1354 κατὰ
3231 1298 3434 1352 σκοπόν
3469 1298 3519 1350 οἱ
3557 1312 3789 1366 προχω-

2196 1405 2478 1473 ρήσαντος,
2508 1397 2776 1468 ἀνεχώρει
2811 1396 2948 1466 πρὸς
2997 1394 3096 1465 τὴν
3155 1392 3419 1463 βασιλέως
3462 1391 3491 1443 ό
3520 1389 3787 1458 Κοσμᾶς.

2195 1494 2381 1565 μόνοις
2413 1493 2526 1554 τοῖς
2566 1489 2920 1543 ἁπελαθεῖσιν
2964 1485 3196 1549 ἀποδοὺς
3225 1486 3404 1537 οἰκεῖα
3432 1480 3785 1547 καταγώνια-

2192 1588 2287 1640 καὶ
2328 1585 2608 1655 πέμπεται
2658 1577 2814 1644 αὖθις
2866 1579 3004 1651 πρὸς
3056 1578 3150 1632 τοῦ
3205 1576 3470 1648 βασιλέως
3499 1573 3791 1644 Ἀρσένιος

2189 1677 2415 1749 ἡγεμὼν
2442 1674 2721 1743 Αἰγύπτου
2757 1690 2818 1727 τε
2849 1672 2946 1725 κα)⁸
2972 1670 3082 1723 τῶν
3110 1668 3519 1740 στρατιωτικῶν
3555 1664 3789 1735 ταγμά-

2189 1789 2299 1824 των
2333 1768 2798 1841 προϐεϐλημένος·
2829 1765 2888 1829 ὃς
2938 1764 3036 1818 σὺν
3064 1761 3331 1834 Νηφαλίῳ
3384 1761 3483 1832 τὴν
3523 1758 3791 1822 Ἀλεξάν-

520 1866 685 1921 verba
709 1865 840 1922 fecit
880 1866 949 1922 de
990 1868 1307 1923 concordia.
1354 1866 1460 1922 Sed
1497 1882 1623 1922 cum
1653 1867 1982 1937 persuadere
2015 1868 2091 1923 eis

2197 1864 2322 1935 δρου
2365 1858 2739 1931 κατειληφὼς,
2773 1859 2965 1927 λόγους
3014 1857 3145 1925 περὶ
3182 1856 3280 1925 τῆς
3315 1852 3561 1914 ἑνώσεως
3585 1849 3789 1903 ὲκίνειο

517 1971 627 2011 non
652 1957 943 2027 potuisset,
968 1957 1265 2013 nonnullos
1292 1973 1484 2014 eorum
1529 1957 1677 2013 misit
1701 1957 2092 2013 Constantino-

514 2048 703 2117 polim.
732 2048 810 2104 Ac
834 2049 1004 2103 multa
1034 2049 1257 2119 quidem
1287 2055 1355 2105 de
1386 2048 1623 2105 concilio
1652 2047 2089 2104 Chalcedonensi

511 2139 789 2211 disputata
823 2149 954 2196 sunt
992 2156 1178 2196 coram
1213 2141 1457 2198 Zenone.
1511 2142 1659 2196 Nihil
1694 2152 1875 2197 tamen
1911 2141 2093 2212 perfe-

510 2242 660 2288 ctum
688 2242 793 2293 est.
826 2243 1119 2305 prepterea
1147 2235 1293 2305 quod
1320 2234 1469 2291 Zeno
1490 2234 1924 2291 Chalcedonensi
1959 2250 2091 2292 con-

512 2326 641 2382 cilio
670 2327 897 2383 minime
928 2329 1356 2384 assentiebatur.

1109 2442 1262 2499 CAP.
1298 2442 1488 2499 XXIII.

514 2530 594 2586 De
626 2529 845 2587 Fravita
874 2542 922 2586 et
953 2533 1244 2604 Euphemio
1267 2533 1869 2597 Constantinopolitanis
1902 2539 2100 2604 episco-

581 2604 775 2674 pis;7et
815 2605 879 2659 de
920 2606 1213 2659 Athanasio
1245 2622 1309 2660 ac
1348 2606 1555 2659 Joanne
1584 2607 1998 2674 Alexandrinis;
2048 2618 2098 2662 et

582 2674 648 2727 de
682 2673 928 2729 Palladio
958 2692 1021 2729 ac
1048 2674 1307 2730 Flaviano
1330 2678 1666 2732 Antiochenis
1685 2719 1699 2741 ,
1734 2681 1859 2732 item
1882 2680 1945 2733 de
1975 2678 2095 2733 aliis

580 2744 915 2814 quibusdam.

585 2855 737 2915 lnter
765 2858 883 2915 haec
907 2860 1108 2917 Acacio
1132 2860 1743 2933 ConstantinOpolitano
1773 2864 1919 2920 fatali
1946 2874 2094 2921 sorte

2200 1958 2295 2012 καὶ
2329 1956 2403 2027 μὴ
2436 1954 2649 2018 πείσας,
2690 1951 2867 2015 ἐνίους
2890 1949 3097 2004 τούτων
3120 1950 3404 2018 ἐκπέμπει
3430 1945 3533 2000 ἀνὰ
3562 1943 3666 2016 τὴν
3699 1942 3796 2012 βα-

2200 2050 2374 2104 σιλίδα
2414 2049 2591 2102 πόλιν.
2652 2046 2900 2100 Πλεῖστοι
2960 2042 3060 2113 μὲν
3112 2036 3208 2095 οὖν
3260 2038 3411 2110 παρὰ
3453 2036 3531 2107 τῷ
3570 2037 3793 2107 Ζήνωνι

2199 2146 2330 2215 περὶ
2383 2143 2485 2213 τῆς
2537 2142 2597 2193 ὲν
2647 2137 2953 2209 Καλχηδόνι
2995 2133 3215 2189 συνόδου
3260 2132 3548 2203 κεκίνηντο
3594 2129 3789 2197 λόγοι·

2199 2239 2469 2309 ὲκΰέὸηκε
2512 2236 2568 2290 δὲ
2606 2234 2743 2307 πρὸς
2775 2235 2935 2305 ἔργον
2965 2233 3141 2297 οὐδὲν,
3172 2229 3450 2293 παντελῶς
3492 2228 3555 2282 οὗ
3595 2226 3787 2282 συνθε·

2201 2331 2365 2403 μένου
2405 2330 2651 2401 Ζήνωνος
2682 2328 2751 2398 τῇ
2787 2327 2844 2378 ἐν
2879 2325 3186 2396 Καλχηδόνι
3236 2322 3458 2394 συνόδῳ.

2794 2443 3046 2497 ΚΕΦΑΛ.
3082 2441 3211 2495 Kl".

2200 2539 2341 2608 Περὶ
2363 2540 2469 2593 τοῦ
2508 2539 2801 2605 Φραυΐτου
2833 2538 2928 2590 καί
2962 2534 3277 2602 Εὐφημίου
3318 2531 3438 2608 τῷν
3463 2534 3777 2608 limatur-

2271 2604 2726 2673 ἐινουπολιτῶν,
2741 2609 2835 2661 καὶ
2861 2607 3223 2661 Ἀθανασίου
3244 2605 3341 2655 καὶ
3371 2604 3641 2656 Ἰωάννου
3664 2604 3783 2673 tam:

2282 2669 2747 2747 ‘AJeEardpéwu',
2787 2677 2885 2731 καὶ
2927 2676 3275 2747 Παλλαδίου
3311 2674 3409 2747 καὶ
3444 2669 3783 2726 Φλαόιανοῦ

2268 2750 2389 2803 τῶν
2420 2744 2797 2816 Ἀντιοχέων,
2837 2747 2937 2801 καί
2969 2746 3187 2815 ἐτέρων
3223 2744 3420 2799 τινῶν.

2269 2854 2361 2918 Ἐν
2378 2861 2616 2933 τοσούτῳ
2637 2861 2692 2915 δὲ
2718 2860 2828 2933 (28)
2847 2859 3103 2913 Ἀκακίου
3136 2861 3213 2930 (q)
3231 2858 3324 2912 τοῦ
3344 2858 3793 2911 Κωνσταντινου-

1863 2978 2097 3034 νΑιιυΕ
2138 2977 2543 3036 LECTIONES.

586 3072 634 3103 τ’
673 3070 736 3127 C.
772 3071 834 3128 C.
875 3071 1107 3144 μηδενός
1136 3090 1250 3126 του.

1703 3193 1965 3248 VALESII
2023 3191 2581 3250 ANNOTATIONES.

587 3276 854 3352 (27_l_’Esp’
884 3274 978 3352 εἷς
1001 3280 1308 3352 Νηφάλιος
1338 3282 1456 3337 ἀνὰ
1488 3283 1602 3348 τὴν
1623 3285 1953 3350 βασιλέως.
1982 3286 2097 3340 IIu-
2125 3292 2171 3350 C
2204 3286 2341 3344 V.C.
2376 3304 2481 3341 cos.
2507 3285 2730 3340 Aeacius
2754 3281 3373 3352 Constantinopolitanus
3403 3281 3680 3351 episcopus
3698 3285 3795 3337 sub

514 3348 605 3420 jus
636 3348 856 3420 abbatis
884 3348 1133 3419 Neplialii
1167 3353 1420 3407 meminit
1464 3353 1757 3409 Liberatus
1788 3357 1842 3410 in
1877 3348 2098 3412 Brevia-

521 3419 757 3498 rio_cap_.
800 3419 887 3477 I8.
916 3421 990 3498 ita
1009 3422 1268 3498 scribens
1294 3422 1512 3498 :_Porro
1544 3425 1731 3480 Petrus
1759 3427 1821 3480 de
1868 3430 2099 3498 propriis

520 3490 818 3567 civitatibus
843 3490 1126 3567 catlzolicos
1174 3493 1376 3567 expulit
1410 3497 1746 3567 sacerdotes,
1799 3490 1877 3551 ea!
1912 3490 2101 3567 quibus

523 3561 769 3639 nonnulli
803 3562 946 3631 apud
976 3561 1493 3639 Constantinopolim
1540 3561 1950 3639 persecutionem
1975 3587 2103 3639 gra-

523 3633 797 3711 vissimam
822 3634 1175 3711 pertulerunt.
1215 3633 1633 3711 Scandaliza’bat
1666 3648 1842 3711 autem
1866 3633 2101 3711 ἰηιρέγας

524 3713 612 3778 tor_
628 3712 676 3757 et
706 3703 895 3778 _illos,‘
914 3706 1006 3773 qui
1052 3724 1083 3758 a
1116 3716 1267 3771 parte
1297 3708 1499 3761 abbatis
1546 3708 1795 3778 Nephalii
1828 3703 2002 3775 erant,
2053 3719 2104 3765 et

524 3776 614 3844 qui
642 3776 818 3849 “circa
861 3774 1123 3849 Joannem
1181 3779 1501 3849 episc0pum,
1542 3774 1876 3849 Egumcnum
1912 3774 2103 3837 mana-

522 3846 671 3923 sterii
700 3845 974 3923 Diolchon.
992 3848 1061 3923 _Et
1090 3845 1251 3923 agens
1281 3845 1466 3903 contra
1483 3845 1942 3923 ipsumJaannem
1968 3870 2105 3923 pra:-

525 3918 818 3987 posituram
866 3918 913 3971 ei
949 3918 1189 3982 abstulit,
1239 3930 1289 3974 et
1321 3935 1438 3974 eam
1495 3920 1719 3975 tradidit
1778 3918 2103 3978 monasterio

526 3987 728 4042 abbatis
757 3987 996 4041 Amonis.

599 4056 712 4128 (27}
752 4057 854 4128 Ἐκ
885 4060 1153 4125 τοσούτῳ
1178 4059 1247 4113 δὲ
1285 4060 1583 4114 Ἀκακίου.
1614 4060 1796 4116 Malim
1833 4064 2101 4128 scribere,

524 4126 788 4204 évﬁob‘gq)
834 4126 911 4189 δέ,
944 4137 1074 4204 _etc.
1124 4132 1296 4185 Porro
1341 4132 1775 4204 notandum‘est
1802 4126 2103 4204 Evagrium

526 4198 702 4265 primo
723 4198 844 4252 loco
876 4198 1082 4254 referre
1135 4211 1368 4255 mortem
1390 4202 1596 4256 Acacii.
1637 4202 1713 4256 Ex
1745 4198 2103 4261 tribus'enim

528 4268 638 4323 illis
667 4267 1036 4339 schismatieis
1081 4272 1175 4339 qui
1216 4270 1459 4326 Orientis
1499 4272 1798 4327 Ecclesiam
1829 4274 2105 4331 lacerave-

527 4346 691 4413 runt;
742 4337 943 4413 Acacio
1002 4337 1214 4413 scilicet
1246 4340 1884 4413 constantinopolitano,
1942 4346 2106 4401 Petro

524 4408 1038 4483 Alexandrino,_et
1099 4410 1265 4467 Petro
1300 4408 1672 4483 Antiochenb,
1729 4414 1971 4483 primum
2029 4417 2107 4471 ait

525 4478 785 4553 Acacium
842 4496 909 4534 ex
950 4480 1054 4535 hac
1111 4484 1217 4553 vita
1275 4482 1590 4553 migrasse:
1634 4478 1859 4539 Petrum
1908 4486 2106 4543 deinde

524 4550 989 4624 Alexandrinuml
1006 4553 1099 4621 qui
1140 4550 1575 4624 Mongusﬁdictus
1616 4564 1733 4609 est:
1763 4565 2105 4624 postremum

527 4635 657 4675 vero
686 4620 909 4675 Petrum
950 4620 1237 4678 Fullonem
1268 4620 1337 4679 cx
1367 4623 1472 4679 hac
1510 4625 1635 4679 luce
1668 4620 1966 4683 sublatum.
1998 4629 2106 4683 Ve-

526 4706 648 4745 rum
670 4691 862 4748 Victor
897 4693 1246 4748 Tunonensis
1272 4695 1327 4748 in
1348 4692 1630 4760 Chronico,
1661 4712 1727 4749 ex
1768 4696 1947 4752 tribus
1997 4699 2107 4757 illis

524 4777 664 4831 quos
695 4762 830 4825 dixi,
863 4764 1102 4831 primum
1135 4765 1340 4820 obiisse
1384 4766 1577 4820 scribit
1628 4766 1849 4820 Petrum
1907 4767 2104 4824 Antio-

525 4834 788 4887 chenum.
814 4833 906 4889 Sic
928 4834 1076 4889 enim
1112 4836 1313 4890 scribit
1348 4853 1362 4890 :
1390 4836 1515 4890 Post
1554 4836 1891 4892 consulatum
1920 4856 2105 4894 secun-

525 4902 662 4975 dum,
681 4902 925 4975 Longini,
974 4903 1161 4958 Petrus
1196 4906 1555 4961 Antiochenus
1607 4909 1699 4961 sub
1758 4908 2103 4966 damnatione

528 4974 777 5058 moritur,
798 4974 867 5028 ’et
890 4977 943 5029 in
976 4977 1088 5058 ejus
1118 4975 1228 5058 loco
1259 4975 1550 5032 Calendion
1581 4980 1882 5058 ordinatur:
1916 4979 2104 5036 Orien-

529 5042 663 5097 tales
712 5056 889 5099 autem
914 5042 1153 5118 episcopi
1196 5055 1453 5118 tanquam
1501 5049 1804 5114 nescientes,
1839 5050 2100 5108 Joannem

529 5125 873 5184 cognomento
896 5115 1227 5172 Cedonatum
1254 5115 1423 5173 eidem
1476 5119 1814 5175 Antiochense
1856 5122 2107 5180 Ecclesia:

529 5196 838 5258 consecrant
869 5188 1186 5258 episcopum.
1215 5190 1298 5243 cui
1324 5190 1519 5244 Petrus
1539 5192 1784 5244 successit
1809 5193 2101 5251 hwreticus.

532 5254 971 5331 llic__eratann'us
998 5254 1205 5313 Christi
1227 5259 1352 5324 488,
1382 5261 1646 5331 Dynamio
1669 5272 1725 5315 et
1755 5262 1948 5318 Silidio
1972 5280 2106 5319 con-

528 5324 764 5401 salibus.
790 5326 1067 5401 Sequente
1097 5345 1229 5401 vero
1258 5324 1573 5401 annoiquo
1596 5333 1850 5389 consules
1879 5335 2107 5390 fuerunt

529 5395 804 5453 Prohinus
854 5395 910 5455 et
967 5399 1259 5465 Eusebius,
1316 5395 1697 5456 idem'Victor
1754 5404 2106 5461 Tunonensis

532 5466 716 5523 Acacii
761 5468 975 5525 obitum
1024 5480 1424 5526 commemorat
1474 5472 1562 5527 his
1604 5473 1836 5528 verbis:
1877 5475 2104 5531 Eusebio

2202 3360 2548 3418 damnatione
2580 3357 2827 3419 moritur,
2860 3363 2908 3408 et
2932 3372 3028 3425 pro
3062 3371 3119 3407 eo
3144 3352 3351 3406 Flavita
3394 3353 3671 3422 episcopus
3702 3372 3795 3407 or-

2203 3434 2446 3491 dinatur,
2473 3429 2555 3481 cui
2592 3428 2743 3480 tertio
2806 3427 3168 3496 promotionis
3196 3440 3305 3477 sum
3335 3439 3511 3475 mense
3555 3435 3795 3487 mortuo,

2204 3502 2529 3569 Euphemius
2552 3498 2740 3567 synodi
2762 3495 3198 3569 Chalcedonensis
3229 3496 3573 3569 decretorum
3617 3505 3798 3569 custos

2203 3579 2260 3628 in
2292 3564 2599 3643 episcopatu
2617 3568 2863 3643 succedit.
2896 3566 3054 3621 Anno
3086 3574 3270 3643 autem
3290 3564 3605 3643 “sequenti,
3639 3565 3798 3619 Lon-

2204 3634 2334 3716 gino
2366 3634 2564 3716 iterum
2592 3649 2646 3716 et
2676 3640 2879 3716 Fausto
2908 3636 3253 3700 consulibus,
3290 3635 3513 3716 Petrum
3543 3634 3796 3716 Algian-

2205 3705 2429 3771 driunm
2450 3711 2552 3767 sub
2584 3709 2939 3764 damnatione
2962 3716 3242 3762 mortuum
3273 3720 3393 3760 esse
3420 3705 3562 3758 idem
3598 3706 3801 3761 Victor

2205 3785 2418 3841 scribit.
2452 3787 2514 3836 At
2545 3780 2816 3834 Baronius
2845 3778 2899 3831 in
2930 3777 3224 3833 Annalibus
3263 3775 3651 3837 ecclesiasticis,
3693 3777 3801 3830 Im.

2205 3871 2329 3910 rum
2361 3854 2526 3908 trium
2548 3850 3023 3906 schismaticorum
3071 3848 3377 3909 interitum,
3436 3846 3630 3900 eodem
3661 3850 3801 3917 qui-

2205 3926 2331 3981 dem
2364 3923 2560 3979 ordine
2590 3922 2759 3976 refert
2787 3934 2897 3989 quo
2930 3920 3117 3974 Victor
3146 3918 3515 3989 Tunonensis,
3544 3918 3639 3972 sed
3677 3935 3801 3972 non

2204 3996 2399 4051 eodem
2429 4008 2593 4047 anno.
2636 3988 2859 4045 Petrum
2879 3989 3025 4045 enim
3048 3989 3332 4044 Fulloncm
3364 3988 3570 4041 obiisse
3596 3989 3802 4043 scribit

2205 4082 2351 4121 anno
2375 4063 2574 4119 natalis
2600 4060 2868 4115 Dominici
2922 4060 3049 4119 486,
3074 4060 3336 4114 Acacium
3386 4074 3518 4112 vero
3561 4058 3801 4114 biennio

2206 4146 2351 4207 post,
2381 4136 2434 4191 id
2461 4144 2546 4189 est
2580 4147 2725 4187 anno
2747 4130 2958 4207 Christi
3000 4131 3214 4207 488.__l_n
3272 4130 3449 4207 Mongi
3478 4140 3665 4183 autem
3693 4130 3801 4207 _i_n-

2210 4200 2378 4263 teritu
2404 4219 2634 4274 prorsus
2664 4203 2945 4274 consentit
2969 4218 3107 4274 cum
3127 4200 3509 4274 VictoreLEgo
3537 4214 3671 4274 vero
3693 4200 3802 4255 Vi-

2206 4278 2378 4334 ctoris
2404 4269 2740 4331 sententiam
2774 4273 2931 4341 sequi
2985 4272 3191 4336 malim,
3220 4271 3313 4342 qui
3350 4270 3596 4342 Fullonis
3647 4269 3804 4326 inte-

2208 4349 2377 4402 ritum
2402 4347 2572 4401 refert
2604 4359 2749 4398 anno
2768 4340 2977 4398 Christi
3008 4342 3131 4397 488.
3188 4340 3321 4396 Nam
3380 4340 3647 4395 Calendio
3669 4342 3802 4410 epi-

2209 4415 2766 4501 scopusAAntiochiaz
2816 4424 3046 4501 creatus
3088 4420 3171 4494 est
3202 4411 3580 4501 anatonai‘alis
3610 4412 3805 4466 Domi-

2208 4482 2325 4544 nici
2355 4488 2480 4553 482,
2523 4496 2584 4540 ut
2634 4492 2853 4540 constat
2910 4501 2978 4540 ex
3006 4483 3250 4552 Epistola
3306 4482 3575 4553 Simplicii
3614 4497 3797 4551 papm,

2209 4559 2304 4629 qui
2349 4552 2475 4613 cum
2504 4556 2895 4629 episcopatum
2914 4555 3120 4629 _i_llum_
3158 4562 3395 4623 quatuor
3439 4552 3623 4629 annis_
3648 4553 3801 4629 obti-

2138 4642 2183 4698 ι)
2211 4622 2419 4694 nuerit,
2470 4622 2616 4684 sicut
2645 4622 3300 4698 teétaturjheophahes,
3336 4622 3688 4698 necessario
3708 4623 3800 4676 di-

2211 4692 2465 4765 cendutni
2485 4708 2569 4754 est
2609 4699 2834 4753 Petrum
2883 4692 3205 4759 Fullon'em,
3254 4695 3347 4764 qui
3384 4695 3542 4763 pulso
3598 4692 3801 4765 Calen-

2211 4772 2400 4835 dione,
2431 4763 2486 4825 in
2509 4771 2626 4839 ejns
2654 4769 2832 4823 locum
2875 4767 3210 4839 subrogatus
3252 4763 3356 4829 est,
3393 4779 3539 4839 anno
3588 4763 3798 4819 Christi

2208 4843 2315 4897 486
2357 4833 2757 4897 Antiochenam
2811 4837 3002 4893 sedem
3050 4833 3372 4907 occupasse.
3424 4833 3563 4907 Quis
3608 4846 3797 4907 autem

2211 4912 2642 4987 credatPetrum
2674 4908 2979 4987 Fullonem,
3011 4907 3105 4979 qui
3154 4905 3233 4961 tot
3279 4915 3523 4987 actanta
3547 4905 3797 4987 facinora

2208 4985 2565 5056 episcopatus
2604 4980 2690 5035 sui
2731 4990 2979 5050 tempore
3009 4978 3404 5056 _Zperpetrav_it,
3452 4978 3646 5056 paucis
3677 4986 3797 5056 post

2208 5047 2630 5125 promo-tionem
2666 5047 3134 5125 suam‘hiensilins
3162 5047 3475 5125 interiisse?
3531 5047 3649 5101 Non
3692 5047 3795 5124 igi-

2209 5119 2300 5178 tur
2334 5139 2480 5179 anno
2501 5122 2705 5178 Christi
2734 5121 2837 5175 486
2885 5122 3024 5175 obiit
3045 5122 3242 5175 Petrus
3265 5119 3445 5179 Fullo,
3492 5126 3553 5171 ut
3581 5119 3795 5185 putavit

2208 5194 2499 5250 Baronins.
2552 5193 2658 5248 Sed
2722 5192 2827 5247 hoc
2853 5200 3241 5262 argumentum
3284 5189 3445 5262 facile
3476 5187 3789 5262 refellitur:

2208 5266 2325 5320 sola
2348 5266 2497 5320 enim
2531 5264 2886 5339 Theophanis
2916 5258 3501 5339 auctoritatennititur,
3529 5258 3796 5339 quinqua:

2208 5346 2337 5407 tuor
2360 5352 2534 5391 annos
2591 5328 2946 5405 episcopatus
2998 5333 3199 5407 tribuit
3243 5328 3588 5407 Calendioni.
3623 5328 3790 5407 Atqui

2206 5406 2474 5479 Calendio
2507 5400 2643 5479 anni
2673 5400 2938 5479 dun—taxat
2968 5405 3146 5479 spatio
3179 5400 3548 5479 sacerdotium
3598 5402 3791 5479 gessit.

2205 5478 2463 5550 Dejectus
2484 5478 2631 5534 enim
2656 5488 2741 5532 est
2773 5493 2872 5547 per
2898 5470 3128 5531 insidias
3157 5472 3498 5530 ordinatoris
3527 5470 3612 5526 sui
3656 5470 3793 5523 Aca-

1969 5588 2351 5647 VARIORUM.

601 5696 680 5767 (q)
740 5765 751 5767 _
801 5696 1098 5754 Ἀκακιου.
1165 5698 1367 5756 Acacio
1424 5700 1478 5756 in
1517 5700 1649 5758 sede
1689 5701 1793 5758 CP.
1844 5702 2108 5759 defuncto

533 5765 676 5841 anno
724 5765 858 5823 Chr.
900 5768 1026 5824 489.
1077 5780 1199 5841 post
1246 5787 1515 5827 annorum
1556 5773 1640 5835 l7,
1670 5783 1725 5828 et
1769 5776 2039 5829 mensium
2074 5776 2108 5829 9

532 5836 928 5909 episcopatum,
976 5836 1243 5898 successit
1282 5840 1538 5900 Phravita
1588 5860 1683 5902 seu
1732 5846 1959 5901 Flavita.
2002 5847 2102 5902 Cui

2211 5716 2337 5775 post
2366 5716 2478 5762 tres
2522 5712 2836 5775 menseset
2873 5706 2997 5761 dies
3036 5703 3431 5775 septemdecim
3473 5702 3783 5775 demortuo2

2212 5768 2477 5831 successit
2509 5774 2852 5847 Euphcmius
2896 5768 3299 5832 codem-anno.
3348 5775 3498 5846 (Ant.
3536 5774 3682 5836 l‘sct,
3720 5768 3783 5823 ad

2209 5848 2419 5903 dictum
2471 5849 2720 5918 annum.)
