4048 6508
523 379 664 443 264Ὶ
1736 376 2057 440 EVAGRII
2096 378 2121 437 ε

2227 374 2585 437 [OLASTICI
3643 363 3797 429 2648

526 489 724 557 etiam,
773 489 871 560 qui
903 489 1196 561 synodicas
1230 489 1406 561 ipsius
1444 489 1739 560 perferret,
1789 498 1845 543 et
1885 487 2114 544 Joannis

2227 486 2407 558 θρόνον
2444 484 2843 557 »διαδεξαμένου
2868 528 2881 549 ,
2917 486 3196 557 πέμπεται
3247 482 3385 557 πρὸς
3432 480 3599 535 αὐτοῦ
3650 479 3799 535 κατὰ

522 582 1023 639 vicissimlitteras
1058 581 1353 654 ﬂagitaret.
1386 584 1514 638 Post
1552 583 1700 637 hunc
1719 592 1907 637 autem
1948 582 2112 637 Joan-

2227 581 2313 653 τὴν
2368 580 2776 649 Ἀλεξάνδρειαν
2812 579 3072 649 ’Σολομὼν
3114 578 3445 648 Ἀντιοχείας
3488 574 3801 647 1:99.066“-

520 691 656 730 .nem
699 675 844 730 alter
874 674 1127 746 ejusdem
1176 674 1419 731 nominis
1455 676 1693 731 Joannes
1731 674 2108 743 episcopatum

2227 691 2329 744 ρος,
2363 672 2618 727 συνοδικά
2651 689 2713 727 τε
2754 673 3020 743 κομίζων,
3048 672 3145 725 καὶ
3168 668 3491 740 ’ἁμοιόαίους
3520 664 3797 729 συλλαϐὰς

492 766 875 829 Alexandria:
926 768 1158 823 sortitus
1200 778 1305 823 est.
1359 769 1429 823 Et
1454 768 1580 822 haec
1608 767 1829 837 quidem
1875 767 1943 821 ad
1981 780 2109 820 eum

2227 766 2395 837 ζητῶν
2436 766 2684 820 Ἰωάννου
2734 764 2871 835 πρὸς
2912 764 3235 818 Φλαὸιανόν.
3282 760 3391 816 Kal
3418 761 3563 831 μετὰ
3606 757 3799 811 Ἰωάνε-

518 875 691 931 quem
719 860 835 916 dixi
868 861 1097 917 modum
1121 867 1458 925 evenerunt,
1489 875 1664 930 usque
1695 860 1763 914 ad
1802 858 2110 929 primordia

2227 872 2311 927 νην
2343 855 2423 921 δὲ,
2448 856 2637 928 ἔτερος
2676 857 2932 927 Ἰωάννης
2966 855 3056 908 τὸν
3105 851 3521 922 Ἀλεξανδρείας
3548 850 3803 918 διαδέχε-

526 954 878 1024 imperatoris
904 953 1335 1009 Anastasii.Hic
1356 952 1513 1007 enim
1544 952 1856 1022 Euphemio
1890 951 2108 1021 episco-

2227 967 2369 1020 (εται
2404 949 2620 1019 θρόνον.
2655 949 2767 1004 Καὶ
2811 949 2986 1003 ταῦτα
3022 948 3120 1019 μὲν
3164 946 3307 1000 οὕτω
3339 942 3802 1016 προυκεχωρήκει

516 1046 1043 1117 ψοιιιωοὺτθειιγίι.
1068 1046 1201 1113 Quae
1234 1045 1458 1116 quidem
1492 1044 1753 1100 continua
1788 1044 1932 1099 serie
1958 1058 2112 1099 com-

2227 1042 2380 1113 μέχρι
2396 1041 2560 1096 τινῶν
2588 1042 2696 1097 τῶν
2732 1040 3086 1095 Ἀναστασίου
3120 1039 3345 1110 χρόνων.
3363 1037 3659 1106 Εύφήμιον
3687 1033 3801 1102 γὰρ

516 1151 837 1192 memorare
897 1137 1272 1193 necessarium
1327 1135 1501 1201 duxi»,
1536 1145 1655 1191 tum
1698 1134 2109 1206 perspicuitatis

2227 1135 2375 1201 κύτος
2396 1133 2746 1206 ἐκϐεϐλήκει·
2772 1134 2917 1205 ἅπερ
2936 1134 3292 1204 ἠνάγκασμαι
3315 1128 3651 1201 καθ’νεῖρμὺν
3670 1143 3804 1180 συν-

516 1244 715 1293 causa,
752 1239 866 1283 tum
906 1229 1216 1284 utfacilius
1248 1228 1527 1283 memoria:
1557 1227 1972 1282 mandarentur.

1122 1366 1277 1422 CAP.
1317 1366 1507 1421 XXIV.

564 1460 641 1513 De
658 1462 796 1516 caede
826 1461 1034 1515 Armati
1059 1461 1149 1530 qui
1172 1469 1427 1530 cognatus
1453 1460 1550 1529 fuit
1578 1458 1781 1514 Verina:
1808 1460 2071 1531 Augustae.

2211 1226 2347 1297 ἅψαι
2374 1227 2673 1299 σαφηνείας
2707 1244 2767 1281 τε
2798 1228 2901 1283 καὶ
2929 1225 3225 1296 εὐμαθείας
3251 1225 3432 1278 ἓνεκα-

2796 1363 3051 1417 ΚΕΦΔΛ.
3086 1363 3212 1416 ΚΔ’.

2212 1458 2353 1527 Περὶ
2396 1457 2505 1526 τῆς
2528 1458 2910 1527 ἀναιρέσεως
2943 1454 3235 1527 Ἀρμάτον-
3254 1451 3588 1524 συγγενοῦς
3627 1450 3804 1519 Bapt-

2669 1524 2783 1596 γης
2837 1525 2943 1595 τῆς
2986 1524 3332 1591 βασιλίδος.

596 1637 868 1693 Caeterum
924 1639 1074 1693 Zeno
1122 1654 1286 1692 suasu
1319 1639 1421 1701 Illi,
1456 1639 1737 1693 Armatum
1770 1652 1992 1708 quoque
2020 1637 2107 1692 in-

2299 1642 2359 1697 'U
2391 1643 2448 1696 δὲ
2501 1643 2690 1713 Ζήνων
2755 1640 2919 1695 ’ῐλλοῦ
2979 1638 3176 1712 γνώμῃ
3226 1637 3322 1691 καὶ
3381 1636 3473 1689 τὸν
3519 1635 3802 1707 Ἀρμάτον

526 1730 764 1793 terfecit,
793 1740 1085 1800 cognatum
1120 1729 1339 1785 Verinae
1367 1730 1623 1800 Augusta:
1651 1748 1663 1783 :
1689 1746 1853 1799 quem
1883 1728 2107 1799 quidem

2227 1737 2430 1806 Ξιναιρεῖ
2480 1734 2564 1805 (ι),
2602 1734 2842 1805 συγγενῆ
2893 1732 3123 1804 Βερίνης
3154 1730 3256 1801 τῆς
3278 1729 3568 1801 βασιλίδος·
3602 1728 3666 1782 δν
3701 1728 3802 1781 καὶ

524 1832 687 1876 antea
740 1820 902 1874 donis
949 1830 1299 1890 corruperat,
1345 1835 1470 1874 cum
1526 1819 1795 1875 adversus
1850 1818 2029 1889 ipsum
2077 1834 2107 1873 a

2227 1827 2679 1899 ιαταπεμφθέντα
2727 1827 2862 1899 πρὸς
2910 1824 3258 1889 Βασιλίσκου,
3308 1823 3502 1894 δώροις
3552 1822 3580 1873 ό
3606 1822 3802 1892 Ζήνων

516 1914 789 1968 Basilisco
824 1915 1026 1969 missus
1059 1912 1276 1975 fuisset,
1309 1920 1365 1965 et
1394 1929 1495 1983 pro
1516 1913 1676 1968 hoste
1710 1911 1923 1967 socium
1949 1921 2113 1983 atque

2227 1920 2428 1974 ὶλίσκει
2479 1918 2632 1991 (52),
2683 1920 2781 1973 καὶ⁵
2821 1918 3112 1989 σύμμαχον
3161 1916 3325 1970 αὐτὸν
3367 1915 3487 1969 ἀντὶ
3530 1913 3801 1984 πολεμίου

524 2006 766 2061 amicum
796 2004 1147 2067 reddiderat;
1182 2003 1353 2059 ﬁlium
1379 2021 1598 2075 quoque
1621 2006 1742 2077 ejus
1768 2004 2111 2069 Basiliscum,

525 2099 582 2153 in
626 2098 765 2152 urbe
802 2097 983 2152 Nicaea
1018 2096 1289 2152 Caesarem
1345 2096 1780 2153 renuntiaverat.
1835 2096 1944 2153 Sed
1987 2113 2113 2153 cum

524 2188 1059 2259 ConstantinOpolim
1116 2189 1383 2254 venisset,
1424 2188 1711 2244 Armatum
1764 2188 1988 2259 quidem
2015 2204 2114 2259 per

526 2282 779 2338 fraudem
813 2280 1117 2345 interemit,
1149 2279 1474 2345 Basiliscum
1504 2295 1637 2334 vero
1663 2280 1783 2350 ejus
1827 2279 2019 2345 tilium,
2044 2295 2110 2334 ex

526 2375 740 2431 Caesare
773 2375 1153 2447 presbyterum
1191 2373 1342 2428 fecit.
1361 2372 1467 2439 Qui
1502 2382 1691 2443 postea
1720 2372 1787 2427 ad
1826 2372 2113 2442 episcopa-

527 2470 635 2525 lem
666 2468 989 2540 dignitatem
1022 2466 1298 2538 pervenit.

1140 2581 1294 2637 CAP.
1336 2581 1503 2636 XXV.

602 2674 677 2728 De
702 2674 1005 2729 Theoderici
1033 2672 1241 2757 Scytha:
1262 2674 1588 2799 trehflliane,
1617 2675 1782 2744 deque
1809 2674 2041 2745 ejusdem

1199 2762 1254 2798 ιη
1283 2762 1356 2799 ενι
1388 2762 1443 2799 ιι.

1199 2762 1443 2799 interitu.

600 2859 906 2914 lnsurrexit
934 2874 1156 2930 quoque
1196 2859 1465 2916 adversus
1500 2860 1778 2915 Zenonem
1809 2859 2113 2916 Theoderi-

527 2966 647 3018 cus,
678 2952 901 3007 natione
936 2952 1152 3009 Gothus
1184 2954 1585 3025 :collectisque
1631 2954 1685 3008 in
1721 2954 1956 3009 Thracia
1996 2954 2113 3010 suis

528 3046 725 3115 copiis,
760 3045 1171 3116 expeditionem
1221 3047 1467 3118 suscepit
1512 3047 1777 3103 adversus
1809 3047 2111 3103 Zenonem.

2214 2015 2471 2078 ποιεῖται,
2518 2012 2612 2067 καὶ
2643 2010 2971 2066 Βασιλίσκον
3003 2008 3094 2062 τὸν
3124 2005 3290 2064 αὑτοῦ
3334 2007 3501 2061 παῖδα
3532 2006 3799 2075 Καίσαρα

2214 2105 2511 2175 χειροτονεῖ
2544 2104 2605 2157 ὲν
2636 2102 2844 2174 Νικαίᾳ
2871 2104 2937 2173 τῇ
2982 2101 3158 2154 πόλει.
3191 2097 3481 2171 Παρελθὼν
3515 2097 3574 2151 δὲ
3602 2099 3660 2162 ἐς
3688 2097 3797 2149 Βυ-

2214 2195 2449 2260 ζάντιον,
2481 2195 2574 2249 τὸν
2608 2195 2709 2267 μὲν
2759 2194 3030 2264 Ἀρμάτον
3056 2193 3351 2264 δολοφονεί⁹
3380 2189 3704 2243 Βασιλίσκον
3735 2189 3795 2242 δὲ

2212 2289 2306 2343 τὸν
2335 2288 2503 2342 αὑτοῦ
2541 2287 2727 2354 παῖδα,
2770 2288 2891 2341 ἀντὶ
2919 2286 3199 2357 Καίσαρος
3231 2284 3380 2355 ἱερέα
3403 2282 3700 2336 δείκνυσινο
3731 2280 3791 2345 ὃς

2215 2382 2442 2452 ὕστερον
2474 2380 2568 2434 καὶ
2598 2378 2701 2451 τῆς
2733 2376 3149 2451 ἀρχιερωσύνης
3182 2376 3401 2447 ἠξίωτο.

2788 2564 3043 2633 necat.
3074 2579 3203 2633 KE'.

2215 2673 2355 2742 Περὶ
2378 2672 2491 2742 τῆς
2518 2671 2986 2746 ἐπαναστάσεως
3011 2674 3370 2746 Θευδερίχου
3401 2676 3509 2731 τοῦ
3538 2675 3795 2741 Σκύθου,

2581 2743 2680 2797 καὶ
2710 2742 2825 2814 τῆς
2859 2745 3076 2799 τούτου
3108 2742 3419 2814 τελευτῆς.

2299 2860 2683 2915 Ἐπανίσταται
2726 2861 2785 2915 δὲ
2817 2861 2898 2932 τῷ
2938 2862 3149 2933 Ζήνωνι
3175 2862 3270 2916 καὶ
3297 2861 3617 2932 Θευδέριχος
3655 2858 3800 2914 Σκύ-

2215 2954 2313 3026 θης
2358 2953 2435 3007 ὣν
2461 2955 2640 3024 γένος’
2692 2954 2789 3010 καὶ
2838 2955 2939 3020 τὰς
2989 2955 3196 3019 οίκείας
3223 2955 3482 3026 δυνάμεις
3538 2954 3645 3009 ἀνὰ
3699 2952 3802 3024 τὴν

2214 3047 2446 3119 Θρᾳκῶν
2474 3046 2760 3119 ἀθροίσας,
2793 3047 3179 3117 ἐπιστρατεύει
3227 3049 3371 3102 κατὰ
3398 3048 3491 3101 τοῦ
3527 3049 3801 3119 Ζήνωνος.

530 3139 599 3195 Ει
632 3154 758 3194 cum
795 3149 993 3195 cuncta
1023 3156 1147 3211 qua:
1180 3141 1343 3197 obvia
1364 3150 1544 3205 erant,
1590 3158 1768 3212 usque
1810 3142 1879 3197 ad
1926 3142 2114 3200 fauces

2227 3142 2330 3198 Kal.
2368 3141 2527 3213 μέχρι
2554 3141 2828 3212 στόματος
2859 3142 2953 3195 τοῦ
2991 3142 3195 3197 Πόντου
3228 3142 3445 3214 δῃώσας
3483 3142 3552 3196 τὰ
3581 3144 3643 3195 ὲν
3673 3144 3807 3197 ποσὶ⁵

530 3232 691 3289 Ponti
726 3233 834 3288 late
865 3242 1153 3301 vastasset,
1190 3250 1387 3304 parum
1425 3235 1602 3291 abfuit
1639 3237 1774 3306 quin
1818 3237 1991 3308 ipsam
2025 3254 2118 3293 ur-

2227 3234 2418 3306 χωρία,
2460 3230 2658 3301 μικροῦ
2690 3232 2790 3302 τὴν
2843 3231 3110 3302 βασίλειον
3157 3226 3269 3284 aiis
3314 3231 3493 3295 πόλιν,
3538 3230 3601 3283 εἴ
3627 3247 3698 3298 γε
3729 3232 3804 3301 μή

518 3325 659 3380 ΔΙκιηι
711 3324 919 3397 regiam
979 3334 1223 3396 caperet.
1279 3327 1627 3397 cepissetque
1689 3329 1937 3395 omnino,
2004 3330 2113 3385 nisi

2227 3342 2367 3387 τινες
2401 3323 2509 3377 τῶν
2543 3326 2601 3388 ὲς
2636 3323 2706 3377 τὰ
2732 3323 2967 3395 μάλιστα
2995 3322 3145 3391 αὐτῷ
3179 3322 3503 3391 ἐπιτηδείων
3528 3320 3808 3391 ὑπαχθέν-

531 3415 755 3486 quidam
786 3432 855 3471 ex
884 3417 1005 3487 ejus
1036 3416 1423 3481 familiaribus,
1452 3416 1613 3474 donis
1637 3420 1903 3490 corrupti,
1933 3420 2113 3491 ipsum

2227 3432 2336 3480 τες,
2374 3413 2770 3468 ἐϐουλεύσαντο
2810 3413 2974 3467 αὐτὸν
3005 3413 3236 3468 ἀνελεῖν.
3281 3415 3377 3477 Ὃς
3413 3412 3809 3467 ὲθελοκακοῦνο

532 3506 846 3563 interﬁcere
871 3508 1047 3562 moliti
1074 3516 1279 3564 essent.
1306 3508 1495 3580 itaque
1516 3510 1628 3575 ille,
1655 3511 1873 3582 cognita
1888 3526 2116 3568 suorum

2227 3524 2319 3571 τας
2348 3506 2477 3571 τοὺς
2503 3506 2737 3571 οἰκείους
2765 3504 3043 3575 ἐγνωκὼς,
3081 3508 3140 3571 ἐς
3171 3505 3415 3559 τούπίσω
3460 3506 3558 3576 μὲν
3578 3506 3807 3575 ἀποχω-

516 3598 941 3664 malevolentia,
968 3608 1119 3654 retro
1136 3600 1423 3656 abscessit.
1456 3600 1622 3673 359
1647 3602 1763 3658 Nec
1790 3604 1967 3659 multo
1993 3614 2119 3675 post

2227 3602 2329 3671 ρεῖ.
2390 3600 2467 3654 Οὐ
2518 3598 2700 3671 πολλῷ
2745 3599 2803 3653 δὲ
2834 3599 3065 3671 ὕστερον
3092 3602 3205 3663 τοῖς,
3247 3599 3543 3653 ἀπελθοῦσι
3573 3616 3805 3669 συναρι·

531 3690 705 3745 vitam
728 3706 856 3746 cum
883 3699 1062 3749 morte
1088 3693 1471 3748 commutavit.
1500 3693 1693 3749 Mortis
1724 3703 1910 3750 autem
1942 3711 2119 3767 genus

2227 3694 2465 3767 θμεϊται.
2494 3694 2650 3761 Λέξω
2674 3694 2738 3749 δὲ
2762 3695 2858 3749 καὶ
2894 3695 2986 3749 τὸν
3026 3694 3129 3765 τῆς
3165 3695 3422 3766 τελευτῆς
3451 3695 3675 3766 τρόπον,
3702 3686 3807 3747 ὦδε

529 3782 694 3855 quale
726 3782 915 3849 fuerit,
946 3798 1241 3854 exponam.
1276 3783 1447 3840 Hasta
1493 3792 1769 3841 amentata
1807 3794 1936 3842 ante
1969 3786 2119 3843 illius

2227 3788 2540 3860 γενόμενον·
2583 3788 2721 3861 Δόρυ
2760 3788 3196 3860 διηγκυλημένον
3229 3788 3341 3862 (5'5)
3384 3789 3492 3862 πρὸ
3516 3792 3618 3861 τῆς
3668 3804 3807 3859 σκη-

1707 3920 1979 3978 VALESII
2028 3921 2587 3981 ANNOTATIONES.

607 4042 725 4107 (δε)
762 4040 978 4107 Δώροις
1008 4044 1041 4093 ό
1072 4040 1282 4106 Ζήνων
1308 4041 1569 4094 (illam.
1608 4040 1759 4093 Zeno
1797 4054 1908 4093 non
1930 4039 2117 4094 solum

2227 4038 2429 4096 Auctor
2452 4038 2695 4096 Chronici
2719 4038 3069 4094 Alexandrini
3088 4038 3531 4095 emendationem
3553 4048 3805 4095 nostram

536 4111 868 4167 muneribus
896 4126 961 4165 ac
986 4110 1168 4174 donis,
1192 4112 1287 4165 sed
1310 4111 1475 4165 etiam
1501 4109 1992 4179 pollicitationibus
2017 4112 2120 4164 Ar-

536 4191 750 4238 matum
793 4182 863 4237 ad
904 4196 1037 4235 snas
1093 4193 1279 4252 partes
1327 4181 1593 4252 traduxit.
1636 4179 1923 4235 Pollicitus
1969 4180 2120 4235 enim

537 4263 625 4308 cst
691 4267 749 4306 se
820 4252 985 4305 simul
1047 4267 1109 4306 ac
1182 4251 1476 4320 Imperium
1531 4258 1957 4319 recuperasset,
2014 4252 2121 4306 Ar—

538 4330 748 4377 matum
778 4322 1015 4392 quidem,
1056 4322 1375 4392 magistrum
1422 4320 1710 4392 praesentis
1738 4320 1946 4392 militiae
1990 4337 2121 4391 per-

543 4390 807 4463 petuum:
856 4390 1359 4464 Basiliscumgvero
1391 4394 1514 4464 ejus
1544 4391 1735 4464 tilium,
1760 4390 2039 4464 _Caz_sarem
2067 4401 2123 4447 et

541 4462 876 4517 assessorem
902 4462 1007 4516 sibi
1034 4479 1155 4518 esse
1190 4462 1484 4528 facturum,
1517 4470 1579 4516 ut
1606 4462 1800 4532 scribit
1833 4462 2125 4532 TheOpha-

543 4548 643 4588 nes
682 4532 739 4587 in
769 4532 964 4605 Chron.
998 4549 1123 4605 pag.
1150 4534 1287 4599 107;
1317 4535 1474 4603 cujus
1496 4533 1686 4605 verba,
1710 4531 1837 4603 quia
1865 4531 2124 4605 corrupta

544 4610 695 4667 sunt,
754 4618 859 4657 nec
907 4604 977 4659 ab
1024 4604 1325 4674 interprete
1375 4604 1605 4673 intelligi
1653 4612 1980 4673 potuerunt,
2002 4604 2128 4674 _bic

544 4688 818 4746 apponam
836 4692 861 4746 7:
882 4675 1039 4729 Ἀλλά
1060 4668 1254 4745 δώροις
1272 4677 1384 4739 τοῖς
1405 4668 1836 4746 παρὰίΖήνωνος
1857 4675 1951 4727 καὶ
1970 4668 2127 4738 οὗτος

546 4744 737 4815 ὼςᾷὲπὶ
763 4745 897 4799 πολὺ
921 4746 1243 4815 τυφλωθεὶς.
1262 4746 1359 4801 καὶ
1380 4744 1672 4815 ὑποσχέσει
1690 4744 1936 4813 διαδόχου
1962 4762 2130 4815 στρα-

2223 4126 2451 4181 prorsus
2485 4110 2794 4165 confirmat.
2826 4109 3033 4165 Scribit
3073 4110 3221 4165 enim
3251 4110 3529 4164 Zenonem
3577 4111 3805 4165 Armate

2225 4182 2572 4251 promisisse.
2606 4196 2665 4236 se
2712 4181 3085 4251 magisteriam
3132 4182 3418 4251 pmsentis
3464 4181 3674 4235 militia:
3702 4197 3805 4251 po-

2227 4259 2481 4306 testatem
2515 4253 2566 4306 ei
2608 4265 3000 4307 concessurum
3024 4252 3206 4321 quoad
3240 4252 3472 4316 viveret,
3514 4253 3806 4320 Ἐπαγγει-

2229 4322 2467 4403 λάμενος
2518 4322 2668 4403 αύτῷ
2728 4321 2931 4403 πολλὰι
2976 4322 3208 4403 κςῆτήν
3250 4323 3653 4403 στρατηλασίαν
3708 4322 3801 4403 τοῦ

2230 4392 2559 4462 πραισέντου
2594 4393 2699 4456 ἕως
2728 4392 2829 4461 τῆς
2872 4392 3038 4447 αὐτοῦ
3080 4392 3247 4460 ζωῆς.
3294 4394 3371 4448 De
3429 4394 3533 4447 hoc
3579 4392 3803 4447 Armate

2232 4463 2429 4519 Suidas
2460 4464 2632 4519 multa
2686 4464 2856 4534 refert
2876 4467 2930 4517 in
2952 4478 3087 4534 voce
3117 4464 3407 4534 νΔρμόιτος,
3430 4479 3552 4534 quae
3578 4463 3806 4534 desum-

2230 4542 2321 4605 pta
2348 4534 2608 4589 videntur
2635 4550 2703 4605 ex
2724 4533 3009 4605 Damascio
3038 4533 3092 4588 in
3122 4532 3238 4605 vna
3273 4532 3463 4587 Isidori
3490 4532 3810 4605 philosophi.

2306 4605 2416 4673 (5'5)
2444 4605 2596 4672 Δόρυ
2637 4603 3133 4675 διηγκυλημένον.
3190 4604 3248 4657 ln
3274 4605 3439 4675 hujus
3460 4604 3613 4659 verbi
3639 4620 3815 4674 expo-

2233 4674 2434 4730 sitione
2489 4673 2812 4729 hallucinati
2863 4684 2992 4729 sunt
3028 4673 3380 4744 interpretes.
3414 4675 3632 4745 Langus
3677 4673 3812 4745 qui-

2234 4745 2361 4801 dem
2430 4752 2641 4800 hastam
2712 4745 3013 4814 expeditam
3084 4745 3271 4800 vertit.
3328 4745 3608 4800 Masculus
3674 4762 3811 4801 vero

547 4813 859 4887 τηλατείας.
891 4810 1110 4871 καὶ’τὸν
1152 4817 1265 4871 υἱὸν
1301 4816 1466 4887 αὑτοῦ
1494 4810 1817 4887 Βασιλίσκον
1850 4810 2121 4887 Καίσαρα

2234 4832 2336 4871 suo
2369 4832 2547 4880 more,
2574 4831 2699 4870 cum
2731 4810 2989 4869 Latinum
3019 4816 3351 4871 vocabulum
3389 4816 3490 4887 ipsi
3525 4831 3637 4869 non
3671 4831 3811 4886 sup-

550 4884 776 4957 ποιῆσαι
805 4886 901 4939 καὶ
925 4886 1494 4957 συγκάθεδροναὺτοῠ,
1511 4887 1608 4939 σὺν
1625 4886 1774 4956 αύτῷ
1790 4884 2126 4957 κατὰηΒασι-

549 4953 736 5027 λίσκου
768 4957 1091 5027 ἐπανῆλθεν.
1145 4953 1215 5011 Μ
1242 4966 1329 5012 est
1363 4974 1376 5010 :
1407 4956 1596 5011 Verum
1646 4953 1796 5010 donis
1843 4964 1895 5010 a‘
1918 4956 2127 5011 Zenone

551 5025 723 5079 missis
757 5027 867 5097 ipse
903 5025 1108 5098 quoque
1146 5030 1457 5091 obcwcatus,
1500 5037 1550 5081 et
1580 5026 1962 5099 pollicitatione
2005 5044 2128 5099 per-

552 5103 726 5170 petua:
747 5097 1067 5170 magisteria
1088 5099 1382 5170 potestatis,
1414 5107 1463 5151 et
1486 5097 1623 5168 quod
1644 5097 1786 5152 Zeno
1810 5097 2126 5153 Basiliscum

553 5166 718 5235 ipsius
737 5166 912 5234 ﬁlium
932 5166 1387 5240 Ctesaremiatque
1414 5166 1732 5223 assessorem
1774 5185 1925 5223 suum
1953 5169 2128 5240 faeta-

553 5251 642 5289 rus
674 5246 825 5304 esset,
861 5255 971 5293 una
1024 5256 1145 5293 cum
1177 5238 1385 5294 Zendne
1414 5255 1650 5294 reversus
1684 5248 1760 5293 est
1792 5238 1976 5294 contra
2015 5238 2126 5293 Ba-

548 5304 810 5380 siliscum.
830 5308 1026 5366 Scribe
1044 5310 1232 5380 igitur,
1252 5313 1346 5363 καὶ
1364 5310 1657 5380 ὑποσχέσει
1671 5309 1953 5378 ὰδιαὸὁχου
1973 5327 2128 5379 στρα-

549 5377 861 5461 τηλατείας.
913 5377 1220 5461 Ἀδιάδοχον
1270 5377 1701 5461 στρατηλατείαν
1740 5377 1902 5435 vocat
1941 5377 2129 5461 7Τῇὸο-

439 5502 443 5505 .
546 5445 761 5514 phanes
805 5445 1158 5523 perpetuam"
1189 5445 1437 5522 magistri
1466 5445 1723 5506 'militum
1773 5460 2125 5521 potestatem.

2230 4894 2467 4957 peteret,
2494 4887 2739 4942 Graecam
2775 4901 2965 4957 vocem
3003 4887 3250 4942 retinuit.
3304 4887 3374 4940 At
3410 4886 3809 4956 Christophor-

2229 4956 2401 5013 sonus
2442 4958 2684 5012 omnium
2713 4956 2950 5027 pessime
2988 4957 3387 5026 interpretatur
3408 4996 3422 5011 .
3454 4958 3661 5011 hastam
3717 4974 3810 5011 cu-

2233 5030 2379 5099 spide
2422 5030 2583 5097 biﬁda
2606 5069 2620 5093 ,
2658 5027 2772 5099 Ego
2806 5036 3133 5081 amentatam
3196 5029 3357 5082 verti.
3394 5026 3632 5099 ΪΑγκύλη
3659 5028 3811 5099 enim

2232 5097 2377 5153 idem
2412 5112 2497 5154 est
2540 5098 2687 5167 quod
2718 5108 2989 5152 amentum
3021 5114 3040 5152 :
3072 5113 3264 5152 eorum
3290 5097 3502 5154 scilicet
3547 5114 3659 5167 quo
3690 5098 3815 5152 vin-

2236 5171 2528 5240 ciebantur
2550 5170 2732 5240 jacula
2778 5184 2874 5223 seu
2924 5170 3245 5240 lancegafut
3275 5170 3329 5222 in
3373 5170 3587 5240 hostem
3610 5169 3814 5240 iemitti

2275 5242 2469 5294 ossint.
2500 5238 2705 5295 Glossaa
2739 5247 2956 5295 veteres
2984 5255 3053 5293 ex
3078 5238 3400 5293 Bibliotheca
3428 5239 3573 5294 Petri
3606 5239 3813 5295 Danie-

2275 5257 2469 5294 ossmt.
2500 5257 2705 5295 messae
2739 5257 2956 5295 veteres
2984 5257 3053 5293 ex
3078 5257 3400 5293 mouomeca
3430 5257 3573 5294 rem
3606 5257 3813 5295 nante-

2234 5257 2304 5366 ᾖε
2338 5327 2368 5364 a
2392 5311 2652 5365 'l‘urnebo
2682 5310 2860 5365 citata:
2891 5311 2965 5364 ita
2980 5318 3267 5379 exponunt
3301 5328 3313 5362 :
3343 5310 3627 5363 Amentum
3649 5350 3664 5373 ,
3697 5327 3819 5363 cor-

2235 5383 2375 5452 rigia
2404 5380 2625 5443 lanceae,
2645 5396 2764 5451 qua:
2795 5383 2960 5435 etiam
2991 5380 3184 5452 ansula
3221 5389 3297 5433 est
3337 5380 3658 5452 adjectum.
3709 5380 3816 5436 Ubi

2234 5450 2429 5507 ansula
2454 5461 2540 5507 est
2563 5450 2798 5523 ἀγκύλη,
2831 5468 2939 5522 qua
2966 5451 3179 5507 scilicet
3212 5450 3706 5522 comprehenditur
3732 5461 3818 5507 te-

2007 5562 2391 5622 VARIOBUM.

616 5654 681 5724 (t)
733 5655 1023 5726 Ἀρμὰτον
1046 5656 1295 5726 ἀναιρεῖ.
1333 5658 1539 5714 Auctor
1585 5658 1827 5715 Chronici
1884 5658 2117 5714 Alexan-

544 5725 686 5779 drini
741 5725 819 5781 ait
860 5726 1146 5801 Armatum
1183 5725 1453 5801 Basilisco
1484 5745 1650 5799 supra
1696 5739 2001 5785 memorato
2027 5731 2118 5801 ju-

2222 5668 2407 5717 tamen
2421 5659 2780 5716 fecit.Suidas
2794 5659 3078 5717 Armatum
3101 5659 3350 5731 depingit
3367 5666 3429 5713 ut
3452 5656 3817 5731 dissolutum.

2227 5732 2527 5787 Zenonidis
2554 5731 2803 5786 Basilisci
2839 5733 3029 5788 uxoris
3072 5730 3410 5793 adulterum,
3448 5730 3501 5783 in
3535 5730 3819 5800 puniendo

542 5806 695 5850 Iassc
734 5811 902 5871 super
927 5797 1273 5871 baptismatis
1309 5797 1675 5865 sacramento,
1704 5801 1850 5871 quod
1881 5797 2120 5855 illum—et
2227 5803 2699 5868 crudelissimum,
2741 5803 2879 5860 adeo
2924 5814 2986 5860 ut
3038 5804 3186 5859 cives
3243 5814 3384 5857 caeso
3422 5797 3551 5854 illo'
3583 5799 3815 5855 maxime

544 5879 631 5923 res
650 5882 777 5923 suas
801 5867 1007 5924 Zenoni
1032 5883 1376 5941 nequaquam
1414 5871 1672 5942 proderet
1699 5867 1889 5943 {quod
1930 5881 2119 5944 postea
2227 5874 2395 5929 laetati
2437 5874 2666 5930 fuerint.
