3960 6532
567 356 700 421 2551

1771 372 2052 434 EVAGRI
2060 375 2086 434 Ι
2126 376 2613 442 SCHOLASTICI

3718 391 3846 457 2652

563 474 753 546 Itaque
788 476 1028 547 pictores
1054 489 1110 534 et
1140 481 1393 537 statuarii
1431 498 1646 539 comam
1681 485 1734 541 ei
1774 502 1806 541 a
1835 488 2016 543 fronte
2048 488 2136 543 de-

2245 490 2554 564 ἐμπροσθεν
2605 496 2864 562 καθέντες
2910 498 3063 571 αὑτῷ
3091 537 3109 565 ,
3167 497 3280 568 τὴν
3333 497 3594 571 κεφαλήν
3637 500 3841 560 ὄπισθεν

564 569 809 634 mittunt,
847 578 904 624 et
954 572 1275 642 occipitium
1317 574 1387 628 ad
1436 586 1620 632 cutem
1668 594 1846 650 usque
1890 579 2137 634 radunt:

563 661 867 731 prudenter
925 664 1219 720 admodum
1286 667 1699 726 subindicantes
1768 672 2139 738 occasionem,

564 754 806 821 quandiu
853 755 1076 827 quidem
1120 775 1150 813 a
1192 771 1344 831 tergo
1379 761 1649 829 imminet,
1705 779 1861 819 coma
1901 765 2139 820 demissa

562 845 721 901 facile
771 849 1112 919 apprehendi
1166 868 1326 921 posse
1354 871 1367 907 :
1399 852 1618 923 quando
1644 864 1827 911 autem
1853 856 2138 926 praecedit,

562 940 784 1008 penitus
813 941 1076 1013 effugere,
1113 945 1317 998 nullam
1343 962 1531 1001 ansam
1561 963 1669 1017 qua
1698 948 1970 1017 capiatur,
2003 963 2144 1018 pras-

2242 582 2302 635 ὲν
2338 583 2455 655 χρῷ
2495 584 2763 658 ξυρῶσιν·
2814 584 2875 642 εὖ
2918 590 3069 659 μάλα
3114 589 3319 659 σοφῶς
3353 591 3747 661 αἰνιττόμενοι,
3776 596 3841 661 ὡς

2239 675 2569 744 ὀπισθόπους
2600 678 2699 751 μὲν
2729 682 3031 752 τυγχάνων,
3072 680 3161 752 τῷ
3196 681 3529 755 καθειμένῳ
3560 684 3659 756 τῆς
3684 688 3839 761 κόμης

2243 767 2373 835 ἴσως
2399 775 2682 843 κρατεῖται
2704 790 2718 804 '
2754 777 3191 846 ὲμπροσθόπους
3218 776 3281 829 δὲ
3315 777 3643 846 γενόμενος,
3674 782 3837 835 τέλεον

2239 863 2560 934 διαφεύγει,
2612 866 2713 919 οὐκ
2761 866 2899 937 ἔχων
2947 869 3056 938 ὅτῳ
3092 868 3424 940 κρατηθείη
3471 868 3555 940 τῷ
3588 869 3833 929 διώκοντι.

2244 957 2423 1027 Ὅπερ
2454 958 2549 1011 καὶ
2596 959 2695 1012 ἐπὶ
2734 960 3040 1034 Μαρκιανῷ
3090 966 3330 1031 γέγονε,
3365 962 3467 1014 τὸν
3507 961 3610 1031 μὲν
3639 962 3836 1017 εὔθετον

564 1032 783 1087 bentem
829 1035 1279 1105 insequentibus.
1310 1037 1464 1104 Quod
1494 1041 1717 1111 quidem
1759 1051 1891 1097 tunc
1941 1040 2136 1097 accidit

2239 1049 2390 1120 αὑτῷ
2421 1050 2612 1122 καιρὸν
2643 1052 2970 1107 ἀπολέσαντι
2989 1032 3021 1119 ,ἡ
3054 1055 3326 1124 ἐξευρεῖν
3357 1053 3420 1105 δὲ
3453 1052 3648 1107 τοῦτον
3671 1054 3833 1110 λοιπὸν

564 1126 841 1184 Marciano
874 1148 888 1183 :
921 1130 1014 1200 qui
1047 1146 1172 1186 cum
1207 1132 1555 1189 occasionem
1586 1135 1693 1206 ipsi
1725 1136 1964 1191 oblatam
1991 1136 2138 1193 elabi

564 1221 805 1285 sivisset,
842 1222 1092 1277 eamdem
1145 1234 1335 1294 postea
1395 1242 1723 1298 recuperare
1776 1246 1888 1286 non
1934 1233 2136 1301 potuit.

562 1310 793 1365 Postero
815 1311 962 1365 enim
992 1312 1080 1366 die
1107 1327 1136 1365 a
1167 1315 1281 1369 suis
1302 1315 1576 1385 proditus,
1608 1326 1666 1373 et
1703 1321 1854 1376 solus
1887 1322 2135 1391 relictus,

562 1403 809 1474 confugit
868 1405 935 1459 ad
993 1405 1281 1461 Basilicam
1346 1418 1664 1465 sanctorum
1735 1414 2133 1483 apostolorum.

561 1498 719 1555 Unde
763 1516 861 1571 per
899 1502 1017 1567 vim
1078 1514 1383 1574 extractus,
1436 1508 1739 1565 Casaream
1780 1511 2137 1583 Cappadociae

561 1592 857 1664 relegatur.
888 1595 967 1649 Ibi
998 1612 1122 1651 cum
1153 1614 1212 1654 se
1239 1602 1528 1657 monachis
1566 1604 1893 1673 quibusdam
1938 1624 2135 1680 aggre-

558 1685 817 1753 gavisset,
864 1697 1053 1757 postea
1087 1690 1268 1761 fugam
1318 1694 1571 1750 meditari
1611 1697 1988 1767 deprehensus
2027 1712 2133 1758 est.

557 1772 730 1839 Quam
761 1775 832 1830 ob
886 1793 1105 1833 causam
1154 1780 1222 1835 ab
1268 1782 1599 1852 imperatore
1648 1788 1878 1844 Tarsum
1928 1790 2134 1849 Ciliciae

2236 1144 2298 1197 οὐ
2341 1142 2641 1215 δυνηθέντι.
2692 1147 2822 1200 Ἀνά
2853 1146 2964 1217 γὰρ
3001 1146 3109 1217 τὴν
3139 1147 3281 1217 ὲξῆς
3318 1145 3469 1215 πρὸς
3498 1145 3609 1198 τῶν
3638 1148 3833 1201 οίκείων

2239 1236 2698 1309 καταπροδοθεὶς,
2760 1238 2854 1292 καὶ
2903 1238 3065 1308 μόνος
3108 1237 3486 1307 ἀποληφθεὶς
3509 1277 3524 1301 ,
3584 1237 3829 1308 πέφευγεν

2237 1329 2342 1385 ἀνά
2355 1331 2416 1384 τὸ
2436 1321 2661 1401 τέμενος
2674 1329 2785 1383 τῶν
2806 1329 3115 1384 θεσπεσίων
3152 1330 3542 1382 Ἀποστόλωνο
3571 1330 3766 1383 ἐκεῖθέν
3780 1350 3826 1384 τε

2239 1424 2380 1496 πρὸς
2430 1423 2551 1493 βίας
2597 1422 2997 1493 ἀφελκυσθεὶς,
3046 1425 3134 1486 είς
3174 1423 3543 1491 Καισάρειαν
3572 1421 3721 1475 πόλιν
3746 1422 3823 1494 τῆς

2236 1516 2628 1571 Καππαδοκῶν
2652 1515 3000 1580 ὲξοικίζεται.
3033 1514 3155 1569 Καί
3184 1532 3303 1568 τισι
3338 1516 3607 1584 μοναχοῖς
3632 1531 3819 1581 συναγε-

2236 1610 2566 1680 λαζόμενος,
2620 1608 2847 1681 ὕστερον
2896 1608 3163 1679 ἐφωράθη
3223 1607 3423 1660 λαθεῖν
3468 1606 3698 1660 ὲθέλων’
3739 1608 3808 1660 καί

2237 1703 2377 1775 πρὸς
2431 1702 2525 1755 τοῦ
2574 1702 2839 1773 βασιλέως
2899 1702 2958 1763 ὲς
3002 1700 3233 1771 Ταρσὸν
3285 1702 3395 1770 τῆς
3444 1699 3697 1762 Κιλικίας
3738 1702 3806 1752 ὲκ-

2238 1796 2543 1868 πεμφθεὶς,
2580 1795 2676 1849 καὶ
2708 1795 2808 1863 τὴν
2838 1794 3015 1865 κόμην
3046 1791 3441 1860 ἀποθέμενος,
3478 1790 3809 1859 πρεσϐύτερος

557 1866 904 1937 deportatus,
932 1871 1162 1927 detonsa
1191 1890 1346 1929 coma
1373 1879 1661 1950 presbyter
1700 1891 1785 1936 est
1821 1884 2130 1942 ordinatus.

2238 1855 2647 1959 χείροτονείται.
2703 1855 3020 1957 Γέγραπται
3051 1855 3256 1936 ταῦτα-
3288 1855 3536 1951 κομψῶς⁷
3564 1855 3809 1948 Εὑσταθίῳ

554 1958 733 2029 Atque
768 1961 884 2017 haec
911 1964 1137 2034 quidem
1178 1969 1247 2023 ab
1278 1969 1568 2027 Eustathio
1607 1974 1742 2047 Syro
1778 1979 1980 2048 scripta
2004 1990 2135 2037 sunt

555 2053 855 2124 eleganter.

1137 2175 1291 2231 CAP.
1333 2176 1545 2232 XXVII.

880 2263 960 2318 De
1011 2268 1291 2337 tyrannide
1329 2268 1421 2323 Illi
1456 2287 1520 2324 ac
1554 2269 1777 2327 Leontii.

623 2374 774 2430 Idem
804 2377 1126 2433 Eustathius
1157 2380 1353 2435 scribit
1394 2382 1672 2440 Zenonem
1701 2386 2018 2444 innumeras
2049 2388 2134 2443 in-

554 2467 725 2523 sidias
769 2469 1037 2525 adversus
1075 2472 1331 2527 Verinam
1379 2490 1599 2530 socrum
1648 2493 1801 2533 suam
1843 2481 2129 2546 struxisse,

554 2560 889 2631 tandemque
915 2577 1035 2616 eam
1073 2563 1126 2617 in
1156 2563 1408 2620 Ciliciam
1435 2568 1725 2639 relegasse.
1758 2571 1949 2627 Postea
1980 2587 2128 2639 vero,

553 2672 679 2711 cum
710 2657 838 2711 Illus
871 2658 1214 2729 tyrannidem
1246 2671 1606 2731 occupasset,
1648 2664 1848 2719 Verina
1889 2665 1945 2718 in
1975 2665 2136 2734 Papi-

554 2751 701 2804 rium
729 2759 967 2805 castrum
1004 2752 1283 2823 migravit,
1311 2754 1499 2823 ibique
1532 2756 1770 2810 excessit
1793 2772 1822 2810 e
1852 2757 1986 2811 vita.
2025 2758 2133 2813 Res

553 2851 820 2913 praaterea
849 2844 929 2898 Illi
959 2845 1026 2899 ab
1057 2846 1252 2900 eodem
1290 2846 1559 2916 scriptore
1596 2847 2002 2918 elegantissime
2036 2865 2132 2903 ex-

554 2943 839 3003 ponuntur
871 2953 884 2988 :
917 2936 1421 3005 quedmadmodum
1453 2955 1577 2992 cum
1605 2954 1635 2992 a
1670 2939 1888 2995 Zenone
1919 2939 2134 2997 insidiis

555 3028 836 3099 appetitus
864 3028 1081 3094 fuisset,
1112 3029 1371 3101 effugerit
1401 3048 1413 3084 :
1445 3040 1614 3100 utque
1635 3031 1782 3085 Zeno
1817 3047 1942 3086 eum
1968 3048 2130 3102 quem

555 3118 624 3173 ad
666 3119 1113 3175 interficiendum
1162 3120 1323 3175 Illum
1375 3120 1740 3186 submiserat,
1781 3123 1879 3177 Illo
1924 3139 2133 3178 necan-

2232 1980 2310 2052 τῷ
2342 1980 2411 2034 Σύ
2420 1997 2519 2053 ρῳ.

2819 2183 3069 2238 ΚΕΦΑΛ.
3110 2183 3254 2236 KZ'.

2340 2272 2480 2341 Περὶ
2511 2273 2620 2340 τῆς
2644 2273 3000 2340 τυραννίδος
3033 2270 3254 2327 Ἰλλοῦ
3286 2268 3392 2323 καί
3423 2267 3709 2323 Λεοντίου.

2319 2388 2379 2440 '0
2409 2386 2570 2449 αὐτὸς
2614 2387 2817 2456 γράφει
2856 2386 2948 2439 τὸν
2977 2387 3214 2454 Ζήνωνα
3249 2383 3355 2437 καὶ
3381 2381 3576 2454 Βερίνῃ
3606 2383 3657 2450 τῇ
3682 2396 3786 2432 πεν⁶

2233 2478 2371 2550 θερᾷ
2422 2478 2624 2550 μυρίας
2669 2478 2961 2541 ἐπιϐουλὰς
2997 2476 3177 2547 ῥάψαι
3201 2492 3217 2507 ·
3280 2473 3431 2545 μετά
3457 2473 3513 2526 δὲ
3536 2471 3681 2525 ταῦτα
3704 2469 3785 2522 καὶ

2232 2571 2371 2643 πρὸς
2423 2571 2523 2640 τὴν
2568 2569 2807 2622 Κιλίκων
2856 2568 3144 2637 ἐκπέμψαι
3190 2565 3413 2637 χώραν.
3470 2563 3706 2629 ’Ὕστερον
3742 2559 3788 2611 δὲ

2236 2664 2537 2736 μεταϐῆναι
2563 2661 2764 2731 ταύτην
2792 2660 2926 2731 πρὸς
2951 2661 3015 2719 τὸν
3041 2660 3329 2728 Παπιρίου
3355 2656 3635 2725 λεγόμενον
3655 2650 3789 2724 φρούο

2236 2776 2379 2830 ριον,
2423 2756 2582 2809 Ἰλλοῦ
2632 2755 3065 2825 τυραννήσαντος
3084 2794 3099 2816 ,
3149 2751 3350 2806 αὐτόθι
3385 2768 3445 2803 τε
3475 2749 3564 2802 τὸν
3590 2746 3691 2817 βίον
3714 2746 3787 2797 ἐκ·

2232 2849 2425 2903 λιπεῖν.
2477 2848 2587 2901 Καὶ
2626 2846 2695 2899 τὰ
2728 2844 3089 2898 κατὰῚλλοῦν
3116 2844 3180 2896 δὲ
3215 2842 3428 2912 γράφει
3463 2838 3602 2911 μάλα
3628 2834 3785 2903 λογίως

2235 2944 2263 2996 ὁ
2299 2941 2625 3003 Εὑστὰθιος,
2655 2940 2804 3000 ὅπως
2837 2936 2974 3007 πρὸς
3003 2934 3099 2988 τοῦ
3125 2936 3391 3005 Ζήνωνος
3421 2922 3787 2985 ἐπιϐουλευθεὶς

2233 3036 2456 3105 διέφυγε
2477 3075 2492 3099 ,
2542 3033 2636 3085 καὶ
2681 3033 2831 3094 ὅπως
2875 3030 2901 3081 ὁ
2935 3032 3123 3097 Ζήνων
3155 3028 3257 3080 τὸν
3288 3021 3603 3093 ἀποσφάξαι
3628 3017 3784 3070 τοῦτον

2236 3124 2680 3195 προσταχθέντα,
2741 3124 2798 3185 ἐς
2847 3120 3075 3174 θάνατον
3122 3119 3441 3181 ἐκδέδωκε,
3497 3112 3673 3185 μισθὸν
3707 3110 3786 3177 τῆς

555 3211 688 3267 dum
739 3212 1059 3279 tradiderit;
1120 3213 1319 3282 capitis
1374 3215 1810 3283 amputationem
1866 3216 2134 3270 mercedis

2238 3216 2540 3285 ἀποτυχίας
2562 3214 2659 3285 τήν
2681 3214 2779 3281 τῆς
2799 3211 3044 3281 κεφαλῆς
3061 3211 3313 3280 ἐκτομὴν
3333 3207 3487 3277 αὑτῷ
3506 3198 3783 3273 παρασχών.

555 3301 679 3358 loco
716 3304 768 3358 ei
797 3304 1127 3374 rependens,
1162 3320 1229 3359 eo
1251 3304 1397 3375 quod
1422 3315 1619 3359 conatu
1644 3306 1956 3360 excidisset.
1979 3307 2135 3361 Illum

556 3411 778 3465 quoque
820 3397 1143 3467 magistrum
1182 3396 1482 3452 Orientalis
1512 3398 1722 3453 militiae
1775 3400 2135 3466 renuntiavit,

556 3483 790 3539 studens
820 3494 881 3540 ut
910 3486 1141 3541 occulta:
1164 3494 1354 3541 essent
1382 3486 1594 3541 insidiae
1622 3504 1758 3557 quas
1777 3487 1829 3542 ei
1856 3504 2139 3559 compara-

557 3578 660 3631 vit.
687 3577 820 3633 Illus
888 3593 1056 3643 vero,
1096 3578 1270 3633 ascito
1337 3579 1394 3635 in
1426 3579 1744 3635 societatem
1779 3581 2033 3645 Leontio,
2083 3591 2140 3637 et

558 3668 737 3722 Marso
778 3669 901 3723 viro
948 3670 1201 3740 egregio,
1255 3686 1320 3727 ac
1377 3672 1725 3742 Pamprepio,
1774 3674 1842 3727 ad
1899 3674 2140 3730 Orientis

559 3767 750 3830 partes
802 3760 1066 3829 perrexit.
1116 3761 1305 3816 Refert
1351 3762 1551 3818 deinde
1605 3763 1752 3819 idem
1793 3767 2137 3830 Eustathius,

557 3852 839 3922 quomodo
871 3851 1140 3907 Leontius
1166 3854 1311 3923 apud
1344 3854 1575 3910 Tarsum
1604 3855 1811 3911 Cilicia:
1841 3858 2140 3928 imperator

556 3955 911 4014 nuncupatus
939 3947 1011 4001 sit
1043 3965 1057 3999 :
1090 3954 1147 4001 et
1186 3962 1351 4017 quem
1402 3948 1495 4003 isti
1529 3949 1838 4020 tyrannidis
1877 3966 1991 4005 sua:
2019 3951 2140 4005 fru-

556 4046 709 4092 ctum
746 4040 1113 4109 perceperint.
1159 4040 1296 4096 Cum
1345 4041 1723 4097 Theodericus
1769 4044 1855 4097 vir
1912 4044 2138 4098 natione

556 4130 791 4199 Gothus,
822 4140 879 4187 et
906 4134 1001 4202 qui
1035 4134 1178 4203 apud
1208 4135 1488 4190 Romanos
1513 4146 1633 4191 erat
1662 4136 1911 4199 illustris,
1942 4137 2139 4191 adver-

556 4237 652 4277 sus
676 4238 772 4280 eos
799 4225 999 4279 missus
1029 4235 1176 4281 esset
1222 4242 1348 4282 cum
1384 4228 1626 4283 exercitu
1661 4229 2033 4283 Romanorum
2064 4229 2139 4284 si-

558 4315 673 4368 mul
703 4331 766 4370 ac
798 4316 1188 4375 barbarorum.
1218 4320 1368 4377 Idem
1411 4322 1731 4377 Eustathius
1772 4324 2007 4392 eleganti
2038 4324 2136 4379 ad-

557 4409 785 4464 modum
818 4413 958 4482 stylo
1012 4413 1219 4468 caedem
1269 4429 1466 4468 eorum
1508 4413 1795 4479 describit,
1820 4430 1961 4484 quos
1987 4415 2137 4471 Zeno

556 4504 856 4560 crudeliter
887 4508 1071 4562 necari
1094 4507 1275 4576 jussit,
1313 4506 1455 4562 hanc
1475 4505 1558 4562 eis
1585 4507 1894 4561 mercedem
1934 4522 2134 4576 repen-

555 4592 692 4650 dens
720 4594 1120 4652 henevolentiae
1151 4613 1261 4667 qua
1286 4597 1465 4669 ipsum
1492 4598 1762 4670 complexi
1795 4598 2014 4654 fuerant
2039 4613 2053 4651 :
2084 4607 2141 4653 et

2246 3307 2342 3358 Ὃν
2374 3306 2469 3357 καὶ
2501 3302 2805 3373 στρατηγὸν
2835 3304 2863 3355 ὁ
2890 3303 3077 3371 Ζήνων
3106 3300 3222 3353 τῶν
3254 3298 3443 3369 Ἐᾠων
3476 3291 3782 3349 ἀποδείκνυσι

2237 3398 2539 3466 δυνάμεων,
2568 3397 2628 3448 τὸ
2656 3395 2841 3448 λαθεῖν
2873 3392 3428 3465 πραγματευόμενος.
3469 3387 3525 3440 '0
3549 3384 3619 3448 δὲ,
3648 3379 3780 3436 Λεόν-

2236 3509 2351 3545 τιον
2379 3488 2963 3561 προσεταιρισάμενος,
2995 3486 3226 3556 Μάρσον
3258 3502 3319 3538 τε
3352 3478 3508 3536 οὖν”
3536 3477 3689 3547 ἄνδρα
3713 3470 3778 3524 δύο

2238 3600 2436 3653 κιμον,
2492 3580 2588 3634 καὶ
2636 3577 2997 3649 Παμπρέπιον
3035 3576 3138 3630 ἀνὰ
3172 3575 3247 3628 τὰ
3280 3577 3381 3644 τῆς
3421 3568 3587 3639 Ἑῴας
3620 3565 3775 3653 γέγονε

2241 3651 2405 3747 μέρη.
2463 3670 2597 3726 Εἶτα
2628 3671 2727 3743 τὴν
2755 3670 3007 3724 Λεοντίου
3045 3668 3356 3740 ἀνάρρησιν
3388 3663 3488 3733 τὴν
3519 3662 3572 3721 ὲς
3601 3651 3776 3724 Ταρσὸν

2239 3771 2336 3838 τῆς
2370 3767 2622 3829 Κιλικίας
2651 3764 2953 3834 γενομένην
2973 3781 2986 3795 ⁸
3025 3764 3174 3825 ὅπως
3200 3778 3261 3813 τε
3294 3759 3391 3813 καὶ
3422 3750 3561 3809 οὗτοι
3589 3751 3675 3818 τῆς
3695 3763 3771 3798 τυ⁸
3840 3772 3841 3777 ‘

2242 3859 2483 3931 ραννίδος
2533 3857 2856 3918 ἀπώναντο,
2917 3854 3245 3923 Θευδερίχου
3305 3849 3442 3904 κατ’
3489 3841 3656 3927 αὐτῶν
3700 3839 3773 3891 ix:

2241 3949 2621 4018 πεμφθέντος,
2678 3948 2870 4018 ἀνδρὸς
2902 3945 3105 3998 Γότθου
3157 3946 3221 3997 τὸ
3255 3944 3417 4013 γένος
3460 3937 3768 4006 omnem.

2240 4044 2390 4113 παρὰ
2423 4040 2717 4110 Ῥωμαίοις
2743 4056 2802 4092 τε
2832 4034 2899 4091 αὗ
2931 4039 3208 4107 ἐπισήμου
3231 4077 3245 4098 ,
3280 4033 3418 4104 μετὰ
3445 4023 3705 4120 ἡμεδαπῆς
3720 4034 3771 4120 ξε

2238 4135 2334 4187 καὶ
2365 4131 2670 4200 ἀλλοδαπῆς
2700 4127 3358 4197 δυνάμεως.Ἀναγράφει
3381 4122 3438 4174 δὲ
3465 4118 3602 4188 μᾶλα
3626 4118 3771 4178 σοφῶς

2237 4230 2265 4283 ὁ
2287 4227 2449 4289 αὐτὸς
2470 4223 2788 4289 Εὑστάθιος,
2811 4221 2906 4274 καὶ
2926 4220 3051 4282 τοὺς
3073 4219 3324 4280 δειλαίως
3347 4209 3699 4287 ἀνῃρημένους
3713 4204 3765 4270 (υ)

2238 4321 2376 4392 πρὸς
2406 4320 2649 4389 Ζήνωνος
2684 4319 2806 4370 ἀντὶ
2831 4316 2929 4386 τῆς
2959 4317 3015 4379 ἐς
3041 4313 3201 4367 αὐτὸν
3232 4309 3445 4369 εὐνοίας
3466 4344 3480 4368 ,
3513 4301 3601 4356 καὶ
3627 4300 3767 4392 ὃτι-γε

2239 4416 2268 4467 ὁ
2288 4384 2614 4481 δευδέριχος
2634 4410 2733 4479 τῆς
2753 4384 3047 4475 ἐπιϐουλῆς
3064 4406 3312 4475 Ζήνωνος
3336 4397 3638 4464 αἰσθόμενος
3653 4384 3763 4481 (5ης

2240 4507 2333 4558 ἐπὶ
2385 4474 2485 4575 τὴν
2520 4474 2915 4575 ’πρεσϐυτέραν
2951 4474 3172 4568 Ῥνώμήν
3216 4491 3505 4563 ἀναχωρεῖ.
3557 4480 3695 4575 Τινὲς
3721 4474 3764 4527 δέ

2242 4573 2538 4666 φασιν,γώς
2561 4573 2658 4650 καὶ
2685 4594 2933 4665 ὑποθήκῃ
2956 4591 3204 4663 Ζήνωνος
3230 4584 3364 4660 (58)·
3398 4581 3491 4637 καὶ
3520 4573 3761 4639 Ὀδόακρον

1849 4711 2092 4768 VARIE
2134 4710 2548 4768 LECTIONES.

633 4811 678 4841 ⁷³
711 4808 774 4864 C.
805 4808 867 4864 C.
902 4804 994 4863 αὖ.

1730 4877 1999 4935 VALESII
2051 4876 2611 4936 ANNOTATIONES.

631 4976 743 5059 (Ξῖ)
784 4971 899 5059 Tir:
947 4970 1188 5059 ﬁsvlﬁc
1250 4975 1629 5059 φέφβόμεηοςε
1655 4975 1879 5059 Rectius
1914 4975 1969 5028 ίη
1993 5047 2004 5059 .
2026 4990 2130 5059 πρεξ-

555 5044 747 5105 codice
806 5044 1127 5099 Florentino
1175 5045 1460 5111 scribitur,
1483 5045 1583 5115 τῆς
1612 5044 1911 5117 ἐπιϐουλῆς
1951 5046 2134 5099 αίσθό-

564 5134 746 5256 μεῖῖῖἐί
775 5184 873 5249 Ὠς
892 5185 988 5239 καί
1013 5185 1288 5253 ὑποθήκῃ
1324 5185 1623 5251 Ζήνωνος.
1657 5185 1830 5256 IIujus
1856 5186 1962 5241 loci
2004 5202 2135 5241 sen-

558 5274 681 5315 sum
716 5272 827 5312 non
858 5255 1120 5310 viderunt
1162 5256 1501 5327 Interpretes
1531 5255 1930 5327 quibusprava
1963 5258 2141 5312 inter-

2234 4976 2462 5048 punctio
2515 4973 2690 5048 fraudi
2751 4972 2875 5027 fuit.
2904 4971 3018 5048 Ego
3044 4985 3179 5048 vero
3223 4966 3398 5048 media

2236 5019 3049 5117 ’ἶνξῖθβᾝρβοδῖιω
3080 5042 3260 5117 lucem
3294 5037 3421 5117 huic
3466 5019 3749 5117 1002339:

2237 5089 2786 5194 en.imvaa:grius
2804 5089 2943 5166 duas
2966 5089 3385 5194 causas_aﬂ‘erri-
3411 5089 3752 5194 qgfsff'jﬁfff'

2240 5187 2417 5240 ricum
2458 5172 2830 5254 impulissent,
2858 5192 2920 5236 ut
2962 5181 3031 5254 ad
3065 5181 3292 5254 Italiam
3339 5172 3742 5254 ντοίίςξξρεξξξῗξε

2240 5257 2423 5311 Prima
2452 5240 2557 5321 est;
2589 5254 2737 5324 quod
2778 5240 2927 5309 Zeno
2957 5253 3011 5307 ei
3060 5240 3430 5307 insidiaretur.
3462 5240 3560 5298 Alii
3598 5240 3744 5287 autem

2011 5367 2401 5425 VARIORUM.

635 5468 706 5535 (υ)
738 5465 885 5532 Τοὺς
928 5465 1203 5531 δειλαίως
1244 5464 1677 5535 ἀνῃρημένους.
1713 5465 2063 5522 Marcellinus
2089 5467 2143 5521 in
2250 5466 2457 5521 dericus
2504 5481 2597 5520 rea:
2628 5465 2866 5519 omnium
2906 5480 3125 5518 suorum
3152 5456 3476 5535 multitudine
3512 5451 3576 5535 (ἕο

3578 5442 3743 5515 tironum

559 5515 952 5594 οιιὶόἠὲεὶίὲυιὶ
969 5515 1858 5624 habet“;
1894 5537 2142 5624 Leontinis
2249 5538 2306 5624 i‘n
2350 5536 2571 5624 Italian:
2605 5537 2811 5624 ‘tendit.
2872 5530 3440 5624 Theodericusﬂhilco.n
3475 5515 3737 5624 ἳῖξῃςῐξὶωῶῗ

559 5587 772 5661 {uigilia
790 5587 961 5661 hic};
1154 5587 1577 5693 tyrannus'hqﬁ
1607 5587 1951 5693 tylfanvnidegn
2761 5587 3043 5693 ingressus
3065 5587 3466 5693 estatinofi‘ia.‘
3486 5587 3734 5693 1231:2343

561 5656 801 5749 esset
823 5656 968 5732 gini.)
990 5656 1123 5749 ire;
1161 5656 2142 5749 '5;Megarammagian221;“
2247 5656 3039 5749 egraeciae}:una;
3070 5656 3353 5749 Legem
3381 5665 3467 5749 tet
3487 5656 3692 5749 ριξίίιοξξ

562 5745 914 5818 ἱίεςοίιαιίᾳιιε
967 5745 1112 5802 sunt.
1165 5745 2141 5818 Capita—eorueronstantinopolim

566 5816 761 5884 allata,
785 5816 1010 5890 prwﬁxa
1039 5816 1312 5875 hastilibus
1332 5818 1563 5873 tabuere.
1595 5817 1794 5874 Eodem
1816 5835 1955 5874 anno
1979 5816 2140 5875 Theo-

2247 5711 2423 5760 δσδῗη.
2446 5711 2571 5732 "“"'
2604 5711 2847 5732 νυυαωσ
2875 5711 3039 5756 ἰσιξπυ
3071 5711 3194 5757 ’βίον
3214 5711 3352 5769 συν-ν
3382 5711 3467 5749 '1"
3505 5711 3520 5714 ν
3634 5711 3729 5773 495,

2247 5748 2473 5812 oceldit,
2505 5758 2564 5801 et
2593 5764 2821 5818 regnum
2854 5748 3023 5801 Italne
3060 5746 3164 5818 εὼι
3220 5746 3443 5799 asseruit
3483 5738 3605 5785 anno

2239 5821 2395 5891 juxta
2427 5818 2673 5875 rationes
2701 5818 2827 5875 Ant.
2858 5818 2991 5887 Pagi
3010 5817 3077 5873 ad
3109 5832 3206 5874 eos
3234 5827 3414 5871 annos.
