4048 6498
219 339 363 407 ⁴2653

1133 354 1523 419 HISTORIA;
1562 357 2156 419 ECCLESIASTICIE
2192 360 2423 421 LIBER
2464 359 2579 420 III.

3346 359 3490 426 2654

218 459 373 529 μάχῃ
420 459 701 529 κρατήσας
723 499 739 523 ,
796 460 889 529 ὑφ’
923 461 1114 517 ἑαυτὸν
1148 466 1250 537 τὴν
1285 466 1506 540 Ῥώμην
1535 470 1797 535 ποιεῖται,
1828 492 1841 529 λ

1943 469 2179 523 uomodo
2202 468 2751 535 Theodericus,,cum
2768 470 3288 542 Zenonisladversus
3304 473 3487 545 359‘

219 548 368 618 ῥῆγα
400 550 819 619 προσονομάσας
848 552 1062 609 ἑαυτόν.

1912 561 2093 630 ipsum
2146 560 2376 615 insidias
2423 564 2804 631 comperisset,
2853 563 3083 617 Romam
3141 578 3199 618 se
3233 567 3489 621 contulit.

216 641 331 696 Alii
366 640 558 696 dicunt
588 642 830 697 Zenonis
898 658 1064 699 suasu
1095 646 1149 701 id
1185 663 1215 701 a
1284 649 1632 708 Theoderico
1670 652 1877 708 factum
1916 653 2111 709 fuisse.
2160 654 2265 720 Qui
2316 663 2573 709 conserto
2627 656 2835 724 praelio,
2870 672 2995 711 cum
3027 657 3341 713 Odoacrum
3395 675 3494 714 su-

216 743 491 802 perasset,
544 735 775 790 Romam
828 736 931 791 sub
966 747 1298 807 potestatem
1351 759 1505 799 suam
1561 734 1804 817 redegit,
1844 747 1991 817 regis
2022 745 2288 801 duntaxat
2324 746 2551 801 nomine
2574 746 2677 801 sibi
2700 758 3004 816 assumpto.

791 856 1043 909 ΚΕΦΑΛ.
1102 860 1240 912 KH'.

373 949 515 1018 Περὶ
545 951 905 1019 Μαμμιανοῦ
930 988 945 1011 ,
974 952 1070 1005 καὶ
1098 951 1218 1005 τῶν
1246 953 1437 1024 ἔργων
1456 955 1665 1011 αὑτοῦ.

303 1062 447 1117 Ὑπὸ
466 1064 576 1126 τοῖς
603 1064 814 1134 χρόνοις
840 1065 1109 1134 Ζήνωνος,
1135 1066 1340 1134 ἱστορεῖ
1353 1068 1608 1139 Ἰωάννης
1633 1071 1662 1122 ὁ
1685 1069 1812 1141 Ῥή-

214 1174 339 1228 τωρ
365 1157 699 1227 Μαμμιανὺν
744 1157 805 1221 ἐξ
854 1158 1176 1230 ὲπιδιφρίων
1219 1159 1491 1230 ἐπίσημον
1521 1161 1691 1231 ἄνδρα
1721 1178 1813 1230 γε·

218 1249 454 1314 νέσθαι,
496 1251 592 1304 καὶ
619 1250 719 1319 τῆς
754 1250 1061 1321 συγκλήτου
1110 1251 1305 1323 βουλῆς
1347 1255 1640 1324 μετασχεῖν
1664 1294 1680 1319 ,
1717 1255 1815 1307 καὶ

220 1342 281 1394 ὲν
320 1342 510 1414 Δάφνη
543 1342 622 1413 τῷ
652 1344 963 1415 προαστείῳ
994 1344 1086 1397 τὸν
1145 1344 1482 1416 καλούμενον
1526 1346 1816 1418 ἀντεφορον

223 1435 346 1503 (39)
385 1436 850 1506 οἰκοδομήσασθαι
882 1477 898 1501 ,
934 1436 1129 1508 πρώην
1153 1438 1431 1508 ἀμπέλους
1456 1438 1774 1510 δεδεγμένον
1800 1481 1815 1505 ,

221 1529 325 1580 καὶ
354 1528 493 1599 πρὸς
517 1528 789 1599 γεωργίαν
818 1529 1122 1599 ἐπιτήδειον
1162 1529 1483 1583 καθεστῶτα
1505 1572 1521 1596 ,
1556 1531 1685 1585 εὐθὺ
1724 1529 1818 1584 τοῦ

223 1619 502 1689 δημοσίου
538 1619 821 1690 βαλανείου
858 1637 874 1651 ·
903 1613 963 1673 οῦ
998 1620 1335 1690 Μαμμιανὸς
1375 1622 1404 1673 ὁ
1444 1619 1748 1689 φιλόπολις,
1789 1621 1822 1689 ἡ

225 1714 415 1785 χαλκῆ
464 1713 751 1768 ἀνάκειται
797 1712 982 1768 εἰκών.
1019 1712 1147 1767 Ἀνὰ
1178 1712 1235 1766 δὲ
1267 1713 1365 1783 τὴν
1398 1712 1555 1765 πόλιν
1589 1711 1684 1765 δύο
1718 1711 1818 1783 βα-

227 1770 478 1868 adstat);
505 1806 842 1877 ἐργάσασθαι
875 1807 1060 1871 στοὰς,
1090 1808 1156 1877 τῇ
1186 1822 1245 1858 τε
1278 1770 1559 1875 οίκοδομίᾳ
1592 1770 1824 1859 λίανιεύ-
1853 1770 1897 1829 Β

228 1904 497 1972 πραξεῖς,
523 1901 619 1953 καὶ
644 1902 762 1964 ταῖς
783 1901 849 1953 ὲκ
871 1899 1037 1953 λίθων
1066 1896 1451 1969 περιφανείαις
1467 1914 1527 1950 τε
1553 1899 1647 1951 καὶ
1674 1897 1827 1951 διαυ-

230 1996 421 2063 γείαις
470 1992 891 2064 κεκοσμημένας
927 2009 942 2025 ο
980 1991 1169 2061 ὥσπερ
1194 1991 1252 2046 δέ
1284 2009 1338 2045 τι
1376 1991 1628 2062 μεθόριον
1662 1990 1824 2060 μέσον

230 2086 345 2140 τῶν
374 2086 473 2140 δύο
500 2086 785 2157 βασιλείων
808 2084 999 2151 στοῶν,
1031 2084 1370 2156 τετράπυλον
1401 2083 1479 2155 (ω)
1502 2084 1823 2155 ἀναστῆσαι,

236 2179 382 2233 κίοσί
414 2196 477 2232 τε
507 2181 601 2232 καὶ
631 2181 698 2250 τῇ
724 2179 788 2231 ὲκ
812 2175 1017 2249 χαλκοῦ
1058 2177 1158 2249 ῦλῃ
1198 2177 1343 2248 μάλα
1377 2176 1606 2246 κομψῶς
1647 2178 1825 2247 ἠσκη-

245 2274 430 2344 μένον.
465 2272 573 2325 Καὶ
598 2272 697 2336 τὰς
730 2272 828 2343 μὲν
862 2270 1174 2342 βασιλείους
1199 2270 1613 2341 κατειλήφαμεν
1644 2268 1828 2336 στοὰς,

242 2365 390 2435 μετὰ
423 2365 527 2435 τῆς
561 2363 933 2436 προσηγορίας
956 2363 1038 2416 ἔτι
1065 2361 1294 2433 λείψανα
1318 2364 1419 2433 τῆς
1452 2361 1645 2432 πρώην
1669 2360 1829 2415 εὐκο-

235 2458 409 2527 σμίας
466 2456 772 2527 φερούσας,
824 2456 936 2511 τῶν
987 2457 1053 2510 ὲκ
1105 2455 1485 2526 Προκοννήσου
1538 2453 1705 2508 λίθων
1754 2452 1831 2525 τῷ

236 2550 439 2619 ἰδάφει
471 2549 847 2620 συγκειμένων
875 2564 890 2578 ⁸
912 2548 975 2602 οὐ
1010 2548 1117 2620 μὴν
1145 2546 1244 2619 τὴν
1268 2546 1580 2618 οἰκοδομίαν
1604 2545 1832 2617 ἔχουσάν

236 2660 290 2697 τι
313 2644 432 2696 τῶν
457 2642 764 2713 ἐπισήμων.
813 2641 913 2695 Ἐκ
941 2640 1051 2694 τῶν
1085 2639 1472 2711 γεγενημένων
1509 2637 1619 2711 γὰρ
1653 2638 1831 2707 παθη-

244 2739 446 2808 μάτων
495 2737 723 2808 ἔναγχος
766 2736 868 2808 τὴν
897 2735 1208 2805 οἰκοδομίαν
1241 2734 1488 2799 ἐδέξαντο
1514 2773 1529 2798 ,
1574 2732 1728 2785 οὐδὲν
1776 2733 1835 2795 ἐς

245 2830 592 2902 κόσμονμθ)
630 2829 857 2892 ταύταις
918 2828 1331 2898 προστεθέντος.
1382 2826 1490 2880 Τοῦ
1535 2826 1593 2879 δὲ
1640 2842 1837 2897 τετρα-

250 2919 434 2973 πύλου
466 2919 555 2972 τοῦ
591 2919 698 2973 ὑπὸ
746 2918 1081 2990 Μαμμιανοῦ
1118 2917 1487 2989 γεγενημένου
1532 2917 1653 2982 ορδὲ
1682 2916 1836 2987 ψιλὸν

248 3014 407 3083 [χνος
435 3012 738 3082 κατειλήφα
746 3029 871 3082 μεν.

834 3189 1087 3243 ΚΕΦΑΛ.
1121 3184 1251 3243 ΚΘ⁹.

246 3284 402 3352 Περὶ
454 3281 568 3352 τῆς
613 3281 907 3351 τελευτῆς
950 3282 1251 3347 Ζήνωνος,
1288 3282 1389 3335 καὶ
1433 3279 1545 3349 τῆς
1574 3275 1841 3347 ἁναρῤή-

720 3368 878 3419 σεως
949 3353 1381 3409 Ἀναστιισίου.

318 3470 443 3526 Τοῦ
495 3471 743 3542 Ζήνωνος
799 3469 876 3541 (y)
914 3469 1097 3523 τοίνυν
1147 3468 1377 3530 ἄπαιδος
1420 3465 1846 3536 τελευτήσαντος

2495 861 2647 917 CAP.
2686 862 2923 917 XXVIII.

1989 954 2065 1008 De
2086 955 2434 1021 Mammian'o,
2471 963 2521 1010 et
2555 956 2617 1008 de
2643 957 2884 1025 aperibus
2907 956 2970 1010 ab
3003 974 3062 1010 co
3085 962 3419 1013 constructis.

1989 1067 2249 1139 Ejusdem
2270 1068 2509 1124 Zenonis
2539 1070 2853 1140 principatu
2884 1072 3273 1127 Mammianum
3298 1091 3495 1144 quem-

1920 1162 2044 1217 dam
2078 1162 2279 1217 vixisse
2304 1163 2498 1217 scribit
2517 1163 2756 1218 Joannes
2779 1164 2990 1229 rhetor,
3013 1166 3108 1234 qui
3128 1182 3195 1220 ex
3215 1167 3495 1221 sellulario

1922 1254 2119 1324 opiﬁce
2148 1254 2234 1309 vir
2268 1255 2498 1326 insignis
2541 1256 2802 1319 evaserit,
2834 1265 2889 1310 et
2922 1257 2989 1311 ad
3019 1260 3357 1313 senatorium
3402 1276 3495 1313 or-

1922 1348 2108 1402 dinem
2156 1347 2493 1417 pervenerit.
2539 1347 2621 1403 Ab
2658 1349 2763 1404 hoc
2810 1349 3160 1416 Mammiano,
3213 1352 3289 1405 ait
3329 1351 3496 1407 Joan-

1921 1455 2044 1503 nes,
2090 1440 2144 1494 in
2176 1440 2490 1510 Daphnensi
2543 1441 2765 1510 quidem
2808 1442 3129 1498 suburbano
3169 1443 3498 1498 :ediﬁcatum

1924 1546 2045 1587 esse
2102 1532 2422 1596 antiforum,
2482 1532 2577 1602 qui
2629 1533 2783 1589 locus
2839 1534 2992 1604 prius
3049 1536 3194 1590 vites
3226 1536 3500 1591 habuerat

1920 1634 1977 1680 et
2004 1641 2151 1688 arva,
2199 1640 2229 1680 e
2268 1626 2492 1696 regione
2531 1626 2712 1682 balnei
2761 1628 2999 1696 publici;
3051 1628 3106 1682 in
3156 1644 3268 1699 quo
3322 1636 3500 1683 statua

1923 1730 2073 1770 aenea
2100 1716 2275 1785 posita
2302 1724 2387 1771 cst
2415 1731 2540 1770 cum
2573 1717 2677 1770 hac
2700 1716 3060 1787 inscriptione
3091 1735 3104 1773 :
3134 1720 3496 1774 Mammianus

1926 1816 2140 1861 amator
2183 1807 2359 1862 urbis.
2409 1808 2468 1862 In
2514 1809 2653 1864 urbe
2696 1824 2829 1862 vero
2859 1809 2997 1864 duas
3044 1812 3223 1881 regias
3253 1814 3504 1881 porticus

1927 1900 1994 1953 ab
2031 1899 2224 1954 eodem
2256 1909 2493 1955 structas
2528 1916 2647 1956 esse
2680 1901 2872 1965 refert,
2902 1911 3015 1956 tum
3060 1903 3284 1959 fabricae
3332 1922 3504 1960 venu-

1927 2001 2068 2048 state
2118 1993 2383 2065 insignes,
2430 2004 2546 2049 tum
2588 1995 2835 2064 lapidum
2868 1996 3161 2065 splendore
3199 2013 3264 2051 ac
3326 1998 3505 2052 nitore

1928 2086 2236 2141 decoratas.
2270 2086 2420 2140 Inter
2445 2085 2584 2142 duas
2610 2096 2795 2154 autem
2827 2089 3096 2157 porticus,
3136 2090 3292 2158 quasi
3333 2089 3505 2143 conli-

1928 2178 2083 2233 nium
2123 2177 2401 2248 quoddam
2431 2179 2500 2234 ab
2539 2195 2607 2234 eo
2637 2179 2967 2234 aedificatum
2998 2196 3119 2236 esse
3154 2180 3505 2251 tetrapylum,

1930 2269 2205 2324 columnis
2231 2276 2288 2325 et
2320 2285 2429 2325 aere
2458 2269 2755 2325 admodum
2781 2271 3065 2343 eleganter
3092 2272 3398 2327 excultum.
3430 2271 3501 2325 Et

1931 2363 2080 2433 ipsas
2109 2364 2334 2433 quidem
2364 2364 2541 2435 regias
2563 2364 2809 2433 porticus
2830 2364 3093 2431 vidimus,
3127 2381 3250 2434 quae
3302 2372 3360 2419 et
3410 2379 3509 2417 no-

1934 2471 2059 2510 men
2084 2456 2381 2526 pristinum
2409 2464 2465 2510 et
2488 2456 2752 2525 reliquias
2777 2456 2978 2511 vetusti
2997 2456 3309 2526 splendoris
3330 2454 3513 2510 adhuc

1933 2556 2174 2613 servant,
2211 2563 2337 2602 cum
2388 2549 2564 2603 solum
2595 2563 2783 2604 earum
2817 2548 3191 2603 Proconnesio
3234 2561 3513 2602 marmore

1935 2649 2167 2696 stratum
2226 2643 2317 2696 sit.
2367 2642 2601 2711 Reliqua
2652 2658 2787 2696 vero
2836 2650 3113 2695 structura
3163 2641 3301 2694 nihil
3347 2640 3515 2694 habet

1935 2733 2222 2787 eximium.
2269 2731 2405 2787 Nam
2451 2740 2579 2801 post
2632 2731 2944 2801 superiores
2984 2730 3195 2793 ruinas,
3228 2744 3405 2798 nuper
3429 2727 3515 2781 in-

1937 2834 2194 2880 stauratze
2219 2833 2370 2890 sunt,
2404 2827 2552 2880 nulla
2587 2841 2646 2879 re
2676 2824 2743 2878 ad
2771 2839 2964 2878 earum
2997 2831 3385 2878 ornamentum
3422 2821 3517 2875 ad-

1932 2915 2098 2986 jecta.
2159 2915 2433 2986 Tetrapyli
2504 2930 2637 2969 vero
2708 2914 2828 2984 ejus
2890 2913 3036 2983 quod
3100 2928 3131 2966 a
3190 2911 3518 2966 Mammiano

1940 3014 2318 3062 constructum
2367 3016 2472 3073 est,
2523 3024 2591 3063 ne
2630 3007 2923 3079 vestigium
2954 3006 3177 3077 quidem
3210 3005 3522 3077 deprehen-

1863 3118 1906 3176 ο
1940 3097 2143 3153 dimus.

2536 3190 2688 3245 CAP.
2729 3189 2925 3245 XXIX.

1938 3281 2015 3336 De
2040 3281 2269 3336 Zenonis
2312 3280 2477 3347 obitu,
2512 3290 2559 3335 et
2606 3283 2668 3334 de
2692 3281 2967 3363 Anastasii
3012 3281 3350 3352 imperatoris
3386 3296 3521 3333 nun—

2565 3360 2873 3422 cupatione.

2013 3463 2283 3520 Caeterum
2308 3479 2433 3521 cum
2463 3465 2612 3520 Zeno
2643 3473 2767 3535 post
2788 3465 3083 3535 septimum
3108 3464 3386 3520 decimum
3414 3464 3519 3518 im-

247 3564 561 3636 ὲπιληψίας
592 3562 736 3634 νόσῳ
789 3562 925 3633 μετὰ
957 3562 1188 3631 ἕϐδομον
1217 3560 1314 3613 καὶ¹
1343 3559 1567 3612 δέκατον
1597 3556 1716 3619 ἔτος
1747 3556 1841 3624 τῆς

1952 3557 2090 3627 perii
2118 3556 2203 3612 sui
2226 3572 2453 3621 annum,
2482 3573 2548 3611 ex
2579 3557 2842 3612 comitiali
2873 3559 3067 3613 morbo
3097 3559 3304 3628 absque
3334 3558 3526 3612 liberis

249 3657 428 3713 αὐτοῦ
474 3656 768 3727 βασιλείας,
801 3655 998 3726 ἧλπισε
1022 3655 1120 3724 μὲν
1144 3654 1407 3721 Λογγῖνος
1429 3654 1457 3705 ὁ
1476 3650 1666 3704 τούτου
1694 3650 1850 3703 ἀδελ-

249 3751 361 3820 φδς
399 3751 460 3812 ἐς
484 3749 626 3819 μέγα
657 3748 940 3818 δυνάμεως
965 3742 1429 3818 προκεχωρηκὼς,
1453 3742 1553 3813 τὴν
1573 3741 1849 3812 βασιλείαν

247 3844 444 3916 ἑαυτῷ
481 3841 798 3914 περιθήσειν
845 3859 858 3871 ·
890 3840 952 3894 οὐ
992 3840 1099 3911 μὴν
1128 3839 1237 3892 τῶν
1265 3836 1603 3907 δοκηθέντων
1641 3835 1847 3905 ἔτυχεν.

257 3940 327 3993 Ἦ
362 3939 478 4009 γὰρ
506 3937 772 4008 ’Ἀριάδνη
824 3934 1162 4002 Ἀναστασίῳ
1188 3930 1280 3984 τὸν
1330 3929 1595 3999 στέφανον
1638 3927 1852 3998 περιτί-

249 4030 449 4101 θησιν,
481 4028 637 4083 οῦπω
669 4030 769 4098 μὲν
802 4029 990 4099 ἥκοντι
1014 4028 1071 4089 ἐς
1091 4023 1408 4095 γερουσίαν,
1434 4025 1491 4075 ὲν
1519 4021 1575 4075 δὲ
1601 4024 1665 4092 τῇ
1698 4020 1855 4090 λεγο-

255 4115 412 4192 μέντῃ
472 4119 582 4172 τῶν
637 4116 1023 4188 Σιλεντιαρίων
1057 4115 1219 4186 σχολῇ
1272 4114 1347 4186 (z)
1403 4112 1851 4183 καταλεγομένῳ.

1955 3646 2309 3713 decessisset,
2330 3647 2611 3717 Longinus
2641 3648 2887 3717 quidem,
2930 3649 3049 3720 ejus
3083 3649 3273 3714 frater,
3316 3649 3411 3718 qui
3458 3648 3526 3702 ad

1952 3756 2203 3811 magnam
2227 3741 2529 3811 potentiam
2547 3750 2892 3811 pervenerat,
2914 3741 2969 3794 in
2989 3757 3142 3811 spem
3167 3741 3321 3795 venit
3344 3740 3530 3811 360'

1955 3850 2014 3889 sc
2045 3834 2337 3904 imperium
2376 3832 2537 3887 facile
2565 3841 2966 3903 occupaturum
2999 3849 3142 3888 esse.
3190 3832 3296 3888 Sed
3347 3843 3529 3887 tamen

1956 3927 2071 3981 voti
2101 3925 2186 3981 sui
2225 3925 2653 3995 haudquaquam
2685 3940 2909 3995 compos
2952 3925 3133 3980 factus
3172 3934 3279 3981 est.
3310 3925 3531 3980 Etenim

1960 4018 2201 4073 Ariadne
2232 4034 2491 4074 coronam
2527 4018 2795 4089 imposuit
2822 4018 3136 4083 Anastasio,
3165 4020 3260 4089 qui
3286 4019 3533 4073 nondum

1963 4111 2022 4165 in
2053 4111 2390 4166 senatorium
2418 4110 2671 4166 ordinem
2700 4110 2949 4175 allectus,
2996 4110 3055 4165 in
3102 4109 3537 4166 silcntiariorum

1459 4250 1733 4306 VALESII
1787 4248 2349 4305 ANNOTATIONES.

212 4398 221 4409 .
250 4352 955 4412 dicebantTheodcricum
983 4349 1222 4403 Zenonis
1262 4347 1496 4402 consilio
1547 4348 1846 4416 impulsum

253 4429 311 4482 in
350 4425 573 4480 Italiam
606 4440 663 4479 se
700 4421 1021 4478 contulisse.
1055 4420 1219 4473 Certe
1262 4418 1316 4471 in
1340 4418 1617 4487 excerptis
1648 4417 1850 4471 veteris

252 4495 546 4559 auctoris,
607 4510 728 4563 quae
764 4492 831 4546 ad
866 4492 1072 4563 calcem
1105 4487 1375 4543 Ammiaui
1408 4488 1707 4563 Mar_cellini
1737 4487 1849 4563 jam

252 4567 491 4639 pridem
534 4556 710 4639 edi-di,
756 4562 1133 4639 Theodericus
1185 4574 1457 4639 consensu
1502 4556 1841 4639 Zenonis'uii:

1960 4560 2049 4639 θῦλ
2072 4556 2174 4639 ,τοῦ
2244 4557 2504 4639 δημοσίου

250 4627 483 4696 Italiam
507 4636 787 4706 profectus
815 4647 934 4687 esse
973 4632 1196 4706 dicitur.
1227 4630 1496 4706 S‘icucnim
1520 4629 1631 4706 illic
1655 4627 1855 4706 scribi-

254 4722 359 4767 tur
397 4726 411 4761 :
450 4698 593 4761 Zeno
646 4719 1049 4775 recompensans
1110 4698 1370 4775 beneﬁciis
1439 4699 1813 4775 Theodericum
1840 4739 1854 4760 ,

254 4796 431 4853 quem
456 4778 575 4847 fecit
600 4768 884 4853 patricium
907 4770 1270 4853 etiicousulcm,
1296 4770 1510 4853 donans.
1531 4769 1577 4821 ei
1605 4768 1853 4853 multum,

255 4840 310 4908 ἐι
366 4840 734 4904 mittens-eum
767 4847 835 4900 ad
856 4844 1098 4907 Italiam,
1131 4848 1413 4911 pactuatus
1435 4847 1533 4901 est,
1554 4852 1609 4892 ut
1627 4840 1671 4892 si
1690 4841 1854 4911 victus

258 4924 462 4995 [uisset
519 4918 814 4995 Odoachar,
841 4934 936 4987 pro
992 4909 1179 4968 merito
1217 4911 1457 4964 laborum
1503 4926 1724 4995 suat-unt
1746 4909 1856 4995 loco

256 4979 417 5066 'ejus,
443 4992 570 5044 dum
610 4979 896 5066 adviveret,
947 4994 1165 5066 tantum
1189 5022 1205 5046 ,
1241 4979 1855 5066 “pri-vregnarethlde'm

258 5049 504 5135 quoque
551 5069 782 5115 testatur
829 5049 1098 5113 lardanes
1130 5054 1187 5108 in
1235 5049 1446 5116 Geticis,
1473 5060 1529 5106 et
1559 5054 1615 5105 in
1638 5051 1736 5105 lib.
1776 5049 1855 5104 De

256 5134 599 5191 successione
626 5146 960 5203 regnorum;
1061 5196 1095 5203 __
1324 5192 1336 5203 _
1361 5193 1375 5203 ,
1423 5202 1429 5203 γ
1626 5192 1703 5203 ,η
1745 5190 1757 5203 ,

342 5205 466 5275 (39)
511 5192 874 5270 Ἀντίςρορον.
908 5199 1000 5255 Sic
1043 5196 1254 5253 dictum
1285 5192 1508 5249 videtur
1562 5192 1859 5248 aediﬁcium

1957 4346 2235 4416 quoddam
2264 4344 2409 4415 quod
2443 4344 2541 4399 l'ori
2559 4358 2730 4416 usum
2762 4341 3077 4416 praestabat.
3100 4340 3216 4398 Hoc
3245 4341 3537 4416 aediﬁcium

1956 4413 2035 4471 ait
2063 4413 2328 4486 Evagrius
2356 4416 2527 4469 fuisse
2556 4413 2960 4486 insuburbano
2997 4413 3388 4486 Daplmensi,_e
3443 4431 3533 4468 re-

1959 4489 2124 4556 gione
2156 4483 2359 4557 publici
2392 4486 2593 4557 balnei.
2622 4484 2679 4557 Id
2712 4483 2859 4557 enim
2879 4494 3079 4557 sonant
3103 4485 3219 4557 haec
3246 4484 3543 4557 verbium)-

2574 4552 2903 4624 βαλανείου·
2968 4555 3250 4609 Musculus
3317 4556 3539 4624 quidem

1960 4626 2088 4679 εὐθύ
2119 4621 2331 4681 νει·ιὶιῖ
2361 4626 2521 4680 Recta
2549 4621 2618 4677 ad
2654 4621 2920 4693 publicum
2945 4624 3211 4690 balneum,
3243 4621 3397 4691 Quod
3430 4641 3543 4679 non

1959 4698 2155 4767 probo.
2188 4698 2320 4753 Nam
2358 4697 2485 4749 εὐθύ
2521 4695 2667 4749 idem
2699 4702 2784 4745 cst
2808 4695 2955 4767 quod
2986 4696 3365 4767 κατεναντίον,
3398 4705 3539 4750 teste

1960 4765 2149 4823 Suida.
2194 4768 2253 4822 In
2308 4767 2547 4820 antil'oro
2608 4765 2921 4835 aute_m_ait
2983 4766 3247 4835 Evagrius
3296 4776 3539 4820 erectam

1959 4839 2128 4893 fuisse
2156 4846 2391 4894 statuam
2428 4831 2762 4890 Mammiani.
2797 4831 2877 4905 Ex
2919 4851 3029 4905 quo
3062 4831 3290 4905 apparet
3342 4835 3542 4890 antifo-

1958 4925 2078 4961 rum
2122 4909 2290 4963 fuisse
2319 4907 2370 4960 id
2399 4907 2546 4976 quod
2573 4918 2739 4975 supra
2783 4902 2917 4960 dixi.
2938 4902 3307 4961 'Nam'statuze
3337 4909 3393 4960 in
3419 4906 3541 4960 foro

1958 4980 2095 5049 erigi
2129 4980 2401 5034 solebant.

2035 5046 2147 5120 (ᾎο)
2170 5050 2361 5103 Οὐδὲν
2389 5050 2453 5113 ἐς
2483 5048 2731 5117 κόσμον.
2760 5048 3048 5105 Assentior
3090 5046 3545 5118 Christophorso-

1963 5138 2036 5178 no
2061 5130 2118 5176 et
2148 5120 2374 5185 Savilio,
2411 5120 2505 5191 qui
2535 5120 2750 5185 οὐδενὸς
2782 5120 3169 5177 emcndarunt.

1058 5354 1064 5360 ι
1732 5305 2118 5364 VARIORUM.

351 5416 435 5487 (π)
466 5410 867 5487 Τετρᾴπρλον.
904 5407 1213 5487 {ﬁdi/icium
1243 5414 1474 5476 quatuor
1527 5405 1695 5487 portis
1744 5421 1867 5487 per:
1974 5418 2120 5457 nona
2151 5400 2355 5456 mensis
2387 5400 2594 5487 Aprilis
2622 5392 3546 5487 emortuali‘,inquit_3agins

264 5475 451 5549 piunt,
479 5475 658 5553 inquit
690 5482 1026 5551 Ducangius,
1061 5477 1117 5531 in
1149 5475 1391 5533 Gloissar.
1428 5477 1563 5530 med.
1588 5485 1637 5529 et
1666 5478 1722 5530 in
1748 5475 1865 5546 in].

273 5562 458 5618 (ἔναξε.

356 5631 435 5699 (y)
458 5624 571 5699 Τοῦ
602 5622 885 5699 Ζήνωνος
914 5650 980 5660 -
1018 5616 1455 5699 Marcelliiius‘in
1486 5615 1867 5699 Chroniconad.

271 5686 430 5756 ann.
456 5695 555 5750 491
598 5686 729 5763 (quo
774 5702 1031 5747 mortuus
1068 5697 1167 5763 est
1227 5688 1399 5763 Zeno)
1459 5688 1655 5763 scribit
1686 5704 1698 5740 :
1724 5686 1873 5763 _Zen_o

272 5775 426 5840 Aug.
461 5769 568 5821 vita
592 5757 832 5840 decessit,
860 5773 971 5816 tam
995 5762 1077 5840 sui
1103 5759 1315 5829 imperii
1339 5760 1497 5813 annis
1524 5776 1685 5829 quam
1715 5757 1872 5840 Basi-

1975 5489 2073 5527 sex
2137 5487 2353 5526 menses
2409 5466 2656 5525 erratum
2724 5485 2846 5524 esse
2909 5466 3263 5522 librariorum
3323 5471 3553 5517 conten-

1977 5544 2180 5613 ditpro
2215 5543 2392 5617 tribus
2416 5542 2721 5617 mensibus.
2755 5538 3107 5617 Anastasius.
3133 5536 3265 5605 imp.
3317 5548 3552 5587 corona-

1982 5606 2183 5668 tus'est
2209 5613 2298 5667 die
2327 5612 2627 5683 undecima
2650 5606 3162 5683 ejusdevaprilis.
3208 5675 3219 5683 _
3467 5677 3483 5683 _
3502 5672 3528 5683 _

2055 5685 2125 5755 (π)
2162 5683 2265 5739 Ἐν
2308 5681 2384 5751 τῇ
2412 5675 2708 5755 λεγομένῂ
2738 5678 2858 5755 τῶν⁵
2885 5675 3304 5755 Σινίεντιαρίωκ
3328 5675 3550 5755 σχρᾳῇ.

1976 5744 2319 5811 Νοὶιέοιυω
2352 5744 2506 5809 Ioca'
2533 5744 2628 5807 ubi
2670 5744 2829 5820 pueri
2859 5764 2923 5804 ac
2965 5744 3557 5820 juvenes_lib_eralibus

282 5815 425 5898 ἧξᾶ
443 5815 1090 5911 εξίτλᾶιιῆἱᾶίξςᾟᾶπιριιιαιὶδ
1119 5815 1261 5885 mino
1306 5846 1438 5898 xvn,
1474 5815 1651 5886 mense
1680 5845 1752 5885 νι.
1775 5827 1873 5885 Dic
1983 5825 2183 5883 studiis
2211 5839 2409 5881 vacare
2421 5822 2637 5911 debent
2660 5815 2688 5889 ;’
2715 5819 2813 5877 sed
2837 5829 2893 5877 et
2914 5815 2979 5875 ea
3003 5831 3126 5889 qua
3154 5815 3221 5872 ad
3245 5815 3351 5871 alia
3396 5830 3559 5871 exer-
