4048 6536
545 372 690 436 2655

1752 376 1946 440 EVAG
1955 376 2070 437 RH
2110 372 2596 437 SCHOLASTICI

3630 339 3634 344 ’
3662 377 3824 441 2656

547 483 737 539 schola
781 482 964 538 adhuc
1000 482 1294 540 mil-itabat.
1334 485 1508 541 Porro
1545 485 1868 541 Eustathius
1909 485 2115 548 scribitl

2238 483 2469 554 'lacopei
2494 482 2550 536 δ’
2587 478 2685 537 οὖν
2729 487 2757 538 ὁ
2781 486 3090 550 -Εὑστάοιος
3115 528 3130 553 ,
3188 485 3326 556 μετὰ
3359 485 3459 557 τὴν
3500 485 3678 558 ἀρχὴν
3707 486 3827 556 τῆς

544 575 614 629 ab
655 574 882 629 exordio
926 575 1145 645 imperii
1180 575 1507 632 Diocletiani
1541 576 1609 630 ad
1635 577 1874 633 Zenonis
1905 578 2120 632 obitum

544 675 601 720 ct
625 667 1098 736 nuncupationem
1121 667 1420 732 Anastasii,
1444 684 1620 723 annos
1653 668 1878 724 fluxisse
1910 677 2120 740 septem

545 772 710 825 supra
743 757 1013 813 ducentos
1038 776 1052 812 :
1073 775 1102 812 a
1127 758 1440 828 principatu
1469 759 1927 830 autemAugusti,
1947 775 2123 815 annos

542 849 875 918 quingentos
902 851 1125 922 triginta
1155 850 1316 915 duos,
1345 867 1408 904 ac
1435 860 1709 920 praeterea
1746 867 1970 906 menses
1997 867 2124 920 sep-

543 949 652 993 tem
680 959 692 994 :
717 941 784 994 ab
821 941 1120 996 Alexandri
1160 950 1342 996 autem
1385 942 1698 998 Macedonis
1730 959 1900 1015 regno
1945 944 2124 998 octin-

541 1041 735 1100 gentos
783 1041 839 1087 et
886 1033 1110 1103 triginta
1158 1034 1318 1098 duos,
1365 1034 1621 1088 similiter
1676 1051 1803 1090 cum
1837 1035 2121 1090 mensibus

541 1131 845 1190 septemza
875 1121 1247 1179 Romanorum
1290 1133 1346 1179 et
1389 1126 1610 1180 Romuli
1650 1140 1840 1196 regno,
1874 1125 2021 1180 mille
2063 1135 2120 1180 et

539 1215 938 1287 quinquaginta
961 1217 1131 1283 duos,
1179 1233 1243 1272 ac
1283 1225 1547 1288 prieterea
1595 1233 1814 1272 menses
1861 1228 2114 1287 septem:

539 1327 570 1365 a
598 1311 777 1383 Trojaa
803 1313 1043 1384 denique
1069 1314 1500 1384 expugnatione,
1523 1328 1698 1368 annos
1722 1313 1870 1367 mille
1892 1327 2120 1368 sexcen-

541 1413 627 1458 tos
652 1404 928 1474 octoginta
963 1420 1080 1469 sex,
1109 1420 1233 1458 cum
1267 1404 1552 1459 mensibus
1573 1413 1807 1474 septem.
1835 1403 1940 1458 Hic
1971 1403 2120 1457 Ana-

537 1496 740 1552 stasius
765 1505 920 1551 ortus
948 1512 1015 1551 ex
1056 1497 1196 1552 urbe
1223 1497 1530 1567 Epidamno
1559 1513 1680 1568 qua}
1706 1513 1855 1553 nunc
1889 1496 2118 1568 Dyrran

537 1587 725 1642 chium
762 1587 990 1652 dicitur,
1029 1589 1321 1660 imperium
1349 1589 1512 1645 simul
1541 1598 1598 1645 et
1623 1605 1850 1645 uxorem
1876 1589 2116 1646 Zenonis

535 1676 833 1732 Ariadnem
859 1679 1094 1749 accepit.
1133 1679 1210 1733 Ac
1249 1680 1489 1750 primum
1531 1680 1754 1750 quidem
1802 1680 2114 1752 Longinum

536 1769 774 1826 Zenonis
797 1771 1043 1837 fratrem,
1078 1773 1170 1843 qui
1203 1773 1452 1844 magistri
1505 1773 1828 1844 dignitatem
1865 1774 2110 1844 gerebat,

2221 575 2608 644 Διοκλητιανοῦ
2638 577 2918 646 βασιλείας
2949 581 3005 642 ὲς
3031 578 3131 650 τὴν
3163 580 3406 649 Ζήνωνος
3430 579 3690 649 τελευτὴν
3714 579 3832 632 καὶ

2221 666 2323 733 τὴν
2343 666 2648 738 ἀνάρρησιν
2692 668 3051 722 Ἀναστασίου
3076 709 3092 734 ,
3125 669 3221 739 ἐτη
3263 668 3492 722 διελθεῖν
3523 670 3665 722 ἑπτά
3713 669 3830 722 καὶ

2223 757 2480 811 διακόσια
2512 773 2527 788 ο
2563 759 2672 812 ἀπὸ
2699 759 2757 812 δὲ
2784 760 2887 829 τῆς
2916 761 3227 829 Αὐγούστου
3247 760 3565 832 μοναρχίας,
3597 762 3691 832 ἔτη
3719 761 3829 814 δύο

2222 849 2316 902 καὶ
2341 849 2410 910 λ’,
2442 851 2538 904 καὶ
2569 852 2906 910 πεντακόσια
2937 854 3073 924 πρὸς
3101 855 3264 924 μησὶν
3291 854 3432 907 ἑπτά
3451 854 3588 907 ’ἀπὸ
3618 854 3675 907 δὲ
3707 853 3826 922 τῆς

2234 940 2588 1012 Ἀλεξάνδρου
2617 942 2710 995 τοῦ
2728 943 3040 1007 Μακεδόνος
3056 944 3260 1015 ἀρχῆς,
3291 943 3384 1015 ἔτη
3411 944 3505 998 δύο
3531 943 3624 997 καὶ
3650 942 3824 1014 τριά-

2220 1051 2406 1100 κοντα,
2468 1035 2560 1088 καὶ
2599 1036 2928 1100 ὀκτακόσια,
2963 1036 3167 1106 ὁμοίως
3217 1037 3353 1106 πρὸς
3403 1039 3572 1107 μησὶν
3611 1036 3762 1091 ἑπτά
3800 1053 3816 1066 ⁶

2221 1127 2286 1180 ἑκ
2321 1126 2378 1180 δὲ
2410 1127 2507 1193 τῆς
2537 1126 2646 1182 τῶν
2694 1128 2988 1197 Ῥωμαίων
3031 1130 3128 1183 καὶ
3168 1128 3447 1199 Ῥωμύλου
3487 1128 3774 1200 βασιλείας
3799 1169 3820 1194 ,

2219 1217 2313 1290 ἔτη
2337 1219 2431 1272 δύο
2459 1221 2552 1274 καλ¹
2579 1222 2920 1291 πεντήκοντα
2951 1222 3049 1276 καὶ
3081 1222 3342 1293 χίλιακα),
3375 1222 3510 1292 πρός
3535 1239 3598 1290 γε
3626 1225 3824 1293 μῆνας

2220 1310 2361 1366 ἑπτά
2393 1327 2407 1342 °
2433 1311 2542 1364 άπὸ
2565 1310 2622 1363 δὲ
2655 1310 2911 1376 ἁλώσεως
2933 1311 3157 1384 Τροίας,
3179 1311 3282 1381 ἐτη
3315 1310 3376 1375 ἒξ
3397 1312 3493 1364 καὶ
3513 1311 3787 1381 ὀγδοήκον
3802 1341 3822 1353 -

2217 1422 2308 1465 τα,
2350 1405 2444 1458 καὶ
2469 1405 2730 1470 ἑξακόσια
2759 1405 2853 1458 καὶ
2881 1404 3037 1474 ,χίλια
3078 1405 3216 1475 πρὸς
3239 1404 3416 1474 μησὶν
3442 1405 3606 1458 ἑπτά.
3631 1398 3821 1467 Οὗτος

2217 1496 2246 1548 ὁ
2282 1496 2629 1560 ’Λναστάσιος
2661 1495 2895 1565 πατρίδα
2943 1496 3041 1564 τὴν
3098 1494 3428 1565 Ἐπίδαμνον
3455 1493 3596 1563 ἔχων
3616 1494 3645 1563 -(
3667 1495 3816 1566 Δυῤ-

2219 1587 2407 1659 ῥάκιον
2435 1587 2531 1641 νῦν
2565 1587 3058 1660 προσηγόρευται),
3106 1587 3208 1658 τήν
3240 1603 3302 1639 τε
3339 1587 3588 1657 Ζήνωνος
3643 1586 3813 1656 βασι-

2215 1678 2366 1733 λείαν
2389 1680 2482 1734 καλ⁵
2509 1679 2756 1750 γαμετὴν
2779 1679 2872 1732 τοῦ
2902 1677 3067 1731 αὐτοῦ
3104 1679 3349 1748 Ζήνωνος
3379 1677 3479 1747 τὴν
3517 1678 3812 1748 ’Δριάδνην

2217 1769 2567 1835 ὲσοικέζεται.
2596 1771 2705 1824 Καὶ
2734 1769 2929 1842 πρῶτα
2959 1769 3059 1840 μὲν
3090 1770 3356 1838 Λογγῖνον
3379 1769 3632 1838 Ζήνωνος
3652 1767 3812 1820 ἀδελ-

534 1878 699 1932 quem
740 1865 953 1934 antiqui
994 1865 1312 1935 praefectum
1350 1865 1652 1921 ciliciorum
1697 1867 1885 1937 palatii
1925 1868 2114 1937 appel-

2221 1859 2317 1930 φδν
2338 1859 2439 1927 (a),
2472 1860 2572 1930 τὴν
2597 1859 2690 1914 τοῦ
2724 1861 3032 1932 μαγίστρου
3071 1860 3247 1931 ἀρχὴν
3271 1859 3549 1923 διέποντα,
3580 1859 3641 1911 ὃν
3669 1861 3807 1930 ἡγε-

534 1955 745 2022 labant,
767 1956 821 2011 in
843 1958 1074 2026 patriam
1096 1959 1433 2014 amandavit.
1457 1959 1644 2014 Multis
1668 1959 1799 2014 item
1824 1959 1946 2014 aliis
1966 1959 2115 2013 Isau-

534 2049 613 2104 ris
645 2051 740 2120 qui
771 2051 826 2106 id
857 2052 927 2107 ab
975 2051 1095 2122 ipso
1129 2052 1431 2123 petierant,
1461 2053 1527 2107 ad
1563 2068 1694 2108 suos
1724 2052 1991 2108 redeundi
2019 2067 2114 2107 co-

533 2142 680 2213 piam
715 2144 866 2200 fecit.

1152 2260 1307 2316 CAP.
1338 2260 1508 2316 XXX.

533 2349 617 2424 De
662 2351 950 2424 Anastasio
981 2355 1304 2424 imperatore
1339 2370 1356 2407 :
1389 2362 1439 2406 et
1485 2353 1764 2423 quomodo,
1826 2369 1946 2405 cum
1981 2352 2114 2424 nillil

603 2423 658 2474 in
687 2423 1035 2477 ecclesiastico
1061 2422 1208 2477 statu
1242 2425 1489 2477 innovari
1528 2425 1746 2485 sineret,
1790 2424 1946 2475 totius
1975 2422 2112 2476 orbis

604 2491 854 2564 Ecclesia:
881 2496 1172 2548 innumeris
1208 2494 1690 2564 perturbationibus
1721 2493 1934 2564 repleta:
1965 2501 2110 2558 sunt,

603 2561 858 2635 multique
888 2567 1113 2636 episcopi
1137 2561 1252 2619 eam
1281 2564 1343 2618 ob
1363 2581 1583 2618 causam
1613 2561 1842 2636 expulsi.

603 2820 752 2876 Idem
786 2837 953 2891 porro
978 2821 1322 2886 Anastasius,
1351 2830 1541 2891 utpote
1580 2822 1732 2892 pacis
1770 2821 2112 2877 studiosissi-

533 2925 680 2976 mus,
711 2911 846 2964 nihil
876 2911 1106 2965 omnino
1135 2911 1385 2966 innovari
1416 2911 1613 2975 voluit,
1661 2912 1935 2982 praecipue
1983 2927 2112 2968 vero

533 2999 589 3053 in
632 3000 892 3055 Ecclesia:
936 3009 1121 3068 statu;
1175 3002 1464 3072 modisque
1497 3003 1758 3058 omnibus
1785 3003 2108 3069 elaboravit,

2223 1951 2362 2023 μόνα
2399 1952 2510 2007 τῶν
2555 1955 2615 2006 ἐν
2663 1956 2729 2024 τῇ
2765 1955 2902 2025 αὐλῇ
2931 1954 3140 2020 τάξεων
3172 1954 3224 2006 οἱ
3265 1952 3499 2023 πρόσθεν
3547 1953 3798 2023 ἐκάλουν,

2213 2041 2317 2095 άνά
2349 2043 2445 2113 τὴν
2478 2043 2850 2115 ἒνεγκαμένην
2882 2046 3182 2114 ἐκπέμπει,
3217 2039 3341 2098 εἶτα
3365 2044 3421 2096 δὲ
3451 2043 3546 2096 καὶ
3573 2045 3805 2107 πολλοὺς

2214 2132 2434 2204 ἑτέρους
2475 2134 2772 2208 Ἰσαόρους,
2805 2136 2968 2189 τοῦτο
2997 2136 3159 2206 δῆθεν
3188 2137 3550 2206 αίτ-ήσαντας.

2811 2251 3075 2305 ΚΕΦΑΛ.
3113 2253 3192 2306 Λ’.

2213 2339 2354 2409 Περὶ
2394 2340 2804 2396 ’Δναστασίου
2841 2342 2947 2396 τοῦ
2979 2341 3293 2408 βασιλέως
3316 2381 3330 2399 ,
3359 2340 3458 2395 καὶ
3486 2342 3565 2405 ὡς
3591 2341 3689 2395 διὰ
3723 2340 3799 2394 τὸ

2278 2409 2366 2480 μὴ
2390 2411 2726 2476 βούλεσθαι
2762 2413 2974 2466 τοῦτον
3009 2413 3384 2481 καινοτομεῖν
3425 2431 3475 2465 τι
3514 2414 3640 2479 περὶ
3671 2411 3795 2476 τὴν

2283 2482 2813 2548 ἐκκλησιαστικὴν
2841 2487 3240 2544 κατάστασιν.
3272 2484 3496 2551 μυρίων
3517 2482 3797 2550 ταραχῶν·

2281 2554 2342 2605 αἱ
2365 2552 2483 2606 ἀνὰ
2505 2553 2620 2619 τὴν
2635 2553 2996 2622 aucupemu-
3031 2555 3380 2618 'Enxatnm'at
3401 2553 3749 2617 ἐνεπλήσθη
3762 2581 3783 2591 ο

2281 2637 2410 2676 ,σαν
2439 2638 2451 2651 ·
2483 2623 2709 2676 πολλοι
2757 2641 2827 2678 (τε
2883 2623 3010 2678 ’τῶν
3061 2623 3417 2678 ἐπισκόπων
3470 2622 3563 2676 διὰ
3613 2625 3805 2676 τοῦτο

2253 2739 2257 2743 .
2285 2692 2728 2762 ἐξεϐλήθησαν.
3191 2753 3197 2760 .

2285 2800 2507 2870 Οὗτοςό
2542 2805 2900 2871 Ἀναστάσιος
2941 2809 3220 2879 είρηναίός
3253 2824 3336 2871 τις
3363 2807 3438 2860 ὢν
3462 2807 3574 2877 (41)
3602 2847 3618 2868 ,
3645 2806 3808 2859 οὐδὲν

2212 2900 2658 2968 καινουργεϊσθαι
2718 2899 2997 2963 παντελῶς
3081 2900 3380 2970 ἠϐούλετο,
3427 2900 3811 2970 διαφερόντως

2212 2991 2342 3062 περὶ
2373 2991 2471 3063 τὴν
2501 2993 2966 3064 ὲκκλησιαστικὴν
3013 2995 3371 3047 κατάστασιν.
3404 2994 3511 3045 Καὶ
3532 2992 3620 3046 διὰ
3660 3009 3812 3046 παν-

533 3103 597 3148 ιιι
628 3103 684 3148 et
722 3094 1083 3150 sanctissimae
1115 3094 1377 3149 Ecclesia:
1406 3095 1615 3164 absque
1656 3095 1766 3148 ulla
1821 3094 2112 3164 perturba-

2221 3083 2305 3146 τὸς
2342 3083 2429 3154 ⁴ᾔει
2451 3083 2681 3154 τρόπου,
2713 3085 2814 3148 τάς
2847 3100 2909 3136 τε
2939 3085 3254 3152 ἁγιωτάτας
3304 3083 3627 3154 Ἐκκλησίας
3660 3086 3811 3136 ἀτα-

533 3186 684 3241 tione
710 3195 1082 3251 remanerent,
1112 3193 1168 3242 et
1191 3187 1376 3241 cuncti
1410 3187 1505 3256 qui
1540 3187 1716 3257 ipsius
1753 3188 1985 3256 imperio
2013 3203 2110 3257 pa-

2221 3175 2415 3247 ράχους
2446 3179 2647 3245 μεῖναι,
2681 3176 2829 3231 ἅπαν
2857 3193 2918 3229 τε
2951 3177 3011 3229 τὸ
3040 3177 3279 3248 ὑπήκοον
3311 3176 3530 3247 βαθείας
3556 3177 3816 3247 γαλήνης

533 3280 750 3344 rebant,
804 3278 1070 3334 altissima
1114 3294 1247 3349 pace
1301 3279 1642 3342 fruerentur,
1685 3280 1835 3334 omni
1878 3279 1994 3334 rixa
2053 3287 2110 3334 et

2221 3269 2534 3334 ἀπολαύειν,
2558 3272 2741 3342 πάσης
2773 3271 2949 3343 ἔριδος
2978 3274 3073 3327 καὶ
3103 3270 3434 3341 φιλονεικίας
3461 3273 3527 3326 ὲκ
3557 3269 3678 3324 τῶν
3702 3270 3810 3320 ὲκ-

532 3369 910 3432 contentione,
957 3377 1075 3423 tum
1112 3369 1181 3422 ab
1219 3369 1482 3424 Ecclesiae
1513 3379 1682 3435 statu,
1729 3379 1844 3424 tum
1883 3386 1913 3423 a
1945 3369 2112 3425 rebus

531 3461 768 3532 publicis
805 3461 996 3530 procul
1041 3461 1355 3516 amandata.
1389 3462 1457 3516 Et
1494 3461 1962 3516 Chalcedonensis
1984 3461 2110 3531 qui-

532 3552 658 3608 dem
693 3552 936 3624 synodus
965 3551 1034 3606 iis
1061 3553 1422 3622 temporibus,
1455 3569 1558 3608 nec
1579 3554 1736 3624 361
1764 3554 1937 3623 palam
1967 3569 2109 3623 prae-

532 3648 820 3704 dicabatur
848 3649 902 3702 in
927 3649 1292 3704 sanctissimis
1326 3648 1607 3714 Ecclesiis,
1640 3664 1744 3703 nec
1767 3650 1995 3703 omnino
2024 3664 2110 3704 re-

529 3741 845 3814 jiciebatur.
896 3740 1112 3812 Singuli
1166 3741 1314 3795 enim
1361 3755 1551 3795 earum
1597 3740 1881 3810 praesides,
1943 3749 2110 3810 prout

533 3828 670 3900 ipsis
701 3828 883 3885 visum
924 3828 1128 3896 fuerat,
1165 3829 1422 3902 agebant.
1447 3830 1549 3885 -Ει
1582 3830 1835 3886 nonnulli
1881 3831 2107 3901 quidem

2217 3361 2623 3432 κλησιαστικῶν
2653 3379 2714 3415 τε
2746 3365 2843 3416 καὶ
2863 3363 3158 3417 πολιτικῶν
3185 3363 3529 3434 πραγμάτων
3551 3358 3813 3414 ἐκποδὼν

2217 3452 2540 3523 γινομένων.
2585 3454 2648 3507 'll
2682 3455 2780 3525 μὲν
2819 3451 2914 3509 οὖν
2959 3457 3021 3509 ὲν
3068 3455 3378 3527 Καλχηδόνι
3417 3453 3640 3517 σύνοδος
3697 3453 3815 3507 ἀνὰ

2215 3544 2439 3608 τούτους
2464 3547 2589 3610 τοὺς
2621 3546 2867 3618 χρόνους,
2893 3546 3016 3601 οὔτε
3040 3548 3347 3618 ἀναφανδὸν
3390 3550 3450 3601 ὲν
3477 3549 3600 3610 ταῖς
3623 3547 3812 3614 ἁγιω-

2214 3640 2406 3704 τάταις
2443 3640 2798 3710 Ἐκκλησίαις
2821 3641 3178 3713 ὲκηρύττετο,
3203 3640 3328 3696 οὒτε
3355 3641 3460 3712 μὴν
3487 3642 3553 3693 ὲκ
3577 3641 3811 3694 πάντων

2229 3733 2666 3804 ἁπεκηρύττετο.
2707 3735 3057 3788 Ἕκαστοιιδὲ
3101 3735 3210 3788 τῶν
3248 3733 3694 3805 προεδρευόντων
3725 3733 3817 3795 ὡς

2211 3828 2360 3904 εϊχον
2379 3832 2670 3904 νομίσεως,
2693 3832 3098 3904 διεπράττοντο.
3125 3830 3393 3886 Κάνένιοι
3415 3831 3516 3902 μὶν
3544 3829 3660 3902 (42)
3691 3828 3813 3882 τῶν

1731 3981 2012 4039 VALESII
2057 3983 2620 4044 ANNOTATIONES.

607 4099 718 4167 (M)
750 4100 1146 4167 Ἀναστάσιος
1207 4099 1508 4167 εὶρηναῖός
1551 4117 1643 4166 τις
1703 4099 1809 4155 ὧν.
1845 4098 2103 4166 Qualiter

532 4171 766 4226 allectus
811 4170 979 4225 fuerit
1031 4169 1355 4226 Anastasius
1401 4186 1532 4239 erga
1560 4186 1652 4225 res
1679 4170 2100 4237 ecclesiasticas,

531 4249 590 4296 et
613 4257 720 4310 qua
744 4242 957 4295 ratione
978 4258 1035 4296 se
1051 4242 1284 4310 gesserit
1305 4242 1360 4294 in
1394 4255 1582 4294 earum
1602 4241 2103 4307 administratione,

535 4312 700 4366 docet
729 4311 1019 4382 Liberatus
1049 4315 1102 4367 in
1133 4311 1428 4382 Breviario,
1463 4325 1584 4382 cap.
1617 4311 1702 4373 18,
1745 4311 1832 4365 his
1877 4311 2062 4367 verbis
2091 4331 2104 4366 :

533 4380 895 4438 Ascenderunt
915 4382 1133 4452 quidam
1157 4392 1204 4435 et
1227 4380 1620 4435 adversantium
1639 4389 1689 4434 et
1713 4383 2109 4436 communican-

536 4455 666 4505 tium
691 4453 736 4505 ei
763 4453 833 4506 ad
858 4453 1220 4507 Anastasium.
1241 4452 1304 4506 Et
1325 4453 1450 4506 dum
1469 4453 1721 4505 haberent
1749 4461 1936 4505 contra
1957 4455 2108 4523 prin-

534 4501 1102 4589 ὲιῇἓὲηὶοῖὶέῆιὲόἱίέιῆ
1115 4501 1454 4592 attiguas
1469 4501 2115 4593 uenustissima-
2149 4501 2194 4558 θ

535 4595 786 4647 matizari
795 4594 1074 4664 synodum,
1094 4604 1141 4648 et
1155 4596 1230 4648 ita
1246 4595 1662 4657 communicare;
1677 4593 1800 4648 aliis
1814 4611 1932 4648 vero
1950 4611 2115 4664 paca-

535 4665 603 4717 tis
624 4666 678 4717 in
705 4667 898 4718 unitivo
915 4665 1080 4719 edicto
1113 4665 1275 4734 adjici
1297 4681 1358 4717 ea
1384 4680 1500 4734 qum
1527 4664 1896 4734 satisfacerent
1919 4666 1998 4719 his
2021 4667 2111 4733 qui

535 4737 1053 4791 communicaverunt
1101 4736 1302 4802 Petro;
1355 4735 1695 4789 considerans
1763 4736 2058 4807 imperator
2089 4777 2108 4800 ,

2209 4103 2348 4173 quod
2376 4103 2423 4156 si
2449 4103 2799 4172 adjectionem
2823 4104 2990 4157 edicto
3041 4102 3259 4172 faceret,
3293 4101 3582 4157 tumultum
3621 4106 3811 4173 move”

2211 4171 2290 4226 m
2317 4173 2588 4245 Ecclesiae,
2633 4185 2682 4228 et
2723 4171 3186 4228 anathematizare
3206 4174 3464 4245 synodum
3508 4179 3638 4245 esset
3691 4171 3807 4222 im-

2212 4243 2500 4314 possibile;
2528 4245 2790 4315 persuasit
2839 4245 2911 4298 eis
2970 4245 3205 4315 sufficere
3237 4241 3512 4297 Vunitivum
3545 4241 3806 4315 edictuin,

2215 4308 2274 4367 ut
2293 4308 2742 4368 communicarent
2770 4308 3063 4368 adinvicem
3101 4314 3220 4378 sibi,
3244 4315 3378 4367 sicut
3413 4322 3461 4366 et
3485 4312 3661 4366 caeteri
3694 4308 3805 4363 Ec-

2217 4385 2502 4455 clesiarum
2537 4385 2782 4455 episCOpi.
2817 4385 2880 4438 Et
2909 4403 3026 4439 cum
3055 4403 3159 4438 non
3191 4385 3467 4455 obedirent
3491 4385 3600 4455 lucc
3622 4395 3803 4448 agere,

2219 4454 2354 4536 nihil
2379 4452 2723 4537 impetrantes
2765 4456 2964 4537 dimisit
3026 4455 3121 4536 Ἐκ
3146 4454 3353 4537 quibus
3384 4454 3537 4507 vides
3565 4452 3811 4537 Anasta-

2221 4527 2366 4579 sium
2409 4524 2797 4595 imperatorem
2832 4525 3071 4579 Zenonis
3093 4524 3337 4579 edictum
3367 4538 3595 4594 prorsus
3635 4536 3802 4595 secu-

2221 4605 2341 4721 ltum
2397 4592 2541 4660 esse,
2579 4612 2682 4652 nec
2726 4604 2992 4666 praeterea
3042 4592 3653 4666 quidquaminnovari
3702 4606 3799 4644 vo-

2251 4682 2422 4720 uisse.

2251 4682 2422 4720 “1588.

2294 4737 2405 4809 (42)
2435 4737 2562 4792 Κᾶν
2584 4737 2734 4792 ἔνιοι
2755 4735 2896 4806 μέν.
2927 4733 3297 4792 Scribcndum
3329 4743 3416 4790 est
3443 4735 3540 4788 καὶ
3571 4731 3730 4786 ἔνιοι.

1978 4868 2366 4929 VARIORUM.

537 4989 669 5044 citia
722 4987 995 5042 destinata
1044 4987 1350 5051 sunt,itcm
1404 4990 1469 5045 ad
1504 4990 1680 5047 cilicia
1709 5007 1772 5046 ac
1809 4991 2120 5048 ministeria

534 5058 824 5130 principis,
854 5057 1044 5130 schola
1091 5068 1400 5114 vocantur:
1433 5062 1580 5117 unde
1635 5063 1689 5116 in
1746 5062 1870 5117 cod.
1926 5063 2117 5118 schola

533 5129 803 5197 equitum,
851 5129 1122 5197 peditum,
1180 5131 1598 5186 scriniariorum
1642 5132 2114 5198 domesticorum,

535 5200 994 5274 silentiariorum,
1046 5215 1327 5274 sacrarum
1383 5203 1755 5274 largitionum,
1794 5213 1902 5258 etc.
1924 5205 2001 5274 De
2032 5203 2116 5258 Si-

535 5270 810 5353 leni-uariis
867 5270 1082 5340 egimus
1138 5272 1287 5327 notis
1339 5274 1405 5328 ad
1463 5270 1585 5345 cap.
1617 5274 1704 5340 10,
1734 5275 1834 5330 lib.
1869 5290 1929 5328 ιιι
1975 5273 2116 5328 Eva-

535 5358 659 5413 grn.

610 5411 689 5481 (α)
726 5409 1047 5482 ,Λογγῖνον
1107 5412 1388 5479 Ζήνωνος
1453 5415 1745 5482 ἀδελφόν.
1805 5413 2115 5470 Confundit

536 5481 808 5554 Evagrius
843 5481 1148 5554 Longinum
1179 5485 1500 5554 magistrum
1528 5481 1764 5541 militum
1790 5501 1916 5539 cum
1963 5485 2113 5540 Lon-

537 5556 667 5625 gino
718 5553 958 5608 Zenonis
1006 5553 1178 5609 fratre
1215 5572 1229 5608 :
1259 5553 1355 5624 qui
1393 5564 1574 5610 tamen
1613 5556 1816 5610 diversi
1849 5565 2028 5621 erant,
2059 5563 2120 5609 ut

539 5632 770 5694 apparet
799 5633 1006 5696 tamiex
1023 5625 1256 5680 historia
1279 5625 1559 5696 rcigestaa,
1583 5642 1753 5696 quam
1775 5627 2110 5696 auctoritate

540 5696 768 5749 Zonara‘.
809 5703 865 5749 et
913 5695 1290 5762 TheOphanis.
1325 5695 1612 5751 Pesterior
1631 5698 1713 5751 ait
1744 5695 1801 5750 in
1833 5695 2114 5762 Chronico,

543 5781 674 5838 ann.
705 5763 1010 5838 “Ljux‘tu
1061 5763 1485 5838 Alexandrinos,
1519 5767 1574 5821 id
1628 5777 1733 5831 est,
1764 5767 1934 5838 A.,C.
1986 5768 2116 5829 491,

546 5835 867 5907 Longinum
924 5835 1165 5906 Zenonis
1213 5837 1460 5913 fratrem,
1495 5847 1716 5910 propter
1765 5837 2114 5904 seditionem,

2227 4991 2473 5048 exsulem
2495 4991 2566 5046 ab
2592 4992 2882 5047 Anastasio
2907 4989 3292 5047 Alexandriam
3332 4988 3586 5052 missum,
3615 4989 3813 5059 ibique

2224 5063 2613 5134 presbyterum
2654 5063 2970 5134 ordinatum
3009 5080 3024 5116 :
3055 5061 3345 5134 septennio
3398 5069 3544 5129 post.
3571 5070 3812 5134 mortem

2223 5130 2450 5188 abiisse.
2470 5133 2710 5188 Proinde
2729 5135 2972 5202 nequein
2994 5134 3223 5203 patriam
3244 5132 3412 5185 fuisse
3424 5130 3810 5203 amendatum,

2223 5219 2406 5273 neque
2455 5204 2688 5272 posthac
2731 5201 3008 5259 tumultus
3061 5203 3304 5257 excitare
3356 5201 3624 5270 potuisse.
3661 5202 3808 5272 Ergo

2222 5274 2366 5329 alius
2388 5283 2509 5329 erat
2536 5274 2822 5344 Longinus
2852 5274 3113 5344 magister
3134 5273 3392 5344 militum,
3431 5286 3597 5344 quem
3629 5273 3812 5342 magi-

2222 5354 2402 5399 stratu
2459 5342 2746 5414 abrogavit
2773 5342 3119 5406 Anastasius,
3145 5351 3200 5396 et
3255 5343 3311 5395 in
3342 5342 3579 5412 patriam
3599 5357 3815 5414 aman-

2219 5414 2394 5480 davit,
2449 5415 2545 5469 ubi
2600 5412 2789 5485 postea
2829 5415 3094 5469 adversus
3154 5412 3814 5485 imperatoremubellum

2225 5487 2488 5554 suscepit,
2527 5482 2821 5540 uti—narrat
2851 5486 3140 5556 Evagrius,
3165 5485 3330 5556 intra,
3362 5499 3483 5556 cap.
3511 5482 3600 5536 55.
3636 5483 3817 5556 Erant

2223 5558 2451 5611 omnino
2513 5565 2626 5611 tres
2685 5556 2940 5626 Longini,
2973 5553 3417 5626 unuereno‘nis
3443 5553 3638 5626 frater,
3669 5553 3818 5626 alter

2223 5627 2486 5698 magister
2534 5623 3029 5698 militumftcrtius
3061 5623 3428 5698 Sclinnntius,
3457 5624 3528 5676 ab
3575 5624 3812 5698 Evagrio

2222 5697 2279 5752 in
2303 5693 2498 5754 e'odem
2533 5697 2713 5767 capite
2741 5707 3103 5752 memoratus.
3126 5695 3264 5753 Vide
3295 5695 3524 5766 Pagium
3556 5693 3626 5749 ad
3669 5709 3808 5748 ann.

2223 5768 2349 5835 498,
2384 5785 2442 5825 n.
2470 5771 2524 5834 5,
2555 5769 2608 5832 4,
2645 5768 2699 5823 5.
2729 5767 2817 5822 W.
2849 5767 3068 5824 Lowru.
