4048 6552
519 420 663 485 9.559
1733 402 2047 467 EVAGRII
2080 396 2567 463 SCHOLASTICI
3639 382 3806 447 2660

525 532 743 592 discissi
768 538 919 587 sunt.
947 530 1017 585 Et
1042 527 1372 584 Alexandria
1402 525 1628 597 quidem
1657 531 1715 579 et
1747 522 2015 594 IEgyptus
2038 534 2102 575 ac

2227 518 2288 580 ;ις
2339 514 2539 577 αὐτοὺς
2582 509 3018 581 ἀπεσχίσθησαν,
3049 505 3431 576 Ἀλεξάνδρειά
3463 522 3526 559 τε
3571 507 3669 557 καὶ
3700 506 3810 556 Δῖ-

528 626 697 698 Libya
732 623 875 677 intra
911 637 1066 676 suam
1109 619 1555 675 communionem
1597 616 1919 688 permansit.
1961 612 2108 668 Reli-

2227 620 2418 675 rumog
2447 602 2543 656 καὶ
2588 600 2764 669 Λιόύη
2805 597 2925 650 καθ’
2975 597 3176 659 ἑαυτάς
3226 595 3535 649 διετέλεσαν
3566 607 3581 623 ’
3622 593 3729 646 καὶ
3770 594 3809 663 ἡ

533 733 679 789 quus
708 717 838 771 item
875 714 1074 770 Oriens
1108 727 1357 767 seorsum
1389 712 1457 765 ab
1482 710 1607 765 aliis
1655 704 2107 771 communicavit,

2227 698 2373 769 ton-ri)
2404 698 2558 751 πᾶσα
2592 692 2855 764 Ἀνατολὴ
2880 692 3044 746 πάλιν
3074 690 3197 745 καθ’
3229 690 3459 760 ἑαυτὴν,
3491 688 3606 741 τῶν
3635 690 3809 740 Δυτι-

531 818 821 883 propterea
849 798 993 879 quod
1019 805 1401 861 Occidentales
1430 818 1659 873 prorsus
1701 800 2110 856 communicare

2227 791 2324 845 ιῶν
2356 789 2430 861 μὴ
2452 787 2797 857 ἀνεχομένων
2824 784 2934 857 (46)
2988 784 3166 846 ἄλλως
3194 782 3387 846 αὑταῖς
3432 782 3727 835 κοινωνεῖν
3776 779 3813 848 ἢ

534 902 641 957 illis
663 900 1013 961 recusabant,
1043 897 1148 952 nisi
1176 895 1519 959 Nestorium,
1556 893 1857 964 Eutychem
1881 906 1945 944 ac
1980 890 2113 943 Dio-

2227 884 2348 952 πρὸς
2377 882 2440 934 τὸ
2469 878 2891 948 ἀναθεματίζειν
2913 876 3208 947 Νεστόριόν
3232 893 3293 928 τε
3318 875 3412 928 καὶ
3436 874 3680 943 Εὐτυχῆ,
3710 872 3818 927 καὶ

533 1010 752 1050 scorum
792 993 895 1047 sub
927 991 1277 1045 anathemate
1309 988 1657 1051 damnantes,
1702 987 1924 1041 Petrum
1971 998 2116 1052 quo.

534 1103 641 1157 que
666 1087 918 1155 Mongum
944 1092 999 1137 et
1027 1084 1286 1138 Acacium
1323 1082 1391 1135 iis
1424 1080 1745 1149 adjicerent.
1773 1078 1831 1131 In
1864 1077 1968 1130 hoc
2010 1076 2113 1145 igi-

537 1187 628 1231 tur
656 1192 841 1231 rerum
869 1184 1011 1229 statu
1040 1190 1165 1229 cum
1207 1180 1394 1227 essent
1428 1173 1597 1225 totius
1638 1170 1793 1224 orbis
1829 1169 2110 1232 Ecclesize,

498 1276 501 1281 ‘
537 1268 867 1340 Eutychiani
893 1275 949 1321 et
978 1265 1321 1321 Dioscoriani
1346 1263 1412 1317 ad
1450 1263 1709 1333 exiguum
1744 1276 1974 1331 prorsus
2008 1276 2115 1314 nu-

539 1379 751 1417 merum
788 1362 992 1417 redacti
1024 1370 1174 1415 sunt.
1224 1359 1475 1427 Cumque
1514 1357 1667 1411 brevi
1714 1354 1985 1410 defecturi
2026 1368 2116 1408 es-

539 1464 663 1509 sent
693 1456 765 1508 ita
794 1464 856 1508 ut
888 1452 1129 1523 amplius
1155 1452 1209 1505 in
1231 1452 1394 1506 terris
1416 1466 1525 1503 non
1545 1457 1848 1511 exstarent,
1878 1446 2116 1501 Xenaias

540 1546 785 1617 quidam,
817 1561 945 1600 vere
974 1544 1217 1599 nominis
1251 1544 1360 1608 sui,
1393 1542 1447 1597 id
1488 1551 1594 1606 est,
1645 1541 1859 1596 alienus
1890 1556 1918 1593 a
1953 1540 2066 1594 Deo
2103 1558 2116 1595 :

543 1640 731 1693 nescio
764 1653 874 1708 quo
903 1639 1156 1699 consilio,
1195 1653 1299 1691 nec
1338 1652 1448 1705 qua
1501 1634 1568 1688 de
1611 1650 1777 1690 causa
1836 1643 2119 1704 susceptas

543 1729 812 1783 adversus
856 1730 1177 1783 Flavianum
1227 1728 1548 1783 inimicitias
1596 1743 1863 1783 exercens
1914 1745 1927 1780 :
1978 1743 2120 1797 prie-

2214 974 2530 1044 Διόσκορον,
2559 970 2911 1040 προστιθέναι
2958 969 3052 1021 καὶ
3077 968 3285 1039 Πέτρον
3317 966 3408 1018 τὸν
3439 963 3668 1033 Μογγδν
3710 962 3816 1015 καὶ

2213 1067 2490 1121 ’Δκάκιον.
2540 1066 2632 1117 Ἐν
2674 1062 2890 1126 τούτοις
2922 1057 3015 1115 οὖν
3042 1059 3157 1113 τῶν
3202 1060 3308 1114 ἀνὰ
3337 1060 3440 1129 τὴν
3466 1055 3816 1126 οἰκουμένην

2214 1160 2393 1214 οὐσῶν
2422 1156 2801 1227 Ἐκκλησιῶν,
2848 1156 2899 1207 οἱ
2947 1155 3161 1225 γνήσιοι
3210 1153 3319 1205 τῶν
3362 1151 3472 1204 άπὸ
3501 1148 3816 1217 Διοσκόρου

2222 1256 2314 1308 καὶ
2336 1251 2613 1322 Εὐτυχοῦς
2642 1252 2721 1314 εἰς
2754 1250 2934 1317 πάντη
2974 1248 3258 1317 ἐλάχιστον
3308 1243 3687 1315 περιέστησαν
3718 1242 3815 1293 τὸν

2220 1347 2475 1419 ἀριθμόν.
2524 1346 2633 1399 Καὶ
2667 1343 2970 1414 μελλόντων
3013 1342 3138 1393 ὅσον
3168 1338 3382 1393 οὐδέπω
3414 1337 3664 1389 ἐκλιπεῖν
3699 1334 3817 1387 ἀπὸ

2218 1444 2317 1511 τῆς
2350 1445 2475 1513 γῆς,
2513 1441 2655 1494 ὥστε
2689 1440 2761 1509 μὴ
2801 1438 3071 1509 ὑπάρχειν
3102 1435 3321 1498 αὐτοὺς,
3357 1434 3590 1494 Ξεναῒας
3620 1429 3745 1500 (47)
3786 1431 3815 1482 ό

2220 1535 2313 1590 τοῦ
2342 1535 2475 1588 Θεοῦ
2529 1533 2683 1600 ξένος
2713 1530 2931 1601 ἀληθῶς
2956 1570 2969 1591 ,
3001 1528 3102 1581 οὐκ
3131 1526 3352 1596 οἴδαμεν
3377 1525 3432 1577 τί
3473 1521 3735 1587 σκοπῶν,
3777 1522 3809 1590 ἦ

2222 1627 2379 1682 ποίαν
2409 1627 2608 1697 ἔχθραν
2640 1624 2777 1694 πρὸς
2799 1621 3098 1675 Φλαὸιανὺν
3142 1618 3403 1681 ἐκδικῶν,
3438 1614 3724 1687 προφάσει
3757 1613 3811 1667 δὲ

2221 1719 2323 1789 τῆς
2353 1719 2611 1782 πίστεως,
2648 1718 2723 1779 ὠς
2745 1718 2793 1768 οἱ
2828 1713 3015 1767 πολλοὶ
3045 1710 3378 1783 διηγοῦνται,
3405 1709 3579 1761 κινεῖν
3615 1706 3664 1737 ⁷⁵
3713 1704 3809 1775 μὲν

546 1832 695 1876 textu
733 1832 913 1877 tamen
957 1822 1106 1886 ﬁdei,
1155 1832 1214 1876 ut
1263 1823 1516 1893 plerique
1552 1832 1800 1885 narrant,
1854 1821 2122 1875 adversus

2227 1813 2363 1884 πρὸς
2397 1811 2558 1864 αὑτὸν
2586 1810 2680 1863 καὶ
2702 1808 3010 1863 διαϐάλλειν
3047 1806 3275 1877 ἄρχεται
3305 1804 3381 1868 ὡς
3414 1801 3796 1871 Νεστοριανόν.

545 1929 672 1970 eum
716 1916 1073 1978 commoveri,
1126 1930 1365 1984 eumque
1421 1925 1682 1983 tanquam
1729 1914 2117 1968 Nestorianum

2227 1880 2467 1958 ’ἐκείνου
2500 1904 2556 1957 δὲ
2586 1902 2883 1973 Νεστόριον
2910 1901 3006 1954 σὺν
3036 1898 3115 1969 τῷ
3143 1898 3451 1969 φρονήματι
3471 1893 3795 1964 ἀναθεματεο

550 2007 881 2060 calumniari
925 2007 1111 2075 cmpit.
1146 2006 1256 2061 Sed
1305 2021 1430 2060 cum
1461 2006 1554 2061 ille
1598 2006 1911 2061 Nestorium
1957 2006 2122 2060 simul

548 2097 778 2165 ejusque
843 2096 1159 2165 opinionem
1223 2097 1325 2150 sub
1381 2097 1732 2150 anathemate
1786 2096 2120 2161 damnasset,

550 2189 810 2253 Xenaias,
829 2188 1022 2242 relicto
1049 2188 1324 2253 Nestorio,
1357 2188 1425 2242 ad
1469 2189 1792 2243 Dioscorum
1822 2196 2125 2259 transgres-

551 2297 645 2335 sus
664 2290 770 2345 est,
790 2289 847 2335 et
867 2281 935 2334 ad
964 2279 1315 2334 Theodorum
1342 2295 1405 2334 ac
1430 2278 1848 2341 Theodoritum,
1878 2287 1933 2332 et
1950 2277 2120 2342 Ibam,

550 2389 617 2428 ac
637 2372 862 2444 Cyrum,
894 2381 950 2425 et
995 2372 1399 2436 Eleutherium,
1448 2386 1511 2424 ac
1539 2370 1827 2434 Joannem,
1879 2370 2125 2439 aliosque

554 2464 742 2518 nescio
767 2478 910 2533 quos
933 2478 1037 2516 nec
1060 2463 1205 2517 unde
1228 2464 1491 2517 collectos
1522 2481 1535 2515 :
1564 2480 1631 2518 ex
1660 2463 1865 2532 quibus
1901 2462 2127 2532 quidam

554 2556 793 2612 Nestorii
830 2556 1026 2626 dogma
1082 2571 1140 2609 re
1191 2571 1321 2609 vera
1369 2555 1563 2610 sectati
1608 2554 1865 2621 fuerant;
1902 2555 2127 2625 quidam

554 2661 689 2701 vero
712 2662 839 2701 cum
874 2646 929 2700 in
956 2646 1327 2716 suspicionem
1353 2647 1472 2717 ejus
1502 2646 1582 2700 rei
1610 2647 1914 2712 venissent,
1939 2657 2129 2717 postea

556 2739 702 2793 idem
753 2740 947 2810 dogma
992 2740 1095 2794 sub
1127 2739 1475 2794 anathemate
1518 2738 1934 2805 damnaverant,
1980 2748 2035 2793 et
2077 2742 2132 2795 in

558 2832 819 2888 Ecclesia:
846 2832 1235 2887 communione
1274 2841 1583 2886 extremum
1624 2832 1769 2886 diem
1800 2832 2129 2887 clauserant.

472 2972 477 2975 χ
560 2925 690 2988 Hos,
743 2924 942 2994 inquit,
983 2939 1175 2978 omnes
1204 2924 1514 2978 Nestoriani
1539 2923 1810 2993 dogmatis
1834 2934 2135 2979 assertores

560 3017 666 3071 nisi
701 3017 1272 3081 anathematizaveris,
1314 3016 1679 3071 Nestorianus
1723 3031 1808 3081 es,
1863 3016 1995 3071 licet
2024 3016 2136 3071 Ne-

561 3107 795 3161 storium
826 3106 1027 3160 millies
1053 3122 1178 3162 cum
1201 3107 1457 3160 doctrina
1481 3106 1656 3176 ipsius
1679 3106 2132 3161 anathematizes.

2225 2014 2439 2059 σαντος.
2495 1995 2781 2066 μετέὸαινε
2827 1993 2989 2048 πάλιν
3024 1991 3083 2056 ἐξ
3115 1991 3327 2045 ἐκείνου
3379 1988 3470 2041 ἐπὶ
3514 1986 3801 2056 Διόσκορον

2224 2090 2321 2144 καὶ
2352 2088 2626 2157 Θεόδωρον
2662 2085 2775 2157 (48)
2806 2087 2901 2139 καὶ
2946 2084 3279 2154 Θεοδώριτον
3300 2125 3314 2149 ,
3346 2081 3441 2135 καὶ
3468 2078 3625 2134 Ἴδαν
3646 2116 3664 2143 ,
3718 2078 3811 2130 καὶ

2224 2184 2429 2253 Κύρου,
2459 2182 2553 2235 καὶ
2572 2178 2912 2250 Ἐλευθέριον
2943 2176 3056 2249 (I9)
3077 2217 3092 2238 ,
3123 2177 3218 2229 καὶ
3246 2175 3504 2245 Ἰωάννην
3531 2215 3547 2241 ,
3578 2172 3675 2226 καὶ
3709 2170 3813 2224 οὐκ

2230 2275 2387 2344 ἴσμεν
2416 2272 2672 2334 οὕστινας
2699 2272 2795 2324 καὶ
2848 2270 2972 2323 ὅθεν
3006 2268 3401 2339 συλλεξάμενος
3434 2286 3449 2301 ο
3478 2262 3553 2323 ὧν
3582 2271 3632 2323 oi
3664 2271 3766 2341 μὲν
3790 2313 3807 2337 ,

2226 2367 2294 2419 τὰ
2327 2364 2620 2435 Νεστορίου
2666 2362 2884 2434 ἀληθῶς
2914 2362 3288 2433 ἐπρέσϐευσαν
3318 2375 3331 2389 ⁸
3369 2362 3418 2414 οἱ
3440 2361 3523 2425 δὲ,
3577 2362 3806 2433 ὑπονοη-

2230 2456 2412 2518 θέντες
2436 2455 2856 2527 ἀνεθεμάτισαν,
2880 2454 2975 2507 καὶ
2997 2456 3053 2507 έν
3074 2456 3141 2523 τῇ
3160 2452 3417 2524 κοινωνίᾳ
3446 2453 3535 2521 τῆς
3566 2453 3801 2525 Ἐκκλη-

2233 2551 2353 2614 σίας
2382 2550 2762 2620 κεκοίμηνται.
2814 2547 3053 2611 Τούτους
3097 2549 3307 2611 πάντας
3349 2549 3418 2602 τὰ
3470 2549 3767 2617 Νεπορὶου
3792 2590 3809 2617 ,

2232 2642 2385 2712 φησὶ,
2414 2642 2717 2711 νοήσαντας
2739 2678 2754 2705 ,
2790 2641 2839 2693 εἰ
2868 2640 2942 2711 μὴ
2974 2640 3429 2710 ἁναθεματίσειας
3450 2682 3463 2704 ,
3496 2640 3567 2694 τὰ
3607 2641 3812 2694 Νεστος

2236 2735 2350 2806 ρίου
2381 2736 2618 2803 φρονεῖς,
2652 2732 2757 2786 κᾶν
2780 2732 3040 2803 μυριάκις
3060 2731 3224 2784 αὐτὸν
3255 2732 3392 2801 μετὰ
3418 2730 3511 2784 τοῦ
3534 2732 3817 2801 φρονήμα-

2233 2843 2325 2889 τος
2358 2824 2784 2896 ἀναθεματίζῃς.
2812 2824 3079 2877 Ἀνεκίνει
3121 2824 3178 2877 δὲ
3215 2824 3304 2878 διὰ
3341 2824 3693 2894 γραμμάτων
3724 2823 3815 2877 καὶ

2235 2918 2362 2982 τοὺς
2378 2917 2487 2970 ἀπὸ
2517 2918 2814 2988 Διοσκόρου
2838 2916 2932 2970 καὶ
2956 2916 3229 2987 Εὑτυχοῦς
3262 2915 3599 2988 συνηγόρους
3617 2914 3818 2968 πεὶθων

2238 3010 2573 3080 συνάρασθαι
2609 3011 2707 3081 μὲν
2735 3010 2883 3080 αὐτῷ
2931 3009 3072 3063 κατὰ
3110 3010 3412 3064 Φλαϐιανοῦ
3440 3048 3456 3074 ,
3500 3008 3578 3079 μὴ
3635 3009 3819 3077 μέντοι

2238 3106 2684 3177 ἀναθεματισμδν
2724 3108 2979 3160 ἀπαιτεῖν
3033 3106 3131 3175 τῆς
3184 3104 3453 3168 συνόδου,
3515 3103 3658 3157 ἀλλά
3718 3102 3822 3154 τῶν

562 3199 795 3268 Scriptis
824 3197 993 3252 etiam
1029 3198 1230 3252 litteris
1254 3197 1322 3252 ad
1351 3197 1596 3253 fautores
1638 3199 1888 3253 Dioscori
1926 3206 1985 3254 et
2025 3198 2124 3252 Eu«

2244 3202 2657 3270 προειρημένων
2689 3199 3019 3271 προσώπων.
3051 3196 3159 3251 Τοῦ
3176 3197 3232 3251 δὲ
3262 3198 3561 3251 ἐπισκόπου
3582 3194 3821 3248 Φλάϐιος

564 3288 761 3359 tychis,
782 3302 878 3341 eos
901 3288 1221 3352 concitavit,
1254 3287 1496 3342 suadens
1523 3288 1626 3351 eis,
1650 3299 1710 3343 ut
1741 3288 1847 3343 sibi
1868 3287 2137 3343 adversus

565 3382 887 3435 Flavianum
945 3380 1152 3434 auxilio
1204 3389 1413 3444 essent,
1458 3380 1856 3450 exigerentque
1918 3379 1989 3434 ab
2052 3395 2141 3445 eo,

2242 3292 2334 3347 νοῦ
2355 3291 2567 3356 τούτοις
2592 3293 2685 3346 ἐπὶ
2719 3293 2855 3346 πολὺ
2884 3293 3286 3354 ἀντιτείναντος
3306 3331 3321 3355 ,
3356 3290 3442 3343 έτέ
3453 3307 3561 3361 ρων
3586 3306 3647 3341 τε
3689 3288 3825 3359 μετὰ

2241 3384 2463 3437 Ξεναῒου
2497 3384 2965 3454 συμπλεκομένων
2987 3382 3111 3437 κατ’
3141 3381 3308 3437 αὐτοῦ
3332 3421 3347 3445 ,
3380 3380 3693 3434 Ἐλευσίνου
3729 3378 3826 3451 μὲν

564 3492 675 3529 non
704 3474 930 3545 quidem
952 3473 1204 3543 utipsam
1222 3473 1515 3545 synodum,
1534 3473 1632 3529 sed
1666 3484 1726 3530 ut
1752 3490 1848 3529 eas
1879 3474 2120 3530 duntaxa

2243 3476 2549 3530 ἐπισκόπου
2577 3476 2691 3547 (50)
2722 3477 2869 3539 τινὸς
2911 3476 3013 3547 τῆς
3062 3475 3327 3547 δευτέρας
3381 3473 3823 3535 Καππαδοκίας,

1871 3615 2110 3672 VARUS
2151 3616 2557 3677 LECTIONES.

640 3711 687 3741 ⁷⁵
720 3712 881 3763 κινεῖ.

1774 3802 2047 3861 VALESII
2080 3804 2632 3864 ANNOTATIONES.

570 3897 619 3951 si
649 3897 872 3968 Petrum
900 3896 1303 3951 Antiochenum
1337 3897 1444 3952 hoc
1469 3897 1591 3951 loco
1616 3897 1892 3968 designari
1931 3899 2143 3954 dixeri-

573 3983 716 4028 mus,
755 3967 947 4039 cadem
977 3968 1086 4039 erit
1110 3968 1422 4023 diliicultas.
1448 3968 1649 4039 verum
1679 3967 2004 4038 reSponderi
2051 3986 2147 4039 po-

574 4048 682 4092 test
713 4037 1016 4091 monachos
1048 4038 1138 4092 hic
1162 4039 1323 4108 loqui
1348 4054 1458 4092 non
1496 4038 1564 4091 de
1595 4039 1730 4108 ipsis
1768 4037 2114 4106 patriarchis,

574 4108 669 4162 sed
698 4108 765 4160 de
792 4108 1001 4179 integra
1036 4108 1293 4168 dioecesi.
1334 4118 1390 4163 et
1409 4108 1476 4161 de
1496 4111 1728 4163 maxima
1750 4120 1904 4178 parte
1932 4112 2149 4179 episco—

576 4176 967 4247 porum.Certe
991 4189 1113 4247 post
1132 4189 1361 4233 mortem
1390 4180 1534 4232 Petri
1560 4176 1934 4242 Alexandrini,
1959 4176 2149 4235 Orien-

578 4249 714 4302 tales
756 4249 1043 4316 episcopos
1097 4250 1540 4303 communionem
1599 4250 1857 4304 Ecclesia:
1890 4251 2149 4307 Romana:

576 4318 872 4440 pxlpetiisse
899 4328 1126 4387 apparet
1142 4334 1207 4373 ex
1230 4319 1464 4389 epistola
1478 4318 1677 4374 Gelasii
1700 4336 1851 4391 papae
1871 4320 1939 4374 ad
1950 4320 2148 4376 Orien-

606 4404 633 4440 a
660 4403 737 4440 es.

581 4398 737 4441 tales.

651 4457 760 4527 (46)
821 4458 943 4514 Τῶν
986 4457 1251 4514 Δυτικῶν
1284 4458 1685 4528 ἀνεχομένων.
1746 4459 2012 4515 Addenda
2067 4472 2151 4518 est

578 4530 781 4601 procul;
821 4530 991 4585 dubio
1043 4530 1313 4600 particula
1358 4532 1639 4601 negativa.
1668 4532 1773 4586 hoc
1809 4531 1996 4595 modo,
2039 4533 2149 4585 τῶν

580 4598 823 4673 duntton
876 4601 950 4673 μὴ
1000 4598 1896 4673 ἀνεχομένων,Ψξμιοιηίιὼηοάυῐη
1947 4602 2149 4673 legitur

579 4670 724 4740 apud
756 4670 983 4740 Niceph.
1006 4680 1062 4725 et
1088 4672 1142 4723 in
1172 4671 1363 4727 codice
1388 4670 1717 4727 Telleriano.

653 4740 767 4813 (47)
796 4742 1070 4813 Ξεναῖιις.
1089 4741 1221 4813 Erat
1250 4742 1337 4796 hic
1352 4744 1646 4813 cpiscopus
1678 4742 2147 4812 Hierapolitanus,

581 4826 613 4863 a
640 4811 802 4865 Petro
840 4812 1065 4865 Fullone
1093 4811 1402 4875 ordinatus,
1433 4811 1678 4883 quiialio
1708 4811 1929 4868 nomine
1969 4814 2154 4868 Philo-

583 4897 759 4953 xenus
808 4882 1229 4953 dieebatur.De
1264 4883 1368 4937 hoc
1418 4882 1678 4953 pestifero
1718 4885 1939 4940 homine
1985 4886 2155 4940 multa

584 4952 790 5023 habent
821 4953 1095 5023 Theoph.,
1115 4952 1378 5017 Cedren.,
1412 4952 1643 5023 Niceph.
1672 4965 1729 5011 et
1754 4956 1868 5010 alii.

658 5022 941 5147 (48))Ἐπὶ
977 5027 1306 5091 Διόσκορον
1336 5025 1435 5076 καὶ
1468 5022 1788 5093 Θεόδωρον.
1810 5027 1927 5083 Νοη
1951 5025 2151 5080 dubito

665 5094 719 5146 in
798 5093 995 5147 ioscori
1031 5110 1230 5147 nomen
1272 5094 1379 5147 hoc
1436 5094 1559 5147 Ioco
1588 5112 1877 5147 nerneram
1915 5098 2151 5147 nosilum

583 5094 719 5166 quin
750 5093 997 5166 Dioscori
1031 5110 1230 5166 nomen
1254 5094 1559 5166 rhoc__Ioco
1588 5112 1877 5166 perperam
1915 5098 2155 5165 positum

586 5165 660 5216 sit
706 5180 811 5232 pro
868 5164 1090 5218 Diodori
1118 5165 1360 5218 nomine.
1389 5164 1575 5234 Neque
1626 5164 1773 5220 enim
1833 5164 2151 5221 Dioscorum

586 5235 921 5305 anathemati
949 5235 1144 5305 subjici
1170 5236 1391 5289 volebat
1418 5235 1655 5290 Xenaias
1681 5237 1939 5291 inimicus
1989 5238 2154 5291 Chal-

587 5304 916 5376 cedonensis
968 5304 1161 5376 synodi
1193 5322 1207 5358 :
1238 5306 1332 5359 sed
1397 5306 1696 5360 Diodorum
1727 5307 2049 5362 Tarsensem
2100 5315 2156 5362 et

590 5377 855 5445 reliquos.
880 5375 957 5429 Ita
988 5375 1137 5430 eerte
1156 5376 1345 5430 Victor
1379 5376 1728 5431 Tunonensis
1773 5379 1827 5430 in
1871 5378 2150 5431 Chronico.

595 5464 614 5496 ι
644 5446 854 5500 Joanne
892 5446 1069 5501 Gibbo
1093 5461 1209 5500 cos.
1234 5447 1554 5501 Anastasius
1594 5447 1727 5515 imp.
1753 5447 2014 5501 Flaviano
2040 5450 2153 5502 An-

591 5517 869 5583 tiocheno,
900 5525 972 5573 et
1006 5516 1310 5572 Philoxeno
1368 5515 1783 5586 Hierapolitano
1826 5519 2155 5587 prazsulibus

2180 4712 2226 4768 D

2247 3898 2785 3967 ConstantinOpolim
2831 3896 3100 3968 synodum
3151 3902 3448 3968 congregat
3483 3909 3496 3943 :
3530 3901 3588 3945 et
3637 3900 3831 3944 contra

2249 3971 2547 4027 Diodorum
2583 3964 2907 4022 Tarsensem
2931 3978 2987 4023 et
3010 3964 3360 4021 Theodorum
3382 3964 3830 4030 Mopsuestenum

2249 4058 2373 4096 cum
2409 4040 2651 4112 scripti_s,
2686 4039 3083 4112 Theodoritum
3102 4036 3252 4107 Cyri,
3280 4035 3429 4112 Ibam
3458 4033 3829 4112 Edessenum,

2250 4105 2549 4174 Andream,
2587 4109 2945 4182 Eucherium,
2981 4105 3200 4182 Cyrum
3230 4116 3286 4182 et
3311 4105 3579 4182 Joannem
3613 4105 3832 4182 episco-

2292 4198 2374 4245 os,
2398 4189 2736 4249 caeterosque
2769 4181 2904 4234 alios
2933 4174 3044 4249 qui'
3065 4178 3119 4231 in
3143 4176 3533 4249 Christoduas
3567 4174 3835 4249 praedica-

2292 4198 2374 4245 os,
2398 4198 2736 4249 caeterosque
2769 4198 2904 4234 auos
2933 4198 3028 4249 qui
3065 4198 3119 4231 in
3143 4198 3366 4233 ωιτιδιυ
3393 4198 3533 4229 uuas
3567 4198 3833 4243 prauum:-

2252 4198 2386 4307 Bant
2410 4262 2656 4314 naturas,
2687 4250 2935 4320 duasque
2963 4250 3184 4320 formas,
3213 4256 3271 4303 et
3296 4247 3389 4315 qui
3422 4260 3534 4299 non
3558 4244 3833 4320 confitcn-

2251 4333 2342 4377 tur
2372 4337 2541 4376 unum
2579 4321 2647 4375 de
2676 4313 2947 4375 Trinitate
2981 4313 3330 4381 crucifixum,
3357 4332 3464 4371 una
3488 4329 3616 4370 cum
3651 4313 3833 4367 Leone

2249 4393 2511 4462 episcopo
2538 4393 2697 4446 Rom.
2720 4400 2776 4445 et
2794 4393 2916 4462 ejus
2938 4401 3109 4454 tomo,
3134 4400 3298 4462 atque
3328 4384 3590 4462 Chalced.
3622 4384 3834 4462 sinum»

2254 4455 2459 4517 inferre
2494 4462 2785 4516 anathema
2821 4455 3114 4531 persuasit.
3144 4455 3301 4514 Idem
3326 4457 3621 4514 conﬁrmat
3653 4455 3833 4509 Theo-

2254 4533 2465 4605 phanes
2485 4534 2541 4587 in
2572 4531 2855 4605 Chronico,
2887 4549 3010 4605 pag.
3047 4532 3171 4605 I5_I.

2332 4549 2465 4587 anes
2485 4550 2541 4587 in
2576 4549 2855 4595 urromco,
2887 4549 3010 4656 pag.
3047 4549 3171 4585 τοι.
3352 4600 3362 4611 ⁸

2330 4605 2440 4673 (49)
2479 4604 2585 4658 Καὶ
2614 4604 2809 4669 Κῦρον
2830 4605 2926 4656 καὶ
2992 4602 3266 4666 ’ὺθέριοικ
3304 4602 3491 4656 Victor
3524 4598 3835 4673 Tunonen-

2257 4670 2431 4730 sis‘in'
2462 4673 2716 4730 Chronico
2754 4674 2985 4740 Quirum
3009 4681 3064 4727 et
3087 4672 3422 4727 Eucherium
3453 4670 3743 4731 nominat,
3784 4678 3837 4721 ut

2256 4761 2422 4815 supra
2454 4745 2714 4810 vidimus,
2734 4746 2827 4799 ubi
2849 4744 3052 4809 Quirus
3072 4744 3299 4815 ponitur
3335 4760 3432 4815 pro
3448 4741 3837 4815 Cyro,_quem-

2255 4810 2551 4870 admodum
2613 4816 2669 4869 in
2713 4816 2965 4883 epistolis
2993 4815 3051 4867 Β.
3073 4810 3360 4868 Ἀηώι-ιιείἶ
3401 4810 3711 4883 Quinegius
3744 4825 3838 4879 pro

2252 4886 2499 4957 Cinegio.
2538 4887 2710 4941 Porro
2740 4881 2970 4956 Niceph.
3007 4887 3112 4939 hoc
3140 4885 3264 4940 Ioco
3287 4900 3386 4953 pro
3410 4881 3685 4937 Eutherio
3716 4883 3839 4934 sub-

2254 4959 2437 5012 stituit
2471 4957 2877 5011 Eleutherium.

2325 5028 2435 5096 (50)
2478 5028 2837 5081 Ἐλευσίνου
2859 5027 2976 5094 μὲν·
2996 5027 3351 5080 ἐπισκόπου.
3387 5024 3563 5093 Hujus
3601 5021 3835 5096 Eleusi—

2253 5098 2309 5152 ni
2334 5094 2592 5151 meminit
2620 5097 2907 5151 Liberatus
2934 5098 2987 5151 in
3019 5099 3317 5152 Breviario.
3340 5112 3462 5164 cap.
3490 5098 3575 5155 I9,
3601 5094 3691 5147 his
3724 5108 3840 5144 ver-

2256 5167 2364 5229 bis,
2395 5168 2462 5222 de
2520 5168 2726 5221 Severo
2758 5167 2992 5236 loquens
3018 5187 3030 5222 :
3067 5168 3151 5222 Ila
3197 5177 3253 5220 ιιι
3284 5168 3344 5220 ob
3389 5169 3482 5218 hoc
3514 5166 3768 5236 scriberet
3794 5170 3840 5236 ct

2255 5240 2357 5310 ipsi
2385 5237 2660 5310 Flaviano,
2700 5234 3016 5308 sicut—ipsius
3040 5237 3373 5310 signiﬁcatur
3408 5234 3667 5310 epistolis,
3702 5244 3750 5310 et
3776 5234 3839 5284 ad

2314 5325 2539 5362 aronam
2599 5306 2882 5371 lectorem,
2919 5318 2968 5363 et
3028 5306 3342 5363 Eleusinum
3400 5316 3448 5359 et
3503 5306 3839 5360 Eat/iretium

2258 5381 2543 5450 episcopos,
2581 5387 2629 5431 et
2653 5380 2721 5431 ad
2753 5378 3137 5433 OEcumenium
3168 5378 3543 5450 scholasticam
3590 5376 3836 5450 [satur-ire“.

2258 5397 2284 5432 e
2324 5397 2543 5450 iscopos,
2581 5397 2629 5431 et
2653 5397 2721 5431 aa
2753 5397 3137 5433 uncumemum
3168 5397 3543 5433 scnomsncum
3590 5397 3836 5429 lsuurm'.

2256 5397 2517 5519 E‘jusdem
2548 5450 2798 5503 meminit
2829 5450 3195 5520 Theophanes
3220 5451 3273 5503 in
3310 5449 3584 5510 Chronico,
3605 5518 3612 5520 _
3637 5462 3691 5516 p.
3749 5443 3840 5520 l28

2257 5516 2521 5575 editionis
2553 5520 2736 5591 Regia
2766 5537 2781 5587 ;
2814 5516 3170 5592 cujus—verba
3192 5521 3518 5575 Anastasius
3540 5516 3841 5572 Bibliothe-

2022 5628 2413 5685 VARIORUM.

590 5725 837 5798 loquitur
857 5724 1150 5798 Evagrius,
1169 5722 1237 5779 de
1256 5722 2082 5798 separationeDioscoritarum,
2103 5733 2163 5779 ut

590 5793 689 5853 eos
735 5806 895 5852 vocat
927 5793 1370 5874 _IJiberatus,_ab
1418 5793 1665 5874 Ecclesia
1679 5793 2158 5874 intelligendum:

593 5882 717 5939 qua:
764 5866 969 5923 mansit
1021 5881 1194 5938 usque
1224 5864 1293 5921 ad
1344 5874 1597 5935 tempora
1629 5864 1876 5921 Dioscori
1900 5866 2160 5935 junioris,

2266 5725 2363 5794 qui
2417 5740 2566 5779 anno
2617 5726 2723 5780 517
2754 5726 2938 5781 sedem
2992 5726 3415 5782 Alexandrinam
3468 5723 3701 5794 adeptus
3734 5732 3833 5778 est.

2266 5795 2413 5867 Vide
2458 5796 2697 5853 Liberali
2746 5797 3081 5853 Breviarium
3117 5839 3132 5864 ,
3192 5797 3261 5853 ad
3323 5798 3511 5863 tinem,
3571 5812 3692 5867 cap.
3752 5797 3832 5847 I5.

2268 5866 2356 5921 W.
2393 5865 2609 5921 Lowru.
