4048 6540
514 410 656 475 2663

1718 397 2036 462 EVAGRII
2077 397 2564 461 SCHOLASTICI

3636 394 3795 458 9.661

518 523 628 578 illis
655 519 792 575 falso
820 518 1111 574 conﬁctam
1142 509 1263 572 esse
1293 514 1504 578 dicens,
1539 511 1702 566 aliam
1727 511 1940 581 profert
1966 509 2094 564 abs-

2211 508 2419 578 Ἐφέσῳ
2446 509 2584 580 (55’)
2614 507 2908 578 Νεστόριον
2936 503 3269 574 καθελούσης
3309 501 3569 574 μνησθεὶς
3587 542 3605 568 ,
3641 503 3792 572 μήτε

515 631 624 685 que
662 612 978 684 hujusmodi
1010 608 1491 665 anathematismo.
1527 607 1717 676 Neque
1746 604 1810 659 id.
1847 604 2087 658 mirum:

515 720 652 759 nam
695 713 752 758 et
811 702 984 756 libros
1039 708 1354 754 sanctorum
1411 699 1636 753 Patrum
1711 708 2092 766 saepenumero

515 803 908 867 corruperunt.
956 793 1158 848 Multos
1242 807 1462 861 quoque
1531 787 1869 860 Apollinaris
1924 787 2098 841 libros

518 876 820 946 Athanasio
851 897 909 944 et
945 887 1211 957 Gregorio
1241 886 1676 952 Thaumaturgo,
1711 891 1766 937 et
1785 880 1932 936 J-ulio
1956 879 2094 934 falso

515 983 913 1051 ascripserunt.
976 979 1189 1046 Quibus
1226 977 1503 1049 praecipue
1552 975 1712 1029 libris
1772 970 2088 1026 multitudi-

517 1091 642 1130 nem
677 1076 732 1128 in
759 1073 967 1129 erroris
999 1074 1085 1127 sui
1127 1072 1446 1126 societatem
1482 1067 1776 1123 inducunt.
1821 1064 1930 1121 Sed
1965 1073 2022 1119 et
2062 1079 2095 1119 a

517 1165 840 1221 Macedonio
888 1163 1322 1235 chirographum
1382 1159 1510 1215 ﬁdei
1563 1175 1675 1214 sua:
1716 1157 2094 1229 postularunt.

516 1260 619 1326 Qui
644 1257 867 1329 quidem
889 1273 1008 1313 eam
1039 1248 1315 1326 exposuit,
1336 1253 1615 1308 aﬁirmans
1635 1267 1694 1306 se
1716 1258 2106 1306 trecentorum.

2197 601 2296 670 τῆς
2319 599 2378 652 ὲν
2409 598 2713 669 Καλχηδόνι
2741 596 3082 667 καθελούσης
3133 595 3225 649 τὸν
3276 592 3516 664 Εὐτυχῆ.
3563 593 3692 662 Ἐφ’
3748 583 3798 659 ᾧ

2197 694 2656 764 ἀγανακτήσαντα
2688 691 2756 744 τὰ
2781 690 2911 762 περὶ
2929 690 3031 759 τὴν
3063 687 3474 742 Κωνσταντινου
3500 686 3667 742 πόλιν
3688 702 3798 754 μο-

2198 787 2468 858 ναστήρια
2490 827 2505 851 ,
2545 787 2870 854 ἀφίστανται
2900 782 3014 855 (56)
3063 781 3157 836 τυῦ
3192 781 3494 834 ἐπισκόπου
3520 777 3798 834 Μακεδο-

2199 879 2336 933 νίου.
2377 878 2465 930 Ἐν
2518 878 2724 939 τούτοις
2752 877 2781 930 ὅ
2813 893 2874 931 τε
2917 873 3146 937 Ξεναῖας
3183 874 3280 927 καὶ
3322 873 3610 944 Διόσκορος
3670 870 3799 940 (57)

2200 971 2429 1034 πολλοὺς
2463 969 3012 1041 προσλαμϐανόμενοι
3047 967 3159 1020 τῶν
3188 965 3530 1030 ἐπισκόπων,
3560 963 3802 1034 ἀφόρη-

2200 1082 2283 1119 τοι
2311 1061 2475 1137 ἦσαν,
2513 1064 2791 1129 κινοῦντες
2816 1065 2962 1118 κατὰ
2989 1063 3094 1118 τῶν
3123 1064 3197 1135 μὴ
3221 1063 3564 1133 ἀνεχομένων
3580 1059 3799 1116 ἀναθε-

2205 1157 2472 1228 ματίζειν.
2507 1149 2610 1212 Ὧν
2635 1158 2763 1221 τοὺς
2785 1159 2865 1222 είς
2906 1159 3060 1222 τέλος
3095 1158 3171 1230 μὴ
3200 1159 3526 1218 ὑπείκοντας
3546 1199 3560 1216 ,
3595 1155 3802 1224 ὲξορῑα

2199 1248 2604 1304 ὑποδάλλεσθαι
2637 1249 2864 1314 πολλαῖς
2902 1253 3172 1321 μηχαναῖς
3204 1246 3644 1319 παρεσκεύαζον.
3685 1242 3800 1298 Οὖ-

515 1360 573 1405 et
594 1350 903 1405 octodecim
923 1356 1241 1404 sanctorum
1259 1346 1505 1408 Patrum,
1531 1351 1588 1397 et
1605 1352 1824 1397 centum
1847 1357 1913 1396 ac
1935 1340 2100 1411 quin-

2209 1359 2306 1408 υως
2335 1340 2430 1398 οὖν
2467 1347 2562 1398 καὶ
2606 1345 2946 1400 Μακεδόνιον
2990 1345 3294 1418 ἐξορίζουσι
3323 1386 3339 1410 ,
3385 1346 3478 1399 καὶ
3520 1344 3797 1410 Ἰωάννην

516 1441 779 1513 quaginta
815 1440 976 1495 ﬁdem
1020 1440 1195 1494 solam
1235 1452 1400 1492 nosse
1447 1453 1460 1490 :
1498 1436 1815 1491 Nestorium
1861 1449 1995 1489 vero
2040 1441 2097 1488 et

2209 1435 2291 1489 τὸν
2324 1435 2535 1490 Παλτοῦ
2573 1436 2685 1508 (58)
2717 1437 3016 1490 ἐπίσκοπον
3045 1477 3061 1504 ,
3100 1437 3197 1491 καὶ
3240 1435 3559 1490 Φλαὸιανὸν.
3596 1431 3794 1487 Ταῦτα

517 1534 821 1605 Eutychem
848 1531 1188 1587 anathemati
1230 1530 1557 1602 subjiciens,
1582 1527 1745 1600 365
1763 1541 1972 1597 eosque
1998 1527 2094 1597 qui

2209 1529 2303 1598 μὲν
2332 1525 2424 1582 οὖν
2450 1529 2518 1583 τὰ
2533 1530 2842 1600 γράμματα
2870 1531 3038 1599 λέγει.

518 1632 660 1686 duos
696 1631 860 1685 Fiiios
884 1640 939 1683 et
969 1628 1110 1683 duos
1136 1627 1390 1683 Christos
1418 1635 1694 1686 asserunt,
1729 1634 1825 1679 aut
1847 1625 1940 1694 qui
1971 1634 2198 1680 naturas
2219 1624 2510 1680 dividunt:
2536 1627 2685 1681 nulla
2714 1637 2896 1681 tamen
2951 1627 3231 1683 mentione
3271 1626 3410 1681 facta
3453 1641 3554 1680 nec
3615 1622 3800 1694 Epheo

519 1725 652 1781 sinas
695 1721 890 1794 synodi
935 1737 1057 1792 quae
1095 1720 1413 1776 Nestorium
1459 1717 1738 1789 deposuit,
1785 1731 1890 1772 nec
1934 1715 2406 1773 Chalcedonensis
2475 1718 2531 1772 in
2611 1734 2717 1788 qua
2760 1718 3046 1788 depositus
3125 1727 3210 1775 est
3281 1718 3586 1790 Eutyches.
3633 1715 3794 1782 Quod

519 1833 644 1873 cum
676 1832 821 1887 aagre
853 1815 1064 1869 ferrent
1084 1813 1418 1867 monasteria
1451 1826 1575 1881 qua:
1629 1817 1787 1865 erant
1848 1809 1997 1864 circa
2052 1807 2612 1880 Constantinopolim,
2664 1828 2694 1866 a
2733 1812 3123 1868 communione
3168 1812 3473 1868 Macedonii
3542 1812 3790 1884 episcwi

519 1915 895 1970 desciverunt.
965 1913 1180 1967 Interea
1249 1909 1490 1964 Xenaias
1526 1917 1586 1964 et
1623 1907 1940 1969 Dioscorus,
1985 1905 2175 1962 multis
2212 1907 2489 1978 episcopis
2523 1907 2629 1965 sibi
2679 1909 2976 1979 adjunctis,
3015 1908 3394 1963 intolerabiles
3440 1917 3627 1974 erant,
3665 1909 3784 1963 dum

521 2010 793 2067 tumultus
840 2009 1186 2064 concitarent
1227 2007 1498 2062 adversus
1547 2019 1644 2059 eos
1685 2003 1781 2074 qui
1828 2001 2099 2074 synodum
2154 2003 2496 2059 anathemati
2572 2004 2849 2076 subjicere
2897 2006 3248 2061 recusabant.
3300 2005 3380 2060 Ex
3448 2006 3664 2076 Quibus
3701 2023 3790 2061 eos

519 2106 615 2177 qui
646 2104 714 2159 ad
739 2104 902 2159 ﬁnem
933 2117 1108 2172 usque
1132 2101 1269 2172 ipsis
1293 2115 1404 2155 non
1420 2106 1726 2164 cesserant,
1753 2096 1946 2152 multis
1981 2095 2490 2152 machinationibus
2557 2098 2613 2155 in
2644 2099 2900 2155 exsilium
2938 2099 3062 2172 ejici
3121 2107 3403 2155 curarunt.
3470 2097 3588 2154 Hoc
3626 2100 3793 2169 igitur

519 2197 687 2253 modo
721 2195 1126 2261 Macedonium,
1158 2205 1215 2250 et
1256 2194 1526 2252 Joannem
1564 2194 1887 2266 episcopum
1931 2194 2096 2262 Palti,
2135 2205 2192 2252 et
2224 2196 2546 2252 Flavianum
2595 2198 2650 2252 in
2688 2198 2943 2253 exsilium
2975 2197 3224 2253 trudunt.
3290 2197 3470 2268 Atque
3503 2196 3623 2252 haec
3666 2207 3792 2252 sunt

520 2304 644 2360 quae
663 2288 722 2342 in
751 2286 1066 2358 supradicta
1092 2287 1327 2356 epistola
1358 2297 1891 2342 commemorantur.

1095 2398 1248 2455 CAP.
1304 2399 1518 2454 XXXII.

521 2515 600 2571 De
647 2513 953 2586 expulsione
1007 2511 1302 2588 Macedonii
1360 2512 1934 2588 Constantinopolitani
1990 2517 2107 2588 cpi-

871 2587 1037 2656 scopi,
1068 2594 1116 2638 et
1151 2583 1397 2638 Flaviani
1419 2583 1751 2641 Antiochea}.

591 2699 792 2755 Verum
824 2700 932 2754 alia
968 2709 1130 2754 erant
1157 2715 1280 2770 quae
1310 2701 1550 2754 animum
1581 2702 1861 2757 Anastasii
1891 2703 2106 2759 occulte

522 2800 850 2862 pungerent.
877 2791 1012 2846 Nam
1041 2807 1167 2846 cum
1193 2791 1430 2846 Ariadna
1455 2793 1802 2848 Anastasium
1831 2794 2104 2864 imperiali

523 2899 772 2953 purpura
800 2881 1004 2937 vestire
1031 2882 1214 2946 vellet,
1247 2881 1588 2951 Euphemius
1620 2882 1784 2952 regite
1812 2883 1967 2936 urbis
1989 2883 2107 2952 epi-

524 2989 724 3043 scopus
742 2989 1072 3028 consensum
1094 2989 1254 3028 suum
1271 2974 1686 3031 accommoda-re
1698 2975 1901 3040 renuit,
1921 2975 2104 3046 prius-

525 3082 688 3136 quam
739 3067 1058 3120 Anastasius
1117 3067 1431 3121 cautionem
1485 3067 1708 3138 propria
1751 3083 1914 3121 manu
1967 3066 2107 3122 scri-

525 3167 672 3227 ptam
719 3166 776 3212 et
820 3158 1180 3228 jurejurando
1217 3157 1486 3212 ﬁrmatam
1532 3159 1638 3229 ipsi
1687 3159 1950 3226 dedisset,
1999 3177 2108 3230 qua

525 3251 910 3320 pollicebatur,
961 3251 1128 3305 ﬁdem
1168 3267 1227 3306 se
1279 3251 1543 3305 illibatam
1591 3260 1959 3312 servaturum.
2007 3266 2111 3306 nec

525 3348 826 3418 quidquam
872 3347 998 3401 novi
1039 3347 1097 3401 in
1129 3355 1373 3402 sanctam
1399 3346 1495 3402 Dei
1523 3346 1828 3402 Ecclesiam
1857 3348 2110 3402 invectu-

2132 2389 2182 2450 B

2773 2399 3026 2453 ΚΕΦΑΛ.
3094 2398 3218 2454 AB’.

2210 2515 2353 2586 Περὶ
2379 2514 2492 2586 τῆς
2510 2512 2765 2581 ἐκϐολῆς
2783 2512 3283 2586 Μακεδονίοιιτοῦ
3301 2517 3788 2586 Κωνσταντινουο

2388 2582 2655 2652 πόλεως,
2699 2584 2804 2638 καὶ
2843 2582 3183 2638 Φλαϐιανοῦ
3218 2585 3607 2655 Ἀντιοχείας.

2281 2702 2364 2757 Τὰ
2391 2701 2448 2756 δὲ
2487 2701 2848 2772 συμμάχοντα
2881 2699 2992 2773 (59)
3035 2701 3094 2752 ἐν
3121 2699 3458 2771 παραϐύστῳ
3486 2701 3578 2755 τὸν
3629 2701 3790 2757 Ἀνα-

2213 2793 2452 2858 στὰσιον,
2482 2793 2645 2862 ἔτερα
2672 2786 2763 2863 ἦν.
2798 2790 2994 2844 Ἡνίκα
3022 2791 3130 2862 γὰρ
3161 2792 3194 2861 ή
3237 2791 3491 2864 Ἀριάδνη
3519 2792 3596 2862 τῷ
3633 2793 3792 2846 Ἀνα-

2214 2885 2418 2956 στασίῳ
2446 2884 2506 2938 τὸ
2527 2884 2794 2955 ἁλουργὲς
2819 2883 3071 2937 ἐϐούλετο
3109 2885 3427 2955 περιϐαλεῖν
3460 2889 3674 2957 σχῆμα,
3696 2889 3792 2941 οὐκ

2213 2979 2425 3042 enim
2445 2978 2596 3048 Εύφή
2605 2994 2726 3048 μιος
2741 2978 2842 3047 τὴν
2857 2979 3251 3050 ἀρχιερατικὴν
3269 2979 3474 3034 διέπων
3523 2980 3795 3053 καθέδραν

2215 3070 2546 3134 συνετίθετο,
2575 3070 2769 3142 μέχρις
2797 3071 2921 3124 ὅτου
2955 3069 3053 3141 τὴν
3086 3070 3154 3124 δι’
3179 3072 3475 3140 ἐγγράφων
3498 3076 3596 3126 καὶ
3614 3073 3796 3142 ὅρκων

2212 3161 2400 3215 δεινῶν
2428 3161 2718 3231 ὁμολογίαν
2755 3163 3136 3234 αὑτόγραπτον
3159 3165 3186 3216 ὁ
3225 3164 3577 3228 Ἀναστάσιος
3609 3167 3668 3228 ές
3689 3167 3794 3220 Εὐ-

2217 3255 2419 3324 φήμιον
2453 3248 2692 3329 ἕθετο,ᾖ
2727 3254 2826 3322 μὲν
2854 3256 3110 3325 ἀκέραιον
3146 3254 3257 3326 (60)
3293 3256 3526 3327 φυλάξαι
3569 3258 3669 3329 τὴν
3707 3261 3794 3311 πί-

2219 3364 2357 3414 στιν,
2394 3346 2488 3400 καὶ
2526 3347 2692 3420 μηδὲν
2724 3349 3050 3421 καινουργὲς
3081 3351 3376 3420 ὲσαγαγείν
3409 3355 3476 3425 τῇ
3523 3353 3662 3425 ἁγίᾳ
3701 3352 3794 3407 τοῦ

1684 3510 1958 3568 VALESll
2012 3511 2575 3569 ANNOTATIONES.

597 3629 730 3698 (55')
767 3627 931 3692 Μήτε
975 3626 1045 3679 δὲ
1088 3625 1200 3694 τῆς
1237 3627 1309 3680 ἐν
1353 3627 1604 3696 Ἐφέσῳ.
1644 3628 1720 3682 ita
1771 3628 1993 3698 quidem
2047 3628 2105 3683 in

2211 3629 2488 3685 nationem
2518 3629 2636 3698 ejus
2658 3627 2998 3700 refertianno
3024 3629 3228 3686 Christi
3263 3629 3386 3692 516.
3409 3631 3793 3700 quinquennio

523 3701 756 3755 exordio
781 3701 1137 3771 episc0patus'
1167 3699 1251 3751 sui
1278 3713 1338 3752 se
1365 3698 1946 3771 gessitMacedonius,
1973 3698 2106 3753 dum
2132 3704 2175 3763 C
2209 3710 2332 3771 post
2361 3701 2750 3771 relegationem
2800 3699 3125 3755 Macedonii.
3160 3701 3261 3756 Cui
3309 3698 3587 3756 consentit
3613 3704 3794 3758 Theo-

569 3772 764 3840 rincipi
795 3770 1085 3824 Anastasio
1112 3785 1144 3823 a
1173 3785 1283 3840 quo
1312 3769 1382 3822 ad
1406 3769 1782 3839 pontiﬁcatum
1823 3779 2108 3840 promotus

553 3788 764 3840 ll‘lllClpl
795 3785 1085 3824 AllaSlaSIO
1112 3785 1144 3823 a
1173 3785 1283 3892 quo
1312 3785 1378 3822 au
1406 3785 1782 3839 pontiﬁcatum
1823 3785 2108 3840 promotus

553 3851 739 3905 uerat,
771 3840 1064 3911 gratilicari
1103 3840 1286 3911 velet.
1323 3840 1510 3908 Itaque
1558 3841 1714 3894 multi
1759 3857 1826 3895 ex
1865 3840 2108 3910 antiquis

528 3910 897 3982 scriptoribus
926 3910 1308 3982 prodiderunt
1353 3911 1730 3982 Macedonium
1777 3911 2107 3982 initioiqui-

528 3981 654 4038 deni
670 3983 908 4038 Zenonis
924 3981 1192 4035 llenotico
1215 3981 1631 4051 subscripsisse.
1654 3983 1733 4036 ita
1757 3991 1906 4035 certe
1923 3981 2109 4037 Theo-

529 4054 700 4108 dorus
728 4055 900 4108 lector
942 4053 1198 4114 allirmat,
1228 4068 1392 4120 quem
1431 4053 1708 4106 immerito
1739 4052 2008 4106 Baronius
2037 4068 2105 4106 eo

528 4125 750 4178 nomine
782 4122 1156 4192 reprehendit.
1188 4121 1506 4189 ld'enﬁenim
1524 4123 1722 4178 scribit
1739 4122 2026 4176 Liberatus
2051 4122 2106 4176 in

528 4193 820 4256 Breviaria,
857 4208 977 4262 cap.
1017 4194 1101 4247 1‘8.
1134 4193 1236 4248 Ubi
1271 4193 1337 4246 de
1369 4193 1578 4246 Joanne
1617 4192 1844 4262 Hemula
1874 4193 2110 4246 Alexan—

529 4264 692 4318 drino
722 4261 982 4334 episcopo
1031 4264 1148 4318 haec
1179 4263 1346 4317 habet
1377 4280 1390 4316 :
1426 4263 1528 4328 Qui
1563 4271 1612 4315 et
1655 4263 1766 4333 ipse
1799 4261 2016 4334 Petrum
2057 4271 2110 4316 et

529 4333 880 4388 Athanasium
909 4335 1310 4404 praedecessores
1332 4350 1452 4387 suos
1473 4343 1699 4404 secutus,
1721 4336 1773 4387 in
1805 4333 1970 4386 edicto
1993 4335 2110 4386 uni-

529 4405 634 4457 tivo
660 4403 1060 4458 communicavit
1089 4404 1210 4458 aliis
1237 4405 1463 4465 sedibus,
1493 4405 1546 4458 id
1571 4412 1645 4457 est
1669 4403 2112 4474 Constantinopo-

532 4475 714 4546 litano:
739 4516 754 4539 ,
784 4476 1120 4546 Antiochense
1161 4483 1208 4528 et
1249 4475 1764 4546 Hierosolymitance.
1822 4474 1891 4529 Et
1943 4476 2108 4544 paulo

533 4554 655 4614 post
680 4545 747 4600 de
774 4547 984 4601 Joanne
1027 4545 1265 4600 Niemota
1301 4545 1531 4616 loquens
1562 4546 1655 4615 qui
1688 4545 1932 4600 llemulaa
1978 4561 2108 4600 suc-

528 4628 793 4680 cesserat,
829 4617 901 4669 ita
935 4617 1070 4670 dicit
1106 4616 1393 4687 :Denique
1426 4635 1544 4670 cum
1579 4617 1624 4669 ei
1652 4618 1942 4687 imperator
1973 4617 2110 4670 scri-

527 4689 736 4757 psisset,
769 4698 826 4740 ut
854 4689 1094 4740 uniretur
1119 4686 1706 4760 ConstantinOpolitano
1726 4686 2110 4760 episcopo,hwc

527 4760 822 4829 rescripsit,
853 4759 977 4828 quia
1015 4775 1117 4812 non
1147 4759 1401 4829 sufﬁceret
1433 4758 1479 4812 ei
1514 4758 1582 4812 ad
1612 4759 1898 4829 perfectam
1928 4760 2107 4812 unita-

527 4837 672 4895 tem;
707 4846 765 4883 eo
795 4831 930 4901 quod
978 4846 1084 4881 non
1112 4830 1588 4901 anathematizaret
1610 4831 1888 4901 synodum.
1926 4829 2110 4901 Victor

528 4913 712 4956 autem
756 4898 1104 4957 Tunonensis
1159 4901 1214 4954 in
1260 4898 1527 4965 Chronica}
1561 4898 1986 4954 deiMacedonio
2034 4900 2109 4955 ita

528 4974 724 5028 scribit
753 4991 766 5028 :
801 4973 1088 5028 Anastasio
1114 4971 1251 5042 Aug.
1283 4987 1388 5025 cos.
1425 4971 1762 5025 Macedonius
1801 4969 2108 5042 Constanti-

2208 3769 2509 3844 phanesin
2538 3769 2816 3844 Chronica.
2853 3772 2958 3844 Sed
2992 3771 3323 3844 adversatur
3349 3773 3661 3844 Liberatus,
3696 3776 3798 3844 qui

2207 3841 2613 3914 ordinationem
2645 3841 2888 3914 Dioscori
2925 3842 3105 3914 referti
3120 3851 3245 3897 ante
3281 3843 3581 3898 Macedonii
3624 3841 3794 3914 depo-

2209 3913 2488 3968 sitionem.
2527 3911 2694 3980 idque
2733 3911 3025 3966 conﬁrmat
3069 3913 3336 3982 Evagrius
3381 3914 3484 3968 hoc
3513 3915 3654 3970 loco.
3689 3911 3795 3971 Ve-

2210 3998 2337 4056 rum
2347 3997 2436 4056 _r-e
2463 3982 2770 4036 accuratius
2798 3982 3132 4056 examinata,
3165 3984 3462 4056 Dioscorus
3485 3985 3678 4056 junior
3703 3987 3793 4045 hic

2210 4052 2441 4126 intelligi
2489 4067 2600 4106 non
2651 4061 2866 4126 potest_._
2900 4054 3053 4126 Nam,
3089 4055 3434 4126 Macedonius
3468 4052 3789 4126 episcopatu

2211 4121 2454 4194 dejectus
2501 4131 2586 4194 est
2633 4137 2777 4177 anno
2806 4121 3012 4179 Christi
3042 4125 3166 4190 5H,
3200 4135 3262 4179 ut
3307 4121 3521 4180 constat
3548 4141 3610 4181 et
3646 4121 3791 4182 Mar-

2208 4192 2405 4266 cellino
2433 4211 2446 4247 :
2477 4192 3008 4266 eiqueisubrogatus
3045 4205 3132 4251 est
3178 4194 3520 4252 Timotheus.
3557 4198 3652 4266 qui
3678 4205 3792 4252 sta-

2209 4265 2306 4320 tim
2335 4263 2626 4336 synodicae
2654 4263 2874 4320 litteras
2897 4267 3114 4336 scripsit
3158 4267 3224 4321 ad
3259 4268 3525 4322 Joannem
3574 4263 3792 4325 Nicato-

2210 4345 2318 4389 tam
2347 4335 2668 4404 episcopum
2699 4335 3042 4393 Alexandrize
3063 4379 3076 4400 ,
3104 4347 3164 4392 ut
3193 4347 3466 4392 testantur
3497 4337 3786 4398 Liberatus

2207 4423 2273 4461 ac
2303 4405 2688 4475 Theophanes.
2709 4405 2858 4478 Cum
2911 4407 3076 4476 igitur
3110 4408 3406 4462 Dioscorus
3452 4409 3641 4478 junior
3689 4411 3783 4465 Ni-

2209 4486 2392 4550 canotm
2419 4476 2770 4550 successerit,
2795 4479 3107 4550 necessario
3133 4476 3518 4550 sederecmpit
3544 4493 3666 4550 post
3689 4483 3783 4548 de:

2209 4547 2540 4619 positionem
2584 4547 2911 4619 Macedonii.
2943 4548 3097 4603 Alius
3130 4549 3298 4619 igitur
3333 4549 3438 4602 hoc
3473 4547 3593 4605 loco
3630 4547 3786 4606 intel-

2209 4617 2400 4688 ligitur
2429 4617 2738 4689 Dioscorus.
2765 4618 2842 4673 Ac
2869 4617 3096 4674 fortasse
3127 4617 3228 4689 pro
3251 4619 3509 4674 Dioscoro
3539 4623 3784 4676 scribi-n-

2209 4687 2340 4743 dum
2373 4695 2458 4741 est
2493 4687 2795 4744 Sotericus.
2824 4719 2893 4728 —
2922 4689 2996 4742 De
3028 4687 3275 4745 Soterico
3304 4690 3429 4744 vide
3459 4691 3662 4747 Valesii
3688 4709 3783 4748 no-

2211 4757 2489 4831 tasﬂinfra,
2515 4759 2584 4831 ad
2604 4774 2735 4831 _cap.
2768 4759 2837 4814 44
2865 4761 3028 4831 hujus
3055 4761 3204 4814 libri.
3238 4761 3324 4817 W.
3354 4760 3572 4815 ιον-τυ.

2281 4828 2392 4900 (58)
2433 4829 2542 4900 [fat
2575 4827 2867 4898 ’Ῑωᾶννην
2896 4827 3004 4883 τὸν
3033 4832 3291 4886 Παλτοῦ.
3333 4832 3410 4885 De
3443 4832 3545 4887 hoc
3578 4832 3786 4893 Joanne

2208 4899 2397 4956 Victor
2440 4899 2787 4956 Tunonensis
2835 4901 2890 4955 in
2937 4900 3193 4956 Chronico
3247 4903 3322 4957 ita
3369 4903 3584 4957 scribit.
3631 4907 3790 4960 Theo-

2210 4973 2339 5024 doro
2369 4973 2478 5024 viro
2510 4968 2570 5026 ϐ.
2596 4987 2700 5025 cos.
2724 4970 2973 5025 Julianus
3002 4971 3309 5035 Bostre-nus,
3341 4981 3390 5024 et
3408 4972 3642 5031 Joannes
3669 4978 3792 5032 Pal-

530 5043 868 5114 nOpotitanus
918 5041 1212 5114 episcopus,
1237 5041 1434 5111 synodo
1474 5042 1616 5114 facta
1635 5082 1649 5105 ,
1682 5041 1997 5114 condemnat
2021 5059 2105 5096 eos
2139 5052 2182 5108 υ
2213 5044 2372 5114 tensis
2395 5043 2631 5114 episcopi
2657 5041 2722 5096 ab
2748 5041 2995 5114 Ecclesiis
3016 5045 3241 5114 propriis
3272 5042 3412 5096 ultro
3438 5045 3704 5102 recedunt.
3724 5049 3791 5103 Et

529 5110 622 5193 qui
654 5110 1349 5194 qjmjcqu,,gnsj§'degam-
1368 5110 1554 5194 δμηομί
1593 5113 1908 5194 δαὲεἱρξηηε,
1931 5120 1992 5194 ,ει
2023 5129 2107 5167 eos
2212 5113 2310 5194 alii
2357 5110 2848 5194 eis-_siibrogantur.
2883 5110 3234 5194 Marcellinus
3261 5129 3393 5168 vero
3443 5115 3498 5194 in
3542 5115 3794 5194 Chronico

529 5131 622 5181 qm
654 5131 1082 5166 ertatceaonensis
1126 5131 1334 5167 decreta
1368 5131 1411 5166 si
1432 5131 1554 5165 noat
1593 5131 1908 5183 suscrpmnt.
1944 5131 1991 5164 et
2023 5131 2107 5167 eos

529 5183 622 5255 qui
666 5180 978 5255 Nestoriiret
1022 5131 1622 5255 Eutychisdeféuduut.
1656 5182 2112 5255 Denique_Theo-

531 5251 742 5322 phanes
778 5253 836 5334 in
851 5251 1218 5334 _Chronico,'p.
1250 5251 1692 5309 120.'Theodoro
1722 5251 1916 5308 lectori
1948 5269 2112 5324 pror-

529 5339 627 5378 sus
657 5332 984 5380 assentitur.

601 5395 712 5465 (56)
754 5393 1138 5465 Μονιιστήρια
1166 5394 1551 5463 ἀφίστανται.
1593 5395 1922 5451 Monasteria
1946 5393 2029 5448 Dii
2055 5402 2114 5450 et

449 5521 453 5524 .
529 5464 747 5520 Basiam
769 5508 784 5531 ,
816 5474 872 5520 et
903 5464 1241 5521 lnsomnium
1271 5481 1335 5521 ac
1365 5466 1625 5520 Matronae
1664 5466 1959 5537 intelligit,
1989 5480 2112 5535 quae

525 5545 918 5606 separaverant
943 5553 1004 5592 se
1033 5552 1065 5591 a
1085 5537 1474 5592 communione
1507 5536 1810 5591 Macedonii
1832 5547 1889 5590 et
1913 5551 2110 5590 eorum

568 5607 624 5661 ui
677 5607 918 5662 Zenonis
979 5606 1245 5664 Henotico
1301 5608 1766 5676 subscripserant,
1825 5619 1887 5661 ut
1945 5607 2116 5663 tradit

577 5680 899 5748 heOphanes
929 5678 988 5733 in
1020 5678 1298 5742 Chronico,
1335 5693 1390 5750 p.
1421 5678 1543 5732 122.

600 5745 714 5819 (57—)
755 5751 1006 5816 Ξενατας
1040 5749 1140 5803 καὶ
1179 5745 1538 5819 Διόσκορος.
1563 5745 1664 5819 Hic
1689 5754 1795 5808 est,
1827 5756 1888 5802 ut
1920 5748 2115 5802 existi-

532 5818 652 5883 mo,
692 5820 1192 5890 Dioscorusjunior
1222 5820 1316 5889 qui
1347 5818 1544 5874 Joanni
1573 5818 2116 5890 Nicaaottesuccessit

535 5892 592 5945 in
639 5890 963 5960 episcopatu
993 5889 1380 5948 Alexandrino.
1408 5889 1674 5946 Baronius
1714 5889 1939 5959 quidem
1969 5891 2117 5946 ordi-

2213 5185 2268 5239 id
2300 5183 2489 5246 refert,
2515 5184 2683 5238 Paulo
2704 5193 2761 5238 et
2789 5183 3068 5239 Mussiano
3099 5201 3240 5240 coss.
3273 5200 3419 5240 anno
3437 5185 3648 5243 Christi
3669 5191 3793 5246 512.

2283 5255 2399 5342 (59j
2441 5254 2518 5307 Τὰ
2555 5253 3099 5342 δὲῃρνυμμάχοντα..
3124 5255 3380 5342 luendum
3426 5267 3511 5342 est
3533 5260 3615 5342 “in
3648 5276 3798 5342 .voee

2215 5324 2593 5394 συμμάχοντα.
2622 5325 2968 5396 Nicephorus
3010 5327 3232 5396 quidem
3266 5327 3320 5381 in
3352 5341 3402 5381 c.
3436 5329 3506 5384 26
3533 5329 3661 5385 libri
3689 5348 3795 5390 1m.

2214 5395 2373 5478 Hune
2400 5394 2618 5478 Evagrii
2649 5396 3208 5478 locuturdescribens,
3236 5398 3541 5478 πλήττοντα
3590 5404 3799 5478 posuit.

2215 5468 2329 5536 Ego
2348 5481 2478 5539 vero
2497 5467 2728 5536 vulgata:
2743 5466 3042 5539 Scriptum
3062 5468 3305 5539 vestigiis
3332 5466 3612 5534 insistens,
3641 5485 3747 5528 res:
3760 5474 3804 5526 i-

2216 5536 2667 5614 tuendurmputo
2710 5536 3086 5614 συνεί-έχονταΣ
3109 5536 3579 5614 quemadmodum
3607 5543 3802 5614 legisse

2213 5607 2434 5663 videtur
2459 5606 3018 5678 Christophorso‘nus.
3065 5606 3146 5665 In-
3160 5610 3352 5666 codice
3387 5606 3698 5669 Telleriano
3725 5615 3804 5668 le-

2216 5679 2388 5751 gitur,
2417 5677 2659 5751 esse”
2688 5677 3066 5751 συμμάχοντα,
3094 5689 3205 5736 etc.

2290 5747 2418 5824 i60)_
2439 5747 2502 5824 ᾘ
2523 5748 2641 5824 per
2667 5747 2970 5824 ἀκέραιὰν.
3012 5750 3242 5824 Boetius
3279 5749 3623 5824 Nicephorus
3661 5769 3800 5810 scri-

2244 5813 2570 5943 itulm'habét
2601 5813 2638 5893 ἦ
2670 5813 2816 5893 μήν’,
2845 5832 2955 5878 etc.
3005 5821 3096 5879 Sic
3139 5825 3288 5880 enim
3329 5813 3500 5879 Graeci
3537 5824 3683 5896 loqui
3714 5840 3800 5880 so-

2244 5906 2311 5943 en
2343 5930 2357 5943 .

2242 5906 2357 5946 ειη.
