4048 6506
303 375 444 439 2669

1236 382 1621 444 HISTORI/E
1662 386 2255 449 ECCLESIASTIC/E
2295 392 2524 451 LIBER
2571 394 2677 453 III.

3427 396 3568 462 2670

305 490 466 550 μένου
516 488 780 559 Μαιευμᾶ
805 489 898 543 τοῦ
944 490 1250 561 πολιχνίουο
1286 494 1414 547 ἔνθα
1455 497 1549 549 καὶ
1596 498 1803 565 Πέτρος
1836 499 1865 551 ὁ

1985 498 2148 553 situm
2175 510 2277 555 est.
2313 501 2433 568 Quo
2478 505 2535 558 in
2575 504 2698 558 loco
2740 503 2936 559 Petrus
2965 520 3185 575 quoque
3225 506 3436 574 lberus,
3471 514 3567 581 qui

306 580 462 649 ’ῐϐηρ
497 580 608 652 (66)
646 582 745 650 τῆς
801 580 971 652 αὐτῆς
1020 582 1198 654 Γάζης
1235 586 1624 655 προεδρεύσας,
1653 587 1747 640 καὶ
1779 588 1875 642 σὺν

302 673 555 745 Τιμοθέῳ
604 675 683 744 τῷ
717 674 967 746 Δῑλούρῳ
1018 679 1313 747 πεφευγὼς
1339 720 1354 745 ,
1407 680 1495 733 διά
1541 681 1650 733 τῶν
1682 680 1863 733 αὐτῶν

299 761 431 836 ἦλθε
457 767 819 837 ηαμμάτων,
857 768 1026 821 πολὺν
1050 768 1206 838 λόγον
1229 770 1409 841 ἐαυτῷ
1428 772 1836 835 καταλελοιπώς
1859 813 1873 826 .

302 859 411 912 Καὶ
440 859 707 929 Νηφαλίῳ
745 859 845 929 μὲν
876 860 905 911 ὁ
934 860 1176 932 Σεϐἧρος
1217 861 1543 929 διαλογικῶς
1573 864 1878 932 συμπλέκε-

299 968 434 1016 ται,
468 951 567 1020 τῆς
595 951 765 1022 αὐτῆς
811 951 960 1023 αὑτῷ
1008 953 1277 1023 πρότερον
1327 953 1632 1008 καθεστῶτι
1685 955 1880 1025 μοίρας

301 1044 433 1114 περὶ
461 1043 562 1114 τὴν
587 1043 719 1112 μίαν
757 1042 921 1113 φύσιν
947 1058 961 1073 ·
999 1042 1231 1115 ὕστερον
1263 1044 1322 1098 δέ
1352 1045 1454 1114 τῆς
1481 1046 1539 1098 ἐν
1576 1045 1880 1115 Καλχηδόνι

302 1135 521 1190 συνόδου
555 1137 647 1190 καὶ
686 1136 796 1190 τῶν
846 1137 940 1191 δύο
992 1136 1409 1209 πρεσϐευόντων
1436 1138 1628 1207 φύσεις
1661 1138 1754 1191 ἐπὶ
1786 1137 1880 1192 τοῦ

301 1226 512 1296 Κυρίου
548 1227 707 1297 ἡμῶν
754 1227 925 1298 ’1ησοῦ
951 1227 1191 1299 Χριστοῦ
1213 1268 1229 1293 ,
1271 1229 1573 1300 γενομένῳ.
1630 1228 1883 1293 Ἐξελαύ-

302 1335 454 1371 νεται
485 1319 543 1372 δὲ
574 1321 712 1390 πρὸς
741 1320 907 1373 αὐτοῦ
958 1320 1246 1391 Νηφαλιου
1292 1321 1387 1375 καὶ
1435 1321 1544 1375 τῶν
1590 1322 1687 1375 σὺν
1733 1321 1883 1393 αὑτῷ

301 1409 395 1462 τοῦ
420 1408 625 1462 οἰκείου
658 1411 1103 1483 φροντιστηριου,
1147 1410 1266 1480 μεθ’
1304 1411 1511 1484 ἐτέρων
1553 1411 1769 1465 πολλῶν
1816 1412 1885 1464 τά

302 1500 666 1572 παραπλήσια
691 1501 1023 1566 δοξαζόντων
1062 1500 1232 1572 αὐτῷ.
1269 1501 1461 1556 Ἔνθεν
1483 1504 1575 1556 ἐπὶ
1603 1503 1703 1574 τὴν
1734 1502 1884 1572 βασι-

305 1591 449 1655 λέως
474 1593 651 1647 ἀνεισι
680 1592 855 1655 πόλιν,
890 1592 1034 1665 ὑπέρ
1060 1610 1120 1646 τε
1142 1593 1310 1647 αὐτοῦ
1336 1594 1432 1648 καὶ
1455 1594 1563 1648 τῶν
1594 1596 1710 1665 ἅμα
1737 1593 1886 1665 αὐτῷ

304 1684 719 1755 ἐξεληλαμένων
750 1684 1104 1756 πρεσϐεύσων
1131 1700 1146 1715 '
1176 1686 1271 1739 καὶ
1315 1686 1653 1756 Ἀναστασίῳ
1680 1686 1756 1757 τῷ
1783 1687 1883 1757 βα-

306 1775 443 1830 σιλεῖ
484 1775 758 1846 γνώριμος
785 1772 1111 1829 καθίσταται
1138 1815 1154 1839 ,
1183 1776 1261 1841 ὡς
1303 1777 1371 1830 τὰ
1405 1780 1535 1849 περὶ
1564 1777 1773 1832 τούτων
1810 1778 1888 1848 τῷ

1979 592 2230 661 ejusdem
2258 592 2414 649 Gazae
2438 594 2730 664 episcopus
2754 594 2877 659 fuit,
2903 606 2960 651 et
2993 598 3087 668 qui
3122 614 3249 653 cum
3277 600 3570 660 Timotheo

1977 682 2167 737 (Eluro
2197 683 2249 736 in
2291 685 2544 741 exsilium
2575 687 2778 741 missus
2803 696 2916 747 est;
2941 689 3309 745 monasticam
3338 694 3565 752 vivendi

1978 790 2153 845 genus
2192 778 2465 842 excoluit,
2509 778 2831 848 crebrisque
2881 779 3166 835 hominum
3219 788 3569 847 sermonibus

1974 867 2294 923 celebratus
2333 876 2436 923 est.
2470 870 2641 924 Porro
2685 869 2926 926 Severus
2955 872 3192 941 quodam
3234 875 3346 935 die.
3380 878 3542 949 dispu

1982 959 2187 1014 tatione
2220 958 2409 1015 habita
2450 976 2780 1031 congressus
2820 973 2906 1018 est
2954 979 3078 1019 cum
3131 966 3398 1036 Nepbalio
3430 986 3444 1024 :
3472 970 3567 1043 qui

1982 1050 2137 1118 prius
2169 1051 2392 1121 quidem
2444 1052 2588 1108 idem
2629 1069 2757 1109 cum
2812 1055 2934 1126 ipso
2988 1068 3237 1113 senserat
3283 1059 3351 1115 de
3406 1063 3568 1119 unica

1981 1143 2185 1198 Christi
2220 1154 2415 1199 natura
2446 1164 2460 1201 ε
2502 1153 2688 1215 postea
2725 1163 2857 1202 vero
2902 1148 3289 1206 defensoribus
3330 1151 3567 1210 Chalce-

1984 1234 2248 1292 donensis
2290 1237 2484 1307 synodi
2518 1248 2574 1293 et
2607 1239 2677 1293 iis
2718 1240 2813 1309 qui
2845 1239 2982 1294 duas
3023 1240 3080 1295 in
3118 1242 3349 1299 Domino
3378 1255 3570 1301 nostro

1983 1325 2114 1381 Jesu
2147 1326 2368 1382 Christo
2394 1336 2623 1383 naturas
2654 1329 3047 1398 praadicabant,
3076 1346 3196 1386 sese
3220 1332 3566 1404 adjunxerat.

1985 1416 2069 1471 Ab
2100 1416 2208 1471 hoc
2238 1417 2406 1488 igitur
2426 1419 2695 1488 Nephalio
2727 1430 2784 1475 et
2814 1436 2845 1475 a
2879 1423 3166 1479 monachis
3193 1424 3289 1494 qui
3315 1441 3442 1481 cum
3476 1427 3570 1481 illo

1985 1518 2181 1573 erant,
2229 1508 2470 1564 Severus
2522 1526 2629 1565 una
2675 1526 2798 1566 cum
2847 1512 2955 1567 illis
3006 1514 3103 1583 qui
3155 1517 3402 1586 opinioni
3450 1521 3571 1590 ejus

1988 1597 2363 1660 adherebant.
2400 1599 2608 1668 eiectus
2655 1608 2739 1654 est
2785 1616 2853 1654 ex
2906 1604 3261 1659 monasterio.
3293 1604 3399 1672 Qui
3443 1622 3571 1662 mox

1988 1690 2056 1744 ad
2089 1690 2291 1761 regiam
2325 1690 2516 1745 urbem
2568 1691 2829 1759 perrexit,
2862 1701 2970 1746 tam
3013 1708 3115 1761 pro
3146 1710 3225 1760 se,
3270 1712 3432 1766 quam
3469 1715 3571 1769 pro

1992 1781 2101 1836 illis
2128 1782 2223 1851 qui
2258 1798 2367 1835 una
2400 1798 2525 1837 cum
2564 1784 2680 1852 ipso
2722 1785 2935 1854 expulsi
2972 1786 3210 1851 fuerant,
3244 1788 3568 1859 legationem

305 1867 684 1939 συγγράψαντι
730 1866 822 1921 τὸν
867 1867 1111 1939 Σεϐήρου
1148 1868 1264 1939 βίον
1295 1868 1638 1939 ἀνείληπται.
1672 1871 1881 1925 Συνοδι-

1985 1872 2261 1927 obiturus.
2294 1873 2454 1944 367
2484 1873 2598 1929 Hoc
2630 1875 2792 1929 modo
2816 1875 2886 1930 ad
2920 1878 3171 1934 notitiam
3197 1888 3255 1935 et
3287 1880 3570 1938 familiari-

304 1961 405 2023 κάς
424 1959 603 2037 τοίνυν
625 1960 916 2021 ἐπιστολὰς
939 1960 1051 2029 (67)
1071 1961 1297 2030 γράφων
1320 1962 1348 2013 ὁ
1389 1961 1626 2032 Σεϐἧρος
1646 2001 1661 2027 ,
1708 1962 1889 2034 ῥητῶς

298 2055 401 2125 τὴν
430 2058 486 2109 ἐν
511 2055 813 2125 Καλχηδόνι
864 2054 1081 2109 σύνοδον
1110 2055 1537 2127 ἀνατεθεμάτικε
1564 2073 1577 2087 ·
1634 2057 1765 2125 περὶ
1826 2048 1887 2109 οὗ

301 2148 373 2201 τὰ
431 2147 574 2219 Πρὸς
640 2146 944 2201 ’Δλκίσωνά
1002 2164 1138 2216 φησι
1202 2147 1512 2219 γράμματα
1571 2147 1748 2202 ταυτά
1818 2147 1889 2202 τὰ

304 2240 569 2309 ῥήματα*
602 2238 670 2293 τά
720 2238 820 2310 μὲν
872 2238 1131 2292 συνοδικά
1180 2239 1449 2310 Τιμοθέου
1491 2239 1603 2309 (68)
1656 2239 1750 2294 τοῦ
1793 2238 1888 2294 νῦν

301 2331 926 2394 Κωνσταντινουπόλεως
954 2332 1144 2403 ἐδέχθη
1174 2331 1405 2386 ἐνταῦθα
1439 2335 1495 2386 ἐν
1526 2332 1884 2405 Παλαιστίνῃ⁶

298 2426 335 2494 ἡ
360 2423 419 2476 δέ
434 2422 596 2477 καθαῖ
603 2440 753 2493 ρεσις
766 2422 1103 2476 Μακεὼνίου
1122 2423 1217 2476 καὶ
1232 2421 1532 2476 Φλαϐιανοῦ
1553 2423 1654 2475 οὐκ
1671 2422 1883 2492 ἐδέχθη·

301 2515 419 2570 ἀλλ’
449 2514 570 2568 οὐδέ
599 2515 667 2568 τά
695 2513 953 2567 συνοδικά
980 2513 1241 2584 Σεϐἡρου.
1280 2512 1440 2566 Ἀλλὰ
1473 2513 1569 2566 καὶ
1600 2512 1888 2582 οἰκοδομή-

303 2624 496 2671 σαντες
521 2607 632 2677 (69)
662 2604 898 2659 ἐνταῦθα
925 2644 940 2668 ,
977 2604 1379 2674 ἀτιμασθέντες
1410 2603 1506 2657 καὶ
1537 2602 1886 2674 ὑϐρισθέντες

299 2701 469 2767 agam;
499 2699 719 2767 ἔφυγον,
750 2698 851 2767 τῆς
882 2679 1093 2757 πόλεως
1123 2696 1210 2749 ἐπ’
1234 2696 1431 2759 αὐτοὺς
1456 2696 1568 2766 (70)
1594 2696 1686 2749 τοῦ
1712 2695 1885 2765 δήμου

299 2811 362 2846 τε
401 2793 495 2845 καὶ
523 2791 632 2844 τῶν
671 2789 921 2859 μοναχῶν
946 2787 1300 2859 κινηθέντων.
1340 2788 1447 2841 Καὶ
1491 2790 1524 2858 ὴ
1556 2787 1654 2858 μέν
1682 2787 1886 2840 Παλαι-

284 2874 462 2954 ’στενη
483 2885 541 2936 ἐν
572 2881 785 2945 τούτοις
812 2877 899 2951 ἦν.
930 2881 1052 2933 Τῶν
1080 2881 1137 2933 δέ
1180 2880 1271 2932 ὑπ’
1314 2880 1614 2951 ’Δντιοχείᾳ
1659 2879 1769 2949 (71)
1794 2920 1809 2943 ,
1836 2879 1887 2932 οἱ

304 2977 408 3044 μὲν
444 2972 881 3044 συναπαχθέντες
926 2971 1286 3042 ὑπήχθησαν,
1314 2972 1377 3036 ἐξ
1398 2965 1475 3025 ὧν
1506 2972 1621 3023 ἐστὶ
1644 2970 1739 3025 καὶ
1766 2973 1887 3025 Μα-

301 3067 504 3137 ρίνοςὸ
536 3063 780 3136 Βηρυτοῦ
825 3063 1121 3127 ἐπίσκοπος
1152 3079 1167 3095 ⁸
1210 3064 1261 3116 οἱ
1285 3063 1341 3118 δὲ
1365 3103 1381 3127 ,
1420 3062 1511 3134 βία
1540 3064 1635 3117 καὶ
1671 3063 1887 3135 ἀνάγκῃ

301 3158 592 3211 συνέθεντο
624 3159 737 3220 τοῖς
786 3155 1084 3219 συνοδικοῖς
1119 3155 1398 3226 Σεϐἡρου,
1437 3153 1885 3224 ἀναθεματισμὸν

302 3248 520 3318 ἐχουσιν
542 3246 659 3314 ἅμα
679 3248 779 3315 τῆς
805 3246 1024 3299 συνόδου
1058 3246 1152 3298 καὶ⁸
1176 3245 1283 3297 τῶν
1301 3244 1505 3298 λοιπῶν
1534 3245 1642 3297 τῶν
1664 3244 1885 3314 εἰρηκό-

303 3357 412 3393 των
439 3340 534 3395 δύο
563 3338 807 3409 φύσειςῆ
843 3338 1112 3407 ἰδιότητας
1134 3337 1227 3389 ἐπὶ
1251 3335 1344 3389 τοῦ
1377 3337 1461 3389 Κυ
1473 3335 1607 3404 ρίου,
1636 3338 1737 3405 τῆς
1761 3351 1887 3406 σαρ-

284 3415 402 3496 ξκδς
428 3434 523 3486 καὶ
569 3433 667 3504 τῆς
714 3432 966 3504 θεότητος
998 3447 1013 3459 '
1045 3431 1094 3483 οἱ
1123 3429 1201 3495 δὲ,
1256 3428 1395 3499 μετὰ
1443 3430 1503 3481 τδ
1533 3426 1590 3494 ἐξ
1640 3428 1885 3497 ἀνάγκης

305 3523 597 3579 συνθέσθαι
639 3522 1101 3595 μεταϐαλλόμενοι
1149 3520 1568 3575 ἀνεκαλέσαντο.
1609 3513 1710 3572 Ὧν
1748 3522 1885 3573 εἰσὶν

302 3617 355 3669 οἱ
389 3616 495 3669 ὑπὸ
518 3616 826 3685 Ἀπάμειαν
853 3614 1173 3667 ἐπίσκοποι.
1212 3612 1401 3665 ’Λλλοι
1438 3611 1497 3664 δὲ
1529 3610 1758 3665 καθόλου
1786 3613 1885 3666 οὐκ

304 3709 598 3776 ἦνέσχοντο
625 3706 934 3760 συνθέσθαι.
957 3700 1060 3759 Ὧν
1089 3706 1227 3758 εἰσὶν
1270 3703 1552 3766 Ἰουλιανὸς
1576 3705 1604 3757 δ
1632 3705 1884 3775 Βοστρῶν

303 3800 752 3867 καιἙπιφὰνιος
785 3800 813 3852 ὁ
844 3797 1045 3869 Τύρου,
1079 3796 1175 3851 καὶ
1210 3794 1359 3851 ἄλλοι
1397 3795 1573 3858 τινὲς,
1603 3796 1678 3857 ὣς
1709 3812 1877 3863 φασι,

302 3890 415 3940 τῶν
456 3887 788 3941 ἐπισκόπων.
835 3888 898 3939 Οἱ
930 3886 987 3939 δὲ
1020 3888 1265 3958 Ἶσαυροι
1315 3883 1411 3937 νῦν
1464 3882 1839 3952 ἀνανήψαντες
1863 3923 1878 3946 ,

1994 1970 2159 2018 tatem
2206 1963 2554 2033 imperatoris
2582 1965 2856 2021 Anastasii
2889 1969 3164 2037 pervenit,
3207 1979 3269 2025 ut
3313 1972 3570 2042 pluribus

1992 2055 2163 2111 refert
2192 2055 2239 2110 is
2262 2056 2355 2125 qui
2389 2057 2555 2111 vitam
2595 2056 2786 2113 Severi
2818 2061 3165 2131 conscripsit.
3199 2065 3371 2120 Porro
3406 2066 3571 2122 Seve-

1992 2163 2086 2203 rus
2142 2145 2198 2202 in
2231 2148 2481 2218 epistolis
2529 2147 2644 2203 suis
2698 2151 3010 2221 synodicis,
3066 2152 3567 2214 Chalcedonensem

1991 2239 2259 2310 synodum
2289 2238 2494 2295 diserte
2519 2241 3021 2297 anathematizavit.
3050 2242 3166 2310 Qua
3190 2245 3259 2302 de
3288 2262 3345 2302 re
3375 2264 3569 2303 mona-

1989 2331 2080 2387 chi
2115 2332 2417 2387 Palaestinae
2444 2333 2497 2386 in
2525 2332 2725 2387 litteris
2752 2332 2819 2387 ad
2845 2334 3157 2390 Alcisonem
3187 2336 3262 2391 ita
3294 2339 3565 2393 scribunt.

1990 2422 2275 2494 Synodica:
2314 2422 2536 2493 quidem
2570 2423 2815 2492 epistola:
2861 2423 3135 2480 Timothei
3178 2424 3568 2485 Constantino-

1990 2516 2219 2586 politani
2246 2515 2337 2571 hic
2377 2515 2431 2569 in
2476 2515 2764 2571 Palaestina
2794 2524 3062 2587 suscepta:
3083 2526 3231 2573 sunt.
3265 2519 3568 2575 Macedonii

1988 2624 2125 2662 vero
2166 2618 2226 2663 et.
2265 2609 2506 2663 Flaviani
2539 2608 2812 2678 depositio
2857 2610 3279 2681 haudquaquam
3315 2624 3571 2683 suscepta

1988 2711 2094 2754 est.
2127 2699 2232 2755 Sed
2263 2717 2441 2770 neque
2476 2702 2663 2756 Severi
2700 2702 2972 2773 synodicae
3012 2713 3282 2775 susceptae
3316 2714 3445 2760 sunt
3480 2705 3571 2761 lit-

1990 2802 2140 2847 terte.
2175 2792 2375 2848 Verum
2431 2794 2485 2847 hi
2536 2793 2629 2863 qui
2675 2809 2771 2848 eas
2809 2794 3129 2861 attulerant,
3158 2798 3489 2853 contumelia
3515 2807 3572 2852 et

1988 2885 2208 2955 probris
2239 2885 2443 2949 aﬂ‘ecti,
2485 2886 2629 2939 sicut
2666 2886 3039 2950 merebantur,
3080 2887 3263 2957 fugam
3309 2889 3568 2960 abripue-

1990 2984 2140 3035 runt,
2177 2989 2300 3031 cum
2336 2976 2571 3046 p0pulus
2619 2976 2859 3031 civitatis
2903 2986 2959 3031 et
3006 2979 3260 3033 monachi
3304 2979 3571 3039 adversus

1988 3082 2084 3120 eos
2107 3066 2554 3121 insurrexissent.
2577 3067 2647 3121 Et
2669 3067 2951 3122 Palaestina
2973 3068 3198 3137 quidem
3223 3070 3327 3125 hoc
3349 3070 3406 3125 in
3421 3080 3569 3127 statu

1993 3168 2133 3214 crat.
2172 3161 2377 3214 Eorum
2429 3175 2563 3215 vero
2606 3160 2702 3229 qui
2750 3160 3057 3216 Antiochia
3105 3163 3425 3233 subjaccnt,
3474 3166 3569 3220 alii

1994 3249 2214 3318 quidem
2244 3265 2342 3318 per
2380 3248 2629 3303 fraudem
2664 3248 2877 3304 inducti
2907 3260 3057 3305 sunt.
3086 3250 3168 3306 Ex
3196 3268 3431 3323 quorum
3462 3271 3569 3310 nu-

1993 3355 2146 3394 mero
2172 3349 2255 3393 est
2285 3339 2527 3394 Marinus
2563 3340 2857 3410 episcopus
2883 3340 3089 3413 Beryti.
3120 3343 3229 3398 Alii
3254 3359 3386 3400 vero
3422 3347 3475 3400 vi
3502 3361 3571 3402 ac

1991 3430 2318 3485 necessitate
2351 3430 2641 3499 compulsi,
2674 3441 3078 3486 consenserunt
3122 3431 3306 3488 Severi
3348 3436 3571 3506 synodi-

1992 3524 2092 3590 cis,
2130 3523 2335 3593 quibus
2366 3523 2659 3578 anathema
2693 3524 3104 3589 continebat-ur,
3150 3535 3261 3579 tam
3306 3526 3570 3583 adversus

1988 3613 2254 3684 synodum
2280 3612 2808 3679 Chalcedonensem,
2837 3631 3002 3685 quam
3028 3616 3307 3673 adversus
3325 3620 3569 3689 reliquos

1985 3705 2081 3773 qui
2114 3704 2252 3758 duas
2293 3702 2347 3757 in
2382 3703 2615 3758 Domino
2650 3713 2841 3757 nostro
2877 3713 3103 3760 naturas
3130 3714 3226 3760 aut
3265 3710 3571 3779 prOprieta-

1987 3805 2067 3849 tes
2093 3794 2364 3857 dixerant,
2395 3795 2620 3849 alteram
2661 3795 2863 3859 carnis,
2894 3796 3123 3851 alteram
3162 3797 3399 3854 deitatis.
3436 3800 3569 3867 Qui-

1982 3883 2108 3937 dam
2152 3898 2277 3936 cum
2323 3883 2651 3939 necessitate
2688 3884 2867 3939 adacti
2916 3886 3346 3953 consensissent,
3377 3897 3568 3959 postea

1480 3999 1756 4056 VALESII
1796 3999 2356 4057 ANNOTATIONES.

374 4106 490 4177 (66)
534 4104 746 4177 Πέτρος
773 4102 805 4153 ὀ
836 4099 1020 4177 ξἸὅηρ.
1049 4098 1138 4177 Re
1163 4096 1268 4150 hoc
1294 4095 1456 4177 Petrp
1487 4095 1885 4177 ξρετε-ἱππημ-

300 4164 485 4230 cuius.
518 4180 602 4226 est
646 4164 921 4239 Evagrius
952 4171 1007 4221 in
1049 4168 1142 4220 lib.
1182 4182 1239 4239 ιι.
1268 4181 1388 4235 cap.
1410 4164 1463 4219 8.
1493 4164 1753 4239 Ejusdem
1784 4165 1885 4219 Pe—

305 4247 379 4299 tri
417 4244 622 4299 mentio
644 4242 703 4293 lit
733 4235 798 4292 in'
819 4239 1009 4292 libello
1033 4236 1425 4290 monachorum
1452 4235 1523 4289 ad
1555 4236 1761 4289 Menam
1790 4250 1887 4304 pa-

298 4314 603 4369 triarcham
633 4311 725 4379 qui
752 4307 1069 4379 referturin
1101 4307 1316 4379 actione
1344 4306 1380 4379 5
1404 4305 1598 4379 synodi
1616 4304 1885 4360 Constan-

304 4384 535 4453 tinopol.
573 4376 673 4453 sub
703 4380 881 4453 Mena,
915 4377 1004 4431 ubi
1022 4376 1107 4453 ile
1133 4376 1335 4431 Severo
1472 4376 1736 4453 scribunt,
1767 4392 1881 4428 τοι-

300 4445 508 4524 γαρὸὖν
549 4452 641 4524 καὶ
682 4451 770 4524 τὸν
800 4447 994 4524 Ἴϐηρα
1022 4446 1223 4524 Πέτρον
1257 4448 1399 4524 κατά
1428 4447 1618 4498 ταύτὸν
1644 4445 1877 4514 δέχεται,

301 4517 556 4578 κοινωνεῖ
582 4521 640 4573 δέ
669 4521 764 4573 κα).
797 4519 909 4579 τοῖς
944 4518 1149 4578 λοιποῖς
1179 4517 1497 4584 ἀκεφάλοις.

377 4595 489 4661 (67)
528 4588 852 4661 Συνοδικὰς
882 4587 1090 4661 (alter
1120 4583 1468 4661 excarniﬁc.
1509 4583 1773 4661 Intelligii
1793 4600 1881 4647 sy-

298 4653 529 4719 nodicas
555 4677 691 4730 quas
721 4653 945 4727 scripsit
974 4655 1212 4730 Severus
1254 4656 1321 4708 ad
1356 4654 1703 4730 Timptheum
1734 4653 1879 4730 Con-

298 4723 851 4801 stantinopolitanuni
900 4726 1218 4801 episcopum
1271 4724 1430 4801 et_ad
1471 4724 1733 4801 .loannem
1781 4723 1877 4801 Ni-

300 4814 531 4859 czeotam
546 4793 864 4870 episcopum
890 4793 1251 4870 Alexandria.
1286 4794 1383 4870 llis
1395 4794 1550 4870 enim
1568 4793 1875 4870 communi-

298 4889 457 4927 casse
491 4862 753 4925 Sev'eruni
789 4869 950 4921 docet
970 4865 1268 4921 leeratus
1303 4865 1358 4918 in
1388 4863 1679 4923 Breviario,
1704 4877 1756 4915 c.
1792 4862 1875 4916 l9.

296 4944 467 4999 Certe
494 4937 936 5010 TheOphanesAin
963 4934 1240 5010 Chronico,
1270 4952 1395 5010 pag.
1420 4932 1759 5010 iiii-scribit
1786 4932 1880 4985 Ti-

302 5014 627 5071 mollicum.
651 5001 802 5064 'cum
855 5006 1046 5061 Severi
1084 5001 1287 5061 nomen
1319 5001 1593 5071 diptvchis
1636 5001 1878 5056 inserere

302 5022 627 5071 mollicum.
679 5026 802 5064 cum
855 5022 1046 5061 Seven
1084 5023 1283 5061 nomen
1319 5022 1372 5058 at
1418 5022 1593 5069 tycnls
1637 5022 1878 5056 Inserere

299 5085 591 5145 voluisset,
604 5079 945 5150 prohibitum
968 5091 1089 5131 esse
1106 5093 1137 5131 a
1157 5076 1358 5147 populo
1374 5022 1879 5141 Constantinopolio

299 5163 455 5209 ωηο.

379 5224 493 5294 (63)
537 5224 611 5275 Τὰ
636 5222 751 5294 μὲν
774 5220 1075 5294 συζοδικίι
1096 5216 1392 5294 Τιμοθέου.
1434 5213 1721 5294 Masillam
1751 5213 1879 5294 huic

296 5285 425 5350 loco
458 5285 827 5347 lucem'all‘ert
863 5289 1251 5360 Theophanes.
1278 5285 1652 5360 ls,_pag._l.’55.
1685 5285 1879 5360 scribit

298 5365 664 5418 Timotheum
723 5354 1245 5433 synodicas'litteras
1259 5364 1314 5409 et
1340 5354 1743 5433 depositionem
1769 5354 1879 5433 Ma-

297 5435 522 5490 cedonii
568 5434 633 5488 ad
665 5424 952 5487 universos
980 5430 1264 5499 episcopos
1296 5426 1512 5499 misisse
1553 5432 1613 5477 ut
1644 5425 1713 5478 iis
1747 5424 1879 5499 sub-

300 5506 613 5560 scriberent
645 5521 658 5555 :
692 5511 747 5556 et
772 5494 1104 5555 inﬁrmiores
1132 5494 1377 5565 quidem.
1402 5497 1534 5564 imp.
1563 5504 1712 5548 metu
1742 5494 1880 5546 utri-

302 5592 412 5645 que
441 5571 1059 5645 libellosuhscripsisse.
1093 5566 1202 5645 Eos
1228 5582 1359 5645 vero
1389 5568 1483 5645 qui
1517 5565 1734 5645 fortiori
1749 5565 1878 5645 'ani-

302 5636 395 5701 nio
440 5642 652 5711 przediti
705 5636 920 5696 essent.
967 5637 1563 5711 neutri‘subscribere
1614 5636 1877 5711 vol_u._isse.

300 5704 579 5779 Quosdam
630 5720 812 5765 autem
859 5708 1093 5761 mediam
1142 5706 1295 5779 viam
1327 5707 1664 5779 insistentes,
1691 5704 1879 5779 Timo:

302 5773 415 5836 ιῙιεὶ
472 5781 696 5851 quidem
755 5779 1031 5850 synodicis
1082 5777 1523 5851 subscripsisse,
1568 5773 1874 5851 Macedonii

305 5869 437 5909 vero
479 5844 807 5921 dcpositioni
849 5864 1192 5919 nequaquam
1228 5847 1641 5915 subscripsisse.
1680 5845 1757 5897 Ex
1791 5844 1876 5897 his

1989 4094 2158 4166 igitur
2186 4097 2385 4151 mediis
2409 4096 2635 4151 fuerunt
2655 4096 2900 4166 episcopi
2927 4096 3250 4166 Palmstinte.
3279 4104 3339 4150 ut
3365 4104 3569 4153 testan-

1988 4165 2078 4220 tur
2105 4167 2195 4221 hic
2225 4167 2478 4222 monachi
2512 4167 2566 4220 in
2602 4165 2834 4235 epistola
2856 4165 2931 4219 ad
2958 4165 3293 4220 Alcisonem.

2059 4236 2170 4305 (69)
2205 4237 2381 4290 Ἀλλὰ
2424 4237 2523 4289 καὶ
2563 4235 3095 4303 οἰκοδομήσαντες.
3144 4235 3344 4305 ΡιοειιΙ
3394 4236 3567 4292 dubio

1983 4304 2338 4362 scribendum
2368 4316 2453 4361 est
2480 4308 2529 4359 oi
2564 4305 2912 4378 κομίσαντες,
2938 4304 3402 4378 quemadmodum
3436 4307 3569 4378 legi-

1992 4384 2083 4447 tur
2122 4378 2198 4432 in'
2219 4378 2552 4447 Nicephoro.
2575 4375 2679 4443 Qui
2708 4377 2874 4430 etiam
2895 4390 3019 4447 _u_na
3054 4389 3187 4447 voce
3226 4376 3441 4447 auctior
3464 4375 3569 4447 est

1989 4444 2097 4516 hoc
2127 4448 2308 4508 modo.
2330 4443 2381 4500 οι
2412 4447 2736 4516 κομίσαντες
2762 4443 2994 4516 ἐνταῦθα
3014 4485 3028 4507 ,
3063 4444 3159 4499 sed
3191 4454 3250 4499 et
3289 4446 3343 4499 in
3377 4445 3568 4503 codice

1910 4526 1959 4585 ι)
1984 4515 2296 4586 Telleriano
2314 4514 2769 4586 plane‘scriptum
2795 4514 2981 4569 inveni
3001 4516 3048 4567 οἱ
3081 4516 3428 4586 κομίσαντες,
3456 4525 3565 4571 ειε.

2055 4586 2169 4656 (70)
2212 4585 2327 4652 Tini
2356 4589 2591 4656 πόλεως
2617 4585 2967 4656 ἐπέαὺτούς.
3008 4585 3167 4653 Apud
3198 4586 3568 4652 Nicephorum

1986 4655 2078 4711 hic
2101 4657 2258 4711 locus
2274 4655 2823 4723 aliterdistinguitur,
2844 4655 2950 4708 hoc
2964 4656 3178 4709 scilicet
3199 4656 3557 4722 modo."E’pu-_

1986 4742 2081 4791 γον
2111 4726 2210 4797 τῆς
2264 4726 2470 4797 πόλεως
2491 4740 2505 4754 ο
2551 4725 2636 4776 ἐπ’
2662 4725 2859 4787 αὐτοὺς
2898 4723 3205 4797 τοᾷ-δήμου*
3238 4742 3296 4797 τε
3331 4725 3423 4797 καὶ
3454 4725 3566 4777 τῶν

1990 4792 2237 4864 μοναχῶν
2286 4794 2633 4863 κινηθέντων.
2665 4796 2838 4859 Quam
2893 4792 3117 4863 quidem
3155 4793 3566 4849 distinctionem

1986 4866 2158 4936 magis
2188 4866 2380 4936 probo.

2056 4932 2168 5059 gl)
2193 4932 2335 4988 ’Τῶν
2345 4934 2412 4987 δὲ
2430 4935 2532 5019 im"
2556 4932 2893 5000 Ἀντιοχείᾳ.
2931 4932 3277 5002 Nicephorus
3296 4933 3567 5017 scriptum

2097 5015 2152 5059 et
2178 5007 2234 5056 ἐν
2269 5009 2600 5059 Ἀντιογεια.
2636 5005 2780 5059 quod
2815 5017 2923 5055 non
2954 5004 3147 5059 nrobo.
3188 5003 3375 5059 Neque
3416 5019 3567 5059 enim

1986 5003 2152 5060 habet
2178 5007 2234 5056 ἐν
2269 5004 2600 5073 Ἀντιοχείᾳ,
2636 5005 2780 5073 quod
2815 5017 2923 5055 non
2954 5004 3147 5071 probo.
3188 5003 3375 5073 Neque
3416 5004 3567 5060 enim

1986 5078 2055 5130 de
2080 5075 2370 5130 Antiochia
2404 5072 2706 5143 loquuntur
2733 5072 2988 5143 monachi
3021 5072 3343 5135 Palzestinae,
3373 5074 3469 5128 sed
3498 5074 3568 5130 de

1986 5146 2262 5215 episcopis
2303 5145 2398 5214 qui
2448 5142 2807 5215 siibjacebant
2849 5142 2966 5215 sedi
3006 5143 3381 5198 Antioclienae.
3430 5144 3567 5198 Nam

1987 5213 2109 5271 cum
2156 5213 2515 5269 antea’loeuli
2544 5224 2733 5267 essent
2772 5214 2840 5267 de
2884 5213 3046 5267 rebus
3079 5214 3407 5277 Palaestinae,
3446 5230 3569 5283 qua:

1987 5285 2307 5356 subjacebat
2341 5284 2668 5356 patriarchae
2710 5283 3230 5356 Hierosolymitano,
3277 5292 3570 5356 transeunt

1981 5351 2181 5428 jam'ad
2207 5351 2497 5428 episcopos
2528 5351 2893 5428 Orientisqui
2935 5351 3294 5428 subjacebant
3326 5354 3568 5428 pat_riar-

1987 5421 2102 5480 clue
2152 5421 2538 5488 Antiocheno;
2601 5438 2665 5477 ac
2718 5421 2954 5492 primum
3005 5421 3224 5491 quidem
3282 5421 3570 5492 nominant

1986 5497 2256 5550 Marinum
2287 5494 2605 5563 episcopum
2638 5490 2841 5564 Beryti,
2865 5562 2873 5564 _
2893 5490 3033 5564 quae
3061 5492 3195 5564 urbis
3223 5501 3308 5545 est
3340 5490 3571 5564 Phaeni-

1986 5583 2098 5621 ces.
2126 5566 2255 5620 Erat
2288 5560 2767 5618 autem—Phoenice
2793 5562 2897 5617 sub
2924 5562 3286 5632 dispositione
3327 5560 3572 5632 patriar»

1986 5637 2101 5690 ch:e
2156 5634 2484 5689 Antiocheni
2519 5676 2533 5699 ,
2594 5629 3058 5701 quemadmodum
3114 5639 3449 5701 convenerat
3508 5629 3565 5685 in

1984 5704 2820 5777 Clialcedonensisynodointer
2843 5702 3135 5757 Maximum
3160 5700 3564 5758 Antiochenuut
3662 5734 3671 5743 -

1985 5788 2039 5832 et
2069 5777 2389 5832 Juvenalem
2421 5775 2991 5845 Ilierosolymitanum.
