3960 6524
518 396 653 462 2671

518 510 713 564 mutati
767 508 1099 565 sententiam
1150 518 1479 563 revocarunt
1528 529 1539 563 :

516 601 761 671 episcopi
796 602 891 670 qui
936 601 1223 672 subiacent
1253 604 1528 672 Apamea.
1564 604 1831 662 Nonnulli
1872 624 2106 663 consen-

516 695 625 747 tire
675 694 898 763 penitus
945 702 1292 749 recusarunt.
1340 695 1421 749 Ex
1453 711 1692 765 quorum
1740 714 1976 755 numero
2021 709 2109 755 est

513 786 769 842 Julianus
798 788 1094 856 episcopus
1125 786 1359 851 Bostraz,
1388 795 1444 841 et
1477 788 1822 857 Epiphanius
1861 792 2011 863 Tyri,
2051 802 2109 846 et

517 876 610 931 alii
647 876 893 945 quidam,
933 888 992 933 ut
1016 878 1193 939 aiunt,
1221 880 1489 951 episcopi.
1521 881 1693 936 Isauri
1718 900 1853 937 vero
1885 885 2105 940 tandem

516 970 584 1023 ad
620 985 812 1025 sanam
848 980 1088 1026 mentem
1121 973 1347 1037 reversi,
1376 974 1669 1043 pristinum
1696 976 1919 1045 quidem
1950 992 2108 1031 erro-

517 1077 635 1117 rem
661 1077 823 1116 suum
849 1063 960 1133 jam
996 1062 1278 1117 damnant.
1324 1063 1589 1119 Severum
1624 1075 1809 1121 autem
1844 1081 1968 1121 cum
2022 1081 2109 1122 sc-

516 1154 826 1209 etatoribus
850 1156 967 1210 suis
993 1155 1480 1211 anathematizant.
1495 1156 1731 1223 Quidam
1756 1158 1922 1214 etiarn
1944 1174 2010 1213 ex
2042 1158 2110 1214 iis

516 1247 612 1316 qui
652 1247 756 1302 sub
803 1246 1011 1302 Severo
1062 1256 1193 1301 sunt
1240 1249 1486 1320 episcopi
1533 1260 1591 1305 et
1636 1251 1859 1313 clerici,
1905 1250 2109 1306 relictis

516 1340 759 1411 propriis
792 1341 1076 1403 Ecclesiis,
1106 1341 1463 1412 aufugerunt.
1488 1342 1564 1396 Ex
1596 1344 1801 1412 quibus
1828 1353 1912 1397 est
1938 1343 2109 1397 Julia-

517 1449 624 1487 nus
666 1434 961 1503 episcopus
1002 1434 1209 1489 Bostra:
1235 1443 1291 1489 et
1316 1435 1513 1489 Petrus
1541 1435 1813 1499 Damasci,
1843 1435 1935 1504 qui
1963 1434 2107 1504 apud

518 1540 620 1579 nos
661 1525 888 1596 degunt.
933 1526 1138 1580 Mamas
1180 1526 1357 1580 item:
1391 1526 1482 1581 hic
1528 1535 1715 1580 autem
1763 1541 1907 1580 unus
1938 1525 2108 1580 fuisse

515 1616 809 1670 videbatur
834 1633 897 1672 ex
935 1617 1153 1671 duobus
1190 1617 1567 1688 antesignanis
1597 1618 2105 1673 Dioscorianorunt.

514 1726 547 1765 a
570 1712 774 1781 quibus
801 1712 1042 1767 Severus
1065 1713 1180 1783 ipse
1205 1712 1386 1767 fuerat
1410 1712 1698 1767 institutus
1722 1730 1737 1767 :
1763 1729 1887 1767 cum
1915 1728 2111 1767 eorum

1732 405 2045 468 EVAGRII
2088 405 2574 467 SCIIOLASTICI

1594 510 1740 566 inter
1790 532 1929 585 quos
1977 527 2105 570 sunt

2217 514 2417 566 ὲαυτιῖρν
2459 515 2560 583 μὲν
2605 514 3110 581 καταγινώσκουσιν
3142 512 3238 565 ἐπὶ
3285 514 3353 583 τῇ
3396 510 3660 583 προτέρᾳ.
3690 509 3815 573 ἐξα-

3674 395 3818 459 3672

2212 607 2360 677 πάτῃ
2387 622 2400 634 ·
2428 605 2668 675 Σεδῆρον
2695 606 2753 658 δὲ
2784 606 2878 659 καὶ
2906 606 3031 667 τοὺς
3056 608 3154 657 σὺν
3186 604 3341 674 αὐτῷ
3364 602 3814 673 ἀναθεματίζου-

2213 715 2323 753 σιν.
2355 699 2574 767 Ἕτεροι
2612 698 2670 750 δὲ
2696 698 2805 750 τῶν
2848 697 2954 750 ὑπὸ
2996 696 3237 765 Σεὸἦρον
3281 697 3614 749 ἐπισκόπων
3640 732 3657 757 ,
3724 690 3820 745 καὶ

2214 788 2537 859 κληρικὼν,
2589 787 2692 849 τὰς
2735 786 3063 853 Ἐκκλησίας
3116 786 3385 854 ἀφέντες,
3437 784 3677 852 ἔφυγον.
3717 774 3819 831 Ὧν

2220 882 2340 933 ἐστι
2372 880 2469 933 καὶ
2501 880 2529 931 ὁ
2560 879 2811 949 Βοστρῶν
2839 878 3127 941 Ἰουλιανὸς
3158 878 3253 930 καὶ
3295 877 3505 945 Πέτρος
3544 878 3577 927 ὁ
3621 876 3817 942 Δαμα-

2215 973 2369 1035 σκοῦ,
2397 970 2639 1025 ἐνταῦθα
2671 972 2949 1039 διάγοντες
2979 988 2993 1003 ’
3030 971 3167 1025 ἀλλὰ
3198 971 3289 1023 καὶ
3311 970 3524 1039 Μάμας
3547 967 3676 1038 (72)
3703 1007 3717 1018 .
3738 960 3819 1027 εἷς

2214 1065 2272 1120 δὲ
2293 1057 2451 1128 οὗτος
2474 1064 2583 1117 τῶν
2600 1063 2871 1129 δοξάντων
2894 1062 2987 1116 δύο
3008 1062 3254 1133 ἐξάρχων
3280 1055 3421 1115 εἶναι
3447 1061 3558 1112 τῶν
3589 1062 3821 1111 Διοσκο-

2219 1157 2440 1227 ριανῶν,
2474 1157 2564 1225 ὑφ’
2591 1149 2665 1209 ὧν
2688 1156 2782 1208 καὶ
2805 1154 3046 1225 Σεϐῆρος
3063 1154 3309 1223 κατήχθη
3330 1154 3469 1221 (73),
3494 1151 3819 1217 καταγνοὺς

2216 1250 2398 1304 αὐτῶν
2422 1250 2522 1320 τῆς
2551 1249 2862 1311 αὐθαδείας.
2888 1249 2995 1304 Καὶ
3024 1248 3328 1317 μεθέτερα.
3362 1245 3445 1298 Τά
3480 1246 3537 1298 δὲ
3569 1242 3816 1296 ἐνταῦθα

2221 1341 2585 1411 μοναστήρια,
2614 1341 2707 1393 καὶ
2728 1339 2867 1392 αὑτά
2890 1339 2957 1391 τά
2998 1338 3350 1408 Ἰεροσολύμα
3383 1335 3684 1405 ὁμονοοῦσι
3719 1335 3815 1385 σὺν

2208 1430 2329 1500 Θεῷ
2378 1432 2508 1501 περὶ
2538 1431 2636 1501 τὴν
2666 1432 2831 1502 ὀρθὴν
2856 1433 3061 1495 πίστιν,
3104 1430 3201 1483 καὶ
3240 1430 3401 1482 ἄλλαι
3442 1429 3502 1480 δὲ
3545 1427 3812 1478 πλεῖσται

2211 1521 2396 1584 πόλεις
2430 1522 2569 1592 μετὰ
2598 1523 2707 1574 τῶν
2737 1523 3075 1578 ἐπισκόπων.
3128 1524 3260 1593 Περὶ
3293 1516 3370 1575 ὦν
3403 1523 3675 1575 ἁπάντων
3717 1522 3810 1570 καὶ

2208 1616 2365 1687 ἡμῶν
2413 1616 2720 1687 προσεύχου
2772 1616 2847 1686 μὴ
2896 1615 3159 1669 εἰσελθεῖν
3203 1617 3286 1680 είς
3332 1615 3691 1687 πειρασμὸν,
3725 1613 3808 1667 δέ-

2226 1728 2400 1763 σποτα
2434 1709 2708 1777 ἁγιώτατε
2732 1712 2827 1764 καὶ
2857 1710 3050 1780 τιμιώλ.
3097 1727 3155 1763 τε
3182 1709 3339 1780 ἡμῶν
3362 1710 3567 1778 Πάτερ.

515 1808 884 1878 arrogantiam
916 1809 1299 1877 improbasset.
1359 1808 1426 1861 Et
1454 1807 1616 1879 paulo
1674 1820 1810 1878 post.
1839 1808 2167 1863 Monasteria
2206 1821 2338 1860 vero
2368 1820 2491 1875 quae
2523 1804 2615 1860 hic
2649 1814 2798 1870 sunt,
2829 1814 2881 1860 et
2920 1806 3037 1874 ipsa
3077 1804 3478 1875 Hierosolyma,
3521 1803 3645 1857 aliae
3677 1810 3807 1855 item

516 1900 767 1968 plurima:
802 1901 1054 1956 civitates
1090 1918 1195 1955 una
1228 1917 1352 1956 eum
1383 1902 1551 1972 368
1587 1901 1704 1955 suis
1768 1901 2048 1971 episcopis
2090 1902 2145 1956 in
2213 1909 2363 1956 recta
2417 1899 2524 1955 fide
2572 1900 2948 1955 consentiunt.
2998 1901 3103 1955 Pro
3147 1899 3351 1969 quibus
3392 1897 3711 1960 universis,
3753 1900 3805 1950 et

514 2006 615 2060 pro
641 1990 822 2056 nobis,
857 2007 952 2046 ora
988 2006 1054 2046 ne
1089 1992 1360 2045 intremus
1388 1991 1444 2045 in
1471 1991 1851 2057 tentationem,
1878 1991 2101 2048 domine
2124 1992 2474 2048 sanctissime
2498 1999 2556 2046 et
2580 1992 2813 2045 maxime
2840 1989 3165 2045 honorande
3190 1990 3351 2045 Pater
3373 1998 3583 2043 noster.

1093 2108 1243 2165 CAP.
1285 2107 1525 2165 XXXIV.

517 2201 593 2255 De
626 2199 801 2255 libello
850 2201 1188 2271 depositionis
1240 2201 1310 2254 ad
1350 2201 1593 2271 eumdem
1644 2200 1894 2257 Severum
1944 2202 2101 2256 misso

980 2289 1011 2325 a
1042 2272 1231 2325 Cosma
1250 2281 1297 2324 et
1333 2270 1639 2325 Severiano.

588 2386 693 2440 Sed
746 2384 1006 2455 quoniam
1056 2384 1387 2455 supradicta:
1420 2385 1616 2440 litterm
1650 2392 1945 2448 testantur,
1985 2384 2104 2454 epi-

516 2492 714 2547 sc0p05
754 2477 849 2547 qui
902 2476 1262 2547 subjacebant
1307 2477 1566 2532 Ecclesiae
1615 2477 2044 2547 Apamenorum,
2074 2491 2104 2531 a

516 2566 708 2622 Severi
769 2567 1156 2621 communione
1206 2567 1506 2621 recessisse
1553 2584 1566 2620 :
1618 2567 1941 2638 adjiciamus
1992 2568 2103 2630 hic,

516 2657 561 2712 si
594 2657 795 2727 placet,
822 2672 885 2711 ea
916 2673 1036 2726 quas
1065 2673 1094 2711 a
1129 2656 1387 2711 Patribus
1411 2657 1744 2727 accepimus,
1780 2657 1911 2712 licet
1943 2657 2107 2712 nullis

516 2748 700 2804 adhuc
729 2748 1085 2804 historiarum
1122 2747 1499 2803 monumentis
1531 2749 1642 2803 sint
1699 2749 1936 2819 prodita.
1996 2747 2106 2803 Co-

518 2851 665 2891 smas
715 2836 1007 2906 episcopus
1056 2848 1259 2893 nostra:
1304 2837 1627 2908 Epiphania:
1677 2856 1841 2909 quam
1872 2838 2108 2894 Orontes

514 2928 717 2983 ﬂuvius
785 2928 977 2993 alluit,
1041 2937 1095 2984 et
1152 2928 1483 2985 Severianus
1552 2930 1869 3005 episc0pus_
1916 2931 2109 2986 vicina:

514 3020 670 3075 urbis
697 3019 1006 3085 Arethusae,
1043 3021 1323 3093 synodieis
1357 3022 1548 3078 Severi
1591 3023 1792 3078 litteris
1822 3023 2107 3088 commoti,

514 3124 641 3167 cum
666 3113 733 3168 ab
755 3114 875 3184 ejus
899 3114 1289 3171 communione
1316 3131 1439 3171 sese
1460 3114 1832 3186 abrupissent,
1858 3116 2109 3171 libellum

514 3204 878 3276 depositionis
906 3204 975 3259 ad
1020 3220 1148 3261 eum
1190 3207 1438 3273 mittunt,
1468 3208 1825 3263 Antiochense
1852 3208 2112 3268 Ecclesia:

514 3298 805 3352 etiamtum
833 3298 1238 3368 praesidentem.
1270 3300 1445 3355 Porro
1478 3299 1629 3355 hunc
1662 3301 1911 3355 libellum
1940 3300 2112 3354 Aure-

516 3389 668 3445 liano
718 3390 936 3445 cuidam
992 3391 1375 3457 tradiderunt,
1428 3392 1817 3447 archidiacono
1867 3391 2111 3461 Epipha-

515 3483 726 3538 niensis
779 3482 1058 3538 Ecclesiae.
1114 3482 1220 3550 Qui
1262 3484 1521 3555 quoniam
1575 3485 1840 3540 Severum
1892 3483 2108 3554 ipsum,

2134 2250 2183 2311 B

2800 2106 3053 2159 ΚΕΦΑΛ.
3082 2106 3205 2158 AA'.

2211 2195 2353 2268 Περὶ
2405 2196 2519 2268 τῆς
2574 2199 2955 2268 πεμφθείσης
3009 2195 3169 2262 αὐτῷ
3231 2197 3636 2266 καθαιρέσεως
3682 2198 3797 2251 ὑπὸ

2600 2267 2813 2338 Κοσμᾶ
2862 2268 2961 2321 καὶ
3020 2268 3408 2335 Σεϐηριανοῦ.

2236 2441 2241 2447 ,
2280 2379 2501 2451 Ἐπειδὴ
2530 2380 2711 2434 τοίνυν
2745 2379 3005 2433 ταῦτατὰ
3037 2380 3342 2453 γράμματα
3368 2378 3515 2446 λέγει
3540 2381 3665 2443 τοὺς
3695 2378 3795 2432 ὑπὸ

2206 2470 2517 2540 Ἀπάμειαν
2535 2472 2714 2541 ἱερέας
2741 2470 2851 2541 (74)
2872 2471 3222 2542 ἁποπηδῆσαι
3248 2471 3354 2524 ἀπὸ
3369 2472 3630 2541 Σεδήρου,
3664 2470 3791 2540 φέρε

2206 2572 2259 2622 τί
2286 2564 2612 2642 προσθῶμεν
2639 2565 2775 2637 ὅπερ
2797 2566 2854 2627 ἐς
2884 2565 3030 2635 ἡμᾶς
3064 2564 3332 2635 πατρόθεν
3382 2564 3534 2636 διέόη
3564 2605 3579 2627 ,
3612 2567 3656 2617 εἱ
3699 2564 3793 2617 καὶ

2215 2661 2431 2731 ἱστορίᾳ
2460 2660 2623 2730 μέχρι
2647 2657 2741 2711 νῦν
2770 2657 2871 2709 οὐκ
2900 2658 3248 2726 ἀνείληπται.
3276 2659 3501 2727 Κοσμᾶς
3534 2657 3635 2727 τὴν
3656 2658 3789 2727 ἡμε-

2206 2757 2371 2824 τέραν
2412 2753 2729 2807 ἐπισκοπῶν
2755 2753 3144 2824 Ἐπιφάνειαν,
3168 2751 3202 2821 ἣ
3236 2750 3327 2803 τὸν
3376 2750 3635 2821 Ὀρόντην
3665 2747 3785 2800 σύνο

2207 2823 2359 2901 οικον
2425 2844 2557 2915 ἔχει,
2591 2846 2686 2897 καὶ
2713 2823 3040 2913 Σεδηριανὸς
3071 2841 3397 2912 Ἀρέθουσαν
3423 2841 3521 2906 τὴν
3550 2838 3788 2906 ἀστυγεί-

2207 2958 2368 3005 τονα,
2397 2937 2535 3008 πρὸς
2563 2936 2632 2989 τὰ
2662 2936 2916 2989 συνοδικὲι
2964 2936 3208 3005 Σευήρου
3248 2933 3623 3003 ταραχθέντες
3645 2975 3657 2994 ,
3696 2933 3782 2983 καὶ

2209 3032 2310 3101 τῆς
2344 3031 2553 3084 ἐκείνου
2591 3026 2877 3091 κοινωνίας
2933 3028 3160 3090 ἑαυτοὺς
3212 3026 3662 3098 ἀπορρήξαντες,
3705 3024 3783 3093 ﬂ:-

2211 3123 2359 3175 δλίον
2407 3120 2786 3190 καθαιρέσεως
2835 3117 2986 3187 αὑτῷ
3038 3117 3442 3187 διαπέμπονται
3488 3117 3543 3179 ἐς
3590 3114 3783 3180 ἐτιτὴν

2212 3214 2488 3283 Ἀντιόχου
2520 3212 2675 3266 πόλιν
2719 3211 3134 3265 ἐπισκοποῦντι.
3179 3209 3584 3283 Ἐγχειρίζουσι
3638 3208 3689 3265 δὲ
3729 3204 3783 3257 τὸ

2215 3305 2423 3376 βιϐλίον
2470 3288 2817 3373 Αὑρηλιανῷ,
2871 3302 2949 3374 τῷ
3003 3302 3109 3371 τῶν
3162 3302 3424 3355 διακόνων
3470 3301 3663 3370 πρώτῳ
3691 3297 3781 3365 τῆς

2212 3396 2575 3466 Ἑπιφανέων.
2615 3398 2709 3459 Ὃς
2749 3396 2939 3466 ἐπειδὴ
2970 3396 3061 3447 τὸν
3109 3396 3350 3467 Σευῆρον
3380 3394 3632 3447 ἐδεδοίκει
3655 3433 3668 3454 ,
3695 3389 3782 3443 καὶ

2213 3490 2305 3544 τὸν
2330 3490 2432 3560 τῆς
2464 3488 2737 3557 τοσαύτης
2772 3488 3080 3558 ἐπισκοπῆς
3122 3488 3289 3555 ὄγκον
3311 3528 3327 3554 ,
3353 3488 3441 3539 ὅτε
3467 3486 3562 3557 τὴν
3591 3484 3782 3538 Ἀντιό-

518 3576 768 3646 tantique
813 3576 1166 3646 episcopatus
1214 3576 1415 3633 fastum
1462 3576 1857 3633 reformidabat
1894 3596 1906 3630 :
1943 3577 2110 3631 simul

2218 3601 2314 3654 χον
2346 3582 2692 3651 κατειλήφει,
2720 3580 2926 3651 ἐσθῆτα
2954 3580 3274 3649 γυναικείαν
3304 3578 3482 3648 ἑαυτῷ
3510 3576 3741 3647 περιθεὶς
3763 3615 3775 3635 .

516 3677 681 3738 atque
710 3667 1056 3723 Antiochiam
1086 3667 1259 3733 venit,
1298 3669 1533 3723 amictus
1566 3670 1821 3725 muliebri
1860 3679 2009 3723 veste
2040 3668 2107 3723 ad

518 3758 787 3815 Severum
837 3759 1090 3824 accessit,
1120 3760 1311 3830 jocans
1356 3776 1419 3815 ac
1464 3760 1774 3825 lasciviens,
1818 3761 2110 3831 modisque

517 3852 775 3905 omnibus
804 3851 1053 3906 similans
1086 3868 1144 3907 se
1180 3852 1475 3907 mulierem
1516 3868 1657 3907 esse.
1689 3852 1823 3907 Velo
1869 3852 2110 3923 denique

516 3961 629 4013 quo
679 3954 845 4013 caput
875 3952 1218 4008 contexerat,
1270 3943 1337 3997 ad
1386 3953 1579 4014 pectus
1633 3960 1807 4014 usque
1847 3945 2109 4011 demisso,

516 4038 825 4091 lamentans
880 4044 1045 4105 atque
1094 4037 1264 4091 altum
1321 4038 1639 4107 suSpirans,
1696 4048 1752 4093 et
1796 4039 2111 4104 obtestans,

518 4126 704 4195 specie
751 4126 1016 4197 supplicis
1049 4126 1219 4181 libelli
1269 4126 1477 4187 Severo
1523 4129 1845 4198 procedenti
1893 4129 2114 4199 deposi-

523 4220 729 4274 tionem
765 4220 950 4275 tradit.
986 4218 1235 4289 Cumque
1289 4234 1483 4276 omnes
1528 4221 1801 4285 latuisset,
1834 4238 1901 4277 ex
1951 4223 2115 4281 turba

520 4325 647 4378 quae
694 4308 961 4364 Severum
1008 4301 1367 4379 sequebatur,
1418 4326 1477 4365 se
1525 4311 1792 4367 subduxit
1828 4330 1843 4365 :
1878 4312 2114 4384 fugaque

522 4412 764 4471 arrepta,
799 4404 1032 4458 salutem
1078 4404 1180 4458 sibi
1216 4404 1489 4473 quaesivit,
1524 4404 1843 4475 priusquam
1876 4391 2115 4464 Severus

521 4509 589 4550 ea
613 4510 736 4564 qum
779 4495 834 4549 in
875 4496 1064 4551 libello
1099 4497 1304 4566 scripta
1335 4506 1517 4562 erant,
1546 4499 1910 4568 cognovisset.
1949 4500 2114 4556 Sevev

521 4602 618 4642 rus
648 4596 851 4650 tamen,
879 4588 1133 4657 quamvis
1157 4588 1404 4642 libellum
1440 4589 1793 4659 suscepisset,
1828 4599 1883 4645 et
1908 4606 2029 4661 qua:
2058 4593 2113 4647 in

522 4677 618 4732 iilo
666 4678 1097 4732 continebantur
1130 4677 1435 4744 didicisset,
1485 4678 1848 4749 nihilominus
1894 4680 1948 4734 in
1984 4682 2115 4737 sede

523 4786 621 4825 sua
655 4769 959 4840 permansit
1004 4768 1071 4823 ad
1119 4769 1330 4822 obitum
1379 4785 1553 4839 usque
1599 4769 1895 4829 Anastasii.
1944 4771 2114 4826 Porro

523 4877 651 4917 cum
682 4860 1004 4917 Anastasius
1032 4875 1095 4917 ea
1128 4876 1250 4930 quin
1296 4860 1501 4916 Severo
1544 4860 1858 4916 acciderant
1890 4878 2114 4932 compe-

2220 3672 2452 3745 προσῄει
2479 3672 2557 3741 τῷ
2586 3672 2836 3741 Σευήρῳ,
2866 3670 3211 3740 αἱκιζὸμενός
3240 3686 3297 3723 τε
3332 3671 3427 3723 καὶ
3451 3667 3778 3741 θρυπτούμε-

2217 3783 2307 3829 νος
2337 3766 2431 3819 καὶ
2462 3765 2552 3819 διὰ
2581 3764 2801 3821 πάντων
2845 3764 2907 3821 τὸ
2944 3759 3083 3818 εἶναι
3142 3764 3281 3833 γυνὴ
3307 3761 3779 3833 σχηματιζόμενος,

2216 3859 2312 3910 καὶ
2342 3857 2402 3909 τὸ
2433 3856 2574 3909 κατὰ
2625 3856 2726 3927 τῆς
2754 3853 2998 3924 κεφαλῆς
3029 3855 3200 3925 φάρος
3232 3854 3394 3924 μέχρι
3423 3854 3528 3906 τῶν
3563 3852 3779 3921 στέρνων

2216 3950 2429 4015 καθεὶς,
2457 3948 2859 4018 ὀλοφυρόμενός
2906 3963 2967 3997 τε
3023 3948 3117 3999 καὶ
3166 3945 3358 4015 μύχιον
3388 3945 3735 4013 ποτνιώμενος
3762 3981 3775 4005 ,

2218 4041 2500 4112 ἱκετηρίας
2528 4040 2675 4102 τινὸς
2703 4040 3064 4109 προσχήματι
3092 4038 3333 4107 προῖόντι
3358 4037 3436 4107 τῷ
3458 4038 3666 4107 Σευήρῳ
3693 4034 3780 4103 τὴν

2217 4134 2541 4204 καθαίρεσιν
2582 4131 2888 4185 ἐπιδίδωσι.
2947 4131 3057 4184 Καὶ
3108 4130 3316 4193 πάντας
3359 4128 3656 4186 διαλαθὼν.
3689 4125 3773 4178 τοῦ

2216 4227 2484 4297 ἑπομένου
2519 4225 2718 4292 ἔξεισιν
2748 4224 2961 4294 ὁμίλου,
2990 4222 3088 4277 καὶ
3112 4222 3342 4298 δρασμῷ
3390 4222 3490 4289 τὴν
3530 4219 3777 4289 σωτηρὲαν

2217 4320 2460 4383 ὠνεῖται,
2500 4317 2633 4389 πρὶν
2658 4317 2750 4369 τὸν
2781 4316 3022 4385 Σευῆρον
3055 4315 3124 4369 τὰ
3162 4315 3220 4369 ὲν
3252 4314 3331 4384 τῷ
3364 4313 3555 4385 βιϐλίῳ
3574 4314 3777 4381 κείμενα

2218 4413 2445 4481 γνῶναι.
2472 4412 2661 4480 Ὅμως
2689 4408 2732 4461 δ’
2777 4404 2869 4461 οὖν
2896 4408 2924 4459 ὁ
2955 4407 3191 4478 Σευῆρος
3227 4408 3321 4461 καὶ
3365 4408 3426 4460 τὸ
3470 4405 3661 4478 βιόλίον
3702 4402 3778 4455 δε-

2220 4504 2450 4574 ξάμενος
2473 4504 2568 4557 καὶ
2592 4504 2659 4556 τὰ
2684 4503 2742 4555 ὲν
2766 4499 2914 4571 αὐτῷ
2938 4500 3119 4563 συνεὶς
3138 4542 3154 4567 ,
3182 4500 3261 4571 τῷ
3283 4499 3469 4568 οἰκείῳ
3498 4512 3777 4569 προσεκαρ-

2218 4596 2424 4666 τέρησε
2451 4594 2650 4665 θρόνῳ,
2682 4592 2845 4663 μέχρι
2873 4591 2973 4662 τῆς
3004 4591 3365 4646 Ἀναστασὶου
3394 4590 3662 4659 τελευτῆς.
3701 4587 3776 4647 Ὠς

2219 4684 2313 4742 οὖν
2345 4686 2704 4748 Ἀναστάσιος
2733 4684 2805 4738 τὰ
2841 4683 2936 4736 ἐπὶ
2961 4685 3190 4755 Σευήρῳ
3221 4685 3560 4753 γεγενημένα
3581 4683 3773 4747 διέγνω,

2222 4778 2540 4849 ἱστορητέον
2588 4775 2697 4845 γὰρ
2728 4774 2827 4845 τὴν
2858 4773 3057 4839 πρᾶξιν
3102 4771 3499 4843 φιλανθρώπως
3545 4772 3618 4842 τῷ
3647 4772 3777 4823 Ἀνα-

2222 4866 2429 4934 στασίῳ
2456 4864 2948 4933 διεσκευασμένην,
2993 4862 3324 4931 προστάττει
3375 4861 3665 4929 Ἀσιατικῷ
3696 4860 3777 4926 τὴν

526 4956 689 5009 rissct
715 4973 729 5008 :
756 4968 937 5024 neque
971 4952 1121 5007 enim
1156 4952 1429 5009 silendum
1478 4963 1562 5009 est
1604 4954 1876 5009 Anastasii
1912 4956 2110 5011 factum

2225 4955 2628 5029 στρατιωτικὴν
2663 4953 2840 5025 ἀρχὴν
2881 4951 2993 5025 (75)
3023 4953 3123 5024 τῆς
3145 4955 3203 5007 ὲν
3234 4953 3456 5024 Φοινίκῃ
3478 4951 3776 5022 Λιϐανησίλς

1699 5089 1972 5149 VALESII
2026 5089 2589 5148 ANNOTATIONES.

600 5180 709 5246 (72)
747 5180 935 5235 Ἀλλὰ
967 5180 1063 5233 καί
1097 5180 1328 5250 Μάμης.
1369 5182 1747 5251 llujuslllamte
1770 5186 2103 5241 mentionem

524 5252 653 5306 facit
680 5251 966 5306 Liberatus
995 5252 1050 5305 in
1079 5268 1201 5321 cap.
1231 5253 1297 5306 l9
1332 5252 1612 5315 Breviurii,
1655 5256 1725 5309 ita
1758 5257 2005 5311 scribens
2041 5257 2109 5313 de

526 5323 754 5377 Sevm'o.
810 5322 1005 5375 Deinde
1048 5322 1230 5375 sedens
1257 5323 1311 5375 in
1340 5324 1540 5377 abbatis
1572 5324 1798 5381 Romani
1836 5337 1885 5383 et
1920 5327 2114 5381 Manta:

524 5396 619 5463 qui
647 5403 764 5464 post
800 5410 919 5473 enni
950 5394 1183 5473 prefuit,
1216 5396 1565 5473 monasterio,
1595 5397 1784 5473 deinde
1814 5399 2002 5451 missus
2043 5408 2119 5459 est

526 5479 843 5548 Hernicinam
881 5464 1339 5543 βοιιδιαηιίηοροίὶ
1387 5465 1783 5548 apocrisiarius.
1817 5466 2123 5548 Quoigitur

526 5533 607 5588 illi
662 5534 1091 5588 Diusmritaruin
1146 5534 1492 5603 antesignani
1539 5550 1569 5587 a
1604 5537 1807 5603 quibus
1834 5533 2122 5597 institutus

530 5604 712 5659 fuerat
740 5602 996 5666 Severus,
1032 5611 1160 5657 sunt
1190 5602 1472 5658 Romanus
1515 5615 1570 5658 et
1612 5602 1838 5667 Marnas.
1891 5609 2121 5663 abbates

526 5674 856 5746 monasterii
891 5674 1041 5746 illius
1086 5674 1235 5746 quod
1281 5684 1399 5746 erat
1423 5675 1573 5746 inter
1603 5675 1893 5746 Majuniam
1926 5688 1982 5732 et
2012 5681 2120 5733 Ga-

422 5746 432 5755 '
526 5758 673 5799 zam.
702 5744 863 5798 Certe
901 5742 1289 5813 Theophanes,
1316 5745 1372 5797 in
1403 5742 1698 5809 Chronico,
1722 5751 2117 5804 monasterium

530 5813 667 5887 illud
723 5814 830 5887 τῶν
878 5816 1251 5887 ἀποσχιστιῖνμ
1285 5815 1537 5884 μοναχῶν
1589 5818 1859 5887 appellat,
1896 5819 1949 5872 id
2008 5834 2114 5885 eSt,

528 5882 1005 5939 schismaticorum
1038 5882 1459 5939 inonaclmruni.

2290 5187 2402 5256 (73)
2439 5185 2568 5252 Ὑφ’
2596 5178 2684 5237 ὧν
2716 5186 2817 5238 καὶ
2846 5186 3107 5253 Σεόῆρος
3132 5186 3425 5255 κατήχθη.
3466 5184 3778 5256 Malimscri'

2219 5258 2353 5312 bere
2385 5260 2689 5325 κατηχήθη.
2746 5256 2947 5310 Mamas
2990 5259 3136 5311 enim
3180 5269 3237 5314 et
3273 5258 3552 5314 Rullianus
3586 5255 3779 5309 abbaies

2226 5330 2491 5382 Severum
2521 5329 2895 5391 instituerant,
2930 5337 2989 5382 ut
3033 5344 3201 5400 supra
3246 5328 3487 5383 diximus
3532 5344 3594 5381 ex
3640 5326 3771 5379 Libe-

2231 5410 2415 5539 νειῗέῖῖι)
2462 5472 2607 5538 Τοὺς
2664 5472 2783 5525 ὑπὸ
2811 5433 3129 5539 ’Δπιὶμειαν
3168 5469 3380 5537 ἱερέας.
3426 5468 3638 5539 Apamia
3682 5480 3773 5539 nic-

2232 5537 2465 5609 tropolis
2488 5553 2605 5596 erat
2640 5542 2809 5611 Syria:
2838 5537 3039 5605 (Scel—es,
3069 5558 3163 5596 seu
3195 5537 3767 5611 secundaﬁcui‘subje-

2228 5608 2514 5685 elicuerunt
2549 5608 2857 5683 Epiphania
2887 5622 2942 5666 et
2962 5613 3257 5676 Arethusa,
3279 5621 3337 5664 ut
3366 5611 3562 5665 docent
3586 5608 3768 5663 Nolim:

2223 5696 2255 5733 v
2276 5691 2379 5733 'ter
2408 5724 2411 5727 .
2452 5724 2464 5735 .

2260 5699 2571 5820 275:5an
2608 5750 3193 5819 Ἀσιατικὴνὰρχήν.
3240 5751 3398 5805 Hunc
3435 5751 3607 5805 locum
3638 5745 3763 5820 resti-

2221 5818 2427 5897 tuimus
2450 5818 2772 5897 exeptiinis
2801 5818 3091 5897 codicibus
3116 5820 3436 5897 Florentino
3458 5831 3517 5876 et’
3535 5818 3759 5897 Tolli-ria-

2217 5906 2309 5955 no,
2344 5892 2397 5945 in
2434 5894 2637 5964 quibus
2664 5894 2739 5947 ita
2763 5892 3047 5956 scribitur,
3079 5893 3177 5963 τὴν
3204 5894 3593 5962 στρατιωτικὴν
3618 5891 3757 5958 ἀρχὴν

3886 5560 3887 5605 1

3884 5690 3885 5737 i

3880 5822 3883 5911 ἕ

3878 5952 3881 5998 i
