4048 6542
374 381 517 453 2673

1326 387 1711 453 HlSTORI/E
1751 380 2345 458 ECCLESIASTIC/E
2384 394 2619 458 LIBER
2656 396 2773 459 III.

3500 398 3647 464 2674

372 496 760 570 ἐπιτραπέντι,
811 496 1040 567 Κοσμᾶν
1069 496 1163 551 καὶ
1199 498 1531 569 Σευηριανὸν
1569 500 1681 553 τῶν
1731 502 1949 556 οἰκείων

2059 502 2274 571 plenum
2327 504 2637 559 clementiae
2691 514 2859 573 atque
2913 504 3301 572 humanitatis;
3363 510 3651 569 mandavit

373 592 631 658 ἐξελάσαι
661 589 890 660 θρόνων,
919 589 1057 643 διότι
1084 589 1163 660 τῷ
1195 590 1417 661 Σευήρῳ
1451 593 1550 661 τῆς
1574 592 1954 663 καθαιρέσεως

369 683 432 737 τὸ
456 683 663 752 βιϐλίον
718 684 1097 752 πεπόμφασιν.
1137 684 1233 747 Ὃς
1290 684 1481 755 ἐπειδὴ
1534 684 1605 739 τὰ
1659 689 1759 757 τῆς
1813 688 1957 758 ἑῴας

372 775 694 844 κατειλήφει
719 775 882 846 μέρη,
914 774 1231 838 πολλούςτε
1255 774 1365 828 τῶν
1401 777 1601 848 Κοσμᾶ
1646 777 1741 831 καὶ
1787 778 1961 850 Σευη-

373 866 553 939 ριανοῦ
582 867 868 938 δογμάτων
890 867 1283 938 ἀντεχομένους
1307 862 1456 937 εὗρε,
1479 869 1626 939 μάλα
1642 886 1701 923 τε
1725 870 1957 938 γενικῶς

370 961 550 1013 αὐτῶν
600 958 1063 1030 ἀντιποιουμένας
1120 960 1221 1025 τὰς
1277 956 1431 1029 σφῶν
1462 961 1669 1026 πόλεις,
1713 964 1955 1034 ἀνήγαγε

367 1053 447 1123 τῷ
481 1054 841 1124 ’Δναστασίῳ,
867 1055 1143 1124 ἀναιμωτί
1184 1056 1259 1127 μὴ
1282 1054 1544 1109 δύνασθαι
1586 1056 1812 1121 τούτους
1845 1058 1957 1112 τῶν

370 1146 589 1201 οἰκείων
642 1146 969 1217 φυγαδεύειν
1015 1146 1244 1218 θρόνων.
1321 1146 1589 1202 Τοσοῦτον
1656 1147 1951 1219 τοιγαροῦν

373 1238 571 1309 περιῆν
609 1238 1025 1308 φιλανθρωπίας
1055 1239 1518 1311 τῷδἈναστασίῳ,
1550 1238 1628 1303 ὡς
1658 1239 1956 1312 διαρρήδην

371 1329 578 1401 γράψαι
638 1330 717 1399 τῷ
765 1329 1083 1399 ’Ᾱσιατικῷ,
1136 1329 1304 1401 μηδὲν
1367 1330 1693 1401 βούλεσθαι,
1758 1333 1958 1403 παρελ-

370 1423 484 1475 θεῖν
505 1423 640 1494 (76),
684 1422 810 1494 μηδ’
834 1424 902 1478 ἂν
931 1424 978 1477 εἰ
1019 1424 1162 1494 μέγα
1195 1441 1255 1477 τε
1277 1425 1370 1478 καὶ
1397 1424 1678 1492 ἀξιόλογον
1711 1419 1768 1499 ᾖ,
1795 1424 1955 1497 εἴπερ

374 1516 609 1585 αἵματος
638 1518 793 1587 ῥανὶς
827 1518 1095 1588 ὲκχέοιτο.
1129 1518 1222 1571 Ἐν
1245 1518 1457 1582 τούτοις
1490 1519 1589 1588 μὲν
1605 1514 1700 1574 οὖν
1718 1519 1787 1573 τὰ
1812 1520 1955 1573 κατὰ

370 1605 812 1676 τάςἘκκλησίας
842 1608 1119 1679 πανταχοῦ
1141 1612 1245 1682 γῆς
1271 1610 1643 1681 καθειστήκει,
1674 1612 1839 1682 μέχρι
1856 1613 1957 1683 τῆς

382 1692 740 1753 Ἀναστασίου
778 1700 1093 1769 βασιλείαςο
1122 1702 1181 1756 ὃν
1213 1703 1307 1755 καὶ
1352 1698 1428 1767 ὡς
1478 1704 1722 1757 ἐναντίον
1752 1705 1850 1774 τῆς
1897 1707 1955 1758 ὲν

370 1783 672 1858 Καλχηδόνι
703 1790 924 1844 συνόδου
952 1793 1097 1853 τινες
1134 1791 1441 1861 κρίναντες,
1474 1792 1583 1844 τῶν
1607 1792 1770 1861 ἱερῶν
1793 1808 1953 1863 περι-

2057 594 2301 652 Asiatico
2333 596 2461 653 duci
2493 597 2785 653 Plimnices
2817 597 3167 663 Libanensis,
3206 609 3266 654 ut
3296 600 3549 657 Cosmam
3583 619 3649 661 ac

2059 685 2422 745 Severianum
2448 689 2676 745 sedibus
2706 692 2822 745 suis
2857 692 3180 761 expelleret,
3211 708 3280 747 eo
3303 696 3449 763 quod
3479 696 3650 767 depo-

2056 778 2277 834 sitionis
2308 779 2556 836 libellum
2606 780 2673 835 ad
2722 780 2989 837 Severum
3035 782 3255 837 mittere
3285 785 3406 839 ausi
3440 797 3644 842 essent.

2058 868 2163 936 Qui
2194 885 2321 925 cum
2349 871 2417 926 ad
2450 870 2694 926 Orientis
2743 880 2925 939 partes
2956 872 3222 939 venisset,
3248 883 3306 929 et
3337 875 3646 931 doctrinam

2058 960 2269 1017 Cosma:
2311 978 2378 1018 ac
2423 963 2704 1020 Severiani
2752 982 2783 1020 a
2828 966 3018 1020 multis
3056 965 3277 1021 defendi
3328 969 3644 1037 reperisset,

2058 1052 2336 1123 urbesque
2368 1054 2587 1135 illorum
2634 1055 2932 1111 admodum
2976 1064 3204 1112 strenue
3242 1073 3341 1127 pro
3375 1060 3491 1113 suis
3524 1061 3644 1129 cpi-

2059 1146 2241 1214 scopis
2264 1160 2628 1217 propugnare,
2654 1150 2841 1204 retulit
2866 1150 2934 1204 ad
2958 1151 3330 1215 Anastasium,
3353 1152 3644 1222 episcopos

2058 1238 2195 1300 istos
2236 1240 2478 1309 propriis
2525 1241 2749 1297 sedibus
2789 1242 3071 1299 exturbari
3106 1244 3245 1298 citra
3294 1245 3499 1299 aedem
3533 1261 3644 1298 non

2057 1345 2241 1400 posse.
2291 1330 2524 1385 Tantum
2574 1347 2741 1402 porro
2782 1333 3143 1388 humanitatis
3187 1336 3367 1390 inerat
3412 1336 3464 1389 in
3500 1335 3647 1390 Ana-

2058 1421 2248 1488 stasio,
2287 1430 2347 1476 ut
2376 1422 2581 1478 diserte
2626 1424 2693 1479 ad
2735 1424 3039 1479 Asiaticum
3086 1428 3452 1496 rescripserit,
3499 1428 3648 1481 nolle

2057 1528 2117 1568 se
2143 1513 2442 1583 quidquam
2484 1515 2550 1570 ad
2582 1517 2789 1571 exitum
2824 1516 3079 1587 perduci,
3103 1518 3354 1586 quamvis
3389 1534 3645 1589 magnum

2057 1612 2223 1673 atque
2251 1605 2535 1670 eximium,
2566 1607 2620 1686 .si
2667 1608 2751 1661 vel
2800 1617 2953 1678 gutta
2988 1608 3273 1678 sanguinis
3311 1610 3646 1664 ctl‘undcnda

2057 1704 2221 1751 esset.
2254 1697 2363 1752 Res
2390 1697 2557 1769 igitur
2579 1699 2964 1755 ecclesiastica:
2996 1716 3094 1770 per
3123 1700 3444 1754 universum
3471 1706 3645 1754 terra-

2062 1800 2184 1839 rum
2220 1784 2412 1839 orbem
2445 1785 2552 1841 hoc
2593 1787 2649 1841 in
2693 1796 2837 1842 statu
2871 1798 3031 1843 erant
3065 1805 3239 1859 usque
3270 1791 3341 1843 ad
3371 1790 3646 1862 principa-

367 1878 507 1930 εἷλον
569 1878 767 1932 δέλτων
788 1897 801 1911 ’
848 1881 907 1934 ὲν
937 1881 993 1935 δὲ
1022 1884 1133 1946 τοῖς
1167 1882 1559 1954 Ἰεροσολύμοις
1580 1883 1673 1936 καὶ
1694 1883 1803 1947 ζῶν
1852 1884 1948 1938 ἁν-

2059 1886 2167 1933 tum
2200 1878 2497 1934 Anastasii.
2527 1879 2699 1945 Quem
2736 1882 2987 1936 nonnulli
3053 1897 3179 1937 cum
3241 1882 3436 1953 synodi
3482 1880 3646 1953 369

376 1970 738 2042 εθεματίσθη.

934 2266 1195 2326 ΚΕΦΑΛ.
1246 2262 1372 2321 AE'.

367 2358 506 2429 Περὶ
539 2360 650 2429 τῆς
683 2362 803 2415 τῶν
834 2363 1152 2431 τυράννων
1192 2362 1480 2429 ἰσαύρων
1523 2360 1949 2430 καθαιρέσεως.

431 2472 548 2527 υῦκ
577 2474 686 2527 ἀπὸ
726 2474 781 2527 δὲ
811 2475 1013 2547 τρόπου
1050 2474 1173 2528 καθ’
1203 2474 1269 2545 ἢν
1299 2473 1563 2545 ἐωύχομεν
1600 2475 1949 2543 προκαταϐε-

366 2558 632 2628 ὅληκότες
663 2560 979 2630 ὑπόσχεσιν,
1032 2563 1127 2615 καὶ
1177 2562 1247 2615 τὰ
1280 2564 1445 2632 ἕτερα
1483 2562 1642 2629 λόγου
1678 2562 1807 2627 ἄξια
1847 2562 1953 2615 ὑπὸ

364 2654 480 2716 τοῖς
512 2653 868 2707 Ἀναστασίου
899 2655 1113 2725 χρόνοις
1134 2656 1450 2726 γενομένοις
1480 2656 1592 2725 (77)
1622 2656 1861 2726 συνάψαι
1883 2659 1949 2729 τῇ

367 2744 600 2815 ἱστορίᾳ.
633 2747 894 2814 Λογγῖνος
931 2747 960 2799 6
998 2748 1242 2817 Ζήνωνος
1275 2748 1511 2817 ὅμαιμος
1549 2748 1640 2818 (e),
1674 2748 1771 2818 τὴν
1802 2750 1954 2819 ἐνεγ-

366 2837 614 2908 καμένην
638 2836 714 2901 ὡς
745 2838 1169 2909 προδεδιήγηται
1193 2822 1560 2909 κατειληφὼς,
1580 2842 1671 2893 τὸν
1696 2841 1834 2914 πρὸς
1861 2841 1955 2895 τὸν

364 2928 746 3000 αὐτοκράτορα
791 2931 1028 3001 πόλεμον
1072 2932 1382 3001 ἀναφανδὸν
1413 2932 1810 2997 ἀναζώννυται.
1844 2934 1957 2988 Καὶ

366 3021 582 3075 πολλῶν
635 3022 789 3075 ἐνθεν
836 3041 893 3077 τε
950 3026 1205 3079 κάκεῖθεν
1256 3009 1749 3098 συναθροισθεισῶν
1798 3028 1957 3083 δυνά-

370 3129 540 3180 μεων,
574 3113 693 3181 μεθ’
720 3107 795 3168 ὧν
840 3116 935 3167 καὶ
976 3116 1163 3169 Κόνων
1190 3116 1493 3187 ἐτύγχανεν
1525 3117 1622 3184 ὣν,
1659 3118 1957 3182 ἐπίσκοπος

2052 1968 2516 2027 Chalcedonensis
2550 1972 2835 2027 inimicum
2884 1990 3004 2030 esse
3048 1975 3410 2048 judicassent,
3444 1992 3645 2030 nomen

2052 2064 2172 2132 ejus
2203 2078 2271 2118 ex
2316 2064 2486 2119 sacris
2538 2066 2749 2121 tabulis
2785 2079 3203 2136 expunxerunt;
3250 2069 3646 2141 Hierosolymis

2053 2169 2185 2209 vero
2210 2155 2382 2210 etiam
2410 2157 2572 2212 vivus
2601 2172 2665 2212 ac
2695 2159 2911 2227 spirans
2943 2160 3438 2217 anathematizatus
3464 2167 3569 2216 est.

2645 2269 2797 2324 CAP.
2840 2270 3056 2326 XXXV.

2336 2356 2410 2414 De
2432 2360 2687 2416 exstincta
2708 2359 3021 2418 Isaurorum
3053 2366 3357 2436 tyrannide.

2124 2470 2299 2526 Porro
2352 2488 2462 2525 non
2515 2473 2818 2528 absurdum
2884 2472 3056 2527 fuerit
3117 2473 3225 2528 hoc
3290 2472 3435 2536 loco,
3482 2471 3643 2528 sires

2055 2577 2274 2632 quoque
2307 2562 2444 2617 alias
2474 2573 2778 2617 memoratu
2804 2563 2995 2633 dignas
3025 2578 3147 2633 quas
3178 2563 3449 2618 Anastasii
3502 2571 3643 2617 tem-

2056 2653 2284 2722 poribus
2334 2652 2679 2718 acciderunt,
2729 2655 2886 2725 juxta
2931 2654 2987 2709 id
3041 2654 3189 2724 quod
3217 2662 3377 2710 antea
3411 2654 3642 2725 polliciti

2055 2761 2267 2809 sumus,
2295 2745 2427 2801 huic
2480 2746 2730 2802 historiae
2776 2757 3105 2803 attexamus.
3136 2747 3423 2818 Longinus
3461 2748 3643 2802 Zeno-

2054 2838 2144 2893 nis
2193 2838 2659 2908 consanguineus,
2710 2853 2837 2893 cum
2885 2839 2941 2894 in
2984 2838 3216 2909 patriam
3267 2852 3447 2902 suam,
3500 2839 3644 2893 sicut

2056 2940 2217 2986 antea
2242 2942 2732 2987 commemoratum
2763 2938 2868 3003 est,
2923 2932 3258 2995 advenisset,
3306 2932 3485 3001 palam
3542 2930 3642 2984 ad-

2056 3037 2252 3078 versus
2305 3022 2697 3092 imperatorem
2732 3022 2937 3078 bellum
2970 3022 3231 3092 suscepit.
3260 3020 3517 3077 Plurimis
3538 3022 3642 3092 igi-

2060 3124 2150 3170 tur
2172 3114 2420 3171 collectis
2448 3115 2713 3185 utrinque
2761 3115 2957 3185 copiis,
2992 3116 3049 3169 in
3084 3115 3289 3184 quibus
3339 3115 3642 3170 eratetiam

365 3204 467 3272 τῆς
504 3204 561 3256 ἐν
596 3204 873 3275 Ἀπαμείᾳ
893 3206 993 3275 τῆς
1028 3207 1217 3277 Σύρων
1246 3208 1519 3279 ἐπαρχίας
1546 3208 1809 3278 γεγονὼς,
1837 3211 1950 3274 τοῖς

2059 3206 2267 3273 Conon,
2290 3207 2535 3277 Apamia:
2555 3207 2611 3263 in
2646 3207 2801 3280 Syria
2852 3207 2985 3261 olim
3025 3207 3340 3277 episcopus,
3389 3206 3489 3277 qui
3536 3222 3646 3261 una

380 3291 650 3361 Ίσαύροις
701 3293 778 3358 ὠς
834 3293 1085 3366 Ἴσαύρος
1137 3297 1587 3369 συνεστράτευσε.
1624 3298 1792 3363 Τέλος
1830 3299 1949 3352 ἐπι-

366 3385 575 3449 τίθεται
611 3386 688 3457 τῷ
722 3387 963 3458 πολέμῳ.
999 3387 1122 3441 Τῶν
1158 3388 1258 3459 μὲν
1294 3388 1557 3460 Ἰσαύρων
1583 3392 1693 3444 τῶν
1722 3409 1957 3463 συστρα-

368 3478 677 3531 τευσάντων
706 3478 783 3549 τῷ
812 3479 1060 3549 Λογγίνῳ
1094 3482 1443 3551 πανωλεθρίᾳ
1475 3481 1816 3552 φθαρέντωνο
1845 3484 1954 3536 τῶν

362 3567 427 3623 δὲ
456 3569 711 3638 κεφαλῶν
735 3572 1000 3638 Λογγίνου
1031 3574 1124 3624 καὶ
1144 3571 1421 3642 Θεοδώρου
1461 3572 1573 3642 (78)
1606 3573 1743 3642 πρὸς
1778 3573 1957 3628 Ἰωάν-

368 3681 463 3717 νου
496 3664 562 3695 ⁷⁸⁸
594 3663 687 3715 τοῦ
715 3662 921 3716 Σκύθου
968 3664 1269 3719 σταλεισῶν
1307 3664 1411 3719 ἀνὰ
1439 3665 1539 3737 τὴν
1572 3665 1838 3736 βασιλέως
1863 3665 1960 3718 πό-

367 3754 473 3808 λιν.
510 3757 609 3818 Ἀς
637 3758 730 3810 καὶ
770 3759 828 3809 ὲν
859 3761 1069 3821 κοντοῖς
1115 3758 1496 3829 περιαρτήσας
1543 3760 1571 3811 6
1616 3757 1868 3828 βασιλεὺς
1899 3760 1959 3811 ὲν

367 3851 490 3911 ταῖς
523 3850 891 3918 καλουμέναις
920 3850 1123 3914 Συκαῖς
1148 3850 1450 3921 ἀντιπέραν
1484 3850 1582 3920 τῆς
1608 3851 1959 3905 Κωνσταντί-

368 3958 463 3994 νου
500 3943 758 4011 κειμένης
774 3940 1096 4013 ὲπῃώρησεν
1116 3960 1129 3974 ο
1157 3942 1254 4012 ἡδὺ
1280 3940 1460 4012 θέαμα
1480 3943 1591 4005 τοῖς
1620 3921 1955 4007 Βυζαντίοις,

369 4032 487 4087 ἀνθ’
518 4026 593 4087 ὧν
628 4033 814 4097 κακῶς
864 4034 1004 4105 πρὸς
1054 4035 1305 4104 Ζήνωνος
1371 4034 1467 4088 καὶ
1528 4034 1639 4087 τῶν
1686 4032 1950 4105 ἰσαύρων

366 4125 763 4181 ἐπεπόνθεσαν.
789 4127 898 4180 Καὶ
924 4127 954 4179 6
978 4125 1165 4197 ἕτερος
1198 4126 1255 4179 δὲ
1278 4128 1561 4195 Λογγῖνος,
1590 4125 1654 4177 τὸ
1682 4125 1817 4179 πολὺ
1852 4125 1951 4195 τῆς

368 4218 685 4290 τυραννίδος
726 4218 986 4290 συνέχων,
1041 4220 1069 4272 6
1130 4217 1359 4288 ἐπίκλην
1410 4216 1799 4283 Σελινούντιος,
1855 4219 1952 4273 καὶ

377 4309 557 4380 ἰνδης
588 4311 685 4364 σὺν
715 4309 883 4381 αύτῷ,
903 4310 1037 4382 πρὸς
1080 4310 1325 4365 Ἰωάννου
1352 4311 1447 4363 τοῦ
1472 4310 1703 4381 ἐπίκλην
1730 4309 1950 4382 Κυρτοῦ

374 4401 686 4458 στέλλονται
731 4403 810 4475 τῷ
852 4403 1188 4474 Ἀναστασίῳ
1222 4403 1474 4474 ζωγρίαιο
1510 4404 1540 4457 ὃ
1590 4404 1827 4474 μάλιστα
1855 4403 1948 4456 τόν

2055 3317 2185 3357 cum
2237 3301 2482 3367 Isauris,
2558 3308 2748 3372 utpote
2811 3300 3029 3357 lsaurus
3090 3300 3383 3366 militabat,
3438 3299 3645 3353 bellum

2057 3396 2280 3452 tandem
2322 3394 2640 3466 huiusmodi
2702 3395 2855 3450 exitu
2917 3393 3271 3449 terminatum
3310 3404 3415 3448 est.
3466 3392 3647 3447 Isauri

2059 3484 2282 3558 quidem
2329 3487 2423 3557 qui
2450 3502 2560 3541 una
2608 3501 2736 3540 cum
2774 3486 3024 3556 Longino
3074 3484 3472 3546 militaverant,
3529 3498 3648 3537 om-

2058 3595 2159 3634 nes
2185 3578 2254 3633 ad
2280 3578 2719 3633 internecionem
2748 3577 2910 3641 caesi;
2942 3576 3173 3647 Longini
3204 3590 3340 3631 vero
3372 3592 3437 3630 ac
3464 3574 3647 3630 Theo-

2060 3670 2184 3724 dori
2237 3671 2441 3739 capita,
2464 3670 2541 3724 ab
2579 3670 2789 3725 Joanne
2846 3668 3050 3740 Scytha
3113 3667 3647 3735 Constantinopolim

2062 3762 2227 3816 missa
2258 3768 2406 3816 sunt.
2431 3760 2563 3826 Quae
2608 3761 2911 3830 imperator
2943 3759 3126 3813 contis
3164 3756 3358 3812 sufﬁxa
3403 3758 3647 3811 circum-
3759 3747 3767 3755 ’

2060 3850 2216 3918 ferri,
2243 3860 2300 3907 et
2326 3851 2382 3905 in
2442 3850 2761 3905 suburbano
2820 3848 3066 3920 Sycensi,
3112 3847 3262 3918 quod
3319 3864 3387 3901 ex
3417 3847 3647 3901 adverso

2060 3943 2308 4016 Byzantii
2341 3943 2509 3998 situm
2534 3950 2640 4007 est,
2663 3941 2928 4010 suspendi
2951 3940 3118 4011 jussit
3150 3956 3164 3995 :
3189 3940 3337 4009 quod
3362 3948 3648 4009 spectacu-

2060 4035 2175 4090 lum
2259 4032 2889 4103 Constantinopolitanis
2959 4032 3335 4102 gratissimum
3394 4031 3520 4096 fuit,
3574 4031 3647 4085 ob

2062 4127 2202 4181 mala
2225 4141 2347 4197 quae
2366 4141 2397 4180 a
2425 4125 2646 4181 Zenone
2673 4133 2729 4179 et
2747 4124 2817 4179 ab
2842 4123 3049 4178 lsauris
3102 4123 3349 4194 perpessi
3404 4123 3643 4177 fuerant.

2062 4215 2215 4271 Alter
2268 4230 2403 4271 vero
2454 4214 2755 4284 Longinus,
2836 4221 3198 4284 cognomento
3277 4211 3644 4275 Selinuntius,

2062 4306 2403 4379 praecipuum
2428 4306 2600 4360 robur
2628 4304 2925 4378 tyrannica:
2961 4304 3235 4369 factionis,
3271 4312 3327 4357 et
3376 4320 3500 4357 cum
3552 4302 3646 4355 illo

2064 4401 2227 4457 ln‘des
2272 4401 2341 4456 ab
2388 4398 2620 4466 Joanne,
2670 4407 3037 4470 cognomento
3069 4397 3280 4464 Gibbo,
3344 4396 3452 4451 vivi
3496 4392 3651 4464 capti
3730 4416 3731 4419 ‘

1654 4540 1890 4600 VARLE
1928 4538 2224 4600 LECTION
2230 4540 2334 4599 ES.

446 4641 514 4675 ’⁸⁸
542 4640 638 4694 καὶ
651 4638 928 4694 Ἰωάννου.

1570 4722 1844 4781 VALESII
1877 4723 2328 4781 ΑΝΝΟΤΑΤΙΟΝ
2335 4721 2437 4779 ES.

372 4850 473 4916 τῆς
507 4848 563 4899 ὲν
617 4844 836 4915 Φοινίκῃ
871 4842 1226 4916 Διόανησίας.
1258 4844 1468 4916 Duplex
1510 4852 1633 4916 erat
1674 4843 1956 4916 Phagnice,
1990 4847 2039 4906 ο
2063 4852 2283 4916 ναεοιο.
2312 4841 2467 4916 idem
2503 4839 2724 4894 initium
2770 4838 2968 4916 capitis
3012 4835 3493 4916 ita__corrigit,o6x
3526 4837 3651 4916 ,ἀπὸ

374 4913 439 4972 ut
463 4919 573 4986 jam
603 4932 770 4985 supra
801 4913 983 4969 notavi
1020 4932 1035 4968 :
1070 4914 1240 4986 altera
1267 4914 1562 4986 maritima,
1588 4913 1955 4986 altera‘Liba-

374 4984 565 5042 nensis
593 4984 756 5040 dicta.
790 4987 1029 5040 Praeerat
1076 4985 1207 5038 huic
1258 4984 1555 5053 provincia:
1590 4984 1955 5041 duxthni-

374 5074 488 5119 ces,
520 5058 587 5111 de
619 5073 729 5125 quo
758 5056 883 5111 vide
912 5055 1171 5110 Notitiam
1195 5052 1403 5125 imperii
1429 5052 1582 5108 Rom.

449 5128 562 5197 (76)
604 5123 806 5192 Μηδὲν
851 5128 1190 5197 ,βούλεσθαι
1239 5123 1579 5193 παρελθεῖν.
1620 5123 1849 5190 Melius,
1896 5123 1954 5179 ni

377 5195 561 5261 fallor,
593 5197 935 5252 scriberetur
961 5195 1264 5265 προελθεῖν.

450 5270 560 5337 (77)
600 5268 847 5335 Χρόνοις
884 5263 1246 5337 γενομένοις.
1284 5264 1956 5337 rAssentiorHenricoSa-

374 5335 655 5409 vilio,'qui
694 5337 762 5392 ad
788 5352 942 5392 oram
989 5335 1078 5391 sui
1118 5335 1327 5391 codicis
1372 5336 1685 5390 emendavit
1728 5336 1956 5405 γενόμε-

2060 4913 2273 4983 τρόπουί
2308 4911 2387 4973 δὲ,
2416 4919 2549 4975 etc.,
2582 4906 2964 4983 posset‘et‘iam
2990 4907 3157 4964 scribi
3192 4906 3297 4983 οὐκ
3326 4907 3437 4961 ἀπὸ
3480 4906 3648 4983 τόπου

2060 4976 2139 5043 δέ.
2168 4999 2231 5038 ac
2255 4982 2486 5037 fortasse
2512 4976 2876 5036 commodius.
2909 4979 3058 5033 ldem
3092 4985 3177 5032 est
3199 4976 3346 5031 enim
3378 4993 3441 5032 ac
3477 4977 3522 5031 si
3567 4976 3650 5030 di-

2061 5068 2215 5109 ceres
2233 5052 2334 5106 οὐκ
2361 5051 2580 5105 ἄτοπον.
2610 5051 2715 5105 Pro
2737 5050 3071 5117 γενομένοις,
3105 5046 3278 5103 codex
3301 5047 3652 5103 Tellerianus

2060 5124 2326 5191 scriptum
2359 5121 2527 5176 habet
2556 5137 2754 5191 γεγενη
2764 5120 2966 5191 μένοις.

2137 5186 2247 5261 (78)
2288 5192 2395 5245 Καὶ
2437 5186 2777 5261 Θεοδώρουζί
2800 5186 3215 5261 Athenodorum
3282 5187 3431 5261 hunc
3491 5191 3652 5261 vocat

2062 5256 2410 5319 Marcellinus
2439 5256 2635 5316 comes
2656 5260 2710 5313 in
2746 5260 3023 5324 Chronico,
3054 5258 3344 5314 Anastasio
3370 5258 3509 5326 Aug.
3531 5256 3649 5310 solo

2062 5349 2178 5391 cos.
2204 5342 2261 5389 et
2286 5330 2653 5401 Theophanes
2684 5330 2741 5384 in
2772 5329 3051 5394 Chronico,
3082 5345 3137 5398 p.
3169 5329 3292 5382 H8.

1804 5442 2187 5503 VARIORUM.

454 5563 537 5633 (ε),
564 5563 851 5633 Λογγῖνος
897 5565 929 5616 ό
967 5562 1247 5629 Ζήνωνος
1282 5559 1550 5633 ὅμαιμος.
1591 5556 1772 5633 Vertit
1798 5557 1963 5613 Vale-

377 5630 784 5705 siu's'Longjinus
808 5630 1031 5705 Zenonis
1058 5632 1516 5705 consanguineum
1540 5630 1634 5705 qui
1666 5640 1847 5705 tamen
1864 5646 1965 5705 ⁸ειι·

378 5721 500 5775 pra,
547 5700 668 5787 cap.
696 5706 789 5761 29.
821 5704 1125 5784 Longinum
1162 5700 1287 5787 eti-tn
1326 5700 1556 5787 Evagrio
1586 5700 1824 5787 Zenonis
1858 5700 1967 5754 fra-

379 5770 522 5830 irem
570 5770 631 5828 in
656 5791 757 5829 sua
782 5770 1035 5828 versione
1066 5774 1390 5843 appellarat.
1423 5770 1493 5843 Et
1518 5771 1757 5843 quidem
1772 5780 1921 5843 recte
1949 5788 1963 5831 ;

380 5861 510 5902 cum
543 5846 796 5902 Graecum
817 5845 896 5900 ibi
918 5841 1116 5900 habeat
1143 5841 1405 5911 Λογγῖνον
1430 5842 1674 5912 Ζήνωνος
1704 5841 1963 5910 ἁδελφόνς

2069 5572 2250 5626 neque
2279 5556 2425 5610 enim
2452 5570 2557 5608 vox
2589 5554 2706 5608 haec
2728 5551 2953 5626 ἀδελφός
2982 5565 3048 5604 eo
3081 5565 3138 5603 in
3168 5550 3290 5626 lo_co
3311 5539 3461 5598 aliud
3491 5561 3656 5626 quam

2072 5614 2241 5698 fraicr
2273 5625 2582 5697 signilicare
2633 5631 2832 5698 potest.
2869 5614 3140 5698 '(Pscws,
3158 5616 3233 5698 ad
3270 5630 3475 5696 annum
3506 5614 3656 5684 698.)

2072 5690 2427 5769 'Prolligat'um
2461 5706 2545 5751 est
2574 5690 2893 5769 autemlioe
2923 5691 3129 5747 bellum
3158 5690 3468 5745 Isauricum
3510 5700 3657 5741 anno

2076 5769 2200 5835 497,
2244 5762 2303 5824 ut
2334 5767 2478 5825 idem
2511 5774 2740 5823 testatur
2775 5762 2911 5818 ibid.
