4048 6572
395 408 536 471 2675

1604 407 1915 468 EVAGRII
1960 403 2448 466 SCHOLASTICI
2501 434 2505 439 τ

3540 388 3683 454 2615

402 528 552 581 sunt,
576 526 632 572 et
667 518 735 573 ad
768 518 1158 589 imperatorem
1215 520 1564 577 Anastasium
1629 518 1805 574 missi.
1861 516 1993 582 Qua:

2120 533 2152 567 πε
2184 515 2431 585 βασιλέα,
2466 512 2593 573 τούς
2616 528 2675 564 τε
2708 507 3034 574 Βυζαντίους
3060 502 3457 575 τεθεράπευκε,
3487 500 3686 572 θριάμ-

400 625 492 664 res
513 618 568 663 et
634 610 1024 680 imperatorem
1064 618 1121 664 et
1173 610 1436 680 populum
1489 607 1994 677 Constantinopoli-

401 709 591 754 tanum
619 714 953 770 magnOpere
994 702 1291 762 recreavit.
1332 716 1457 755 cum
1490 700 1771 771 Longinus
1815 709 1870 753 et
1906 699 1998 752 ln-

403 792 527 856 des,
552 802 813 861 tanquam
850 792 904 846 in
935 792 1253 862 triumphali
1278 808 1499 862 pompa,
1528 808 1628 862 per
1654 792 1807 846 vicos
1842 791 2000 846 urbis

402 894 461 941 et
484 887 541 940 in
599 886 747 940 circo
779 884 1227 949 traducerentur,
1264 894 1488 940 catenas
1522 885 1729 941 ferreas
1760 885 1905 942 collo
1938 899 2003 939 ac

406 977 666 1032 manibus
725 977 1108 1046 circumiectas
1178 983 1478 1046 gestantes:
1520 976 1599 1030 Ex
1646 992 1713 1030 eo
1753 985 2001 1045 tempore

409 1082 641 1121 munera
671 1082 795 1136 qua:
816 1066 1162 1121 vocabantur
1183 1065 1447 1130 Isaurica,
1480 1065 1539 1137 in
1569 1066 1839 1135 principis
1861 1082 2002 1121 aera-

408 1159 553 1213 rium
591 1158 786 1213 inferri
818 1173 1061 1228 cmpere.
1091 1157 1148 1212 Id
1178 1167 1299 1213 erat
1324 1173 1522 1213 aurum
1553 1157 1701 1227 quod
1744 1157 2003 1212 Barbaris

410 1261 549 1321 quot
597 1252 757 1307 annis
791 1251 1157 1323 pendebatur,
1176 1251 1447 1306 librarum
1485 1251 1701 1307 scilicet
1757 1251 2003 1321 quinque

413 1340 607 1395 millia.

902 1454 1069 1524 37o
1099 1453 1251 1510 CAP.
1284 1454 1525 1510 χχχιιι.

448 1544 724 1615 ﬂuctuatio
754 1544 1013 1601 Saraceni
1066 1563 1249 1608 pacem
1281 1563 1400 1601 cum
1426 1547 1682 1604 Romanis
1710 1550 1968 1619 fecerunt.

492 1725 599 1781 ἃᾶ
616 1735 673 1781 et
688 1725 1086 1795 barbari,quos
1104 1726 1357 1782 Scenitas
1376 1737 1595 1791 vocant,
1618 1743 1729 1783 non
1756 1728 1877 1784 sine
1905 1744 2007 1784 suo

2101 592 2198 660 6ου
2253 606 2413 674 δίκην
2470 604 2576 659 ἀνὰ.
2624 603 2722 665 τὰς
2768 599 3079 671 λεωφόρους
3107 596 3209 665 τῆς
3237 595 3466 657 πόλεως,
3498 592 3600 647 ἀνά
3626 610 3690 646 τε

2098 700 2201 766 τὴν
2253 696 2623 768 ἱπποδρομίαν
2661 693 2931 763 Λογγίνου
2979 707 3040 743 τε
3089 689 3187 744 κα)⁸
3221 686 3399 741 Ἰνδου
3439 701 3692 755 περιενε-

2101 790 2362 862 χθέντων,
2393 790 2489 843 καὶ
2527 787 2639 840 τῶν
2670 788 2735 840 ἐκ
2774 784 3001 854 σιδήρου
3031 778 3421 862 πεποιημένων
3446 776 3695 831 ἁλύσεων

2101 884 2208 938 ἀνὰ
2233 883 2361 944 τοὺς
2385 879 2620 950 αὐχένας
2655 878 2749 931 καὶ
2797 876 2897 940 τὰς
2947 876 3139 946 χεῖρας
3181 868 3697 941 περιδεδλημένων.

2121 971 2411 1026 Ἐντεῦθεν
2445 971 2541 1025 καὶ
2575 969 2645 1022 τὰ
2686 966 3000 1036 καλούμενα
3027 961 3220 1035 πρώην
3267 959 3547 1031 Ἰσαυρικά
3582 959 3697 1028 (79)

2104 1067 2217 1129 τοῖς
2252 1064 2555 1136 βασιλικοῖς
2586 1060 2854 1132 ἐσηνέχθη
2888 1058 2937 1091 ’⁸
2983 1055 3302 1128 θησαυροῖς.
3336 1049 3446 1105 Ἦν
3493 1051 3553 1105 δὲ
3589 1050 3701 1120 ἄρα

2105 1159 2282 1223 τοῦτο,
2317 1159 2542 1231 χρυσίον
2578 1158 2635 1220 ἐς
2673 1156 2907 1209 ἕκαστον
2933 1152 3055 1216 ἐτος
3090 1147 3398 1221 Βαρϐάροις
3426 1143 3701 1217 χορηγού-

2110 1269 2298 1323 μενον,
2328 1248 2776 1319 πεντακισχιλίας
2798 1246 2957 1300 ἕλκον
2981 1242 3194 1315 λίτρας.

2678 1452 2926 1505 xeo“.
2977 1450 3120 1516 Aq'.

2112 1548 2252 1619 Περὶ
2304 1547 2426 1601 τῶν
2470 1543 2802 1619 Σκηγητῶν
2828 1540 3181 1619 βαρϐάρων,
3220 1540 3301 1604 ὡς
3329 1534 3701 1591 ἐσπείσαντο

2636 1613 2787 1682 πρὸς
2827 1614 3181 1682 Ῥωμαίους.

2196 1733 2600 1803 Ἐπεκώμασαν
2628 1732 2729 1785 οὐκ
2760 1732 2840 1793 είς
2873 1728 2935 1781 τὸ
2958 1726 3202 1781 συνοίσον
3236 1722 3389 1792 σφίσι
3425 1720 3567 1783 κατά
3602 1719 3703 1785 τῆς

418 1817 664 1888 Ipsorum
696 1816 899 1872 damno
922 1817 1265 1873 insultarunt
1285 1818 1519 1887 imperio
1538 1817 1807 1880 Romano,
1835 1810 2009 1873 Mese-

2123 1827 2438 1899 Ῥωμαῖκῆς
2465 1823 2826 1897 ἐπικρατείας
2872 1820 2969 1875 καὶ
3016 1819 3066 1872 οἱ
3104 1817 3381 1916 Σκηνῆτριι
3415 1812 3701 1916 ξάρθαροι,

419 1908 719 1979 potamiam
769 1916 825 1964 et
878 1917 1173 1979 utramque
1206 1909 1525 1964 Phoenicem
1556 1917 1612 1964 et
1660 1909 2039 1965 Palaestinam‘

418 2001 736 2071 provincias
766 2001 1109 2072 depopulati.
1140 2001 1345 2057 Verum
1392 2017 1423 2057 a
1472 2000 1712 2057 ducibus
1747 2003 2011 2060 Romanis

419 2093 518 2163 qui
549 2092 606 2147 in
637 2093 869 2164 singulis
901 2093 1207 2163 provinciis
1224 2102 1405 2159 erant,
1437 2096 1589 2165 gravi
1626 2095 1780 2150 clade
1800 2097 2008 2164 atl‘ecti,

419 2182 777 2255 postmodqu
820 2183 1105 2253 quievere,
1156 2199 1283 2240 cum
1344 2185 1603 2241 universa
1645 2202 1780 2257 gens
1821 2202 2011 2257 pacem

422 2289 549 2332 cum
574 2273 840 2330 Romanis
872 2273 1117 2330 fecisset.

1005 2388 1160 2445 CAP.
1196 2389 1460 2446 XXXVII.

460 2478 539 2535 De
564 2480 955 2551 expugnatione
971 2480 1198 2545 Amidw,
1224 2490 1273 2536 et
1293 2484 1357 2536 de
1378 2484 1589 2537 conditu
1612 2484 1753 2538 urbis
1782 2484 1976 2539 Daras.

498 2661 679 2717 Persa:
736 2676 983 2731 quoque,
1016 2670 1283 2734 regnante
1308 2669 1453 2734 apud
1485 2664 1633 2734 ipsos
1657 2664 2016 2729 Cavade,fos-

428 2751 538 2807 dus
593 2768 837 2823 rupere:
866 2763 923 2809 et
965 2755 1174 2810 relictis
1212 2756 1456 2826 propriis
1501 2756 1745 2823 sedibus,
1776 2759 2017 2828 primum

428 2842 654 2914 quidem
677 2845 735 2899 in
758 2844 1052 2901 Armenias
1077 2862 1203 2902 cum
1219 2849 1466 2903 exercitu
1485 2848 2019 2915 invaseruntJCum-

429 2950 540 3006 que
569 2935 896 3006 Oppidulum
922 2936 1411 3009 Theodosiopolim
1439 2942 1740 3011 cepissent,
1767 2942 2019 2999 Amidam

431 3042 647 3095 versus,
697 3044 821 3098 quae
875 3029 1011 3085 urbs
1062 3030 1472 3102 Mesopotamia:
1512 3043 1600 3089 est
1629 3034 1764 3090 satis
1787 3036 2018 3103 munita,

429 3117 541 3173 iter
590 3117 793 3175 fecere.
832 3120 985 3176 Hanc
1003 3137 1226 3194 quoque
1257 3124 1522 3180 diuturna
1555 3126 1849 3183 obsidione
1903 3128 2022 3184 cin-

430 3220 579 3269 Ctam
623 3211 844 3267 tandem
870 3224 1161 3283 ceperunt.
1190 3213 1295 3271 Sed
1315 3216 1612 3286 imperator
1626 3219 2023 3287 Romanorum,
2049 3200 2095 3263 Ο

432 3315 547 3356 non
599 3301 719 3359 sine
778 3303 988 3375 ingenti
1032 3305 1240 3371 labore,
1281 3323 1403 3363 eam
1434 3318 1623 3378 postea
1671 3311 2021 3367 instauravit.

432 3391 593 3459 Quod
652 3397 699 3449 si
752 3395 880 3465 quis
930 3396 1145 3467 singula
1182 3412 1438 3456 accurate
1471 3401 1627 3471 cupit
1661 3417 2021 3473 cognoscere,

435 3493 497 3540 et
527 3484 849 3557 diligentem
896 3500 1225 3545 cunctorum
1257 3507 1380 3561 qua:
1415 3504 1568 3564 gesta
1602 3504 1731 3548 sunt
1757 3484 2027 3550 narratio-

434 3592 564 3634 nem
599 3578 902 3651 perlegere,
947 3580 995 3637 is
1030 3583 1379 3639 Eustathium
1427 3586 1593 3657 legat,
1626 3587 1719 3656 qui
1775 3588 2051 3660 luculen-_

434 3667 648 3731 tissime
669 3680 727 3726 et
750 3687 966 3728 summo
988 3690 1112 3730 cum
1143 3675 1332 3731 labore
1364 3679 1711 3749 maximaque
1731 3681 2025 3750 elegantia,

438 3758 636 3815 harum
692 3777 880 3818 rerum
936 3764 1223 3821 historiam
1268 3770 1619 3840 conscripsit.
1681 3771 1937 3837 Quicum
1959 3772 2027 3826 ad

438 3852 557 3909 haec
592 3870 768 3925 usque
834 3865 1082 3928 tempora
1121 3860 1409 3916 historiam
1454 3878 1609 3917 suam
1656 3865 2028 3934 perduxisset,

436 3947 675 4020 excessit
721 3963 753 4003 e
780 3949 917 4017 vita,
943 3966 1033 4007 res
1082 3941 1264 4023 gestas
1300 3970 1447 4010 anno
1477 3955 1701 4025 imperii
1749 3957 2026 4012 Anastasii

438 4033 773 4095 duodecimo
798 4051 1147 4111 persecutus.
1182 4043 1363 4099 Finito
1383 4044 1490 4105 hoc
1513 4044 1677 4109 bello,
1709 4046 2031 4103 Anastasius

2111 1920 2244 1974 τάτε
2279 1918 2381 1988 τῆς
2419 1917 2595 1987 μέσης
2616 1914 2726 1968 τῶν
2774 1909 3043 1981 ποταμῶν
3092 1908 3223 1962 τάτε
3273 1906 3373 1975 τῆς
3410 1904 3701 1965 Φοινίκεως

2114 2011 2387 2083 ἑκατέρας
2416 2009 2529 2081 (80)
2564 2008 2661 2063 καὶ
2698 2006 2769 2062 τὰ
2800 2000 3177 2059 Παλαιστινῶν
3211 1998 3536 2070 ληῖσὰμενοι
3562 1993 3701 2064 πρά-

2115 2119 2325 2175 γματα.
2349 2100 2524 2170 υῖπερ
2552 2096 2741 2161 κακῶς
2777 2094 2930 2165 παρὰ
2970 2092 3080 2146 τῶν
3121 2089 3429 2159 ἑκασταχοῦ
3463 2102 3701 2157 στρατη-

2116 2197 2364 2267 γούντων
2419 2190 2721 2255 παθόντες,
2772 2187 3001 2257 ὕστερον
3047 2184 3147 2253 τὴν
3200 2180 3431 2252 ἡσυχίαν
3471 2180 3701 2250 ἡγαγον,

2119 2288 2257 2362 πρὸς
2296 2282 2603 2356 Ῥωμαίους
2636 2277 2905 2335 πασσυδεὶ
2933 2274 3317 2345 σπεισάμενοι.

2687 2394 2936 2448 ΚΕΦΑΔ.
3003 2391 3130 2444 AZ’.

2205 2675 2371 2730 ’Δλλά
2397 2674 2498 2730 καὶ¹
2524 2673 2732 2745 Πέρσαι
2774 2654 3335 2741 παρασπονδήσαντες
3366 2662 3433 2733 (Ῑ)
3461 2660 3565 2715 ὑπ’)
3592 2662 3707 2714 Κα-

2123 2768 2261 2841 σάδῃ
2288 2765 2368 2837 τῷ
2393 2764 2620 2837 βασιλεῖ,
2653 2765 2747 2817 καὶ
2778 2762 2847 2817 τὰ
2888 2762 3066 2814 οἰκεῖα
3095 2754 3551 2816 καταλελοιπότες
3580 2752 3706 2823 ἤθη,

2124 2859 2321 2932 πρῶτα
2346 2858 2447 2929 μὲν
2476 2855 2792 2928 ’Δρμενίαις
2823 2850 3289 2920 ἐπεστράτευσαν,
3318 2846 3415 2901 καὶ
3442 2844 3710 2915 πολίχνιον

2124 2950 2357 3022 ἐπίκλην
2378 2944 2822 3016 Θεοξοσιοὺπολιν
2842 2942 3076 3006 ἑλόντες.
3099 2939 3399 3010 ἐς¹Ἀμιδαν
3424 2936 3580 2991 πόλιν
3601 2935 3710 3006 (8|)

2124 3042 2331 3115 ὀχυρὰν
2371 3040 2469 3110 τῆς
2521 3038 2694 3108 μέσης
2718 3035 2829 3090 τῶν
2881 3032 3144 3103 ποταμῶν
3195 3028 3569 3099 ἀφικνοῦνται.
3608 3027 3714 3079 Καὶ

2124 3135 2333 3205 ταύτην
2369 3130 2900 3201 ἐκπολιορκήσαντες
2932 3119 3099 3179 εἷλον.
3156 3124 3259 3177 Ἢν
3304 3120 3462 3184 αὖθις
3505 3122 3536 3173 ὁ
3578 3120 3714 3172 Ῥω-

2131 3226 2309 3298 μαίων
2341 3223 2594 3294 βασιλεὺς
2642 3220 2856 3283 πολλοῖς
2906 3216 3245 3272 ἀνενεώσατο
3286 3214 3493 3277 πόνοις.
3529 3211 3598 3265 Ei
3636 3228 3715 3280 τῳ

2131 3319 2187 3373 δὲ
2237 3316 2390 3387 φίλον
2434 3313 2651 3379 λεπτῶς
2700 3312 2773 3366 τά
2820 3309 3185 3382 περὶτούτων
3240 3307 3462 3369 εἰδέναι,
3510 3305 3606 3358 καὶ
3651 3305 3715 3373 τῇ
3766 3354 3767 3357 η

2132 3407 2388 3479 ἀκριϐείᾳ
2413 3407 2633 3461 πάντων
2662 3400 2993 3469 ἐπεξελθεῖν,
3026 3396 3310 3468 Εὐσταθίῳ
3337 3394 3397 3449 εὖ
3443 3393 3590 3465 μάλα
3628 3410 3716 3445 σο-

2133 3501 2251 3571 φῶς
2279 3499 2419 3571 μετὰ
2457 3495 2655 3550 πολλοῦ
2685 3493 2782 3548 τοῦ
2814 3493 2977 3546 πόνου
3008 3489 3105 3544 καὶ
3137 3488 3242 3558 τῆς
3297 3488 3355 3549 ἐς
3398 3485 3541 3553 ἀγαν
3587 3499 3722 3553 κομ-

2133 3591 2313 3661 ψείας,
2352 3587 2633 3661 ἱστόρηται
2682 3603 2744 3640 τε
2797 3584 2893 3639 καὶ
2948 3581 3389 3652 συγγέγραπται.
3428 3580 3528 3640 ’ος
3561 3576 3726 3647 μέχρι

2133 3683 2233 3752 τῆς
2262 3681 2484 3753 γραφῆς
2524 3678 2729 3747 ταύτης
2759 3678 3081 3749 ιστορήσας,
3109 3676 3224 3737 τοῖς
3268 3669 3566 3726 ἀπελθοῦσι
3596 3686 3724 3721 συνο

2133 3771 2258 3841 αριθ
2269 3775 2470 3842 μεῖται,
2507 3771 2807 3824 δωδέκατον
2835 3768 2953 3831 ἔτος
2981 3766 3078 3837 τῆς
3117 3762 3470 3819 Ἀναστασίου
3491 3759 3725 3815 καταλε·

2132 3865 2337 3928 λοιπὼς
2364 3863 2662 3935 βασιλείας.
2693 3860 2851 3917 Μετά
2874 3860 3005 3929 γοῦν
3025 3860 3115 3913 τὸν
3142 3858 3378 3928 πόλεμον
3408 3856 3481 3926 (g)
3512 3853 3721 3917 τοῦτον,

2131 3956 2162 4010 ὀ
2206 3955 2565 4017 ’Δναστάσιος
2608 3955 2790 4025 Δάρας
2839 3952 3042 4023 χωρίον
3075 3951 3172 4022 τῆς
3209 3950 3381 4021 μέσης
3419 3947 3529 4001 τῶν
3560 3963 3725 3999 ποτα-

2140 4048 2258 4120 μῶν
2281 4047 2419 4120 πρδς
2447 4050 2567 4112 ταῖς
2597 4046 2876 4117 ἐσχατιαῖς
2901 4047 3001 4116 τῆς
3044 4042 3336 4115 Ῥωμαίων
3367 4036 3725 4111 ἐπικρατείας

1744 4181 1973 4241 VARI/ﬁ
2004 4183 2411 4243 LECTIONES.

515 4268 563 4299 "
594 4270 896 4343 ἐπηνέιιθησ

1644 4396 1912 4453 VALESII
1958 4396 2515 4455 ANNOTATIONES.

516 4507 629 4592 (79)
674 4482 1124 4592 Τᾲ-ζιςξςὶούιιενα
1157 4511 1481 4592 Ἰσαυρικό.
1518 4511 1847 4592 Βρηιιιίνυιιι
1871 4515 2035 4592 intel-

2140 4514 2487 4586 provinciam
2508 4528 2565 4586 _a
2606 4512 2831 4586 Latinis
2871 4512 3148 4586 interdum
3195 4512 3667 4586 _dici_thnicem
3698 4528 3729 4566 a

443 4579 568 4663 ligit
589 4579 938 4663 quodﬂillus
974 4595 1242 4663 tyrannus
1261 4581 2029 4663 lsaurusadjecerat.etimp.
2065 4590 2110 4645 D
2138 4579 2482 4663 nominativo
2507 4583 2763 4663 Phoenix.
2780 4582 3035 4663 ξενίσω
3057 4584 3245 4663 tabula
3278 4582 3731 4663 itineraria'Pcu-

445 4649 597 4725 Zeno
629 4650 858 4725 invitus.
895 4649 1601 4725 reconciliationisgratia,
1636 4653 1832 4709 iisdem
1864 4649 2034 4725 largi-

446 4731 540 4794 tus
569 4720 770 4794 fuerat.
801 4721 958 4794 Quod
990 4725 1311 4781 donativum
1357 4720 1679 4779 Anastasius
1732 4720 2037 4794 imperat'or

447 4790 653 4862 Isauris
705 4792 951 4862 pendere
997 4812 1121 4852 cum
1183 4803 1515 4849 recusasset.
1556 4795 1730 4849 Isauri
1774 4790 2037 4850 Romanis

450 4861 659 4916 bellum
713 4861 1045 4933 intulerunt,
1083 4876 1147 4921 ut
1179 4863 1375 4921 scribit
1401 4863 1554 4919 Iord.
1590 4866 1644 4920 in
1678 4866 1777 4922 lib.
1808 4865 1885 4919 De
1912 4882 2037 4920 suc-

447 4947 577 4987 cess.
590 5000 604 5003 A
619 4949 929 5003 regnorum.

523 5000 638 5072 (80)
677 5000 1000 5075 italﬂxewc
1033 5004 1339 5075 ἑκατέρας.
1380 5004 1748 5065 Scribendum
1798 5019 1883 5064 est
1910 5011 2037 5062 Φοι-

449 5070 629 5153 νίκης,
679 5082 741 5128 ιιι
793 5070 1221 5153 lfgitur_apud'
1249 5076 1622 5153 Nicephorum
1664 5078 1719 5131 in
1769 5094 1913 5153 c_ap._
1942 5080 2033 5142 '55,

450 5140 740 5224 nam...
793 5140 962 5224 Porro
1012 5140 1125 5224 jal'n
1178 5140 1712 5224 supra-notavimus
1764 5140 2042 5224 duplicem

452 5211 633 5296 fuisse.
681 5211 1290 5296 Phan-icenz'alteram
1335 5218 1747 5296 .Libanensem,
1812 5211 2045 5277 alteram

452 5279 785 5340 Maritimam
812 5285 1040 5344 dictam.
1074 5289 1189 5345 Nec
1217 5289 1353 5345 illud
1384 5279 1751 5346 omittendum
1784 5300 1898 5359 est,
1926 5305 2045 5346 eam

2142 4657 2524 4725 tingerorum,
2572 4652 2731 4725 Syria
2764 4654 3011 4725 Phtenix
3062 4654 3287 4716 dicitur,
3314 4664 3371 4725 et
3424 4656 3476 4706 in
3526 4652 3731 4725 Nomia

2141 4722 2533 4794 imperii'Rom.
2568 4722 2689 4779 Dux
2718 4723 2998 4779 Phoenicis
3032 4725 3293 4779 scribitur
3321 4724 3375 4778 in
3414 4740 3552 4794 mss.
3573 4722 3733 4778 codi—

2141 4797 2322 4853 cibus.
2353 4796 2467 4851 Nec
2491 4794 2652 4849 aliter
2673 4794 2943 4864 scriptum
2975 4795 3161 4850 inveni
3191 4794 3335 4865 apud
3362 4793 3731 4865 Hegesippum

2144 4866 2201 4919 in
2230 4865 2329 4919 lib.
2360 4882 2437 4919 ιιι.
2471 4880 2594 4919 can.
2619 4864 2709 4919 20.

2144 4883 2201 4922 ιη
2230 4881 2329 4919 IID.
2360 4882 2437 4931 III,
2471 4881 2594 4931 cap.
2619 4881 2709 4919 2U.

2230 4880 2329 4919 Hb.
2360 4882 2437 4931 ιιι,
2471 4880 2594 4934 cap.
2619 4880 2709 4919 zu.

2219 4937 2329 5011 (8i)
2363 4936 2608 5011 Ἀμιδᾳν
2634 4936 2835 5011 πύλαι.
2876 4935 3229 5011 Marcellinus
3254 4932 3523 5011 comes-in
3568 4933 3733 5011 Chro-

2146 5002 2263 5061 nico
2298 5002 2441 5061 hanc
2469 5006 2663 5059 urbem
2705 5022 2734 5061 a
2766 5006 2953 5059 Persis
2991 5014 3207 5075 captam
3260 5002 3379 5075 esse
3404 5002 3552 5075 dicit
3587 5004 3731 5056 indi-

2146 5079 2329 5132 ctione
2357 5076 2594 5139 decima,
2632 5075 2813 5130 Probo
2851 5085 2908 5131 et
2943 5073 3154 5130 Avieno
3182 5090 3325 5130 coss.
3367 5073 3419 5128 id
3467 5084 3552 5127 est
3590 5088 3734 5127 anno

2150 5148 2360 5203 Christi
2391 5146 2514 5201 502.
2552 5146 2826 5201 Anastasii
2856 5155 3039 5200 autem
3070 5146 3203 5216 imp.
3242 5142 3559 5200 undecimo.
3601 5143 3733 5198 Vide

2153 5218 2489 5289 Procopium
2524 5218 2580 5272 in
2609 5217 2754 5273 libro
2784 5217 2963 5287 primo
2991 5216 3365 5272 Persicorum.

1894 5429 2278 5487 VARIORUM.

460 5544 463 5547 ·
508 5519 617 5590 (1⁸)
658 5521 881 5589 Πέρσαι
944 5522 1596 5590 παρασπονδήσαντες.
1658 5524 1839 5579 Persae
1904 5540 2048 5583 anno

458 5589 582 5653 ω,
615 5606 805 5664 pacem
838 5608 961 5647 cum
997 5594 1263 5649 Romanis
1308 5589 1376 5648 ad
1424 5589 1598 5648 annOs
1629 5604 1852 5649 centum
1892 5594 2051 5664 pepi-

458 5670 650 5735 gerant
680 5680 693 5715 :
724 5662 961 5733 ideoque
982 5665 1137 5735 juxta
1163 5674 1344 5735 pacta,
1377 5665 1443 5718 ad
1477 5680 1681 5735 annum
1723 5662 2052 5735 522,vigere

458 5730 730 5803 debuerat
758 5751 771 5786 :
808 5730 1086 5803 ru'pta'est
1114 5730 1295 5789 tamen
1325 5750 1473 5789 anno
1506 5734 1631 5797 502,
1674 5735 1727 5789 id
1772 5744 1877 5797 est.
1910 5730 2051 5795 duo-

459 5801 689 5878 decimo
709 5803 842 5872 imp.
870 5801 1176 5878 Anastasii;
1214 5806 1361 5877 quod
1399 5816 1631 5862 testatur
1660 5806 1925 5878 Evagrius
1958 5821 2054 5861 no-

463 5883 601 5939 ster,
631 5872 731 5933 lib.
760 5890 801 5941 ι,
828 5890 877 5930 c.
906 5875 991 5933 i9.

2222 5526 2298 5593 (9)
2338 5523 2502 5577 Μετὰ
2556 5523 2704 5593 γοῦν
2747 5521 2855 5574 τὸν
2888 5523 3187 5593 πόλεμον.
3227 5516 3470 5573 Finitum
3504 5523 3591 5593 est
3633 5514 3733 5569 hoc

2148 5585 2356 5651 bellum
2380 5585 2665 5649 Persicum
2687 5607 2849 5665 anno
2874 5589 3008 5644 Chr.
3038 5585 3142 5645 505
3167 5585 3733 5665 constructaAnasta-

2150 5666 2377 5735 siopolis
2408 5681 2476 5735 eo
2510 5664 2614 5719 loci
2646 5662 2741 5735 ubi
2780 5661 2951 5715 Daras
2980 5672 3219 5735 caSIrum
3249 5668 3415 5735 antea
3453 5661 3732 5735 stetit‘an-

2150 5724 2377 5799 ιιο’507,
2408 5733 2699 5789 Anastasio
2723 5742 2808 5787 ter
2830 5731 3077 5788 consule.
3108 5729 3228 5785 Vid.
3249 5730 3483 5802 Procop.
3511 5725 3587 5782 De
3604 5724 3734 5783 bello

2153 5807 2381 5875 Persico,
2415 5805 2513 5861 lib.
2540 5821 2580 5873 ι,
2608 5819 2658 5860 c.
2686 5802 2771 5859 10.
