3960 6538
211 446 390 513 2677
1154 451 1537 513 HISTORI/E
1577 446 2169 510 ECCLESIASTICE
2210 448 2443 510 LIBER
2482 450 2577 510 III
3374 448 3515 513 2678

220 560 513 628 κείμενον,
544 555 643 610 καὶ
685 556 938 629 μεθόριον
983 558 1174 629 ὥσπερ
1213 559 1484 628 ἑκατέρας
1538 558 1817 619 πολιτείας

1942 569 2102 609 ocum
2152 556 2447 627 quemdam
2502 556 2910 626 Mesopotamize
2959 557 3131 611 Daras
3175 556 3407 618 dictum.
3439 560 3516 613 si-

220 649 546 713 καθεστὼς,
584 652 645 716 ἐξ
674 650 847 722 ἀγροῦ
893 652 1049 705 πόλιν
1097 647 1236 705 εἶναι
1268 656 1434 705 ποιεῖ·
1478 650 1730 722 καρτερῷ
1761 669 1823 703 τε

1938 644 2125 697 tumin
2151 643 2356 699 ﬁnibus
2382 644 2599 714 imperii
2632 645 2888 707 Romani,
2925 660 2989 699 ac
3011 645 3177 699 veluti
3208 644 3510 699 conﬁnium

220 743 483 811 τειχίσας
523 742 819 812 περιϐόλῳ,
850 745 1163 815 οἰκοδομίας
1192 761 1251 797 τε
1289 746 1581 814 διαφόροκ
1618 746 1822 815 ἐκπρε-

223 836 373 895 πεῖς
412 832 673 904 περιθεὶς,
728 834 1036 903 ἐκκλησιῶν
1084 852 1165 899 τε,
1222 836 1319 887 καλ
1351 835 1450 905 μὲν
1497 837 1590 889 καὶ
1619 834 1822 905 ἐτέρων

222 928 461 997 εὖαγῶν
500 927 683 988 οίκων,
718 927 1004 998 βασιλείων
1053 946 1111 983 τε
1155 929 1346 992 στοῶν,
1403 930 1498 982 καὶ
1553 928 1827 999 δημοσίων

225 1018 563 1088 βαλανείων.
599 1020 691 1071 καὶ
727 1018 902 1072 ἄλλων
944 1013 1032 1081 αἷς
1080 1019 1137 1071 αί
1174 1019 1433 1089 ἐπίσημοι
1467 1019 1575 1071 τῶν
1620 1019 1828 1071 πόλεων
1860 1045 1869 1057 ο

224 1110 763 1175 ὲγκςιλλωπίζονται.
810 1110 1040 1178 Λέγεται
1079 1111 1136 1163 δὲ
1187 1110 1325 1181 πρός
1362 1129 1523 1164 τινων
1551 1112 1734 1181 Δάρας
1764 1111 1827 1164 τδ

225 1201 448 1268 χωρίον
489 1200 863 1270 προσηγορίαν
904 1201 1123 1270 λαχεῖν,
1158 1202 1295 1255 διότι
1350 1205 1576 1274 Δαρεῖον
1636 1202 1825 1257 αὐτόθι

230 1291 663 1358 κατηγωνίσατο
690 1293 1037 1347 παντάπασιν
1077 1294 1429 1367 Ἀλέξανδρος
1453 1296 1483 1349 ὁ
1505 1294 1775 1350 Μακεδὼν
1799 1298 1828 1350 ὁ

230 1382 533 1438 Φιλίππου.

826 1677 1082 1735 ΚΕΦΑΛ.
1115 1682 1250 1739 AH'.

626 1772 763 1841 Περὶ
799 1774 906 1828 τοῦ
928 1777 1163 1843 μακροῦ
1189 1778 1450 1847 τείχους.

1930 734 2206 803 quoddam
2260 736 2519 790 Romana:
2570 750 2634 789 ac
2664 736 2900 789 Persicae
2950 736 3200 798 ditionis,
3284 751 3350 790 ex
3380 753 3513 807 agro

1930 825 2125 879 urbem
2178 824 2355 880 fecit:
2413 839 2538 880 cum
2589 833 2645 879 et
2702 824 3031 879 ﬁrmissimis
3082 826 3358 880 mtenibus
3384 843 3510 881 eum

1930 916 2213 982 cinxisset,
2247 926 2305 972 et
2332 916 2507 971 variis
2528 915 2777 972 aediﬁciis
2809 917 2963 971 mira:
2991 914 3297 973 venustatis
3347 936 3509 973 cxor-

1929 1018 2133 1071 nasset,
2180 1008 2543 1062 ecclesiarum
2572 1007 2783 1062 scilicet
2820 1016 2876 1061 et
2906 1007 3140 1062 aliarum
3192 1008 3389 1063 aedium
3422 1028 3510 1064 sa-

1931 1114 2172 1165 crarum,
2198 1099 2513 1169 porticuum
2536 1099 2665 1153 item
2692 1109 2751 1155 et
2785 1099 3131 1168 publica-rum
3170 1099 3509 1164 balnearum,

1932 1193 2273 1262 reliquorum
2302 1192 2539 1261 denique
2562 1206 2791 1261 operum
2816 1192 3021 1261 quibus
3060 1192 3395 1248 illustriores
3420 1212 3513 1247 ur-

1932 1282 2031 1337 bes
2084 1282 2315 1353 gloriari
2365 1282 2563 1337 solent.
2592 1282 2765 1338 Porro
2823 1282 2981 1338 aiunt
3017 1282 3291 1345 nonnulli,
3330 1284 3512 1337 locum

1933 1378 2099 1432 istum
2135 1377 2304 1430 Daras
2326 1362 2683 1430 idcirco’esse
2704 1374 3068 1438 nominatum,
3089 1374 3238 1444 quod
3269 1375 3510 1429 Alexan-

1933 1466 2033 1519 der
2086 1465 2307 1520 Macedo
2363 1465 2599 1534 Philippi
2646 1464 2811 1527 ﬁlius,
2869 1464 2981 1519 illic
3036 1463 3516 1522 Dariuml‘unditus

1933 1558 2225 1614 devicerit.

2392 1669 2551 1740 επ
2583 1670 2735 1727 CAP.
2764 1670 3053 1727 xxxvm.

2491 1762 2568 1817 De
2596 1762 2753 1835 longo
2778 1780 2951 1819 muro.

324 1861 597 1953 Μέγιστον
631 1862 687 1953 δὲ
737 1864 815 1933 τῷ
845 1865 889 1896 ⁷⁷
940 1866 1090 1936 αὐτῷ
1142 1868 1355 1938 βασιλεί
1404 1871 1825 1942 κατείργασται,

2005 1879 2152 1935 idem
2177 1878 2503 1935 Anastasius
2556 1890 2699 1949 Opus
2727 1878 3028 1934 maximum
3088 1888 3146 1935 et
3201 1890 3513 1936 memoratu

242 1952 349 2004 καὶ
389 1953 611 2022 μνήμης
655 1952 835 2019 ἄξιον,
874 1956 969 2009 καὶ
1016 1958 1075 2009 τὸ
1115 1960 1328 2030 μακρὸν
1361 1961 1694 2032 καλούμενον
1724 1968 1834 2018 τεῖ-

241 2060 346 2112 χος
376 2043 509 2115 (33).
564 2043 746 2108 καλῶς
787 2047 888 2116 τῆς
934 2047 1156 2121 Θρᾴκης
1207 2052 1494 2123 κείμενον·
1562 2056 1700 2124 ὅπερ
1728 2056 1833 2110 διί-

246 2153 446 2189 σταται
471 2137 572 2207 μὲν
600 2138 699 2207 τῆς
725 2139 1352 2209 Κωνσταντινουπόλεως
1382 2147 1617 2211 σταδίοις
1638 2149 1835 2221 ὀγδοή-

246 2245 424 2282 κοντα
456 2230 695 2298 μάλιστα
720 2233 813 2285 καὶ
836 2232 1152 2298 διακοσίοις·
1178 2237 1446 2301 ἑκατέραν
1476 2239 1534 2293 δὲ
1560 2240 1835 2297 θάλατταν

245 2323 655 2394 περιλαμϐάνει
688 2325 782 2377 ἐπὶ
812 2325 1061 2390 σταδίους
1088 2329 1262 2381 εἰκοσι
1294 2331 1389 2384 καὶ
1421 2334 1830 2403 τετρακοσίους,

242 2416 410 2485 δίκην
441 2415 689 2487 πορθμοῦ
714 2434 884 2481 τινοςο
910 2421 1010 2489 τήν
1037 2436 1097 2473 τε
1119 2420 1274 2474 πόλιν
1294 2424 1492 2493 μικροῦ
1525 2427 1687 2496 νῆσον
1712 2429 1834 2481 ἀντὶ

247 2508 589 2578 χερρονήσου
640 2508 891 2579 ποιῆσαν,
930 2509 1057 2574 τούς
1104 2528 1164 2565 τε
1215 2512 1576 2585 βουλομένους
1616 2518 1836 2591 διαπορο

248 2598 476 2668 θμεύων
502 2600 883 2669 ἀσφαλέστατα
918 2603 1026 2657 ἀπὸ
1052 2604 1146 2658 τοῦ
1173 2606 1509 2678 καλουμένου
1543 2611 1746 2677 Πόντου
1776 2618 1835 2678 ἐς

249 2690 355 2760 τὴν
387 2692 725 2760 Προποντίδα
773 2693 870 2746 καὶ
902 2693 1001 2765 τὴν
1031 2695 1271 2769 Θρᾴκιον
1312 2699 1602 2757 θάλαττανο
1648 2706 1834 2775 εῐργον

250 2782 383 2846 τούς
414 2801 478 2837 τε
521 2786 818 2851 ἐκθέοντας
847 2777 1197 2861 Βαρϐἇρους,
1247 2792 1314 2845 ὲκ
1366 2791 1461 2845 τοῦ
1497 2794 1833 2867 καλουμένου

251 2874 512 2942 Εὐξείνου
544 2879 768 2941 Πόντου,
799 2881 1025 2951 Κόλχων
1072 2900 1133 2936 τε
1166 2884 1266 2954 τῆς
1296 2884 1589 2951 Μαιότιδος
1637 2888 1834 2962 λίμνης

250 2970 350 3021 καὶ
378 2969 486 3023 τῶν
511 2969 655 3041 ὑπὲρ
678 2970 769 3024 τὸν
807 2972 1122 3039 Καύκασον,
1148 2974 1244 3028 καὶ
1270 2977 1398 3041 τοὺς
1428 2978 1568 3033 κατὰ
1599 2980 1697 3051 τὴν
1725 2983 1831 3035 Εὑ-

250 3063 449 3135 ρὼπην
487 3064 891 3135 ὲκκεχυμὲνους
902 3105 915 3117 .

836 3179 1085 3233 ΚΕΦΛΛ.
1123 3181 1245 3236 ΔΘ’.

252 3268 395 3337 Περὶ
428 3268 535 3323 τοῦ
565 3269 897 3344 λεγομένου
920 3275 1372 3344 χρυσαργύρου,
1406 3276 1505 3330 καὶ
1556 3277 1636 3344 ὡς
1668 3278 1828 3332 ἀνεῖ-

640 3342 751 3393 λεν
790 3342 977 3395 αὑτὸν
1018 3343 1441 3413 Ἀναστάσιος.

338 3451 743 3522 Ὑπερμέγεθες
779 3452 835 3505 δὲ
878 3454 1233 3527 κατεπράχθη
1266 3457 1414 3527 αὐτῷ
1438 3458 1585 3512 θεῖόν
1617 3477 1668 3511 τι
1698 3461 1831 3529 χρῆ-

254 3560 356 3615 μα,
388 3545 421 3611 ἡ
474 3543 571 3595 τοῦ
624 3543 957 3614 καλουμένου
1023 3548 1407 3619 χρυσαργύρου
1457 3550 1533 3621 (li)
1567 3552 1624 3615 ἐς
1653 3552 1835 3606 τέλεον

254 3634 507 3707 κωλύμηο
541 3636 608 3706 ἢν
643 3638 735 3689 καὶ
769 3638 1009 3703 λεκτέον,
1052 3641 1152 3709 τῆς
1201 3641 1525 3695 Θουκυδίδου
1556 3643 1832 3715 γλώσσης,

254 3728 286 3793 ῆ
320 3729 414 3779 καὶ
439 3726 685 3796 μείζονος
712 3746 771 3781 τε
791 3730 886 3782 καὶ
908 3730 1258 3802 κομψοτέρας
1282 3733 1655 3804 ἐπιδεομένην.
1680 3737 1834 3802 Λέξω

251 3819 311 3869 δὲ
334 3820 512 3887 κάγὼ,
538 3821 597 3873 οὗ
626 3820 767 3893 λόγῳ
795 3822 839 3854 ’⁸
870 3823 1258 3907 πεποιθὼςςτῇ
1283 3825 1339 3879 δὲ
1363 3827 1558 3897 πράξει
1588 3827 1832 3892 πίσυνος.

266 3910 552 3967 Ἐπέκειτό
582 3932 634 3967 τι
685 3918 749 3985 τῇ
781 3917 1015 3989 τοσαύτῃ
1058 3918 1154 3970 καὶ
1187 3919 1499 3992 τηλικαύτῃ
1547 3921 1658 3974 τῶν
1693 3922 1829 3975 Ῥω-

257 4003 433 4070 μαίων
464 4005 708 4076 πολιτείᾳ
748 4006 899 4069 τέλος
932 4006 1165 4062 ἐλεεινόν
1201 4027 1259 4063 τε
1300 4009 1396 4065 καὶ
1438 4010 1712 4082 θεομισὲς,
1741 4012 1836 4065 καὶ

257 4090 552 4163 βαρϐάρων
589 4093 767 4147 αὐτῶν
790 4096 1027 4163 ἀνάξιον,
1063 4098 1284 4169 μήτιγε
1308 4099 1371 4170 δὴ
1410 4099 1509 4171 τῆς
1550 4101 1836 4171 Ῥωμαίων

255 4179 798 4254 Χριστιανικωτάτης
844 4184 1153 4255 βασιλείας·
1197 4186 1226 4239 ὃ
1262 4189 1459 4260 μέχρις
1490 4189 1675 4252 αὐτοῦ.
1709 4191 1838 4244 ἀνθ-

254 4269 380 4324 ότου
426 4272 605 4341 λέγειν
632 4276 734 4329 οὐκ
773 4276 882 4346 ἔχω
916 4279 1229 4348 παροφθὲν,
1262 4280 1423 4344 αὐτὸς
1464 4282 1644 4335 ἀνεῖλε
1678 4282 1839 4352 βασιο

255 4362 551 4418 λικὼτατα.
591 4366 874 4421 Ἑπέκειτο
902 4368 957 4422 δὲ
988 4370 1197 4442 ἑτέροις
1220 4388 1280 4425 τε
1308 4372 1521 4437 πολλοῖς
1550 4374 1610 4440 ἐξ
1636 4374 1832 4444 ἐράνου

1940 1974 2325 2046 dignissimum
2355 1970 2612 2042 perfecit,
2638 1969 2785 2041 quod
2821 1970 3045 2041 longum
3079 1986 3301 2025 murum
3352 1973 3516 2042 vulgo

1940 2064 2237 2135 appellant,
2282 2063 2339 2117 in
2383 2061 2617 2118 Thracia
2668 2062 2793 2116 loco
2840 2061 3139 2116 admodum
3197 2070 3516 2131 opportuno

1939 2159 2127 2213 situm.
2170 2156 2348 2212 Distat
2376 2163 2561 2209 autem
2620 2153 3104 2224 Constantinopoli
3145 2154 3339 2209 stadiis
3395 2155 3518 2221 plus

1939 2249 2128 2302 minus
2154 2244 2412 2301 ducentis
2435 2243 2737 2315 octoginta,
2772 2253 2828 2298 et
2857 2251 3155 2313 utrumque
3188 2243 3514 2311 complecti-

1938 2350 2030 2395 tur
2064 2354 2237 2402 mare,
2263 2337 2331 2392 ad
2357 2335 2763 2407 quadringenta
2787 2350 2854 2390 ac
2876 2334 3073 2406 viginti
3112 2332 3288 2389 stadia
3344 2334 3516 2388 instar

1936 2431 2064 2486 freti
2126 2428 2414 2500 cujusdam
2462 2440 2789 2493 excurrens,
2842 2436 2899 2481 et
2948 2426 3143 2479 urbem
3193 2426 3400 2495 regiam
3449 2441 3516 2479 cx

1936 2524 2225 2596 peninsula
2245 2523 2361 2577 fere
2378 2522 2610 2577 insulam
2632 2519 2898 2584 elﬁciens,
2920 2535 3126 2590 eosque
3148 2519 3242 2590 qui
3265 2519 3517 2589 trajicere

1935 2616 2240 2679 voluerint,
2285 2630 2316 2669 a
2361 2616 2538 2669 Ponto
2581 2613 2650 2670 ad
2699 2612 3097 2683 Propontidem
3134 2620 3190 2665 ct
3236 2612 3304 2664 ad
3364 2626 3515 2664 mare

1936 2706 2233 2762 Thracium
2284 2703 2733 2760 commodissime
2785 2712 3188 2772 transportans.
3246 2700 3516 2754 Barbaros

1935 2813 2157 2869 quoque
2209 2797 2305 2867 qui
2350 2812 2417 2851 ex
2453 2796 2628 2851 Ponto
2673 2796 2887 2850 Euxino
2938 2803 2995 2849 et
3026 2810 3093 2848 ex
3152 2792 3414 2849 Colchide
3452 2807 3517 2844 ac

1936 2890 2187 2946 Maeotide
2216 2889 2441 2961 palude,
2473 2897 2530 2944 et
2554 2905 2622 2944 ex
2652 2888 2790 2943 locis
2829 2903 2995 2958 supra
3037 2874 3339 2942 Caucasum
3394 2884 3516 2937 sitis

1935 2980 2293 3037 excursiones
2347 2980 2594 3044 faciunt,
2647 2994 2747 3034 eos
2804 2979 2934 3034 item
2995 2978 3089 3049 qui
3156 2993 3225 3033 ex
3292 2976 3513 3044 Europa

1935 3070 2147 3127 eﬁ‘undi
2173 3072 2371 3135 solent,
2395 3070 2614 3142 objectu
2647 3085 2748 3125 suo
2771 3070 3011 3139 repellit.

2511 3184 2662 3239 CAP.
2695 3182 2940 3238 XXXIX.

1938 3275 2017 3329 De
2044 3274 2289 3346 vectigali
2320 3274 2458 3346 quod
2498 3276 2910 3346 chrysargyrum
2935 3281 3146 3346 vocant,
3183 3282 3237 3325 et
3257 3273 3514 3342 quomodo

2316 3343 2693 3398 sublatum'sit
2720 3343 2786 3397 ab
2830 3343 3135 3397 Anastasio.

2009 3463 2398 3533 Resprzeterea
2418 3460 2619 3515 eximia
2651 3474 2715 3514 ac
2758 3459 2918 3529 plane
2954 3457 3160 3523 divina,
3203 3460 3272 3512 ab
3319 3457 3516 3512 eodem

1941 3551 2273 3621 imperatore
2332 3560 2483 3621 gesta
2541 3558 2662 3615 est,
2734 3547 3020 3617 vectigalis
3092 3547 3305 3602 scilicet
3365 3547 3513 3616 quod

1941 3640 2378 3711 chrysargyrum}
2409 3640 2724 3704 dicebatur,
2751 3638 3000 3694 abolitio.
3035 3638 3151 3705 Qua
3181 3638 3250 3693 dc
3277 3654 3336 3693 re
3369 3653 3518 3691 nunc

1938 3733 2235 3788 dicendum
2271 3741 2377 3796 est,
2406 3733 2659 3802 quamvis
2694 3732 3030 3802 Thucydidis
3062 3731 3399 3801 eloquentia,
3423 3739 3520 3784 aut

1937 3824 2105 3879 etiam
2147 3823 2531 3893 praestantiore
2570 3838 2634 3877 ac
2693 3822 2992 3877 disertiore
3038 3822 3226 3891 lingua
3275 3820 3344 3874 ad
3393 3836 3515 3874 eam

1936 3928 2057 3969 rem
2116 3930 2255 3984 opus
2307 3922 2474 3968 esset.
2528 3914 2639 3984 Ego
2688 3928 2820 3967 vero
2869 3928 2983 3966 non
3028 3912 3365 3981 eloquentia,
3419 3910 3515 3964 sed

1936 4006 2069 4063 facti
2103 4005 2480 4077 magnitudine
2509 4004 2773 4069 conﬁsus,
2803 4020 2920 4060 rem
2946 4004 3207 4060 narrabo.
3237 4005 3517 4059 Romano-

1944 4115 2067 4154 rum
2085 4098 2405 4169 reipublica:
2437 4107 2545 4153 tam
2573 4099 2733 4169 longe
2764 4098 2981 4168 lateque
3016 4098 3250 4158 diffusae,
3287 4097 3517 4166 imposi-

1940 4202 2055 4247 tum
2101 4200 2221 4246 erat
2249 4191 2483 4261 vectigal
2513 4190 2830 4245 miserabile
2847 4205 3079 4260 prorsus
3114 4190 3336 4257 Beoque
3376 4187 3517 4240 invi-

1935 4301 2080 4350 sum,
2101 4295 2159 4341 et
2180 4284 2436 4343 Barbaris
2462 4284 2596 4354 ipsis
2625 4283 2912 4353 indignum
2935 4325 2949 4349 ,
2998 4280 3201 4345 nedum
3258 4278 3517 4334 christia-

1934 4377 2165 4431 nissimo
2210 4377 2583 4431 Romanorum
2642 4373 2877 4444 imperio
2936 4372 3294 4433 conveniens.
3357 4369 3515 4439 Quod

254 4454 354 4524 τὴν
385 4457 595 4528 τροφὴν
637 4458 940 4531 πορίζουσι,
974 4462 1068 4515 καὶ
1097 4463 1218 4527 ταῖς
1243 4464 1705 4535 ἀπεμπωλούσαις
1732 4465 1831 4537 τὴν

1938 4468 2005 4522 ad
2041 4468 2314 4523 Anastasii
2377 4482 2549 4537 usque
2605 4476 2850 4536 tempora
2919 4464 3119 4521 nescio
3156 4462 3515 4533 quamobrem

1533 4620 1766 4678 VARUE
1814 4621 2221 4683 LECTIONES.

330 4733 373 4770 ⁷⁷
395 4732 461 4789 C.
506 4732 569 4789 C.
618 4734 876 4804 μέγιστον
904 4736 962 4790 δέ
990 4755 1044 4791 τι
1073 4737 1172 4793 τῶ.
1250 4739 1297 4772 ⁷⁸
1318 4742 1379 4794 οὐ
1418 4742 1496 4813 τῷ
1529 4744 1701 4817 λόγῳ.

1460 4884 1727 4941 VALESII
1770 4884 2324 4942 ANNOTATIONES.

327 4992 439 5062 (82)
477 4992 584 5067 Kal
614 4994 677 5067 τὸ
698 4993 931 5067 μακρὸν
958 4996 1335 5067 καλούμενον
1357 4997 1572 5067 τεῖχος.
1596 4998 1837 5053 Delenda

258 5073 344 5138 est
399 5064 669 5138 particula
735 5065 850 5125 καὶ,
899 5072 1090 5138 utpote
1144 5064 1360 5123 inutilis
1422 5064 1479 5124 et
1525 5068 1822 5138 superﬂua.

262 5133 436 5187 Porro
461 5132 553 5187 hic
585 5149 775 5187 murus
808 5149 874 5188 cx
903 5132 1207 5192 conditoris
1260 5139 1482 5194 nomine
1512 5132 1693 5193 dic—tus
1741 5146 1826 5193 est

262 5201 654 5258 Anastasianus
680 5222 730 5279 Ξ-
751 5204 1008 5279 conditus
1035 5214 1118 5261 est
1143 5216 1327 5279 autem
1361 5208 1650 5279 Anastasio
1684 5211 1821 5279 Aug.

265 5281 346 5326 ter
362 5288 477 5327 cos.
508 5288 653 5327 anno
671 5273 874 5327 Christi
900 5275 1025 5339 507,
1061 5284 1124 5329 ut
1142 5278 1339 5333 scribit
1369 5288 1561 5333 auctor
1583 5273 1828 5334 Chroni'ci

261 5342 629 5397 Alexandrini.
663 5344 738 5398 De
766 5344 869 5399 hoc
890 5361 1051 5400 muro
1076 5346 1273 5403 Suidas
1297 5348 1371 5403 ita
1392 5350 1587 5403 scribit
1609 5349 1665 5403 in
1693 5365 1826 5405 voce

261 5415 455 5489 τεξχος·
490 5412 843 5489 Ἀναέτάσιος
885 5416 959 5489 6_
973 5415 1225 5489 βασιλεὺς
1272 5419 1451 5489 κτίζει
1498 5420 1560 5471 τὸ
1616 5420 1825 5489 μακρὸν

262 5480 435 5553 τεῖχος
464 5482 572 5553 πρὸ
601 5480 645 5547 ξ’
681 5482 872 5553 μιλίων
900 5480 997 5555 τῆς
1022 5486 1249 5553 πόλεως,
1285 5480 1555 5552 διατείνας
1611 5480 1677 5542 ἐκ
1726 5480 1827 5558 τῆς

1942 4999 2083 5052 κατά
2142 4996 2343 5065 ἄρκτον
2399 4992 2675 5064 θαλάσσης
2731 4994 2812 5055 εἰς
2865 4989 3232 5065 μεσημϐρίαν.
3288 4989 3344 5043 Id
3396 4999 3511 5065 est:

1927 5061 2242 5124 Anastasius
2262 5068 2393 5137 imp.
2420 5061 2863 5137 loAngum'maram
2877 5061 3167 5137 exstruxit,
3185 5061 3515 5137 sexagesimo

1930 5137 2183 5193 milliaria
2213 5137 2277 5190 ab
2298 5131 2423 5189 urbe
2446 5131 2926 5203 Constantinopoli.
2961 5131 3512 5203 Protenditur‘autem

1931 5227 1964 5263 a
1991 5209 2131 5262 mari
2155 5207 2294 5278 quod
2332 5206 2521 5278 estad
2564 5200 2978 5278 septentrionem
3030 5218 3195 5278 usque
3245 5200 3316 5278 ad
3362 5216 3514 5252 mare

1928 5280 2069 5348 quod
2088 5270 2254 5331 est'ad
2286 5270 2683 5348 meridiem.__Et
2708 5272 2979 5348 longitudo
3010 5272 3217 5348 quidem
3244 5270 3357 5348 ejus
3388 5286 3514 5348 ςοιι-

1930 5339 2060 5403 tinet
2091 5347 2454 5418 quadraginta
2479 5345 2671 5418 millia,
2706 5339 2931 5418 latitudo
2959 5339 3080 5418 vero
3104 5342 3257 5418 pedes
3303 5339 3509 5418 viginti.

1930 5407 2243 5474 Plura'vide
2289 5407 2434 5486 apud
2488 5416 2714 5486 Petrum
2754 5413 2977 5486 Gillium
3036 5407 3297 5486 in;_libro.
3357 5407 3395 5470 ι,
3438 5407 3514 5460 De

1931 5486 2279 5561 topographia
2312 5479 2458 5541 urbis
2488 5483 2895 5553 Constantinop.
2932 5496 3054 5550 cap.
3086 5479 3175 5533 2|.

1690 5621 2075 5679 VARIORUM.

329 5732 404 5798 (Ἰι)
447 5732 894 5807 Χρυᾳυργύρου.
924 5731 1158 5807 Sustulit
1202 5733 1520 5807 Anastasius
1571 5737 1826 5807 chrysar-

261 5814 450 5927 ξζτιιιιι
507 5801 776 5856 tributum
818 5810 875 5882 et
931 5804 1251 5858 venationes
1292 5806 1405 5859 sive
1448 5801 1819 5887 pugnas'cum

316 5872 454 5926 rstiis
514 5872 785 5927 publicas.
836 5871 1052 5927 Imperii
1112 5873 1196 5927 sui
1256 5874 1672 5927 decennalihus.
1722 5878 1819 5927 hoc

316 5872 454 5927 :stiis
514 5872 785 5941 publicas,
836 5872 1052 5941 imperii
1112 5873 1196 5928 sui
1256 5872 1672 5944 decennalibus,
1722 5878 1824 5933 hoc

1929 5749 2015 5822 cst
2046 5753 2192 5794 anno
2217 5736 2318 5794 Ch.
2345 5734 2471 5801 500,
2502 5742 2562 5787 ut
2588 5741 2817 5791 testatur
2839 5729 3204 5799 Theophanes
3232 5728 3286 5782 in
3337 5727 3503 5784 Chro-

1932 5826 2067 5863 ιιιεο.
