3960 6506
161 426 296 494 2631

1085 438 1475 500 HISTORIA!
1513 431 2113 504 ECCLE'SIASTlC/E
2152 445 2384 505 LIBER
2424 436 2541 508 ΙΙῙ.
2605 467 2609 470 ·

3328 441 3475 512 2682

175 545 467 613 Ἀὁουλίας
486 548 554 605 δὲ
589 550 699 623 (86)
731 552 926 608 ἑαυτυῦ
949 556 1270 628 κατηγόρει,
1307 559 1400 612 καὶ
1437 561 1538 631 τῆς
1564 560 1622 624 ἐς
1645 559 1784 629 ἄγαν

1892 565 2110 619 chartas
2131 581 2254 634 qua:
2291 565 2598 621 exactionis
2631 565 2796 637 hujus
2811 555 3064 622 notitiam
3115 566 3475 623 continebant

164 641 373 704 ἀνοίας,
418 641 638 711 λέγων·
667 646 744 708 ὡς
781 649 848 718 τῇ
881 648 1190 721 καινοδοξία
1219 653 1281 704 τὸ
1310 652 1474 706 πλέον
1512 653 1658 718 δοὺς,
1690 654 1787 707 τοῦ

168 735 524 800 συνοίσοντος
562 739 634 808 τῇ
667 738 918 811 πολιτείᾳ
946 741 1326 813 παρημέληκε,
1358 745 1453 798 καὶ
1477 745 1568 798 τὸν
1596 745 1785 800 τοσοῦ-

165 828 255 876 δὲον
284 825 465 894 πόρον
494 828 775 885 ἀνέκαθεν
805 832 1207 904 ἐφευρημένον,
1238 837 1330 888 καὶ
1355 836 1632 901 τοσούτοις
1661 838 1790 908 χρό-

168 935 274 980 νοις
301 917 714 987 βεϐαιωθέντα,
747 925 872 994 είκῆ
901 942 961 977 τε
990 925 1419 996 ἀπερισκέπτως
1449 929 1783 1000 ἀνήρτησεν,

68 1017 74 1021 ·
167 1007 226 1060 οὗ
260 1011 455 1073 συνεὶς
486 1011 566 1065 τὰ
602 1012 971 1085 ὲπαρτὼμενα
1000 1009 1474 1088 κινδυνεύματα,ἥ
1499 1021 1598 1082 τας
1620 1027 1788 1090 στρα-

168 1101 442 1165 τιωτικὰς
478 1103 770 1169 δαπάνας,
805 1106 870 1159 τὸ
901 1106 1008 1171 ζῶν
1037 1105 1131 1159 τοῦ
1161 1107 1560 1176 πολιτεύματος
1585 1112 1785 1180 τεῖχος,

170 1193 229 1278 οὐ
268 1193 372 1255 τὰς
421 1187 494 1258 ἐς
535 1197 840 1268 θεραπείαν
867 1198 962 1251 τοῦ
989 1198 1148 1273 Θεοῦ*
1178 1198 1275 1251 καὶ
1307 1200 1474 1270 μηδὲν
1505 1199 1616 1252 τῶν
1641 1199 1788 1252 ἐνδο-

174 1286 262 1341 θεν
302 1286 570 1353 δεικνὺς,
627 1289 964 1357 ἀπαγγέλλει
1019 1288 1308 1360 βούλεσθαι
1356 1289 1448 1342 τὸν
1497 1290 1788 1362 εἰρημένον

172 1378 583 1434 ἀνασώσασθαι
611 1382 793 1452 πόρον.
833 1374 944 1435 Καὶ
973 1381 1037 1452 δὴ
1061 1383 1188 1444 τοὺς
1213 1380 1586 1452 ἐφεστηκότας
1619 1397 1791 1452 προσ-

176 1469 601 1541 καλεσάμενος,
637 1473 846 1541 ἔφασκε
884 1473 1306 1544 μεταμελεῖσθαι
1337 1473 1459 1544 μὲν,
1501 1476 1602 1528 οὐκ
1645 1472 1789 1543 ἔχειν

175 1554 229 1618 δὲ
278 1565 366 1617 ὅτι
421 1569 530 1618 καὶ
582 1568 866 1638 πράξει,ἢ
925 1570 1074 1633 ὅπως
1115 1570 1215 1640 τὴν
1253 1569 1466 1623 οἰκείαν
1511 1569 1790 1641 ἁμαρτίαν

178 1655 579 1726 διορθώσαιτο,
624 1659 880 1725 καθάπαξ
914 1659 1022 1714 τῶν
1056 1661 1276 1731 χαρτῶν
1306 1661 1646 1722 καυθέντων,
1678 1661 1788 1714 τῶν

179 1746 512 1816 δυναμένων
551 1749 654 1819 τὴν
707 1750 1000 1822 εἴσπραξιν
1045 1752 1264 1822 δηλοῦν.
1301 1753 1590 1806 Κάκείνων
1636 1754 1692 1806 δὲ
1727 1753 1788 1806 οὖ

180 1843 283 1891 τινι
311 1841 713 1912 προσποιήσει,
742 1846 860 1906 ταῖς
890 1844 947 1897 δὲ
980 1844 1266 1913 ἀληθείαις
1301 1845 1406 1916 τὴν
1441 1847 1642 1915 πρᾶξιν
1663 1845 1785 1899 ὀδυ-

185 1929 434 1997 ρομένων
480 1930 578 1984 διά
637 1932 729 1985 τὸν
784 1933 1037 1987 ἐντεῦθεν
1084 1935 1270 1999 αὐτοῖς
1325 1937 1786 2007 περιποιούμενοι]

183 2019 364 2073 ἂδικον
401 2023 630 2092 μισθὸν,
657 2026 754 2078 καὶ
785 2027 884 2096 τὴν
928 2027 1323 2099 παραπλησίαν
1359 2029 1598 2097 ἀπορίαν
1629 2033 1788 2100 προῖ-

190 2113 501 2181 σχομένων,
545 2115 864 2187 προῦτρεπέ
904 2131 963 2171 τε
1005 2120 1096 2172 καὶ
1129 2119 1456 2190 παρεκάλει,
1484 2119 1574 2172 διὰ
1607 2119 1789 2188 πάσης

189 2204 362 2268 ἰόντας
394 2205 697 2279 ζητήσεως
723 2207 1101 2281 ὲξερευνῆσαι,
1125 2212 1282 2283 εἴπερ
1307 2213 1488 2282 εὑρεῖν
1509 2211 1790 2282 δυνηθεῖεν

187 2298 269 2352 διὰ
300 2299 415 2354 τῶν
453 2302 769 2372 ἑκασταχοῦ
833 2305 1213 2373 συγκειμένων
1263 2306 1508 2373 πτυχίων
1553 2303 1653 2374 τὴν
1693 2304 1788 2357 τοῦ
1822 2322 1826 2326 ·

189 2391 387 2454 παντὸς
410 2393 734 2464 εἴσπραξιν.
777 2395 890 2448 Καὶ
924 2385 1148 2465 πέμψας
1189 2396 1404 2466 ἑκάστῳ
1432 2395 1700 2459 δαπάνας,
1730 2397 1790 2458 ἐς

191 2481 282 2551 τὴν
314 2484 446 2554 περὶ
493 2484 678 2539 ταῦτα
718 2485 982 2556 συλλογὴν
1026 2487 1299 2555 ἔπεμπεν,
1323 2485 1625 2557 ἐπιτρέψας
1659 2487 1790 2540 ἔκα-

196 2581 313 2628 στον
342 2577 567 2646 χάρτην
614 2576 789 2631 ταῦτα
842 2579 1164 2649 σαιρηνίζειν
1205 2579 1524 2649 δυνάμενον,
1568 2580 1691 2633 ὅποι
1724 2577 1790 2632 ἂν

195 2667 466 2740 εὑρεθείη,
499 2668 644 2740 πρὸς
672 2669 836 2723 αὑτὸν
869 2670 1332 2740 ἀποκομισθῆναι,
1365 2671 1451 2724 ἵνα
1488 2672 1626 2740 μετὰ
1661 2671 1791 2724 πολ-

195 2759 287 2828 λῆς
332 2761 433 2829 τῆς
466 2762 858 2831 περισκέψεως
910 2763 1005 2816 καὶ
1037 2765 1134 2834 τῆς
1177 2765 1236 2826 ὲς
1280 2763 1424 2832 ἄγαν
1474 2764 1788 2834 ἀκριϐείας,

197 2851 258 2903 τᾶ
287 2855 414 2924 περὶ
457 2853 676 2907 τούτων
724 2849 880 2918 αὖθις
934 2855 1281 2926 συνταχθείη.
1329 2855 1418 2920 Ὠς
1451 2855 1496 2908 δ’
1526 2855 1619 2910 οὖν
1652 2857 1791 2927 μετά

197 2945 398 3015 καιρὸνῖ
424 2941 573 3020 ἧκον
612 2949 661 3000 οί
691 2946 904 3012 τούτοις
942 2947 1390 3018 διακονούμενοι,
1443 2951 1660 3019 χαρίεις
1704 2967 1791 3012 τις

199 3035 361 3091 ἐδόκει
410 3040 515 3092 καὶ
575 3038 894 3110 φαιδρότητι
945 3039 1288 3110 γαννύμενος
1338 3043 1366 3094 ό
1413 3041 1788 3106 Ἀναστάσιος.

201 3127 418 3200 Ἔχαιρε
453 3129 519 3183 δὲ
553 3132 650 3183 καὶ
684 3133 804 3193 ταῖς
825 3129 1086 3200 ἀληθείας
1111 3131 1224 3201 (87)
1265 3130 1374 3186 τῶν
1403 3131 1788 3202 ἐσπουδασμέ-

1890 654 2151 710 incendio
2175 658 2542 727 consumpsit.
2586 656 2838 728 Cumque
2896 659 3004 714 hoc
3051 660 3306 729 vectigal,
3354 671 3473 714 tan-

1888 759 2052 816 quam
2079 747 2464 803 holocaustum
2489 748 2788 816 quoddam,
2811 749 2922 803 Deo
2948 749 3159 820 integre
3184 749 3476 804 immolare

1889 839 2078 904 vellet,
2109 854 2178 894 ne
2239 839 2367 910 quis
2421 839 2565 896 forte
2591 856 2660 896 ex
2704 840 3137 910 imperatoribus
3189 839 3285 908 qui
3348 847 3474 910 post

1890 930 2072 1000 ipsum
2099 931 2379 1001 regnaturi
2416 939 2597 996 erant,
2628 941 2790 986 vetus
2817 931 3122 986 exactionis
3155 930 3318 984 istius
3348 946 3476 998 pro-

1890 1021 2054 1076 brum
2093 1032 2361 1078 renovare
2391 1023 2833 1092 iterumposset,
2867 1021 3054 1077 dolere
3076 1036 3134 1075 se
3171 1020 3472 1074 simulavit.

1890 1105 1960 1167 Et
1995 1112 2381 1182 imprudentiae
2411 1130 2470 1170 se
2495 1114 2676 1184 ipsum
2703 1127 2971 1169 accusans
3004 1121 3172 1181 atque
3216 1119 3478 1166 extremae

1893 1203 2208 1268 dementiae,
2243 1204 2426 1259 aiebat
2450 1220 2510 1258 se
2537 1204 2687 1258 inani
2719 1203 2912 1274 gloria:
2935 1202 3172 1258 nimium
3222 1201 3476 1256 tribuen-

1895 1304 2046 1358 tem,
2072 1295 2391 1366 reipublicae
2433 1295 2720 1350 commoda
2764 1293 3094 1364 neglexisse,
3156 1302 3486 1361 tantumque

1892 1388 2125 1458 vectigal
2157 1403 2188 1442 a
2223 1387 2529 1457 majoribus
2570 1387 2908 1450 institutum,
2964 1393 3020 1440 et
3063 1392 3173 1438 tam
3226 1383 3479 1437 diuturni

1896 1480 2166 1550 temporis
2193 1481 2376 1550 spatio
2406 1481 2821 1544 confirmatum,
2851 1488 3060 1534 temere
3081 1489 3138 1532 et
3166 1478 3483 1532 inconside-

1893 1582 2009 1627 rate
2069 1573 2398 1628 sustulisse:
2457 1588 2524 1628 ac
2575 1587 2756 1642 neque
2811 1571 3157 1625 irmnincntia
3213 1569 3478 1638 pericula,

1844 1725 1864 1731 η
1891 1681 2075 1736 neque
2098 1673 2351 1736 suroptus
2379 1665 2457 1720 rei
2508 1663 2788 1728 militaris,
2841 1663 2935 1733 qui
2977 1671 3108 1718 sunt
3148 1663 3307 1732 quasi
3357 1660 3483 1714 viva

1893 1757 2144 1828 quaedam
2175 1757 2588 1828 propugnacula
2623 1755 2968 1826 reipublicae,
2996 1769 3099 1810 nec
3139 1769 3239 1808 eos
3284 1753 3378 1822 qui
3409 1751 3484 1806 ad

1895 1853 2105 1907 cultum
2159 1850 2257 1905 Dei
2308 1848 2609 1904 necessarii
2661 1856 2820 1912 sunt,
2871 1848 3057 1901 animo
3097 1844 3480 1915 perpendisse.

1892 1940 2040 1998 Nihil
2065 1941 2233 2013 igitur
2257 1955 2452 1996 eorum
2475 1955 2599 2010 qua:
2617 1939 2672 1993 in
2699 1939 2885 1993 animo
2913 1937 3152 1992 habebat
3169 1936 3479 2000 declarans,

1892 2036 2044 2091 velle.
2064 2051 2124 2090 se
2163 2033 2304 2089 dixit
2326 2048 2496 2104 supra
2517 2039 2882 2085 memoratum
2905 2029 3136 2099 vectigal
3163 2028 3480 2082 restituere.

1891 2129 2142 2194 Cumque
2174 2141 2270 2180 eos
2307 2125 2400 2195 qui
2433 2123 2687 2192 vectigali
2729 2120 3011 2192 praepositi
3071 2129 3251 2185 erant,
3289 2119 3356 2174 ad
3421 2135 3483 2175 se

1891 2224 2195 2278 evocasset,
2229 2230 2288 2268 se
2317 2213 2540 2283 quidem
2568 2212 2696 2266 facti
2727 2212 2998 2281 paenitere
3025 2210 3205 2266 fassus
3233 2221 3318 2266 est
3346 2229 3358 2265 :
3384 2211 3483 2268 sed

1891 2309 2025 2379 quid
2053 2307 2326 2378 agendum
2358 2306 2431 2360 sit
2459 2305 2696 2367 nescire,
2725 2319 2830 2358 nec
2855 2319 2964 2373 qua
2990 2304 3205 2358 ratione
3234 2312 3482 2358 erratum

1892 2415 2054 2454 suum
2085 2397 2385 2452 einendare
2421 2395 2620 2465 possit,
2653 2394 2867 2448 chartis
2895 2392 3160 2448 omnibus
3183 2408 3249 2446 ex
3277 2388 3485 2459 quibus

1891 2492 2177 2563 vectigalis
2198 2490 2397 2546 notitia
2427 2487 2639 2558 percipi
2672 2495 2906 2558 poterat,
2935 2486 3060 2556 igne
3117 2479 3484 2550 consumptis.-

1891 2585 2009 2660 lllis
2031 2599 2185 2648 vero,
2214 2598 2325 2638 non
2351 2581 2578 2651 quidem
2609 2578 2891 2643 simulate,
2939 2575 3036 2632 sed
3071 2575 3256 2644 reipsa
3312 2581 3483 2642 atque

1891 2695 1960 2734 ex
1990 2677 2176 2732 animo
2199 2674 2434 2745 vectigal
2464 2671 2910 2742 deplorantibus,
2937 2669 3009 2725 ob
3031 2668 3286 2723 illicitum
3327 2681 3484 2735 quaa-

1889 2782 2038 2828 stum
2065 2785 2230 2840 quem
2255 2784 2323 2824 ex
2345 2765 2507 2837 373
2529 2765 2622 2819 illo
2645 2763 2932 2834 percipere
2958 2765 3397 2823 consueverant;
3427 2766 3484 2812 et

1890 2863 2185 2920 maximam
2237 2860 2466 2931 perinde
2521 2856 2903 2912 difﬁcultatem
2968 2854 3480 2927 praetendentibus:

1891 2959 2150 3013 hortatus
2188 2963 2275 3010 est
2328 2969 2426 3010 eos
2485 2950 2838 3020 Anastasius,
2878 2958 2941 3004 ut
2989 2949 3249 3004 omnibus
3304 2945 3486 3000 modis

1889 3055 2280 3104 scrutarentur
2328 3060 2393 3099 ac
2451 3042 2918 3112 pervestigarent,
3002 3056 3136 3094 num
3205 3038 3349 3092 forte
3413 3052 3486 3090 ex

1894 3138 2099 3193 tabulis
2136 3151 2262 3204 quae
2319 3133 2554 3202 singulis
2601 3131 2656 3186 in
2704 3130 2844 3186 locis
2892 3138 3234 3185 coacervata:
3272 3135 3484 3191 essent,

201 3224 298 3270 νων
323 3217 667 3290 τετυχηκὼς,
702 3220 797 3274 καὶ
847 3219 1106 3292 ἀνηρώτα
1144 3222 1235 3275 τὸν
1261 3223 1487 3292 τρόπον,
1533 3224 1681 3285 ὅπως
1725 3239 1784 3274 τε

1894 3231 2064 3284 totius
2091 3225 2378 3296 vectigalis
2394 3223 2648 3294 exigendi
2673 3223 2940 3277 rationem
2969 3229 3198 3290 possent
3219 3220 3484 3289 reperire.

203 3308 475 3380 εὕρηνται,
510 3311 608 3365 καὶ
647 3314 800 3380 παρά
823 3312 956 3375 τίσι,
989 3313 1085 3365 καὶ
1113 3313 1166 3366 εἴ
1194 3331 1247 3366 τι
1276 3313 1563 3384 τοιουτῷδε
1595 3314 1658 3384 (i)
1690 3331 1789 3367 κα-

205 3399 572 3458 ταλέλειπται.
603 3402 726 3456 Τῶν
749 3403 804 3456 δὲ
826 3403 1054 3467 πολλοὺς
1083 3406 1559 3474 κατασεϐληκέναι
1596 3406 1793 3470 πόνους

206 3492 290 3546 ἐπὶ
321 3497 384 3564 τῇ
416 3496 634 3550 τούτων
674 3498 966 3567 συναγωγῇ
1014 3491 1524 3567 διῖσχυριζομένων,
1567 3498 1794 3568 ὀμνυόν-

207 3593 307 3640 των
334 3605 390 3641 τε
427 3590 573 3660 πρὸς
616 3589 712 3642 τοῦ
763 3590 1026 3660 βασιλέως
1056 3591 1134 3653 ὠς
1161 3590 1338 3654 οὐδεὶς
1370 3590 1559 3659 ἕτερος
1587 3593 1794 3662 χάρτης

210 3677 372 3733 ταῦτα
400 3681 604 3750 δηλοῦν
629 3681 926 3752 δυνάμενος
957 3682 1063 3738 ἀνά
1099 3684 1207 3736 πᾶν
1233 3683 1521 3735 ἀπόκειται
1552 3684 1614 3736 τὸ
1643 3683 1794 3736 πολί-

208 3785 405 3841 τευμα,
439 3772 608 3837 αὖθις
638 3775 822 3844 πυρὰν
865 3770 1032 3844 ἐξῆψε
1071 3772 1313 3844 μεγάλην
1354 3775 1419 3827 ἐκ
1451 3773 1560 3827 τῶν
1593 3774 1796 3828 ἀποκοδ

214 3865 508 3933 μισθέντων
530 3868 792 3939 χαρτίων,
834 3870 930 3922 καὶ
956 3869 1056 3941 τὴν
1095 3867 1320 3922 σποδιὰν
1347 3867 1536 3922 ὕδασιν
1567 3869 1797 3924 ἐπέκλυ-

212 3967 316 4022 σεν,
358 3959 628 4029 ἀφανίσαι
661 3959 844 4014 τέλεον
894 3960 991 4031 τὴν
1053 3961 1250 4032 πρᾶξιν
1280 3960 1623 4032 βουλόμενος
1652 3961 1794 4015 ὥστε

217 4050 284 4120 μὴ
337 4053 513 4119 κόνιν,
571 4053 647 4125 μὴ
697 4055 927 4125 τέφραν,
986 4055 1126 4125 μήτε
1182 4055 1292 4126 μήν
1335 4073 1388 4108 τι
1415 4054 1666 4124 λείψανον
1699 4055 1792 4109 τοῦ

213 4143 530 4216 πράγματος
573 4142 737 4218 ἦττον
772 4148 1198 4200 ἀποκαυθεντων
1228 4149 1482 4219 φανῆναι.
1519 4147 1607 4212 Ὦς
1641 4149 1709 4203 ἂν
1736 4149 1796 4203 δὲ

218 4232 285 4302 μὴ
307 4236 363 4290 τὸ
400 4237 639 4306 κώλυμα
663 4240 762 4305 τῆς
790 4237 1043 4308 πράξεως
1077 4237 1335 4291 τοσοῦτον
1363 4238 1682 4310 ἐξάραντες.
1704 4240 1795 4293 δό-

216 4321 395 4394 ξαιμεν
417 4329 659 4396 ἀγνοεῖν,
686 4328 740 4381 τί
764 4345 851 4390 τε,
883 4327 978 4380 καὶ
1003 4327 1106 4379 ὅσα
1127 4329 1238 4390 τοῖς
1259 4327 1642 4398 ἀρχαιοτέροις
1666 4327 1796 4400 περὶ

216 4413 404 4486 ταύτης
457 4417 723 4488 ἐμπαθῶς
775 4417 1078 4488 ἱστόρηται,
1103 4415 1237 4485 φέρε
1270 4417 1368 4470 καὶ
1411 4417 1584 4472 ταῦτα
1617 4420 1797 4488 παρά-

217 4504 404 4575 θωμαι,
437 4511 536 4565 καὶ
572 4511 732 4578 δείξω
755 4510 948 4581 ψευδῆ,
980 4510 1074 4563 καὶ
1102 4509 1467 4579 διαφερόντως
1499 4512 1558 4578 ἐξ
1583 4505 1665 4566 ὧν
1697 4512 1796 4564 αὐ-

216 4599 291 4652 τοὶ
320 4600 619 4674 διεξῆλθον.

1895 3319 2213 3376 Constituto
2249 3316 2435 3384 itaque
2465 3314 2698 3383 singulis
2724 3310 2947 3375 salario,
2982 3311 3048 3364 ad
3076 3307 3488 3378 conquirendas

1895 3412 2120 3466 chartas
2166 3422 2265 3462 eos
2305 3406 2480 3468 misit,
2537 3405 2740 3474 jubens
2784 3391 2847 3456 ut
2891 3417 3235 3472 quaecunque
3283 3401 3488 3454 charta:

1895 3500 2182 3571 vectigalis
2203 3498 2352 3552 illius
2384 3495 2639 3550 notitiam
2674 3493 3031 3564 suppeditare
3068 3500 3314 3562 possent,
3360 3485 3487 3544 ubi-

1898 3607 2121 3662 cunque
2171 3591 2420 3644 locorum
2483 3596 2715 3656 repertae
2742 3593 2952 3650 essent,
2984 3585 3050 3638 ad
3081 3585 3256 3653 ipsum
3311 3583 3495 3637 desti~

1898 3689 2193 3748 narentur,
2230 3679 2577 3750 utsingulari
2603 3678 2828 3732 solertia
2857 3692 2922 3730 ac
2951 3675 3260 3745 diligentia.
3317 3673 3497 3728 totius

1905 3775 2194 3845 vectigalis
2252 3773 2395 3826 ratio
2441 3771 2641 3824 iterum
2713 3778 3163 3836 componeretur.
3231 3765 3497 3820 Reversis

1896 3875 2081 3921 autem
2111 3864 2403 3933 aliquanto
2433 3869 2559 3930 post
2589 3860 2658 3914 iis
2687 3859 2892 3928 quibus
2918 3857 2972 3911 id
3017 3856 3224 3926 negotii
3260 3855 3493 3910 mandaa'

1899 3971 2016 4016 tum
2046 3958 2249 4021 fuerat,
2300 3955 2495 4009 hilaris
2524 3964 2581 4007 et
2629 3953 2901 4021 singulari
2971 3950 3172 4021 gaudio
3228 3949 3493 4019 perfusus

1895 4050 2191 4107 videbatur
2218 4047 2568 4103 Anastasius.
2601 4045 2667 4098 Et
2699 4041 2978 4114 gaudebat
3005 4057 3064 4095 re
3092 4054 3244 4105 vera,
3279 4042 3489 4110 quippe

1896 4144 1993 4216 qui
2023 4143 2078 4198 id
2108 4141 2256 4213 quod
2292 4140 2876 4210 optabatconsecutus
2909 4145 3076 4190 esset.
3113 4135 3489 4189 Percontabaa

1898 4237 2197 4306 turitaque
2221 4247 2464 4304 quanam
2488 4234 2723 4289 ratione,
2761 4224 2841 4282 et'
2867 4226 3015 4297 apud
3063 4242 3203 4295 quos
3256 4234 3494 4295 repertas

1899 4330 2135 4386 fuissent
2155 4327 2381 4389 chartae,
2415 4333 2472 4378 et
2512 4338 2644 4377 num
2663 4337 2727 4375 ex
2758 4319 3082 4392 hujusmodi
3113 4318 3499 4372 monumentis

1898 4420 2203 4490 quidquam
2224 4425 2563 4486 superesset.
2605 4414 2720 4467 Illis
2741 4426 2871 4465 vero
2892 4409 3318 4472 allirmantibus,
3342 4409 3497 4462 mul-r

1900 4519 2016 4564 tum
2045 4523 2105 4563 se
2130 4509 2412 4561 laborasse
2446 4513 2508 4558 ut
2533 4503 2755 4558 chartas
2785 4500 2920 4554 istas
2955 4500 3375 4569 conquirerent,
3430 4505 3489 4551 et

1820 4597 1866 4652 D
1894 4618 1995 4673 per
2016 4599 2327 4672 principem
2354 4599 2533 4667 ipsum
2557 4594 2878 4667 jurantibus
2906 4593 3115 4647 nullam
3134 4593 3298 4646 aliam
3321 4591 3493 4644 Char-

220 4699 408 4750 tamex
439 4712 551 4767 qua
579 4697 866 4767 vectigalis
894 4695 1062 4769 hujus
1117 4698 1316 4754 notitia
1386 4696 1597 4768 percipi
1657 4697 1854 4766 possit,
1897 4695 1954 4750 in
2004 4693 2264 4749 universo
2331 4691 2567 4759 imperio
2622 4689 2869 4744 Romano
2945 4686 3221 4756 reperiri,
3291 4700 3488 4739 rursus
3557 4665 3562 4676 ’

221 4785 413 4847 chartis
465 4807 590 4861 qua:
640 4793 822 4848 allatae
861 4794 1101 4858 Inerant,
1149 4795 1205 4849 in
1251 4808 1447 4865 rogum
1525 4793 1815 4864 conjectis,

1893 4805 2156 4862 magnum
2218 4787 2483 4842 excitavit
2537 4785 2880 4848 incendium,
2931 4791 2988 4837 et
3033 4781 3275 4835 cinerem
3327 4777 3496 4846 aquis

221 4889 376 4958 mergi
403 4889 723 4961 jussit,quo
747 4890 1065 4961 hujusmodi
1099 4891 1314 4946 exactio
1378 4892 1605 4961 penitus
1659 4890 2009 4945 aboleretur:
2045 4886 2184 4941 adeo
2247 4893 2309 4939 ut
2383 4900 2486 4939 nec
2539 4884 2703 4947 cinis,
2760 4897 2865 4936 nec
2912 4879 3117 4942 l'avilla,
3159 4893 3261 4931 nec
3313 4875 3485 4929 ullum

223 4979 434 5037 omnino
486 4983 652 5054 hujus
703 4983 804 5050 rei,
855 4994 952 5040 aut
998 4987 1426 5054 combustarum
1458 4983 1781 5039 chartarum
1856 4979 2152 5050 vestigium
2203 4978 2637 5048 relinqueretur.
2698 4973 2806 5029 Sed
2857 4971 2972 5037 ne,
3017 4971 3149 5024 dum
3201 4964 3494 5036 vectigalis-

224 5067 375 5143 hujus
399 5077 763 5134 abolitionem
795 5081 964 5136 tantis
1023 5081 1283 5136 laudibus
1353 5079 1662 5145 ell'erimus,
1709 5077 1992 5148 ignorasse
2051 5075 2343 5131 videamur
2383 5089 2506 5145 qua:
2557 5081 2614 5129 et
2669 5070 2854 5142 qualia
2908 5069 2976 5124 de
3029 5067 3136 5123 hac
3197 5064 3493 5120 exactione

1414 5229 1688 5289 VALESII
1726 5228 2292 5287 ANNO‘I‘ATlONES.

432 5350 752 5415 Ἀεουλίας
779 5347 866 5403 δέ.
905 5347 1088 5404 Malim
1125 5349 1390 5414 scribere,
1413 5349 1698 5414 Ἀϐουλίας
1725 5367 1783 5403 τε

231 5412 405 5492 ἑαυτοῦ
431 5412 754 5489 κατηγόρει.
781 5421 950 5492 Paulo
972 5431 1095 5490 post
1129 5412 1508 5486 scribendum,
1556 5412 1691 5492 Εέκῆ
1723 5438 1784 5474 τε

231 5487 750 5561 καὶ-ἀπερισκέπτως
778 5487 1074 5561 ἀνῄρηκεν.

293 5558 394 5630 (87)
426 5560 535 5615 Καὶ
563 5560 693 5626 ταῖς
735 5558 1045 5628 ἀληθείας.
1083 5561 1256 5616 Nemo
1298 5577 1405 5615 non
1449 5561 1599 5616 videt
1645 5562 1784 5616 scri-

233 5619 452 5685 bendum
487 5646 610 5686 esse
637 5619 756 5695 ταῖς
783 5619 1086 5702 ἀληθείαις.
1118 5631 1274 5696 Quod
1313 5632 1457 5686 idem
1500 5641 1584 5687 est
1615 5648 1680 5686 ac
1737 5632 1782 5686 si

1894 5351 2107 5406 diceret
2139 5351 2215 5414 ὼς
2239 5347 2475 5416 άληθῶς.
2507 5347 2680 5402 Porro
2731 5345 2839 5400 hoc
2881 5341 3206 5416 adverbium
3251 5336 3489 5416 refertur

1894 5422 1963 5476 ad
2003 5407 2346 5490 vocem'quai
2369 5407 2654 5490 praecedit,
2691 5417 2878 5485 ἔχαιρε
2910 5413 3142 5468 scilicet.
3168 5407 3326 5484 Quod
3359 5422 3486 5490 cum

1893 5486 2268 5547 certissimum
2301 5486 2394 5552 sit}
2422 5489 2621 5542 mirum
2645 5495 2734 5541 est
2763 5495 2946 5539 tamen
2975 5492 3273 5552 utrumque
3314 5486 3488 5528 mter-

1893 5573 2108 5634 pretcm
2139 5562 2468 5634 adverbium
2520 5557 2668 5615 istud
2721 5554 2980 5612 retulisse
3031 5551 3099 5608 ad
3158 5555 3484 5618 sequentem

1893 5628 2086 5689 vocem
2114 5628 2456 5702 τετυχηκώς.

1627 5769 2009 5825 ΥΑΙὶΙΟΙὶυᾹΙ.

309 5886 364 5960 (ἢ
407 5885 744 5954 Τοιουτῷδε.
808 5881 1124 5959 chcndum
1165 5884 1454 5941 τοιοῦτοδε.
1497 5885 1582 5942 ιγ.
1648 5883 1865 5940 Lowru.
