4048 6512
486 422 629 487 2683

1654 430 1972 493 EVAGRII
2011 429 2499 492 SCHOLASTICI

3605 424 3737 489 2684

486 547 708 593 veteres
775 534 1100 605 scripserim
1166 536 1461 595 aﬂ'ectibus
1507 539 1626 597 suis
1691 542 1926 596 nimium
1978 540 2371 612 indulgentes;
2435 556 2500 595 ea
2550 556 2694 594 nunc
2730 541 2782 594 in
2828 539 3072 594 medium
3124 537 3486 603 adducamus,
3526 548 3585 593 et
3621 537 3750 593 falsa

482 648 628 701 esse,
653 649 721 689 ex
750 633 817 689 iis
837 648 963 688 cum
988 634 1226 689 maxime
1262 651 1383 706 quae
1414 636 1518 707 ipsi
1552 638 1897 708 scripserunt
1937 638 2355 693 convincamus.

1124 747 1276 804 CAP.
1318 749 1434 803 XL.

490 839 567 892 De
601 840 664 893 iis
699 854 817 910 qua
857 838 1097 910 Zosimus
1141 840 1347 909 scripsit
1392 839 1455 892 de
1494 839 1865 909 chrysargyro,
1918 847 1967 893 et
2012 840 2077 893 de

913 907 1261 963 Constantino
1306 907 1645 977 imperatore.

571 1024 851 1088 Zosimus,
883 1038 1028 1091 unus
1051 1039 1119 1077 ex
1139 1038 1335 1079 eorum
1357 1039 1593 1079 numero
1623 1024 1719 1094 qui
1760 1024 1984 1094 impiam
2013 1040 2078 1081 ac

489 1116 870 1171 detestandam
898 1116 1188 1186 gentilium
1215 1115 1673 1185 superstitionem
1711 1115 1889 1170 secuti
1923 1125 2073 1182 sunt,

489 1207 853 1263 Constantino
871 1208 943 1263 ob
972 1207 1026 1262 id
1054 1206 1318 1272 infensus,
1353 1206 1499 1277 quod
1528 1207 1741 1277 primus
1760 1221 1827 1262 ex
1850 1208 2082 1278 impera-

494 1300 712 1353 toribus
740 1300 933 1354 relicta
959 1298 1283 1354 exsecrabili
1324 1299 1640 1353 Graecorum
1673 1298 2070 1368 superstitione

489 1392 860 1447 Christianam
922 1391 1245 1461 religionem
1303 1391 1589 1461 amplexus
1650 1400 1831 1453 esset,
1887 1397 2079 1445 narrat

491 1481 725 1552 vectigal
750 1480 898 1550 quod
920 1480 1354 1551 Chrysargyrum
1374 1479 1603 1545 dicitur,
1628 1478 1807 1533 abillo
1831 1479 2074 1549 primum

492 1573 809 1627 institutum
840 1571 1036 1635 fuisse,
1073 1580 1129 1626 et
1159 1579 1221 1625 ut
1247 1580 1445 1641 quarto
1473 1587 1695 1640 quoque
1725 1586 1871 1626 anno
1902 1571 2077 1626 infer-

493 1671 666 1727 retur,
698 1662 815 1732 lege
846 1662 951 1715 lata
979 1662 1274 1717 sancitum.
1311 1661 1446 1716 Aliis
1475 1670 1744 1732 praeterea
1770 1662 2091 1719 innumeris

491 1758 732 1826 probris,
764 1758 917 1827 pium
945 1767 1001 1811 et
1030 1756 1636 1827 magnificentissimum
1656 1756 2077 1813 Constantinum

492 1848 638 1902 idem
663 1848 916 1903 Zosimus
936 1849 1266 1918 proscindit.
1317 1848 1452 1903 Nam
1488 1858 1545 1903 et
1571 1849 1676 1903 alia
1725 1865 1955 1920 prorsus
1989 1849 2079 1903 in-

493 1940 780 1995 toleranda
827 1940 897 1995 ab
958 1940 1056 1995 illo
1097 1941 1405 2011 excogitata
1462 1957 1583 1997 esse
1622 1941 1762 1997 dicit
1810 1942 2079 1997 adversus

2100 730 2153 790 A

3310 698 3343 720 η

2771 744 3023 800 ΚΕΦᾹΛ.
3070 746 3160 798 Μ’.

2179 835 2317 903 Περὶ
2347 829 2434 888 ὧν
2464 835 2751 903 ἱστόρησε
2799 834 3068 902 Ζώσιμος
3128 830 3446 903 χάρινντου
3487 846 3755 903 χρυσαρ-

2316 907 2525 976 τύρου,
2561 905 2657 958 καὶ
2684 903 3147 958 Κωνσταντίνου
3169 902 3275 955 τοῦ
3291 902 3623 966 βασιλέως.

2250 1016 2479 1085 Είρηται
2520 1014 2756 1084 Ζωσίμῳ
2780 1012 2870 1083 (j),
2906 1013 2989 1064 ἐνὶ
3029 1011 3139 1063 τῶν
3183 1011 3284 1080 τῆς
3342 1009 3633 1077 ἐξαγίστου
3669 1012 3757 1062 καὶ

2183 1109 2389 1178 μιαρᾶς
2439 1108 2548 1160 τῶν
2615 1106 2887 1176 Ἐλλήνων
2932 1103 3251 1173 θρησκείας,
3330 1102 3621 1172 μηνίσαντι
3687 1102 3759 1170 τῷ

2179 1189 2600 1261 Κωνσταντίνῳ,
2618 1191 2701 1243 ὅτι
2727 1205 2831 1260 περ
2855 1189 3072 1259 πρῶτος
3101 1185 3366 1257 βασιλέων
3395 1187 3463 1239 τά
3495 1186 3757 1256 Χριστια-

2179 1282 2287 1337 νῶν
2308 1283 2500 1349 εῐλετο,
2549 1282 2650 1353 τὴν
2700 1279 2960 1351 βδελυρὰν
2994 1278 3105 1333 τῶν
3142 1277 3411 1349 Ἐλλήνων
3443 1276 3757 1331 καταλιπὼν

2178 1372 2623 1444 δεισιδαιμονίαν,
2682 1371 2770 1437 did
2805 1370 2967 1435 αὐτὸς
3040 1370 3258 1441 πρῶτος
3304 1368 3367 1422 τὸ
3422 1367 3759 1438 καλούμενον

2180 1470 2226 1522 Χ
2232 1468 2582 1541 ρυσάργυρον
2606 1466 2927 1535 ἐπινοήσας,
2944 1463 3049 1517 ἀνά
3062 1462 3453 1532 τετραετηρίδα
3468 1462 3532 1514 τὸ
3553 1460 3761 1514 τοιοῦτο

2179 1561 2393 1614 τέθεικε
2415 1558 2567 1622 τέλος
2600 1555 2895 1625 ἐσάγεσθαι
2924 1572 2940 1588 ο
2979 1554 3194 1626 μυρίοις
3234 1569 3294 1607 τε
3326 1553 3420 1606 καὶ
3458 1552 3644 1617 ἄλλοις
3673 1556 3758 1607 τὸν

2182 1652 2381 1722 εὐσεσῆ
2410 1652 2506 1704 καὶ
2563 1647 2941 1722 μεγαλόδωρον
2979 1646 3378 1717 βλασφημήσας
3414 1647 3759 1699 Κωνσταντί-

2180 1762 2289 1799 νον.
2321 1745 2459 1813 Φησὶ
2480 1742 2590 1813 γάρ
2612 1741 2708 1795 καὶ
2736 1740 2903 1811 ἔτερα
2958 1739 3094 1795 am
3134 1738 3253 1791 λίαν
3293 1736 3595 1792 ἀνύποιστα
3622 1738 3759 1790 κατὰ

2182 1837 2366 1908 πάσης
2395 1835 2637 1905 ἐξευρεῖν
2660 1834 2852 1904 τύχης,
2900 1831 2996 1885 καὶ
3041 1831 3290 1902 Κρίσπον
3330 1828 3422 1883 τὸν
3461 1830 3631 1884 παῖδα
3658 1829 3763 1882 δει-

2180 1927 2350 1991 λαίως
2377 1926 2657 1996 ἀφανίσαι,
2686 1925 2782 1979 καὶ⁵
2810 1923 3061 1978 Φαῦσταν
3098 1922 3198 1994 τὴν
3242 1921 3405 1976 αύτοῦ
3436 1921 3685 1992 γαμετὴν
3708 1921 3765 1973 ἐν

496 2031 883 2100 cujuscunque
935 2031 1107 2085 sortis
1155 2030 1444 2095 homines,
1497 2040 1555 2085 ct
1603 2031 1858 2101 Crispum
1906 2030 2079 2085 ﬁlium

2190 2020 2453 2092 βαλανείῳ
2482 2019 2624 2091 ὑπὲρ
2648 2018 2710 2071 τὸ
2741 2017 2942 2088 μέτρον
2969 2013 3341 2085 ἐκπυρωθέντι
3374 2012 3762 2080 καθείρξαντα,

493 2121 797 2176 miserabili
836 2122 989 2177 exitu
1046 2122 1471 2192 interemptum;
1527 2121 1788 2177 Faustam
1839 2122 2080 2192 denique

2190 2082 2246 2178 ἐξ
2302 2082 2609 2183 ἀνθρώπων
2670 2082 3031 2180 μεταγαγεῖνσ
3066 2082 3343 2175 καθάρσιά
3381 2121 3441 2158 τε
3475 2105 3631 2173 παρὰ
3658 2107 3764 2168 τοῖς

495 2229 725 2267 uxorem
750 2213 804 2267 in
834 2213 1032 2267 balneo
1053 2229 1220 2282 supra
1252 2214 1478 2269 modum
1510 2213 1777 2269 calefacto
1807 2214 2078 2269 inclusam

494 2320 559 2358 ac
587 2314 837 2359 necatam
862 2305 1052 2359 fuisse.
1086 2305 1250 2377 374
1278 2305 1529 2376 Cumque
1582 2315 1858 2362 tantorum
1902 2306 2079 2362 scele-

498 2410 620 2447 rum
644 2394 1014 2464 expiationem
1047 2395 1190 2464 apud
1209 2411 1341 2451 suos
1366 2397 1683 2451 sacerdotes
1708 2396 2075 2466 quzesivisset,

496 2500 600 2538 nec
630 2485 961 2539 invenisset:
994 2485 1068 2540 illi
1101 2487 1249 2540 enim
1278 2496 1466 2557 aperte
1490 2488 1902 2557 responderunt
1952 2498 2077 2542 tan-

496 2583 581 2628 tas
625 2574 802 2630 caedes
829 2575 981 2630 nullo
1002 2577 1348 2633 lustrationis
1395 2594 1596 2649 genere
1645 2580 1855 2648 expiari
1883 2595 2077 2649 posse:

497 2665 555 2719 in
608 2665 925 2737 Egyptium
965 2669 1260 2738 quemdam
1319 2671 1413 2738 qui
1478 2687 1545 2724 ex
1606 2670 1785 2725 Iberia
1824 2681 2074 2734 venerat.

499 2756 780 2813 incidisse.
828 2758 908 2812 Ex
951 2775 1062 2828 quo
1110 2774 1233 2813 cum
1279 2759 1589 2823 didicisset,
1637 2759 2076 2815 Christianorum

499 2848 764 2918 religione
808 2850 993 2904 omnia
1034 2866 1260 2920 prorsus
1307 2852 1519 2905 seelera
1572 2852 1803 2916 aboleri,
1863 2868 1927 2907 ea
1958 2869 2081 2922 qua:

498 2938 785 3012 Egyptius
817 2942 920 3012 ipsi
954 2943 1282 3007 tradiderat,
1314 2944 1627 3013 amplexum
1667 2944 1859 2999 fuisse.
1902 2945 2082 3015 Atque

496 3047 568 3087 ex
596 3048 662 3086 eo
687 3044 934 3103 tempore
969 3036 1158 3090 relicta
1202 3037 1471 3105 majorum
1507 3037 1793 3105 religione,
1827 3037 2083 3106 impieta-

2188 2204 2341 2275 σφῶν
2362 2202 2570 2275 ἱερεῦσι
2601 2200 2869 2273 ζητοῦντα
2902 2199 3011 2252 τῶν
3043 2196 3301 2251 τοιούτων
3334 2196 3549 2264 ἐναγῶν
3568 2195 3764 2265 φόνων,

2130 2297 2135 2301 ’
2186 2296 2284 2349 καὶ
2312 2297 2388 2366 μὴ
2407 2294 2641 2365 τυχόντα
2667 2310 2682 2324 ο
2721 2293 2858 2363 μηδέ
2889 2292 2999 2361 γὰρ
3027 2285 3170 2344 εἶναι
3204 2289 3428 2352 τούτους
3460 2287 3768 2357 ἀναφανδὸν

2187 2390 2364 2442 εἰπεῖν
2385 2403 2399 2417 ⁸
2432 2389 2748 2457 περιτυχεῖν
2774 2385 3055 2454 Δίγυπτίῳ
3085 2383 3145 2449 ἐξ
3178 2382 3416 2454 Ἰὸηρίας
3445 2379 3766 2450 ἀφιγμένῳ·

2188 2481 2284 2535 καὶ
2314 2480 2451 2550 πρὸς
2477 2478 2642 2533 αὑτοῦ
2669 2477 3014 2531 πιστωθέντα
3048 2475 3229 2543 πάσης
3275 2471 3587 2544 ἀμαρτάδος
3616 2472 3769 2524 ἀναιο

2192 2571 2412 2643 ρετικὴν
2442 2564 2582 2622 εἶναι
2602 2569 2702 2638 τὴν
2723 2565 3068 2638 Χριστιανῶν
3093 2565 3297 2628 πίστιν,
3342 2561 3669 2633 μεταλαϐεῖν
3696 2553 3770 2612 ὦν

2184 2666 2213 2717 ὁ
2237 2649 2534 2733 Αἰγύπτιος
2569 2660 2719 2731 αύτῷ
2770 2657 3113 2729 μεταδέδωκε
3144 2672 3160 2688 δ
3190 2655 3483 2709 κάντεῦθεν
3519 2652 3619 2723 τὴν
3663 2670 3769 2705 πα-

2187 2759 2371 2830 τρῴαν
2398 2756 2828 2811 καταλελοιπότα
2853 2752 3087 2824 νόμισιν,
3124 2752 3224 2823 τῆς
3245 2748 3524 2814 ἀσεϐείας,
3556 2747 3633 2810 ὡς
3671 2747 3770 2800 αύ-

2187 2852 2278 2914 τὸς
2301 2850 2430 2919 ἔφη,
2494 2848 2592 2918 τὴν
2656 2843 2830 2917 ἀρχὴν
2869 2842 3225 2914 ποιήσασθαι.
3265 2840 3377 2895 Καὶ
3424 2840 3501 2903 ὡς
3536 2840 3637 2909 μέν
3675 2837 3771 2891 καὶ

2189 2942 2363 2997 ταῦτα
2397 2940 2590 3011 ψευδῆ,
2650 2939 2803 3009 παρά
2856 2935 3025 2999 πόδας
3065 2934 3243 2999 δείξω.
3269 2933 3417 2997 Τέως
3455 2933 3512 2986 δέ
3544 2932 3614 2986 τά
3640 2931 3769 3002 περὶ

2189 3036 2283 3088 τοῦ
2323 3036 2367 3087 Χ
2376 3030 2722 3105 ρυσαργύρου
2744 3028 3041 3094 λελέξεται.

502 3127 594 3189 tis,
619 3126 763 3181 sicut
801 3127 917 3197 ipse
971 3128 1128 3196 dicit,
1182 3129 1380 3184 fecisse
1436 3130 1797 3199 principium.
1852 3131 1921 3185 Et
1962 3131 2079 3186 haec
2112 3130 2337 3201 quidem
2391 3127 2525 3182 falsa
2580 3141 2703 3181 esse
2756 3124 2905 3179 illico
2933 3130 3262 3177 ostensurus
3283 3135 3425 3176 sum.
3454 3118 3616 3173 Prius
3641 3130 3767 3171 vero

505 3220 684 3275 dicam
710 3220 779 3277 de
800 3221 1190 3295 chrysargyro.

1129 3360 1282 3416 CAP.
1325 3362 1463 3416 ΧΗ.

508 3470 854 3526 Invectivain
896 3470 1164 3525 Zosimum
1213 3473 1273 3526 ob
1321 3475 1436 3542 ejus
1485 3476 1538 3529 in
1575 3475 1983 3531 Constantinum
2037 3485 2089 3530 et

966 3542 1296 3598 Christianos
1326 3544 1635 3601 maledicta.

580 3656 677 3709 Ais
730 3654 921 3725 igitur,
979 3670 1012 3709 ο
1042 3656 1306 3712 scelerate
1350 3667 1519 3729 atque
1565 3660 1797 3716 exitiose
1853 3660 2089 3727 daemon,

506 3749 959 3814 Constantinum,
996 3762 1122 3803 cum
1149 3750 1343 3804 urbem
1386 3749 1573 3805 Romae
1604 3752 1855 3806 aemulam
1914 3752 2089 3807 aedifi-

506 3852 634 3899 care
650 3842 837 3905 vellet,
864 3840 1104 3912 primum
1138 3842 1365 3911 quidem
1400 3842 1544 3897 inter
1563 3842 1834 3898 Troadem
1855 3852 1911 3898 et
1934 3844 2091 3897 llium

514 3946 681 3991 tantae
711 3935 954 3991 civitatis
1008 3935 1371 3991 fundamenta
1416 3937 1641 4008 iecisse.
1690 3947 1747 3993 et
1796 3953 1987 3992 muros
2036 3938 2093 3993 in

509 4029 749 4083 sublime
785 4026 1059 4083 erexisse:
1096 4034 1286 4097 postea
1320 4043 1452 4084 vero
1482 4045 1609 4084 cum
1640 4029 1887 4101 Byzantii
1926 4031 2093 4085 situm

511 4121 671 4190 longe
704 4119 1135 4177 commodiorem
1160 4122 1478 4192 reperisset,
1504 4137 1633 4177 eum
1661 4122 1847 4176 locum
1893 4123 2095 4178 maeni-

514 4212 619 4266 bus
645 4213 907 4278 cinxisse,
932 4221 988 4267 et
1012 4221 1257 4275 veterem
1291 4212 1489 4267 urbem
1523 4213 1665 4268 adeo
1708 4213 2093 4285 amplificasse,

512 4310 570 4356 et
599 4302 963 4357 aedificiorum
1015 4302 1310 4373 splendore
1344 4310 1635 4373 tantopere
1674 4319 1995 4371 exornasse,
2036 4316 2099 4362 ut

516 4393 653 4446 urbe
689 4393 864 4448 Roma
895 4409 1020 4463 qua:
1049 4403 1130 4449 tot
1170 4408 1444 4449 annorum
1494 4394 1676 4464 spatio
1726 4397 1991 4465 paulatim
2040 4398 2097 4452 in

512 4498 638 4536 eam
669 4484 1113 4554 magnitudinem
1143 4492 1489 4550 exereverat,
1520 4503 1630 4541 non
1662 4487 1842 4541 multo
1870 4487 2098 4543 inferior

514 4573 821 4629 videretur.
879 4575 1089 4631 Scribis
1151 4585 1459 4647 praterea,
1504 4593 1632 4633 eum
1697 4594 1971 4634 annonam
2030 4594 2100 4634 ex

515 4666 739 4736 publico
764 4666 983 4723 civibus
1002 4667 1325 4739 Byzantinis
1348 4667 1633 4735 tribuisse,
1661 4679 1717 4725 et
1752 4668 1819 4725 iis
1853 4670 2098 4740 quicum

2114 3355 2161 3416 C

2776 3356 3007 3409 ΚΕΦΑΛ
3020 3395 3033 3407 .
3066 3353 3202 3408 MA'.

2204 3478 2529 3540 ’Δπότασις
2555 3472 2708 3540 πρὸς
2740 3469 3016 3539 Ζώσιμον
3053 3467 3145 3534 ἐφ’
3196 3462 3288 3532 οἷς
3330 3466 3767 3540 ἐϐλασφήμησε

2436 3539 2899 3599 Κώνσταντῖνον
2946 3540 3044 3594 καὶ
3092 3539 3509 3606 Χριστιανούς.

2264 3666 2338 3718 Σὺ
2392 3663 2519 3734 φὴς,
2551 3655 2597 3715 ὧ
2647 3659 2897 3729 ἀλιτήριε
2932 3657 3027 3709 καὶ
3060 3655 3371 3724 παλαμναῖε
3424 3653 3658 3723 δαίμων,
3697 3651 3770 3714 ὡς

2193 3756 2355 3818 αὐτὸς
2387 3754 2510 3823 ίσην
2542 3754 2609 3822 τῇ
2648 3748 2835 3821 Ῥώμῃ
2882 3748 3037 3802 πόλιν
3080 3746 3486 3815 ἀνταναστῆσαι
3511 3743 3771 3813 βουλόμε-

2194 3864 2302 3911 νος,
2338 3844 2530 3915 πρῶτα
2565 3842 2663 3912 μέν
2715 3841 2820 3894 ἀνά
2870 3839 3035 3909 μέσον
3078 3837 3332 3910 Τρωάδος
3362 3835 3458 3888 καὶ
3482 3834 3577 3888 τοῦ
3617 3834 3771 3888 Ἰλίου

2194 3941 2335 4011 πρὸς
2368 3936 2720 4006 κατασκευὴν
2771 3935 2983 3998 πόλεως
3019 3933 3286 4003 τοσαύτης
3330 3930 3641 4002 ἐξώρμησε,
3681 3935 3773 3983 καὶ

2196 4029 2478 4100 θεμελίους
2516 4024 2831 4098 πηξάμενος
2862 4028 2958 4080 καὶ
2987 4027 3163 4095 τεῖχος
3192 4025 3251 4086 ἐς
3279 4020 3415 4092 ὕψος
3440 4022 3605 4093 ἀρας,
3626 4021 3773 4074 ἐπει-ι

2197 4123 2261 4191 δή
2288 4138 2353 4189 γε
2383 4118 2551 4174 τόπον
2572 4117 3008 4188 ἐπιτηδειότερον
3034 4110 3159 4185 εὗρε
3198 4114 3260 4166 τδ
3296 4112 3613 4175 Βυζάντιον,
3636 4110 3774 4164 οὕτω

2194 4213 2430 4284 τείχεσιν
2461 4210 2591 4264 αὐτὸ
2621 4209 2971 4282 περιέϐαλεν,
2994 4208 3139 4262 οὕτω
3158 4206 3260 4277 τὴν
3279 4204 3551 4276 προτέραν
3580 4202 3773 4273 εύρυνε

2196 4300 2379 4371 πόλιν,
2408 4301 2684 4365 τοσούτοις
2708 4318 2769 4354 τε
2800 4300 3054 4355 κάλλεσιν
3073 4295 3396 4367 οἰκοδομιῶν
3428 4294 3774 4365 ἐφαίδρυνεν,

2197 4398 2274 4461 ὡς
2332 4397 2409 4469 μὴ
2465 4395 2648 4467 πολλῷ
2684 4395 2785 4465 τῆς
2854 4392 3078 4463 Ῥώμης
3135 4389 3442 4455 λείπεσθαι,
3498 4388 3777 4451 τοσούτοις

2199 4490 2345 4544 ἐτεσι
2372 4490 2515 4545 κατά
2548 4489 2781 4561 σμικρὸν
2806 4487 2905 4558 τὴν
2928 4485 3098 4551 αὔξην
3131 4483 3520 4554 προσλαϐοῦσα
3541 4482 3638 4553 (lt).
3669 4480 3775 4549 Φὴς

2198 4581 2256 4635 δέ
2290 4582 2364 4646 ὡς
2400 4582 2494 4636 καὶ
2525 4579 2604 4650 τῷ
2631 4580 2789 4651 δήμῳ
2817 4578 2925 4631 τῶν
2955 4575 3268 4641 Βυζαντίων
3294 4574 3491 4628 σίτισιν
3512 4573 3780 4643 δημοσίαν

2200 4673 2487 4743 ἀπένειμε,
2518 4671 2614 4726 καὶ⁵
2643 4671 2720 4735 ὡς
2748 4669 2976 4741 χρυσίου
3005 4664 3266 4738 πάμπολυ
3298 4666 3493 4738 χρῆμα
3518 4667 3634 4728 τοῖς
3666 4663 3779 4733 ἅμα

517 4758 637 4826 ipso
686 4758 1011 4829 Byzantium
1060 4760 1466 4831 migraverant.
1513 4776 1765 4831 magnam
1816 4762 1927 4818 vim
1975 4762 2087 4818 auri

2201 4764 2250 4817 οῖ
2306 4762 2660 4832 ἀφικομένοις
2711 4761 2816 4814 ἀνά
2863 4761 2926 4814 τὸ
2986 4760 3281 4824 Βυζάντιον
3331 4756 3665 4810 ἐπιδέδωκεν
3724 4755 3780 4819 ἐς

516 4850 774 4919 largitum
795 4866 916 4906 esse
930 4850 998 4906 ad
1021 4852 1359 4922 privatarum
1377 4851 1582 4906 adium
1603 4853 2091 4908 constructionem.

516 4941 714 4997 Narras
738 4943 927 5009 etiam,
962 4953 1025 4999 ut
1044 4944 1156 5001 tuis
1174 4945 1363 5000 verbis
1392 4954 1534 5009 utar,
1558 4944 1921 5000 Constantino
1942 4960 2095 4999 mor-

520 5044 637 5094 tuo.
679 5048 949 5087 summam
976 5034 1196 5105 imperii
1217 5034 1285 5089 ad
1319 5035 1498 5091 solum
1526 5034 1909 5091 Constantium
1947 5036 2095 5105 ejus-

518 5124 643 5178 dem
676 5124 849 5179 lilium
872 5128 1214 5195 pervenisse,
1237 5135 1359 5196 post
1406 5135 1639 5181 mortem
1669 5127 1881 5183 scilicet
1906 5128 2099 5183 ambo-

524 5232 643 5269 rum
685 5218 804 5287 ejus
837 5218 1095 5274 fratrum.
1118 5220 1369 5291 Cumque
1395 5219 1738 5289 Magnentius
1757 5229 1814 5275 et
1839 5220 2099 5275 Vetranio

526 5308 868 5377 tyrannidem
948 5310 1358 5380 arripuissent,
1429 5308 1816 5366 Constantium
1896 5310 2099 5367 blanda

2202 4853 2548 4925 κατασκευήν
2596 4853 2881 4908 ἰδιωτικῶν
2926 4852 3113 4907 οῐκων.
3159 4850 3331 4914 Δύτδς
3360 4849 3525 4903 πάλιν
3547 4847 3781 4920 γράφεις

2203 4946 2295 4998 ἐπὶ
2378 4946 2641 5015 ῥήματος,
2715 4942 3128 4998 Κωνσταντίνου
3200 4941 3650 5013 τελευτήσαντος,
3725 4939 3782 5002 ἐς

2205 5040 2583 5094 Κωνστάντιον
2622 5039 2713 5090 τὸν
2760 5036 2929 5091 αὑτοῦ
2962 5038 3129 5091 παῖδα
3159 5038 3319 5108 μόνον
3362 5037 3431 5090 τά
3476 5035 3783 5106 πράγματα

2204 5129 2514 5201 περιελθεῖν
2552 5130 2689 5199 μετά
2727 5128 2957 5182 θάνατον
3011 5130 3123 5182 τοῖν
3181 5126 3345 5183 αὐτοῦ
3379 5126 3655 5196 ἀδελφοῖν,
3688 5124 3781 5177 καὶ

2205 5221 2281 5283 ὡς
2329 5218 2666 5287 Μαγνεντίου
2723 5219 2817 5273 καὶ
2865 5218 3233 5289 Βρετανῖωνος
3288 5215 3779 5286 τυραννησάντοιν,

2209 5309 2387 5364 πειθοῖ
2425 5311 2516 5364 τὸν
2566 5311 2912 5383 Βρετανίωνα
2958 5308 3211 5382 μετῆλθε,
3268 5309 3364 5361 καὶ
3407 5307 3614 5377 ἀμφοῖν
3672 5306 3783 5357 τοῖν

1668 5463 2027 5519 ιἈιιιοΒυΜ
2064 5462 2622 5519 ANNOTATIONES.

604 5576 690 5646 (j)
734 5574 976 5643 Efpntm
1009 5576 1272 5642 Ζωσίμη).
1316 5576 1405 5629 Ait
1431 5576 1704 5641 Zosimus,
1736 5578 1833 5634 lib.
1867 5594 1925 5635 ιι.
1957 5577 2101 5632 Con-

526 5647 831 5718 stantinum
859 5646 1284 5718 clirysargyrum
1350 5648 1575 5703 lustrale
1633 5648 1865 5718 singulis
1910 5649 2103 5703 lustris

526 5716 851 5787 solvendum
890 5716 1223 5786 imposuisse
1251 5718 1687 5787 negotiatoribus
1719 5716 1786 5773 ad
1805 5718 2106 5773 vilissimos

532 5802 727 5855 usque,
759 5785 873 5857 imo
899 5796 956 5841 et
974 5785 1388 5857 meretricibus.
1438 5788 1595 5853 Quod
1654 5799 1951 5857 utrumque
2008 5788 2109 5842 fal-

527 5872 649 5911 sum
676 5872 797 5912 esse
824 5855 1162 5912 demonstrat
1194 5856 1482 5924 Baronius,
1547 5869 1601 5915 ct
1659 5870 1793 5931 post
1829 5855 1954 5915 eum
2004 5860 2109 5914 Go-

2208 5578 2497 5649 thofredus
2523 5577 2581 5649 in
2612 5577 3022 5631 Commentario
3056 5576 3194 5649 legis
3230 5577 3254 5631 1
3283 5574 3420 5632 Cod.
3444 5574 3661 5630 Theod.
3701 5572 3780 5627 De

2208 5648 2420 5701 lustrali
2451 5648 2751 5701 collatione.
2894 5706 2897 5709 ν

2281 5719 2351 5785 (In
2394 5717 2853 5788 Προσλαόςῦσα.
2906 5717 3222 5788 Legendum
3272 5715 3709 5788 προσλαϐούσης,
3734 5714 3778 5773 si

2212 5789 2277 5844 ad
2312 5789 2538 5844 Romam
2561 5804 2665 5843 vox
2690 5787 2980 5844 referatur.
3005 5788 3093 5843 W.
3125 5787 3344 5844 Lowru.
3646 5787 3650 5788 ⁷
3760 5806 3763 5809 ν
