4048 6498
222 400 380 464 2683

1136 403 1528 464 HISTORI/E
1560 401 2163 464 ECCLESIASTICIE
2201 402 2433 462 LIBER
2474 402 2590 462 III.

3363 401 3510 467 2686

227 510 624 583 στρατοπέδοιν
645 487 981 565 ἁλισθέντοιν
1007 510 1223 582 πρῶτος
1250 516 1278 567 ὁ
1305 515 1685 577 Κωνστάντιος
1710 513 1822 584 (88)

1936 511 2230 566 verborum
2278 511 2640 578 persuasione
2681 511 3002 567 Vetranioni
3055 512 3346 582 imperium
3382 515 3513 568 adv-

224 603 648 675 δημηγορήσας,
699 606 802 674 τῆς
845 603 944 657 τοῦ
999 605 1208 676 πατρὸς
1261 605 1643 676 ἀνεμίμνησκε
1695 607 1820 669 τοὺς

227 693 584 765 στρατιώτας
627 694 962 765 φιλοτιμίας,
989 695 1108 766 μεθ’
1145 692 1207 748 οὗ
1256 696 1488 760 πολλοὺς
1527 697 1823 767 πολεμίους

225 785 589 855 διεπόνησαν,
619 785 716 839 καὶ
754 786 1042 857 μεγίσταις
1072 785 1416 859 ἐτιμήθησαν
1431 787 1660 859 δωρεαῖς
1681 805 1694 818 ·
1728 788 1825 842 καὶ

227 876 310 940 ὡς
328 875 540 930 τούτων
560 878 898 940 ἀκούσαντες
917 879 966 930 οί
984 878 1338 949 στρατιῶται,
1363 878 1454 932 τὸν
1479 878 1824 949 Βρετανίωνα

229 968 338 1036 τῆς
375 967 604 1038 ὲσθῆτος
651 967 1063 1040 γυμνώσαντες,
1112 971 1428 1041 κατήγαγον
1449 969 1544 1023 τοῦ
1579 970 1827 1041 βήματος

233 1058 462 1128 ἰδιώτην
490 1075 505 1090 ’
567 1060 662 1114 καὶ
712 1061 788 1124 ὡς
841 1060 998 1114 οὐδὲν
1048 1060 1217 1133 ἄχαρι
1241 1061 1400 1132 ’πρὸς
1444 1062 1824 1115 Κωνσταντίου

230 1153 506 1217 πέπονθε,
540 1153 636 1208 τοῦ
678 1153 829 1226 παρὰ
883 1153 977 1207 σοῦ
1007 1153 1249 1207 τοσαῦτα
1299 1152 1442 1223 μετὰ
1468 1151 1563 1206 τοῦ
1615 1153 1827 1224 πατρὸς

233 1245 758 1316 βλασφημηθὲντος.
815 1245 937 1309 Πῶς
969 1246 1150 1298 τοίνυν
1176 1247 1350 1312 ἀξιοῖς
1374 1246 1468 1297 τὸν
1494 1245 1656 1298 αὑτὸν
1682 1244 1824 1298 οὕτω

233 1338 550 1409 φιλότιμον,
603 1337 746 1391 οὕτω
804 1337 1183 1408 μεγαλόδωρον
1241 1333 1519 1406 γενέσθαι,
1555 1338 1648 1391 καὶ
1681 1336 1826 1390 οὕτω

235 1428 612 1498 σμικρολόγον
651 1429 745 1481 καὶ⁹
773 1429 1052 1499 φειδωλὸν,
1078 1429 1154 1493 ὡς
1179 1428 1424 1484 τοιοῦτον
1459 1429 1629 1499 ἐναγῆ
1656 1428 1826 1500 πόρον

234 1519 538 1583 ἑπιθεϊναι,
577 1521 760 1574 τέλεον
820 1520 1020 1587 ἀγνοῶ.
1071 1521 1194 1575 ’Ὀτι
1222 1521 1280 1574 δὲ
1340 1521 1459 1574 οὐδὲ
1514 1521 1760 1573 Φαῦσταν
1791 1520 1826 1590 ἢ

232 1611 498 1680 Κρίσπον
549 1611 781 1673 ἀνεῖλεν,
838 1611 962 1664 οὐδὲ
1009 1610 1164 1681 παρὰ
1185 1627 1331 1674 τινος
1387 1610 1686 1678 Αἰγυπτίου
1738 1609 1828 1661 διὰ

233 1701 424 1756 ταῦτα
469 1702 580 1754 τῶν
614 1702 901 1773 ἡμετέρων
956 1702 1272 1773 μυστηρίων
1317 1701 1604 1772 μετέσχεν,
1660 1701 1827 1756 ἄκουε

236 1792 662 1862 ωγγράφοντος
691 1793 956 1846 Εὑσεϐίου
979 1793 1074 1847 τοῦ
1097 1794 1407 1864 Παμφίλου,
1439 1792 1828 1862 συνακμάσαν-

1929 603 2118 658 misse.
2139 602 2275 658 Nam
2297 618 2423 658 cum
2452 602 2744 670 utriusque
2768 603 2939 672 partis
2953 604 3234 658 exercitus
3261 604 3318 659 in
3343 619 3514 660 unum

1926 695 2306 758 convenisset,
2331 693 2576 763 priorem
2599 693 2983 749 Constantium
3012 696 3181 751 verba
3225 698 3419 753 fecisse
3445 698 3512 752 ad

1926 785 2155 848 milites,
2190 784 2384 856 eisque
2409 785 2466 839 in
2506 785 2828 839 memoriam
2869 801 3160 841 revocasse
3213 787 3516 843 liberalita-

1925 884 2039 932 tem
2066 875 2312 948 parentis
2345 876 2455 940 sui,
2489 891 2729 945 quocum
2748 877 2922 931 multa
2953 876 3098 932 bella
3122 878 3512 942 confecissent,

1924 977 1983 1024 et
2002 985 2034 1023 a
2063 983 2176 1039 quo
2216 968 2471 1024 maximis
2496 968 2658 1022 donis
2689 967 2874 1023 aﬂ'ecti
2903 981 3109 1023 essent.
3133 969 3334 1024 Milites
3360 986 3513 1034 vero,

1927 1059 2017 1114 bis
2068 1058 2296 1124 auditis,
2359 1058 2688 1115 Velranioni
2742 1075 3046 1130 purpuram
3101 1062 3405 1124 ademisse,
3460 1072 3517 1116 et

1930 1149 2145 1219 privato
2175 1149 2372 1204 habitu
2425 1148 2684 1203 indutum
2737 1165 2804 1204 ex
2851 1149 3114 1204 tribunali
3156 1150 3512 1205 abstraxisse.

1928 1241 2199 1297 Eumdem
2227 1252 2413 1297 tamen
2446 1241 2589 1295 nihil
2645 1240 2870 1312 gravius
2893 1257 3110 1310 passum
3142 1256 3263 1294 esse
3294 1257 3322 1295 a
3373 1241 3518 1296 Con-

1928 1333 2154 1394 stantio,
2208 1349 2374 1402 quem
2434 1342 2492 1386 tu
2542 1349 2652 1387 una
2710 1348 2838 1388 cum
2884 1345 3040 1402 patre
3088 1341 3168 1387 tot
3211 1333 3519 1388 maledictis

1929 1425 2212 1480 lacerasti.
2245 1424 2498 1491 Quonam
2526 1423 2696 1493 igitur
2735 1423 2900 1477 modo
2949 1422 3204 1477 eumdem
3238 1422 3516 1476 hominem

1933 1518 2098 1573 simul
2129 1517 2268 1572 adeo
2291 1515 2647 1586 magnificum
2668 1531 2733 1570 ac
2757 1515 3046 1569 liberalem
3071 1514 3244 1569 fuisse
3257 1513 3515 1576 alIirmes,

1930 1617 1988 1663 et
2010 1609 2152 1662 adeo
2175 1623 2406 1678 parcum
2437 1622 2501 1661 ac
2528 1606 2838 1670 sordidum,
2872 1616 3056 1661 uttam
3085 1605 3265 1660 dirum
3288 1604 3518 1674 vectigal

1931 1699 2174 1756 subditis
2234 1699 2570 1768 imponeret,
2629 1697 2888 1767 equidem
2943 1712 3056 1751 non
3115 1697 3300 1751 video.
3358 1696 3517 1762 Quod

1931 1800 2117 1846 autem
2137 1806 2244 1845 nec
2266 1790 2522 1845 Faustam
2549 1805 2652 1844 nec
2672 1789 2929 1859 Crispum
2950 1789 3094 1844 idem
3119 1789 3516 1844 Constantinus

233 1900 333 1947 τος
365 1885 766 1957 Κωνσταντίνῳ
809 1887 902 1938 καὶ⁸
953 1886 1209 1956 Κρίσπῳ,
1241 1862 1364 1940 -καὶ
1430 1885 1830 1955 συγγενομένου

1936 1884 2226 1948 occiderit,
2258 1899 2360 1939 nec
2389 1883 2462 1937 ob
2488 1897 2609 1937 eam
2645 1897 2868 1936 causam
2892 1882 2963 1936 ab
2993 1881 3216 1936 homine
3261 1880 3519 1952 Egyptio

232 1975 478 2038 τούτοις.
533 1976 604 2031 Σὺ
658 1976 770 2048 γὰρ
813 1977 934 2030 οὐδὲ
977 1976 1147 2049 ἀκοὴν
1188 1977 1444 2048 γράφεις,
1493 1977 1626 2049 μήτι
1666 1994 1731 2046 γε
1766 1977 1832 2047 δὴ

1936 1983 2348 2031 sacramentum
2375 1981 2578 2028 nostra;
2625 1973 2912 2042 religionis
2941 1972 3238 2042 acceperit,
3267 1973 3419 2039 audi,
3471 1973 3517 2026 si

234 2067 531 2138 ἀλήθειαν,
591 2063 809 2133 πολλοῖς
857 2069 1091 2141 ὕστερον
1143 2070 1360 2141 χρόνοις
1397 2069 1492 2124 ἐπὶ
1542 2070 1830 2138 Ἀρκαδίου

1941 2069 2145 2139 placet,
2181 2074 2476 2122 testantem
2535 2064 2830 2120 Eusebium
2883 2064 3176 2134 Pamphili,
3205 2064 3366 2135 375
3421 2065 3516 2135 qui

234 2158 339 2210 καὶ
380 2157 644 2228 Ὃνωρίου
689 2159 851 2231 μέχρι
907 2159 1004 2213 σοῦ
1043 2160 1332 2231 γέγραφας
1354 2159 1488 2231 (89),
1517 2162 1552 2232 ἢ
1582 2161 1677 2213 καὶ
1713 2160 1831 2230 μετ’

235 2253 448 2316 αὐτοὺς
476 2249 739 2320 γεγονώς.
773 2250 983 2322 Γράφει
1007 2251 1065 2304 δὶ
1101 2251 1194 2304 ἐπὶ
1217 2250 1416 2316 λέξεως
1438 2251 1633 2317 ταῦτα,
1658 2255 1717 2306 ὲν
1754 2251 1833 2322 τῷ

234 2351 420 2424 ὀγδόῳ
442 2352 587 2424 λόγῳ
607 2352 720 2423 (90)
741 2353 839 2424 τῆς
872 2352 1038 2406 αὐτοῦ
1086 2353 1632 2422 Ἐκκλησιαστικῆς
1671 2357 1833 2408 ιστο-

231 2445 401 2511 ρίας.
468 2444 676 2516 Χρόνου
719 2443 776 2498 δὲ
830 2445 892 2498 οὐ
941 2443 1194 2497 πλείστου
1250 2446 1456 2515 μεταξὺ
1511 2447 1828 2516 γενομένου,

239 2535 508 2606 βασιλεὺς
569 2535 948 2598 Κωνστάντιος
997 2536 1088 2588 τὸν
1126 2535 1306 2590 πάντα
1367 2535 1483 2606 βίον
1523 2538 1829 2606 πραότατα,

237 2627 335 2680 καὶ
372 2628 490 2690 τοῖς
548 2626 810 2695 ὑπηκόοις
852 2625 1238 2690 εὐνοϊκώτατα,
1290 2626 1369 2698 τῷ
1397 2644 1458 2679 τε
1501 2627 1633 2698 θείῳ
1687 2629 1832 2700 λόγῳ

235 2718 693 2789 προσφιλέστατα
727 2718 1068 2789 διαθέμενος,
1097 2719 1264 2773 παῖδα
1291 2720 1518 2790 γνήσιον
1550 2721 1832 2774 Κωνσταν-

234 2813 393 2862 τίνον
434 2809 812 2880 αὐτοκράτορα
866 2809 1132 2863 σεϐαστδν
1173 2809 1290 2864 ἀνθ’
1343 2810 1538 2864 ἑαυτοῦ
1608 2812 1833 2865 καταλι-

238 2899 388 2968 πὼν,
417 2901 580 2973 κοινῷ
609 2902 824 2972 φύσεως
851 2902 1002 2973 νόμῳ
1023 2902 1248 2974 τελευτᾷ
1282 2903 1375 2957 τὸν
1398 2903 1533 2974 βίον.
1569 2905 1681 2958 Καὶ
1700 2905 1830 2975 μεθ’

237 2993 440 3062 ἔτερα.
473 2993 675 3047 Τούτου
714 2997 846 3058 παῖς
880 2995 1256 3058 Κωνστάντιος
1293 2995 1459 3060 εὐθὺς
1505 2997 1830 3067 ἀρχόμενος,

241 3084 510 3156 βασιλεὺς
532 3083 862 3147 τελεώτατος
914 3085 1008 3137 καὶ
1044 3085 1306 3149 σεϐαστός
1345 3085 1486 3157 πρὸς
1527 3086 1635 3139 τῶν
1664 3104 1833 3148 στρα-

242 3180 515 3244 τοπέδων,
548 3181 641 3232 καὶ
670 3177 755 3232 ἔτι
777 3178 911 3232 πολὺ
936 3178 1144 3232 τούτων
1177 3179 1443 3251 πρότερον
1480 3179 1618 3250 πρὸς
1653 3168 1829 3232 ἀὑτοῦ
1859 3203 1905 3265 c

241 3271 345 3325 τοῦ
413 3270 806 3340 παμϐασιλὲως
885 3270 1022 3324 Θεοῦ
1099 3270 1513 3344 ἀναγορευθεὶς,
1580 3270 1832 3341 ζηλωτὴν

245 3364 450 3418 ἑαυτὸν
479 3363 580 3433 τῆς
604 3363 882 3434 πατρικῆς
909 3363 1040 3433 περὶ
1070 3362 1163 3416 τὸν
1194 3363 1465 3435 ἡμέτερον
1493 3363 1652 3431 λόγον
1680 3365 1836 3415 εὐσε-

247 3457 406 3519 ϐείας
435 3456 828 3526 κατεστήσατο.
849 3455 961 3508 Καὶ
993 3455 1128 3527 πρὸς
1153 3454 1230 3526 τῷ
1261 3455 1406 3509 τέλει
1435 3456 1492 3508 δὲ
1520 3453 1620 3522 τῆς
1645 3454 1836 3509 Ἰστο-

239 3547 408 3616 ρίας,
465 3549 676 3610 τούτοις
724 3547 857 3616 φησὶ
894 3549 1007 3610 τοῖς
1045 3547 1340 3616 ὀνόμασιν⁶
1397 3546 1456 3597 '0
1513 3546 1610 3611 δὲ,
1663 3548 1834 3617 ἀρετῇ

251 3640 410 3711 πάσῃ
469 3637 785 3702 θεοσεϐείας
857 3639 1174 3708 ὲκπρέπων,
1243 3637 1540 3708 μέγιστος,
1613 3637 1841 3706 νικητὴς

251 3722 670 3793 Κωνσταντῖνος
725 3730 822 3782 σὺν
862 3729 1017 3783 παιδὶ
1063 3729 1298 3800 Κρίσπῳ
1347 3728 1560 3800 βασιλεῖ
1597 3728 1842 3796 θεοφιλε-

251 3821 461 3892 στάτῳ,
485 3821 745 3876 καὶκατὰ
769 3821 945 3875 πάντα
967 3819 1061 3873 τοῦ
1083 3820 1290 3892 πατρὸς
1321 3819 1493 3890 ὁμοίῳ
1513 3821 1614 3892 τὴν
1632 3818 1842 3873 οἰκείαν

251 3913 404 3985 ἑῴαν
435 3913 839 3985 ἀπελάμϐανον.
889 3912 1005 3966 Οὐκ
1042 3911 1110 3966 ἂν
1135 3909 1194 3965 δὲ
1234 3911 1264 3963 ὁ
1293 3909 1560 3974 Εὐσέϐιος
1590 3909 1843 3981 Κρίσπον

252 4003 436 4065 οὕτως
466 4002 751 4073 ἐπῄνεσεν,
788 4003 836 4055 εί
869 3999 1007 4071 πρὸς
1055 3998 1151 4052 τοῦ
1182 4000 1390 4070 πατρὸς
1420 3998 1688 4071 ἀνῄρητο,
1716 3999 1842 4051 ὲπιο

255 4096 467 4160 ϐιώσας
499 4096 576 4167 τῷ
596 4093 1023 4164 ,Κωνσταντίνιμ
1069 4091 1126 4146 '0
1154 4091 1212 4146 δὲ
1241 4091 1574 4165 Θεοδὼριτος
1606 4091 1844 4156 ἱστορῶν

331 4240 354 4271 °
391 4238 595 4294 Euseb.
626 4253 749 4310 pag.
785 4235 913 4294 492.

1937 2161 2137 2216 iisdem
2167 2159 2516 2229 temporibus
2539 2156 2725 2212 floruit
2772 2155 2976 2225 quibus
3027 2153 3424 2210 Constantinus
3461 2163 3520 2210 et

1932 2253 2163 2322 Crispus
2192 2255 2408 2316 vixere,
2444 2261 2501 2307 et
2543 2249 2791 2320 quicum
2823 2248 3016 2302 iisdem
3064 2264 3208 2318 saepe
3268 2257 3519 2304 versatus

1933 2355 2037 2400 est.
2065 2344 2144 2398 Tu
2173 2345 2320 2398 enim
2350 2359 2418 2398 ne
2478 2343 2764 2397 auditione
2811 2340 3036 2410 quidem
3073 2341 3170 2395 abs
3201 2350 3254 2396 te
3288 2352 3519 2410 accepta

1934 2437 2160 2500 scribis,
2189 2436 2394 2491 nedum
2417 2450 2570 2490 vera.
2596 2434 2810 2503 Quippe
2829 2434 2921 2502 qui
2957 2433 3268 2504 principatu
3293 2434 3516 2488 Arcadii

1933 2538 1990 2583 et
2025 2528 2272 2591 Honorii,
2316 2527 2385 2581 ad
2412 2542 2651 2596 quorum
2691 2541 2866 2594 usque
2924 2535 3170 2595 tempora
3227 2524 3518 2579 historiam

1941 2628 2093 2672 tnam
2156 2617 2489 2687 perduxisti,
2523 2627 2620 2670 aut
2675 2616 2845 2669 etiam
2874 2625 2998 2685 post
3042 2616 3166 2669 illos
3210 2615 3433 2669 vixeris.
3471 2615 3521 2669 Is

1937 2711 2108 2782 igitur
2132 2711 2186 2764 in
2220 2718 2419 2764 octavo
2454 2708 2842 2762 Ecclesiasticw
2871 2707 3121 2761 Historiw
3141 2722 3254 2762 suae
3282 2707 3425 2762 libro
3449 2707 3518 2761 ad

1934 2804 2173 2855 verbum
2213 2801 2288 2855 ita
2335 2800 2561 2854 scribit:
2621 2799 2776 2853 Haud
2823 2799 2998 2853 multo
3045 2807 3170 2868 post
3217 2799 3523 2868 imperator

1936 2893 2315 2957 Constantius,
2341 2892 2427 2945 vir
2458 2891 2513 2944 in
2547 2889 2697 2944 omni
2725 2890 2835 2944 vita
2858 2888 3293 2959 placidissimus;
3320 2890 3413 2958 qni
3465 2899 3524 2945 et

1935 2984 2314 3040 clementia-in
2340 2983 2617 3048 subditos,
2686 2992 2741 3036 et
2765 2982 3030 3053 singulari
3057 2999 3184 3052 erga
3224 2982 3387 3036 fidem
3419 2999 3526 3036 no-

1941 3087 2112 3132 stram
2147 3074 2532 3131 benevolentia
2557 3081 2828 3143 perpetuo
2861 3072 3125 3142 praeditus
3149 3073 3350 3138 fuerat,
3374 3071 3524 3128 Con-

1936 3169 2239 3224 stantinum
2270 3167 2560 3237 proprium
2595 3163 2771 3219 ﬁlium
2806 3164 2926 3219 vice
2984 3179 3084 3218 sua
3131 3164 3521 3232 imperatorem

1939 3272 2106 3332 atque
2131 3261 2442 3331 Augustum
2480 3257 2824 3327 relinquens,
2844 3255 2998 3310 fatali
3022 3264 3200 3311 morte
3230 3255 3525 3311 defunctus

1935 3362 2042 3408 est.
2097 3352 2163 3406 Et
2193 3350 2353 3422 paulo
2376 3358 2529 3419 post:
2578 3347 2753 3419 Hujus
2810 3348 2958 3403 filius
2995 3346 3415 3411 Constantinus,
3454 3347 3526 3402 ab

1939 3445 2059 3516 ipso
2084 3445 2268 3500 statim
2295 3442 2526 3498 exordio
2556 3457 2848 3512 supremus
2880 3441 3202 3512 imperator,
3232 3449 3290 3494 et
3336 3440 3527 3510 Augu-

1939 3547 2080 3600 stus,
2113 3553 2142 3591 a
2168 3535 2463 3598 militibus,
2494 3534 2704 3604 diuque
2725 3542 2885 3588 antea
2909 3531 2981 3586 ab
3007 3531 3256 3586 omnium
3285 3531 3528 3602 impera-

1943 3640 2124 3683 torum
2144 3629 2258 3683 Deo
2278 3627 2652 3688 renuntiatus,
2676 3631 2922 3694 paternae
2938 3636 3069 3693 erga
3092 3622 3253 3677 fidem
3282 3631 3526 3676 nostram

1943 3722 2167 3793 pietatis
2187 3720 2565 3776 aemulator-em
2590 3733 2648 3774 se
2669 3717 2944 3788 praestitit.
2989 3716 3137 3771 Idem
3166 3714 3441 3770 Eusebius
3468 3715 3526 3768 in

1940 3814 2051 3870 ﬁne
2083 3814 2336 3868 Historiae
2358 3822 2379 3842 °
2407 3811 2496 3866 his
2523 3810 2699 3865 utitur
2722 3809 2941 3864 verbis:
2971 3805 3366 3865 Constantinus
3392 3819 3526 3859 vero

1942 3906 2209 3961 omnibus
2266 3901 2552 3974 religionis
2594 3899 2897 3954 virtutibus
2941 3905 3193 3958 ornatus,
3245 3906 3302 3950 et
3349 3895 3527 3948 victor

1941 3999 2237 4062 maximus,
2269 4012 2378 4051 una
2401 4011 2528 4050 cum
2557 3992 2670 4046 tilio
2698 3990 2894 4060 Crispo
2948 3989 3184 4053 Caesare,
3229 3988 3343 4042 Deo
3391 3986 3524 4040 cha—

1942 4091 2167 4146 rissimo
2196 4097 2255 4145 et
2297 4088 2441 4160 patri
2479 4085 2850 4156 undequaque
2892 4083 3198 4149 simillimo,
3242 4082 3524 4139 Orientem

1451 4345 1714 4402 VALESII
1751 4341 2308 4404 ANNOTATIUNES.

340 4452 449 4526 (88)
480 4447 806 4526 ﬂpditocd
828 4441 1266 4526 Κειξνσινςιτῖνοιζἶ
1316 4440 1684 4526 scribendum
1745 4447 1831 4526 est

1936 4439 2132 4493 simum
2182 4434 2386 4488 vixisse
2415 4417 3180 4526 Attemporibusm'l‘hegdosii
3235 4418 3517 4526 ‘Junioris.

1940 4509 2009 4526 1'-
2045 4516 2144 4526 ,.__
2181 4515 2359 4526 .__..-..
2389 4503 2402 4526 ε
2516 4519 2539 4526 ..
2610 4502 2782 4526 ....:...-
2852 4499 2945 4526 ...ζα
3037 4513 3082 4526 η,
3161 4512 3225 4526 ην.
3259 4512 3346 4526 ...ιη
3372 4497 3517 4526 nl“...

260 4511 666 4581 Κωνστάντιος,
696 4511 756 4571 ut
793 4517 1001 4586 legitur
1043 4515 1100 4568 in
1145 4511 1336 4567 codice
1382 4511 1716 4586 Te_lleri_ano,
1779 4519 1832 4586 et

259 4579 409 4663 apud
443 4579 810 4663 Nicephorum
825 4579 899 4663 in
923 4585 1099 4663 _libro_
1139 4597 1250 4663 ενι,
1285 4596 1404 4663 cahp.
1435 4581 1526 4663 ει.
1560 4580 1628 4633 Ει
1675 4579 1840 4659 paulo

262 4650 499 4734 pbstubi
531 4650 736 4730 legitur
754 4656 983 4734 πολλοὺς
1013 4650 1842 4734 πολεμίορςβιεπόνησανχερτί-

265 4717 511 4790 bendum
568 4717 654 4784 evst
710 4717 984 4798 πολέμους
1041 4763 1056 4788 ,
1124 4717 1186 4778 ut
1236 4720 1409 4775 habet
1469 4717 1614 4774 idem
1678 4717 1841 4772 Nice-

305 4805 500 4858 horus.

263 4823 673 4939 pn(083;slnézpr
700 4865 818 4939 σοῦ
871 4864 1189 4939 γέγραφας.
1213 4860 1443 4939 _Procu_l
1489 4857 1661 4939 dubio
1703 4856 1843 4939 scri-

262 4926 511 5001 bendum
535 4926 630 4995 es‘t'
647 4936 848 5008 μέχρις
869 4926 1554 5008 οὗ]ὃίεἶρηόιίε-γοοίρυε..
1571 4930 1744 4997 Atque
1769 4926 1843 4981 ita

262 4999 400 5085 Iegit
420 4999 786 5085 Nicephoru's',
821 4999 1285 5085 quihach'Evagrii
1313 5001 1493 5085 verba‘
1512 4999 1592 5054 sic
1615 5011 1843 5085 expres-

264 5067 368 5140 ὲῖῗέ
406 5067 501 5144 Οἷς
533 5067 626 5133 καὶ
653 5079 753 5152 τήν
773 5067 1105 5152 ’συγγραφὴν
1154 5067 1422 5152 ἕᾶτησας..
1451 5067 1842 5152 Qttethige-

265 5136 430 5226 pliori
461 5136 647 5226 locum
687 5136 945 5226 ἐθειηὴἐέ
974 5136 1194 5226 ιιόὶιειιε
1250 5136 1363 5196 non
1410 5136 1702 5226 intellexit:
1734 5136 1843 5226 ‘Sic

264 5207 428 5280 enim
442 5220 610 5276 vertit
642 5236 658 5274 :
685 5219 762 5273 Tu
797 5232 1025 5287 namque
1049 5207 1223 5287 savium:
1240 5227 1518 5287 rumorem‘
1537 5207 1843 5287 mutilatum

267 5295 495 5348 mandas
523 5291 740 5353 litteris,
770 5305 874 5342 non
900 5280 1173 5340 ueritatem
1207 5284 1399 5349 ipsum,
1430 5282 1519 5350 qui
1553 5280 1708 5353 longo
1729 5287 1842 5353 post

266 5375 505 5434 tempore
535 5361 629 5415 sub
683 5349 913 5434 Honorio
965 5365 1014 5409 et
1053 5353 1279 5434 Arcadio
1329 5349 1515 5434 quibus
1567 5349 1844 5434 historiam

264 5423 419 5489 tuam
451 5433 727 5495 dedicasti,
751 5440 799 5484 et
827 5431 1051 5500 fortasse
1077 5432 1192 5500 post
1221 5439 1403 5476 eorum
1426 5423 1585 5500 etiam
1604 5430 1842 5500 tempore

266 5505 475 5576 longius
499 5489 844 5576 vixerisISed
874 5489 1198 5576 vertendum
1228 5503 1393 5576 eri-au.
1429 5489 1628 5555 Quibus
1647 5491 1842 5576 mltisto-I

265 5559 409 5630 riam
462 5583 611 5628 tuam
665 5568 983 5625 terminasti.
1012 5565 1226 5620 Etenim
1273 5561 1525 5616 Zosimus
1569 5575 1740 5628 usque
1774 5559 1841 5612 ad

261 5644 746 5715 expugnationem
779 5639 938 5715 urbis
999 5637 1183 5715 Romae
1343 5632 1572 5715 Alarico
1617 5630 1838 5691 factam,

266 5701 586 5785 Opbsstturn
615 5710 890 5781 perduxit,
926 5715 984 5761 ut
1012 5721 1080 5758 ex
1111 5703 1291 5759 Photii
1335 5701 1658 5780 Bibliotheca
1706 5715 1841 5753 con-

269 5794 398 5841 stat.
437 5784 711 5840 Czeternrn
746 5797 811 5836 ex
841 5779 945 5833 hoc
986 5774 1204 5845 Evagrii
1235 5789 1298 5845 ac
1354 5772 1647 5845 Nic-ephori
1697 5769 1841 5845 loco,

273 5839 520 5922 vossius,
554 5854 610 5909 in
639 5853 782 5911 libro
820 5849 892 5904 Dc
928 5839 1199 5904 Historicis
1231 5843 1446 5907 ercis,
1476 5839 1707 5898 atIirmat
1737 5839 1842 5893 Zo-

1940 4509 2145 4563 Nenter
2181 4515 2362 4559 tamen
2389 4503 2444 4556 id
2473 4503 2542 4557 de
2565 4497 2784 4556 Zosimo
2811 4498 2969 4552 dixit.
2996 4497 3100 4552 Sed
3135 4504 3347 4550 tantum
3370 4497 3524 4554 aiunt

1871 4554 2542 4633 siinitbhbrié
2588 4554 2663 4626 et
2696 4554 2933 4624 Arcadio
2981 4566 3189 4636 quibus
3233 4566 3522 4622 Historiam

1945 4661 2098 4726 suam
2124 4643 2470 4726 ternytavith
2496 4650 2591 4695 aut
2610 4641 2776 4720 etiam
2819 4638 2914 4726 diu
2947 4645 3071 4726 post
3087 4637 3242 4718 illos,
3295 4637 3518 4726 vixi~se.

1943 4717 2106 4772 Certe
2135 4707 2413 4768 Zosiﬁtum
2457 4711 2626 4775 hunc,
2657 4711 2801 4764 circa
2844 4707 3122 4762 Anastasii
3169 4707 3523 4775 imperatoris

1944 4797 2194 4846 tempora
2248 4781 2451 4835 vixisse
2481 4780 2754 4835 existimo.
2789 4779 2922 4832 Nam
2964 4787 3022 4832 et
3058 4775 3516 4846 Olympiodorum

1945 4847 2242 4911 Thebanum
2263 4853 2419 4916 citat,
2440 4852 2534 4920 qui
2558 4850 2662 4905 sub
2680 4848 2990 4920 Theodosio
3005 4847 3522 4920 Iunioreliistoriam

1945 4941 2100 4982 suam
2138 4921 2382 4990 scripsit,
2421 4915 2480 4975 ut
2534 4928 2765 4975 testatur
2808 4919 3069 4990 Photius;
3097 4988 3103 4990 Α
3127 4925 3183 4990 e_t
3231 4915 3519 4990 S_y_rianum

1947 4986 2640 5066 philosopht'ttn‘nominat,
2671 4990 2766 5066 qui
2811 4989 2989 5043 Procli
3046 4986 3309 5066 D_i_adochi
3344 4987 3519 5066 magi-

1944 5055 2058 5121 ster
2086 5055 2208 5118 fuit.
2237 5059 2581 5116 Vixitautem
2609 5055 2834 5115 Proclus
2858 5058 3201 5127 temporibus
3222 5055 3516 5127 Anastasii.

1945 5135 2192 5204 Denique
2219 5130 2418 5204 Sruidas
2442 5130 2720 5204 Zosimum
2752 5126 3058 5204 sophistam
3095 5127 3296 5204 vixisse
3325 5126 3522 5180 scribit

1946 5195 2213 5276 regnante
2240 5202 2548 5276 Anastasio_.
2584 5200 2756 5276 Quem
2793 5195 3020 5276 quidem
3071 5195 3328 5276 existimo
3359 5212 3518 5276 eum-

1946 5266 2070 5330 dein
2136 5288 2256 5328 esse
2319 5285 2443 5324 cum
2511 5270 2728 5323 Zosirno
2793 5267 3150 5322 historiarum
3222 5266 3514 5334 scriptore.

1945 5345 2172 5401 Plurimi
2200 5343 2347 5398 enim
2383 5340 2632 5394 rhetores
2657 5354 2720 5392 ac
2759 5337 3042 5406 sophistae,
3067 5337 3134 5390 ad
3165 5334 3516 5406 scribendam

1947 5416 2234 5471 historiam
2272 5425 2330 5469 se
2354 5410 2732 5469 contulerunt,
2754 5404 2954 5470 ultum
2975 5422 3044 5461 ex
3070 5405 3330 5474 Dionysio
3366 5404 3518 5457 Hali-

1946 5501 2272 5546 carnasseo,
2334 5493 2449 5536 tum
2497 5496 2564 5534 ex
2615 5478 2739 5532 aliis
2795 5477 3390 5546 innumerisconslat.
3453 5475 3520 5526 Et

1945 5556 2199 5611 advocati
2232 5545 2348 5611 ﬁsci
2405 5550 2645 5620 dignitas
2677 5562 2800 5620 qua
2815 5558 3048 5601 ornatur
3102 5545 3372 5608 Zosimus,
3406 5559 3516 5598 non

1945 5627 2180 5680 multum
2218 5616 2532 5679 abhorreta
2563 5616 2889 5686 St'ipltistica.

2015 5697 2125 5762 (90)
2157 5696 2253 5748 Ἑν
2278 5695 2356 5758 τῷ
2382 5691 2570 5762 ὀγδόῳ
2593 5682 2771 5758 iam).
2813 5686 2911 5743 Hic
2938 5684 3171 5762 Eusebii
3193 5685 3347 5762 locus
3381 5682 3517 5753 legi-

1948 5753 2120 5820 tnrin
2155 5753 2367 5833 carinis
2415 5753 2545 5815 libri
2595 5753 2813 5824 vni,cx
2864 5774 2975 5829 quo
3028 5753 3390 5826 corrigendos
3431 5764 3516 5808 est

1948 5837 2211 5908 livagritts
2231 5845 2435 5890 noster.
3399 5850 3404 5856 ·
