4048 6594
351 397 509 462 2639

1311 397 1696 458 HISTORI/E
1734 395 2333 458 ECCLESIASTIC/E
2371 392 2602 458 LIBER
2641 398 2756 460 III.

3487 406 3630 472 2696
3689 386 3693 390 ’

360 511 614 578 πομένη.
654 505 944 578 ’Ᾱρμένειά
966 524 1026 560 τε
1044 507 1140 561 καὶ
1167 506 1236 562 τὰ
1251 507 1621 578 πλησιάζοντα
1653 507 1781 578 ἔθνη
1826 507 1934 559 Ῥω

2034 504 2356 579 .IEgyptum
2411 509 2577 575 rexit,
2629 521 2692 567 ut
2743 513 2815 568 ab
2867 513 3227 572 historiarum
3279 515 3646 587 scriptoribus

359 601 559 672 patos;
587 599 917 672 προσετέθη,
960 599 1084 670 μεθ’
1120 600 1324 672 ἑτέρων
1355 603 1611 670 ἱστορεῖς.
1646 599 1862 671 Μικροῦ
1893 599 1952 651 δέ

356 710 437 759 με
467 692 717 746 διέλαθεν
749 691 786 745 ἃ
815 692 881 744 σὺ
919 691 1154 761 γράφεις
1197 691 1291 745 τὸν
1319 693 1733 745 Κωνσταντῖνον
1782 708 1952 747 κατα-

355 785 704 854 πραξασθαι,
739 783 885 853 μάλα
927 783 1200 852 γεννικῶς
1242 787 1335 838 καὶ
1373 784 1638 854 ἀνδρείως
1667 784 1768 854 τῆς
1813 785 1950 838 Ῥω-

357 879 548 946 μαίων
605 877 1021 947 ἐξηγησάμενον
1095 878 1274 949 ἀρχῆς
1334 879 1473 947 μετὰ
1522 877 1622 948 τῆς
1673 877 1949 948 ἡμετέρας

355 968 691 1038 θρησκείας,
729 969 826 1022 καὶ
867 965 955 1022 οἷα
995 967 1269 1021 πέπονθεν
1318 968 1606 1030 Ἰουλιανὸς
1650 970 1679 1021 6
1715 970 1826 1030 66;,
1855 969 1949 1022 καὶ

349 1060 474 1114 τῶν
507 1059 616 1113 σῶν
641 1060 845 1131 ὀργίων
875 1059 1171 1131 θιασώτης,
1201 1059 1506 1129 τηλικαῦτα
1548 1059 1839 1129 τραύματα
1876 1064 1945 1132 τῇ

354 1151 617 1222 πολιτείᾳ
651 1150 1079 1215 καταλελοιπώς.
1111 1152 1174 1204 Εἰ
1207 1150 1266 1204 δέ
1312 1169 1365 1204 τι
1395 1151 1504 1202 τῶν
1538 1151 1943 1220 προφητευθέν-

351 1261 472 1296 των
513 1245 644 1311 περὶ
699 1243 801 1312 τῆς
852 1243 948 1296 τοῦ
998 1243 1210 1313 κόσμου
1253 1242 1512 1313 τελευτῆς
1569 1243 1601 1311 ἢ
1657 1241 1944 1311 προοίμιον

354 1335 612 1410 εἴληφεν,
670 1335 704 1406 ἢ
744 1338 838 1389 καὶ
883 1336 944 1388 τὸ
991 1336 1168 1408 πέρας
1212 1335 1446 1400 δέξεται,
1496 1333 1741 1405 μείζονάς
1795 1335 1945 1386 ἐστιν

352 1428 700 1497 οἰκονομίας,
740 1427 774 1496 ἢ
829 1428 971 1481 κατὰ
1025 1428 1108 1480 σέ.
1173 1425 1552 1497 Ἐξετάσωμεν
1597 1425 1656 1478 δὲ
1680 1427 1730 1478 εί
1772 1424 1940 1488 δοκεῖ,
1978 1475 1984 1481 .

351 1523 510 1583 ὅπως
531 1521 582 1572 οἰ
611 1520 678 1572 τὰ
724 1519 994 1588 Ἑλλήνων
1038 1518 1482 1590 πρεσϐεύσαντες
1533 1518 1794 1587 βασιλεῖς,
1848 1518 1944 1570 καὶ

348 1616 507 1679 ὅπως
563 1618 614 1668 οἱ
652 1615 722 1667 τὰ
768 1615 864 1668 τοῦ
897 1616 1138 1686 Χριστοῦ
1196 1613 1563 1679 ζηλώσαντες,
1631 1616 1732 1685 τὴν
1791 1615 1943 1686 βασιο

348 1707 513 1761 λείαν
550 1707 840 1760 ἀπέθεντο.
869 1707 944 1759 Οὐ
993 1706 1214 1776 πρῶτος
1271 1707 1434 1769 Γάϊος
1483 1706 1700 1769 Ἰούλιος
1724 1709 1940 1776 Καῖσαρ

353 1800 742 1869 μοναρχήσας,
790 1795 1170 1866 δολοφονηθεὶς
1221 1797 1313 1849 τὸν
1358 1796 1471 1866 βίον
1533 1796 1936 1866 κατέστρεψεν

345 1891 420 1943 ού
452 1890 708 1958 δεύτερον
742 1888 841 1941 τὸν
869 1887 1096 1956 ἔκγονον
1117 1887 1370 1958 Τιϐερίου
1407 1888 1567 1940 Γάϊον
1590 1887 1700 1940 τῶν
1729 1889 1787 1940 ὲν
1828 1891 1940 1951 τοῖς

349 1981 772 2051 στρατεύμασιν
805 1978 936 2032 ἔνιοι
995 1977 1174 2047 ξίφεσι
1213 1979 1604 2049 διεχρήσαντος
1653 1979 1712 2031 ού
1748 1979 1938 2045 Νέρων

346 2072 496 2142 πρός
528 2088 676 2134 τινος
713 2070 824 2123 τῶν
863 2070 1082 2124 οἰκείων
1143 2069 1423 2140 ἀνῃρέθης
1477 2069 1538 2122 ού
1605 2070 1644 2121 Γ
1649 2069 1818 2132 ἀλδας
1872 2071 1942 2122 τὰ

347 2165 714 2235 παραπλήσια
771 2164 1076 2229 πέπονθενς
1126 2162 1307 2216 Ὄθων
1336 2180 1395 2216 τε
1433 2163 1528 2214 καὶ
1578 2161 1852 2224 Βιτέλλιος
1885 2163 1935 2214 οἱ

345 2259 505 2328 ⁹ινρεῖς
533 2254 957 2325 βασιλεύσαντες
986 2253 1182 2324 μόνους
1209 2252 1508 2306 ἑκκαίδεκα
1546 2252 1743 2322 μῆνας.
1779 2251 1938 2304 Τίτον

346 2348 415 2402 δὲ
453 2347 878 2418 βασιλεύσαντα,
898 2346 960 2400 οὐ
993 2345 1325 2417 Δομετιανὸς
1371 2345 1688 2416 φαρμάκοις
1711 2343 1956 2414 ἀδελφὸν

343 2441 484 2495 ὄντα
530 2458 598 2508 γε
654 2438 844 2504 αὑτοῦ,
892 2438 1142 2504 ἀνεῖλεν;
1177 2438 1237 2491 οὐ
1289 2437 1616 2507 Δομετιανὸς
1676 2437 1812 2504 πρὸς
1844 2435 1936 2488 τοῦ

343 2531 909 2600 Στεφάνουρειλαίως
925 2532 1033 2584 τῶν
1064 2529 1317 2583 ἐντεῦθεν
1349 2529 1585 2598 μετέστη
1611 2546 1626 2594 ;
1671 2529 1736 2580 Τί
1764 2527 1818 2582 δὲ
1843 2527 1938 2581 καὶ

342 2620 480 2687 περὶ
509 2619 754 2688 Κομόδου
770 2619 879 2689 φής
908 2635 922 2682 ;
948 2619 1060 2688 Οὐχ
1089 2613 1242 2682 οὗτος
1269 2618 1374 2673 ὑπὸ
1395 2618 1676 2687 Ναρκίσου
1713 2616 1804 2670 τὸν
1825 2617 1938 2687 βίον

342 2711 652 2763 ἀπέλειπεν
680 2729 694 2775 ;
721 2710 990 2779 Περτίναξ
1013 2711 1081 2777 ⁸⁸,
1105 2711 1200 2762 καὶ
1218 2710 1522 2776 Ἰουλιανὸς,
1542 2710 1602 2763 οὐ
1629 2709 1738 2762 τῶν
1757 2711 1938 2764 αὐτῶν

343 2799 569 2869 ετυχονς
613 2801 926 2864 ’Λντωνῑνος
962 2801 1018 2853 δὲ
1047 2802 1074 2854 6
1106 2803 1369 2875 Σευήρου,
1392 2802 1452 2854 ού
1486 2803 1655 2854 Γέταν
1671 2802 1762 2856 τὸν
1782 2802 1937 2858 ἁδελ-

341 2890 450 2957 φὸν
502 2890 812 2961 διέφθειρε,
875 2891 946 2944 τὰ
995 2892 1354 2963 παραπλήσια
1392 2894 1488 2947 καὶ
1535 2893 1698 2956 αὐτὸς
1747 2894 1936 2947 παθὼν

342 2977 456 3029 ὑπὸ
484 2979 823 3050 Μαρτιαλίου
849 2997 864 3045 ;
893 2981 958 3033 Τί
991 2980 1048 3034 δὲ
1078 2981 1175 3033 καὶ
1216 2982 1520 3051 Μακρῖνος,
1564 2984 1624 3036 ού
1656 2986 1786 3054 περὶ
1825 2984 1933 3037 Βυ-

343 3065 566 3128 ζάντιον
614 3067 968 3139 αἰχμαλώτου
1027 3070 1184 3138 δίκην
1239 3073 1578 3143 περιαχθεὶς,
1642 3075 1932 3145 πρὺςετών

343 3160 630 3230 σφετέρων
673 3161 1024 3232 στρατιωτῶν
1082 3164 1482 3235 ὲμιαιφονηθη;
1525 3167 1633 3220 Καὶ
1659 3167 1930 3236 Αὐρήλιος
1957 3212 1999 3268 C

339 3250 404 3303 δὲ
443 3251 759 3315 Ἀντωνῖνος
789 3256 817 3306 6
864 3253 924 3319 ἐξ
992 3255 1247 3326 Ἐμέσης,
1278 3257 1339 3309 ού
1387 3257 1524 3327 μετὰ
1568 3259 1666 3328 τῆς
1721 3260 1930 3331 μητρὸς

339 3341 701 3410 κατεσφάγη;
736 3342 795 3395 Ὀ
825 3341 882 3395 δέ
909 3359 971 3410 γε
1007 3342 1124 3413 μετ’
1144 3343 1305 3397 αὐτὸν
1347 3344 1720 3416 Ἀλέξανδρος,
1755 3347 1817 3398 οὐ
1850 3345 1928 3417 τῷ
1957 3341 1962 3347 ’

342 3430 499 3499 αὐτῷ
534 3431 630 3483 σὺν
670 3435 736 3502 τῇ
793 3433 964 3503 μητρὶ
1012 3435 1406 3503 περιπέπτωκε
1435 3437 1713 3506 δράματι;
1756 3438 1822 3491 Τί
1859 3436 1926 3492 ἂν

338 3521 594 3591 εῖποιμεν
617 3522 712 3576 καὶ
737 3525 865 3594 περί
883 3523 1214 3594 Μαξιμίνου,
1242 3526 1380 3594 πρὸς
1406 3527 1504 3597 τῆς
1520 3528 1728 3591 οἰκείας
1757 3545 1926 3598 στρα-

339 3613 470 3674 τιᾶς
523 3614 996 3686 ἁναιρεθέντος,ἢ
1065 3616 1358 3688 Γορδιανοῦ
1425 3619 1924 3690 ὲπιῦουλεύμασιθί

337 3704 613 3757 Φιλίππου
653 3706 757 3760 ὑπὸ
797 3707 907 3760 τῶν
946 3707 1166 3762 οἰκείων
1204 3712 1556 3778 στρατιωτῶν
1591 3713 1690 3783 τὴν
1719 3713 1925 3768 τέλειον

340 3796 667 3860 ὑπελθόντος
697 3797 940 3869 ἡμέραν;
968 3799 1110 3868 Λέγε
1133 3800 1192 3853 δὲ
1238 3800 1326 3864 σὺ,
1360 3801 1508 3865 ὅπως
1551 3819 1609 3855 τε
1637 3803 1922 3871 Φίλιππος,

336 3887 440 3945 καὶ
469 3890 496 3942 6
532 3891 650 3958 μετ’
700 3889 864 3943 αὑτὸν
920 3892 1133 3957 Δέκιος,
1190 3894 1287 3964 ούχ
1343 3893 1448 3946 ὑπὸ
1499 3894 1608 3947 τῶν
1648 3897 1925 3965 πολεμίων

333 3977 714 4059 διεφθάρησαν
741 3998 755 4048 ;
794 3981 890 4036 καὶ
927 3983 1126 4048 Γάλλος
1170 3984 1227 4038 δὲ
1257 3987 1350 4038 καί
1379 3985 1792 4054 Βουλουσιανὸς,
1823 3990 1923 4060 οὐχ

335 4070 448 4124 ὑπὸ
475 4071 584 4123 τῶν
624 4074 840 4127 οἰκείων
882 4075 1166 4145 δυνάμεων
1211 4076 1313 4147 τῆς
1339 4078 1489 4147 σφῶν
1513 4079 1659 4148 ζωῆς
1679 4080 1924 4150 ἐξώσθη-

335 4179 445 4214 σαν
468 4179 482 4225 ;
507 4163 572 4216 Τί
591 4163 705 4226 δαὶ,
730 4166 822 4218 καὶ
853 4167 1191 4236 Αἰμιλιανὸς,
1223 4171 1282 4222 οὐ
1317 4173 1432 4236 τοῖς
1474 4172 1660 4236 αὐτοῖς
1692 4176 1923 4242 περιπέ-

333 4268 592 4321 πτωκεν;
628 4254 997 4324 Οὐαλεριανὸς
1027 4257 1104 4322 δὲ,
1141 4258 1200 4310 ού
1235 4257 1572 4329 δορυάλωτος
1607 4261 1918 4331 γενόμενος,

334 4343 446 4396 ὑπὸ
485 4345 715 4415 Περσῶν
747 4347 1078 4419 περιήγετος
1112 4349 1150 4400 Γ
1154 4347 1404 4420 αλλιήνου
1429 4349 1486 4402 δὲ
1535 4351 1921 4422 δολοφονηθέν-

331 4451 450 4497 ⁶¹τος,
484 4435 580 4487 καὶ
614 4437 856 4506 Καρίνου
883 4438 1338 4506 σφαγιασθέντος,
1364 4442 1422 4501 ἐς
1443 4441 1824 4511 Διοκλητιανὸν
1852 4442 1919 4495 τὰ

2062 595 2327 649 traditum
2363 604 2469 654 est.
2496 596 2615 651 Jam
2636 614 2771 654 vero
2793 611 2931 671 quot
2962 603 3217 673 regiones
3233 604 3505 675 adempta:
3532 606 3644 662 sint

2059 685 2243 742 Persis
2275 701 2306 740 a
2329 687 2592 743 Ventidio
2621 698 2678 745 et
2701 706 2734 748 a
2761 690 3082 748 Corbulone
3128 694 3366 750 Neronis
3394 697 3568 750 duce:
3611 714 3643 754 a

2058 777 2267 834 Severo
2301 779 2436 834 item
2467 795 2531 834 ac
2559 780 2798 851 Traiano
2821 792 2878 838 et
2907 784 3082 851 Caro;
3115 800 3145 840 a
3177 785 3368 843 Cassio
3419 804 3642 857 quoque

2057 878 2114 924 et
2138 869 2442 927 Odmnatho
2470 873 2800 943 Palmyreno
2831 883 2888 930 et
2933 876 3228 947 Apollonio
3276 888 3336 934 et
3383 879 3452 933 ab
3484 881 3638 935 aliis:

2061 962 2281 1032 quoties
2314 975 2583 1033 praeterea
2603 965 2857 1024 Seleucia
2885 977 2943 1023 et
2963 969 3264 1040 Ctesiphon
3286 972 3453 1027 urbes
3467 983 3641 1042 capta:

2053 1055 2200 1119 sint;
2231 1058 2453 1125 quoties
2481 1057 2714 1121 Nisibis,
2747 1076 2897 1115 nunc
2925 1061 2992 1116 ad
3032 1062 3331 1127 Romanos,
3390 1079 3538 1118 nunc
3569 1065 3638 1120 ad

2053 1148 2248 1202 Persas
2307 1150 2619 1215 transiens;
2671 1149 2928 1206 Armenia
2988 1153 3229 1223 denique
3273 1170 3338 1209 ac
3393 1153 3640 1210 ﬁnitima:

2051 1248 2244 1308 gentes
2278 1241 2529 1298 Romano
2559 1243 2796 1312 imperio
2836 1243 3113 1315 adjuncta:
3137 1245 3371 1313 fuerint;
3407 1257 3462 1300 tu
3529 1264 3636 1303 una

2053 1347 2177 1385 cum
2218 1331 2452 1402 reliquis
2480 1334 2851 1404 scriptoribus
2881 1335 3079 1392 refers.
3117 1335 3222 1391 Sed
3283 1353 3422 1407 pene
3442 1339 3640 1393 omise-

2053 1439 2170 1477 ram
2202 1438 2266 1479 ea
2299 1439 2423 1494 quae
2443 1433 2498 1478 tu
2536 1426 2738 1480 scribis
2769 1425 3021 1481 confecta
3041 1442 3164 1482 esse
3185 1443 3216 1482 a
3249 1427 3634 1490 Constantino,

2051 1516 2146 1585 qui
2172 1529 2297 1570 cum
2321 1525 2566 1572 nostram
2592 1517 2917 1596 religionem
2941 1519 3317 1588 proﬁteretur,
3342 1520 3634 1589 imperium

2051 1603 2361 1658 Romanum
2407 1614 2634 1660 strenue
2690 1622 2755 1661 ac
2808 1605 3031 1661 fortiter
3073 1607 3532 1664 administravit:
3578 1619 3636 1664 et

2048 1704 2253 1766 quanta
2301 1711 2600 1766 perpessus
2648 1697 2720 1752 sit
2771 1698 3024 1756 Julianus
3072 1708 3250 1772 tuus,
3309 1700 3632 1755 eorumdem

2050 1796 2234 1842 tecum
2266 1787 2658 1857 mysteriorum
2704 1788 3003 1858 particeps,
3048 1788 3143 1857 qui
3204 1796 3284 1843 tot
3332 1805 3396 1844 ac
3453 1798 3635 1845 tantas

1977 1866 2019 1921 Β
2045 1880 2234 1936 clades
2254 1880 2444 1934 intulit
2474 1879 2814 1949 reipublicae.
2849 1881 3044 1936 Utrum
3084 1896 3217 1936 vero
3263 1897 3455 1936 eorum
3507 1899 3632 1952 quae

2043 1972 2110 2026 de
2145 1971 2337 2025 mundi
2359 1971 2512 2026 exitu
2536 1971 2798 2040 praedicta
2824 1981 2974 2037 sunt,
3010 1981 3106 2027 aut
3124 1972 3473 2044 aliquodjam
3500 1990 3631 2044 pro-

2046 2063 2261 2120 ludium
2289 2063 2590 2132 acceperit,
2622 2072 2718 2117 aut
2750 2063 2916 2119 ﬁnem
2947 2066 3248 2120 sortiturus
3291 2066 3382 2130 sit,
3416 2067 3630 2121 altioris

2042 2164 2128 2207 est
2167 2153 2622 2223 dispensationis,
2640 2158 2818 2225 'quam
2847 2165 2907 2210 ut
2959 2172 3016 2210 tu
3053 2173 3248 2230 capere
3281 2159 3479 2228 possis.
3519 2160 3625 2214 Ex-

2041 2244 2350 2318 pcndamus
2380 2255 2587 2311 autem,
2618 2250 2661 2300 si
2694 2247 2898 2316 placet,
2921 2244 3164 2317 quonam
3187 2249 3352 2302 modo
3386 2249 3629 2318 impera~

2041 2345 2195 2390 tores
2225 2336 2320 2404 qui
2367 2337 2657 2406 gentilium
2711 2340 3166 2408 superstitionem
3201 2339 3626 2409 proﬁtebantur,

2039 2438 2095 2485 et
2129 2444 2369 2497 quonam
2423 2429 2588 2484 modo
2608 2432 2702 2499 qui
2750 2432 3078 2496 religionem
3129 2432 3341 2488 Christi
3386 2433 3625 2503 amplexi

2039 2529 2192 2587 sunt,
2230 2523 2499 2592 regnandi
2558 2524 2724 2578 simul
2780 2539 2846 2580 ac
2882 2525 3103 2580 vivendi
3154 2526 3318 2580 ﬁnem
3361 2526 3620 2582 fecerint.

2042 2613 2240 2668 Annon
2269 2613 2436 2669 Caius
2477 2615 2659 2670 Julius
2703 2615 2907 2681 Caesar,
2941 2619 3035 2686 qui
3081 2617 3295 2687 primus
3345 2618 3624 2688 singulare

2037 2703 2330 2772 imperium
2389 2705 2652 2769 obtinuit,
2714 2722 2814 2776 per
2862 2707 3114 2760 fraudem
3188 2717 3354 2776 atque
3394 2707 3626 2762 insidias

2038 2793 2390 2859 interfectus,
2423 2811 2489 2849 ex
2517 2796 2622 2850 hac
2653 2796 2776 2850 luce
2808 2796 3099 2866 migravit?
3145 2798 3344 2853 Annon
3379 2798 3621 2852 alterum

2034 2885 2231 2940 Caium
2296 2885 2504 2940 Tiberii
2558 2895 2839 2956 nepotem,
2888 2887 3112 2957 quidam
3177 2886 3384 2943 milites
3425 2888 3625 2957 gladiis

2035 2978 2495 3032 obtruncarunt?
2518 2979 2780 3049 Nunquid
2804 2980 2951 3034 Nero
2988 2996 3018 3034 a
3048 2980 3286 3049 quodam
3315 2996 3385 3034 ex
3435 2979 3625 3035 dome-

2035 3071 2196 3126 sticis
2226 3069 2539 3126 trucidatus
2559 3071 2677 3124 est?
2715 3071 2914 3128 Annon
2936 3071 3106 3126 Galba
3137 3070 3372 3124 similem
3407 3069 3621 3124 exitum

2032 3165 2160 3220 vitae
2205 3163 2453 3218 habuit:
2494 3161 2640 3218 Otho
2694 3162 2827 3216 item
2873 3179 2936 3217 ac
2963 3163 3220 3218 Vitellius
3257 3179 3271 3215 :
3333 3161 3428 3231 qui
3483 3171 3620 3229 tres,

2031 3255 2274 3310 sedecim
2339 3253 2610 3308 duntaxat
2671 3253 2948 3308 mensium
3021 3253 3200 3322 spatio
3258 3253 3618 3321 imperarunt.

2031 3346 2218 3402 Titum
2244 3360 2472 3416 quoque
2516 3345 2910 3414 imperatorem
2968 3343 3220 3412 nunquid
3275 3342 3623 3396 Domitianus

2028 3440 2150 3510 ejus
2178 3439 2352 3495 frater
2380 3453 2596 3494 veneno
2616 3435 2933 3492 interfecit?
2963 3435 3084 3504 Ipse
3107 3450 3238 3488 vero
3274 3431 3622 3488 Domitianus

2028 3530 2282 3601 nunquid
2301 3547 2332 3584 a
2351 3529 2639 3598 Stephano
2655 3536 2903 3590 necatus,
2930 3524 3234 3581 miserabili
3253 3525 3404 3578 exitu
3430 3523 3622 3594 periit?

2029 3623 2173 3690 Quid
2196 3621 2265 3677 de
2296 3620 2602 3676 Commodo
2630 3618 2824 3674 dices?
2857 3617 3054 3672 Annon
3078 3615 3159 3669 illi
3200 3615 3363 3684 377
3391 3612 3617 3668 Narcis-

2029 3731 2126 3772 sus
2156 3714 2434 3769 violentas
2461 3728 2659 3768 manus
2705 3710 2926 3766 intulit?
2982 3709 3243 3764 Pertinax
3291 3721 3511 3776 quoque
3560 3712 3619 3759 et

2024 3808 2306 3873 Julianus,
2351 3806 2606 3875 nunquid
2640 3804 2841 3860 similia
2893 3801 3036 3872 passi
3079 3800 3248 3855 sunt?
3303 3797 3422 3853 Jam
3481 3811 3615 3851 vero

2024 3901 2338 3956 Antoninus
2362 3899 2550 3954 Severi
2581 3897 2750 3956 ﬁlius.
2776 3910 2960 3949 nonne
2981 3893 3172 3948 Getam
3193 3891 3419 3946 fratrem
3438 3889 3616 3943 inter-o

2024 3991 2176 4056 fecit,
2202 3996 2259 4045 et
2290 3989 2408 4059 ipse
2441 3997 2631 4058 postea
2670 3985 2837 4041 simili
2881 3983 3075 4038 mortis
3105 3997 3306 4054 genere
3363 3979 3616 4034 sublatus
3669 3979 3673 3986 ⁴

2023 4090 2110 4136 est
2138 4097 2169 4136 a
2196 4078 2488 4136 Martiale?
2524 4075 2666 4143 Quid
2689 4074 2987 4138 Macrinus,
3014 4087 3198 4126 nonne
3230 4073 3375 4129 circa
3400 4070 3612 4140 Byzan~

2027 4170 2163 4224 tium
2199 4167 2404 4237 captivi
2438 4166 2613 4222 instar
2629 4163 3068 4227 circumductus,
3094 4177 3124 4216 a
3177 4161 3294 4216 suis
3343 4157 3616 4212 militibus

2025 4262 2236 4316 nefarie
2262 4258 2576 4314 trucidatus
2630 4257 2751 4312 est?
2804 4253 3063 4310 Aurelius
3102 4252 3248 4307 "item
3298 4249 3615 4308 Antoninus

2021 4363 2180 4408 ortus
2208 4368 2276 4407 ex
2302 4351 2441 4408 urbe
2471 4351 2690 4414 Emesa,
2717 4363 2901 4402 nonne
2933 4362 3041 4401 una
3085 4360 3210 4400 cum
3252 4353 3430 4398 matre
3475 4356 3610 4395 cons

2021 4446 2206 4500 fossus
2257 4442 2507 4497 interiit?
2559 4443 2626 4494 Et
2677 4440 2774 4510 qui
2826 4439 2905 4493 illi
2951 4435 3220 4493 successit
3267 4433 3600 4497 Alexander,

331 4523 645 4595 πράγματα
681 4527 968 4598 περιέστη,
997 4528 1091 4582 καί
1116 4528 1210 4592 οὒς
1240 4529 1400 4592 αὐτὸς
1432 4531 1605 4584 εἵλετο
1631 4534 1917 4603 συνάρχειν

2034 4549 2209 4588 nonne
2240 4533 2408 4588 simili
2439 4531 2592 4588 exitu
2620 4546 2727 4585 una
2762 4545 2887 4585 cum
2919 4537 3094 4584 matre
3150 4527 3396 4583 interiit?
3452 4526 3595 4593 Quid

333 4618 488 4687 αύτῷ
507 4633 522 4646 ο
555 4619 614 4682 ἐξ
640 4613 714 4673 ὧν
762 4620 1076 4692 Ἑρκούλιος
1102 4621 1448 4689 Μαξιμιανὺς
1493 4621 1586 4675 καὶ
1616 4623 1916 4688 Μαξέντιος

329 4711 361 4763 ὁ
386 4709 583 4763 τούτου
617 4715 768 4778 παῖς,
799 4714 895 4766 καὶ
918 4714 1192 4776 Λικίννιος
1221 4714 1299 4777 δὲ,
1327 4715 1382 4776 ἐς
1403 4713 1606 4784 ἔσχατα
1626 4714 1918 4786 διεφθάρη·

334 4819 460 4868 σαν,
496 4805 682 4869 ὲξύτου
711 4805 769 4858 δὲ
804 4808 1214 4869 Κωνσταντῖνος
1244 4808 1271 4858 6
1327 4807 1680 4876 παναοίδιμος
1717 4824 1914 4877 παρει-

329 4895 493 4968 λήφει
549 4897 649 4968 τὴν
712 4898 907 4970 ἀρχὴν,
961 4900 1057 4953 καὶ
1103 4899 1202 4977 τὴν
1240 4899 1528 4970 ἐπώνυμον
1569 4899 1716 4970 αύτῷ
1760 4900 1915 4959 πόλιν

330 4988 664 5060 δειμάμενος
693 4990 773 5061 τῷ
804 4991 1026 5062 Χριστῷ
1055 4991 1428 5055 ἀνατέθεικεν,
1463 4990 1618 5060 ἄθρει
1638 4991 1701 5061 δή
1743 5008 1834 5060 μοι
1866 4993 1919 5045 εί

328 5096 414 5142 τις
441 5081 551 5133 τῶν
591 5084 649 5133 ὲν
675 5082 814 5151 αὐτῇ
846 5081 1132 5151 βασιλέων,
1173 5083 1464 5137 Ἰουλιανοῦ
1492 5083 1616 5155 δίχα
1642 5083 1736 5136 τοῦ
1778 5085 1920 5154 ἰερο-

330 5171 538 5238 φάντου
568 5189 662 5225 σου
691 5174 787 5226 καὶ
811 5163 1105 5245 βασιλέως,
1137 5173 1170 5246 ἢ
1213 5176 1351 5246 πρὸς
1371 5173 1479 5228 τῶν
1509 5174 1779 5246 οἰκείωνῆ
1811 5173 1920 5226 τῶν

328 5263 594 5317 ἐναντίων
621 5264 913 5336 διεφθάρη,
938 5265 971 5342 ἢ
999 5265 1135 5330 ὅλως
1173 5266 1441 5337 τύραννος
1481 5265 1749 5337 βασιλέως
1779 5282 1916 5320 κατ--

329 5353 751 5424 εδυνάστευσεν,
799 5358 833 5428 ἢ
882 5359 1043 5429 μόνον
1107 5357 1432 5413 Βασιλίσκου
1457 5359 1570 5434 (96)
1613 5359 1917 5432 ὲξώσαντος

2018 4627 2199 4683 dicam
2232 4625 2300 4680 de
2328 4623 2649 4690 Maximino,
2685 4623 2780 4693 qui
2807 4639 2837 4677 a
2859 4622 3100 4694 propriis
3135 4621 3406 4676 militibus
3453 4621 3592 4678 inte-

2015 4730 2266 4788 remptus
2299 4717 2422 4771 est?
2453 4716 2595 4783 Quid
2618 4716 2686 4771 de
2716 4715 3019 4777 Gordiano,
3062 4715 3157 4785 qui
3195 4714 3414 4769 insidiis
3467 4713 3593 4767 Phi~

2015 4813 2151 4885 lippi
2173 4827 2202 4866 a
2233 4811 2506 4866 militibus
2523 4809 2638 4864 suis
2656 4818 2889 4863 necatus
2911 4809 3168 4863 ultimum
3193 4808 3340 4861 diem
3366 4804 3598 4860 clausit?

2013 4907 2132 4962 Jam
2161 4918 2294 4959 vero
2351 4901 2639 4971 Philippus
2682 4908 2739 4955 et
2785 4899 3008 4965 Decius,
3065 4899 3156 4954 dic
3196 4897 3356 4962 mihi,
3390 4912 3594 4967 quasso,

2019 5010 2204 5050 annon
2240 4993 2310 5049 ab
2339 4991 2594 5050 hostibus
2623 4990 2903 5048 interfecti
2927 4990 3093 5046 sunt?
3124 4988 3312 5044 Gallus
3343 4997 3525 5042 autem
3545 4996 3602 5041 et

2017 5085 2356 5142 Volusianus
2409 5098 2595 5138 nonne
2631 5100 2660 5142 a
2695 5085 2812 5140 suis
2839 5083 3181 5139 exercitibus
3207 5090 3336 5137 sunt
3377 5080 3606 5135 necati?

2017 5177 2350 5236 Emilianus
2407 5190 2629 5246 quoque
2681 5191 2868 5231 nonne
2929 5175 3096 5231 simili
3153 5174 3305 5230 exitu
3362 5168 3606 5226 interiit?

2016 5267 2135 5324 Jam
2174 5264 2520 5330 Valerianus,
2559 5281 2743 5324 nonne
2774 5267 2829 5323 in
2868 5266 3056 5337 praelio
3084 5275 3298 5337 captus,
3327 5279 3356 5317 a
3417 5260 3604 5317 Persis

2016 5357 2436 5413 circumductus
2471 5355 2871 5427 cst?De-nique
2910 5357 3160 5414 Gallieno
3197 5374 3294 5429 per
3347 5352 3602 5410 fraudem

1606 5474 1845 5530 VARI/1‘:
1880 5471 2284 5533 LECTIONES.

395 5559 441 5591 ⁸⁰
467 5567 530 5623 C.
552 5566 615 5624 C.
635 5568 905 5641 Περτίναξ
934 5587 1015 5623 τε.
1093 5569 1212 5628 ⁸³0.
1241 5571 1302 5628 C.
1359 5569 1810 5641 ἐπιϐουλεύματι.

1532 5684 1802 5742 VALESII
1842 5680 2400 5740 ANNOTATIONES.

402 5773 657 5849 (96L?i
723 5777 919 5846 μόνον
974 5779 1368 5849 Bac-(ximat).
1425 5779 1484 5834 In
1532 5777 1914 5849 manuscripto
1953 5774 2146 5833 codice
2177 5773 2490 5832 Telleriano
2547 5774 2818 5846 scriptum
2875 5767 3144 5842 inveni,i}
3182 5765 3346 5837 μόνου
3379 5763 3600 5819 Baetu-

329 5845 735 5902 exomMallem
763 5857 946 5902 tamen
965 5847 1171 5915 dicere,
1204 5848 1344 5920 πλὴν
1376 5851 1540 5921 μόνου
1568 5859 1676 5906 etc.
