3960 6510
519 338 659 406 2691

1721 322 2040 385 EVAGRII
2081 320 2369 382 SCHOLA
2378 318 2572 380 STICI

508 449 824 509 interfecto,
851 450 908 499 et
938 438 1141 497 Carino
1166 437 1522 497 obtruncato,
1550 449 1736 487 rerum
1794 448 2009 487 summa
2035 430 2103 484 ad

2226 430 2458 498 ζήνωνα,
2491 427 2630 498 πρὸς
2664 418 2725 480 οὗ
2749 425 2846 479 καὶ
2891 423 3190 494 κατελύθη,
3218 425 3315 477 καί
3349 422 3450 475 τὸν
3482 418 3607 489 βίον
3625 420 3799 477 ἀπέθε-

506 540 912 599 Diocletianum
946 532 1223 605 pervenit,
1254 541 1309 585 et
1340 531 1406 583 ad
1450 544 1548 583 eos
1574 542 1714 597 quos
1738 525 2109 580 Diocletianus

507 635 750 701 collegas
792 627 1015 698 imperii
1048 625 1155 680 sibi
1184 623 1457 693 adjunxit.
1480 621 1555 674 Ex
1582 619 1791 688 quibus
1821 616 2107 671 Maximia-

512 741 617 780 nus
644 721 938 778 Herculius
956 728 1013 775 et
1042 718 1187 773 [ilius
1226 718 1348 786 ejus
1383 713 1690 769 Maxentius
1743 728 1807 767 ac
1837 711 2105 774 Licinius,

509 816 761 870 funditus
790 812 959 868 deleti
989 811 1341 865 interierunt.
1378 807 1580 860 Verum
1605 820 1671 859 ex
1701 820 1813 875 quo
1836 804 2109 859 Constan-

509 910 660 962 tinus
689 906 839 961 omni
894 902 1058 957 laude
1092 900 1452 970 dignissimus
1496 897 1789 967 imperium
1840 894 2106 964 suscepit,

509 1008 566 1053 ct
602 998 798 1053 urbem
836 995 923 1051 sui
950 994 1240 1049 nominisa
1280 1006 1337 1045 se
1358 990 1634 1044 conditam
1690 987 1914 1042 Christo
1951 984 2108 1039 dedi-

511 1093 688 1157 cavit;
728 1087 1115 1156 circumspice,
1147 1099 1355 1154 quaeso,
1390 1092 1574 1135 utrum
1604 1079 1894 1149 quisquam
1916 1090 2109 1131 eorum

516 1183 612 1251 qui
668 1182 723 1236 in
779 1196 841 1235 ea
894 1179 1118 1233 civitate
1168 1176 1535 1245 imperarunt,
1583 1180 1817 1240 excepto
1869 1170 2114 1232 Juliano,

2214 537 2295 575 το.
2333 520 2600 590 Πειθομαι
2624 518 2717 571 καὶ
2748 517 2876 587 περὶ
2907 517 3209 579 Οὐάλεντος
3236 514 3470 583 λέγοντί
3500 530 3609 576 σοι,
3628 516 3804 569 vosae-
3896 514 3897 539 ‘

2214 628 2285 665 τα
2337 609 2832 681 κατεργασαμένου
2892 609 3244 677 Χριστιανοῖς
3272 605 3460 660 κακά.
3525 604 3663 674 Περὶ
3710 605 3804 676 γὰρ

2226 704 2438 774 ἑτέρου,
2483 702 2604 755 οὐδὲ
2637 701 2702 753 σὺ
2762 699 2926 763 αὐτὸς
2973 699 3103 768 φής.
3137 695 3324 751 Ταῦτα
3383 693 3588 767 μηδεὶς
3632 693 3805 746 οἰέσθω

2216 797 2478 865 πάρεργα
2523 798 2623 865 τῆς
2671 793 2915 863 ἱστορίας
2958 791 3249 860 τυγχάνειν
3286 788 3400 857 τῆς
3434 785 3807 854 ἐκκλησιαστι-

2216 888 2341 956 κῆς,
2374 887 2518 940 πάνυ
2574 885 2673 957 μὲν
2725 883 2826 939 οὖν
2860 884 3097 956 χρειώδη
3131 882 3228 936 καὶ
3265 878 3607 941 συνεκτικὰ,
3652 879 3732 931 διὰ
3758 880 3809 932 τὸ

2213 979 2344 1040 τοὺς
2385 978 2661 1050 Ἑλλήνων
2693 977 3173 1047 ἱστοριογράφους,
3209 973 3579 1026 ἐθελοκακεῖν
3596 971 3641 1001 ⁸¹
3690 969 3809 1039 πρὸς

2215 1076 2316 1146 τὴν
2349 1071 2661 1143 ἀκρίϐειαν.
2697 1072 2898 1140 Ἴωμεν
2931 1070 2988 1122 δὲ
3018 1070 3112 1122 καὶ
3137 1067 3232 1120 ἐπὶ
3276 1067 3349 1119 τὰ
3378 1063 3693 1133 λειπόμενα
3714 1061 3806 1114 τῶν
3900 1054 3901 1073 ¹

2230 1164 2587 1219 Ἀναστασίου
2620 1163 2897 1235 πράξεων.

3674 312 3895 377 2892*

512 1242 775 1348 pontiﬁce
803 1282 899 1326 tuo
930 1280 1095 1341 atque
1128 1242 1484 1338 imperatore,
1517 1265 1600 1319 vel
1638 1280 1665 1316 ο
1699 1263 1817 1317 suis
1858 1262 2099 1324 civibus,
2134 1244 2223 1314 'vel
2244 1259 2313 1313 ab
2346 1257 2605 1311 hostibus
2664 1257 2737 1310 sit
2794 1255 3053 1310 occisus:
3091 1261 3149 1308 et
3195 1268 3266 1307 an
3304 1261 3593 1348 tyrannus
3624 1242 3808 1348 aliquis

515 1340 907 1437 imperatorem
928 1340 1171 1432 unquam
1189 1361 1556 1430 superaverit.
1586 1366 1818 1427 excepto
1837 1356 2108 1410 duntaxat
2142 1354 2425 1416 Basilisco,
2497 1350 2593 1421 qui
2632 1351 2913 1406 Zenonem
2940 1349 3177 1421 imperio
3232 1346 3499 1417 expulit:
3523 1343 3597 1397 ab
3622 1340 3807 1437 eodem

518 1431 706 1515 tamen
733 1454 953 1511 Zenone
980 1431 1171 1525 postea
1198 1450 1543 1521 proﬂigatus,
1586 1449 1752 1502 vitam
1824 1447 1985 1501 simul
2026 1460 2151 1499 cum
2194 1442 2427 1512 imperio
2477 1440 2684 1496 amisit.
2734 1442 2811 1497 De
2856 1440 3087 1496 Valente
3130 1452 3355 1509 quoque
3417 1432 3700 1490 assentior
3750 1431 3807 1484 iis
3904 1486 3905 1493 η

516 1566 639 1623 que
675 1550 894 1614 scribis,
967 1546 1171 1617 quippe
1215 1544 1311 1613 qui
1360 1542 1708 1597 Christianos
1776 1549 1856 1595 tot
1905 1556 1969 1593 ac
2016 1538 2186 1591 tantis
2226 1536 2386 1589 malis
2436 1535 2676 1589 vexavit.
2726 1534 2909 1589 Alium
2964 1532 3111 1588 enim
3168 1532 3579 1601 imperatorem
3630 1532 3809 1623 prater

516 1620 675 1716 istos,
705 1660 774 1699 ne
803 1651 857 1698 tu
886 1641 1111 1711 quidem
1138 1647 1296 1709 potes
1321 1636 1530 1691 dicere.
1576 1637 1747 1689 Porro
1799 1649 1964 1688 nemo
1993 1632 2294 1695 existimet,
2324 1631 2443 1684 ltzec
2465 1630 2535 1683 ab
2578 1630 2832 1684 instituto
2885 1627 3131 1682 historiae
3180 1623 3589 1681 ecclesiastica:
3648 1620 3806 1673 aliena

514 1758 673 1797 esse:
704 1739 836 1811 quin
867 1732 1365 1805 potiusutilissima
1411 1746 1475 1785 ac
1507 1743 1737 1800 prorsus
1771 1726 2106 1790 necessaria,
2150 1734 2445 1796 propterea
2517 1723 2664 1794 quod
2733 1721 2966 1793 gentiles
3008 1720 3253 1775 historia:
3313 1716 3632 1785 scriptorcs
3659 1728 3806 1811 accu-

524 1842 700 1887 ratam
725 1803 919 1884 rerum
967 1826 1339 1897 cognltionem
1410 1822 1479 1877 de
1554 1819 1826 1875 industria
1887 1818 2189 1875 obscurare
2228 1818 2504 1874 nituntur.
2559 1817 2762 1871 Verum
2801 1812 2870 1869 ad
2914 1812 3127 1883 reliqua
3176 1806 3463 1866 Anastasii
3512 1813 3666 1876 gesta
3706 1803 3802 1874 jam

519 1924 829 1980 redeamus.

1149 2029 1303 2085 CAP.
1341 2023 1503 2081 XLII.
1526 2082 1529 2087 .

974 2122 1049 2177 De
1076 2124 1300 2177 auraria
1341 2119 1616 2192 pensione.

584 2240 659 2294 Ea
689 2236 915 2308 quidem
939 2250 1062 2304 qua:
1085 2230 1342 2302 superius
1365 2226 1820 2291 commemoravi,
1856 2224 2115 2295 praeclare

519 2343 576 2388 et
610 2348 709 2401 pro
764 2328 1120 2398 imperatoria
1184 2326 1470 2391 majestate
1507 2321 1576 2375 ab
1625 2318 1915 2374 Anastasio
1965 2324 2116 2387 gesta

523 2433 674 2477 sunt.
707 2420 856 2475 Idem
888 2430 1067 2472 tamen
1099 2413 1310 2484 qmdam
1342 2412 1477 2483 egit,
1520 2409 1804 2480 prioribus
1856 2406 1967 2462 illis
2011 2407 2117 2461 nti-

525 2516 673 2569 nitnc
720 2508 1132 2581 respondentia.
1172 2506 1308 2561 Nam
1352 2513 1408 2558 et
1437 2501 1861 2572 cltrysoteliant,
1911 2499 1967 2554 id
2010 2508 2116 2563 est,

526 2607 645 2661 auri
677 2603 1027 2660 collationem
1047 2596 1399 2667 excogitavit,
1425 2603 1481 2649 et
1508 2594 1805 2647 militarem
1832 2600 2115 2660 sumptum

526 2697 693 2769 378
728 2693 1052 2767 gravissimo
1082 2689 1261 2761 pretio
1285 2688 1488 2742 taxavit
1511 2686 1566 2741 in
1595 2686 1859 2740 damnum
1892 2685 2117 2754 provin-

2113 2028 2117 2032 ‘
2136 2013 2184 2071 B

2785 2013 3041 2069 ΚΕΦΑΔ.
3097 2010 3233 2066 MB‘.

2602 2106 2737 2178 Περὶ
2792 2106 2907 2175 τῆς
2963 2104 3425 2175 macte/istac.

2293 2223 2374 2276 Τὰ
2398 2222 2497 2292 μὲν
2522 2220 2615 2275 οὖν
2644 2219 2967 2289 λελεγμένα,
2995 2216 3295 2287 βασιλικῶς
3328 2214 3413 2285 τῷ
3480 2215 3800 2283 Ἀναστασὲῳ

2222 2312 2576 2384 κατώρθωτο.
2614 2312 2868 2384 Πέπραχε
2917 2310 2983 2381 δὴ
3036 2310 3241 2362 τούτων
3274 2310 3375 2363 οὐκ
3416 2308 3573 2375 ἄξια,
3614 2309 3709 2378 τήν
3751 2324 3800 2358 τε

2223 2406 2570 2477 καλουμένην
2602 2402 2988 2475 χρυσοτέλειαν
3012 2401 3124 2471 (97)
3152 2404 3482 2473 ἐπινοήσας,
3510 2401 3604 2453 καὶ
3636 2402 3799 2466 ἀπεμ-

2224 2496 2466 2568 πολήσας
2484 2496 2583 2568 τὴν
2625 2495 3027 2568 στρατιωτικὴν
3070 2494 3320 2565 δαπάνην
3359 2495 3480 2564 (98)
3518 2493 3659 2547 κατὰ
3704 2492 3797 2543 τῶν

2224 2589 2493 2643 συντελῶν
2518 2590 2628 2661 (99)
2655 2591 2712 2651 ὲς
2732 2589 2793 2642 τὸ
2823 2589 3145 2660 βαρύτατον.
3204 2588 3461 2657 Περιεϊλε
3489 2586 3548 2639 δὲ
3593 2586 3681 2638 καὶ
3700 2584 3796 2651 μὴν

2222 2684 2331 2737 τῶν
2366 2685 2548 2755 φόρων
2572 2682 2838 2755 ἐσπραξιν
2878 2685 2943 2736 ἐκ
2976 2683 3085 2735 τῶν
3122 2680 3652 2753 βουλευτηρίωνϐ),
3686 2680 3795 2738 τοὺς

1826 2800 2059 2855 VARIIE
2093 2798 2504 2856 LECTIONES.

604 2904 653 2935 “
682 2902 748 2957 C.
775 2900 837 2956 C.
871 2894 1258 2952 ὲθελοκακοῦν.

1737 2982 2004 3037 VALESII
2044 2981 2605 3039 ANNOTATIONES.

605 3111 715 3185 (97)
754 3107 877 3185 Τήξῇ
922 3123 987 3159 τε
1036 3105 1442 3185 θερέω-ινιιένηη.
1474 3100 1935 3185 χρυσοτέλειςγ.
1980 3100 2119 3181 Quid

533 3170 1001 3251 εἰίχρυσοτρὶειιι,
1034 3170 1253 3227 difficile
1284 3182 1369 3251 est
1392 3172 1826 3251 divinare,rcum
1856 3170 2123 3251 Evagritts

533 3241 942 3309 nostérnudunt
964 3260 1161 3299 nomen
1193 3244 1442 3313 posuisse
1463 3250 1783 3313 contentus,
1806 3256 1919 3313 rem
1948 3241 2121 3309 ipsam

532 3335 807 3392 exponere
843 3310 1241 3392 Stt_pcrsedcrit,_
1293 3328 1395 3392 nec
1447 3313 1609 3392 atius.
1644 3312 1788 3392 quod
1823 3310 2014 3392 sciam,
2052 3327 2119 3364 ex

536 3382 781 3460 antiquis
809 3382 1195 3454 scriptoribus,
1228 3385 1393 3460 hujus
1421 3382 1497 3435 rei
1530 3382 1726 3460 fecerit
1757 3384 2117 3435 mentionem.

536 3464 651 3532 Ego
675 3451 827 3520 vero,
849 3451 1113 3532 quantum
1138 3451 1454 3532 conjeetura
1476 3451 1694 3532 assequi
1722 3466 1964 3519 possum,
1989 3468 2122 3520 χρυ-

542 3522 819 3584 σότέλειαν
848 3522 981 3579 nihil
1020 3523 1168 3578 aliud
1212 3522 1379 3577 fuisse
1410 3522 1666 3575 existimo
1693 3536 1858 3589 quam
1898 3532 2122 3589 praesta-

539 3603 745 3657 tionem
772 3598 912 3654 auri.
956 3594 1102 3663 quod
1140 3610 1239 3663 pro
1268 3592 1585 3663 tributaria
1611 3590 1889 3663 iunctione
1926 3606 1956 3643 a
1992 3605 2120 3663 pro-

536 3669 870 3724 vincialibus
950 3661 1093 3733 exigi
1142 3661 1390 3732 ‘primus
1460 3661 1699 3733 instituit
1734 3731 1742 3733 Α
1776 3661 2118 3733 Anastasius.

538 3741 765 3794 Veteres
795 3736 940 3790 enim
982 3731 1210 3788 Remani
1270 3733 1472 3786 tributa
1527 3731 1580 3784 in
1645 3731 1779 3800 ipsis
1829 3731 2123 3800 speciebus

538 3810 745 3863 inferre
771 3813 1197 3866 consueverant,
1239 3812 1369 3873 puta
1402 3803 1454 3855 in
1491 3801 1958 3873 tritico,hordeo,
1989 3802 2119 3873 vino

539 3890 596 3935 et
632 3880 789 3933 oleo:
824 3891 888 3929 ex
947 3874 1149 3943 quibus
1194 3871 1253 3926 in
1312 3872 1507 3926 horrea
1564 3871 1781 3994 ﬁubliea
1817 3871 2119 3937 convectis,

539 3964 754 3994 summm
792 3945 1046 3994 militaris
1080 3952 1135 3994 et
1164 3945 1339 3994 civica
1399 3957 1560 3994 eroaa
1606 3952 1750 3994 atur.
1804 3941 2119 3994 Quinetiam

538 3964 756 4003 annona
792 3941 1046 3999 militaris
1080 3952 1135 3996 et
1164 3945 1339 3997 civica
1399 3941 1750 4010 erogabatur.
1804 3941 2119 4007 Quinetiam

542 4020 935 4088 imperatorum
996 4013 1377 4067 sanctionibus
1437 4011 1839 4088 vetitttm‘erat
1900 4025 1966 4063 ne
2006 4027 2121 4088 pro

540 4080 1144 4157 speciebusexactores
1175 4098 1368 4157 aurum
1394 4098 1422 4135 a
1462 4081 1894 4157 provincialibus
1928 4080 2121 4157 exige:

543 4150 687 4221 rent,
721 4166 780 4210 ut
798 4155 985 4209 videre
1006 4162 1089 4206 est
1111 4154 1163 4205 in
1188 4154 1304 4222 lege
1330 4154 1364 4205 4
1383 4161 1438 4205 et
1463 4152 1494 4205 5
1519 4150 2118 4222 Codicis'l‘lteodosiaui

546 4228 761 4281 Tributa
802 4228 856 4277 in
886 4226 1012 4293 ipsis
1061 4220 1325 4293 speciebus
1359 4222 1574 4293 inferri.
1609 4220 1932 4293 Anastasius
1989 4237 2120 4275 vero

546 4292 1041 4365 primusinstituit,
1081 4292 1141 4346 ut
1191 4292 1613 4365 prqspeciebus
1643 4292 1875 4365 pecunia
1931 4306 1964 4365 a
1988 4304 2121 4360 pro-

546 4360 873 4419 vincialibus
895 4360 1229 4433 exigeretur.
1266 4362 1322 4415 Id
1355 4372 1539 4415 autem
1579 4360 1799 4433 colligo.
1828 4360 2025 4429 partim
2056 4376 2120 4433 ex

549 4435 818 4489 vocabulo
886 4431 1005 4502 ipso
1034 4433 1406 4502 χρυσοτέλεια.
1460 4447 1570 4500 quo
1612 4431 1959 4502 signiﬁcatur
2001 4431 2120 4502 auri

546 4505 768 4559 collatio
807 4500 1178 4572 pro‘lributo;
1204 4504 1401 4572 partim
1452 4518 1517 4572 ex
1563 4516 1629 4572 eo
1668 4500 1814 4569 quod
1862 4500 2124 4572 Evagrius

548 4584 660 4629 toto
684 4575 787 4628 hoc
808 4570 998 4641 capite
1032 4572 1099 4626 de
1130 4570 1417 4627 tributaria
1446 4570 1732 4625 iunctione
1773 4570 2038 4641 loquitur,
2063 4580 2124 4625 ut

546 4654 732 4715 postea
761 4643 1094 4715 videbimus.

619 4717 728 4785 (98)
758 4714 1218 4781 Ἀπεμπολήσας
1235 4714 1365 4785 ,τὴν
1380 4712 1781 4785 στρατίωικὴν
1805 4712 2119 4785 δαπάνην.

548 4781 914 4857 lluncloemn
941 4791 1089 4837 recte
1110 4782 1530 4857 vertitJoannes
1563 4781 1909 4857 [.angusltoc
1936 4782 2118 4836 modo:
2156 4784 2198 4837 ι)
2230 4784 2321 4857 Sic
2354 4794 2535 4857 autem
2558 4784 2818 4839 dicuntur
2847 4781 3214 4855 provinciales
3243 4788 3335 4857 qui
3372 4787 3577 4841 tributa

545 4856 613 4908 Et
654 4854 870 4924 populos
903 4870 1024 4906 suos
1052 4851 1330 4922 vectigales
1355 4852 1555 4924 bsilicis
1581 4854 1831 4921 impensis
1862 4869 1955 4924 per
1979 4869 2118 4905 nun-

544 4922 869 4977 dinationem
901 4924 1174 4976 divenditis
1200 4939 1361 4992 supra
1386 4922 1597 4975 modum
1621 4922 1880 4991 gravavit.
1900 4922 2122 4977 Museu—

548 4995 633 5046 lus
666 5010 796 5048 vero
828 4995 1259 5061 interpretatur:
1293 4993 1363 5046 ιιι
1387 4993 1644 5045 utilitates
1670 5002 1910 5062 sumptus
1938 5010 2123 5046 onero-

544 5065 744 5116 sissime
805 5073 987 5116 contra
1038 5073 1310 5116 consuetas
1363 5063 1768 5116 contributiones
1815 5063 2119 5117 divendidit.

545 5133 1079 5201 Cltristophorsonus
1128 5144 1309 5187 autem
1360 5134 1608 5187 omnium
1666 5135 1900 5201 pessime
1958 5136 2124 5189 vertit

546 5203 652 5257 hoc
685 5204 879 5256 modo:
924 5204 990 5256 Et
1054 5203 1315 5273 stipendia
1360 5203 1640 5269 militaria,
1678 5220 1783 5256 una
1831 5220 1948 5257 eum
1996 5220 2125 5258 exa-

549 5274 826 5333 ctionibus,
860 5290 959 5326 non
996 5275 1108 5326 sine
1141 5275 1450 5343 gravissimo
1487 5274 2122 5343 reipublicwﬁetritnento

544 5345 852 5397 divendidit.
896 5344 1002 5398 Sed
1039 5360 1138 5415 nos
1169 5352 1363 5415 utrem
1394 5345 1565 5413 ipsam
1601 5344 1820 5415 penitus
1844 5345 2118 5415 intelliga-

548 5430 687 5478 mus,
754 5416 966 5483 singula
1026 5414 1192 5468 verba
1248 5414 1540 5483 diligenter
1583 5413 1977 5483 expendemus.
2030 5413 2122 5469 Ait

549 5484 715 5551 igitur
788 5486 1051 5551 Evagrius
1117 5486 1211 5537 καὶ
1276 5483 1690 5552 ἀπεμπολήσας.
1762 5483 1817 5535 Id
1891 5485 2120 5539 verbum

547 5552 736 5608 Latine
768 5554 1037 5623 signiﬁcat
1076 5570 1203 5608 eum
1263 5554 1356 5623 qui
1390 5554 1655 5607 vendidit.
1718 5552 1916 5607 Suidas
1953 5557 2119 5609 etiam

548 5624 805 5678 observat
826 5624 1229 5678 fraudulentam
1267 5624 1639 5678 venditionem
1664 5639 1731 5675 eo
1755 5624 1925 5676 verbo
1959 5626 2122 5678 intel-

548 5693 901 5763 ligi.Duplici
939 5704 1121 5748 autem
1174 5695 1336 5749 modo
1390 5695 1504 5747 lure
1566 5692 1816 5746 militaris
1866 5704 2121 5762 sumptus

550 5764 793 5820 venditio
827 5766 1051 5835 intelligi
1078 5774 1276 5834 potest.
1300 5766 1432 5818 Nam
1461 5774 1554 5819 aut
1594 5763 1916 5817 Anastasius
1971 5766 2119 5819 mili-

2230 3110 2402 3155 tarem
2433 3108 2714 3169 sumptum
2751 3098 2955 3151 locavit
2982 3098 3314 3167 publicanis,
3337 3100 3789 3169 quemadmodum

2231 3186 2391 3240 reges
2421 3168 2812 3240 nostriifacere
2831 3169 3032 3229 solent,
3053 3169 3181 3240 qui
3204 3168 3440 3224 annona:
3463 3172 3713 3224 militaris
3736 3186 3791 3240 ac.

2229 3236 2462 3294 vestium
2487 3239 2874 3309 prtebitionem
2902 3248 2959 3309 et
2991 3236 3099 3293 alia
3133 3239 3186 3293 id
3210 3256 3406 3308 genus,
3442 3241 3627 3295 locare
3663 3236 3788 3293 soliti

2229 3320 2358 3364 sunt
2396 3308 2705 3381 publicanis
2730 3324 2795 3363 ac
2819 3308 3285 3381 redemptoribus.
3314 3310 3425 3364 Aut
3444 3311 3687 3365 venditio
3716 3309 3790 3363 illa

2230 3381 2366 3434 nihil
2398 3379 2548 3434 aliud
2583 3379 2689 3433 fuit
2728 3396 2893 3448 quam
2929 3380 3222 3433 adseratio:
3252 3384 3324 3434 ita
3383 3391 3449 3436 ut
3494 3382 3789 3436 Anastasius

2228 3451 2527 3505 militarem
2586 3459 2904 3518 sumptum,
2954 3459 3134 3504 vestes
3191 3451 3443 3515 scilicet,
3501 3468 3687 3511 arma,
3737 3464 3790 3502 ac

2229 3522 2426 3590 pabula
2481 3536 2603 3590 quae
2658 3536 2688 3573 a
2746 3520 3181 3589 provincialibus
3234 3522 3477 3576 conl‘erri
3536 3520 3787 3575 solebant.

2267 3591 2556 3645 ravissimo
2584 3590 2762 3659 pretio
2812 3590 3112 3655 latraverit;
3163 3607 3284 3660 quae
3340 3608 3428 3646 res
3477 3591 3696 3647 cedebat
3741 3590 3785 3641 in

2267 3609 2556 3645 ravissnno
2584 3609 2762 3659 ιιι-ειιο
2812 3609 3112 3655 latraverit;
3163 3609 3284 3660 qua:
3340 3609 3428 3646 res
3477 3609 3696 3647 ceaeuat
3741 3609 3785 3641 ιιι

2228 3609 2491 3715 ﬁamnum
2550 3660 2999 3730 provincialium,
3059 3661 3153 3729 qtti
3188 3677 3286 3729 pro
3336 3663 3629 3730 speciebus
3678 3660 3789 3727 ipsis

2230 3679 2491 3715 aamnum
2550 3679 2999 3730 provmcmllum,
3059 3679 3153 3729 qm
3188 3679 3286 3729 pro
3336 3679 3359 3715 ς
3434 3679 3629 3717 etenus
3678 3679 3786 3727 ipsis

2228 3732 2468 3799 pretium
2493 3730 2735 3802 pendere
2772 3732 3130 3802 cogebantur.
3160 3730 3339 3800 Atque
3360 3679 3513 3787 εἷ)ηο
3538 3732 3786 3802 posterio-

2229 3818 2343 3855 rem
2377 3817 2597 3856 sensum
2625 3800 2680 3853 in
2722 3801 3178 3871 interpretatione
3230 3817 3348 3856 mea
3402 3800 3627 3857 secutus
3662 3815 3782 3853 sunt.

2228 3872 2332 3927 Per
2367 3871 2769 3942 στρατιωτικὴν
2796 3881 2980 3925 autem
3022 3871 3290 3938 δαπάνην,
3345 3872 3605 3941 intelligit
3666 3872 3786 3942 Eta-

2269 3942 2385 3996 rius
2439 3938 2562 3994 'non
2628 3938 2808 3995 solum
2860 3942 3135 4011 stipendia
3160 3942 3419 4007 militum,
3492 3938 3550 3997 ut
3603 3938 3783 4011 putavit

2269 3958 2385 3996 rtus
2451 3958 2562 3994 non
2628 3958 2808 3995 somm
2860 3958 3135 4011 supenata
3160 3958 3419 4007 mllltum,
3492 3958 3550 3997 ut
3603 3958 3780 4011 pmavu

2227 3958 2791 4080 Ehristophorsonus;
2818 4012 2914 4067 sed
2942 4028 3161 4066 onmem
3187 4012 3481 4067 militarem
3508 4022 3780 4081 sumptum.

2228 4091 2438 4137 vestem
2496 4081 2707 4135 scilicet
2742 4097 2912 4145 arma,
2948 4092 3003 4136 et
3045 4083 3269 4137 cibaria.
3308 4081 3496 4139 Utitur
3526 4084 3625 4138 hac
3669 4095 3782 4133 voce

2228 4153 2430 4222 saepius
2472 4152 2817 4207 Justinianus
2874 4153 2928 4206 in
2982 4154 3162 4207 edicto
3204 4154 3418 4207 decimo
3469 4153 3649 4216 tertio,
3701 4149 3778 4222 ubi

2228 4221 2394 4277 etiam
2456 4222 2701 4294 δαπάνας
2732 4232 2814 4294 οιΑ
2852 4224 3095 4294 σιτήσεις
3158 4224 3466 4294 distinguit.
3523 4225 3589 4278 Et
3647 4221 3779 4294 σιτῇ-

2232 4309 2344 4356 σεις
2368 4293 2590 4363 quidem
2611 4292 2774 4347 docet
2796 4292 2963 4347 fuisse
2989 4310 3235 4349 annonas
3268 4291 3547 4364 et'capita
3598 4308 3710 4364 quae
3733 4291 3778 4343 in

2229 4379 2367 4418 auro
2436 4364 2790 4418 solvebantur
2854 4365 3288 4434 magistratibus.
3352 4366 3599 4419 Δαπάναι
3668 4374 3778 4414 vero

2231 4434 2538 4503 cujusmodi
2570 4434 2794 4504 fuerint,
2824 4450 2934 4487 non
2955 4435 3190 4504 explicat
3214 4454 3229 4498 ;
3254 4438 3348 4489 sed
3382 4444 3593 4489 tantum
3613 4445 3777 4504 earum

2232 4501 2340 4571 quo
2385 4521 2451 4557 ue
2471 4503 2644 4573 pretia
2673 4520 2702 4556 a
2725 4501 3159 4572 provincialibus
3174 4514 3364 4561 exacta
3396 4504 3569 4561 fuisse
3601 4501 3774 4561 innuit,

2232 4574 2323 4626 ubi
2345 4521 2613 4627 (induitur
2634 4574 2700 4627 de
2721 4573 2860 4627 duce
2889 4574 3091 4627 Libvse.

2232 4574 2323 4626 ubi
2367 4573 2613 4645 loquitur
2634 4574 2704 4645 de
2721 4573 2860 4628 duce
2889 4574 3091 4645 Libyae.

2303 4646 2415 4714 (99)
2450 4644 2606 4697 Κατὰ
2636 4642 2753 4714 τῶν
2781 4641 3118 4703 συντελῶν.
3153 4645 3298 4712 Quid
3323 4658 3512 4702 essent
3537 4641 3775 4700 συντελεῖς

2232 4712 2512 4769 Musculus
2540 4722 2595 4767 et
2631 4712 3172 4785 ChristOphorsonus
3221 4733 3330 4771 non
3388 4718 3772 4772 intellexerunt.

2232 4784 2321 4835 Sic
2354 4794 2535 4835 autem
2558 4784 2818 4835 dicuntur
2847 4786 3214 4835 urovineiales
3243 4788 3335 4835 niti
3372 4787 3577 4835 tributa
3596 4782 3771 4835 nonde-

3660 4796 3771 4836 ηαεο

2230 4800 2321 4839 διο
2354 4800 2535 4840 autem
2558 4800 2818 4839 (llCllnllll'
2847 4800 3214 4855 provmetales
3243 4803 3335 4857 qut
3372 4800 3577 4841 tributa
3596 4800 3771 4855 penac-

2230 4855 2404 4927 bant.”
2449 4852 2655 4927 Glossaa
2718 4864 2937 4927 veteres
2991 4857 3374 4927 συντελεστὴς,
3448 4857 3772 4927 tributarius;

2231 4925 2514 4997 συντέλεια
2546 4926 2608 4997 eo
2634 4926 2935 4995 ἐπίταγμα,
2990 4928 3263 4982 tributum.
3305 4921 3397 4983 hic
3443 4926 3705 4997 Evagrius
3727 4921 3769 4971 in

2228 4996 2406 5059 lib.,v,
2436 5011 2486 5049 c.
2534 4996 2621 5059 i5,
2660 4997 2785 5066 τοὺς
2828 4993 3214 5066 συντελοῦντας
3260 5008 3419 5053 vocat
3478 4993 3768 5066 triliutariqs.

2303 5067 2378 5136 (l)
2424 5066 2688 5133 Ιιεριεῑλε
2717 5065 2831 5131 τὴν
2856 5065 2975 5119 τῶν
2998 5067 3203 5136 φόρων
3238 5068 3561 5137 εῑσπραξιν
3586 5069 3643 5119 ἐκ
3678 5065 3772 5113 τῶν

2225 5137 2699 5203 βουλευτηρίων.
2739 5137 2889 5191 Inter
2916 5153 3083 5192 onera
3115 5139 3498 5201 decurionum,
3549 5152 3648 5191 non
3688 5145 3768 5201 p0-

2230 5218 2497 5261 stremum
2519 5206 2624 5261 fuit
2646 5207 2979 5262 tributorum
3003 5208 3235 5262 exactio.
3263 5207 3770 5274 Hienimexcorpore

2230 5293 2330 5332 suo
2357 5278 2619 5349 creabant
2650 5285 2998 5349 susceptores
3013 5294 3378 5343 annonarutn,
3403 5288 3459 5333 et
3484 5276 3770 5349 prarpositos

2233 5348 2579 5419 mansionum
2602 5357 2767 5419 atque
2802 5342 3152 5419 horreorum,
3196 5358 3258 5402 ut
3308 5359 3461 5418 patet
3484 5342 3566 5403 'ex
3596 5342 3767 5419 'deige

2230 5416 2617 5472 Tlteodosiano
2647 5412 2701 5473 in
2738 5418 2899 5473 titulo
2939 5418 3015 5471 De
3043 5412 3431 5480 decurionibus.
3458 5430 3512 5474 et
3546 5420 3596 5472 in
3624 5412 3767 5467 titulis

2230 5488 2305 5559 De
2335 5489 2741 5559 susceptoribus.
2796 5489 2950 5554 Quod
2986 5499 3167 5543 tamen
3218 5504 3328 5543 non
3378 5490 3453 5543 ita
3504 5486 3768 5559 intelligeti-

2229 5558 2360 5611 dum
2423 5551 2539 5617 est.
2596 5559 2751 5628 quasi
2802 5551 2904 5613 s'oli
2963 5559 3294 5614 decuriones
3350 5560 3553 5613 tributa
3599 5551 3763 5628 ﬁsealia

2228 5631 2535 5700 exegerint.
2570 5626 2704 5700 Nam
2732 5638 2785 5682 et
2820 5629 3079 5684 oﬂiciales
3129 5629 3370 5700 praefecti
3424 5628 3683 5700 prmtorio.
3722 5626 3767 5672 εί

2229 5699 2492 5753 olliciales
2513 5699 2827 5782 praesidum,
2857 5700 3059 5782 tributa
3081 5716 3110 5754 a
3129 5696 3565 5782 provincialibus
3585 5696 3763 5782 cxigtg'f

2229 5779 2658 5836 consueverant,
2690 5781 2748 5825 ut
2777 5769 2937 5826 docet
2964 5769 3288 5827 Ammianus
3331 5770 3677 5827 Marcellinus,
3716 5771 3760 5813 ιη
