4048 6504
330 385 474 450 2697

1187 387 1574 450 I-IISTORLE
1615 389 2212 452 ECCLESIASTICE
2256 393 2489 456 LIBER
2531 395 2646 458 III.

3478 402 3618 466 2698

336 503 448 557 ὑπὸ
475 501 725 573 σιιδμῶν
757 499 1010 566 ἐξαισίων
1041 500 1146 556 ἀνὰ
1199 505 1312 566 τοῖς
1346 503 1532 568 αὐτοῖς
1584 505 1800 576 χρόνοις
1830 505 1926 559 καὶ

2035 517 2138 572 tus,
2168 494 2360 580 quiete
2394 525 2454 566 se
2497 509 2794 565 continuit.
2832 510 2950 566 Alia
2983 522 3250 581 praeterea
3287 512 3616 568 Hunnorum

337 599 370 666 ἡ
411 596 616 659 Ῥόδος.
641 595 828 666 τριτον
851 596 1031 648 ἐκεῖνο
1055 595 1250 660 πάθος,
1275 597 1417 668 ἀωρὶ
1431 597 1542 650 τῶν
1575 599 1813 654 νυκτῶν.

2029 617 2166 672 gens
2226 603 2454 674 Caspias
2505 615 2693 675 portas
2757 613 3119 676 transgressa,
3188 607 3245 662 in
3308 607 3622 678 provincias

340 689 558 760 imperii
608 688 841 744 Romani
890 688 1266 744 incursionem
1299 688 1452 744 fecit.
1527 690 1636 748 Per
1671 689 1818 744 idem
1875 700 2093 764 tempus
2120 695 2290 765 380
2327 695 2560 753 Rhodus
2593 706 2755 752 nocte
2798 698 3156 768 intempesta,
3218 701 3427 772 ingenti
3458 708 3620 756 terra.

338 791 490 837 motu
507 780 621 854 jam
645 782 870 837 tertium
903 797 1171 837 concussa
1207 791 1312 836 est.

918 916 1170 969 ΚΕΦΑΛ.
1203 917 1253 969 Μ
1266 917 1335 970 Δ’.

351 1010 446 1077 Ὠς
506 1006 906 1072 Ἀναστάσιος
963 1005 1163 1077 ἑνίτῷ
1222 1008 1506 1076 τρισαγίῳ
1548 1007 1718 1076 ὕμνῳ
1767 1009 1855 1067 τὸ.
1898 1013 1930 1062 ό

411 1076 786 1146 σταυρωθεὶς
835 1077 908 1131 δι’
952 1076 1132 1146 ἡμᾶς,
1167 1078 1498 1144 ,βουληθεὶς
1552 1082 1925 1146 προσθείναι,

405 1152 629 1214 στάσις
663 1150 735 1202 ἐν
765 1147 843 1214 τῷ
873 1148 1041 1217 δήμῳ
1066 1147 1163 1202 καὶ
1190 1148 1417 1217 ταραχὴ
1451 1148 1732 1219 γέγονεν·
1780 1151 1927 1215 ὅπερ

406 1221 710 1292 φυσηθεὶς,
774 1219 1251 1292 ὑποκρινάμενος
1302 1222 1704 1292 ταπείνωσιν,
1775 1221 1926 1292 ταχὺ

407 1288 517 1356 τὰς
551 1292 787 1360 γνώμας
819 1291 921 1343 τοῦ
959 1288 1152 1352 δήμου
1173 1290 1488 1357 μετὲὄαλε.
1515 1290 1620 1344 Καὶ
1660 1291 1792 1358 περὶ
1823 1291 1926 1343 τοῦ

411 1363 678 1418 θανάτου
722 1364 1150 1415 Ἀναστασιύυ.

421 1475 552 1528 Ἀνὰ
584 1474 640 1526 δὲ
671 1473 731 1525 τὸ
763 1472 1078 1536 Βυζάντιον.
1127 1471 1451 1544 προσθήκην
1504 1472 1604 1527 τοῦ
1659 1472 1925 1546 βασιλέως

334 1568 393 1619 ὲν
427 1565 506 1636 τῷ
556 1565 840 1636 Τρισαγὶῳ
870 1564 948 1634 (n)
1000 1563 1360 1634 βουληθέντος
1397 1565 1729 1633 ποιήσασθαι
1780 1565 1858 1629 τὸ,
1897 1566 1925 1618 ὁ

332 1657 679 1727 σταυρωθεὶς
705 1657 772 1707 δι’
820 1655 988 1725 ἡμᾶς,
1034 1656 1266 1726 μεγίστη
1324 1655 1512 1720 etaim;
1547 1656 1793 1724 γέγονεν,
1849 1657 1924 1719 ὡς

330 1750 401 1801 τὰ
435 1748 670 1818 μάλιστα
687 1747 784 1816 τῆς
821 1747 1156 1818 Χριστιανῆς
1185 1747 1484 1818 θρησκείας
1515 1747 1885 1820 ἀθετουμένης
1905 1765 1918 1777 ·

2628 924 2780 980 CAP.
2825 924 3014 980 XLIV.

2027 1011 2301 1087 Quomodo
2355 1016 2539 1084 ingens
2585 1018 2770 1070 seditio
2809 1019 2862 1071 in
2893 1024 3086 1087 papula
3129 1022 3358 1075 excitata
3382 1024 3470 1084 sit.
3498 1041 3614 1078 cum

2094 1083 2516 1158 Anastasiuslin
2565 1091 2758 1157 hymno
2797 1083 3032 1158 Trisagio
3089 1092 3186 1146 has
3214 1107 3362 1146 voces
3418 1095 3618 1148 addere

2097 1154 2525 1222 uoluisset:Qui
2583 1154 2872 1227 crucifixus
2946 1154 2997 1213 es
3063 1177 3157 1229 pro
3221 1163 3389 1216 nobis.
3467 1163 3620 1228 Quod

2100 1237 2339 1282 metuens
2409 1229 2746 1292 Anastasius,
2813 1230 3154 1284 simulatione
3216 1249 3362 1295 usus,
3436 1239 3617 1290 statim

2100 1296 2264 1375 plebis
2291 1299 2496 1375 animos
2539 1303 2897 1355 commutavit.
2935 1301 3069 1357 Item
3097 1303 3160 1355 de
3186 1303 3328 1358 obitu
3377 1305 3613 1375 ejusdem

2096 1367 2394 1424 Anastasii.

2095 1477 2576 1551 Constantinopoli
2605 1497 2758 1547 vero,
2796 1498 2922 1538 eum
2986 1484 3288 1554 imperator
3323 1486 3376 1542 in
3416 1488 3618 1559 hymno

2025 1568 2275 1640 Trisagio
2302 1571 2402 1626 has
2454 1587 2622 1628 voces
2673 1574 2914 1646 adjicere
2963 1576 3266 1632 voluisset:
3300 1577 3402 1644 Qui
3433 1581 3616 1634 cruci-

2034 1659 2181 1716 ﬁxus
2211 1677 2272 1717 es
2306 1679 2408 1734 pro
2437 1664 2600 1720 nobis
2627 1683 2639 1718 :
2665 1666 2988 1737 gravissima
3025 1668 3226 1726 seditio
3274 1680 3466 1726 exorta
3511 1682 3615 1731 est.

2032 1751 2265 1823 perinde
2291 1755 2448 1824 quasi
2482 1754 2798 1812 Christiana
2825 1757 3020 1830 religio
3050 1759 3300 1816 funditus
3340 1769 3618 1817 evertere-

327 1836 399 1913 ἧς
428 1841 676 1912 ἀρχηγὸν
697 1842 792 1894 καὶ
814 1841 1130 1910 προστάτην
1153 1840 1410 1908 γενέσθαι
1445 1841 1537 1894 τὸν
1567 1841 1921 1906 Μακεδόνων,

2035 1853 2141 1898 tur.
2165 1843 2339 1917 Hujus
2411 1847 2702 1904 seditionis
2749 1849 3059 1921 principem
3119 1860 3282 1922 atque
3335 1864 3616 1908 auctorem

328 1935 434 1988 καὶ
474 1935 566 1987 τὸν
588 1935 678 1988 ὑπ’
726 1933 889 1987 αὐτὸν
930 1933 1152 2005 κλῆρον,
1205 1933 1444 2004 Σευῆρὸς
1472 1949 1605 2004 φησι
1647 1937 1782 2004 πρδς
1815 1936 1928 1988 Σω-

324 2028 398 2096 τή
408 2043 564 2098 ριχον
581 2026 812 2096 γράφων
829 2024 1088 2094 (8),οΰπω
1109 2027 1206 2096 μὲν
1227 2025 1503 2096 ἱερατικοῦ
1516 2026 1831 2097 τετυχηκὼς
1852 2031 1925 2099 (ο)

325 2114 555 2185 Θρόνου,
616 2117 707 2167 ἐπὶ
771 2115 830 2168 δὲ
888 2116 984 2185 τῆς
1051 2116 1332 2186 βασιλείας
1389 2116 1464 2186 (9)
1545 2115 1925 2188 διαιτώμενος,

325 2206 462 2260 οὔτε
510 2206 604 2260 τοῦ
633 2208 755 2260 κατ’
788 2207 950 2260 αὑτὸν
977 2208 1111 2276 (10),
1142 2206 1216 2270 ὣς
1251 2225 1340 2276 μοι
1368 2207 1643 2272 λέλεκται,
1676 2211 1774 2262 σὺν
1807 2209 1928 2262 ἐτέ-

328 2317 454 2371 ροις
484 2301 744 2371 ἀπηλάθη
787 2302 1152 2372 μοναστηρίου
1173 2317 1188 2330 ·
1217 2302 1351 2373 πρὸς
1381 2303 1496 2366 τοῖς
1531 2301 1792 2372 λεχθεῖσι,
1831 2302 1927 2356 καὶ

327 2396 394 2446 ἐκ
427 2393 636 2447 τούτων
667 2391 820 2463 οἶμαι
849 2395 957 2447 τῶν
982 2394 1245 2447 διαϐολῶν
1275 2395 1367 2447 τὸν
1399 2395 1735 2449 Μακεδόνιον
1763 2396 1922 2448 ἐκϐε-

319 2488 593 2557 βλῆσθαι.
643 2487 926 2540 Ἐντεῦθεν
952 2487 1234 2541 ἀκάθεκτα
1259 2488 1352 2541 τοῦ
1385 2488 1560 2558 δήμου
1593 2488 1922 2560 φερομένου,

330 2578 386 2630 οἵ
415 2595 475 2630 τε
512 2580 572 2630 ἐν
595 2576 815 2643 ἀξιώσει
846 2577 1125 2642 τελοῦντες
1156 2580 1284 2650 περὶ
1323 2580 1432 2632 τῶν
1457 2580 1705 2650 ἐσχάτων
1744 2597 1926 2633 κεκιν-

331 2673 654 2738 δυνεύκασι,
706 2673 803 2726 καὶ
852 2671 1039 2726 πολλοὶ
1091 2673 1201 2726 τῶν
1244 2674 1533 2756 ᾴπισήμων
1573 2673 1918 2745 ἐφλὲχθησαν

2027 1934 2610 1996 luisse.lilacedonium
2638 1949 2693 1995 et
2718 1942 2928 1996 elerum
2964 1941 3118 1997 urbis
3150 1941 3616 2016 Constantinopo-

2029 2031 2248 2097 litanae,
2288 2030 2484 2086 scribit
2544 2031 2782 2088 Severus
2822 2033 2878 2088 in
2925 2034 3161 2104 epistola
3188 2035 3253 2089 ad
3284 2035 3613 2091 Sotericum.

2030 2123 2203 2189 Quam
2245 2123 2469 2194 quidem
2517 2125 2809 2196 epistolam
2873 2127 3116 2198 scripsit,
3185 2143 3308 2183 cum
3369 2129 3613 2184 nondum

2029 2218 2410 2288 episcopatum
2457 2218 2692 2290 adeptus
2733 2227 2900 2286 esset,
2925 2218 3020 2274 sed
3062 2220 3116 2275 in
3144 2220 3282 2276 urbe
3311 2221 3479 2290 Regia
3517 2221 3611 2275 ad-

2031 2308 2140 2363 buc
2175 2319 2507 2375 moraretur;
2535 2327 2604 2366 eo
2633 2311 2848 2366 scilicet
2894 2319 3169 2382 tempore,
3190 2327 3299 2382 quo
3332 2328 3442 2367 una
3489 2329 3617 2372 cum

2029 2398 2152 2453 aliis
2180 2400 2454 2468 pluribus,
2488 2409 2548 2455 ut
2571 2416 2738 2471 supra
2775 2401 3088 2466 retulimus,
3112 2417 3179 2456 ex
3212 2418 3313 2456 suo
3338 2411 3616 2458 monaste-

2027 2490 2113 2544 rio
2144 2491 2356 2560 ejectus
2384 2502 2489 2547 est.
2519 2491 2602 2548 Ob
2650 2492 2793 2547 hanc
2849 2500 3031 2547 autem
3065 2492 3417 2554 calumniam,
3470 2508 3616 2563 pra:-

2029 2591 2113 2638 tcr
2144 2585 2279 2639 alias
2298 2601 2492 2640 causas
2541 2601 2682 2654 quas
2705 2594 2862 2639 antea
2885 2586 3332 2649 commemoravi,
3364 2585 3617 2640 Macedo-

2029 2677 2180 2730 nium
2236 2676 2365 2732 sede
2431 2692 2528 2731 sua
2576 2677 2866 2746 eXpulsum
2920 2677 3091 2731 fuisse
3142 2678 3417 2731 existimo.
3466 2676 3615 2731 llanc

1550 2829 1826 2885 VALESII
1869 2827 2434 2888 ANNOTATIONES.

338 2931 451 2985 dro
479 2929 770 2984 Macedone
798 2929 927 2982 olim
964 2928 1206 2982 munitas
1242 2927 1411 2980 fuisse
1471 2936 1724 2982 testatur.
1770 2927 1924 2981 Unde

340 3003 523 3055 lucem
561 3001 758 3068 accipit
784 3001 939 3052 locus
971 2998 1285 3068 llierouymi
1323 2999 1374 3050 in
1408 2999 1699 3067 Epitaphio
1731 2997 1930 3050 Fabio-

339 3072 406 3126 Le
435 3073 530 3142 qui
558 3073 636 3125 sic
677 3069 869 3124 habet:
907 3068 1038 3142 Ecce
1057 3070 1224 3142 subito
1258 3069 1673 3142 discurrentibus
1700 3069 1928 3142 nuntiis,

339 3135 529 3197 Oriens
589 3151 725 3194 totus
776 3141 1098 3193 intremuit:
1137 3140 1200 3192 ab
1261 3139 1448 3192 ultima
1497 3139 1738 3192 Ma'otide
1794 3135 1933 3192 inter

340 3213 628 3282 glacialem
643 3212 884 3269 Tanaim,
919 3219 978 3282 et
997 3209 1423 3280 Massagetarum
1463 3211 1721 3282 immanes
1751 3226 1930 3282 popu-

2040 2937 2132 2982 tus
2163 2928 2218 2981 in
2250 2927 2494 2982 Ecclesia
2525 2927 2701 2982 exorti
2730 2935 2880 2992 sunt,
2904 2942 3030 2981 cum
3060 2925 3371 2982 Orientales
3389 2927 3613 2996 quidem

2041 2999 2171 3053 huic
2206 2999 2408 3068 hymno
2439 2999 2777 3068 subjicerent
2800 2998 2941 3052 hanc
2969 2998 3294 3061 clausulam,
3316 3001 3342 3050 6
3365 3015 3614 3064 σταυρω-

2041 3070 2154 3131 θεὶς
2189 3059 2259 3122 δι”
2280 3071 2449 3138 ἡμᾶς,
2481 3059 2560 3123 Μ’
2585 3069 2771 3123 Jesum
2797 3067 3079 3138 Christum
3108 3083 3227 3121 eam
3260 3059 3563 3123 referentes
3597 3086 3610 3125 :

2037 3137 2633 3208 Constantinopolitani
2667 3155 2799 3192 vero
2851 3149 2910 3192 et
2961 3137 3346 3192 Occidentales
3401 3139 3615 3194 addita-

2041 3221 2289 3264 mentum
2326 3210 2463 3264 illud
2492 3211 2806 3280 rejicerent,
2849 3224 2918 3263 ne
2968 3223 3076 3276 qua
3121 3210 3306 3277 passio
3354 3208 3611 3264 Trinitati

341 3259 444 3341 Ϊυξ.
472 3285 560 3336 ubi
593 3283 816 3338 Caucasi
840 3259 1224 3352 ripensem;
1251 3290 1430 3352 gentes
1463 3259 1932 3333 Alexandrt'rcl'au-
1959 3259 2000 3314 δ
2035 3280 2493 3352 cousubstantiali
2532 3259 2904 3352 tiibuerctur:
2940 3259 3171 3352 ejjusqure
3228 3280 3366 3352 loco
3394 3281 3613 3333 accine-

337 3367 454 3408 stra
481 3355 736 3414 cohibent,
763 3355 998 3422 erupisse
1033 3351 1342 3405 Hunnorum
1370 3352 1638 3404 examina.

415 3428 494 3491 (8)
524 3423 790 3490 Σευῆροις
813 3421 917 3489 πρε
931 3443 962 3485 ς
990 3423 1330 3490 Σωτήριχον
1351 3421 1611 3490 γράφων.
1644 3422 1740 3478 llic
1777 3424 1935 3480 Sote-

344 3498 496 3549 ricus
563 3495 860 3564 episcopus
917 3508 1038 3564 erat
1108 3492 1840 3564 CtesarcteVCappadocite,
1900 3503 1931 3551 a

345 3563 668 3620 Macedonio
693 3563 1304 3631 Constantinopolitano
1327 3563 1592 3632 episcopo
1614 3565 1929 3620 ordinatus.

344 3639 448 3702 Qui
493 3636 874 3706 postmodum”
899 3633 964 3686 ad
999 3642 1184 3701 partes
1243 3633 1714 3706 Eutycbianorum
1754 3646 1932 3690 trans-

342 3702 590 3776 gressus,
625 3705 791 3774 impio
833 3702 1058 3776 lienam;
1112 3719 1232 3776 sese
1285 3702 1558 3776 adiunxit,
1620 3714 1679 3776 ut
1732 3707 1930 3761 scribit

343 3771 721 3846 Theophanes
770 3776 833 3846 in
859 3774 1136 3828 Chronico.
1173 3773 1409 3846 Proinde
1452 3789 1561 3826 non
1605 3775 1806 3846 mirum
1845 3789 1933 3832 est

343 3844 612 3901 Severum
646 3845 1118 3916 Eutychianorum
1161 3845 1580 3916 antesignanum
1613 3844 1679 3898 ad
1714 3846 1929 3902 Soteri-

340 3918 512 3971 chum
555 3918 638 3972 sui
703 3914 939 3971 similem
989 3916 1206 3970 litteras
1264 3914 1577 3983 scripsisse,
1635 3932 1694 3970 et
1743 3917 1798 3970 in
1862 3920 1931 3973 iis

340 3988 728 4042 Maccdonium
779 3986 1117 4040 catholicum
1165 3985 1484 4056 episcopum
1541 3985 1926 4052 iusimulasse,

343 4069 609 4127 tanquam
645 4057 938 4111 seditionis
976 4064 1286 4110 auctorem.
1311 4056 1431 4126 Ipse
1463 4057 1646 4124 potius
1686 4056 1929 4112 Severus

341 4129 641 4182 seditionis
671 4128 834 4196 hujus
868 4135 1062 4180 auctor
1083 4128 1205 4190 fuit,
1234 4129 1329 4196 qui
1365 4127 1658 4181 Anastasio
1685 4129 1926 4197 principi

342 4197 720 4268 persuaserat,
758 4207 818 4250 ut
865 4197 1117 4269 Trisagio
1175 4197 1376 4269 hymno
1440 4197 1580 4250 hanc
1622 4199 1925 4253 clausulam

337 4269 644 4338 udjiceret:
678 4269 779 4334 Qui
804 4268 1086 4336 cruciﬁxus
1112 4284 1162 4320 es
1183 4268 1278 4337 pro
1303 4269 1467 4330 nobis,
1497 4269 1742 4321 miserere
1759 4269 1926 4334 nobis,

341 4340 810 4408 quemadmodum
831 4339 1025 4394 scribit
1047 4338 1330 4392 Cedrenus
1362 4339 1417 4391 in
1448 4338 1724 4392 Chronico.
1755 4340 1926 4394 Porro

344 4411 498 4464 hunc
520 4411 827 4481 'l‘risagiutu
884 4410 1420 4481 bymnumﬂProclus
1457 4409 1927 4478 ConstantinOpo-

344 4483 559 4536 litanus
587 4479 880 4550 epiécopus
911 4481 980 4533 ab
1012 4479 1219 4550 angelis
1248 4480 1479 4533 edoctus
1513 4482 1711 4532 fuerat.
1751 4481 1924 4544 Quem

341 4552 512 4605 simul
541 4549 703 4622 atque
722 4551 982 4605 sacerdos
1005 4549 1072 4622 ad
1089 4550 1258 4622 altare
1274 4550 1927 4622 accesserat,rhieijopsalf

343 4632 433 4675 tes
457 4638 488 4676 e
512 4617 725 4692 pulpito
752 4636 955 4692 cauere
1002 4619 1318 4692 incipiebat
1348 4619 1451 4692 hoc
1495 4621 1682 4682 modo,
1715 4617 1926 4692 ὅιγὶοςο

2035 4617 2218 4692 ἀῖίηλά

342 4690 694 4759 ﬂag—aito;
760 4691 1000 4762 ἰσχυρὸς,
1064 4693 1218 4757 ἅγιος
1262 4690 1669 4762 ἀθάνατοςκλυι
1704 4690 1925 4762 scribit

340 4763 539 4816 Jovius
598 4759 899 4817 Monachus
951 4763 1006 4816 in
1064 4762 1164 4816 lib.
1222 4777 1296 4826 Vl,
1353 4759 1498 4829 apud
1555 4760 1812 4814 Pbotimn
1867 4761 1923 4813 in

342 4833 690 4888 Bibliotheca.
728 4834 810 4889 Ob
837 4834 985 4888 hunc
1003 4834 1269 4904 hymnum
1297 4846 1491 4902 graves
1507 4841 1694 4901 postea
1724 4831 1926 4884 tumulo

2035 3362 2160 3406 rent
2188 3352 2317 3417 ἁγία
2349 3351 2538 3420 Τριὰς,
2559 3351 2780 3417 ἐλέησον
2804 3353 2974 3420 ἡμᾶς,
3004 3359 3065 3403 ut
3091 3349 3612 3420 docetEphrtemius

2034 3422 2350 3492 patriarcha
2390 3419 2771 3492 Antiochenus
2801 3419 2946 3490 apud
2982 3421 3243 3475 Pbotium
3301 3422 3356 3474 in
3413 3419 3612 3474 Biblio-

2031 3491 2180 3546 theca
2209 3531 2222 3544 .
2254 3493 2422 3546 Recte
2440 3509 2571 3561 ergo
2591 3491 2831 3546 faciebat
2858 3492 3230 3555 Macedonius,
3279 3492 3372 3561 qui
3400 3508 3610 3546 morem

2031 3564 2284 3618 aProclo
2339 3563 2603 3617 traditum
2661 3562 2933 3629 retinens,
2981 3562 3420 3616 additamentum
3474 3563 3606 3616 illud

2031 3634 2348 3689 rcsnuebat.

2103 3651 2348 3768 $31333in
2368 3702 2436 3756 δὲ
2465 3701 2574 3769 τῆς
2599 3703 2942 3768 βασιλείας.
2983 3702 3120 3756 Male
3152 3701 3611 3770 ChristOpborso-

2028 3790 2134 3828 nus
2168 3775 2318 3828 hunc
2349 3775 2530 3830 locum
2559 3775 2633 3827 ita
2662 3775 2852 3837 vertit,
2887 3774 3048 3826 vitam
3069 3773 3124 3826 in
3169 3772 3294 3825 aula
3326 3774 3612 3842 imperato.-

2031 3847 2113 3900 ria
2175 3846 2414 3914 degebat.
2473 3843 2744 3899 Eumdem
2799 3859 3040 3914 quoque,
3077 3858 3322 3914 errorem
3382 3843 3609 3914 admisit

2029 3913 2400 3986 Nicephorus,
2434 3916 2528 3984 qui
2549 3915 2663 3970 haec
2682 3914 2900 3986 Evagrii
2928 3913 3097 3968 verba
3118 3913 3203 3986 sic
3224 3913 3604 3986 exposuit_._tzi

2029 3986 2084 4038 δὲ
2119 3983 2231 4048 τοῖς
2276 3983 2596 4056 ἀνακτόροις
2652 3983 3083 4056 ἐνδιαιτώμενος.
3113 3983 3320 4056 dictum
3362 3983 3414 4056 in
3473 3983 3612 4056 Eui-

2030 4059 2149 4124 grio
2176 4053 2530 4111 scribendum
2555 4065 2660 4116 est,
2689 4056 2780 4108 ἐπὶ
2807 4055 2864 4107 δὲ
2892 4053 2991 4124 τῆς
3018 4053 3310 4124 βαοιλείου,
3345 4053 3396 4108 id
3426 4063 3528 4116 est,
3553 4055 3607 4106 in

2029 4123 2157 4180 urbe
2199 4126 2386 4197 Regia.
2433 4127 2527 4182 Sic
2573 4127 2722 4182 enim
2774 4123 3042 4197 Evagrius
3071 4123 3605 4197 Constantinopolim

2029 4213 2232 4252 vocare
2271 4193 2432 4259 solet,
2470 4207 2529 4251 ut
2563 4213 2729 4267 supra
2759 4193 2968 4251 notavi.
3001 4195 3108 4250 Sed
3136 4204 3193 4249 ct
3223 4193 3280 4247 in
3334 4194 3607 4265 superiori

2029 4269 2209 4340 capite
2242 4269 2314 4322 ita
2343 4284 2462 4322 eam
2487 4270 2745 4340 appellat.

2100 4335 2212 4407 (10)
2239 4342 2387 4392 Οῡτε
2420 4335 2536 4391 τοῦ
2557 4335 2682 4390 κατ’
2710 4338 2914 4391 αὐτόν.
2946 4336 3138 4392 Procul
3161 4335 3330 4390 dubio
3361 4337 3610 4392 scriben-

2029 4409 2159 4462 dum
2177 4418 2260 4463 est
2274 4411 2360 4462 ὅτε
2377 4409 2469 4460 τοῦ
2489 4411 2608 4461 κατ’
2622 4408 2806 4472 αὐτόν,
2821 4407 3422 4476 etc.,quemadmodum
3440 4409 3607 4462 etiam

2028 4479 2162 4548 legit
2199 4479 2567 4550 Nicephorius.
2625 4479 2716 4534 Sic
2775 4479 2923 4550 enim
2987 4479 3103 4550 haec
3158 4478 3376 4550 Evagrii
3420 4479 3608 4550 verba

2031 4551 2307 4619 expressit
2328 4548 2346 4602 ἐ
2364 4551 2499 4602 Κατ’
2518 4553 2695 4602 ἐκεῖνο
2719 4548 2912 4618 καιροῦ
2939 4549 3176 4618 ὁπηνίκα
3189 4549 3286 4619 τοῦ
3309 4549 3430 4601 κατ’
3448 4551 3607 4601 αὑτὸν

2152 4620 2289 4689 λάοη
2324 4619 2714 4688 μοναστηρίου.
2749 4619 2916 4672 Miror
2944 4629 3128 4672 tamen
3151 4618 3205 4672 id
3237 4619 3306 4672 ab
3332 4619 3606 4689 interpre-

2034 4638 2250 4688 απηΛαυ
2324 4638 2714 4688 μοναστηριου.
2749 4638 2916 4672 ΜΙΓΟΓ
2944 4638 3205 4672 tumcum
3237 4638 3306 4672 au
3332 4638 3606 4689 Interpre-

2034 4689 2206 4754 tibus,
2241 4638 2491 4744 h'ilusculo
2523 4690 2736 4744 scilicet
2783 4703 2839 4743 et
2867 4689 3400 4758 Cbristophorsono,
3430 4691 3608 4744 anim-

2030 4760 2325 4815 adversum
2355 4775 2464 4814 non
2497 4760 2518 4813 f
2520 4761 2687 4814 uisse.

1781 4939 2086 4997 VARIORU
2097 4941 2167 4996 M.

422 5039 501 5106 (η)
547 5040 645 5092 Ἐν
696 5038 776 5105 τῷ
829 5041 1132 5109 τρισαγίῳ.
1175 5039 1472 5110 Τρισὰγιος
1521 5037 1584 5110 is,
1615 5036 1926 5110 appellatur

345 5111 609 5183 hymnus,
643 5127 754 5183 quo
794 5127 898 5183 vox
925 5108 1081 5177 ἅγιος
1137 5108 1662 5183 ιρι-τυρειὶιυιῃψιὶε
1704 5108 1922 5183 verbis:

347 5179 541 5250 ’Ᾱγιος
575 5185 602 5232 ὁ
631 5179 784 5243 Θεὸς.
819 5182 971 5248 ἅγιος
1008 5184 1244 5250 ἰσχυρῆς,
1275 5179 1426 5248 ἅγιος
1458 5179 1744 5250 ἀθάνατος,
1773 5180 1928 5250 ἐλέη-

377 5202 541 5250 Λγιος
575 5202 602 5232 ο
631 5202 784 5243 σεος.
819 5202 971 5248 αγιος
1008 5202 1125 5250 ισχυ
1169 5202 1244 5246 ως,
1275 5202 1426 5248 αγιος
1458 5202 1744 5240 αυανατος,
1773 5202 1927 5246 $1.51;-

347 5271 439 5308 σον
470 5253 642 5322 ἡμᾶς.
673 5251 848 5317 Quem
878 5251 1102 5320 quidem
1132 5202 1392 5323 hymnum
1421 5250 1609 5323 Graeci
1625 5249 1814 5323 multis
1837 5264 1927 5323 re-

349 5335 436 5378 tro
462 5319 703 5387 saeculis,
734 5324 822 5377 vel
866 5319 934 5376 de
983 5323 1126 5376 lecto
1172 5319 1480 5391 surgentes,
1525 5321 1613 5374 vel
1639 5321 1762 5391 Deo
1795 5319 1929 5373 ado-

348 5393 524 5447 rando
557 5408 614 5446 se
645 5394 1020 5462 accingentes,
1044 5393 1128 5447 vel
1166 5389 1377 5447 mentes
1405 5407 1535 5445 suas
1585 5389 1652 5443 ad
1684 5406 1926 5460 superna

344 5464 603 5516 attollere
642 5465 915 5526 volentes,
984 5465 1218 5517 recitare
1268 5463 1518 5516 consueti
1580 5471 1749 5515 sunt:
1817 5477 1927 5530 quo

341 5535 518 5587 etiam
554 5534 800 5604 singulas
845 5537 901 5590 in
941 5544 1293 5604 sacrosancta
1329 5533 1598 5587 Trinitate
1661 5546 1925 5604 personas

343 5606 606 5660 adorant.
642 5603 777 5660 Nam
809 5605 961 5671 ἅγιος
990 5607 1019 5658 ὁ
1047 5606 1177 5668 Θεὸς
1201 5603 1270 5657 ad
1300 5605 1536 5666 Patrem,
1590 5604 1745 5669 ἅγιος
1781 5603 1929 5670 ἰσχυ-

348 5678 442 5737 m};
476 5677 542 5728 ad
570 5675 790 5739 Filium,
821 5675 973 5742 ἆγιος
1003 5675 1267 5735 ἀθάνατος
1295 5674 1360 5728 ad
1380 5673 1649 5742 Spiritum
1675 5681 1928 5726 sanctum

350 5747 620 5810 refertur;
649 5757 709 5799 ut
730 5747 892 5799 docet
923 5745 1082 5799 Joau.
1115 5745 1486 5800 Damascenus
1517 5745 1572 5798 in
1591 5743 1825 5816 epistola
1857 5743 1926 5796 de

344 5817 598 5886 Trisagio
619 5833 631 5880 ;
654 5827 709 5869 et
737 5817 809 5868 De
836 5817 1042 5868 ortliod.
1074 5816 1168 5883 ﬁd.
1198 5816 1296 5868 lib.
1320 5831 1406 5886 ut,
1424 5830 1544 5883 cap.
1578 5815 1923 5886 10.7Petrum

349 5884 637 5942 Fullouem
665 5888 784 5941 haec
805 5887 992 5951 verba,
1021 5888 1082 5939 ὐ
1117 5885 1450 5954 στανρωθεὶς
1473 5886 1538 5938 δι’
1572 5885 1738 5956 ἡμᾶς,
1768 5884 1921 5939 Tris-

591 5980 864 6041 PA'rttOL.
899 5979 1017 6040 (in.
1060 5976 1405 6038 LXXXVI.

2036 5037 2156 5106 agio
2205 5037 2527 5100 inseruisse,
2584 5053 2708 5090 eum
2744 5037 3064 5092 Balsamone
3095 5041 3283 5108 plures
3318 5039 3409 5092 alii
3473 5054 3608 5094 cou-

2037 5108 2306 5162 senliuut.
2335 5109 2512 5177 (Guil.
2537 5109 2874 5164 Bavuueows
2905 5113 3102 5162 Anuot.
3153 5111 3222 5163 ad
3263 5125 3516 5164 canonem
3543 5112 3602 5165 81

2033 5178 2242 5234 concilii
2272 5179 2560 5248 Trullani.)

2107 5255 2180 5318 (0)
2258 5252 2434 5321 Οὔπω
2461 5250 2845 5319 μὲνιθρόνου
2895 5249 3191 5321 ἱερατικοῦ
3245 5250 3606 5321 τετυχηκώς.

2034 5321 2178 5391 Ergo
2213 5321 2328 5376 haec
2371 5320 2438 5373 ad
2499 5321 2718 5390 priores
2769 5320 3042 5377 tumultus
3072 5337 3217 5376 anno
3270 5321 3394 5383 511,
3445 5320 3607 5374 CPoti

2033 5393 2304 5447 excitatos
2361 5391 2651 5446 referenda
2711 5403 2861 5457 sunt,
2895 5409 3022 5448 cum
3072 5392 3316 5446 nondum
3377 5391 3610 5460 adeptus

2033 5471 2179 5517 esset
2228 5463 2413 5518 sedem
2463 5462 2864 5518 Antiochenam
2929 5463 3188 5526 Severus,
3245 5477 3408 5531 quam
3462 5478 3607 5514 anno

2011 5543 2304 5602 .sequente
2357 5534 2580 5588 invasit.
2610 5534 2857 5604 Utroque
2893 5535 3041 5587 enim
3095 5549 3240 5604 anno
3272 5546 3466 5604 gravet-1
3523 5543 3606 5585 tu-

2036 5607 2245 5658 multus
2271 5605 2449 5658 exorti
2472 5613 2601 5658 sunt
2626 5606 2698 5660 ob
2715 5602 3040 5665 clausulam,
3096 5602 3198 5667 Qui
3231 5603 3514 5670 cruciﬁxus
3556 5618 3608 5656 es

2034 5692 2130 5744 pro
2171 5676 2339 5738 nobis,
2373 5677 2619 5728 miserere
2649 5677 2838 5740 nostri,
2895 5676 3100 5745 hymno
3167 5673 3422 5745 Trisagio
3455 5674 3611 5744 adje-

2031 5745 2326 5798 ctam.\lid.
2366 5746 2592 5816 Pagium
2625 5747 2690 5802 ad
2713 5763 2843 5802 ann.
2891 5744 3052 5812 bim.
3078 5761 3128 5812 a,
3160 5755 3295 5810 etc.;
3331 5744 3530 5808 512,21.
3552 5745 3606 5808 8,

2028 5816 2079 5869 9.
2117 5816 2226 5886 tW.
2264 5816 2509 5886 LOWTI'.)

3253 5975 3327 6035 85
