4048 6512
560 389 701 453 2699
1768 386 2087 452 EVAGRII
2128 383 2615 447 SCHOLASTICI
3660 384 3775 450 2100

560 500 731 572 igitur
791 498 863 555 ob
913 512 1138 553 causam
1190 508 1465 556 commota
1523 500 1702 571 plebs,
1732 516 1859 555 cum
1908 486 2147 571 amplius

2185 497 2440 561 Ατὸποι·
2492 496 2588 549 καί
2643 511 2766 547 τινα
2820 493 2879 546 δὲ
2929 491 3193 565 χωρίτην,
3248 490 3531 563 μοναδικδν
3570 497 3783 565 μετιόντα

559 591 809 648 cohiberi
846 606 956 645 non
983 601 1193 661 posset,
1215 593 1373 647 multi
1407 593 1678 649 nobilium
1706 606 1876 665 atque
1899 594 2144 649 honora-

2250 589 2366 660 βίον
2406 588 2586 661 εὑρὼν
2628 589 2657 642 6
2698 585 2838 650 λεὼς
2886 585 2993 640 ἀνά
3030 586 3159 649 τοὺς
3200 585 3384 649 οἴκους
3431 585 3664 656 Μαρίνου
3708 591 3783 645 τοῦ

560 696 740 742 torum
765 686 821 740 in
863 694 1175 741 extremum
1206 686 1507 742 discrimen
1555 698 1851 753 venerunt,
1887 694 1944 742 et
1974 688 2147 741 multa

2249 683 2449 754 Σύρου,
2508 682 2609 753 τὴν
2662 678 2907 750 κεφαλὴν
2947 677 3226 748 ἀπέτεμεο
3282 676 3477 745 λέγων,
3521 677 3781 750 ὑποθήκαις

562 777 797 849 insignia
828 778 1127 833 urbisloca
1162 777 1274 848 igni
1316 788 1643 848 consumpta
1696 786 1847 832 sunt.
1898 777 2149 845 Cumque

2248 774 2443 829 τούτου
2495 774 2595 844 τὴν
2631 773 2790 843 ῥῆσιν
2836 769 3240 842 προστεθῆναι·
3302 769 3398 823 καὶ
3450 769 3617 839 κοντῷ
3658 788 3778 842 περι·

562 867 799 937 populus
832 867 1097 921 rusticum
1146 868 1438 936 quemdam
1477 868 1569 936 qui
1597 866 1957 921 monasticam
1987 878 2151 919 exco-

2248 868 2495 936 αρτήσας
2525 866 2833 937 ἀνέκραγεν
2870 862 3244 926 ἐπιτωθάζων,
3287 860 3363 925 ὡς
3396 861 3550 926 αὐτὸς
3577 861 3675 933 ἄρα
3713 865 3786 933 τῆς

563 960 711 1015 lebat
745 961 936 1024 vitam,
968 961 1022 1014 in
1058 961 1271 1015 aedibus
1314 960 1509 1013 Marini
1549 961 1707 1031 381
1751 959 1871 1031 Syri
1910 956 2151 1028 reperis-

2251 957 2483 1026 Τριάδος
2508 957 2793 1019 ἐπίϐουλος
2818 955 2928 1025 εἴη.
2966 954 3077 1007 Καὶ
3124 954 3267 1006 οὕτω
3321 953 3390 1006 τὰ
3436 952 3531 1022 τῆς
3588 954 3788 1017 στάσεως

566 1063 673 1115 set,
735 1062 901 1125 caput
963 1053 1016 1107 ei
1050 1053 1376 1124 amputavit,
1431 1068 1597 1107 voces
1667 1053 1789 1105 illas
1827 1053 1946 1120 ejus
1984 1064 2149 1104 suasu

2253 1048 2418 1119 ἤρθη,
2467 1049 2648 1102 πάντα
2681 1048 3014 1120 ληϊζομένης
3063 1048 3157 1101 καὶ
3191 1047 3372 1100 πᾶσαν
3409 1047 3557 1115 ἰσχὺν
3584 1047 3789 1117 ὑπερϐὰ-

568 1143 772 1213 hymno
819 1143 1062 1214 adjectas
1104 1158 1227 1198 esse
1276 1143 1487 1198 dicens.
1522 1142 1702 1213 Caput
1742 1156 1963 1212 quoque
2002 1141 2152 1195 illius

2255 1158 2374 1212 σης,
2408 1142 2485 1206 ὡς
2507 1142 2599 1195 τὸν
2641 1141 2867 1213 βασιλέα
2912 1142 3050 1211 πρὸς
3093 1139 3341 1209 ἀνάγκης
3358 1139 3404 1169 ⁸⁸
3438 1138 3789 1209 οἰκτιζόμεναι,

568 1247 731 1290 conto
760 1236 1042 1307 praefixum
1081 1236 1503 1302 circumferens,
1548 1236 1832 1290 illudendo
1859 1234 2150 1299 clamabat,

2258 1235 2522 1303 στεφάνου
2574 1235 2702 1290 ἄνευ
2758 1234 2895 1305 πρὸς
2949 1232 3048 1304 τὴν
3091 1232 3459 1304 ἱπποδρομίαν
3518 1232 3790 1300 ἀφικέσθαι,

569 1329 780 1383 hostem
840 1328 1127 1384 Trinitatis
1151 1329 1305 1383 illum
1365 1344 1507 1383 esse.
1565 1329 1738 1383 Porro
1774 1327 1993 1392 seditio,
2030 1326 2155 1381 uni-

2256 1328 2504 1399 κήρυκάς
2528 1345 2587 1380 τε
2626 1327 2703 1398 τῷ
2724 1328 2880 1398 δήμῳ
2902 1324 3320 1397 διαπέμψασθαι
3350 1323 3601 1394 βοῶντας,
3631 1324 3695 1387 ὡς
3715 1329 3794 1379 καὶ

569 1438 726 1477 versa
748 1421 1061 1487 devastans,
1086 1423 1350 1492 omnique
1374 1422 1573 1476 robore
1604 1421 1857 1491 opposito
1880 1420 2151 1490 superior,

2256 1423 2355 1493 τὴν
2404 1421 2683 1492 βασιλείαν
2739 1420 3066 1490 έτοιμότατα
3133 1419 3231 1491 μὲν
3304 1415 3644 1470 ἀποτίθεται·
3708 1418 3794 1471 τῶν

572 1522 854 1584 tantopere
880 1514 1075 1579 crevit,
1108 1524 1170 1569 ut
1194 1515 1493 1585 imperator
1522 1514 1851 1568 necessitate
1904 1512 2156 1583 compul-

2257 1514 2534 1569 ἀδυνάτων
2564 1513 2622 1567 δὲ
2654 1512 2989 1567 καθεστάναι
3033 1512 3243 1574 πάντας
3277 1509 3371 1562 ἐπὶ
3401 1508 3600 1581 ταύτην
3625 1509 3794 1578 ἀναϐῆ-

571 1621 687 1671 sus,
724 1605 1097 1660 miserandum
1130 1607 1186 1660 in
1227 1607 1451 1660 modum
1487 1607 1695 1676 absque
1742 1604 2013 1675 imperiali
2060 1620 2157 1658 co-

2260 1623 2394 1669 ναι,
2476 1607 2679 1678 ἥκιστα
2749 1604 2962 1657 πολλῶν
3022 1606 3097 1675 (ρ)
3155 1602 3526 1674 ἀνεχομένων.
3590 1602 3703 1655 ’Ἕνα
3746 1604 3792 1655 δὲ

573 1715 706 1752 rona
731 1699 797 1753 ad
823 1708 1104 1754 certamen
1126 1710 1405 1771 equestre,
1437 1700 1584 1770 quod
1618 1700 1671 1753 in
1703 1700 1851 1753 circo
1880 1698 2157 1753 edendum

2263 1700 2483 1763 πάντως
2528 1698 2821 1769 τυγχάνειν
2857 1698 2947 1751 τὸν
2982 1698 3097 1769 μετ’
3132 1696 3297 1750 αὑτὸν
3326 1695 3527 1765 ταύτην
3558 1694 3792 1767 διακυϐερς

572 1799 713 1855 crat,
771 1792 1086 1857 accesserit,
1111 1801 1168 1846 et
1209 1808 1490 1862 prtecones
1520 1792 1586 1845 ad
1623 1792 1885 1861 populum
1944 1791 2158 1845 miserit

2200 1859 2217 1862 κ
2262 1789 2518 1859 νήσοντα.
2566 1790 2747 1859 Ἀπερ
2786 1788 3123 1859 θεασάμενος
3147 1791 3175 1842 6
3205 1787 3366 1852 λεὼς,
3395 1786 3577 1858 ὥσπερ
3602 1788 3656 1841 ἐκ
3679 1804 3798 1851 τινος

571 1883 665 1954 qui
691 1884 1117 1952 proclamarem,
1151 1900 1209 1939 se
1241 1884 1465 1954 quidem
1501 1883 1865 1939 libentissime
1921 1884 2155 1953 imperio

2200 1859 2227 1912 Β
2267 1881 2415 1944 θείας
2470 1882 2643 1954 ῥοπῆς
2702 1883 3038 1953 μετετίθετο,
3080 1881 3176 1935 καὶ
3210 1880 3511 1952 παρεκάλει
3554 1880 3637 1934 τὸν
3674 1882 3798 1933 Ἀνα-

572 1972 791 2036 cedere,
821 1988 1009 2027 verum
1063 1973 1181 2027 ﬁeri
1220 1989 1331 2027 non
1360 1988 1520 2043 posse
1553 1980 1611 2025 ut
1649 1988 1841 2026 omnes
1865 1971 2027 2025 simul
2054 1971 2159 2024 im-

2271 1973 2493 2025 στάσιον
2522 1974 2614 2026 τὸν
2659 1974 2925 2042 στέφανον
2959 1972 3306 2044 περιθέσθαι,
3347 1972 3695 2042 ὑποσχόμενος
3723 1971 3802 2041 τὴν

575 2064 787 2133 perium
841 2066 1181 2131 obtinerent,
1235 2066 1381 2135 quod
1420 2066 1627 2120 multos
1670 2074 1953 2119 consortes
1982 2064 2162 2118 haud-

2269 2065 2499 2136 ήσυχίαν
2530 2065 2705 2133 ἄγειν.
2740 2060 2835 2129 Οἷς
2868 2066 3149 2136 ἐλάχιστον
3184 2064 3482 2128 ἐπιϐιώσας
3513 2064 3620 2133 (Η)
3645 2064 3802 2134 χρόνον

575 2172 849 2227 quaquam
879 2159 1087 2228 patitur
1120 2175 1133 2211 :
1174 2174 1454 2227 unumque
1485 2156 1712 2211 omnino
1738 2172 1860 2210 esse
1899 2156 1995 2226 qui
2042 2163 2164 2225 post

2269 2159 2297 2210 6
2335 2158 2709 2224 Ἀναστάσιος,
2741 2160 2834 2212 ἐπὶ
2881 2160 2980 2230 τὴν
3026 2159 3221 2230 ἑτέραν
3255 2158 3595 2230 μετεχώρησε
3633 2157 3803 2229 βιοτὴν.

576 2253 759 2319 ipsum
785 2251 1019 2321 imperio
1104 2252 1383 2321 petiturus
1443 2250 1535 2305 sit.
1585 2250 1716 2316 Qua:
1751 2265 1877 2305 cum
1927 2249 2166 2320 p0pulus

2275 2250 2452 2304 ἔτεσιν
2479 2252 2619 2305 ἑπτά
2646 2252 2741 2305 καὶ
2768 2253 2942 2306 εἴκοσι
2972 2253 3109 2324 πρὸς
3135 2256 3286 2323 τρισὶ
3320 2252 3452 2322 μησὶ⁵
3473 2251 3544 2321 (q)
3585 2251 3671 2304 καὶ
3699 2251 3810 2320 ἠμέ-

580 2342 1088 2407 animadvertisset,
1162 2351 1391 2413 repente
1457 2342 1613 2412 quasi
1672 2342 1861 2397 divino
1924 2342 2163 2411 quodam

2038 2342 2163 2395 dam
2279 2359 2398 2413 ραις
2424 2343 2593 2405 ἴσαις,
2616 2342 2717 2413 τὴν
2762 2343 3049 2414 Ῥωμαίων
3078 2344 3325 2406 διιθύνας
3350 2343 3635 2412 βασιλείαν.

582 2434 820 2503 impulsu
860 2445 1041 2500 actus,
1088 2436 1381 2491 consilium
1421 2436 1676 2501 mutavit,
1706 2436 2067 2504 hortatusque
2105 2443 2191 2489 cst
2224 2435 2595 2501 Anastasium,
2636 2444 2698 2489 ut
2738 2452 2997 2492 coronam
3068 2438 3233 2509 Capiti
3280 2438 3596 2508 imponeret,
3635 2435 3812 2506 pollici-

582 2532 672 2578 tus
731 2540 790 2578 se
824 2524 1087 2596 deinceps
1132 2529 1477 2597 quieturum.
1532 2530 1665 2585 Post
1718 2528 1837 2583 haec
1879 2526 2203 2581 Anastasius
2240 2543 2365 2581 cum
2420 2528 2571 2584 brevi
2642 2529 2941 2585 admodum
2996 2542 3246 2602 tempore
3290 2540 3562 2601 superstes
3599 2530 3808 2591 vixisset,

580 2619 652 2674 ad
706 2621 936 2675 alteram
990 2622 1159 2676 vitam
1200 2624 1504 2694 migravit:
1564 2640 1688 2679 cum
1726 2640 1823 2695 per
1877 2639 2054 2678 annos
2083 2622 2273 2694 viginti
2343 2634 2555 2694 septem
2617 2640 2681 2680 ac
2750 2642 2971 2683 menses
3035 2638 3148 2683 tres
3196 2628 3427 2699 diesque
3473 2626 3699 2689 totidem,
3724 2626 3808 2678 im-

582 2713 798 2782 perium
827 2712 1133 2769 Romanum
1176 2717 1641 2773 administrasset.

655 2850 800 2907 Finis
831 2853 975 2908 Libri
1006 2858 1148 2910 tertii
1172 2856 1557 2911 Ecclesiastij
1580 2857 1825 2912 Ilistoriw
1852 2858 2089 2928 Evagrii.

2281 2860 2459 2928 Τέλος
2496 2862 2604 2916 τοῦ
2640 2870 2687 2933 γ’
2730 2864 2916 2949 Τόμοου
2968 2864 3078 2989 Ἐς
3111 2863 3623 2989 ἑκαὲλησιαστικῆς
3670 2868 3804 2919 ιστο-

2824 2953 2958 2989 οιαο
3053 2953 3198 2989 varo
3226 2957 3326 2989 ου.

1508 2956 1511 2957 ν
2817 2936 2958 3003 ρίας
2996 2936 3326 3003 Εὐαγρίου.

589 3059 3788 3088 ————_———_—_.__——__—_———_——_

1702 3217 2090 3304 ΤΟΜΟΣ
2163 3216 2757 3309 ΤΕΤΑΡἹῸΣ.

1724 3541 2076 3629 LIBER
2155 3541 2745 3644 QUARTUS.

597 3856 659 3916 In
688 3864 880 3928 quarto
910 3852 1443 3939 libro‘ecciesinasticte
1474 3852 1723 3939 Ilium-ia:
1756 3854 1977 3925 Evagrii
2020 3854 2182 3911 Scho-

2293 3855 2437 3911 Τάδε
2458 3858 2706 3939 ἔνεσειν
2726 3859 2797 3939 ᾆν
2826 3858 2915 3939 τῷ¹
2948 3860 3205 3939 τεζᾴρτῳ
3236 3863 3417 3939 ’τόμςρ
3458 3863 3564 3939 τῆς
3615 3861 3820 3939 Ἐκκλιη-

1043 3924 1217 3979 tastici
1247 3925 1355 3979 hac
1379 3925 1738 3979 continentur.
1878 3924 1889 3925 ί
2358 3928 2641 3999 macram}

2358 3928 2686 3999 σιαστικῆς
2720 3924 2993 3999 ἱστορίας
3020 3924 3340 4002 Εὖαγρίοῦ
3360 3924 3767 4004 Σχολᾶστικοῦ.

666 4043 830 4114 382
857 4041 991 4112 Cap.
1026 4040 1071 4096 1.
1103 4039 1181 4095 De
1210 4038 1445 4109 imperio
1473 4038 1675 4094 Justini
1700 4038 1964 4095 Senioris-

2363 4043 2440 4097 A'.
2477 4043 2614 4113 Περὶ
2636 4044 2738 4115 τῆς
2777 4046 3065 4102 ἰουστίνου
3095 4046 3189 4101 τοῦ
3217 4048 3439 4118 πρώτου
3468 4045 3734 4118 βασιλείας.

669 4134 733 4189 ll.
768 4135 844 4188 De
893 4130 1149 4185 Amantio
1197 4129 1476 4194 eunucho,
1529 4138 1587 4184 et
1626 4129 1697 4185 de
1746 4130 2076 4199 Theocrito;
2128 4140 2187 4187 et

2365 4134 2438 4187 B'.
2468 4136 2605 4206 Περὶ
2657 4138 2950 4208 Ἀμαντίου
2996 4139 3092 4193 τοῦ
3147 4140 3409 4211 εὐνούχου
3438 4140 3529 4193 καὶ
3555 4134 3822 4207 Θεοκρίτου,

596 4220 875 4295 quomodo
915 4236 944 4275 a
972 4219 1191 4275 Justino
1218 4217 1493 4273 interfecti
1518 4227 1667 4273 sunt.

2291 4226 2439 4291 ὅπως
2470 4246 2531 4282 τε
2565 4230 2787 4295 τούτους
2814 4234 2842 4286 6
2875 4234 3162 4298 ’ῐουστῖνος
3190 4234 3423 4288 ἀνεῖλεν.

670 4316 759 4371 lll.
805 4312 1094 4381 Quomodo
1138 4311 1392 4367 Justinus
1423 4311 1759 4367 Vitalianum
1790 4327 1890 4382 per
1934 4313 2183 4370 fraudem

2108 4330 2183 4370 3m
2364 4320 2439 4373 Ρ.
2485 4320 2573 4384 Ὠς
2610 4321 2928 4377 Βιταλιανδν
2956 4324 3136 4378 ἀνεῖλε
3162 4326 3301 4396 δόλῳ
3352 4328 3381 4380 6
3422 4326 3706 4387 Ἱουστῖνος.

600 4408 901 4463 interemit.

670 4499 759 4555 Ν.
786 4496 1036 4564 Qualiter
1073 4494 1356 4560 Justinus,
1382 4494 1543 4565 pulso
1575 4494 1782 4551 Severo
1802 4538 1817 4564 ,
1852 4496 2083 4552 Paulum
2128 4499 2183 4554 in

2366 4498 2439 4552 A'.
2476 4498 2666 4563 Ὅπως
2699 4499 2793 4553 καὶ
2823 4500 3059 4573 Σευῆρον
3106 4501 3393 4571 ἐξελάσας,
3421 4501 3622 4557 Παῦλον
3645 4500 3821 4553 ἀντεισ-

600 4592 721 4664 ejus
773 4590 959 4645 locum
1010 4586 1350 4643 substituit:
1398 4595 1453 4642 et
1508 4587 1788 4658 quomodo
1841 4588 2187 4661 Euphrasius

2291 4593 2498 4662 ήγαγεν
2519 4607 2533 4621 ο
2564 4592 2846 4661 μετολίγον
2866 4593 2922 4647 δὲ
2958 4596 3051 4648 καὶ
3082 4594 3391 4667 Εὑφράσιος
3415 4596 3506 4650 τὸν
3543 4588 3822 4661 Ἀντιοχείας

601 4683 767 4754 paulo
793 4692 922 4753 post
953 4679 1351 4735 Antiochenam
1389 4678 1578 4754 sedem
1604 4680 1869 4737 obtinuit.

1200 4694 1351 4735 enam
1389 4678 1578 4754 sedem
1604 4680 1869 4737 obtinuit.
2292 4684 2486 4755 θρόνον
2511 4684 2798 4757 κατέσχεν.

671 4773 738 4831 ν.
767 4773 845 4829 De
879 4771 1151 4828 incendiis
1186 4778 1244 4825 et
1274 4779 1436 4826 terrae
1474 4772 1718 4827 motibus
1746 4773 1841 4844 qui
1878 4774 2189 4831 Antiochiae

2368 4777 2441 4831 E’.
2486 4777 2619 4847 Περὶ
2669 4777 2779 4831 τῶν
2829 4781 3131 4849 γεγονότων
3174 4780 3519 4853 ὲμπρησμῶν
3577 4779 3632 4831 ὲν
3664 4777 3825 4830 Ἀντιοι

602 4866 953 4939 contigerunt
978 4884 991 4920 :
1026 4864 1227 4935 quibus
1252 4864 1488 4920 obrutus
1516 4866 1862 4937 Euphrasius
1885 4868 2115 4924 interiit.

2294 4868 2419 4940 χείᾳ
2446 4870 2541 4923 καὶ
2598 4870 2862 4942 σεισμῶν,
2900 4873 2989 4926 ὅτε
3036 4874 3134 4928 καὶ
3180 4873 3491 4947 Εὑφράσιος
3544 4867 3828 4943 συγχωσθεὶς

2297 4961 2443 5013 έτελε
2453 4960 2641 5032 ύτησε.

1885 5067 2124 5125 VARUE
2160 5070 2569 5129 LECTIONES.

680 5142 728 5174 ⁸⁸
752 5140 816 5195 C.
834 5138 899 5193 C.
917 5140 1186 5208 ἀνάγκην,

1786 5210 2055 5265 VALESII
2115 5212 2672 5273 ANNOTATIONES.

682 5295 1181 5376 (lli'Edewtor
1206 5302 1548 5369 ἐπιϐιώσας.
1576 5303 1689 5358 Ιιηο
1716 5314 1925 5374 septem
1955 5305 2199 5377 integros
2236 5322 2412 5363 annos
2443 5320 2568 5380 post
2605 5311 2747 5368 hanc
2776 5312 3107 5369 seditionem
3138 5314 3277 5369 vixit
3302 5316 3631 5373 Anastasius.

2019 5432 2408 5491 VARIORUM.

682 5531 760 5601 (ρ)
824 5532 1250 5612 "Ar-exonerat
1306 5529 1624 5600 Legendum
1678 5530 2036 5601 ἁνεχομένην.
2081 5532 2193 5600 (W.
2302 5536 2618 5612 tychianam
2663 5536 3002 5612 amplexus,
3055 5542 3204 5597 inter
3259 5541 3563 5612 praecipuos
3614 5529 3832 5612 Ecclesia;

610 5601 899 5676 Lom.)_
953 5674 964 5676 _
1037 5672 1049 5676 _
1216 5673 1235 5676 μ
1456 5671 1474 5676 _
1752 5670 1763 5676 _
1949 5673 1957 5676 _
2088 5673 2104 5676 _
2301 5601 2542 5662 h'ostesa
2581 5601 2913 5676 quibusdam
2961 5601 3306 5667 numeratur.
3360 5601 3561 5666 Eodem
3602 5620 3746 5663 anno,
3788 5607 3833 5676 et

682 5672 759 5747 (q_)
799 5672 905 5725 Καὶ
934 5672 1186 5747 ἡμέραις
1214 5673 1399 5747 tuaac.
1442 5670 1907 5747 Juxta_rationes
1932 5673 2061 5727 Ant.
2088 5673 2193 5728 Pa-
2297 5678 2493 5733 eadem
2524 5670 2615 5731 die
2635 5694 2742 5747 qua
2791 5679 2931 5734 obiit
2957 5683 3301 5746 Anastasius,
3352 5698 3429 5737 sc.
3481 5694 3615 5735 nona
3663 5670 3831 5747 triensi}

608 5742 684 5825 qii
712 5739 1330 5825 Anastasius'regna‘vit
1358 5757 1533 5825 annos
1577 5741 1646 5822 _27
1684 5750 1740 5795 et
1779 5757 1996 5825 menses
2058 5752 2190 5825 tres,
2295 5749 2448 5825 ._lu|ii.
2499 5739 2767 5806 suileétus
2817 5761 2904 5806 est
2948 5753 3204 5811 Justinus
3256 5739 3311 5808 in
3350 5754 3471 5825 ejus
3518 5752 3706 5808 locum.
3740 5739 3826 5811 (w-

612 5811 853 5881 demptis
876 5814 1105 5867 totidem
1146 5811 1366 5888 diebus.
1404 5811 1540 5888 Yide
1577 5812 1757 5888 ipsum
1785 5812 1862 5888 ad
1892 5829 2023 5888 ann.
2064 5814 2188 5888 518,
2297 5821 2543 5888 Latna.)

611 5899 723 5952 quo
753 5892 1006 5937 mortuus
1062 5894 1145 5938 est
1180 5881 1522 5949 Anastasius,
1568 5881 1623 5938 n7.
1678 5884 1733 5938 ‘2.
1783 5882 2048 5939 lla-.resim
2086 5883 2193 5937 Eu-
