4048 6506
482 537 576 603 (Γ.
617 533 752 606 Περὶ
790 531 1118 604 Ἐφραιμίου
1143 533 1236 586 τοῦ
1270 534 1409 602 μετὰ
1440 532 1771 602 Εὐφράσιον.

480 630 553 683 Z'.
600 630 735 701 Περὶ
788 628 1013 697 Ζωσιμᾶ
1060 627 1157 681 καὶ
1216 626 1462 679 Ἰωάννου
1502 626 1608 679 τῶν
1640 624 1988 694 θαυματουρ-

401 720 543 790 γῶν.

481 814 563 866 II'.
604 813 740 883 Περὶ⁵
768 811 1072 866 καθολικῶν
1105 810 1466 882 παθημάτων.

477 902 556 956 Θ’.
599 902 686 966 Ὠς
721 902 1005 966 Ἰουστίνος
1035 902 1243 966 ἕτιζῶν
1267 898 1692 971 συμϐασιλεύειν
1719 896 1869 966 αὐτῷ
1896 896 1986 949 τὸν

410 994 794 1049 Ἰουστινιανὸν
824 995 1018 1047 είλετο.

412 1080 415 1085 ’
478 1089 536 1141 ιο.
570 1088 693 1139 Ὅτι
731 1085 1109 1148 ἰουστινιανὸς
1162 1084 1282 1155 μὲν,
1326 1084 1454 1147 τοὺς
1496 1082 1594 1151 τὴν
1624 1078 1986 1158 Χαλκηδόνιον

397 1180 629 1233 σύνοδον
688 1178 1121 1249 ἀποδεχομένους
1167 1177 1394 1248 ἠγάπα·
1450 1174 1702 1245 Θεοδώρα
1757 1172 1814 1226 δὲ
1859 1172 1985 1236 τοὺς

402 1275 688 1335 ἐναντίους
715 1273 836 1325 ἕστε
848 1290 998 1343 ργεν.

480 1368 581 1419 IA'.
651 1366 741 1428 Ὠς
807 1365 1073 1434 Ἀνοιμον
1123 1362 1217 1417 τὸν
1272 1359 1903 1423 Κωνσταντινουπόλεως
1955 1361 1984 1413 ὁ

396 1460 643 1530 Σευῆρος
698 1458 1004 1530 διὲστρεψε,
1054 1456 1150 1510 καὶ
1208 1455 1491 1508 Θεοδόσιον
1555 1453 1648 1505 τὸν
1725 1452 1982 1517 Ἀλεξαν-

395 1552 592 1621 δρείας
640 1549 732 1613 οὓς
782 1551 812 1603 ὁ
885 1548 1139 1619 βασιλεὺς
1194 1545 1477 1613 ἐξελάσας,
1543 1545 1765 1615 ἑτέρους
1849 1562 1983 1598 κατ-

394 1645 536 1713 ἑστη
546 1660 654 1696 σεν.

477 1736 577 1792 1Β’.
616 1736 710 1789 Ἐκ
734 1734 830 1805 τῆς
861 1733 1103 1804 ἱστορίας
1134 1731 1443 1805 Προκοπίου
1476 1729 1805 1797 Καισαρέως
1854 1730 1979 1797 περὶ

391 1828 659 1883 Καὸάδου
696 1828 788 1881 τοῦ
821 1826 1049 1898 Περσῶν
1098 1825 1383 1896 βασιλέως,
1423 1825 1516 1877 καὶ
1570 1823 1813 1892 Χοσρόου
1862 1821 1978 1873 υἱοῦ

389 1920 590 1974 αὐτοῦ.

474 2009 573 2066 II".
598 2011 735 2082 Περὶ
778 2010 1242 2082 Ἀλαμουνδάρου,
1267 2008 1364 2063 καὶ
1406 2006 1726 2077 Ἀζαρέτου,
1755 2007 1851 2061 καὶ
1880 2005 1980 2074 τῆς

388 2107 459 2158 ὲν
504 2104 786 2176 Βυζαντίῳ
846 2103 1114 2171 στάσεως,
1160 2102 1264 2174 τῆς
1313 2102 1545 2174 ἐπίκλην
1605 2099 1877 2172 λαϐούσης
1918 2100 1980 2154 τὸ

386 2198 571 2254 Νίκα.

472 2291 573 2342 ιΔι.
606 2288 746 2359 Περὶ
790 2285 1091 2357 Ὀνωρίχου
1115 2284 1211 2340 τοῦ
1261 2285 1537 2340 Βανδίλων
1567 2286 1848 2357 ἄρχοντος,
1885 2287 1980 2338 καὶ

384 2382 507 2434 τῶν
542 2380 1102 2451 γλωσσοτομηθέντων
1129 2377 1471 2449 Χριστιανῶν
1506 2378 1634 2450 παρ’
1686 2375 1873 2431 αὑτοῦ.

470 2475 575 2528 IE'.
605 2473 741 2544 Περὶ
780 2471 1085 2525 Καὸαώνου
1106 2470 1202 2525 τοῦ
1237 2471 1612 2541 Μαυρουσίου.

471 2567 589 2633 ις’.
608 2564 746 2635 Περὶ
762 2564 858 2635 τῆς
887 2564 1244 2633 Βελισσαρίου
1279 2563 1421 2617 κατὰ
1448 2564 1720 2619 Βανδίλων
1753 2566 1982 2636 ἐκστρα-

384 2659 570 2722 τείας,
600 2657 697 2709 καὶ
728 2656 827 2727 τῆς
854 2655 1060 2709 τούτων
1098 2654 1550 2724 ἐξολοθρεύσεως.

470 2750 574 2803 1Ζ’.
610 2750 747 2820 Περὶ
776 2748 883 2801 τῶν
935 2747 1041 2800 άπὸ
1086 2747 1353 2818 Ἀφρικῆς
1403 2747 1667 2803 ἐλθόντων
1702 2749 1977 2822 λαφύρων.

473 2844 580 2896 III'.
611 2842 749 2915 Περὶ⁵
795 2842 906 2895 τῶν
959 2841 1067 2894 ἀπὸ
1118 2840 1417 2911 προσώπου
1467 2840 1644 2912 Ἰησοῦ
1675 2841 1792 2895 υἱοῦ
1824 2844 1979 2913 Ναυῆ

392 2936 791 3005 ἀποφυγόντων
821 2933 1102 2988 Φοινίκων.

471 3029 571 3083 ιθο.
640 3028 778 3101 Περὶ
827 3027 1151 3099 Θευδερίχου
1214 3044 1309 3080 του
1357 3027 1559 3079 Γότθου
1604 3028 1702 3080 καὶ
1755 3028 1863 3081 τῶν
1920 3029 1979 3081 ὲν

402 3120 598 3193 Ῥώμῃ
666 3119 988 3189 συμϐάντων
1040 3119 1132 3172 ὑπ’
1190 3118 1359 3173 αὐτοῦ
1414 3120 1543 3190 ἄχρι
1608 3120 1717 3172 τῶν
1771 3121 1980 3190 χρόνων

403 3207 810 3271 Ἰουστινιανοῦ,
843 3209 936 3261 καὶ
964 3207 1041 3272 ὡς
1073 3208 1235 3262 πάλιν
1266 3210 1298 3279 ἡ
1336 3208 1523 3279 Ῥώμη
1551 3209 1656 3261 ὑπὸ
1692 3209 1982 3281 Ῥωμαίοις

391 3301 646 3366 γέγονεν,
679 3297 983 3367 Ούῖτίγιδος
1016 3301 1279 3371 φυγόντος
1302 3301 1404 3353 ὑπὸ
1434 3302 1623 3355 αὐτοῦ.

470 3390 552 3447 κ’.
617 3392 707 3455 Ὠς
740 3393 789 3446 οἱ
844 3393 1133 3465 λεγόμενοι
1170 3395 1444 3466 Ἕρουλοι,
1502 3399 1560 3450 ἐν
1604 3400 1715 3461 τοῖς
1771 3397 1981 3467 χρόνοις

403 3484 789 3538 Ἴουστινιανοῦ
826 3486 1257 3555 ὲχριστιάνισαν.

470 3566 602 3632 KA'.
648 3578 736 3642 Ὧς
760 3578 922 3631 πάλιν
952 3578 1059 3632 ὑπὸ
1088 3578 1312 3641 Γότθοις
1360 3581 1652 3648 γεγονυῖαν
1704 3580 1804 3649 τὴν
1846 3579 1983 3633 Ῥώ-

397 3686 532 3741 μην,
561 3665 717 3731 αὖθις
746 3672 774 3724 ὁ
809 3670 1125 3741 Βελισάριος
1150 3670 1486 3724 ἀνεσώσατο.

473 3764 603 3819 KB'.
652 3762 741 3829 Ὠς
770 3765 866 3818 καὶ
910 3762 1171 3832 ⁹Α6ασγοὶ
1196 3763 1504 3834 τηνικαῦτα
1554 3765 1980 3837 ἐχριστιάνισαν.

473 3944 604 4000 Kl'.
648 3944 737 4009 Ὦς
769 3944 865 3999 καὶ
894 3945 945 3997 οἱ
974 3943 1066 3998 τὸν
1106 3944 1309 3997 Τάναϊν
1343 3943 1643 4008 οἰκοῦντες,
1682 3944 1985 4012 τηνικαῦτα

393 4038 845 4108 ὲχριστιάπσαν*
904 4040 1000 4090 καὶ
1050 4038 1179 4105 περὶ
1230 4036 1471 4106 σεισμῶν
1523 4038 1581 4088 ἐν
1623 4035 1831 4090 Ἑλλάδι
1890 4037 1986 4089 καὶ

406 4133 608 4204 Ἀχαΐᾳ
635 4131 963 4202 γεγονότων.

380 4307 385 4309 Α
474 4313 600 4366 KA'.
635 4311 774 4383 Περὶ
822 4307 1048 4376 Ναρσοῦ
1078 4308 1171 4363 τοῦ
1203 4309 1516 4382 στρατηγοῦ
1547 4308 1641 4363 καὶ
1676 4308 1984 4380 θεοφιλείας

393 4403 588 4458 αᾷτοῦ.

476 4498 604 4569 KE'.
652 4512 742 4574 Ὠς
769 4513 798 4565 ὁ
842 4510 1092 4581 Χοσρόης
1131 4509 1311 4580 φθόνῳ
1356 4512 1547 4574 τακεὶς
1577 4513 1670 4565 ἐπὶ
1722 4515 1846 4575 ταῖς
1898 4512 1985 4565 εῦ-

396 4604 665 4673 ημερίαις
712 4601 1113 4669 Ἰουστινιανοῦ,
1142 4601 1286 4656 κατὰ
1326 4601 1982 4673 Ῥωμαίωνὲστράτευσε,

396 4695 499 4747 καὶ
528 4694 789 4757 πλείστας
820 4694 1003 4757 πόλεις
1040 4692 1260 4746 καθεῖλε
1303 4691 1639 4761 Ῥωμαϊκὰς,
1670 4694 1727 4745 ἐν
1777 4689 1864 4755 αἷς
1894 4693 1989 4744 καὶ

395 4788 500 4860 τὴν
533 4786 777 4857 μεγάλην
814 4786 1169 4856 Ἀντιόχειαν.

478 4882 624 4946 KG’.
659 4879 795 4950 Περὶ
824 4877 921 4931 τοῦ
954 4877 1243 4947 γεγονότος
1277 4874 1561 4946 θαύματος
1606 4877 1664 4930 ὲν
1716 4873 1991 4945 Ἀπαμείᾳ

395 4972 498 5027 τοῦ
531 4972 717 5043 τιμίου
749 4972 842 5024 καὶ
865 4969 1133 5033 ζωοποιοῦ
1175 4968 1336 5036 ξύλου
1362 4967 1457 5021 τοῦ
1490 4968 1752 5039 σταυροῦ.

476 5062 605 5119 KZ’.
634 5065 770 5135 Περὶ
806 5064 904 5134 τῆς
930 5063 1008 5126 εἰς
1038 5060 1300 5115 Ἔδεσσαν
1332 5062 1691 5134 ἐκστρατείας
1720 5062 1963 5135 Χοσρόου

474 5248 612 5302 κη’.
632 5248 702 5300 [Is
712 5246 767 5317 pl.
783 5245 875 5300 τοῦ
892 5244 1180 5315 γεγονότος
1201 5245 1259 5297 ὲν
1270 5243 1496 5315 Σεργίου
1519 5244 1670 5298 πόλει
1688 5244 1987 5317 θαύματος.

475 5342 608 5394 ΚΘ.
638 5341 774 5410 Περὶ⁸
803 5339 899 5391 τοῦ
929 5339 1181 5409 λοιμικοῦ
1212 5338 1441 5401 πάθους.

476 5434 555 5486 A'.
626 5432 764 5503 Περὶ
851 5431 947 5501 τῆς
1009 5430 1470 5501 φιλοχρηματίας,
1519 5430 1613 5485 καὶ
1680 5430 1988 5499 ἀπληστίας

411 5526 449 5579 Ἰ
456 5544 516 5578 ου
524 5544 641 5579 στιν
649 5525 816 5581 ιανοῦ.

472 5620 603 5677 AA'.
661 5622 796 5693 Περὶ
844 5621 938 5674 τοῦ
973 5619 1212 5691 μεγάλου
1243 5618 1375 5674 ναοῦ
1406 5621 1505 5692 τῆς
1548 5619 1733 5687 Ἀγίας
1765 5619 1986 5690 Σοφίας,

400 5714 640 5768 καὶτῶν
686 5714 887 5783 Ἀγίων
932 5714 1297 5768 Ἀποστόλων.

476 5806 602 5862 AB’.
655 5808 792 5878 Περὶ
842 5810 941 5875 τῆς
988 5811 1046 5861 ἐν
1080 5808 1157 5878 τῷ
1186 5806 1370 5877 κυανῷ
1417 5806 1671 5883 χρώματι
1709 5808 1803 5863 τοῦ
1837 5806 1991 5879 βασι-

404 5898 543 5961 λέως
572 5899 772 5972 μανίας
805 5900 1009 5970 μᾶλλον
1035 5900 1068 5971 ἢ
1099 5901 1305 5970 φιλίας.

1304 417 1688 479 IlISTORI/E
1727 417 2323 480 ECCLESIASTIC/E
2374 418 2605 479 LIBER
2645 419 2741 478 IV.

3511 423 3652 485 270?.

2164 532 2252 584 Vl.
2281 512 2357 585 De
2391 532 2708 599 Ephm-mio
2734 532 2791 585 Ει
2817 529 3024 601 phrasii
3064 547 3405 591 successore.

2162 622 2272 676 VII.
2320 621 2397 679 De
2427 622 2641 678 Zosima
2672 632 2730 678 et
2759 623 2970 680 Joanne
3015 624 3110 695 qui
3139 625 3419 681 miraculis
3453 624 3667 681 clarue-

2089 722 2236 767 runt.

2158 805 2293 859 VIII.
2321 807 2396 862 De
2419 805 2590 863 totius
2608 808 2760 864 orbis
2797 809 3225 865 calamitatibus.

2158 896 2250 950 IX.
2300 897 2587 964 Quomodo
2633 899 2884 955 Iustinus
2922 901 3103 955 adhuc
3143 900 3356 964 vivens,
3401 899 3663 971 collegam

2087 987 2304 1056 imperii
2328 988 2699 1045 Iustinianum
2724 993 3036 1064 assumpsit.

2156 1078 2224 1133 X.
2258 1079 2507 1146 Qualiter
2542 1082 2891 1138 Justinianus
2918 1084 3143 1155 quidem
3176 1098 3271 1138 eos
3317 1082 3536 1137 amabat
3570 1082 3663 1152 qui

2084 1170 2588 1229 Chalcedonensem
2620 1174 2889 1247 synodum
2931 1176 3399 1246 amplecterentur
3430 1192 3444 1228 :
3484 1174 3665 1229 Theo-

2085 1265 2221 1322 dora
2247 1283 2378 1322 vero
2414 1282 2509 1322 eos
2537 1272 2631 1337 qui
2661 1268 2930 1341 synodum
2960 1268 3107 1324 illam
3142 1268 3540 1339 improbarent.

2155 1360 2248 1416 XI.
2279 1362 2567 1429 Quomodo
2599 1362 2836 1417 Severus
2854 1362 3173 1416 Anthimum
3204 1360 3667 1430 ConstantinOpo-

2083 1454 2153 1507 Iis
2165 1453 2483 1524 episcopum
2504 1464 2560 1509 et
2582 1454 2955 1510 Theodosium
2976 1454 3295 1524 episcopum
3326 1450 3665 1507 Alexandria!

2083 1549 2434 1617 perverterit,
2470 1548 2675 1618 quibus
2705 1548 2837 1603 sede
2876 1563 2975 1604 sua
3016 1548 3294 1618 expulsis,
3320 1546 3665 1603 Iustinianus

2083 1641 2221 1696 alios
2244 1641 2553 1698 substituit.

2154 1731 2271 1788 XII.
2299 1735 2376 1790 De
2421 1732 2638 1789 Gavade
2672 1734 2961 1789 Persarum
2994 1749 3141 1803 rege,
3189 1742 3245 1788 et
3293 1732 3360 1788 dc
3404 1731 3516 1786 filio
3544 1733 3665 1801 ejus

2082 1824 2364 1893 Chosroe,
2421 1841 2491 1882 ex
2547 1826 2707 1882 libris
2769 1826 3137 1881 historiarum
3181 1825 3435 1894 Procopii
3485 1825 3664 1879 Cresa-

2084 1919 2305 1974 riensis.

2152 2012 2290 2067 XIII.
2321 2013 2396 2067 De
2418 2011 2795 2068 Alamundaro
2823 2020 2879 2068 et
2909 2012 3141 2067 Azareto
3176 2028 3191 2065 :
3223 2011 3369 2067 etde
3391 2011 3665 2068 seditione

2082 2119 2204 2173 quae
2226 2113 2345 2159 orta
2366 2103 2962 2176 estConstantinopoli,
2989 2105 3079 2160 cui
3099 2120 3401 2175 cognomen
3425 2105 3660 2159 inditum

2084 2196 2187 2251 fuit
2207 2196 2371 2251 Νίκα.

2152 2291 2292 2347 XIV.
2319 2290 2394 2346 De
2419 2290 2698 2347 Hunerico
2746 2290 3112 2346 Vandalorum
3139 2305 3287 2362 rege,
3318 2300 3374 2346 et
3407 2291 3474 2345 de
3496 2289 3663 2346 Chri-

2082 2383 2275 2438 stianis
2303 2383 2506 2454 quibus
2538 2383 2778 2454 linguam
2802 2383 3022 2453 praecidi
3035 2382 3220 2455 jussit.

2153 2476 2268 2529 XV.
2299 2476 2375 2530 De
2402 2475 2657 2531 Cabaone
2682 2474 2893 2531 Mauro.

2154 2566 2291 2623 XVI.
2317 2568 2392 2622 De
2422 2566 2671 2624 Belisarii
2704 2566 3054 2637 expeditione
3084 2566 3351 2621 adversus
3367 2565 3661 2631 Vandalos.

2083 2676 2387 2730 eorumque
2423 2660 2822 2715 internecione.

2155 2753 2316 2807 XVII.
2352 2753 2425 2807 De
2455 2752 2645 2822 spoliis
2678 2767 2799 2821 qum
2829 2751 3000 2805 relata
3024 2758 3153 2806 sunt
3182 2766 3249 2805 ex
3277 2748 3483 2805 Africa.

2154 2845 2341 2900 XVIII.
2373 2845 2449 2899 De
2473 2844 2834 2901 thnicibus
2855 2843 2949 2915 qui
2975 2842 3147 2915 fugati
3180 2852 3312 2899 sunt
3340 2859 3371 2897 a
3393 2842 3523 2898 Iesu
3554 2840 3665 2897 filio

2088 2937 2255 2992 Nave.

2160 3030 2301 3085 XIX.
2337 3031 2413 3086 De
2446 3030 2795 3086 Theodorico
2828 3029 3136 3087 Gothorum
3184 3046 3334 3101 rege,
3375 3040 3432 3084 et
3477 3028 3545 3083 de
3582 3028 3671 3085 his

2088 3140 2208 3192 quae
2239 3125 2331 3179 illo
2361 3135 2623 3196 regnante
2651 3140 2825 3195 usque
2857 3124 2923 3178 ad
2954 3122 3249 3178 Iustiniani
3280 3134 3529 3192 tempora
3561 3121 3671 3174 Ro-

2091 3235 2190 3273 mae
2209 3218 2530 3274 acciderunt
2556 3238 2568 3272 :
2603 3227 2772 3288 utque
2795 3218 2966 3272 Roma
2991 3217 3190 3272 iterum
3219 3217 3274 3271 in
3296 3218 3670 3271 Romanorum

2091 3320 2417 3380 potestatem
2449 3310 2665 3366 venerit
2691 3325 2815 3365 cum
2846 3310 3051 3380 Vitiges
3085 3310 3237 3363 illinc
3262 3308 3585 3378 aufugisset.

2158 3405 2276 3460 XX.
2312 3405 2598 3472 Quomodo
2627 3403 2921 3459 Iustiniani
2954 3403 3295 3474 temporibus
3327 3403 3478 3458 Eruli
3508 3402 3672 3459 Chri-

2091 3499 2321 3553 stianam
2351 3498 2511 3556 fidem
2534 3498 2768 3569 amplexi
2794 3498 2925 3553 sint.

2165 3590 2302 3644 XXI.
2329 3590 2614 3657 Quomodo
2654 3591 2952 3645 Belisarius
2989 3589 3183 3645 urbem
3232 3590 3462 3644 Romam
3507 3603 3672 3659 quam

2089 3681 2252 3735 Gothi
2289 3682 2488 3735 iterum
2518 3690 2779 3751 ceperant
2811 3681 3179 3750 recuperavit.

2161 3772 2326 3827 XXII.
2357 3773 2643 3840 Quomodo
2670 3774 2865 3828 iisdem
2886 3772 3227 3842 temporibus
3242 3771 3441 3844 Abasgi
3456 3788 3675 3842 quoque

2090 3863 2460 3917 Christianam
2506 3862 2668 3917 fidem
2702 3862 2937 3933 amplexi
2963 3869 3110 3916 sunt.

2163 3956 2354 4011 XXIII.
2393 3956 2680 4023 Quomodo
2718 3957 2885 4009 etiam
2919 3954 3150 4009 Barbari
3195 3953 3289 4022 qui
3323 3951 3553 4006 Tanaim
3585 3966 3675 4005 ac-

2093 4050 2304 4111 colunt,
2347 4048 2717 4104 Christianam
2754 4048 3073 4118 religionem
3105 4046 3336 4115 amplexi
3369 4047 3499 4100 sint.
3539 4045 3676 4100 Item

2094 4146 2159 4198 de
2200 4152 2361 4198 terrae
2384 4142 2627 4197 motibus
2660 4141 2756 4213 qui
2785 4141 2841 4195 in
2866 4140 3073 4196 Graecia
3109 4149 3166 4195 et
3194 4139 3395 4194 Achaia
3434 4138 3678 4210 contige-

2095 4246 2243 4291 runt.

2165 4328 2329 4399 383
2364 4327 2555 4384 XXIV.
2590 4328 2667 4383 De
2704 4326 2877 4382 Narse
2916 4324 3179 4397 magistro
3219 4324 3481 4390 militum,
3511 4332 3568 4379 et
3608 4322 3677 4379 de

2095 4423 2342 4494 ejusdem
2367 4423 2590 4492 pietate.
2683 4410 2688 4414 ’

2164 4515 2327 4570 XXV.
2361 4514 2648 4581 Quomodo
2684 4512 2983 4568 Chrosroes
3008 4512 3080 4567 ob
3120 4527 3210 4567 res
3241 4527 3500 4582 prospere
3529 4525 3558 4564 a
3583 4509 3682 4565 Iu-

2095 4606 2334 4661 stiniano
2357 4616 2541 4676 gestas
2572 4605 2774 4659 invidia
2798 4590 3113 4659 stimulatus
3133 4603 3334 4659 bellum
3363 4604 3548 4658 intulit
3572 4604 3681 4657 Ro-

2095 4697 2296 4761 manis,
2333 4698 2642 4766 multasque
2671 4697 2836 4752 urbes
2868 4697 3083 4766 imperii
3124 4696 3387 4760 Romani,
3428 4703 3593 4765 atque
3621 4695 3676 4748 iu

2097 4790 2183 4844 his
2208 4805 2459 4859 magnam
2489 4789 2837 4843 Antiochiam
2871 4790 3159 4843 destruxit.
3462 4780 3467 4789 τ

2165 4886 2354 4941 XXVI.
2394 4886 2469 4939 De
2494 4884 2718 4955 pretiosi
2751 4899 2814 4938 ac
2839 4883 3041 4937 vivifici
3074 4882 3206 4954 ligni
3254 4891 3455 4937 sancta
3496 4880 3680 4936 crucis

2097 4977 2367 5031 miraculo
2394 4975 2541 5046 quod
2562 4975 2803 5043 Apamia:
2833 4976 3036 5029 factum
3068 4985 3171 5029 est.

2169 5069 2381 5125 XXVII.
2418 5069 2495 5124 De
2524 5067 2787 5123 Chosrois
2827 5069 3179 5138 expeditione
3214 5069 3479 5123 adversus
3505 5066 3676 5121 Edes-

2099 5176 2237 5217 sam.

2163 5252 2402 5309 XXVIII.
2433 5253 2510 5308 De
2541 5250 2808 5308 miraculo
2834 5252 2979 5322 quod
3005 5252 3209 5307 factum
3237 5262 3321 5306 est
3347 5250 3674 5325 SergiOpoli.

2165 5345 2358 5401 XXIX.
2392 5346 2469 5402 De
2496 5346 2777 5416 pestilenti
2804 5345 3020 5400 morbo.

2164 5435 2332 5490 XXX.
2365 5436 2442 5490 De
2470 5434 2788 5505 inexplebili
2824 5434 3054 5491 avaritia
3082 5433 3404 5491 Iustiniani.

2162 5617 2354 5672 XXXI.
2384 5618 2461 5672 De
2487 5632 2681 5687 magna
2708 5617 2941 5673 ecclesia
2972 5617 3185 5672 Sanctae
3216 5615 3433 5687 Sophia:
3461 5624 3518 5671 et
3540 5616 3678 5670 San-

2093 5721 2311 5766 ctorum
2337 5711 2750 5781 Apostolorum.

2161 5803 2377 5858 XXXII.
2414 5804 2487 5858 De
2515 5803 2807 5859 Iustiniani
2826 5802 3010 5858 furore
3039 5803 3225 5873 potius
3254 5818 3417 5875 quam
3442 5802 3680 5859 benevo-

2092 5896 2260 5953 lentia
2297 5912 2424 5967 erga
2467 5896 2761 5952 factionem
2789 5896 3145 5953 Venetorum.
