4048 6530
306 327 454 396 2⁸113

1230 341 1618 403 ΗΙΞΤΟΒΠΕ
1654 343 2248 408 ECCLESIASTIC/E
2289 347 2523 408 LIBER
2561 347 2659 409 IV.

3445 345 3584 410 27M.

297 460 333 518 ἡ
380 451 662 522 Ἀντιὸχου
712 455 1132 529 προσηγορεύθη
1171 460 1346 526 πόλις,
1381 465 1476 517 καὶ
1531 464 1700 536 ἄλλης
1742 485 1880 520 ποο-

2004 477 2238 539 [uassata
2267 477 2371 522 est.
2408 467 2529 535 Quo
2553 465 2778 536 quidem
2825 474 3077 536 tempore
3122 465 3421 537 'l'heopolis
3458 485 3582 523 mn-

296 546 453 609 νοὲας
484 545 620 615 πρὸς
650 545 744 600 τοῦ
776 547 1045 618 βασιλέως
1076 550 1334 622 τυχοῦσα.

922 755 1176 813 ΚΕΦΑΛ.
1203 759 1280 813 Z'.

337 842 480 912 Περὶ
511 841 755 913 Ζωσιμᾶ
781 846 877 900 καί
898 846 1182 902 Ἰωάννου
1213 848 1332 903 τῶν
1361 853 1850 924 θαυματουρπιῶν.

369 958 520 1012 Ἀλλ’
553 960 680 1013 ἐπεὶ
711 959 821 1013 τῶν
841 959 888 992 ⁸³
919 961 1600 1036 εἰρημένωνὲμνὴσθημεν
1629 966 1891 1038 παθημά-

298 1068 434 1117 των,
471 1051 608 1122 φέρι
629 1052 725 1106 καὶ
753 1052 914 1123 ἕτερα
935 1053 1074 1108 ἄττα
1090 1055 1198 1110 τῶν
1215 1056 1510 1125 ἀξιολόγων
1565 1059 1645 1132 τῷ
1668 1061 1896 1132 παρόντι

301 1143 644 1215 σροσθῶμεν
708 1145 876 1213 πόνῳ,
919 1146 1065 1218 ἅπερ
1118 1148 1176 1210 ἐς
1219 1149 1366 1218 ἡμᾶς
1405 1153 1470 1203 ὲκ
1520 1152 1630 1205 τῶν
1676 1155 1896 1224 ἱστορη-

305 1241 522 1293 σάντων
551 1238 859 1310 ἐνήνεκται.
886 1241 1146 1311 Ζωσιμᾶς
1177 1244 1339 1313 ἀνὴρ,
1383 1244 1539 1313 γένος
1569 1245 1771 1315 φοίνιξ,
1798 1249 1896 1318 τῆς

302 1334 612 1404 λεγομένης
663 1333 972 1403 παραλίας,
1005 1333 1199 1404 κώμην
1257 1320 1450 1405 Σίνδην
1493 1339 1724 1409 πατρίδα
1760 1338 1896 1410 κλη-

306 1428 649 1496 ρωσάμενος,
715 1427 1005 1497 διέχουσαν
1046 1428 1147 1498 τῆς
1183 1427 1294 1480 τῶν
1339 1429 1556 1499 Τυρίων
1599 1429 1714 1484 οὔτι
1767 1447 1898 1484 στα-

305 1518 453 1580 δίους
499 1525 566 1575 κ’.
591 1512 687 1572 τὸν
723 1520 933 1590 μονήρη
971 1519 1270 1574 διαθλεύων
1298 1519 1346 1555 ⁹⁰
1394 1521 1528 1592 βίον.
1561 1518 1728 1585 Οὗτος
1774 1525 1896 1587 ταῖς

299 1627 365 1661 τε
416 1609 640 1677 ageam
686 1611 782 1664 καὶ
819 1609 1073 1680 μεθέξεσι
1105 1612 1215 1665 τῶν
1244 1610 1485 1682 τροφῶν,
1519 1613 1614 1667 καὶ
1651 1615 1772 1677 ταῖς
1800 1614 1896 1668 ἄλ-

305 1717 436 1763 ιαις
477 1704 704 1772 ἀρεταῖς
743 1701 839 1756 τοῦ
869 1701 1008 1773 βίου,
1039 1701 1133 1756 τὸν
1162 1703 1296 1757 Θεὸν
1325 1705 1761 1776 ὲσοικισάμενος,
1821 1706 1897 1770 ὡς

1974 573 2104 618 tato
2147 561 2372 616 nomine
2413 561 2685 632 appellata
2712 568 2817 623 est,
2849 559 3232 629 et-imperator
3269 561 3421 614 onmi
3451 577 3581 616 cura

1988 672 2054 712 ac
2085 655 2371 727 diligentia
2409 655 2461 710 ei
2493 653 2796 724 prospexit.

2517 764 2683 834 339
2730 763 2882 819 CAP.
2930 764 3046 819 vn.

2063 858 2140 914 De
2171 856 2382 912 Zosima
2414 866 2464 910 et
2485 856 2693 910 Joanne
2724 857 2813 925 qui
2854 855 3128 910 miraculis
3171 867 3510 912 ctaruerunt.

2066 971 2172 1028 Sed
2210 972 2470 1042 quoniam
2522 970 2872 1040 superiorum
2923 969 3296 1023 calamitatum
3345 971 3584 1024 mentio-

1993 1085 2122 1123 nem
2170 1067 2422 1131 fecimus,
2456 1083 2605 1120 nunc
2653 1065 2757 1118 alia
2801 1061 3047 1134 quaedam
3082 1063 3235 1132 operi
3264 1073 3455 1118 nostro
3498 1072 3583 1116 at-

1997 1170 2266 1224 texamus,
2298 1169 2602 1214 memoratu
2651 1159 2706 1211 in
2756 1157 2954 1225 primis
2983 1157 3168 1226 digna,
3205 1173 3328 1227 qua:
3371 1156 3439 1210 ab
3479 1155 3587 1210 illis

1999 1253 2134 1323 ipsis
2177 1251 2272 1322 qui
2304 1268 2367 1307 ea
2416 1251 2672 1306 viderant
2705 1250 3040 1318 accepimus.
3086 1249 3332 1303 Zosimas
3360 1247 3584 1318 quidem

1997 1348 2101 1403 fuit
2150 1347 2476 1411 monachus,
2519 1355 2676 1400 ortus
2722 1361 2788 1398 ex
2834 1343 3094 1399 Phoenice
3143 1358 3264 1412 qua:
3311 1340 3585 1394 maritima

1999 1439 2205 1494 dicitur
2232 1457 2245 1493 :
2275 1437 2513 1494 Patriam
2538 1436 2734 1491 habuit
2759 1434 3004 1498 Sindem,
3026 1434 3209 1489 vicum
3237 1432 3332 1503 qui
3359 1432 3427 1487 ab
3452 1433 3586 1486 urbe

1989 1520 2145 1604 Tyro
2186 1530 2378 1603 viginti
2430 1529 2545 1585 fere
2595 1527 2788 1584 stadiis
2834 1527 3022 1582 distat.
3072 1527 3122 1581 ls
3172 1535 3286 1580 tum
3336 1525 3586 1579 ciborum

1999 1626 2331 1681 abstinentia
2364 1634 2421 1680 et
2449 1640 2575 1688 usu,
2610 1632 2727 1676 tum
2773 1621 2896 1676 aliis
2930 1619 3250 1684 virtutibus,
3299 1619 3372 1674 ita
3413 1619 3588 1673 Deum

2001 1719 2106 1773 sibi
2130 1717 2546 1780 conciliaverat,
2577 1725 2640 1769 ut
2673 1730 2782 1769 non
2810 1713 2974 1768 modo
2993 1728 3054 1767 ea
3083 1728 3204 1782 qua:
3226 1711 3407 1766 futura
3429 1719 3590 1764 erant

286 1827 292 1830 -
307 1795 383 1862 μὴ
407 1795 567 1864 μόνον
579 1793 761 1865 διορᾷν
772 1794 842 1847 τὰ
860 1794 1297 1864 μέλλοντα,ἁλλὰ
1311 1797 1405 1850 καὶ
1418 1797 1600 1868 πάσης
1622 1798 1895 1864 ἀπαθείας

2004 1811 2360 1883 przevideret.
2403 1824 2595 1864 verum
2642 1808 2808 1862 etiam
2849 1805 2918 1861 ab
2972 1805 3122 1859 omni
3170 1802 3589 1874 perturbatione

305 1884 474 1955 χάριν
497 1883 702 1945 λαϐεῖν,
719 1883 884 1950 συνῆν
906 1886 1017 1938 τῶν
1032 1903 1137 1938 τινι
1155 1887 1318 1957 ὲπισή
1331 1903 1444 1957 μων
1455 1887 1558 1942 ἀνὰ
1577 1887 1671 1960 τὴν
1687 1888 1898 1942 Καίσα-

305 1994 403 2046 ρος
433 1975 588 2030 πόλιν
613 1977 746 2048 (29),
770 1978 804 2048 ἦ
830 1979 958 2047 μιᾶς
975 1978 1084 2031 τῶν
1104 1979 1477 2034 Παλαιστίνων
1497 1982 1732 2050 ἡγεῖται·
1752 1977 1820 2053 ἦν
1842 1979 1900 2035 δὲ

303 2069 417 2138 ἄρα
433 2064 588 2133 οὗτος
603 2070 976 2141 Ἀρκεσίλαος,
993 2070 1131 2142 ἀνὴρ
1148 2072 1480 2143 εὐπατρίδης
1496 2089 1554 2126 τε
1578 2073 1674 2126 καὶ
1696 2072 1898 2141 λόγιος,

304 2156 368 2213 εὖ
389 2177 452 2214 τε
468 2161 798 2232 ἀξιωμάτων
820 2161 918 2215 καὶ
944 2161 1054 2216 τῶν
1069 2162 1274 2215 λοιπῶν
1307 2162 1417 2216 τῶν
1443 2162 1788 2233 κοσμούντων
1804 2164 1902 2218 ἀν-

301 2251 436 2321 δρὸς
452 2252 565 2322 βίον
583 2248 933 2324 ἧκων.οὖτος
952 2254 1249 2324 ὸΖωσιμᾶς
1269 2257 1327 2308 ὲν
1347 2251 1425 2326 τῷ
1446 2257 1647 2326 ἀκαρεῖ
1667 2257 1765 2326 τῆς
1781 2255 1905 2308 Ἀνο

303 2345 491 2413 τιόχου
516 2343 778 2408 πτώσεως
800 2343 866 2398 ae
877 2345 1001 2415 ρόον
1033 2345 1464 2414 ἑπιστυγνάσας,
1501 2346 1904 2417 ὀλοφυρόμενος

303 2440 494 2498 simul
515 2436 706 2508 μύχιον
723 2437 1053 2509 ἀνοιμώξας,
1075 2439 1291 2510 δάκρυά
1309 2456 1369 2493 τε
1387 2439 1627 2494 τοσαῦτα
1652 2439 1901 2502 σπείσας,

301 2531 387 2595 ὡς
399 2531 496 2584 καὶ
516 2531 614 2604 τὴν
636 2531 744 2601 γῆν
763 2533 956 2604 ὲπισρὲ
967 2533 1073 2599 est,
1093 2532 1459 2605 θυμιατήριον
1473 2535 1797 2608 ἐξῃτήσατο,
1813 2535 1905 2587 καὶ

307 2625 494 2676 πάντα
519 2623 611 2677 τὸν
649 2624 826 2696 χῶρον
855 2625 914 2678 ἐν
943 2619 987 2693 ᾧ
1017 2625 1478 2696 καθειστήκεισαν
1513 2627 1902 2696 ἐπιθυμιάσας,

305 2716 408 2768 ἐπὶ
432 2717 538 2785 γῆς
566 2718 760 2771 ἑαυτὸν
799 2717 1002 2789 ῥίπτει,
1042 2721 1374 2790 προσευχαῖς
1406 2737 1466 2773 τε
1498 2720 1592 2774 καὶ
1617 2721 1790 2784 λιταῖς
1815 2721 1904 2772 τὸν

311 2805 454 2859 Θεὸν
499 2807 833 2877 ίλεούμενος.
887 2805 1023 2862 Εῐτα
1072 2809 1482 2878 πυνθανομένου
1525 2808 1618 2862 τοῦ
1652 2810 1906 2879 Ἀρκεσι-

318 2902 474 2960 λάου.
513 2902 565 2953 τί
595 2902 707 2971 ἄρα
726 2902 789 2954 τὸ
829 2901 972 2955 οὕτω
1002 2901 1337 2974 διαταράξειν
1369 2902 1478 2972 εἴη,
1510 2901 1808 2974 διαρρήδην
1831 2896 1905 2954 εἷ-

317 3011 412 3056 πε,
446 2994 544 3065 τὴν
572 2995 712 3066 ἠχὴν
737 2993 837 3066 τῆς
861 2997 1135 3067 Ἀντιόχου
1180 2996 1442 3060 πτώσεως
1481 2997 1679 3050 αὐτίκα
1706 2996 1773 3049 τὰ
1794 2990 1909 3050 ὦτά

312 3089 365 3141 oi
411 3089 843 3158 περιϐομὸῆσαι.
880 3089 1066 3142 ’Ὥστε
1109 3089 1202 3143 τὸν
1259 3089 1612 3160 Ἀρκεσίλαον
1657 3089 1908 3152 καὶτοὺς

2002 1904 2171 1960 animi
2209 1921 2304 1974 per
2333 1902 2430 1957 Dei
2464 1902 2696 1973 gratiam
2741 1899 2884 1954 liber
2917 1908 3082 1954 esset.
3113 1897 3250 1953 Cum
3286 1896 3451 1965 igitur
3487 1894 3588 1949 ali—

1993 1997 2224 2068 quando
2263 2003 2408 2050 esset
2451 1995 2505 2048 in
2552 1993 2688 2047 urbe
2718 1991 2966 2047 Caesarea
2992 2006 3114 2060 qua:
3157 1987 3478 2056 metropolis
3507 1993 3590 2040 est

2003 2089 2169 2144 unius
2197 2104 2227 2142 e
2262 2087 2441 2142 tribus
2487 2084 2815 2148 Palaestinis,
2852 2083 2908 2137 in
2948 2081 3160 2137 aedibus
3207 2077 3590 2149 spectatissimi

2003 2179 2287 2250 cujusdam
2332 2177 2439 2231 viri
2472 2195 2486 2229 :
2525 2175 2570 2229 is
2608 2183 2728 2230 erat
2760 2172 3095 2236 Arcesilaus,
3138 2170 3226 2223 vir
3287 2167 3493 2223 nobilis
3535 2176 3593 2221 et

2003 2270 2278 2334 eruditus,
2319 2268 2412 2339 qui
2445 2277 2501 2322 et
2534 2266 2843 2320 honoribus
2885 2279 3025 2334 quos
3068 2270 3332 2334 gesserat,
3363 2268 3418 2314 et
3461 2259 3592 2312 reli-

2005 2362 2129 2432 quis
2169 2362 2297 2415 vitie
2340 2358 2680 2414 ornamentis
2737 2359 3070 2426 conspicuus
3131 2354 3482 2408 habebatur:
3514 2352 3594 2406 Eo

2006 2453 2125 2526 ipso
2158 2451 2422 2523 temporis
2467 2449 2700 2505 articulo
2745 2464 2855 2519 quo
2898 2447 3192 2504 Antiochia
3239 2455 3400 2501 terrae
3440 2455 3592 2499 motu

2006 2549 2274 2604 subversa
2321 2556 2425 2607 est,
2479 2553 2707 2615 repente
2761 2552 2972 2598 mutato
3020 2543 3177 2597 vultu
3229 2542 3596 2612 ingemiscens

2007 2649 2170 2709 atque
2211 2638 2380 2692 altum
2411 2637 2718 2706 suspirans,
2756 2642 2962 2687 tantam
2991 2631 3355 2704 lacrymarum
3383 2631 3595 2700 copiam

2006 2729 2222 2792 effudit,
2258 2735 2317 2781 ut
2361 2729 2539 2782 solmn
2583 2723 2974 2779 madefaceret.
3029 2721 3202 2778 Simul
3249 2722 3597 2776 thuribulum

2007 2817 2280 2886 poposcit,
2314 2829 2522 2884 perque
2553 2813 2874 2868 universum
2920 2814 3103 2868 locum
3134 2813 3190 2867 in
3225 2828 3332 2882 quo
3359 2811 3596 2872 stabant,

2008 2923 2134 2963 cum
2167 2907 2293 2961 thus
2327 2905 2678 2968 adolevisset,
2714 2905 2868 2960 humi
2899 2921 2957 2960 se
2988 2905 3308 2976 prostravit,
3340 2903 3600 2973 precibus

2009 3012 2074 3053 ac
2124 2996 2626 3067 supplicationibus
2671 2997 2842 3050 Deum
2895 2996 3236 3065 placaturus.
3285 2993 3601 3048 Sciscitanti

2011 3092 2211 3148 deinde
2241 3093 2542 3155 Arcesilae,
2581 3091 2844 3162 quidnam
2875 3101 3022 3146 esset
3054 3090 3201 3160 quod
3232 3091 3385 3144 illum
3418 3098 3600 3143 tanto-

314 3198 394 3232 πα
403 3181 767 3250 ρατετυχότας
785 3182 1274 3252 ἐκπεπληγμένους
1287 3182 1602 3252 ἀναγράψαι
1616 3181 1714 3253 τὴν
1729 3183 1899 3252 ὥραν,

2010 3201 2139 3256 pere
2213 3185 2633 3250 conturbasset,
2696 3183 2903 3239 diserte
2976 3181 3266 3253 respondit
3328 3181 3600 3252 fragorem

315 3273 500 3345 εὑρεῖν
529 3291 587 3327 τε
623 3276 678 3338 ἐς
711 3274 940 3346 ὕστερον
975 3274 1148 3340 οὕτως
1179 3275 1256 3339 ὡς
1283 3278 1310 3329 ὁ
1339 3276 1594 3346 Ζωσιμᾶς
1621 3275 1907 3344 ἀπεφήνα-

314 3383 402 3422 το.
439 3367 538 3420 Διὰ
569 3366 762 3420 τούτου
798 3366 993 3420 πολλαί
1019 3385 1079 3420 τε
1119 3369 1214 3422 καὶ
1243 3367 1431 3437 ἕτεραι
1463 3367 1787 3438 θεοσημείαι
1813 3384 1908 3434 γε-

316 3460 566 3529 γόνασιν,
599 3454 676 3515 ὧν
705 3459 767 3513 τὸ
813 3458 1018 3548 πλῆθος
1063 3462 1279 3530 παρεὶς,
1309 3461 1432 3514 ἐπεὶ
1465 3461 1558 3514 καὶ
1605 3459 1912 3532 κρείττονος

2015 3277 2228 3332 ruentis
2275 3277 2583 3332 Antiochiae
2620 3276 2848 3331 auribus
2886 3276 3002 3331 suis
3047 3275 3214 3330 modo
3265 3273 3600 3328 insonuisse.

2016 3370 2167 3425 Adeo
2204 3380 2264 3425 ut
2296 3371 2612 3425 Arcesilaus
2655 3378 2711 3423 et
2754 3369 2847 3439 qui
2899 3378 3014 3423 tum
3065 3369 3333 3432 aderant,
3379 3375 3603 3435 stupore

2016 3461 2282 3533 perculsi,
2305 3461 2498 3516 horam
2526 3460 2935 3525 adnotaverint,
2968 3470 3271 3531 posteaque
3294 3457 3604 3530 deprehen-

1608 3605 1843 3662 νΑιιιιΕ
1875 3605 2173 3663 LECTION
2183 3607 2284 3664 ES.

398 3703 446 3731 "’
467 3699 528 3754 C.
561 3699 625 3756 C.
655 3700 874 3772 ἐπειδή.
952 3702 998 3733 ⁹⁰
1015 3699 1486 3772 διαθριαμὸεύων.

1533 3818 1802 3874 νΑιδΕδιι
1838 3820 2398 3877 ANNOTATIONES.

326 3923 384 3978 id
411 3925 842 3988 cognomentum
873 3915 1185 3971 Antiochiae
1239 3917 1481 3971 inditum
1522 3933 1644 3973 esse
1693 3917 1916 3988 scribit.

329 3987 677 4050 tdem’etiam
705 3997 940 4060 testatur
971 3989 1306 4060 Stephanus
1358 3988 1654 4060 Byzantius
1689 3987 1744 4042 in
1766 4004 1920 4060 voce

326 4061 648 4122 Θεούπολις,
679 4066 735 4111 et
769 4057 1139 4128 Theophanes
1166 4060 1218 4112 in
1256 4057 1532 4114 Chronico.
1561 4057 1804 4129 Contigit
1830 4059 1923 4114 hic

331 4131 613 4206 posterior
641 4140 799 4206 terra:
828 4139 1037 4206 _tuotus,
1074 4131 1280 4206 mensis
1300 4130 1630 4206 Novembris
1653 4129 1742 4184 die
1772 4145 1922 4206 nono

331 4201 399 4261 ac
419 4201 708 4264 vicesimo,
749 4201 1054 4255 indictione
1075 4202 1330 4270 septima,
1372 4202 1598 4256 biennio
1623 4210 1748 4270 post
1771 4201 1924 4270 prio-

337 4293 457 4332 rem
486 4282 647 4328 terra:
679 4282 910 4326 motum.
936 4282 997 4326 ut
1025 4273 1219 4326 scribit
1283 4272 1426 4326 idem
1482 4272 1738 4340 'l‘heoph.
1797 4288 1919 4342 pag.

339 4348 467 4409 liii.
499 4359 596 4399 seu
624 4343 812 4412 potius
854 4343 1078 4411 triginta
1125 4343 1408 4397 mensibus
1433 4343 1637 4411 elapsis
1669 4358 1699 4395 a
1731 4344 1921 4412 priore

339 4422 438 4476 illo
493 4427 653 4471 terrae
686 4425 864 4470 ιιιοιιι.
912 4422 974 4465 ιιι
1026 4423 1176 4466 recte
1230 4414 1425 4467 scribit
1480 4413 1769 4482 Evagrius.
1819 4413 1924 4468 Tot

337 4491 492 4547 enim
533 4493 896 4538 numerantur
937 4498 1155 4538 menses
1221 4499 1250 4536 a
1293 4483 1381 4537 die
1425 4485 1494 4538 ‘29
1528 4484 1735 4537 mensis
1772 4483 1919 4547 Maii,

343 4575 494 4616 anno
541 4554 747 4608 Christi
803 4553 926 4616 5‘23,
959 4554 1026 4606 ad
1089 4554 1234 4607 diem
1269 4554 1339 4608 ‘19
1392 4554 1742 4617 Novembris,
1789 4556 1919 4608 anni

339 4627 550 4687 Christi
582 4625 700 4679 528.
735 4624 857 4689 Quo
887 4624 1110 4694 quidem
1159 4640 1304 4678 anno
1359 4623 1590 4678 indictio
1625 4626 1861 4692 septima
1890 4643 1921 4680 a

343 4697 660 4770 Septembri
713 4712 908 4770 mense
940 4695 1221 4770 numerari
1247 4705 1514 4770 coeperat.
1573 4695 1653 4770 Es
1679 4711 1790 4763 quo
1820 4711 1921 4763 ap-

344 4764 506 4844 paret
535 4767 882 4844 verissimum
907 4781 1028 4820 esse
1065 4766 1118 4820 id
1145 4765 1290 4835 quod
1319 4767 1577 4844 superius
1602 4764 1920 4844 observavi,

345 4835 594 4915 priorem}
637 4839 815 4915 _ill_u_r_n_
830 4847 1020 4915 “terra:
1054 4849 1265 4891 motum
1303 4837 1615 4915 Antiochia;
1653 4835 1921 4915 accidisse

345 4907 497 4970 anno
519 4911 724 4967 Christi
909 4923 1020 4960 non
1059 4919 1265 4971 autem,
1317 4917 1379 4962 ut
1414 4907 1684 4961 Baronius
1730 4907 1923 4960 existi-

347 4985 540 5041 mavit.
573 4979 698 5034 5'25.
735 4978 1109 5033 Posteriorem
1139 4989 1320 5033 tamen
1351 4989 1512 5035 terra:
1541 4986 1747 5030 motum
1775 4984 1923 5031 recte

347 5053 621 5110 Baronius
678 5049 870 5104 retulit
936 5065 1081 5103 anno
1105 5049 1309 5104 Christi
1365 5050 1488 5111 5:28,
1547 5048 1691 5117 quod
1728 5063 1922 5102 verum

346 5135 454 5182 est.
490 5123 625 5178 Nam
652 5137 778 5175 cum
810 5119 1025 5189 Evagrii
1045 5121 1288 5175 calculos
1313 5129 1601 5189 sequatur,
1629 5134 1755 5172 emn
1811 5125 1923 5170 ter-

347 5213 429 5251 rae
446 5204 651 5248 motum
675 5207 821 5246 anno
849 5192 951 5246 527
1005 5190 1211 5246 referre
1261 5191 1530 5244 debuerat
1570 5208 1583 5242 :
1645 5189 1920 5256 siquidem

351 5268 506 5336 prior
531 5265 620 5319 ille
645 5273 806 5336 terra:
837 5271 1022 5336 motus
1042 5262 1368 5327 Antiochiae,
1397 5277 1544 5315 anno
1565 5260 1668 5314 5‘25
1721 5261 1923 5314 natalis

350 5334 627 5393 Dominici
662 5334 1005 5404 contigisset.

425 5407 536 5477 (29)
613 5405 732 5477 Τῶν
791 5401 917 5477 τὶνιᾼ
940 5402 1254 5471 ἐπισήμων
1315 5403 1432 5457 ἀνὰ
1475 5401 1589 5467 τὴν
1621 5403 1924 5477 Καίσαρος

351 5473 559 5535 πόλιν.
589 5476 869 5530 Masculus
906 5475 1006 5530 has
1056 5483 1365 5544 postremas
1417 5489 1578 5527 voces
1636 5473 1824 5544 retulit
1853 5474 1920 5526 ad

352 5548 686 5604 vocabulum
725 5547 1028 5616 ἐπισήμων.
1058 5543 1152 5601 Sic
1201 5545 1349 5599 enim
1384 5545 1585 5616 vertit:
1642 5543 1741 5597 Πιε
1790 5544 1924 5611 jun-

353 5627 469 5675 ctus
493 5626 610 5671 erat
639 5616 798 5670 nobili
848 5615 1060 5670 cuidam
1114 5616 1448 5672 Cresariensi.
1494 5615 1671 5669 Aliter
1742 5625 1924 5668 tamen

357 5691 475 5744 haec
507 5688 674 5743 verba
726 5688 1034 5741 construxit
1058 5687 1402 5756 Nicephorus
1435 5694 1491 5740 et
1533 5685 1926 5754 Christophor-

357 5777 553 5823 sonus,
579 5767 635 5813 et
666 5775 729 5814 ea
757 5758 946 5812 retulit
965 5758 1031 5811 ad
1059 5758 1290 5812 verbum
1321 5759 1507 5825 συνῆν.
1551 5757 1694 5825 quod
1721 5772 1924 5825 praece-

361 5832 464 5885 dit.
494 5830 670 5898 Quam
693 5829 916 5901 quidem
940 5830 1273 5884 sententiam
1301 5828 1474 5899 magis
1501 5827 1698 5898 probo.
1751 5827 1919 5882 Dubi-

2026 3917 2296 3971 tationem
2320 3929 2499 3971 tamen
2533 3914 2696 3969 aﬂ‘ert
2718 3913 2772 3968 id
2803 3909 2951 3982 quod
2979 3905 3316 3982 sequituriin
3343 3907 3605 3982 Evagrio,

2025 3988 2300 4041 Zosimam
2334 3989 2548 4042 scilicet
2588 3986 2657 4039 ab
2687 3979 3005 4039 astantibus
3061 3979 3378 4051 postulasse
3431 3979 3611 4033 thuri.

2028 4058 2244 4112 bulum.
2280 4057 2415 4112 Nam
2471 4058 2515 4111 si
2545 4056 2793 4110 Zosimas
2839 4064 2962 4108 erat
3030 4052 3084 4106 in
3128 4051 3294 4105 domo
3341 4051 3608 4107 Arcesilai

2025 4129 2174 4192 laici,
2212 4127 2491 4198 quomodo
2524 4125 2870 4198 thuribulum
2892 4123 3023 4198 _illic
3057 4123 3364 4198 quaerebat,
3398 4137 3524 4198 cum
3553 4122 3611 4176 in

2026 4190 2195 4255 domo
2225 4190 2349 4254 laici
2384 4199 2554 4252 moris
2578 4214 2686 4252 non
2718 4197 2790 4250 sit
2819 4194 3023 4248 habere
3049 4190 3357 4247 thuribula.
3398 4190 3615 4260 [Sciena

2030 4272 2159 4326 dum
2194 4280 2380 4324 tamen
2405 4276 2490 4323 est
2533 4269 2704 4322 moris
2731 4267 2887 4320 illum
2924 4266 3094 4318 fuisse
3128 4275 3185 4317 ut
3213 4263 3516 4318 Christiani
3553 4264 3611 4318 in

2031 4342 2266 4412 privatis
2300 4340 2513 4412 aedibus
2540 4339 2828 4412 incensum
2856 4336 3148 4399 haberent,
3187 4344 3245 4388 et
3301 4344 3428 4412 ante
3479 4350 3614 4412 ora-t

2031 4403 2238 4466 tionem
2291 4409 2706 4464 thuriticatione
2755 4415 3081 4470 uterentur;
3145 4403 3614 4474 quemadmodum

2031 4482 2553 4537 observatJoannes
2589 4481 2760 4542 Bona,
2786 4480 2840 4532 in
2860 4478 2958 4530 lib.
2999 4494 3034 4530 ιι
3088 4475 3284 4528 Rerum
3332 4475 3614 4544 litui-gicaq

1956 4539 1997 4592 D
2030 4571 2170 4618 rum,
2206 4568 2330 4622 cap.
2355 4554 2409 4615 9,
2449 4551 2604 4604 nullo
2637 4539 2964 4622 tamenejus
3003 4550 3079 4600 rei
3107 4539 3610 4622 p_rolato_testimo-

2025 4615 2166 4678 nio.'
2195 4615 2286 4677 De'
2329 4622 2482 4676 laieis
2531 4622 2587 4674 in
2640 4615 2888 4674 ecclesia
2928 4622 3058 4671 thus
3085 4615 3441 4669 adolentibus
3481 4623 3613 4668 ante

2025 4694 2336 4747 orationem
2362 4693 2518 4746 locus
2537 4700 2623 4746 est
2648 4689 2882 4759 insignis
2919 4689 3062 4742 infra
3092 4687 3148 4759 in
3191 4685 3290 4740 lib.
3315 4685 3508 4759 vtubi
3531 4686 3612 4759 _de

2026 4765 2199 4832 signis
2233 4763 2452 4833 imperii
2480 4777 2603 4833 qua:
2644 4755 2930 4833 Mauricio,
2957 4758 3334 4833 contigerunt.
3373 4755 3611 4826 Chorip—

2025 4829 2130 4904 pus
2154 4837 2205 4888 in
2234 4829 2332 4888 lib'.
2358 4850 2394 4888 ιι
2424 4829 2511 4885 De
2525 4832 2768 4886 laudibus
2791 4830 2992 4884 Justini
3041 4829 3299 4882 minoris:

2168 4926 2191 4980 l
2203 4927 2320 4980 licet
2345 4925 2569 4995 angelici
2593 4940 2811 4994 pergens
2830 4924 2899 4975 ad
2928 4922 3115 4975 limina
3158 4919 3361 4995 templi,

2163 4992 2428 5125 (Igpqsuit
2461 4998 2549 5066 pia
2575 4992 2730 5048 thura
2755 4995 2902 5064 focis,
2935 5007 3186 5063 cerasque
3224 4992 3479 5045 micantes

2243 5077 2298 5121 tu
2326 5079 2386 5121 tt.
2419 5107 2433 5121 .

2026 5189 2083 5242 In
2110 5187 2225 5242 Vita
2255 5185 2542 5256 Paphnutii
2569 5183 2772 5256 abbatis
2801 5197 2922 5256 quae
2951 5190 3132 5256 exstat
3159 5180 3310 5256 inter
3333 5178 3480 5256 Vitas
3503 5177 3614 5232 Pa-

2026 5270 2190 5321 trum,
2219 5250 2348 5327 pag.
2401 5255 2530 5327 105,
2562 5254 2886 5327 Onuphrins
2933 5253 3108 5327 abbas
3159 5252 3277 5327 haec
3318 5250 3610 5327 mandasse

2025 5319 2237 5384 dicitur
2259 5319 2574 5396 Paphnutio
2602 5342 2615 5377 :
2652 5319 2709 5378 Si
2744 5326 2860 5394 quis
2885 5340 2979 5376 nec
3010 5322 3332 5396 oblationem
3347 5336 3447 5396 nec
3473 5319 3614 5373 elec-

2025 5417 2302 5470 mosynam
2324 5393 2492 5468 potest
2523 5397 2728 5470 oﬁ‘erre,
2757 5393 2852 5470 pro
2881 5395 3154 5470 charitate
3196 5407 3314 5470 mea
3339 5393 3612 5470 incensum

2025 5461 2253 5526 Doniino
2278 5461 2386 5522 Deo
2422 5461 2603 5522 nostro
2651 5468 2707 5520 in
2745 5461 2960 5519 odorem
3005 5465 3288 5518 suavitatis
3335 5461 3609 5514 accendat.

2025 5544 2094 5597 Et
2126 5541 2289 5612 paulo
2316 5548 2478 5612 post:
2522 5537 2579 5593 Si
2610 5539 2881 5612 incensum
2912 5552 3002 5612 nec
3036 5535 3150 5606 quis
3179 5533 3355 5595 habet,
3404 5548 3497 5585 nec
3523 5532 3611 5612 [ιι-ς

2025 5605 2237 5667 ειιίιάιὶδ
2265 5605 2472 5682 aliquid
2536 5609 2673 5663 unde
2730 5607 2899 5661 Deum
2945 5605 3162 5682 placare
3205 5612 3397 5682 potest,
3425 5609 3611 5672 surgat

2025 5687 2097 5738 ad
2126 5675 2535 5742 immolandum,
2562 5690 2611 5734 et
2635 5695 2822 5733 manus
2838 5675 2966 5732 suas
3016 5677 3085 5732 ad
3108 5675 3397 5730 Dominum
3423 5685 3609 5727 exten-

2026 5755 2140 5819 dat,
2173 5764 2254 5807 ter
2289 5752 2619 5806 ﬂaminicam
2643 5749 2950 5804 Orationem
2993 5763 3089 5818 pro
3136 5762 3217 5819 nte
3246 5761 3364 5819 cum
3403 5745 3609 5800 intenta

2030 5815 2198 5881 mente
2231 5832 2277 5877 et
2305 5823 2358 5877 in
2387 5822 2599 5880 nomine
2631 5819 2688 5876 S.
2729 5815 3002 5876 Trinitatis
3045 5815 3292 5890 psallat]
