4048 6516
220 359 392 423 2⁷71⁸1

1200 346 1589 424 ΗῙΞΤΟΒΗΕ
1626 364 2224 428 ΕΕΟιΕΞῙΑΞΤΙΟιλΕ
2253 366 2486 429 LIBER
2524 370 2625 431 IV.

3386 369 3533 436 2718

222 473 421 543 κορὴς
470 472 499 526 ὁ
540 469 680 525 λέων
711 470 777 526 ὲκ
811 472 913 543 τῆς
943 470 1127 544 θοίνης
1150 472 1248 526 τοῦ
1282 472 1423 538 ζώου
1460 474 1672 543 γέγονε*
1699 474 1838 545 πρὸς

1943 472 2270 530 Chuzibitaa.
2309 475 2480 545 quue
2529 477 2604 531 ita
2654 475 2860 539 evenit,
2910 475 3182 531 ambobus
3229 476 3340 532 illis
3368 478 3531 548 iustis

223 566 293 619 ὃν
318 564 658 633 ἐπιγελάσας
682 566 711 618 ὁ
742 566 1001 634 Ζωσιμᾶς
1026 581 1214 636 φησιν,
1240 565 1376 619 ἀλλὰ
1395 566 1524 636 γὰρ,
1558 558 1604 619 ὦ
1629 566 1834 636 ἑταῖρε,

222 655 305 709 τὰ
342 656 449 726 τῆς
468 655 694 727 πορείας
715 655 840 724 ἐμοὶ
857 654 1460 726 διακέκοπται,πάχητί
1487 671 1546 708 τε
1573 654 1835 725 δντι(52),

220 749 444 821 πόρρω
474 766 534 802 τε
568 748 668 819 τῆς
698 747 919 818 ἡλικίας
954 748 1266 819 ἀφιγμένῳ,
1318 749 1410 802 καὶ
1444 747 1520 819 μὴ
1553 748 1838 820 δυναμένῳ

224 844 583 914 πρωτοφορεῖν
614 845 685 896 τὰ
712 841 808 896 ἐπὶ
834 840 932 895 τοῦ
959 841 1081 895 ὄνου
1123 840 1458 911 σεσαγμένα.
1487 841 1838 912 ’Δχθοφορεῖν

232 930 339 988 οὖν
371 935 589 1003 ἀνάγκη
625 951 685 987 σε
708 934 859 1003 παρὰ
894 933 986 987 τὸν
1028 933 1229 1004 θεσμὸν
1267 936 1367 1004 τῆς
1397 933 1636 1003 φύσεως,
1678 934 1838 1005 είπερ

229 1024 457 1089 ὲθέλεις
481 1023 592 1077 τῶν
626 1023 900 1089 ἐντεῦθεν,
943 1024 1034 1078 τὸν
1073 1025 1332 1094 Ζωσιμᾶν
1374 1024 1835 1089 ἀπαλλάττεσθαι,

233 1119 344 1172 καὶ
377 1116 572 1189 θηρίον
606 1112 767 1181 αὖθις
806 1112 971 1171 εἶναι.
1013 1114 1071 1169 Ὀ
1100 1116 1180 1183 δὲ,
1220 1115 1317 1169 τοῦ
1362 1116 1536 1186 θυμοῦ
1579 1116 1838 1182 καθάπαξ

228 1208 699 1280 ἐπιλελησμένος,
742 1208 1030 1274 θπέσαινε,
1075 1209 1171 1261 καὶ
1214 1207 1291 1278 τῷ
1324 1210 1552 1280 Ζωσιμᾷ
1580 1209 1655 1272 ὼς
1686 1209 1839 1280 ἐτρε-

228 1320 298 1373 χε
335 1303 459 1372 (55)
483 1302 675 1374 πράως
723 1300 908 1367 εὐθὺς,
945 1302 1040 1355 καὶ
1069 1300 1157 1355 διὰ
1182 1301 1277 1355 τοῦ
1313 1302 1594 1372 σχήματος
1624 1303 1753 1357 ὲσόα
1777 1304 1839 1357 τὸ

226 1387 621 1465 memmva
643 1394 888 1466 περιθεὶς
912 1396 940 1448 ὁ
960 1396 1218 1464 Ζωσιμᾶς
1243 1394 1338 1447 τοῦ
1358 1394 1479 1449 ὖνου
1508 1395 1569 1448 τὸ
1595 1396 1835 1467 φορτίον,

226 1487 412 1558 μέχρι
440 1488 553 1542 τῶν
592 1486 778 1541 πυλῶν
816 1485 917 1556 τῆς
940 1486 1220 1558 Καίσαρος
1260 1486 1460 1558 ἤγαγε,
1501 1487 1716 1551 δεικνὺς
1741 1486 1836 1542 τοῦ

222 1580 380 1634 Θεοῦ
413 1580 513 1650 τὴν
559 1579 814 1650 δύναμιν,
865 1579 965 1634 καὶ
1005 1579 1083 1642 ὡς
1110 1579 1327 1632 ἅπαντα
1368 1580 1483 1643 τοῖς
1529 1578 1837 1651 ἀνθρώποις

220 1671 407 1725 δοῦλά
437 1688 499 1724 τε
528 1670 625 1725 καὶ
665 1669 947 1741 πειθήνια,
974 1667 1052 1723 ὅτ’
1078 1668 1145 1723 ἂν
1175 1668 1324 1739 αὐτῷ
1359 1666 1565 1737 ζῶμεν,
1610 1667 1705 1720 καὶ
1736 1666 1837 1739 τὴν

1942 565 2104 619 simul
2156 566 2482 619 miraculum
2538 568 3010 637 perpetrantibus.
3077 568 3227 622 ldem
3286 568 3534 623 Zosimas

1940 671 2064 711 cum
2109 656 2407 727 aliquando
2440 660 2893 728 proﬁcisceretur
2935 658 3268 725 Caesaream,
3300 662 3532 715 asellum

1943 748 2169 803 trahens
2221 750 2309 803 cui
2361 765 2452 805 res
2503 751 2768 821 quasdam
2820 751 2925 806 sibi
2975 753 3318 806 necessarias
3353 753 3531 823 impo-

1938 853 2146 909 suerat,
2178 845 2392 899 leonem
2430 844 2657 899 obvium
2704 844 2959 907 oil'endit,
2990 844 3084 914 qui
3134 844 3190 898 in
3239 845 3420 914 ipsum
3453 846 3531 898 ir-

1938 951 2129 1001 ruens,
2162 945 2320 1007 rapto
2349 938 2540 1002 asello,
2574 938 2828 1008 protinus
2857 938 3147 993 abscessit.
3173 936 3348 1003 Quem
3376 939 3532 992 Zosi-

1938 1044 2055 1084 mas
2101 1046 2199 1099 per
2247 1031 2440 1085 silvam
2489 1030 2774 1086 insecutus
2826 1039 2943 1097 est,
2990 1030 3172 1100 quoad
3227 1046 3401 1099 usque
3445 1031 3534 1085 leo

1938 1119 2092 1174 aselli
2114 1120 2375 1175 carnibus
2401 1129 2680 1175 saturatus
2704 1120 2919 1175 fuisset.
2947 1120 3086 1174 Tum
3112 1119 3363 1174 Zosimas
3385 1120 3532 1174 leoni

1939 1211 2230 1266 arridens:
2258 1212 2347 1275 At,
2378 1228 2410 1267 ο
2444 1212 2641 1278 amice,
2673 1213 2874 1281 inquit,
2910 1211 3023 1283 jam
3066 1212 3171 1266 iter
3202 1211 3339 1265 mihi
3380 1212 3536 1281 peni-

1940 1309 2029 1356 tus
2064 1301 2424 1357 interclusum
2472 1313 2577 1366 est,
2620 1303 2825 1373 quippe
2860 1302 2956 1372 qui
2990 1310 3046 1357 et
3088 1317 3237 1373 aegro
3266 1302 3371 1356 sim
3411 1317 3530 1356 cor-

1938 1407 2094 1462 pore,
2126 1402 2182 1448 et
2214 1404 2470 1465 provecta
2507 1396 2620 1465 jam
2661 1406 2852 1462 mtate;
2887 1410 2991 1450 nec
3018 1410 3160 1449 onus
3187 1393 3336 1464 quod
3363 1394 3534 1448 asello

1938 1493 2058 1540 erat
2097 1484 2413 1556 impositum
2436 1526 2450 1551 ,
2498 1487 2614 1556 ipse
2643 1486 2802 1556 391
2840 1485 3091 1539 humeris
3136 1490 3359 1553 portare
3407 1496 3536 1551 pos-

1938 1575 2065 1631 sim.
2121 1577 2359 1633 Proinde
2430 1577 2477 1633 si
2520 1578 2795 1632 Zosimam
2855 1577 2987 1632 hinc
3051 1576 3351 1632 abscedere
3411 1575 3531 1640 vis,

1937 1665 2209 1721 sarcinam
2252 1676 2444 1722 contra
2495 1676 2705 1721 natura:
2742 1677 2848 1721 tuae
2881 1664 3345 1722 consuetudinem
3390 1662 3534 1718 feras

223 1760 538 1831 δεδομένην
556 1760 688 1832 ἡμῖν
705 1760 867 1832 χάριν
885 1759 948 1813 οὐ
970 1776 1047 1812 πα
1056 1758 1473 1828 ραχαράττομεν
1488 1773 1503 1786 '
1522 1756 1635 1811 ἀλλ’
1650 1757 1737 1813 ἵνα
1761 1757 1835 1830 μὴ

1943 1773 2164 1813 necesse
2197 1766 2302 1824 est,
2335 1758 2403 1813 ad
2430 1760 2708 1828 propriam
2741 1757 3019 1813 feritatem
3057 1768 3247 1827 postea
3276 1770 3534 1811 reversu-

225 1829 737 1921 τοξνπλείοσιτὴνν
757 1829 1005 1919 ἱστορίαν
1029 1844 1521 1919 παραμηκύνωμεν
1541 1884 1554 1909 ,
1580 1829 1836 1909 ἐπάνειμι

1943 1866 2056 1904 rus.
2094 1850 2189 1905 [lis
2224 1850 2409 1916 dictis,
2439 1850 2547 1916 leo,
2582 1858 2841 1920 tanquam
2870 1850 3076 1905 furoris
3118 1848 3344 1919 penitus
3386 1846 3534 1902 obli-

223 1942 363 1997 ὃθεν
388 1943 489 2014 τὴν
511 1941 740 2014 ἐκϐολὴν
759 1941 1125 2013 ἐποιησάμην.

1945 1948 2055 2003 tus,
2087 1939 2318 1995 Zosimae
2349 1940 2587 1994 blandiri
2619 1940 2807 2010 cmpit,
2835 1950 2892 1995 et
2930 1938 2997 1994 ad
3031 1955 3158 1995 eum
3184 1937 3367 1992 statim
3396 1934 3536 1990 leni-

227 2047 326 2092 ter
359 2052 681 2102 accurrens,
744 2036 864 2106 ipso
926 2043 1082 2106 gestu
1150 2034 1480 2104 obsequium
1518 2048 1679 2089 suum
1724 2032 2091 2103 signiﬁcabat.
2143 2034 2389 2089 Zosimas
2441 2034 2631 2105 igitur,
2688 2050 2812 2089 cum
2864 2034 3017 2089 aselli
3066 2033 3339 2088 sarcinam
3383 2029 3531 2084 leoni

227 2128 620 2200 imposuisset,
654 2128 723 2183 ad
756 2136 945 2199 portas
985 2143 1161 2198 usque
1212 2127 1370 2182 urbis
1396 2126 1659 2182 Caesareae
1705 2141 1831 2180 eum
1872 2125 2051 2191 duxit,
2080 2128 2380 2183 ostendens
2410 2128 2516 2183 hoc
2540 2128 2705 2193 facto,
2736 2135 2940 2197 quanta
2967 2127 3039 2181 sit
3098 2126 3198 2181 Dei
3261 2123 3529 2196 potentia,

224 2230 290 2279 et
322 2222 571 2292 qualiter
600 2218 787 2276 omnia
836 2217 1175 2274 famulantur
1204 2226 1371 2287 atque
1421 2216 1689 2271 obediunt
1734 2215 2054 2271 hominibus
2081 2217 2176 2286 qui
2242 2218 2356 2271 Deo
2394 2216 2610 2282 vivunt,
2658 2233 2763 2271 nec
2822 2216 3082 2271 donatam
3150 2215 3258 2270 sibi
3296 2215 3527 2286 gratiam

224 2328 633 2390 corruperunt.
666 2318 875 2375 Verum
911 2332 1003 2384 ne,
1039 2317 1085 2372 si
1114 2316 1273 2388 plura
1337 2329 1869 2383 commemoravero,
1903 2315 2138 2373 historia
2204 2295 2470 2388 prolixicir
2511 2316 2804 2381 eﬂiciatur,
2854 2333 2922 2372 eo
2960 2324 3209 2372 revertar
3254 2317 3398 2371 unde
3446 2315 3532 2370 di-

223 2428 464 2487 gressus
494 2427 640 2469 sum.

858 2527 1113 2581 ΚΕΦΑΛ.
1155 2527 1241 2580 H'.

582 2621 722 2690 Περὶ
752 2618 1091 2675 καθολικῶν
1120 2618 1503 2689 παθημάτων.

312 2736 410 2796 Ἐς
438 2733 520 2787 ἔτι
540 2732 831 2788 ’ῐουστίνου
862 2732 963 2803 τὴν
982 2732 1362 2804 αὐτοκράτορα
1390 2732 1721 2797 διιθύνοντος
1746 2734 1843 2802 ἀρ-

230 2828 370 2900 χὴν,
401 2829 460 2882 τὸ
510 2826 607 2879 νῦν
653 2825 753 2896 μὲν
800 2824 1126 2896 Δυρράχιον,
1156 2824 1486 2894 Ἐπίδαμνος
1538 2826 1595 2879 δὲ
1647 2825 1840 2890 πάλαι,

238 2920 518 2975 πέπονθεν
543 2918 649 2973 ὑπὸ
678 2918 870 2971 κλόνου
892 2918 991 2989 τῆς
1023 2918 1148 2988 γῆς.
1191 2916 1470 2983 Ὡσαύτως
1502 2917 1557 2971 δὲ
1599 2920 1694 2972 καὶ
1723 2920 1835 2973 Κό-

238 3014 429 3085 ρινθος
448 3012 538 3066 ἐπὶ
562 3013 661 3084 τῆς
690 3011 944 3074 Ἑλλάδος
963 3011 1217 3081 κειμένη,
1239 3006 1359 3064 εἶτα
1380 3012 1475 3065 καὶ
1499 3011 1838 3082 Ἀνάξαρὸος

235 3106 300 3160 τὺ
330 3106 594 3177 τέταρτον
622 3103 815 3169 πάθος,
842 3103 877 3175 ἢ
900 3102 995 3156 τοῦ
1017 3104 1272 3175 δευτέρου
1298 3103 1407 3158 τῶν
1434 3104 1675 3157 Κιλίκιον
1694 3106 1840 3175 ἠγεῖ-

235 3217 332 3254 ται
372 3199 562 3262 ἔθνους
582 3216 594 3229 ·
630 3197 697 3262 ἃς
722 3199 750 3251 ὁ
773 3197 1060 3258 ’ῐουστίνος
1096 3197 1312 3259 πολλοῖς
1337 3198 1678 3266 ἀνεκτήσατο
1700 3199 1840 3268 χρή-

2564 2521 2719 2577 CAP.
2762 2520 2902 2576 Vl".

2293 2611 2371 2666 De
2402 2614 2559 2667 (otius
2591 2614 2728 2667 orbis
2759 2613 3175 2667 calamitatibus.

2011 2727 2218 2782 Eodem
2259 2728 2479 2784 Justino
2514 2728 2807 2798 imperium
2846 2728 3156 2783 Romanum
3199 2730 3381 2787 adhuc
3428 2732 3530 2787 ad-

1941 2820 2318 2885 ministrante,
2351 2822 2483 2875 urbs
2506 2820 2869 2892 Dyrrachium
2895 2837 3018 2892 qua:
3037 2822 3167 2875 olim
3192 2823 3531 2891 Epidamnus

1940 2909 2259 2974 dicebatur,
2311 2920 2470 2966 terrm
2526 2920 2678 2966 motu
2726 2911 2991 2966 subversa
3037 2921 3140 2967 est.
3167 2912 3435 2968 Similiter
3476 2926 3533 2970 et

1940 3002 2263 3070 Corinthus,
2298 3019 2420 3073 qua:
2449 3004 2554 3060 sita
2580 3014 2664 3060 est
2694 3004 2748 3058 in
2783 3004 3013 3060 Achaia.
3048 3006 3371 3062 Anazarbus
3397 3025 3534 3079 quo—

1942 3109 2071 3165 que,
2119 3096 2440 3165 metropolis
2470 3096 2728 3152 secundm
2761 3095 2997 3163 Cicilire;
3029 3109 3225 3165 quarto
3265 3099 3318 3153 id
3360 3116 3535 3171 genus

1941 3184 2270 3241 calamitatis
2325 3194 2572 3257 experta.
2631 3187 2741 3242 Eas
2796 3188 2966 3242 urbes
3022 3188 3274 3244 Justinus
3335 3206 3534 3261 magna

242 3311 404 3363 μασι.
429 3293 589 3346 Κατὰ
612 3292 739 3355 τοὺς
779 3290 979 3354 αὐτοὺς
1009 3289 1242 3361 χρόνους
1274 3291 1371 3343 καὶ
1400 3290 1433 3360 ἡ
1472 3290 1706 3343 Ἔδεσσα
1742 3291 1839 3343 πό-

1943 3279 2307 3348 pecuniarum
2338 3281 2390 3335 vi
2435 3292 2657 3352 erogata
2696 3283 3044 3337 instauravit.
3079 3283 3275 3338 Iisdem
3312 3294 3533 3356 tempo-

238 3386 322 3450 λις
353 3385 456 3456 τῆς
478 3386 522 3417 ⁹¹
556 3383 868 3455 Ὀσροηνῶν
902 3384 1133 3454 μεγίστη
1170 3400 1231 3436 τε
1263 3384 1358 3435 καὶ
1406 3382 1701 3453 εὐδαίμων,
1738 3382 1840 3452 τῆς

241 3478 336 3533 τοῦ
361 3477 773 3548 παραρρέοντος
808 3476 1036 3548 Σκίρτου
1063 3476 1366 3547 χειμάρρου
1392 3474 1546 3529 ὕδασι
1573 3493 1841 3529 κατεπον-

243 3570 430 3641 τώθη.
460 3570 602 3624 ὥστε
649 3570 746 3624 καὶ
793 3568 865 3624 τὰ
912 3567 1083 3622 πολλὰ
1128 3567 1235 3621 τῶν
1288 3566 1608 3638 οἰκοδομιῶν
1652 3584 1838 3637 παρα-

248 3658 505 3729 ωρῆναι,
541 3657 638 3710 καὶ
675 3656 881 3727 πλῆθος
914 3654 1292 3727 ἀναρίθμητον
1320 3656 1620 3710 ἀπολέσθαι
1652 3657 1719 3721 θ’,
1746 3655 1840 3721 οὓς

244 3752 307 3804 τὸ
340 3750 489 3822 ὓδωρ
520 3750 683 3804 λαϐὸν
716 3750 792 3819 (a3)
819 3748 1012 3821 ῷχετο.
1047 3749 1486 3818 Μετεκ).ήθησαν
1521 3750 1701 3802 τοίνυν
1738 3748 1844 3801 ὑπὸ

246 3842 346 3897 τοῦ
375 3843 543 3897 αὐτοῦ
590 3843 885 3897 Ἵουστίνου
917 3844 950 3913 ἠ
979 3841 1220 3895 Ἔδεσσα
1242 3841 1337 3893 καὶ
1368 3840 1722 3913 Ἀνάζαρϐο;,
1749 3841 1844 3893 καὶ

247 3938 458 3992 τούτων
500 3939 737 4011 ἑκατέρα
767 3940 833 4009 τῇ
882 3935 1051 3992 αὐτοῦ
1100 3934 1446 4008 προσηγορίᾳ
1491 3938 1844 4007 κατεκοσμή-

253 4029 450 4100 θησαν.

863 4141 1117 4195 ΚΕΦᾹΛ.
1155 4140 1231 4195 Θ’.

1946 3372 2102 3426 ribus
2130 3372 2355 3436 Edessa,
2383 3372 2579 3429 civitas
2605 3373 2903 3429 Osdroenae
2932 3376 3169 3432 maxima
3207 3386 3264 3432 et
3298 3379 3535 3449 0pulen-

1948 3464 2180 3528 tissima,
2221 3463 2385 3519 Scirti
2419 3466 2679 3521 torrentis
2709 3465 2805 3537 qui
2832 3482 2952 3521 eam
2992 3468 3339 3537 prmlerﬂuit,
3372 3471 3536 3526 inun-

1947 3554 2170 3608 datione
2221 3554 2508 3610 submersa
2552 3565 2675 3611 est:
2723 3557 2862 3613 adeo
2898 3567 2959 3612 ut
3001 3559 3237 3628 plurima
3279 3560 3533 3630 aediﬁcia,

1945 3659 2001 3706 et
2031 3651 2453 3707 innumerabilis
2495 3653 2780 3708 hominum
2824 3656 3144 3722 multitudo,
3176 3674 3443 3728 aquarum
3479 3662 3532 3716 vi

1942 3744 2191 3814 abrepta,
2221 3745 2470 3801 funditus
2504 3747 2841 3802 interierint.
2873 3747 3093 3803 Edessa:
3118 3750 3342 3819 quidem
3367 3762 3533 3821 atque

1941 3836 2230 3892 Anazarbo
2306 3837 2562 3894 JuSIinus
2636 3839 2936 3909 pristinum
2999 3857 3200 3897 nomen
3272 3845 3527 3900 mulavit.

1941 3930 2247 4001 Utramque
2281 3933 2430 3987 enim
2464 3949 2531 3988 ex
2565 3948 2666 3988 suo
2696 3935 2919 3991 nomine
2952 3934 3343 4008 Justinopolim
3374 3938 3533 3993 dein-

1943 4038 2072 4094 ceps
2096 4026 2358 4095 appellari
2390 4027 2574 4098 jussit.

2589 4143 2741 4199 CAP.-
2782 4145 2873 4200 IX.

263 4229 360 4295 Ὠς
411 4231 753 4308 Ἰουστῖνος
814 4231 902 4285 ἔτι
957 4231 1094 4308 ζῶν,
1137 4232 1614 4308 σιίμϐασιλεύειν
1685 4227 1839 4295 αὑτῷ

1947 4230 2219 4297 Quomodo
2262 4234 2509 4308 Justinus
2549 4238 2722 4290 adhuc
2766 4240 2972 4301 vivens,
3020 4237 3281 4308 collegam
3330 4237 3536 4306 imperii

705 4303 1143 4358 Ἰουστινιανύν
1175 4303 1394 4356 εἵλετο.

327 4420 517 4490 Τούτῳ
562 4419 640 4491 τῷ
695 4417 971 4487 Ἰουστίνῳ
1003 4416 1187 4483 ὄγδοον
1244 4415 1364 4479 ἔτος
1419 4416 1519 4485 τῆς
1568 4415 1849 4484 βασιλείας

256 4515 443 4582 ἄγοντι
470 4514 625 4567 ἐννέα
661 4529 720 4564 τε
764 4513 940 4582 μῆνας
968 4508 1107 4579 πρὸς
1138 4509 1317 4579 τρισὶν
1343 4509 1576 4580 ἡμέραις
1609 4509 1718 4577 (54)
1747 4509 1845 4578 (y),

2381 4306 2751 4361 Justinianum
2786 4311 3090 4378 assumpsit.

2016 4422 2190 4476 Porro
2244 4436 2369 4474 cum
2429 4420 2682 4477 Justinus
2734 4439 2939 4477 annum
3005 4423 3220 4493 imperii
3276 4432 3531 4476 octavum

1948 4511 2325 4582 transegissct,
2370 4527 2434 4565 ac
2479 4521 2746 4581 praeterea
2797 4529 3014 4569 menses
3066 4529 3263 4567 novem
3316 4521 3372 4566 et
3415 4510 3535 4565 dies

1546 4651 1778 4706 VARle
1800 4650 2212 4707 LECTIONES.

325 4747 521 4805 ἰτῶν.
592 4748 717 4804 ⁹⁸ϐ.
744 4748 805 4804 C.
844 4748 1131 4803 ἀπολέσαι.

1475 4836 1743 4891 VALESII
1779 4835 2344 4894 ANNOTATIONES.

330 4938 442 5005 (ΒΞ)
485 4937 717 5007 Πάχητί
737 4955 801 4991 τε
829 4936 977 4992 ὄντι.
1008 4936 1133 4990 Haec
1158 4936 1331 4990 verba
1358 4933 1641 5007 Muscultls
1666 4931 1721 4984 ill
1755 4930 1840 4985 in-
1874 4936 1915 4989 Ι)
1944 4932 2163 5007 ξῼΐὶὒίι,
2195 4929 2454 5007 Δὶαφέρεέ
2486 4931 2667 5001 πάχης
2701 4929 3041 5007 καὶμπαχιές·
3079 4929 3268 5007 Πέτχηῖ
3296 4927 3532 5007 μὲΥ..Υάρ

260 5004 660 5079 terpretatione
702 5024 799 5079 sua
858 5008 1234 5075 prietermisit,
1288 5004 1837 5079 Christophorsonus

258 5077 393 5135 vero
420 5081 493 5134 ita
520 5080 725 5134 vertit:
758 5078 964 5149 Quippe
983 5095 1099 5131 cum
1131 5080 1287 5132 armis
1335 5077 1579 5149 plurimis
1619 5085 1837 5149 onustus

258 5154 378 5207 sim.
409 5150 543 5218 Quae
574 5145 961 5220 interpretatio
994 5149 1123 5203 ferri
1154 5166 1265 5203 non
1314 5145 1836 5220 potest;_sequitur

260 5223 406 5296 enim
436 5217 662 5296 eta'late
685 5217 969 5296 ail_modum
994 5230 1287 5296 prouectam.
1312 5220 1460 5275 Idem
1493 5217 1676 5296 igitur;
1689 5227 1842 5296 utro-

264 5294 426 5361 bique
476 5293 690 5347 diceret
735 5285 1026 5361 Evagrius.
1083 5292 1341 5360 Πάχητας
1391 5285 1590 5361 vocant
1638 5285 1836 5361 Graeci,

265 5356 513 5418 homines
534 5379 754 5418 crassos
787 5356 1078 5416 et'obesos
1128 5356 1200 5416 ac
1228 5356 1488 5431 pingues.
1530 5356 1688 5431 Quod
1744 5373 1840 5425 ge-

266 5450 366 5488 nus
402 5435 694 5508 hominum
713 5435 877 5488 molle
912 5427 1305 5508 ac_de_licatt_im
1328 5427 1433 5493 est,
1468 5446 1569 5485 nec
1597 5427 1840 5508 ad_on.us

265 5505 592 5575 portandum
643 5506 930 5561 idoneum.
984 5502 1180 5559 Suidas
1225 5504 1284 5557 in
1342 5517 1479 5558 voce
1529 5500 1723 5569 παχεῖς
1762 5500 1837 5553 ita

1944 5002 2161 5069 λέγεται
2195 5005 2220 5054 ὁ
2249 5001 2476 5069 λιπαρός
2499 5016 2513 5031 ⁸
2569 4999 2761 5071 παχὺς
2800 5001 2856 5054 δὲ
2906 4999 2932 5052 ό
2966 4999 3311 5071 ἀναίσθητος.
3364 4999 3533 5054 Nice-

1945 5073 2161 5143 phorus
2192 5088 2413 5141 quoque
2448 5072 2552 5126 hoc
2596 5070 2828 5126 verbum
2896 5087 3004 5125 non
3050 5070 3345 5143 intellexit.
3400 5071 3535 5139 Ejus

1945 5142 2095 5197 enim
2130 5143 2249 5197 loca
2284 5144 2389 5197 ista
2421 5143 2733 5208 substituit,
2786 5143 2881 5195 καὶ
2935 5143 3006 5194 δι’
3031 5142 3244 5194 ἔνδειαν
3302 5143 3534 5211 ἐκτετη-

2033 5214 2157 5267 ἑνω.

1948 5232 2263 5353 γῆἓνέ²ἷ”ος
2295 5282 2518 5350 ἔτρεχε.
2561 5283 2760 5339 Procul
2812 5281 2982 5338 dubio
3037 5280 3399 5353 scribendum
3449 5287 3539 5335 est

1947 5351 2307 5424 προσέτρεχε.
2364 5353 2517 5424 Apud
2575 5354 2948 5423 Nicephorum
2988 5354 3191 5424 legitur
3240 5351 3534 5421 ὑπέτρεχε.

1948 5424 2053 5481 Sed
2083 5423 2271 5479 noStra
2298 5423 2612 5479 emendatio
2636 5426 2833 5478 melior
2860 5423 3102 5478 videtur.

2020 5496 2131 5566 (54)
2169 5493 2385 5550 Ἐννέα
2407 5512 2468 5549 τε
2491 5494 2691 5566 μῆνας
2714 5496 2864 5566 πρὸς
2896 5494 3096 5565 τρισὶν
3133 5491 3403 5563 ἡμέραις.
3426 5490 3541 5547 Au-

1710 5620 2101 5679 VARIORUM.

334 5715 410 5783 (π)
433 5714 630 5789 ’ΪΥδωρ
644 5718 855 5789 λαϐρν.
893 5716 1051 5789 Lege
1069 5716 1293 5789 λάϐρον.
1315 5716 1426 5787 (W.
1454 5715 1697 5785 Lowrn.)

338 5790 411 5857 (ῃ)
448 5786 655 5840 Ἐννέα
698 5787 903 5856 μῆνας
950 5786 1102 5855 πρὸς
1142 5786 1345 5856 τρισὶν
1380 5790 1651 5856 ἡμέραις.
1680 5788 1844 5844 Juxta

268 5858 735 5928 computationem
755 5860 980 5916 Antonii
1008 5859 1156 5931 Pagi,
1189 5858 1443 5914 Justinus
1473 5860 1721 5931 regnavit
1744 5879 1843 5917 an-

1953 5732 2056 5773 nos
2085 5716 2119 5772 8
2146 5729 2368 5771 menses
2392 5714 2445 5773 8.
2480 5713 2601 5769 dies
2625 5713 2715 5769 25.
2750 5710 2877 5767 Vid.
2917 5707 3175 5768 Criticam
3228 5705 3282 5763 in
3331 5706 3534 5761 Baron.

1954 5787 2019 5843 ad
2048 5803 2179 5843 ann.
2218 5786 2342 5851 5‘28,
2373 5802 2430 5841 n.
2457 5785 2510 5841 ’5.
2549 5784 2657 5854 (W.
2688 5783 2927 5854 Lowru.)
