4048 6522
340 373 492 440 2⁸125

1281 372 1667 433 HISTORUE
1706 369 2303 433 ECCLESIASTIC/E
2350 370 2587 433 LIBER
2627 372 2725 433 IV.

3480 310 3639 439 2726¹

344 488 484 541 σιῶν
521 485 911 557 κηρύττεσθαι,
946 483 1172 555 πρώτην
1198 484 1295 555 μὲν
1319 483 1420 554 τὴν
1444 485 1503 536 ἐν
1553 483 1781 556 Νικαίᾳ,
1813 479 1936 539 εἶτα

2042 482 2363 554 patriarchae
2415 482 2564 538 inter
2609 497 2668 538 se
2711 489 3138 550 consenserunt,
3184 492 3242 541 et
3282 484 3621 558 singularum

342 579 450 650 τὴν
471 580 529 632 ὲν
553 575 1152 639 Κωνσταντινουπόλει,
1185 574 1379 646 τρίτην
1398 576 1501 644 τὴν
1528 578 1588 630 ὲν
1629 576 1843 645 Ἐφέσῳ
1866 576 1930 629 τὸ

343 673 641 744 πρότερον,
662 672 924 743 τέταρτον
949 669 1053 740 τὴν
1076 670 1134 723 ἐν
1161 668 1467 739 Καλχηδόνι
1484 686 1496 700 ο
1532 669 1724 738 γέγονε
1746 669 1803 723 δὲ
1838 668 1933 724 καὶ

344 761 578 831 πέμπτη
614 759 832 823 σύνοδος
860 758 1004 812 κατὰ
1034 757 1286 811 κέλευσιν
1320 757 1729 813 Ἰουστινιανοῦ.
1788 758 1930 828 Περὶ

342 849 415 923 ἧς
441 853 508 907 τὰ
533 852 840 923 πρόσφορα,
894 851 950 903 ὲν
979 852 1094 912 τοῖς
1133 848 1469 921 προσφόροις
1528 849 1642 921 ἐρῶ
1693 852 1929 919 καιροῖς,

343 946 493 1008 τέως
538 945 647 997 τῶν
695 944 800 998 ἀνὰ
834 943 1003 1015 μέρος
1054 942 1406 1015 πραχθέντων
1445 943 1551 995 ὑπὸ
1602 944 1714 1005 τοῖς
1749 943 1932 1006 αὐτοῖς

342 1038 584 1106 χρόνοις,
634 1036 794 1103 λόγου
852 1054 913 1089 τε
943 1034 1110 1100 ἀξίων
1142 1034 1531 1099 καθεστώτων,
1584 1036 1651 1105 τῇ
1678 1033 1932 1106 παρούσῃ

343 1129 827 1199 συνυφαινομένων
847 1129 1076 1201 ἱστορίᾳ.

2036 575 2257 629 urbium
2314 574 2560 646 episcopi
2611 575 2879 631 exarchos
2927 590 3059 631 suos
3109 576 3287 632 secuti
3348 589 3517 635 sunt:
3567 588 3625 635 et

2037 676 2275 737 quatuor
2323 667 2519 739 synodi
2560 668 2615 722 in
2656 667 2918 723 Ecclesiis
2952 677 3084 723 sunt
3119 670 3473 739 praedicata}:
3514 673 3626 743 pri-

2039 776 2148 825 ma,
2205 777 2328 831 qua:
2365 761 2562 818 Nicaea:
2609 761 2889 816 celebrata
2937 771 3063 817 est:
3117 774 3242 833 post
3289 764 3433 819 hanc
3478 766 3624 821 Con-

2039 854 2532 924 stantinopolitana
2564 872 2577 906 :
2613 853 2817 908 dehinc
2860 853 3137 923 Ephesina
3193 856 3381 925 prior:
3428 866 3625 927 quarto

2039 947 2162 1000 loco
2214 945 2703 1001 Chalcedonensis.
2754 945 2882 1000 Fuit
2924 947 3091 1001 etiam
3142 947 3335 1017 quinta
3385 950 3625 1020 synodus

2037 1037 2335 1092 Justiniani
2368 1038 2636 1107 principis
2679 1037 2836 1108 jussu
2884 1048 3234 1108 congregata.
3275 1040 3351 1094 De
3393 1056 3500 1107 qua
3539 1041 3626 1094 di-

2043 1146 2159 1185 cam
2200 1146 2300 1185 suo
2348 1132 2471 1185 loco
2512 1146 2583 1217 ea
2623 1146 2747 1201 qua:
2789 1129 3023 1185 dicenda
3081 1138 3231 1185 sunt.
3288 1131 3514 1185 Interim
3560 1146 3626 1187 ea

342 1240 470 1294 quae
500 1235 634 1279 tunc
666 1224 933 1294 temporis
966 1221 1287 1295 singillatim
1353 1229 1510 1296 gesta
1584 1232 1735 1291 sunt,
1807 1233 1865 1279 et
1923 1227 2451 1282 commemoratione
2500 1226 2662 1300 digna
2703 1242 2825 1283 esse
2868 1226 3151 1293 videntur,
3206 1227 3338 1285 huic
3384 1228 3628 1287 historiae

343 1330 673 1376 attexamus.

932 1440 1187 1495 ΚΕΦΑΛ.
1226 1440 1328 1494 lB'.

360 1530 463 1585 Ἐκ
506 1531 613 1598 τῆς
659 1533 929 1601 ἱστορίας
977 1535 1320 1599 Προκοπίου
1368 1534 1734 1600 Καισαρέως,
1798 1531 1931 1601 περὶ

420 1604 696 1658 Καϐάδου
737 1604 844 1658 τοῦ
891 1603 1141 1672 Περσῶν
1164 1603 1497 1669 βασιλέως,
1524 1605 1624 1657 καὶ
1659 1604 1934 1671 Χοσρόου

421 1675 559 1730 υίοῦ
586 1674 796 1729 αὑτοῦ.

2667 1442 2822 1498 CAP.
2867 1441 2985 1497 XII.

2036 1532 2116 1588 De
2152 1532 2362 1606 Cavade
2389 1532 2678 1588 Persarum
2722 1552 2860 1606 rege,
2891 1545 2939 1589 et
2967 1536 3031 1589 de
3067 1534 3182 1603 ﬁlio
3216 1534 3328 1599 ejus
3377 1533 3624 1600 Cltosroe,

2183 1621 2248 1658 ea:
2280 1604 2430 1659 libris
2461 1604 2805 1659 historiarum
2842 1606 3091 1677 ProcOpii
3121 1606 3483 1661 Caesariensis.

421 1791 741 1864 Γέγραπται
767 1789 1063 1861 Προκοπίῳ
1104 1788 1182 1860 τῷ
1214 1790 1403 1861 ῥήτορι
1448 1789 1519 1843 τὰ
1556 1788 1700 1843 κατὰ
1742 1788 1935 1842 Βελισ-

2109 1785 2415 1857 Procopius
2445 1786 2655 1854 rhetor,
2690 1802 2778 1842 res
2827 1803 2856 1841 a
2906 1787 3170 1842 Belisario
3203 1797 3385 1859 gestas
3419 1788 3629 1843 descri-

348 1882 544 1952 σάριον
597 1881 705 1953 (c)°
742 1881 817 1943 ώς
850 1881 1112 1951 Καόάδης
1164 1883 1193 1934 ό
1240 1880 1470 1951 Περσῶν
1526 1880 1778 1951 βασιλεὺς
1828 1881 1936 1934 Χο-

348 1975 491 2049 σρόῃ
514 1973 591 2044 τῷ
620 1973 769 2027 παιδὶ
810 1973 1062 2045 νεωτέρῳ
1105 1972 1214 2026 τῶν
1258 1973 1435 2028 ἄλλων
1466 1972 1598 2025 υἱῶν
1631 1972 1742 2026 δντι
1776 1989 1937 2040 περι-

349 2067 530 2121 θεῖναι
559 2066 659 2136 τὴν
690 2065 970 2136 βασιλείαν
1008 2065 1313 2135 βουληθεὶς,
1355 2064 1603 2137 βούλεται
1644 2064 1785 2118 ὥστε
1822 2064 1933 2134 (47)

348 2158 435 2231 τῷ
457 2158 669 2231 βασιλεῖ
701 2158 992 2227 Ῥωμαίων
1011 2159 1067 2221 ἐς
1099 2158 1253 2211 θετὸν
1280 2158 1396 2211 υἱὸν
1445 2157 1740 2212 ἐπιδιδόναι
1769 2158 1815 2190 9⁵
1844 2161 1936 2211 τὸν

348 2251 628 2323 Χοσρόην,
677 2250 765 2303 ἵνα
797 2248 1048 2303 ἐντεῦθεν
1084 2249 1470 2319 ἀσφαλέστατα
1522 2247 1672 2318 αὐτῷ
1722 2250 1755 2319 ἡ
1791 2247 1936 2320 ἀρχὴ

348 2342 648 2413 διατεθείη.
707 2340 928 2413 Ἐπειδὴ
977 2341 1161 2395 τοίνυν
1222 2341 1398 2411 τούτῳ
1445 2342 1770 2414 διήμαρτον,
1820 2343 1936 2395 είσο

350 2437 555 2508 ηγήσει
592 2434 862 2505 Πρόκλου,
892 2434 950 2497 ὃς
975 2435 1330 2505 παρεδρεύων
1353 2433 1719 2504 Ἰουστινιανῷ
1758 2433 1936 2487 κοιαί-

350 2547 503 2600 στωρ
544 2528 920 2600 καθειστήκει,
969 2528 1062 2582 ἐπὶ
1102 2530 1274 2599 μείζω
1298 2528 1399 2599 τὴν
1445 2527 1583 2597 πρὸς
1630 2526 1937 2597 Ῥωμαίους

347 2621 553 2692 ἔχθραν
581 2619 869 2691 ἐξήγαγον.
918 2619 1337 2673 Φιλοπονώτατα
1387 2618 1681 2689 τοιγαροῦν
1708 2618 1937 2689 κομψῶς

346 2732 412 2768 τε
447 2716 542 2768 καὶ
573 2713 770 2782 λογίως
799 2712 1107 2766 ὲκτέθειται
1158 2710 1237 2783 τῷ
1272 2709 1421 2782 αὐτῷ
1456 2711 1770 2782 Προκοπίῳ,
1799 2712 1834 2766 ἃ
1870 2712 1934 2783 δὴ

350 2804 670 2875 πέπρακται
699 2802 806 2856 ὑπὸ
832 2801 1140 2874 Βελισαρίῳ
1192 2802 1589 2874 στρατηγοῦντι
1634 2800 1745 2855 τῶν
1784 2802 1937 2873 ἑῴων

350 2894 636 2965 δυνάμεων
676 2895 972 2963 Ῥωμαίοις
1006 2912 1067 2948 τε
1094 2894 1187 2948 καὶ
1225 2895 1466 2966 Πέρσαις
1505 2893 1643 2965 πρὸς
1670 2894 1938 2966 ἀλλήλους

350 2987 673 3058 πολεμοῦσι.
703 2986 936 3058 Πρώτην
961 2987 1060 3058 μὲν
1085 2987 1180 3042 οὖν
1203 2988 1360 3059 νίκην
1375 2988 1665 3059 Ῥωμαίων
1695 2988 1938 3060 ἀναγρά-

350 3097 445 3150 φει
473 3082 604 3151 περὶ
642 3078 711 3133 τὰ
740 3079 918 3151 χωρία
947 3080 1129 3148 Δάρας
1157 3098 1217 3134 τε
1254 3082 1349 3136 καὶ
1375 3081 1671 3147 Νισίϐεως,
1703 3081 1935 3134 Βελισα-

354 3172 473 3241 ρίου
521 3150 882 3243 Ἑρμογένους
933 3190 994 3226 τε
1045 3168 1113 3228 αὖ
1143 3173 1212 3227 τὰ
1246 3174 1540 3245 Ῥωμαίων
1594 3174 1935 3246 στρατόπεδα
1962 3150 2005 3209 c

348 3264 815 3336 διακοσμούντων.
848 3260 943 3329 Οἷς
994 3266 1359 3320 ὲπισυνάπτει
1391 3267 1487 3321 καὶ
1516 3268 1617 3321 ὅσα
1646 3268 1789 3322 κατὰ
1838 3268 1937 3338 τὴν

362 3358 669 3429 ’Δρμενίων
692 3358 883 3427 γέγονε
912 3356 1120 3428 χώραν,
1140 3354 1229 3414 οἷά
1250 3376 1311 3413 τε
1338 3361 1483 3414 κατὰ
1509 3360 1610 3432 τὴν
1651 3360 1938 3431 Ῥωμαίων

349 3451 650 3524 εἰργάσατο
694 3451 799 3523 γῆν
834 3452 1271 3526 Ἀλαμούνδαρος
1331 3454 1439 3507 τῶν
1469 3454 1759 3527 Σκηνητῶν
1791 3455 1939 3525 Βαρ-

349 3544 539 3616 ϐάρων
565 3544 897 3616 ἡγούμενος*
925 3546 986 3610 ὃς
1011 3547 1105 3599 καὶ
1130 3546 1507 3618 Τιμόστρατον
1526 3546 1617 3599 τὸν
1654 3546 1937 3616 Ῥουφίνου

348 3637 582 3707 ἀδελφὸν
608 3638 706 3691 σὺν
733 3641 846 3701 τοῖς
870 3638 1009 3709 ἀμφ’
1040 3639 1205 3693 αὐτὸν
1236 3638 1601 3710 στρατιώταις
1628 3637 1935 3711 ἐζώγρησε,

348 3729 449 3784 καὶ
482 3730 783 3801 χρημάτων
817 3728 1043 3801 ὕστερον
1069 3730 1327 3802 μεγάλων
1353 3731 1608 3797 ἀπέδοτο,

962 3846 1215 3900 ΚΕΦΛΛ.
1243 3844 1343 3898 1Γ¹.

348 3937 496 4007 Περὶ
562 3938 1084 4007 Ἀλαμουνδὰχιου,
1138 3938 1239 3992 καὶ
1296 3935 1617 4006 Ἀζαρέθου,
1668 3940 1763 3993 καὶ
1830 3936 1940 4006 τῆς

423 4009 495 4131 ἐς
518 4008 823 4134 [ἔξιῖζαντίῳ
856 4009 1131 4077 στάσεως
1186 4008 1297 4078 τῆς
1322 4009 1585 4077 ἐπίκλην
1626 4011 1939 4077 λαϐούσης

420 4096 455 4131 τ
596 4098 692 4134 κα.

422 4172 757 4242 Περιπαθῶς
780 4172 1009 4244 διεξίησι
1041 4176 1136 4226 καὶ
1171 4173 1270 4244 τὴν
1327 4170 1422 4227 τοῦ
1461 4170 1791 4243 λελεγμένου
1847 4188 1936 4242 μοι

360 4260 806 4333 Ἀλαμουνδάρου
861 4265 957 4318 καὶ
998 4263 1296 4334 Ἀζαρέθου
1340 4264 1482 4318 κατὰ
1515 4264 1616 4334 τῆς
1650 4263 1936 4333 Ῥωμαίων

347 4351 457 4423 τῆς
491 4349 698 4423 εφοδον,
726 4355 875 4417 ὅπως
904 4371 966 4408 τε
993 4353 1204 4419 τούτοις
1242 4356 1341 4424 τὴν
1371 4353 1566 4423 ἄφοδον
1596 4354 1691 4406 ἐπὶ
1709 4354 1778 4406 τὰ
1807 4352 1936 4423 σφέ-

2037 1879 2197 1945 bens,
2227 1889 2415 1935 narrat
2450 1879 2723 1936 Cabadem
2754 1882 3045 1935 Persarum
3087 1896 3293 1951 regem,
3330 1896 3453 1936 cum
3485 1879 3631 1936 Cho-

2038 1973 2151 2027 sroi
2177 1972 2415 2027 ﬁliorum
2442 1987 2670 2028 suorum
2700 1981 2831 2028 natu
2862 1973 3093 2027 minimo
3134 1988 3362 2044 regnum
3405 1975 3623 2029 tradere

2035 2065 2223 2129 vellet,
2254 2065 2562 2135 postulasse
2605 2064 2767 2135 395
2812 2064 2881 2119 ab
2922 2064 3252 2136 imperatore
3280 2066 3532 2119 Romano
3566 2074 3625 2120 ut

2038 2170 2164 2209 eum
2212 2155 2319 2210 sibi
2367 2153 2539 2211 ﬁlium
2591 2155 2908 2226 adoptaret,
2958 2165 3017 2210 ut
3062 2156 3271 2210 scilicet
3316 2156 3422 2210 hoc
3467 2164 3627 2226 pacto

2038 2247 2250 2304 firmius
2294 2249 2372 2304 illi
2421 2265 2650 2320 regnum
2689 2258 2996 2320 pararetur.
3034 2248 3140 2305 Sed
3172 2265 3299 2305 cum
3349 2250 3627 2320 repulsam

2037 2356 2233 2410 passus
2280 2351 2428 2397 esset
2469 2340 2738 2407 Cabades,
2788 2357 2953 2397 suasu
2998 2341 3198 2407 Procli,
3246 2341 3340 2411 qui
3388 2353 3627 2412 qumstor

2037 2433 2351 2489 Justiniano
2407 2434 2645 2505 principi
2706 2433 3022 2500 assidebat;
3077 2434 3208 2490 hinc
3259 2434 3446 2489 odium
3506 2437 3628 2504 ejus

2037 2524 2301 2580 adversus
2342 2525 2621 2581 Romanos
2650 2534 2871 2579 auctum
2899 2526 3090 2581 fuisse.
3122 2526 3294 2581 Porro
3320 2528 3462 2581 idem
3490 2528 3626 2582 Pro-

2040 2620 2236 2689 copius
2262 2619 2683 2691 diligentissime
2704 2619 2868 2673 simul
2897 2627 2956 2672 et
2978 2618 3383 2689 elegantissime
3405 2620 3630 2687 exponit

2038 2730 2103 2770 ea
2149 2730 2271 2784 quae
2324 2722 2476 2785 gesta
2524 2721 2655 2768 sunt
2700 2728 2732 2767 a
2774 2711 3040 2767 Belisario
3084 2711 3376 2766 orientalis
3417 2712 3629 2768 militia:

2037 2808 2327 2878 magistro,
2375 2806 2641 2861 Romanis
2681 2814 2737 2861 et
2775 2805 2961 2859 Persis
2996 2804 3139 2858 inter
3183 2819 3243 2859 se
3278 2802 3482 2857 bellum
3530 2820 3626 2875 ge-

2037 2900 2312 2955 rentibus.
2345 2898 2585 2954 Primam
2614 2898 2783 2970 igitur
2811 2898 3187 2952 Romanorum
3217 2894 3505 2951 victoriam
3539 2911 3630 2949 re-

2036 2993 2143 3048 fert
2200 2993 2348 3048 circa
2400 2993 2573 3048 Daras
2623 3006 2688 3047 ac
2738 2990 2988 3055 Nisibin,
3049 3005 3175 3045 cum
3223 2988 3522 3044 Belisarius
3573 2995 3631 3043 et

2037 3086 2414 3157 Hermogenes
2451 3086 2702 3141 Romano
2735 3082 3005 3139 exercitui
3032 3089 3354 3153 praaessent.
3388 3080 3632 3152 Subjun-

2038 3180 2117 3252 git
2146 3179 2347 3235 deinde
2379 3195 2469 3235 res
2504 3179 2557 3233 in
2586 3178 2845 3232 Armenia
2875 3185 3076 3248 gestas,
3109 3175 3441 3246 quantisque
3466 3172 3630 3228 malis

2039 3272 2356 3342 provincias
2414 3271 2791 3326 Romanorum
2850 3267 3126 3324 attriverit
3186 3265 3628 3330 Alamundarus,

2043 3366 2387 3423 Scenitarum
2418 3366 2783 3421 Barbarorum
2814 3362 3058 3433 regulus.
3094 3360 3198 3429 Qui
3233 3360 3400 3416 etiam
3435 3359 3628 3414 Timo-

2040 3469 2275 3515 stratum
2326 3457 2511 3513 Ruﬁni
2564 3457 2792 3512 fratrem
2845 3470 2970 3510 cum
3030 3454 3308 3509 universis
3361 3452 3632 3508 militibus

2039 3566 2180 3621 quos
2206 3549 2489 3613 ductabat,
2519 3548 2705 3602 vivum
2744 3546 2913 3617 cepit,
2955 3560 3259 3617 magnaque
3290 3542 3541 3615 pecunia:
3574 3540 3631 3598 vi

2038 3652 2166 3715 post
2197 3642 2314 3698 hac
2340 3642 2689 3713 redemptum
2719 3638 2952 3694 dimisit.

2663 3841 2816 3897 CAP.
2858 3841 3000 3896 XIII.

2040 3935 2117 3990 De
2142 3934 2513 3992 Alamundaro
2539 3942 2588 3987 et
2615 3933 2879 3989 Azaretlio
2907 3950 2924 3986 :
2946 3942 2993 3986 et
3024 3932 3088 3985 de
3111 3932 3369 3985 seditione
3390 3947 3508 4001 quis
3535 3948 3627 3984 or-

2111 4016 2165 4061 ta
2198 4017 2272 4060 est
2300 4004 2783 4076 ConstantinOpoli,
2820 4005 2903 4057 cui
2940 4019 3228 4074 cognomen
3257 4004 3487 4056 inditum
3528 4003 3630 4072 fuit

2110 4078 2276 4131 Νίκα.

2110 4170 2260 4225 ldem
2296 4169 2601 4240 supradicti
2634 4165 2995 4223 Alamundari
3041 4176 3098 4222 et
3135 4164 3394 4221 Azarethi
3435 4163 3629 4220 incur-

2042 4265 2255 4320 sionem
2282 4266 2336 4320 in
2372 4264 2689 4335 provincias
2714 4264 2933 4333 imperii
2962 4261 3192 4317 Romani
3225 4260 3506 4316 luculente
3532 4259 3629 4314 ad-

2042 4356 2269 4411 modum
2307 4363 2541 4410 narrat:
2584 4363 2641 4410 et
2668 4352 3140 4424 quemadmodum
3183 4351 3485 4406 Belisarius
3529 4365 3628 4404 co-

346 4464 489 4518 τερα
510 4448 853 4520 ποιουμένοις
880 4448 1017 4520 πρὸς
1046 4448 1168 4519 βίας
1197 4447 1288 4502 τοῦ
1323 4448 1528 4502 οίκείου
1563 4445 1818 4519 στρατοῦ,
1842 4448 1937 4501 ἐπὶ

2042 4458 2205 4521 gente
2236 4451 2417 4520 ipsum
2444 4448 2714 4515 exercitu,
2732 4463 2829 4504 eos
2845 4447 2901 4502 in
2917 4446 3198 4518 regionem
3217 4460 3372 4501 suam
3394 4444 3630 4501 redeun-

1651 4584 1736 4638 VA
1746 4583 1886 4639 RUE
1927 4584 2333 4642 LECTIONES.

429 4684 477 4718 ⁸⁸
501 4681 563 4740 C.
591 4681 653 4739 C.
689 4679 990 4738 ἐπιδοῦναι.

1569 4793 1843 4849 VALESII
1877 4794 2416 4851 ANNOTATIONES

353 4933 576 4991 porum.
615 4916 776 4993 Tenet
816 4915 959 4993 enim
988 4914 1151 4969 vicem
1196 4908 1565 4993 apostolicam,
1606 4918 1654 4962 et
1695 4908 1944 4979 prwsidet
2053 4908 2388 4993 βουλεύεται.
2410 4909 2600 4993 Neque
2632 4911 2779 4993 epim
2809 4910 3135 4993 Graecedici
3166 4921 3348 4983 potest
3377 4912 3630 4993 βουλεύε-

354 4983 472 5045 ἰαηι
501 4987 938 5058 metropolitanis
956 4983 1419 5058 quamgpisco‘pis.

432 5061 544 5130 (47)
586 5048 875 5130 Bouiania
904 5048 1081 5130 ώό-τε.
1124 5048 1243 5108 Non
1265 5048 1454 5130 placet
1486 5050 1805 5130 conjectura
1841 5048 1940 5130 dof

353 5120 579 5188 ctorum
625 5129 899 5190 virorum,
953 5125 1049 5195 qui
1105 5139 1209 5194 pro
1260 5120 1510 5195 βούλεται
1567 5120 1939 5176 emendarunt

2047 4998 2138 5057 ται
2170 4980 2331 5057 mare,
2355 4992 2463 5036 etc.
2491 4982 2849 5057 Nicephorus
2869 4984 2925 5037 in
2961 4984 3061 5057 lib.
3095 4980 3222 5047 xvii,
3250 4980 3387 5055 θερί
3412 4984 3494 5050 l0,
3528 5003 3629 5057 pro

2048 5050 2135 5174 hiis
2172 5051 2391 5176 dluobus
2423 5053 2711 5109 vocabulis
2760 5054 2931 5109 habet
2966 5055 3242 5121 διενοεῖτο,
3278 5050 3425 5127 quod
3456 5050 3631 5129 magis

2048 5137 2080 5177 D
2104 5137 2199 5177 ace
2234 5160 2248 5176 .

2045 5137 2248 5191 placet.

1802 5264 2187 5323 VARIORUM.

431 5359 499 5429 (ο)
538 5359 697 5413 Κατὰ
724 5358 1150 5427 Βελισσὰριον.
1189 5358 1419 5413 Ducebat
1456 5358 1747 5413 Belisarius
1782 5359 1942 5429 origi-

356 5448 480 5486 nem
512 5447 576 5484 ex
615 5430 900 5485 Germania
927 5447 1045 5498 quae
1086 5433 1226 5485 inter
1260 5431 1490 5484 Thracas
1514 5438 1563 5483 et
1594 5430 1808 5500 Illyrios
1838 5434 1941 5485 sita

356 5510 456 5566 est,
494 5502 679 5570 inquit
720 5502 1043 5570 Procopius.
1078 5502 1173 5555 lib.
1206 5517 1223 5554 ι
1259 5500 1482 5555 Vandal.
1519 5516 1640 5570 cap.
1670 5503 1756 5554 ll.
1790 5501 1939 5555 Idem

356 5572 662 5641 Procopius
701 5572 862 5628 initio
894 5573 1020 5626 libri
1051 5588 1109 5626 ιιι
1152 5570 1228 5624 De
1256 5572 1391 5625 bello
1422 5571 1575 5626 Goth.
1605 5571 1796 5625 laudes
1822 5571 1941 5640 ejus

356 5643 615 5713 pluribus
660 5643 1033 5713 persequitur,
1064 5642 1253 5711 aitque
1274 5642 1573 5713 praeditum
1608 5657 1736 5696 eum
1768 5641 1941 5713 fuisse

358 5712 628 5783 singulari
676 5712 1061 5783 continentia,
1092 5712 1471 5783 muniﬁcentia
1506 5713 1583 5783 in
1607 5713 1853 5783 milites,
1882 5712 1940 5766 in

360 5781 533 5839 reb—us
580 5784 840 5839 omnibus
872 5781 1137 5848 solertia;
1173 5782 1229 5837 in
1272 5782 1522 5838 adversis
1572 5782 1942 5853 imperturba-

364 5862 481 5909 tum
528 5854 775 5911 animum
838 5854 1184 5922 ostendisse,
1232 5853 1288 5909 in
1347 5852 1937 5925 prosperis’superbia

2050 5376 2160 5415 non
2202 5359 2427 5414 elatum.
2469 5360 2656 5417 (Multa
2689 5360 2756 5415 de
2798 5360 3062 5416 Belisario
3109 5360 3406 5430 descripsit
3431 5360 3629 5417 Suidas

2048 5447 2115 5485 ex
2165 5439 2471 5485 memorato
2523 5431 2775 5500 Procopii
2817 5432 3007 5501 libro.)
3041 5432 3310 5487 Caeterum
3335 5437 3629 5488 excmeatio

2049 5501 2692 5589 Bclisarii.'elecmos_¥na
2712 5502 2781 5557 ab
2802 5518 2871 5557 co
2897 5505 3091 5589 petitt‘a,
3116 5503 3341 5589 aliaque.
3362 5502 3413 5555 id
3432 5517 3626 5571 genus,

2047 5589 2171 5642 quae
2212 5588 2279 5627 ex
2309 5572 2518 5628 Joanne
2568 5572 2767 5627 'l‘zetze
2807 5585 2964 5641 poeta
3008 5572 3217 5635 Graeco,
3253 5572 3482 5640 aliisque
3540 5590 3628 5627 rc,-

2049 5644 2390 5698 centioribus
2437 5645 2710 5698 Baronius
2748 5644 2963 5707 recitat,
2989 5652 3297 5697 commenta
3331 5653 3479 5707 sunt,
3505 5644 3631 5712 qui-

2045 5714 2169 5779 bus,
2222 5716 2556 5769 reclamante
2584 5715 2938 5784 antiquitate,
2986 5716 3135 5768 nulla
3172 5713 3311 5770 ﬁdes
3346 5713 3625 5783 habenda,

2045 5784 2229 5856 inquit
2261 5788 2391 5842 Ant.
2428 5784 2580 5857 Pagi,
2615 5785 2684 5841 ad
2724 5801 2852 5840 ann.
2885 5785 3010 5855 561,
3046 5800 3104 5839 ιι.
3149 5787 3201 5841 7.
