4048 6484
461 343 598 406 2727

1685 335 1998 398 EVAGRII
2039 332 2530 396 SCHOLASTICI

463 471 569 521 tes,
593 454 750 526 juxta
803 452 977 523 ripam
1037 453 1339 524 Euphratis
1381 467 1672 524 aggressus
1727 453 1820 515 sit,
1867 450 2052 504 immi-

2163 450 2275 510 ταῖς
2323 446 2469 516 ήῖόσι
2529 445 2625 498 τοῦ
2686 445 2975 515 Εὐφράτου
3029 445 3353 512 Βελισάριος
3398 445 3745 516 συνεπλάκη.

464 554 629 602 nente
661 546 752 600 die
784 545 926 597 festo
951 543 1177 598 Pascha:
1211 561 1223 597 :
1261 552 1434 612 utque
1465 543 1842 596 Romanorum
1873 540 2046 610 copia:

462 641 659 695 deleta:
683 635 912 702 fuerint,
942 652 1069 692 cum
1103 635 1357 691 Belisarii
1391 634 1643 690 consiliis
1683 633 1911 688 minime
1946 632 2045 687 ob-

465 739 908 801 temperassent:
934 728 1174 798 denique
1205 726 1492 797 quomodo
1524 723 1776 779 Ruﬂlnus
1813 733 1871 779 et
1902 723 2045 779 ﬂer-

461 839 722 895 mogenes
765 838 954 893 pacem
988 837 1110 876 eam
1144 836 1267 892 qua:
1301 818 1730 874 interminabilis
1760 816 1905 871 dicta
1936 825 2042 882 est,

462 933 588 970 curn
617 917 802 970 Persis
836 912 1170 985 pepigerint.
1202 911 1454 966 Postbaac
1473 909 1762 982 subjungit
1792 912 1864 964 de
1895 908 2043 964 sedi-

465 1012 614 1066 tione
645 1009 824 1079 plebis
849 1005 1499 1076 Constantinopolitanaa,
1549 1005 1639 1060 cui
1693 1003 2044 1076 popularium

465 1114 670 1156 tessera
705 1099 1034 1154 vocabulum
1080 1097 1254 1152 dedit.
1291 1096 1422 1151 Nica
1467 1097 1618 1152 enim
1672 1096 1791 1152 haec
1843 1095 2046 1152 seditio

463 1190 850 1262 cognominata
893 1197 999 1251 est,
1032 1201 1098 1241 eo
1132 1185 1279 1255 quod
1325 1186 1567 1256 populus
1609 1186 1667 1240 in
1693 1201 1864 1240 unum
1916 1200 2048 1239 con-

462 1291 738 1354 gregatus,
784 1276 1196 1334 internoscendi
1226 1277 1312 1331 sui
1365 1293 1530 1332 causa
1584 1285 1851 1331 tesseram
1905 1276 2048 1330 hanc

463 1375 566 1429 sibi
597 1383 790 1428 mutuo
819 1371 1084 1425 dedisset.
1117 1370 1234 1438 Qua
1283 1371 1339 1424 in
1379 1369 1656 1424 seditione
1687 1370 1957 1440 Hypatius
1991 1377 2048 1424 et

463 1465 778 1536 Pompeius,
811 1468 1040 1534 cogente
1074 1461 1625 1533 plcbe,tyrannidem
1663 1461 2061 1546 arripuerunt.‘

463 1561 572 1616 Sed
609 1575 735 1614 mox
766 1557 980 1612 devicta
1018 1556 1200 1625 plebe,
1237 1565 1474 1625 uterque
1521 1569 1717 1612 eorum
1747 1553 2046 1612 Iustiniani

457 1655 616 1723 jussu
649 1667 680 1706 a
707 1649 977 1704 militibus
1012 1647 1192 1718 capite
1221 1647 1458 1702 truncati
1516 1647 1790 1704 teinmare
1832 1646 2051 1700 demer-

462 1747 508 1800 si
538 1754 692 1800 sunt.
723 1744 968 1814 Triginta
1002 1758 1170 1814 porro
1206 1741 1497 1798 hominum
1523 1741 1699 1796 millia
1740 1741 1799 1796 in
1824 1739 1932 1798 hoc
1955 1749 2048 1796 tu-

462 1839 638 1893 multu
663 1836 988 1892 occubuisse
1021 1834 1328 1904 Procopius
1360 1833 1575 1890 scribit.

1087 1966 1243 2022 CAP.
1279 1967 1420 2024 XIV.

462 2089 539 2144 De
570 2089 830 2144 Hunerico
857 2086 1220 2143 Vandalorum
1247 2103 1388 2158 rege,
1416 2094 1464 2139 et
1488 2087 1551 2158 de
1573 2085 1891 2141 Christianis
1929 2085 2046 2156 qui-

831 2159 925 2212 bus
969 2158 1210 2229 linguam
1251 2157 1467 2230 prazcidi
1505 2157 1687 2228 jussit.

538 2357 598 2410 In
622 2371 689 2410 eo
712 2364 897 2409 autem
927 2355 1075 2408 libro
1098 2369 1210 2424 quo
1232 2369 1323 2409 res
1341 2353 1665 2410 Vandalicas
1687 2355 1934 2428 exponit,
1959 2371 2048 2410 res

467 2447 734 2500 maximas
772 2444 964 2506 refert,
1000 2460 1342 2515 prorsusque
1378 2444 1571 2516 dignas
1604 2461 1726 2514 qua:
1757 2446 2050 2517 sempiter-

467 2556 551 2594 na:
588 2539 871 2592 hominum
911 2539 1195 2592 memoriae
1225 2537 1708 2595 commendentur.
1746 2539 1852 2593 Eas
1880 2540 2047 2610 igitur

467 2634 574 2686 hoc
601 2633 723 2686 loco
751 2630 1220 2685 commemorabo.
1256 2629 1588 2695 l-lunericus,
1613 2632 1705 2701 qui
1735 2639 1858 2701 post
1892 2631 2049 2686 Gise-

469 2725 648 2777 ricnm
679 2721 1030 2777 lmreditatio
1049 2723 1177 2792 jure
1204 2739 1434 2793 regnum
1461 2723 1724 2781 obtinuit.
1748 2739 1871 2777 cum
1901 2733 2049 2778 esset

468 2816 634 2886 396
658 2811 915 2877 Arianus,
956 2815 1301 2869 Christianos
1326 2815 1380 2868 in
1410 2815 1591 2870 Africa
1627 2816 1890 2886 (legentes
1916 2831 2046 2869 cru-

470 2911 750 2966 delissime
783 2909 1002 2964 vexavit
1036 2928 1048 2962 :
1087 2925 1182 2964 eos
1209 2910 1305 2980 qui
1337 2920 1543 2965 rectam
1581 2910 1708 2966 fidei
1743 2910 2048 2969 doctrinam

465 3003 870 3072 sequebantur,
919 3018 1019 3074 per
1060 3004 1170 3056 vim
1214 3019 1415 3075 cogens
1460 3002 1528 3057 ad
1564 3002 1682 3058 Arii
1729 3003 2049 3072 opinionem

470 3094 785 3148 deﬂectere.
815 3093 871 3148 Si
903 3094 998 3164 qui
1028 3108 1160 3149 vero
1190 3095 1466 3149 mandatis
1516 3095 1636 3165 ejus
1690 3095 1922 3149 minime
1948 3095 2050 3148 ob-

2147 544 2506 611 ὲπικειμὲνης
2532 539 2633 609 τῆς
2655 537 2969 608 Πασχαλίας
2995 539 3231 608 ἡμέρας,
3253 539 3351 591 καὶ
3371 538 3524 602 ὅπως
3549 541 3578 592 ὁ
3605 539 3748 592 Ῥω-

2151 633 2332 706 μαίων
2352 632 2621 704 διεφθάρη
2651 631 2904 703 στρατὸς,
2943 631 3055 684 τῶν
3083 631 3406 703 Βελισαρίου
3433 632 3746 702 βουλευμα-

2146 743 2257 785 των
2293 729 2394 783 οὐκ
2427 728 2796 800 ἀνασχόμενος
2817 743 2831 758 ·
2865 728 3016 788 ὅπως
3047 744 3109 780 τε
3160 727 3444 796 Ῥουφῖνος
3476 728 3572 780 καὶ
3613 726 3749 796 Ἐρ-

2152 806 2388 892 μογένης
2421 821 2520 890 τὴν
2573 819 2920 888 καλουμένην
2969 818 3277 888 ἀπέραντον
3327 820 3555 890 εἰρήνην
3601 821 3746 890 πρὶς

2149 913 2366 986 Πέρσας
2393 913 2671 983 διέθηκαν.
2703 908 2798 977 Οἷς
2854 912 3051 980 ἐπάγει
3080 913 3178 982 τὴν
3202 912 3307 967 ἀνὰ
3345 913 3408 964 τὸ
3445 912 3747 976 Βυζάντιον

2147 1007 2452 1078 γενομένην
2482 1006 2590 1060 τῶν
2640 1005 2892 1077 δημοτῶν
2941 1008 3155 1070 στάσιν,
3273 1005 3653 1076 προσηγορίαν
3685 1005 3749 1057 τὸ

2151 1100 2398 1172 σύνθεμα
2426 1099 2538 1154 τῶν
2593 1099 2782 1169 δήμων
2812 1099 3033 1152 δέδωκε.
3068 1097 3141 1150 Τὸ
3170 1098 3316 1150 Νίκα
3349 1096 3426 1167 (d)
3476 1096 3588 1166 γὰρ
3619 1098 3746 1149 ἐπί-

2149 1194 2348 1264 κλησιν
2371 1190 2608 1254 ποιοῦσι,
2644 1191 2801 1244 τοῦτο
2827 1192 2939 1244 τῶν
2959 1191 3023 1260 δή
3034 1207 3151 1258 μων
3164 1188 3414 1258 ἀλλήλοις
3440 1191 3745 1258 συναφθέν-

2148 1303 2259 1340 των
2311 1285 2555 1356 σύνθεμα
2581 1285 2781 1338 δόντων
2805 1284 2903 1354 τῆς
2931 1286 2986 1346 ἐς
3010 1282 3272 1353 ἀλλήλους
3294 1282 3571 1350 γνώσεως.
3600 1283 3738 1334 Καθ’

2149 1375 2488 1448 ἡνὙπάτιός
2519 1393 2580 1429 τε
2604 1378 2698 1429 καὶ
2721 1377 3005 1446 Πομπήϊος
3041 1373 3345 1445 βιασθήτην
3364 1372 3464 1442 μὲν
3494 1372 3601 1425 ὑπὸ
3632 1373 3739 1425 τῶν

2148 1473 2337 1544 δήμων
2371 1472 2510 1544 πρὸς
2538 1472 2639 1541 τὴν
2689 1470 2998 1541 τυραννίδι.
3048 1468 3328 1538 Ἐκατέρῳ
3370 1467 3427 1520 δὲ
3464 1466 3603 1536 πρὸς
3630 1466 3740 1517 τῶν

2152 1564 2504 1637 στρατιωτῶν
2534 1563 2874 1634 κελεύμασιν
2919 1559 3303 1616 ’1ουστινιανοῦ
3336 1560 3436 1630 τὴν
3495 1558 3740 1628 κεφαλήν

2149 1657 2495 1729 ἀποθεμένῳ,
2527 1655 2943 1726 κατεποντώθη,
2973 1655 3082 1708 τῶν
3135 1654 3325 1724 δήμων
3363 1651 3737 1722 ήσσηθέντων.

2151 1751 2284 1805 Ὀτε
2308 1750 2404 1804 καὶ
2432 1749 2726 1820 τριάκοντα
2747 1748 2994 1819 χιλιάδας
3027 1748 3084 1800 ὲν
3116 1745 3196 1815 τῷ
3227 1746 3374 1816 πόνῳ
3397 1743 3603 1814 τούτῳ,
3634 1761 3742 1812 φη-

2082 1842 2130 1902 Β
2161 1846 2246 1898 σὶν
2277 1846 2306 1898 ὁ
2330 1843 2637 1915 Προκόπιος
2671 1841 2978 1912 ἀνθρώπων
3008 1839 3328 1894 ἀπολέσθαι.

2764 1978 3017 2033 ΚΕΦΑΛ.
3050 1976 3152 2030 1Δ’.

2153 2086 2296 2156 Περὶ
2357 2086 2681 2154 Ὀνωρίχου
2731 2086 2836 2140 τοῦ
2893 2086 3209 2140 Βανδίλων
3262 2086 3574 2156 ἄρχοντος,
3640 2089 3739 2140 καὶ

2227 2155 2347 2239 τῶς
2376 2157 3006 2230 γλωσσοτομηθέντων
3054 2155 3426 2227 Χριστιανῶν
3466 2158 3606 2226 παρ’
3634 2161 3746 2211 αὺ-

2225 2246 2354 2282 του.

2225 2365 2316 2438 Τῷ
2345 2365 2494 2437 αὐτῷ
2531 2364 2601 2420 τὰ
2646 2363 2789 2418 κατά
2822 2363 3110 2428 Βανδίλους
3158 2367 3446 2436 γράφοντι,
3507 2365 3748 2437 μέγιστα

2150 2460 2412 2521 τέθειται,
2460 2459 2554 2513 καὶ
2587 2460 2812 2529 μνήμης
2843 2459 2900 2522 ἐς
2955 2459 3041 2512 ἀεὶ
3068 2458 3476 2529 διασωζομένης
3527 2459 3680 2523 ἄξια.
3710 2460 3749 2514 ἃ

2153 2552 2324 2619 λέξων
2347 2551 2601 2624 ἔρχομαι.
2646 2549 2935 2622 Ὀνώριχος
2973 2551 3042 2623 (e)
3077 2553 3174 2621 τὴν
3201 2551 3478 2620 βασιλείαν
3496 2553 3561 2604 ὲκ
3593 2553 3750 2617 Γιζε-

2157 2647 2310 2718 ρίχου
2334 2646 2740 2716 διαδεξάμενος,
2773 2646 2841 2699 τά
2874 2661 2933 2698 τε
2976 2648 3187 2718 Ἀρείου
3213 2645 3560 2717 θρησκεύων,
3593 2646 3736 2717 ώμό-

2153 2757 2293 2794 τατα
2348 2739 2614 2792 διετίθετο
2670 2738 2819 2810 ἀμφὶ
2849 2739 2980 2801 τοὺς
3034 2742 3092 2793 ὲν
3127 2739 3302 2811 Λιϐύῃ
3359 2741 3746 2810 Χριστιανοὺς,

2155 2832 2282 2895 τοὺς
2305 2831 2376 2884 τὰ
2415 2830 2552 2902 ὀρθὰ
2591 2831 3002 2903 πρεσϐεύοντας
3035 2831 3283 2899 δόγματα
3319 2831 3642 2902 βιαζόμενος
3691 2836 3747 2895 ἐς

2155 2924 2254 2996 τήν
2285 2924 2580 2993 Ἀρειανῶν
2648 2924 3037 2996 μετατίθεσθαι
3089 2925 3271 2989 δόξαν·
3302 2926 3396 2978 καὶ
3419 2926 3544 2989 τούς
3575 2945 3635 2980 τε
3673 2930 3748 2998 μὴ

2160 3016 2514 3080 ὑπείκοντας,
2579 3016 2714 3088 πυρί
2766 3034 2828 3070 τε
2879 3017 2976 3071 καὶ
3024 3016 3248 3087 μυρίαις
3297 3017 3545 3071 θανάτων
3581 3018 3749 3084 ἰδέαις

2159 3109 2414 3181 ἔφθειρεν
2435 3125 2449 3139 ·
2485 3109 2663 3173 ἐνίους
2707 3109 2764 3162 δὲ
2793 3111 2892 3173 τὰς
2918 3109 3172 3178 γλώσσας
3211 3109 3485 3178 ἀφείλετο.
3509 3112 3751 3174 Τούτους

471 3194 896 3256 temperassent,
937 3202 1036 3241 eos
1071 3186 1164 3241 ille
1194 3197 1291 3242 aut
1321 3187 1576 3254 ﬂammis,
1605 3197 1701 3244 aut
1725 3187 1833 3242 alio
1859 3187 2054 3242 mortis

2163 3201 2254 3254 καὶ
2280 3203 2344 3270 τῇ
2374 3199 2472 3271 θέᾳ
2505 3200 2844 3272 παραϐαλεῖν
2899 3201 3012 3272 (48)
3066 3203 3094 3254 ὁ
3125 3202 3430 3273 Προκόπιος
3457 3203 3585 3274 ἔφη,
3616 3205 3753 3275 πρὸς

472 3302 677 3358 genere
709 3286 1101 3343 interﬁciebat.
1130 3284 1470 3351 Quibusdam
1495 3300 1627 3340 vero
1660 3283 2055 3354 linguasjussit

2163 3293 2258 3362 τὴν
2308 3292 2576 3361 βασιλέως
2625 3292 2954 3364 γενομένους
2997 3293 3152 3346 πόλιν
3178 3295 3371 3347 αὐτόσε
3405 3295 3750 3367 διαδράντας,

471 3379 744 3435 abscindi.
783 3378 894 3433 Hos
923 3379 992 3434 ab
1027 3394 1084 3436 se
1119 3381 1269 3433 visos
1305 3392 1428 3432 esse
1462 3386 1697 3432 testatur
1732 3377 2054 3446 Procopius,

474 3489 600 3530 cum
637 3471 851 3542 profugi
875 3471 1164 3526 venissent
1188 3468 1765 3540 ConstantinOpolim;
1796 3483 1966 3538 seque
1995 3468 2060 3521 il—

475 3567 558 3621 los
604 3564 836 3635 perinde
889 3564 1179 3632 loquentes
1214 3561 1495 3616 audivisse
1543 3577 1608 3616 ac
1645 3560 1691 3616 si
1741 3561 1879 3616 nihil
1913 3559 2058 3632 passi

473 3666 679 3714 essent.
723 3657 791 3710 Et
850 3657 1068 3726 linguas
1137 3655 1360 3725 quidem
1405 3653 1488 3709 eis
1523 3653 1790 3709 radicitus
1846 3653 2060 3709 excisas

473 3753 645 3806 fuisse
675 3768 688 3804 :
727 3765 920 3803 vocem
956 3757 1140 3803 tamen
1184 3763 1279 3802 eos
1308 3747 1656 3802 articulatam
1687 3745 1973 3809 habuisse,
1996 3759 2059 3800 ac

476 3847 736 3901 distincte
769 3845 986 3899 locutos
1023 3860 1168 3904 esse.
1209 3859 1353 3896 novo
1383 3854 1550 3912 atque
1588 3841 1856 3896 inusitato
1893 3841 2060 3894 mira-

475 3942 622 3996 culo.
667 3940 874 3993 [lorum
919 3937 1126 3992 mentio
1187 3937 1244 3989 fit
1296 3937 1462 3990 etiam
1527 3934 1582 3988 in
1640 3933 2054 3990 Constitutione

475 4032 909 4090 Jttstiniani.oEx
947 4031 1151 4100 quibus
1195 4029 1338 4083 duos
1370 4029 1552 4098 lapsos
1592 4042 1714 4082 esse
1755 4025 2061 4094 Procopius

477 4127 695 4182 scribit.
741 4126 876 4181 Nam
919 4123 1184 4193 quoniam
1225 4137 1351 4177 cum
1395 4120 1727 4177 mulieribus
1781 4117 2060 4174 commisti

478 4221 720 4285 fuerant,
758 4234 948 4274 vocem
977 4217 1202 4288 penitus
1225 4216 1562 4278 amiserunt,
1600 4212 1853 4284 martyrii
1887 4210 2062 4282 gratia

479 4315 550 4369 ali
575 4314 684 4368 illis
715 4313 969 4383 protinus
999 4307 1315 4364 recedente.

2158 3387 2404 3456 ἐντυχεῖν
2436 3401 2498 3438 τε
2543 3385 2726 3451 αὐτοῖς
2753 3385 2842 3441 ἴσα
2869 3388 2985 3450 τοῖς
3028 3387 3196 3458 μηδὲν
3227 3381 3523 3442 πεπονθόσι
3581 3389 3754 3458 φθεγρ

2159 3482 2436 3554 γομένοις.
2475 3483 2589 3536 Καὶ
2617 3483 2716 3546 τὰς
2778 3485 2876 3557 μὲν
2908 3484 3162 3554 γλώσσας
3211 3483 3272 3550 ἐξ
3323 3483 3490 3537 αὑτοῦ
3524 3484 3617 3536 τοῦ
3649 3500 3755 3535 πυ-

2162 3575 2357 3648 θμένος
2397 3576 2773 3648 ἁνακεκὰρθαι
2797 3592 2811 3606 °
2847 3576 2947 3645 τὴν
2978 3575 3035 3629 δὲ
3061 3575 3244 3647 φωνὴν
3273 3576 3455 3638 αὐτοῖς
3495 3574 3756 3646 ἔναρθρον

2164 3661 2327 3730 εἶναι,
2364 3667 2460 3720 καὶ
2500 3665 2724 3738 εὔσημα
2790 3665 3175 3732 διαλέγεσθαι·
3233 3664 3418 3739 θαῦμα
3454 3665 3642 3717 καινόν
3696 3682 3756 3718 τε

2166 3759 2263 3812 καὶ⁸
2303 3758 2609 3828 παράδοξον
2629 3774 2643 3788 ο
2676 3751 2751 3810 ὧν
2779 3757 2875 3811 καὶ
2940 3757 3228 3810 Ἰουστινου
3280 3755 3521 3821 διάταξις
3549 3774 3756 3826 μνημο-

2165 3849 2332 3906 νεύει.
2377 3849 2469 3913 Ἐξ
2523 3843 2598 3901 ὧν
2643 3850 2734 3902 καὶ
2775 3849 2868 3902 δύο
2908 3848 3410 3918 παρολισθησάτην,
3461 3847 3536 3912 ὼς
3591 3849 3755 3912 αὺτδς

2165 3943 2478 4012 ἀναγράφει
2523 3943 2848 4014 Προκόπιος.
2895 3943 3112 4011 Ἐπειδὴ
3165 3943 3274 4014 γὰρ
3333 3940 3585 4010 γυναιξὶν
3636 3942 3754 4011 ὁμι-

2167 4033 2280 4086 λεῖν
2335 4033 2745 4105 ὲϐουληθήτην,
2800 4033 2899 4103 τὴν
2966 4033 3150 4104 φωνὴν
3201 4034 3600 4104 ἀφῃρεθήτην,
3659 4031 3754 4085 τοῦ

2172 4126 2477 4198 μαρτυρίου
2517 4125 2620 4196 τῆς
2669 4128 2894 4197 χάριτος
2933 4127 3119 4182 αὐτοῖν
3168 4127 3370 4196 μηκέτι
3407 4127 3756 4196 παραμεινάο

2171 4233 2292 4287 σης.

1685 4462 1950 4518 VALESII
1994 4457 2441 4517 ΑΝΝΟΤΑΤΙῸΝ
2451 4459 2556 4516 ES.

554 4613 662 4686 (58)
710 4611 786 4680 Τῇ
819 4611 922 4686 θέᾳ
951 4607 1342 4686 παραϐαλεῖν.
1382 4604 1748 4686 Scribendum
1778 4613 1862 4686 est
1885 4621 2065 4686 παρα-

2176 4600 2571 4657 Thunonensis
2604 4617 2657 4655 ιη
2700 4601 2972 4666 υηνοηῑεο,
3004 4595 3293 4655 consulatu
3327 4602 3492 4656 tertio
3519 4601 3758 4656 Zenonis

477 4671 686 4740 3483529,
731 4671 792 4737 nt
833 4671 944 4752 jain
992 4671 1086 4734 alii
1133 4687 1266 4752 ante
1313 4694 1418 4752 nos
1456 4677 1848 4752 observarunt.
1891 4671 2063 4752 Porro
2099 4680 2140 4734 D
2170 4673 2428 4752 augusti.
2473 4674 2541 4727 Et
2569 4671 3038 4752 Vic_ttir.\'itensis
3074 4672 3126 4752 in
3155 4672 3252 4752 lib.
3293 4671 3366 4752 De
3400 4675 3759 4752 persecutione

476 4761 549 4812 de
585 4757 670 4809 his
703 4747 1116 4808 confessoribns
1159 4748 1452 4805 Africanis.
1506 4747 1712 4816 quibus
1750 4747 2064 4800 Hunericus

483 4845 580 4882 rex
634 4826 998 4879 Vandalorum
1040 4822 1284 4891 linguam
1328 4815 1551 4891 praecidi
1581 4815 2063 4891 jussera_t,_et_‘qni

485 4898 834 4970 postmodmn
885 4887 1192 4970 l_oqui__non
1228 4887 1596 4970 destiterunt,
1647 4887 1892 4970 pnrzeci‘sis
1938 4887 2068 4968 licet

485 4955 709 5034 iinguis,
757 4955 1006 5034 loquitur
1048 4963 1396 5016 Marcellinus
1447 4955 1731 5034 ουιηεεξίη
1787 4955 2066 5034 Chronico,

481 5029 843 5092 ’l‘hemlorico'
867 5044 923 5089 et
971 5034 1246 5089 Venantio
1282 5047 1397 5086 eos.
1441 5030 1538 5084 ubi
1579 5031 1745 5084 etiam
1799 5029 2067 5097 quosdam

483 5127 550 5164 o-x
579 5111 690 5163 iilis
730 5124 760 5162 a
789 5123 847 5162 se
871 5108 1018 5161 visos
1047 5120 1170 5160 esse
1205 5112 1457 5159 testatur.
1493 5101 1640 5156 Idem
1664 5100 1858 5154 scribit
1883 5099 2071 5154 Victor

2173 4742 2588 4805 Vandalorum;
2651 4743 2998 4797 Justinianus
3054 4742 3297 4811 denique
3353 4743 3657 4811 imperator
3706 4743 3757 4796 in

2165 4815 2285 4885 lege
2336 4816 2356 4866 1
2406 4815 2474 4868 de
2516 4813 2697 4885 oﬂicio
2742 4813 2985 4885 praefecti
3030 4814 3290 4882 praztorio
3326 4815 3541 4867 Africae.
3585 4814 3758 4879 Quam

2169 4882 2468 4940 Ju'stiniani
2503 4882 2970 4938 Coustitutionem
3011 4885 3177 4952 paulo
3221 4895 3342 4953 post
3397 4885 3586 4938 laudat
3618 4885 3761 4938 Eva-

2171 4955 2322 5026 grius
2346 4963 2537 5009 noster
2568 4955 2622 5008 in
2654 4955 2758 5007 hoc
2779 4955 2980 5026 capite,
3013 4957 3143 5026 licet
3166 4955 3366 5008 Justini
3402 4970 3608 5026 nomen
3637 4969 3762 5026 per:-

2173 5022 2370 5150 gerant
2389 5026 2656 5094 scriptum
2679 5025 2748 5079 sit
2788 5022 2884 5106 pro
2904 5025 3238 5106 .lustiniano.
3261 5027 3426 5079 Plura
3459 5025 3585 5078 vide
3616 5022 3760 5094 apud

2219 5111 2495 5150 arontum.
2531 5112 2677 5150 anno
2718 5094 2923 5150 Christi
2966 5097 3094 5150 484.

2219 5097 2495 5160 aronium,
2531 5112 2677 5150 anno
2718 5094 2923 5150 Christi
2966 5097 3094 5150 484.

1915 5257 2307 5316 VARIORUM.

563 5416 637 5486 (ά)
685 5415 754 5469 Τὸ
787 5413 964 5486 Νίκα.
1005 5412 1160 5486 Hanc
1204 5408 1542 5486 seditionem
1596 5403 1901 5486 Procopius
1949 5401 2072 5456 fuse

420 5520 424 5524 -
488 5475 875 5558 prosequitur__
897 5485 937 5538 l.
983 5500 1000 5558 _t
1032 5482 1166 5558 Bell.
1197 5480 1350 5558 Pera.
1387 5479 1728 5558 aﬂit-tnatqtte
1760 5475 1907 5558 iunea
1937 5489 2075 5558 cassa

486 5545 689 5612 i‘uisse’
718 5555 882 5609 CPoli
930 5547 1735 5624 triginta,hominumnmillia.
1790 5545 1908 5599 Nic.
1951 5545 2078 5598 Alc-

488 5642 726 5686 mannus
763 5626 817 5678 in
867 5617 1031 5678 Notis
1063 5624 1128 5679 ad
1163 5621 1416 5690 Procopii
1463 5617 1773 5690 [listoriamA
1797 5631 2075 5678 arcanam,

489 5714 547 5821 pl.
581 5698 670 5760 6‘2,
719 5694 971 5751 exhibuit
1017 5687 1406 5773 Fragmentum
1453 5687 1810 5767 Theophanis
1839 5702 1906 5740 ex
1941 5700 2076 5766 mss.

541 5778 616 5821 at.
669 5768 832 5821 codd.
884 5767 940 5820 in
982 5780 1092 5821 (tuo
1129 5765 1302 5818 velut!
1334 5777 1391 5814 tn
1427 5759 1615 5814 tabula
1646 5756 1835 5810 Videre
1862 5763 1947 5809 est
1979 5771 2076 5814 un-

541 5784 569 5821 2

578 5778 616 5822 t.
660 5755 832 5823 codd.
884 5767 940 5820 in
982 5780 1092 5833 quo
1126 5755 1302 5829 veluti
1334 5761 1391 5814 in
1427 5755 1623 5833 tabula
1646 5756 1835 5833 videre
1862 5763 1947 5809 est
1979 5755 2081 5814 ini-

495 5837 639 5910 pcrii
693 5839 842 5894 circa
879 5835 936 5894 id
986 5826 1201 5906 tempus
1248 5826 1474 5898 statum,
1525 5826 1822 5886 Justiniani
1874 5841 2077 5891 mores,

2179 5399 2315 5454 circi
2368 5406 2425 5454 et
2467 5397 2672 5453 theatri
2713 5399 3017 5462 licentiam.
3064 5406 3122 5453 et
3170 5413 3332 5468 quam
3373 5413 3554 5470 parva
3597 5397 3770 5470 jurgii

2181 5470 2418 5525 scintilla
2476 5480 2689 5524 tantum
2746 5471 3063 5525 incendium
3121 5468 3396 5524 excitarit.
3443 5468 3648 5537 Incipit
3703 5468 3771 5524 ab

2185 5542 2274 5596 his
2311 5543 2498 5595 verbis
2531 5559 2543 5594 :
2583 5542 2811 5606 Γέγονεν
2847 5543 2880 5610 ή
2913 5542 3179 5609 ἁνταρσία
3204 5540 3322 5610 κτοῦ
3353 5541 3500 5593 Νίκα
3527 5577 3542 5600 ,
3584 5544 3704 5609 τρῦτ
3727 5557 3772 5610 ῳ

2183 5611 2434 5680 τοιούτῳ,
2480 5611 2714 5665 Rebellio
2739 5628 2856 5680 quw
2878 5611 3018 5665 dicta
3065 5619 3140 5665 est
3176 5609 3367 5675 Vince,
3399 5613 3480 5664 ita
3526 5609 3769 5680 conligi.

2259 5629 2434 5680 ιον-τῳ,
2480 5629 2714 5665 ιίευειιιο
2739 5629 2856 5734 quae
2878 5629 3018 5665 arcta
3065 5629 3140 5665 est
3181 5629 3367 5675 Vince,
3399 5629 3480 5664 ua
3526 5629 3769 5680 COﬂlth.

2259 5683 2327 5752 te)
2361 5681 2699 5750 Ὀνώριχος.
2727 5683 2750 5736 Ι»
2777 5682 3038 5737 unericus
3067 5681 3391 5743 Genserico,
3423 5683 3592 5752 patri,
3643 5697 3770 5736 50t-

2187 5751 2358 5808 cessit
2385 5752 2441 5806 in
2474 5768 2642 5820 regno
2675 5752 2895 5817 Africis,
2937 5770 3083 5807 anno
3105 5752 3239 5807 Chr.
3273 5754 3398 5807 477.
3438 5754 3515 5808 De
3549 5751 3770 5808 duobus

2184 5825 2309 5895 ejus
2355 5823 2411 5878 in
2451 5822 2798 5882 Christianos
2843 5821 3042 5879 edictis
3069 5824 3181 5894 jam
3211 5823 3448 5894 egimus.

3595 335 3747 400 2728
3833 339 3840 346 ’
