  <div class='ocr_page' id='page_1' title='image "/cluster/home/n/w/nwhite01/storage/ocr_20150623/86:2/hvd.32044012719696/494.png"; bbox 0 0 3960 6554; ppageno 0'>
   <div class='ocr_carea' id='block_1_1' title="bbox 190 411 345 475">
    <p class='ocr_par' dir='ltr' id='par_1_1' title="bbox 190 411 345 475">
     <span class='ocr_line' id='line_1_1' title="bbox 190 411 345 475; baseline -0.006 0"><span class='ocrx_word' id='word_1_1' title='bbox 190 411 345 475; x_wconf 76' lang='grc' dir='ltr'><strong>27Ξ9</strong></span> 
     </span>
    </p>
   </div>
   <div class='ocr_carea' id='block_1_2' title="bbox 798 524 1179 578">
    <p class='ocr_par' dir='ltr' id='par_1_2' title="bbox 798 524 1179 578">
     <span class='ocr_line' id='line_1_2' title="bbox 798 524 1179 578; baseline -0.008 0"><span class='ocrx_word' id='word_1_2' title='bbox 798 524 1050 578; x_wconf 81' lang='grc' dir='ltr'><strong>ΚΕΦΛΛ.</strong></span> <span class='ocrx_word' id='word_1_3' title='bbox 1078 525 1179 577; x_wconf 83' lang='lat' dir='ltr'><strong>lE&#39;.</strong></span> 
     </span>
    </p>
   </div>
   <div class='ocr_carea' id='block_1_3' title="bbox 445 615 1526 685">
    <p class='ocr_par' dir='ltr' id='par_1_3' title="bbox 445 615 1526 685">
     <span class='ocr_line' id='line_1_3' title="bbox 445 615 1526 685; baseline -0.001 -13"><span class='ocrx_word' id='word_1_4' title='bbox 445 615 589 685; x_wconf 68' lang='grc' dir='ltr'>Περὶ</span> <span class='ocrx_word' id='word_1_5' title='bbox 615 616 938 673; x_wconf 77' lang='grc' dir='ltr'><strong>Καϐαώνου</strong></span> <span class='ocrx_word' id='word_1_6' title='bbox 961 617 1071 670; x_wconf 81' lang='grc' dir='ltr'>τοῦ</span> <span class='ocrx_word' id='word_1_7' title='bbox 1100 619 1526 684; x_wconf 83' lang='grc' dir='ltr'><strong>Μαυρουσίου.</strong></span> 
     </span>
    </p>
   </div>
   <div class='ocr_carea' id='block_1_4' title="bbox 262 709 1786 784">
    <p class='ocr_par' dir='ltr' id='par_1_4' title="bbox 262 709 1786 784">
     <span class='ocr_line' id='line_1_4' title="bbox 262 709 1786 784; baseline -0.004 -16"><span class='ocrx_word' id='word_1_8' title='bbox 262 712 376 768; x_wconf 74' lang='grc' dir='ltr'><strong>Καὶ</strong></span> <span class='ocrx_word' id='word_1_9' title='bbox 401 711 594 784; x_wconf 60' lang='grc' dir='ltr'>ἕτερον</span> <span class='ocrx_word' id='word_1_10' title='bbox 644 712 703 766; x_wconf 81' lang='grc' dir='ltr'>δὲ</span> <span class='ocrx_word' id='word_1_11' title='bbox 731 710 1065 780; x_wconf 83' lang='grc' dir='ltr'>ἁξιάγαστον</span> <span class='ocrx_word' id='word_1_12' title='bbox 1093 711 1290 780; x_wconf 80' lang='grc' dir='ltr'><strong>ἀνάγει</strong></span> <span class='ocrx_word' id='word_1_13' title='bbox 1321 711 1435 782; x_wconf 73' lang='grc'><strong>(49)</strong></span> <span class='ocrx_word' id='word_1_14' title='bbox 1476 709 1574 765; x_wconf 81' lang='grc' dir='ltr'>τοῦ</span> <span class='ocrx_word' id='word_1_15' title='bbox 1606 712 1786 783; x_wconf 83' lang='grc' dir='ltr'>σωτῆ-</span> 
     </span>
    </p>
   </div>
   <div class='ocr_carea' id='block_1_5' title="bbox 191 803 1790 880">
    <p class='ocr_par' dir='ltr' id='par_1_5' title="bbox 191 803 1790 880">
     <span class='ocr_line' id='line_1_5' title="bbox 191 803 1790 880; baseline -0.003 -20"><span class='ocrx_word' id='word_1_16' title='bbox 191 825 288 880; x_wconf 81' lang='grc' dir='ltr'><strong>ρος</strong></span> <span class='ocrx_word' id='word_1_17' title='bbox 317 805 451 860; x_wconf 71' lang='grc' dir='ltr'>Θεοῦ</span> <span class='ocrx_word' id='word_1_18' title='bbox 489 805 773 875; x_wconf 86' lang='grc' dir='ltr'>θαυματου</span> <span class='ocrx_word' id='word_1_19' title='bbox 784 805 1093 876; x_wconf 78' lang='grc' dir='ltr'>ργήσαντος</span> <span class='ocrx_word' id='word_1_20' title='bbox 1122 805 1211 857; x_wconf 80' lang='grc' dir='ltr'>ἐπ’</span> <span class='ocrx_word' id='word_1_21' title='bbox 1235 804 1501 874; x_wconf 81' lang='grc' dir='ltr'><strong>ἀνδράσιν</strong></span> <span class='ocrx_word' id='word_1_22' title='bbox 1529 803 1790 873; x_wconf 78' lang='grc' dir='ltr'>ἐκφύλοις</span> 
     </span>
    </p>
   </div>
   <div class='ocr_carea' id='block_1_6' title="bbox 178 896 1789 969">
    <p class='ocr_par' dir='ltr' id='par_1_6' title="bbox 178 896 1789 969">
     <span class='ocr_line' id='line_1_6' title="bbox 178 896 1789 969; baseline -0.001 -17"><span class='ocrx_word' id='word_1_23' title='bbox 178 901 295 968; x_wconf 51' lang='grc' dir='ltr'>»μὲν</span> <span class='ocrx_word' id='word_1_24' title='bbox 341 897 443 969; x_wconf 81' lang='grc' dir='ltr'>τὴν</span> <span class='ocrx_word' id='word_1_25' title='bbox 473 896 797 969; x_wconf 84' lang='grc' dir='ltr'>θρησκείαν,</span> <span class='ocrx_word' id='word_1_26' title='bbox 828 897 955 951; x_wconf 83' lang='grc' dir='ltr'>ὅσια</span> <span class='ocrx_word' id='word_1_27' title='bbox 984 896 1043 950; x_wconf 74' lang='grc' dir='ltr'>δὲ</span> <span class='ocrx_word' id='word_1_28' title='bbox 1072 900 1195 950; x_wconf 86' lang='grc' dir='ltr'>κατ’</span> <span class='ocrx_word' id='word_1_29' title='bbox 1222 896 1406 948; x_wconf 85' lang='grc' dir='ltr'>ἐκεῖνο</span> <span class='ocrx_word' id='word_1_30' title='bbox 1432 897 1628 967; x_wconf 88' lang='grc' dir='ltr'>καιροῦ</span> <span class='ocrx_word' id='word_1_31' title='bbox 1655 896 1789 968; x_wconf 87' lang='grc' dir='ltr'>δρά-</span> 
     </span>
    </p>
   </div>
   <div class='ocr_carea' id='block_1_7' title="bbox 188 986 1790 1060">
    <p class='ocr_par' dir='ltr' id='par_1_7' title="bbox 188 986 1790 1060">
     <span class='ocr_line' id='line_1_7' title="bbox 188 986 1790 1060; baseline -0.001 -18"><span class='ocrx_word' id='word_1_32' title='bbox 188 1006 342 1042; x_wconf 87' lang='grc' dir='ltr'>σασι.</span> <span class='ocrx_word' id='word_1_33' title='bbox 392 988 703 1060; x_wconf 79' lang='grc' dir='ltr'>Κασαώνην</span> <span class='ocrx_word' id='word_1_34' title='bbox 736 988 872 1058; x_wconf 79' lang='grc' dir='ltr'>φησὶ</span> <span class='ocrx_word' id='word_1_35' title='bbox 911 987 1024 1041; x_wconf 83' lang='grc' dir='ltr'><strong>τῶν</strong></span> <span class='ocrx_word' id='word_1_36' title='bbox 1052 988 1198 1059; x_wconf 69' lang='grc' dir='ltr'>ἀμφὶ</span> <span class='ocrx_word' id='word_1_37' title='bbox 1224 986 1487 1057; x_wconf 80' lang='grc' dir='ltr'><strong>Τρίπολιν</strong></span> <span class='ocrx_word' id='word_1_38' title='bbox 1537 988 1790 1060; x_wconf 89' lang='grc' dir='ltr'>Μαυρου-</span> 
     </span>
    </p>
   </div>
   <div class='ocr_carea' id='block_1_8' title="bbox 185 1076 1790 1153">
    <p class='ocr_par' dir='ltr' id='par_1_8' title="bbox 185 1076 1790 1153">
     <span class='ocr_line' id='line_1_8' title="bbox 185 1076 1790 1153; baseline 0.001 -20"><span class='ocrx_word' id='word_1_39' title='bbox 185 1079 325 1134; x_wconf 66' lang='grc' dir='ltr'>σίων</span> <span class='ocrx_word' id='word_1_40' title='bbox 356 1080 634 1153; x_wconf 73' lang='grc' dir='ltr'>ἡγεῖσθαι.</span> <span class='ocrx_word' id='word_1_41' title='bbox 669 1076 839 1143; x_wconf 73' lang='grc' dir='ltr'>Οὗτός</span> <span class='ocrx_word' id='word_1_42' title='bbox 867 1096 1037 1151; x_wconf 83' lang='grc' dir='ltr'>φησιν</span> <span class='ocrx_word' id='word_1_43' title='bbox 1060 1082 1089 1133; x_wconf 85' lang='grc' dir='ltr'>ὁ</span> <span class='ocrx_word' id='word_1_44' title='bbox 1124 1080 1461 1152; x_wconf 79' lang='grc' dir='ltr'>Καὸαώνης,</span> <span class='ocrx_word' id='word_1_45' title='bbox 1493 1080 1646 1146; x_wconf 79' lang='grc' dir='ltr'>ἄξιον</span> <span class='ocrx_word' id='word_1_46' title='bbox 1678 1080 1790 1152; x_wconf 87' lang='grc' dir='ltr'><strong>γὰρ</strong></span> 
     </span>
    </p>
   </div>
   <div class='ocr_carea' id='block_1_9' title="bbox 186 1172 1791 1246">
    <p class='ocr_par' dir='ltr' id='par_1_9' title="bbox 186 1172 1791 1246">
     <span class='ocr_line' id='line_1_9' title="bbox 186 1172 1791 1246; baseline 0.002 -20"><span class='ocrx_word' id='word_1_47' title='bbox 186 1175 305 1237; x_wconf 83' lang='grc' dir='ltr'>τοῖς</span> <span class='ocrx_word' id='word_1_48' title='bbox 348 1172 520 1227; x_wconf 74' lang='grc' dir='ltr'>αὑτοῦ</span> <span class='ocrx_word' id='word_1_49' title='bbox 548 1172 857 1244; x_wconf 87' lang='grc' dir='ltr'>χρήσασθαι</span> <span class='ocrx_word' id='word_1_50' title='bbox 893 1175 1155 1246; x_wconf 77' lang='grc' dir='ltr'>ῥήμασιν,</span> <span class='ocrx_word' id='word_1_51' title='bbox 1183 1174 1489 1243; x_wconf 77' lang='grc' dir='ltr'><strong>ἀξιολόγως</strong></span> <span class='ocrx_word' id='word_1_52' title='bbox 1524 1174 1620 1229; x_wconf 72' lang='grc' dir='ltr'>καὶ</span> <span class='ocrx_word' id='word_1_53' title='bbox 1657 1177 1791 1246; x_wconf 77' lang='grc' dir='ltr'>περὶ</span> 
     </span>
    </p>
   </div>
   <div class='ocr_carea' id='block_1_10' title="bbox 187 1266 1788 1340">
    <p class='ocr_par' dir='ltr' id='par_1_10' title="bbox 187 1266 1788 1340">
     <span class='ocr_line' id='line_1_10' title="bbox 187 1266 1788 1340; baseline 0.001 -20"><span class='ocrx_word' id='word_1_54' title='bbox 187 1267 403 1320; x_wconf 74' lang='grc' dir='ltr'>τούτων</span> <span class='ocrx_word' id='word_1_55' title='bbox 450 1266 829 1337; x_wconf 80' lang='grc' dir='ltr'>διηγούμενος,</span> <span class='ocrx_word' id='word_1_56' title='bbox 878 1266 1069 1339; x_wconf 85' lang='grc' dir='ltr'>ἐπειδῆ</span> <span class='ocrx_word' id='word_1_57' title='bbox 1114 1266 1203 1321; x_wconf 86' lang='grc' dir='ltr'><strong>ἐπ’</strong></span> <span class='ocrx_word' id='word_1_58' title='bbox 1267 1267 1434 1323; x_wconf 80' lang='grc' dir='ltr'>αὑτὸν</span> <span class='ocrx_word' id='word_1_59' title='bbox 1489 1268 1788 1340; x_wconf 82' lang='grc' dir='ltr'>ἐστρατεῦ-</span> 
     </span>
    </p>
   </div>
   <div class='ocr_carea' id='block_1_11' title="bbox 190 1358 1789 1438">
    <p class='ocr_par' dir='ltr' id='par_1_11' title="bbox 190 1358 1789 1438">
     <span class='ocr_line' id='line_1_11' title="bbox 190 1358 1789 1438; baseline 0.003 -21"><span class='ocrx_word' id='word_1_60' title='bbox 190 1362 319 1418; x_wconf 88' lang='grc' dir='ltr'>σθαι</span> <span class='ocrx_word' id='word_1_61' title='bbox 352 1364 402 1395; x_wconf 82' lang='lat'><strong><em>&quot;&#39;</em></strong></span> <span class='ocrx_word' id='word_1_62' title='bbox 431 1364 724 1429; x_wconf 83' lang='grc' dir='ltr'>Βανδίλους</span> <span class='ocrx_word' id='word_1_63' title='bbox 748 1364 1001 1419; x_wconf 70' lang='grc' dir='ltr'>ἐπείθετο</span> <span class='ocrx_word' id='word_1_64' title='bbox 1034 1362 1103 1433; x_wconf 79' lang='grc'><strong>⁵³,</strong></span> <span class='ocrx_word' id='word_1_65' title='bbox 1137 1365 1315 1419; x_wconf 77' lang='grc' dir='ltr'>ἐποίει</span> <span class='ocrx_word' id='word_1_66' title='bbox 1358 1358 1559 1422; x_wconf 83' lang='grc' dir='ltr'>τοιάδε.</span> <span class='ocrx_word' id='word_1_67' title='bbox 1588 1363 1789 1438; x_wconf 81' lang='grc' dir='ltr'>Πρῶτα</span> 
     </span>
    </p>
   </div>
   <div class='ocr_carea' id='block_1_12' title="bbox 192 1458 1792 1529">
    <p class='ocr_par' dir='ltr' id='par_1_12' title="bbox 192 1458 1792 1529">
     <span class='ocr_line' id='line_1_12' title="bbox 192 1458 1792 1529; baseline 0.001 -19"><span class='ocrx_word' id='word_1_68' title='bbox 192 1459 295 1527; x_wconf 79' lang='grc' dir='ltr'>μὲν</span> <span class='ocrx_word' id='word_1_69' title='bbox 314 1460 438 1522; x_wconf 83' lang='grc' dir='ltr'>τοῖς</span> <span class='ocrx_word' id='word_1_70' title='bbox 457 1458 724 1529; x_wconf 76' lang='grc' dir='ltr'><strong>ὑπηκόοις</strong></span> <span class='ocrx_word' id='word_1_71' title='bbox 749 1458 1102 1529; x_wconf 68' lang='grc' dir='ltr'>ἐπήγγειλεν,</span> <span class='ocrx_word' id='word_1_72' title='bbox 1135 1458 1356 1521; x_wconf 77' lang='grc' dir='ltr'><strong>ἀδικίας</strong></span> <span class='ocrx_word' id='word_1_73' title='bbox 1379 1475 1437 1510; x_wconf 87' lang='grc' dir='ltr'><strong>τε</strong></span> <span class='ocrx_word' id='word_1_74' title='bbox 1464 1458 1671 1528; x_wconf 79' lang='grc' dir='ltr'>πάσης,</span> <span class='ocrx_word' id='word_1_75' title='bbox 1694 1458 1792 1512; x_wconf 73' lang='grc' dir='ltr'><strong>καὶ</strong></span> 
     </span>
    </p>
   </div>
   <div class='ocr_carea' id='block_1_13' title="bbox 190 1549 1792 1625">
    <p class='ocr_par' dir='ltr' id='par_1_13' title="bbox 190 1549 1792 1625">
     <span class='ocr_line' id='line_1_13' title="bbox 190 1549 1792 1625; baseline 0.001 -22"><span class='ocrx_word' id='word_1_76' title='bbox 190 1549 461 1622; x_wconf 79' lang='grc' dir='ltr'><strong>βρώσεως</strong></span> <span class='ocrx_word' id='word_1_77' title='bbox 490 1553 570 1616; x_wconf 83' lang='grc' dir='ltr'><strong>είς</strong></span> <span class='ocrx_word' id='word_1_78' title='bbox 596 1550 814 1625; x_wconf 79' lang='grc' dir='ltr'>τρυφὴν</span> <span class='ocrx_word' id='word_1_79' title='bbox 862 1552 1128 1622; x_wconf 70' lang='grc' dir='ltr'>ἀγούσης,</span> <span class='ocrx_word' id='word_1_80' title='bbox 1155 1553 1254 1607; x_wconf 70' lang='grc' dir='ltr'><strong>καὶ</strong></span> <span class='ocrx_word' id='word_1_81' title='bbox 1280 1554 1501 1608; x_wconf 86' lang='grc' dir='ltr'>πάντων</span> <span class='ocrx_word' id='word_1_82' title='bbox 1550 1552 1792 1623; x_wconf 80' lang='grc' dir='ltr'>μάλιστα</span> 
     </span>
    </p>
   </div>
   <div class='ocr_carea' id='block_1_14' title="bbox 188 1647 1793 1720">
    <p class='ocr_par' dir='ltr' id='par_1_14' title="bbox 188 1647 1793 1720">
     <span class='ocr_line' id='line_1_14' title="bbox 188 1647 1793 1720; baseline 0 -21"><span class='ocrx_word' id='word_1_83' title='bbox 188 1647 480 1716; x_wconf 81' lang='grc' dir='ltr'>γυναικῶν</span> <span class='ocrx_word' id='word_1_84' title='bbox 505 1647 791 1713; x_wconf 77' lang='grc' dir='ltr'><strong>ξυνουσίας</strong></span> <span class='ocrx_word' id='word_1_85' title='bbox 815 1648 1142 1719; x_wconf 77' lang='grc' dir='ltr'>ἀπέχεσθαι.</span> <span class='ocrx_word' id='word_1_86' title='bbox 1174 1648 1575 1720; x_wconf 83' lang='grc' dir='ltr'>Χαρακώματά</span> <span class='ocrx_word' id='word_1_87' title='bbox 1605 1661 1668 1700; x_wconf 83' lang='grc' dir='ltr'><strong>τε</strong></span> <span class='ocrx_word' id='word_1_88' title='bbox 1698 1647 1793 1700; x_wconf 83' lang='grc' dir='ltr'>δύο</span> 
     </span>
    </p>
   </div>
   <div class='ocr_carea' id='block_1_15' title="bbox 187 1736 1792 1808">
    <p class='ocr_par' dir='ltr' id='par_1_15' title="bbox 187 1736 1792 1808">
     <span class='ocr_line' id='line_1_15' title="bbox 187 1736 1792 1808; baseline -0.016 -2"><span class='ocrx_word' id='word_1_89' title='bbox 187 1736 539 1807; x_wconf 75' lang='grc' dir='ltr'>πηξάμενος.</span> <span class='ocrx_word' id='word_1_90' title='bbox 573 1738 632 1790; x_wconf 73' lang='grc' dir='ltr'>ὲν</span> <span class='ocrx_word' id='word_1_91' title='bbox 664 1737 879 1808; x_wconf 73' lang='grc' dir='ltr'>θατέρῳ</span> <span class='ocrx_word' id='word_1_92' title='bbox 927 1737 1027 1807; x_wconf 78' lang='grc' dir='ltr'>μὲν</span> <span class='ocrx_word' id='word_1_93' title='bbox 1053 1737 1217 1799; x_wconf 72' lang='grc' dir='ltr'>αὐτὸς</span> <span class='ocrx_word' id='word_1_94' title='bbox 1262 1740 1361 1791; x_wconf 77' lang='grc' dir='ltr'>σὺν</span> <span class='ocrx_word' id='word_1_95' title='bbox 1390 1739 1560 1791; x_wconf 81' lang='grc' dir='ltr'>πᾶσιν</span> <span class='ocrx_word' id='word_1_96' title='bbox 1589 1738 1792 1807; x_wconf 80' lang='grc' dir='ltr'>ἐστρα-</span> 
     </span>
    </p>
   </div>
   <div class='ocr_carea' id='block_1_16' title="bbox 187 1829 1794 1903">
    <p class='ocr_par' dir='ltr' id='par_1_16' title="bbox 187 1829 1794 1903">
     <span class='ocr_line' id='line_1_16' title="bbox 187 1829 1794 1903; baseline -0.001 -18"><span class='ocrx_word' id='word_1_97' title='bbox 187 1832 567 1885; x_wconf 60' lang='grc' dir='ltr'><strong>⁸ῐποπιεδεύσατο</strong></span> <span class='ocrx_word' id='word_1_98' title='bbox 594 1835 708 1896; x_wconf 84' lang='grc' dir='ltr'>τοῖς</span> <span class='ocrx_word' id='word_1_99' title='bbox 736 1831 1000 1903; x_wconf 73' lang='grc' dir='ltr'>ἀνδράσιν</span> <span class='ocrx_word' id='word_1_100' title='bbox 1020 1848 1035 1862; x_wconf 86' lang='grc'><strong>·</strong></span> <span class='ocrx_word' id='word_1_101' title='bbox 1073 1832 1132 1885; x_wconf 85' lang='grc' dir='ltr'><strong>ἐν</strong></span> <span class='ocrx_word' id='word_1_102' title='bbox 1169 1831 1227 1884; x_wconf 82' lang='grc' dir='ltr'>δὲ</span> <span class='ocrx_word' id='word_1_103' title='bbox 1256 1830 1320 1902; x_wconf 82' lang='grc' dir='ltr'><strong>δὴ</strong></span> <span class='ocrx_word' id='word_1_104' title='bbox 1362 1831 1440 1902; x_wconf 69' lang='grc' dir='ltr'>τῷ</span> <span class='ocrx_word' id='word_1_105' title='bbox 1470 1830 1663 1901; x_wconf 81' lang='grc' dir='ltr'>ἐτέρῳ,</span> <span class='ocrx_word' id='word_1_106' title='bbox 1692 1829 1794 1893; x_wconf 78' lang='grc' dir='ltr'>τὰς</span> 
     </span>
    </p>
   </div>
   <div class='ocr_carea' id='block_1_17' title="bbox 182 1914 1791 1996">
    <p class='ocr_par' dir='ltr' id='par_1_17' title="bbox 182 1914 1791 1996">
     <span class='ocr_line' id='line_1_17' title="bbox 182 1914 1791 1996; baseline -0.002 -19"><span class='ocrx_word' id='word_1_107' title='bbox 182 1914 468 1994; x_wconf 51' lang='grc' dir='ltr'>γυναῖκας</span> <span class='ocrx_word' id='word_1_108' title='bbox 493 1924 773 1996; x_wconf 78' lang='grc' dir='ltr'><strong>καθεῖρξε.</strong></span> <span class='ocrx_word' id='word_1_109' title='bbox 804 1924 1048 1978; x_wconf 88' lang='grc' dir='ltr'>Θάνατον</span> <span class='ocrx_word' id='word_1_110' title='bbox 1099 1922 1155 1976; x_wconf 82' lang='grc' dir='ltr'>δὲ</span> <span class='ocrx_word' id='word_1_111' title='bbox 1179 1923 1281 1994; x_wconf 80' lang='grc' dir='ltr'><strong>τὴν</strong></span> <span class='ocrx_word' id='word_1_112' title='bbox 1327 1922 1533 1992; x_wconf 75' lang='grc' dir='ltr'>ζημίαν</span> <span class='ocrx_word' id='word_1_113' title='bbox 1556 1920 1791 1991; x_wconf 73' lang='grc' dir='ltr'>ἠπείλη-</span> 
     </span>
    </p>
   </div>
   <div class='ocr_carea' id='block_1_18' title="bbox 191 2015 1795 2086">
    <p class='ocr_par' dir='ltr' id='par_1_18' title="bbox 191 2015 1795 2086">
     <span class='ocr_line' id='line_1_18' title="bbox 191 2015 1795 2086; baseline -0.002 -15"><span class='ocrx_word' id='word_1_114' title='bbox 191 2036 283 2073; x_wconf 89' lang='grc' dir='ltr'><strong>σεν</strong></span> <span class='ocrx_word' id='word_1_115' title='bbox 317 2018 569 2081; x_wconf 79' lang='grc' dir='ltr'>ἔσεσθαι,</span> <span class='ocrx_word' id='word_1_116' title='bbox 599 2020 653 2072; x_wconf 81' lang='grc' dir='ltr'>ετ</span> <span class='ocrx_word' id='word_1_117' title='bbox 702 2035 788 2080; x_wconf 82' lang='grc' dir='ltr'>τις</span> <span class='ocrx_word' id='word_1_118' title='bbox 822 2018 914 2070; x_wconf 73' lang='grc' dir='ltr'>ἐπὶ</span> <span class='ocrx_word' id='word_1_119' title='bbox 938 2016 998 2071; x_wconf 80' lang='grc' dir='ltr'>τὸ</span> <span class='ocrx_word' id='word_1_120' title='bbox 1018 2015 1130 2069; x_wconf 84' lang='grc' dir='ltr'><strong>τῶν</strong></span> <span class='ocrx_word' id='word_1_121' title='bbox 1173 2015 1455 2086; x_wconf 79' lang='grc' dir='ltr'>γυναικῶν</span> <span class='ocrx_word' id='word_1_122' title='bbox 1482 2015 1795 2086; x_wconf 75' lang='grc' dir='ltr'><strong>χαράκωμα</strong></span> 
     </span>
    </p>
   </div>
   <div class='ocr_carea' id='block_1_19' title="bbox 192 2108 1791 2181">
    <p class='ocr_par' dir='ltr' id='par_1_19' title="bbox 192 2108 1791 2181">
     <span class='ocr_line' id='line_1_19' title="bbox 192 2108 1791 2181; baseline -0.001 -18"><span class='ocrx_word' id='word_1_123' title='bbox 192 2110 281 2165; x_wconf 69' lang='grc' dir='ltr'>ἴοι.</span> <span class='ocrx_word' id='word_1_124' title='bbox 327 2110 489 2165; x_wconf 84' lang='grc' dir='ltr'>Μετά</span> <span class='ocrx_word' id='word_1_125' title='bbox 544 2110 621 2174; x_wconf 83' lang='grc' dir='ltr'>δὲ,</span> <span class='ocrx_word' id='word_1_126' title='bbox 654 2110 879 2181; x_wconf 77' lang='grc' dir='ltr'>πέμψας</span> <span class='ocrx_word' id='word_1_127' title='bbox 901 2111 960 2172; x_wconf 85' lang='grc' dir='ltr'>ἐς</span> <span class='ocrx_word' id='word_1_128' title='bbox 1012 2108 1340 2179; x_wconf 81' lang='grc' dir='ltr'><strong>Καρχηδόνα</strong></span> <span class='ocrx_word' id='word_1_129' title='bbox 1384 2108 1791 2172; x_wconf 79' lang='grc' dir='ltr'><strong>κατασκόπους,</strong></span> 
     </span>
    </p>
   </div>
   <div class='ocr_carea' id='block_1_20' title="bbox 194 2201 1797 2273">
    <p class='ocr_par' dir='ltr' id='par_1_20' title="bbox 194 2201 1797 2273">
     <span class='ocr_line' id='line_1_20' title="bbox 194 2201 1797 2273; baseline -0.002 -16"><span class='ocrx_word' id='word_1_130' title='bbox 194 2203 471 2257; x_wconf 72' lang='grc' dir='ltr'>ἐπέταττε</span> <span class='ocrx_word' id='word_1_131' title='bbox 493 2203 622 2256; x_wconf 86' lang='grc' dir='ltr'>τάδε</span> <span class='ocrx_word' id='word_1_132' title='bbox 649 2219 664 2235; x_wconf 92' lang='grc'><strong>·</strong></span> <span class='ocrx_word' id='word_1_133' title='bbox 709 2202 963 2255; x_wconf 81' lang='grc' dir='ltr'>Ἐπειδὰν</span> <span class='ocrx_word' id='word_1_134' title='bbox 1000 2203 1050 2255; x_wconf 84' lang='lat' dir='ltr'><strong>oi</strong></span> <span class='ocrx_word' id='word_1_135' title='bbox 1085 2201 1330 2256; x_wconf 84' lang='grc' dir='ltr'>Βανδίλοι</span> <span class='ocrx_word' id='word_1_136' title='bbox 1355 2202 1448 2254; x_wconf 76' lang='grc' dir='ltr'>ἐπὶ</span> <span class='ocrx_word' id='word_1_137' title='bbox 1477 2202 1578 2273; x_wconf 80' lang='grc' dir='ltr'>τὴν</span> <span class='ocrx_word' id='word_1_138' title='bbox 1628 2210 1797 2270; x_wconf 66' lang='lat' dir='ltr'><strong>etpa-</strong></span> 
     </span>
    </p>
   </div>
   <div class='ocr_carea' id='block_1_21' title="bbox 196 2293 1796 2367">
    <p class='ocr_par' dir='ltr' id='par_1_21' title="bbox 196 2293 1796 2367">
     <span class='ocr_line' id='line_1_21' title="bbox 196 2293 1796 2367; baseline -0.002 -18"><span class='ocrx_word' id='word_1_139' title='bbox 196 2298 350 2349; x_wconf 72' lang='grc' dir='ltr'>τείαν</span> <span class='ocrx_word' id='word_1_140' title='bbox 379 2296 717 2367; x_wconf 77' lang='grc' dir='ltr'><strong>βαδίζοντες,</strong></span> <span class='ocrx_word' id='word_1_141' title='bbox 748 2296 807 2358; x_wconf 73' lang='grc' dir='ltr'><strong>ις</strong></span> <span class='ocrx_word' id='word_1_142' title='bbox 835 2312 953 2350; x_wconf 84' lang='grc' dir='ltr'>τινα</span> <span class='ocrx_word' id='word_1_143' title='bbox 976 2295 1121 2366; x_wconf 87' lang='grc' dir='ltr'>νηὼν</span> <span class='ocrx_word' id='word_1_144' title='bbox 1153 2294 1451 2365; x_wconf 77' lang='grc' dir='ltr'>ὑϐρίσωσιν</span> <span class='ocrx_word' id='word_1_145' title='bbox 1476 2294 1537 2347; x_wconf 82' lang='grc' dir='ltr'>ὃν</span> <span class='ocrx_word' id='word_1_146' title='bbox 1574 2296 1624 2347; x_wconf 79' lang='lat' dir='ltr'><strong>oi</strong></span> <span class='ocrx_word' id='word_1_147' title='bbox 1658 2293 1796 2366; x_wconf 76' lang='grc' dir='ltr'>Χρι-</span> 
     </span>
    </p>
   </div>
   <div class='ocr_carea' id='block_1_22' title="bbox 195 2386 1795 2459">
    <p class='ocr_par' dir='ltr' id='par_1_22' title="bbox 195 2386 1795 2459">
     <span class='ocr_line' id='line_1_22' title="bbox 195 2386 1795 2459; baseline -0.004 -17"><span class='ocrx_word' id='word_1_148' title='bbox 195 2391 415 2443; x_wconf 67' lang='grc' dir='ltr'>στιανοὶ</span> <span class='ocrx_word' id='word_1_149' title='bbox 442 2388 716 2455; x_wconf 75' lang='grc' dir='ltr'>σέϐονται,</span> <span class='ocrx_word' id='word_1_150' title='bbox 769 2389 968 2452; x_wconf 72' lang='grc' dir='ltr'>αὐτοὺς</span> <span class='ocrx_word' id='word_1_151' title='bbox 1010 2388 1112 2457; x_wconf 80' lang='grc' dir='ltr'>μὲν</span> <span class='ocrx_word' id='word_1_152' title='bbox 1144 2389 1351 2459; x_wconf 75' lang='grc' dir='ltr'>ὲφορᾷν</span> <span class='ocrx_word' id='word_1_153' title='bbox 1397 2387 1469 2439; x_wconf 77' lang='grc' dir='ltr'><strong>τά</strong></span> <span class='ocrx_word' id='word_1_154' title='bbox 1497 2386 1795 2457; x_wconf 79' lang='grc' dir='ltr'>γινόμενα·</span> 
     </span>
    </p>
   </div>
   <div class='ocr_carea' id='block_1_23' title="bbox 191 2481 1797 2553">
    <p class='ocr_par' dir='ltr' id='par_1_23' title="bbox 191 2481 1797 2553">
     <span class='ocr_line' id='line_1_23' title="bbox 191 2481 1797 2553; baseline -0.002 -18"><span class='ocrx_word' id='word_1_155' title='bbox 191 2482 287 2535; x_wconf 72' lang='grc' dir='ltr'>ἐὰν</span> <span class='ocrx_word' id='word_1_156' title='bbox 316 2483 378 2537; x_wconf 66' lang='grc' dir='ltr'><strong>δέ</strong></span> <span class='ocrx_word' id='word_1_157' title='bbox 400 2484 453 2536; x_wconf 81' lang='lat' dir='ltr'><strong>oi</strong></span> <span class='ocrx_word' id='word_1_158' title='bbox 487 2481 733 2537; x_wconf 85' lang='grc' dir='ltr'>Βανδίλοι</span> <span class='ocrx_word' id='word_1_159' title='bbox 756 2483 817 2534; x_wconf 73' lang='grc' dir='ltr'><strong>τὸ</strong></span> <span class='ocrx_word' id='word_1_160' title='bbox 843 2481 1043 2553; x_wconf 79' lang='grc' dir='ltr'>χωρίον</span> <span class='ocrx_word' id='word_1_161' title='bbox 1076 2481 1376 2551; x_wconf 76' lang='grc' dir='ltr'>ἀμείψωσι,</span> <span class='ocrx_word' id='word_1_162' title='bbox 1408 2482 1589 2535; x_wconf 83' lang='grc' dir='ltr'>πάντα</span> <span class='ocrx_word' id='word_1_163' title='bbox 1623 2481 1797 2533; x_wconf 79' lang='grc' dir='ltr'>ποιεῖν</span> 
     </span>
    </p>
   </div>
   <div class='ocr_carea' id='block_1_24' title="bbox 192 2569 1801 2647">
    <p class='ocr_par' dir='ltr' id='par_1_24' title="bbox 192 2569 1801 2647">
     <span class='ocr_line' id='line_1_24' title="bbox 192 2569 1801 2647; baseline -0.004 -18"><span class='ocrx_word' id='word_1_164' title='bbox 192 2575 563 2638; x_wconf 63' lang='grc' dir='ltr'>τάναπίαείς</span> <span class='ocrx_word' id='word_1_165' title='bbox 586 2575 824 2647; x_wconf 77' lang='grc' dir='ltr'>τδίερδν,</span> <span class='ocrx_word' id='word_1_166' title='bbox 844 2574 904 2639; x_wconf 75' lang='grc' dir='ltr'>ἐξ</span> <span class='ocrx_word' id='word_1_167' title='bbox 920 2569 979 2629; x_wconf 76' lang='grc' dir='ltr'>οὗ</span> <span class='ocrx_word' id='word_1_168' title='bbox 1004 2574 1046 2628; x_wconf 84' lang='grc' dir='ltr'>δ’</span> <span class='ocrx_word' id='word_1_169' title='bbox 1070 2573 1136 2627; x_wconf 84' lang='grc' dir='ltr'>ἂν</span> <span class='ocrx_word' id='word_1_170' title='bbox 1160 2575 1360 2626; x_wconf 79' lang='grc' dir='ltr'>ἐκεῖνοι</span> <span class='ocrx_word' id='word_1_171' title='bbox 1383 2572 1703 2642; x_wconf 70' lang='grc' dir='ltr'><strong>βαδίσαντες</strong></span> <span class='ocrx_word' id='word_1_172' title='bbox 1718 2570 1801 2624; x_wconf 77' lang='grc' dir='ltr'><strong>οἷ-</strong></span> 
     </span>
    </p>
   </div>
   <div class='ocr_carea' id='block_1_25' title="bbox 193 2663 1803 2737">
    <p class='ocr_par' dir='ltr' id='par_1_25' title="bbox 193 2663 1803 2737">
     <span class='ocr_line' id='line_1_25' title="bbox 193 2663 1803 2737; baseline -0.002 -18"><span class='ocrx_word' id='word_1_173' title='bbox 193 2684 417 2737; x_wconf 80' lang='grc' dir='ltr'>χονται.</span> <span class='ocrx_word' id='word_1_174' title='bbox 443 2665 728 2719; x_wconf 85' lang='grc' dir='ltr'>Ἐπειπεῖν</span> <span class='ocrx_word' id='word_1_175' title='bbox 744 2665 801 2718; x_wconf 78' lang='grc' dir='ltr'>δὲ</span> <span class='ocrx_word' id='word_1_176' title='bbox 817 2666 977 2718; x_wconf 79' lang='grc' dir='ltr'>αὐτὸν</span> <span class='ocrx_word' id='word_1_177' title='bbox 1005 2667 1097 2717; x_wconf 69' lang='grc' dir='ltr'><strong>καὶ</strong></span> <span class='ocrx_word' id='word_1_178' title='bbox 1124 2664 1284 2718; x_wconf 81' lang='grc' dir='ltr'><strong>τοῦτὸ</strong></span> <span class='ocrx_word' id='word_1_179' title='bbox 1307 2682 1492 2733; x_wconf 74' lang='grc' dir='ltr'>φασιν,</span> <span class='ocrx_word' id='word_1_180' title='bbox 1511 2664 1587 2727; x_wconf 83' lang='grc' dir='ltr'><strong>ὡς</strong></span> <span class='ocrx_word' id='word_1_181' title='bbox 1615 2663 1803 2732; x_wconf 78' lang='grc' dir='ltr'>ἀγνοοῖ</span> 
     </span>
    </p>
   </div>
   <div class='ocr_carea' id='block_1_26' title="bbox 199 2755 1795 2831">
    <p class='ocr_par' dir='ltr' id='par_1_26' title="bbox 199 2755 1795 2831">
     <span class='ocr_line' id='line_1_26' title="bbox 199 2755 1795 2831; baseline -0.002 -20"><span class='ocrx_word' id='word_1_182' title='bbox 199 2760 312 2831; x_wconf 80' lang='grc' dir='ltr'>μὲν</span> <span class='ocrx_word' id='word_1_183' title='bbox 337 2757 431 2811; x_wconf 73' lang='grc' dir='ltr'>τὸν</span> <span class='ocrx_word' id='word_1_184' title='bbox 460 2757 593 2811; x_wconf 83' lang='grc' dir='ltr'><strong>Θεὸν</strong></span> <span class='ocrx_word' id='word_1_185' title='bbox 616 2756 675 2811; x_wconf 86' lang='grc' dir='ltr'>ὃν</span> <span class='ocrx_word' id='word_1_186' title='bbox 703 2758 1023 2829; x_wconf 68' lang='grc' dir='ltr'>Χριστιανοὶ</span> <span class='ocrx_word' id='word_1_187' title='bbox 1048 2756 1321 2810; x_wconf 79' lang='grc' dir='ltr'>σέϐονται·</span> <span class='ocrx_word' id='word_1_188' title='bbox 1344 2756 1491 2820; x_wconf 70' lang='grc' dir='ltr'>εἰκὸς</span> <span class='ocrx_word' id='word_1_189' title='bbox 1514 2756 1574 2808; x_wconf 80' lang='grc' dir='ltr'>δὲ</span> <span class='ocrx_word' id='word_1_190' title='bbox 1607 2755 1795 2822; x_wconf 73' lang='grc' dir='ltr'>αὑτὸν,</span> 
     </span>
    </p>
   </div>
   <div class='ocr_carea' id='block_1_27' title="bbox 188 2848 1802 2922">
    <p class='ocr_par' dir='ltr' id='par_1_27' title="bbox 188 2848 1802 2922">
     <span class='ocr_line' id='line_1_27' title="bbox 188 2848 1802 2922; baseline 0 -18"><span class='ocrx_word' id='word_1_191' title='bbox 188 2851 411 2921; x_wconf 57' lang='grc' dir='ltr'>φησὶν,</span> <span class='ocrx_word' id='word_1_192' title='bbox 432 2852 587 2921; x_wconf 78' lang='grc' dir='ltr'>εἴπερ</span> <span class='ocrx_word' id='word_1_193' title='bbox 616 2848 835 2922; x_wconf 72' lang='grc' dir='ltr'>ἰσχυρός</span> <span class='ocrx_word' id='word_1_194' title='bbox 859 2851 1028 2915; x_wconf 81' lang='grc' dir='ltr'>ἐστιν,</span> <span class='ocrx_word' id='word_1_195' title='bbox 1058 2850 1133 2915; x_wconf 78' lang='grc' dir='ltr'><strong>ὡς</strong></span> <span class='ocrx_word' id='word_1_196' title='bbox 1158 2850 1400 2919; x_wconf 82' lang='grc' dir='ltr'>λέγεται,</span> <span class='ocrx_word' id='word_1_197' title='bbox 1421 2850 1678 2904; x_wconf 79' lang='grc' dir='ltr'>τίσασθαι</span> <span class='ocrx_word' id='word_1_198' title='bbox 1702 2850 1802 2921; x_wconf 82' lang='grc' dir='ltr'>μὲν</span> 
     </span>
    </p>
   </div>
   <div class='ocr_carea' id='block_1_28' title="bbox 200 2938 1803 3011">
    <p class='ocr_par' dir='ltr' id='par_1_28' title="bbox 200 2938 1803 3011">
     <span class='ocr_line' id='line_1_28' title="bbox 200 2938 1803 3011; baseline 0.001 -20"><span class='ocrx_word' id='word_1_199' title='bbox 200 2940 342 3002; x_wconf 63' lang='grc' dir='ltr'>τοὺς</span> <span class='ocrx_word' id='word_1_200' title='bbox 370 2938 710 3009; x_wconf 71' lang='grc' dir='ltr'>ὑδρίςονεας,</span> <span class='ocrx_word' id='word_1_201' title='bbox 730 2940 934 3009; x_wconf 78' lang='grc' dir='ltr'>ἀμῦναι</span> <span class='ocrx_word' id='word_1_202' title='bbox 954 2940 1011 2993; x_wconf 80' lang='grc' dir='ltr'>δὲ</span> <span class='ocrx_word' id='word_1_203' title='bbox 1029 2943 1139 3003; x_wconf 82' lang='grc' dir='ltr'>τοῖς</span> <span class='ocrx_word' id='word_1_204' title='bbox 1163 2939 1587 3011; x_wconf 82' lang='grc' dir='ltr'>θεραπεύουσιν.</span> <span class='ocrx_word' id='word_1_205' title='bbox 1613 2943 1674 2995; x_wconf 85' lang='lat' dir='ltr'><strong>Oi</strong></span> <span class='ocrx_word' id='word_1_206' title='bbox 1703 2942 1803 3011; x_wconf 86' lang='grc' dir='ltr'>μὲν</span> 
     </span>
    </p>
   </div>
   <div class='ocr_carea' id='block_1_29' title="bbox 198 3030 1803 3104">
    <p class='ocr_par' dir='ltr' id='par_1_29' title="bbox 198 3030 1803 3104">
     <span class='ocr_line' id='line_1_29' title="bbox 198 3030 1803 3104; baseline -0.001 -18"><span class='ocrx_word' id='word_1_207' title='bbox 198 3030 306 3086; x_wconf 76' lang='grc' dir='ltr'>οὖν</span> <span class='ocrx_word' id='word_1_208' title='bbox 334 3034 677 3086; x_wconf 78' lang='grc' dir='ltr'>κατάσκοποι</span> <span class='ocrx_word' id='word_1_209' title='bbox 735 3034 795 3096; x_wconf 68' lang='grc' dir='ltr'>ἐς</span> <span class='ocrx_word' id='word_1_210' title='bbox 825 3033 1155 3103; x_wconf 79' lang='grc' dir='ltr'>Καρχηδόνα</span> <span class='ocrx_word' id='word_1_211' title='bbox 1204 3032 1474 3100; x_wconf 77' lang='grc' dir='ltr'><strong>ἐλθόντες,</strong></span> <span class='ocrx_word' id='word_1_212' title='bbox 1509 3033 1803 3104; x_wconf 76' lang='grc' dir='ltr'>ἐσχόλαζον</span> 
     </span>
    </p>
   </div>
   <div class='ocr_carea' id='block_1_30' title="bbox 194 3124 1804 3198">
    <p class='ocr_par' dir='ltr' id='par_1_30' title="bbox 194 3124 1804 3198">
     <span class='ocr_line' id='line_1_30' title="bbox 194 3124 1804 3198; baseline 0.002 -22"><span class='ocrx_word' id='word_1_213' title='bbox 194 3124 310 3196; x_wconf 54' lang='grc' dir='ltr'>τὴν</span> <span class='ocrx_word' id='word_1_214' title='bbox 340 3124 703 3197; x_wconf 82' lang='grc' dir='ltr'>παρασκευὴν</span> <span class='ocrx_word' id='word_1_215' title='bbox 735 3125 842 3177; x_wconf 84' lang='grc' dir='ltr'><strong>τῶν</strong></span> <span class='ocrx_word' id='word_1_216' title='bbox 864 3125 1136 3180; x_wconf 84' lang='grc' dir='ltr'>Βανδίλων</span> <span class='ocrx_word' id='word_1_217' title='bbox 1168 3124 1455 3198; x_wconf 87' lang='grc' dir='ltr'>θεώμενοι.</span> <span class='ocrx_word' id='word_1_218' title='bbox 1487 3126 1707 3198; x_wconf 79' lang='grc' dir='ltr'>Ἐπειδὴ</span> <span class='ocrx_word' id='word_1_219' title='bbox 1744 3125 1804 3180; x_wconf 82' lang='grc' dir='ltr'>δὲ</span> 
     </span>
    </p>
   </div>
   <div class='ocr_carea' id='block_1_31' title="bbox 1126 412 2564 475">
    <p class='ocr_par' dir='ltr' id='par_1_31' title="bbox 1126 412 2564 475">
     <span class='ocr_line' id='line_1_31' title="bbox 1126 412 2564 475; baseline 0.001 -1"><span class='ocrx_word' id='word_1_220' title='bbox 1126 413 1516 475; x_wconf 71' lang='grc' dir='ltr'><strong>ῙΙΙΞΤΟΒῘᾹΞ</strong></span> <span class='ocrx_word' id='word_1_221' title='bbox 1555 412 2158 474; x_wconf 69' lang='lat' dir='ltr'><strong>ECCLESIASTIC/E</strong></span> <span class='ocrx_word' id='word_1_222' title='bbox 2198 414 2432 475; x_wconf 79' lang='lat' dir='ltr'><strong>LIBER</strong></span> <span class='ocrx_word' id='word_1_223' title='bbox 2470 414 2564 475; x_wconf 74' lang='lat' dir='ltr'><strong>IV.</strong></span> 
     </span>
    </p>
   </div>
   <div class='ocr_carea' id='block_1_32' title="bbox 1814 528 1865 584">
    <p class='ocr_par' dir='ltr' id='par_1_32' title="bbox 1814 528 1865 584">
     <span class='ocr_line' id='line_1_32' title="bbox 1814 528 1865 584; baseline 0 0"><span class='ocrx_word' id='word_1_224' title='bbox 1814 528 1865 584; x_wconf 84' lang='grc' dir='ltr'>Α</span> 
     </span>
    </p>
   </div>
   <div class='ocr_carea' id='block_1_33' title="bbox 3326 413 3469 477">
    <p class='ocr_par' dir='ltr' id='par_1_33' title="bbox 3326 413 3469 477">
     <span class='ocr_line' id='line_1_33' title="bbox 3326 413 3469 477; baseline 0.014 -2"><span class='ocrx_word' id='word_1_225' title='bbox 3326 413 3469 477; x_wconf 65' lang='grc'><strong>2720</strong></span> 
     </span>
    </p>
   </div>
   <div class='ocr_carea' id='block_1_34' title="bbox 2526 522 2839 578">
    <p class='ocr_par' dir='ltr' id='par_1_34' title="bbox 2526 522 2839 578">
     <span class='ocr_line' id='line_1_34' title="bbox 2526 522 2839 578; baseline 0.019 -7"><span class='ocrx_word' id='word_1_226' title='bbox 2526 522 2679 578; x_wconf 66' lang='lat' dir='ltr'><strong>CAP.</strong></span> <span class='ocrx_word' id='word_1_227' title='bbox 2723 523 2839 578; x_wconf 71' lang='lat' dir='ltr'><strong>XV.</strong></span> 
     </span>
    </p>
   </div>
   <div class='ocr_carea' id='block_1_35' title="bbox 2396 615 2975 672">
    <p class='ocr_par' dir='ltr' id='par_1_35' title="bbox 2396 615 2975 672">
     <span class='ocr_line' id='line_1_35' title="bbox 2396 615 2975 672; baseline 0.007 -4"><span class='ocrx_word' id='word_1_228' title='bbox 2396 615 2469 668; x_wconf 81' lang='lat' dir='ltr'><strong>De</strong></span> <span class='ocrx_word' id='word_1_229' title='bbox 2492 616 2742 671; x_wconf 80' lang='lat' dir='ltr'><strong>Cabaone</strong></span> <span class='ocrx_word' id='word_1_230' title='bbox 2763 616 2975 672; x_wconf 83' lang='lat' dir='ltr'><strong>Mauro.</strong></span> 
     </span>
    </p>
   </div>
   <div class='ocr_carea' id='block_1_36' title="bbox 1960 705 3499 779">
    <p class='ocr_par' dir='ltr' id='par_1_36' title="bbox 1960 705 3499 779">
     <span class='ocr_line' id='line_1_36' title="bbox 1960 705 3499 779; baseline 0.008 -20"><span class='ocrx_word' id='word_1_231' title='bbox 1960 705 2126 760; x_wconf 80' lang='lat' dir='ltr'><strong>Aliud</strong></span> <span class='ocrx_word' id='word_1_232' title='bbox 2158 717 2428 777; x_wconf 72' lang='lat' dir='ltr'><strong>pneterea</strong></span> <span class='ocrx_word' id='word_1_233' title='bbox 2465 709 2749 779; x_wconf 84' lang='lat' dir='ltr'><strong>quidpiam</strong></span> <span class='ocrx_word' id='word_1_234' title='bbox 2786 708 2958 764; x_wconf 80' lang='lat' dir='ltr'><strong>refert</strong></span> <span class='ocrx_word' id='word_1_235' title='bbox 2999 709 3365 767; x_wconf 90' lang='lat' dir='ltr'><strong>admiratione</strong></span> <span class='ocrx_word' id='word_1_236' title='bbox 3396 712 3499 773; x_wconf 86' lang='lat' dir='ltr'><strong>di-.</strong></span> 
     </span>
    </p>
   </div>
   <div class='ocr_carea' id='block_1_37' title="bbox 1888 799 3477 871">
    <p class='ocr_par' dir='ltr' id='par_1_37' title="bbox 1888 799 3477 871">
     <span class='ocr_line' id='line_1_37' title="bbox 1888 799 3477 871; baseline 0.004 -20"><span class='ocrx_word' id='word_1_237' title='bbox 1888 810 2083 867; x_wconf 77' lang='lat' dir='ltr'><strong>gnum,</strong></span> <span class='ocrx_word' id='word_1_238' title='bbox 2115 800 2262 870; x_wconf 90' lang='lat' dir='ltr'><strong>quod</strong></span> <span class='ocrx_word' id='word_1_239' title='bbox 2303 815 2334 855; x_wconf 87' lang='lat' dir='ltr'><strong>a</strong></span> <span class='ocrx_word' id='word_1_240' title='bbox 2377 799 2676 855; x_wconf 84' lang='lat' dir='ltr'><strong>Servatore</strong></span> <span class='ocrx_word' id='word_1_241' title='bbox 2725 800 2841 855; x_wconf 83' lang='lat' dir='ltr'><strong>Deo</strong></span> <span class='ocrx_word' id='word_1_242' title='bbox 2880 811 3262 871; x_wconf 77' lang='lat' dir='ltr'><strong>perpetratum</strong></span> <span class='ocrx_word' id='word_1_243' title='bbox 3295 811 3382 857; x_wconf 81' lang='lat' dir='ltr'><strong>e‘st</strong></span> <span class='ocrx_word' id='word_1_244' title='bbox 3422 804 3477 859; x_wconf 91' lang='lat' dir='ltr'><strong>in</strong></span> 
     </span>
    </p>
   </div>
   <div class='ocr_carea' id='block_1_38' title="bbox 1888 889 3477 965">
    <p class='ocr_par' dir='ltr' id='par_1_38' title="bbox 1888 889 3477 965">
     <span class='ocr_line' id='line_1_38' title="bbox 1888 889 3477 965; baseline 0.005 -22"><span class='ocrx_word' id='word_1_245' title='bbox 1888 889 2213 946; x_wconf 84' lang='lat' dir='ltr'><strong>hominibus</strong></span> <span class='ocrx_word' id='word_1_246' title='bbox 2260 890 2356 962; x_wconf 86' lang='lat' dir='ltr'><strong>qui</strong></span> <span class='ocrx_word' id='word_1_247' title='bbox 2400 906 2431 947; x_wconf 90' lang='lat' dir='ltr'><strong>a</strong></span> <span class='ocrx_word' id='word_1_248' title='bbox 2481 892 2750 963; x_wconf 78' lang='lat' dir='ltr'><strong>religione</strong></span> <span class='ocrx_word' id='word_1_249' title='bbox 2780 892 3023 965; x_wconf 82' lang='lat' dir='ltr'><strong>quidem</strong></span> <span class='ocrx_word' id='word_1_250' title='bbox 3074 904 3265 949; x_wconf 90' lang='lat' dir='ltr'><strong>nostra</strong></span> <span class='ocrx_word' id='word_1_251' title='bbox 3321 906 3477 951; x_wconf 85' lang='lat' dir='ltr'><strong>erant</strong></span> 
     </span>
    </p>
   </div>
   <div class='ocr_carea' id='block_1_39' title="bbox 1889 984 3481 1058">
    <p class='ocr_par' dir='ltr' id='par_1_39' title="bbox 1889 984 3481 1058">
     <span class='ocr_line' id='line_1_39' title="bbox 1889 984 3481 1058; baseline 0.002 -19"><span class='ocrx_word' id='word_1_252' title='bbox 1889 984 2079 1050; x_wconf 89' lang='lat' dir='ltr'><strong>alieni,</strong></span> <span class='ocrx_word' id='word_1_253' title='bbox 2112 985 2204 1056; x_wconf 77' lang='lat' dir='ltr'><strong>pie</strong></span> <span class='ocrx_word' id='word_1_254' title='bbox 2240 994 2424 1040; x_wconf 90' lang='lat' dir='ltr'><strong>tamen</strong></span> <span class='ocrx_word' id='word_1_255' title='bbox 2456 1001 2520 1040; x_wconf 91' lang='lat' dir='ltr'><strong>ac</strong></span> <span class='ocrx_word' id='word_1_256' title='bbox 2568 986 2829 1058; x_wconf 77' lang='lat' dir='ltr'><strong>religiose</strong></span> <span class='ocrx_word' id='word_1_257' title='bbox 2864 1000 2933 1040; x_wconf 92' lang='lat' dir='ltr'><strong>eo</strong></span> <span class='ocrx_word' id='word_1_258' title='bbox 2979 996 3227 1057; x_wconf 86' lang='lat' dir='ltr'><strong>tempore</strong></span> <span class='ocrx_word' id='word_1_259' title='bbox 3257 1004 3315 1042; x_wconf 89' lang='lat' dir='ltr'><strong>se</strong></span> <span class='ocrx_word' id='word_1_260' title='bbox 3354 1004 3481 1058; x_wconf 73' lang='lat' dir='ltr'><strong>ges-</strong></span> 
     </span>
    </p>
   </div>
   <div class='ocr_carea' id='block_1_40' title="bbox 1889 1078 3482 1149">
    <p class='ocr_par' dir='ltr' id='par_1_40' title="bbox 1889 1078 3482 1149">
     <span class='ocr_line' id='line_1_40' title="bbox 1889 1078 3482 1149; baseline 0.003 -18"><span class='ocrx_word' id='word_1_261' title='bbox 1889 1086 2105 1132; x_wconf 88' lang='lat' dir='ltr'><strong>serunt.</strong></span> <span class='ocrx_word' id='word_1_262' title='bbox 2132 1078 2224 1132; x_wconf 81' lang='lat' dir='ltr'><strong>Ait</strong></span> <span class='ocrx_word' id='word_1_263' title='bbox 2262 1078 2434 1149; x_wconf 74' lang='lat' dir='ltr'><strong>igitur</strong></span> <span class='ocrx_word' id='word_1_264' title='bbox 2462 1078 2787 1135; x_wconf 75' lang='lat' dir='ltr'><strong>Cabaonem‘</strong></span> <span class='ocrx_word' id='word_1_265' title='bbox 2804 1080 3128 1134; x_wconf 85' lang='lat' dir='ltr'><strong>Maurorum</strong></span> <span class='ocrx_word' id='word_1_266' title='bbox 3164 1080 3310 1136; x_wconf 89' lang='lat' dir='ltr'><strong>circa</strong></span> <span class='ocrx_word' id='word_1_267' title='bbox 3344 1081 3482 1135; x_wconf 82' lang='lat' dir='ltr'><strong>Tri-</strong></span> 
     </span>
    </p>
   </div>
   <div class='ocr_carea' id='block_1_41' title="bbox 1890 1172 3477 1245">
    <p class='ocr_par' dir='ltr' id='par_1_41' title="bbox 1890 1172 3477 1245">
     <span class='ocr_line' id='line_1_41' title="bbox 1890 1172 3477 1245; baseline 0.003 -20"><span class='ocrx_word' id='word_1_268' title='bbox 1890 1172 2062 1242; x_wconf 90' lang='lat' dir='ltr'><strong>polim</strong></span> <span class='ocrx_word' id='word_1_269' title='bbox 2096 1172 2417 1244; x_wconf 81' lang='lat' dir='ltr'><strong>degentium</strong></span> <span class='ocrx_word' id='word_1_270' title='bbox 2450 1174 2705 1245; x_wconf 81' lang='lat' dir='ltr'><strong>regulum</strong></span> <span class='ocrx_word' id='word_1_271' title='bbox 2762 1173 2958 1229; x_wconf 83' lang='lat' dir='ltr'><strong>fuisse.</strong></span> <span class='ocrx_word' id='word_1_272' title='bbox 3003 1172 3107 1229; x_wconf 84' lang='lat' dir='ltr'><strong>Hic</strong></span> <span class='ocrx_word' id='word_1_273' title='bbox 3150 1173 3477 1239; x_wconf 82' lang='lat' dir='ltr'><strong>Cabaones;</strong></span> 
     </span>
    </p>
   </div>
   <div class='ocr_carea' id='block_1_42' title="bbox 1892 1250 3485 1336">
    <p class='ocr_par' dir='ltr' id='par_1_42' title="bbox 1892 1250 3485 1336">
     <span class='ocr_line' id='line_1_42' title="bbox 1892 1250 3485 1336; baseline 0 -17"><span class='ocrx_word' id='word_1_274' title='bbox 1892 1275 2022 1319; x_wconf 90' lang='lat' dir='ltr'><strong>utar</strong></span> <span class='ocrx_word' id='word_1_275' title='bbox 2054 1264 2205 1319; x_wconf 91' lang='lat' dir='ltr'><strong>enim</strong></span> <span class='ocrx_word' id='word_1_276' title='bbox 2259 1266 2449 1322; x_wconf 79' lang='lat' dir='ltr'><strong>verbis</strong></span> <span class='ocrx_word' id='word_1_277' title='bbox 2492 1266 2668 1336; x_wconf 87' lang='lat' dir='ltr'><strong>ipsius</strong></span> <span class='ocrx_word' id='word_1_278' title='bbox 2706 1250 2989 1336; x_wconf 42' lang='lat' dir='ltr'><strong>P‘roe0pii,</strong></span> <span class='ocrx_word' id='word_1_279' title='bbox 3036 1266 3131 1336; x_wconf 88' lang='lat' dir='ltr'><strong>qui</strong></span> <span class='ocrx_word' id='word_1_280' title='bbox 3174 1266 3291 1321; x_wconf 85' lang='lat' dir='ltr'><strong>haec</strong></span> <span class='ocrx_word' id='word_1_281' title='bbox 3337 1267 3485 1321; x_wconf 87' lang='lat' dir='ltr'><strong>sicut</strong></span> 
     </span>
    </p>
   </div>
   <div class='ocr_carea' id='block_1_43' title="bbox 1892 1359 3482 1431">
    <p class='ocr_par' dir='ltr' id='par_1_43' title="bbox 1892 1359 3482 1431">
     <span class='ocr_line' id='line_1_43' title="bbox 1892 1359 3482 1431; baseline 0 -17"><span class='ocrx_word' id='word_1_282' title='bbox 1892 1359 2129 1431; x_wconf 88' lang='lat' dir='ltr'><strong>reliqua,</strong></span> <span class='ocrx_word' id='word_1_283' title='bbox 2153 1360 2441 1431; x_wconf 77' lang='lat' dir='ltr'><strong>eleganter</strong></span> <span class='ocrx_word' id='word_1_284' title='bbox 2471 1360 2760 1430; x_wconf 61' lang='lat' dir='ltr'><strong>ciposuit;</strong></span> <span class='ocrx_word' id='word_1_285' title='bbox 2795 1375 2921 1415; x_wconf 92' lang='lat' dir='ltr'><strong>cum</strong></span> <span class='ocrx_word' id='word_1_286' title='bbox 2963 1359 3241 1416; x_wconf 90' lang='lat' dir='ltr'><strong>Vandalos</strong></span> <span class='ocrx_word' id='word_1_287' title='bbox 3282 1360 3482 1414; x_wconf 88' lang='lat' dir='ltr'><strong>adver-</strong></span> 
     </span>
    </p>
   </div>
   <div class='ocr_carea' id='block_1_44' title="bbox 1893 1454 3482 1526">
    <p class='ocr_par' dir='ltr' id='par_1_44' title="bbox 1893 1454 3482 1526">
     <span class='ocr_line' id='line_1_44' title="bbox 1893 1454 3482 1526; baseline 0 -16"><span class='ocrx_word' id='word_1_288' title='bbox 1893 1466 1989 1510; x_wconf 89' lang='lat' dir='ltr'><strong>sus</strong></span> <span class='ocrx_word' id='word_1_289' title='bbox 2030 1455 2211 1524; x_wconf 88' lang='lat' dir='ltr'><strong>ipsum</strong></span> <span class='ocrx_word' id='word_1_290' title='bbox 2240 1454 2649 1526; x_wconf 82' lang='lat' dir='ltr'><strong>expeditionem</strong></span> <span class='ocrx_word' id='word_1_291' title='bbox 2686 1455 2998 1526; x_wconf 80' lang='lat' dir='ltr'><strong>suscepisse</strong></span> <span class='ocrx_word' id='word_1_292' title='bbox 3029 1454 3336 1518; x_wconf 84' lang='lat' dir='ltr'><strong>didicisset,</strong></span> <span class='ocrx_word' id='word_1_293' title='bbox 3379 1455 3482 1510; x_wconf 87' lang='lat' dir='ltr'><strong>ista</strong></span> 
     </span>
    </p>
   </div>
   <div class='ocr_carea' id='block_1_45' title="bbox 1894 1546 3484 1618">
    <p class='ocr_par' dir='ltr' id='par_1_45' title="bbox 1894 1546 3484 1618">
     <span class='ocr_line' id='line_1_45' title="bbox 1894 1546 3484 1618; baseline -0.002 -16"><span class='ocrx_word' id='word_1_294' title='bbox 1894 1547 2085 1618; x_wconf 80' lang='lat' dir='ltr'><strong>gessit.</strong></span> <span class='ocrx_word' id='word_1_295' title='bbox 2111 1547 2358 1603; x_wconf 88' lang='lat' dir='ltr'><strong>Primum</strong></span> <span class='ocrx_word' id='word_1_296' title='bbox 2396 1548 2621 1618; x_wconf 85' lang='lat' dir='ltr'><strong>quidem</strong></span> <span class='ocrx_word' id='word_1_297' title='bbox 2656 1548 2724 1602; x_wconf 90' lang='lat' dir='ltr'><strong>iis</strong></span> <span class='ocrx_word' id='word_1_298' title='bbox 2753 1547 2847 1618; x_wconf 90' lang='lat' dir='ltr'><strong>qui</strong></span> <span class='ocrx_word' id='word_1_299' title='bbox 2896 1548 3004 1602; x_wconf 89' lang='lat' dir='ltr'><strong>sub</strong></span> <span class='ocrx_word' id='word_1_300' title='bbox 3054 1546 3267 1601; x_wconf 91' lang='lat' dir='ltr'><strong>ditione</strong></span> <span class='ocrx_word' id='word_1_301' title='bbox 3309 1547 3484 1617; x_wconf 84' lang='lat' dir='ltr'><strong>ipsius</strong></span> 
     </span>
    </p>
   </div>
   <div class='ocr_carea' id='block_1_46' title="bbox 1893 1639 3484 1711">
    <p class='ocr_par' dir='ltr' id='par_1_46' title="bbox 1893 1639 3484 1711">
     <span class='ocr_line' id='line_1_46' title="bbox 1893 1639 3484 1711; baseline -0.001 -16"><span class='ocrx_word' id='word_1_302' title='bbox 1893 1648 2077 1701; x_wconf 88' lang='lat' dir='ltr'><strong>erant,</strong></span> <span class='ocrx_word' id='word_1_303' title='bbox 2111 1640 2377 1710; x_wconf 69' lang='lat' dir='ltr'><strong>przecepit</strong></span> <span class='ocrx_word' id='word_1_304' title='bbox 2412 1649 2475 1694; x_wconf 87' lang='lat' dir='ltr'><strong>ut</strong></span> <span class='ocrx_word' id='word_1_305' title='bbox 2523 1640 2593 1695; x_wconf 87' lang='lat' dir='ltr'><strong>ab</strong></span> <span class='ocrx_word' id='word_1_306' title='bbox 2635 1640 2905 1711; x_wconf 77' lang='lat' dir='ltr'><strong>injnStitia</strong></span> <span class='ocrx_word' id='word_1_307' title='bbox 2963 1650 3019 1695; x_wconf 89' lang='lat' dir='ltr'><strong>et</strong></span> <span class='ocrx_word' id='word_1_308' title='bbox 3070 1640 3139 1695; x_wconf 89' lang='lat' dir='ltr'><strong>ab</strong></span> <span class='ocrx_word' id='word_1_309' title='bbox 3189 1639 3484 1709; x_wconf 80' lang='lat' dir='ltr'><strong>exquisitis</strong></span> 
     </span>
    </p>
   </div>
   <div class='ocr_carea' id='block_1_47' title="bbox 1895 1728 3483 1804">
    <p class='ocr_par' dir='ltr' id='par_1_47' title="bbox 1895 1728 3483 1804">
     <span class='ocr_line' id='line_1_47' title="bbox 1895 1728 3483 1804; baseline 0 -18"><span class='ocrx_word' id='word_1_310' title='bbox 1895 1732 2153 1803; x_wconf 88' lang='lat' dir='ltr'><strong>dapibus,</strong></span> <span class='ocrx_word' id='word_1_311' title='bbox 2180 1734 2458 1804; x_wconf 75' lang='lat' dir='ltr'><strong>praecipue</strong></span> <span class='ocrx_word' id='word_1_312' title='bbox 2500 1728 2636 1789; x_wconf 85' lang='lat' dir='ltr'><strong>vero</strong></span> <span class='ocrx_word' id='word_1_313' title='bbox 2668 1750 2697 1789; x_wconf 89' lang='lat' dir='ltr'><strong>a</strong></span> <span class='ocrx_word' id='word_1_314' title='bbox 2729 1734 3025 1788; x_wconf 86' lang='lat' dir='ltr'><strong>mulierum</strong></span> <span class='ocrx_word' id='word_1_315' title='bbox 3077 1733 3483 1788; x_wconf 87' lang='lat' dir='ltr'><strong>consuetudine</strong></span> 
     </span>
    </p>
   </div>
   <div class='ocr_carea' id='block_1_48' title="bbox 1897 1824 3513 1897">
    <p class='ocr_par' dir='ltr' id='par_1_48' title="bbox 1897 1824 3513 1897">
     <span class='ocr_line' id='line_1_48' title="bbox 1897 1824 3513 1897; baseline -0.001 -15"><span class='ocrx_word' id='word_1_316' title='bbox 1897 1827 2267 1882; x_wconf 88' lang='lat' dir='ltr'><strong>abstinerent.</strong></span> <span class='ocrx_word' id='word_1_317' title='bbox 2314 1824 2525 1882; x_wconf 86' lang='lat' dir='ltr'><strong>Deinde</strong></span> <span class='ocrx_word' id='word_1_318' title='bbox 2569 1835 2751 1881; x_wconf 85' lang='lat' dir='ltr'><strong>castra</strong></span> <span class='ocrx_word' id='word_1_319' title='bbox 2799 1826 2910 1881; x_wconf 90' lang='lat' dir='ltr'><strong>duo</strong></span> <span class='ocrx_word' id='word_1_320' title='bbox 2962 1833 3223 1887; x_wconf 83' lang='lat' dir='ltr'><strong>metatus,</strong></span> <span class='ocrx_word' id='word_1_321' title='bbox 3282 1825 3339 1879; x_wconf 93' lang='lat' dir='ltr'><strong>in</strong></span> <span class='ocrx_word' id='word_1_322' title='bbox 3396 1825 3513 1897; x_wconf 86' lang='lat' dir='ltr'><strong>bis</strong></span> 
     </span>
    </p>
   </div>
   <div class='ocr_carea' id='block_1_49' title="bbox 1897 1919 3484 1991">
    <p class='ocr_par' dir='ltr' id='par_1_49' title="bbox 1897 1919 3484 1991">
     <span class='ocr_line' id='line_1_49' title="bbox 1897 1919 3484 1991; baseline 0 -16"><span class='ocrx_word' id='word_1_323' title='bbox 1897 1920 2122 1990; x_wconf 82' lang='lat' dir='ltr'><strong>quidem</strong></span> <span class='ocrx_word' id='word_1_324' title='bbox 2169 1921 2287 1991; x_wconf 88' lang='lat' dir='ltr'><strong>ipse</strong></span> <span class='ocrx_word' id='word_1_325' title='bbox 2329 1934 2437 1974; x_wconf 90' lang='lat' dir='ltr'><strong>una</strong></span> <span class='ocrx_word' id='word_1_326' title='bbox 2486 1936 2611 1975; x_wconf 90' lang='lat' dir='ltr'><strong>cum</strong></span> <span class='ocrx_word' id='word_1_327' title='bbox 2641 1920 2777 1974; x_wconf 87' lang='lat' dir='ltr'><strong>viris</strong></span> <span class='ocrx_word' id='word_1_328' title='bbox 2809 1920 3069 1975; x_wconf 86' lang='lat' dir='ltr'><strong>omnibus</strong></span> <span class='ocrx_word' id='word_1_329' title='bbox 3100 1919 3308 1975; x_wconf 87' lang='lat' dir='ltr'><strong>resedit</strong></span> <span class='ocrx_word' id='word_1_330' title='bbox 3355 1937 3369 1973; x_wconf 90' lang='lat'>:</span> <span class='ocrx_word' id='word_1_331' title='bbox 3426 1920 3484 1975; x_wconf 89' lang='lat' dir='ltr'><strong>in</strong></span> 
     </span>
    </p>
   </div>
   <div class='ocr_carea' id='block_1_50' title="bbox 1898 2012 3484 2083">
    <p class='ocr_par' dir='ltr' id='par_1_50' title="bbox 1898 2012 3484 2083">
     <span class='ocr_line' id='line_1_50' title="bbox 1898 2012 3484 2083; baseline 0 -16"><span class='ocrx_word' id='word_1_332' title='bbox 1898 2012 2007 2068; x_wconf 86' lang='lat' dir='ltr'><strong>illis</strong></span> <span class='ocrx_word' id='word_1_333' title='bbox 2058 2028 2191 2068; x_wconf 82' lang='lat' dir='ltr'><strong>vero</strong></span> <span class='ocrx_word' id='word_1_334' title='bbox 2260 2014 2523 2067; x_wconf 85' lang='lat' dir='ltr'><strong>mulieres</strong></span> <span class='ocrx_word' id='word_1_335' title='bbox 2588 2014 2837 2077; x_wconf 86' lang='lat' dir='ltr'><strong>inclusit,</strong></span> <span class='ocrx_word' id='word_1_336' title='bbox 2895 2014 3094 2083; x_wconf 87' lang='lat' dir='ltr'><strong>capitis</strong></span> <span class='ocrx_word' id='word_1_337' title='bbox 3151 2013 3484 2083; x_wconf 85' lang='lat' dir='ltr'><strong>supplicium</strong></span> 
     </span>
    </p>
   </div>
   <div class='ocr_carea' id='block_1_51' title="bbox 1898 2106 3486 2177">
    <p class='ocr_par' dir='ltr' id='par_1_51' title="bbox 1898 2106 3486 2177">
     <span class='ocr_line' id='line_1_51' title="bbox 1898 2106 3486 2177; baseline -0.002 -16"><span class='ocrx_word' id='word_1_338' title='bbox 1898 2106 2313 2170; x_wconf 87' lang='lat' dir='ltr'><strong>interminatus,</strong></span> <span class='ocrx_word' id='word_1_339' title='bbox 2356 2107 2399 2161; x_wconf 88' lang='lat' dir='ltr'><strong>si</strong></span> <span class='ocrx_word' id='word_1_340' title='bbox 2442 2107 2569 2174; x_wconf 88' lang='lat' dir='ltr'><strong>quis</strong></span> <span class='ocrx_word' id='word_1_341' title='bbox 2617 2108 2911 2162; x_wconf 86' lang='lat' dir='ltr'><strong>mulierum</strong></span> <span class='ocrx_word' id='word_1_342' title='bbox 2965 2116 3145 2162; x_wconf 84' lang='lat' dir='ltr'><strong>castra</strong></span> <span class='ocrx_word' id='word_1_343' title='bbox 3205 2108 3486 2177; x_wconf 79' lang='lat' dir='ltr'><strong>ingressus</strong></span> 
     </span>
    </p>
   </div>
   <div class='ocr_carea' id='block_1_52' title="bbox 1897 2190 3487 2271">
    <p class='ocr_par' dir='ltr' id='par_1_52' title="bbox 1897 2190 3487 2271">
     <span class='ocr_line' id='line_1_52' title="bbox 1897 2190 3487 2271; baseline 0.001 -17"><span class='ocrx_word' id='word_1_344' title='bbox 1897 2208 2067 2255; x_wconf 87' lang='lat' dir='ltr'><strong>esset.</strong></span> <span class='ocrx_word' id='word_1_345' title='bbox 2105 2200 2355 2255; x_wconf 70' lang='lat' dir='ltr'><strong>Postlirec</strong></span> <span class='ocrx_word' id='word_1_346' title='bbox 2382 2201 2832 2270; x_wconf 81' lang='lat' dir='ltr'><strong>exploratoribus</strong></span> <span class='ocrx_word' id='word_1_347' title='bbox 2855 2190 3269 2271; x_wconf 78' lang='lat' dir='ltr'><strong>Carthaginem</strong></span> <span class='ocrx_word' id='word_1_348' title='bbox 3303 2200 3487 2255; x_wconf 80' lang='lat' dir='ltr'><strong>missis</strong></span> 
     </span>
    </p>
   </div>
   <div class='ocr_carea' id='block_1_53' title="bbox 1899 2282 3483 2363">
    <p class='ocr_par' dir='ltr' id='par_1_53' title="bbox 1899 2282 3483 2363">
     <span class='ocr_line' id='line_1_53' title="bbox 1899 2282 3483 2363; baseline -0.001 -16"><span class='ocrx_word' id='word_1_349' title='bbox 1899 2293 2016 2349; x_wconf 74' lang='lat' dir='ltr'><strong>inec</strong></span> <span class='ocrx_word' id='word_1_350' title='bbox 2058 2293 2341 2348; x_wconf 81' lang='lat' dir='ltr'><strong>mandavit</strong></span> <span class='ocrx_word' id='word_1_351' title='bbox 2388 2308 2401 2347; x_wconf 87' lang='lat'><strong>:</strong></span> <span class='ocrx_word' id='word_1_352' title='bbox 2448 2282 2517 2350; x_wconf 81' lang='lat' dir='ltr'><strong>Ut</strong></span> <span class='ocrx_word' id='word_1_353' title='bbox 2560 2310 2684 2348; x_wconf 90' lang='lat' dir='ltr'><strong>cum</strong></span> <span class='ocrx_word' id='word_1_354' title='bbox 2737 2294 2965 2349; x_wconf 84' lang='lat' dir='ltr'><strong>Vandali</strong></span> <span class='ocrx_word' id='word_1_355' title='bbox 3021 2296 3074 2348; x_wconf 91' lang='lat' dir='ltr'><strong>in</strong></span> <span class='ocrx_word' id='word_1_356' title='bbox 3123 2292 3483 2363; x_wconf 60' lang='lat' dir='ltr'><strong>capeditione</strong></span> 
     </span>
    </p>
   </div>
   <div class='ocr_carea' id='block_1_54' title="bbox 1900 2385 3485 2463">
    <p class='ocr_par' dir='ltr' id='par_1_54' title="bbox 1900 2385 3485 2463">
     <span class='ocr_line' id='line_1_54' title="bbox 1900 2385 3485 2463; baseline -0.001 -22"><span class='ocrx_word' id='word_1_357' title='bbox 1900 2387 2189 2441; x_wconf 84' lang='lat' dir='ltr'><strong>constituti</strong></span> <span class='ocrx_word' id='word_1_358' title='bbox 2219 2388 2524 2463; x_wconf 82' lang='lat' dir='ltr'><strong>oratorium</strong></span> <span class='ocrx_word' id='word_1_359' title='bbox 2565 2385 2787 2458; x_wconf 86' lang='lat' dir='ltr'><strong>aliquod</strong></span> <span class='ocrx_word' id='word_1_360' title='bbox 2817 2403 2883 2440; x_wconf 73' lang='lat' dir='ltr'><strong>ex</strong></span> <span class='ocrx_word' id='word_1_361' title='bbox 2914 2387 2982 2441; x_wconf 91' lang='lat' dir='ltr'><strong>iis</strong></span> <span class='ocrx_word' id='word_1_362' title='bbox 3015 2394 3140 2457; x_wconf 65' lang='lat' dir='ltr'><strong>qum</strong></span> <span class='ocrx_word' id='word_1_363' title='bbox 3180 2386 3485 2441; x_wconf 83' lang='lat' dir='ltr'><strong>Christiani</strong></span> 
     </span>
    </p>
   </div>
   <div class='ocr_carea' id='block_1_55' title="bbox 1898 2478 3488 2558">
    <p class='ocr_par' dir='ltr' id='par_1_55' title="bbox 1898 2478 3488 2558">
     <span class='ocr_line' id='line_1_55' title="bbox 1898 2478 3488 2558; baseline 0.001 -27"><span class='ocrx_word' id='word_1_364' title='bbox 1898 2486 2263 2544; x_wconf 76' lang='lat' dir='ltr'><strong>venerantur,</strong></span> <span class='ocrx_word' id='word_1_365' title='bbox 2302 2479 2599 2543; x_wconf 78' lang='lat' dir='ltr'><strong>violarent,</strong></span> <span class='ocrx_word' id='word_1_366' title='bbox 2642 2480 2743 2549; x_wconf 87' lang='lat' dir='ltr'><strong>ipsi</strong></span> <span class='ocrx_word' id='word_1_367' title='bbox 2776 2479 3000 2558; x_wconf 78' lang='lat' dir='ltr'><strong>quidem</strong></span> <span class='ocrx_word' id='word_1_368' title='bbox 3042 2480 3095 2533; x_wconf 89' lang='lat' dir='ltr'><strong>id</strong></span> <span class='ocrx_word' id='word_1_369' title='bbox 3139 2479 3287 2549; x_wconf 91' lang='lat' dir='ltr'><strong>quod</strong></span> <span class='ocrx_word' id='word_1_370' title='bbox 3323 2478 3488 2557; x_wconf 73' lang='lat' dir='ltr'><strong>(iebat</strong></span> 
     </span>
    </p>
   </div>
   <div class='ocr_carea' id='block_1_56' title="bbox 1902 2570 3486 2642">
    <p class='ocr_par' dir='ltr' id='par_1_56' title="bbox 1902 2570 3486 2642">
     <span class='ocr_line' id='line_1_56' title="bbox 1902 2570 3486 2642; baseline -0.002 -15"><span class='ocrx_word' id='word_1_371' title='bbox 1902 2572 2265 2642; x_wconf 80' lang='lat' dir='ltr'><strong>inspicerent.</strong></span> <span class='ocrx_word' id='word_1_372' title='bbox 2300 2572 2603 2642; x_wconf 85' lang='lat' dir='ltr'><strong>Postquam</strong></span> <span class='ocrx_word' id='word_1_373' title='bbox 2649 2578 2836 2626; x_wconf 89' lang='lat' dir='ltr'><strong>autem</strong></span> <span class='ocrx_word' id='word_1_374' title='bbox 2868 2570 3096 2626; x_wconf 80' lang='lat' dir='ltr'><strong>Vandali</strong></span> <span class='ocrx_word' id='word_1_375' title='bbox 3139 2588 3266 2627; x_wconf 87' lang='lat' dir='ltr'><strong>cum</strong></span> <span class='ocrx_word' id='word_1_376' title='bbox 3304 2572 3486 2625; x_wconf 91' lang='lat' dir='ltr'><strong>locum</strong></span> 
     </span>
    </p>
   </div>
   <div class='ocr_carea' id='block_1_57' title="bbox 1902 2664 3490 2735">
    <p class='ocr_par' dir='ltr' id='par_1_57' title="bbox 1902 2664 3490 2735">
     <span class='ocr_line' id='line_1_57' title="bbox 1902 2664 3490 2735; baseline 0.001 -18"><span class='ocrx_word' id='word_1_377' title='bbox 1902 2665 2282 2734; x_wconf 86' lang='lat' dir='ltr'><strong>reliquissent,</strong></span> <span class='ocrx_word' id='word_1_378' title='bbox 2321 2664 2425 2735; x_wconf 91' lang='lat' dir='ltr'><strong>ipsi</strong></span> <span class='ocrx_word' id='word_1_379' title='bbox 2459 2665 2511 2719; x_wconf 90' lang='lat' dir='ltr'><strong>in</strong></span> <span class='ocrx_word' id='word_1_380' title='bbox 2541 2680 2604 2719; x_wconf 77' lang='lat' dir='ltr'><strong>ea</strong></span> <span class='ocrx_word' id='word_1_381' title='bbox 2635 2665 2750 2720; x_wconf 77' lang='lat' dir='ltr'><strong>:ede</strong></span> <span class='ocrx_word' id='word_1_382' title='bbox 2779 2674 2846 2719; x_wconf 78' lang='lat' dir='ltr'><strong>ex</strong></span> <span class='ocrx_word' id='word_1_383' title='bbox 2873 2680 2981 2735; x_wconf 86' lang='lat' dir='ltr'><strong>qua</strong></span> <span class='ocrx_word' id='word_1_384' title='bbox 3017 2664 3249 2720; x_wconf 81' lang='lat' dir='ltr'><strong>Vandali</strong></span> <span class='ocrx_word' id='word_1_385' title='bbox 3278 2665 3490 2720; x_wconf 70' lang='lat' dir='ltr'><strong>disces-</strong></span> 
     </span>
    </p>
   </div>
   <div class='ocr_carea' id='block_1_58' title="bbox 1894 2758 3493 2829">
    <p class='ocr_par' dir='ltr' id='par_1_58' title="bbox 1894 2758 3493 2829">
     <span class='ocr_line' id='line_1_58' title="bbox 1894 2758 3493 2829; baseline -0.001 -17"><span class='ocrx_word' id='word_1_386' title='bbox 1894 2768 2113 2823; x_wconf 76' lang='lat' dir='ltr'><strong>serant,</strong></span> <span class='ocrx_word' id='word_1_387' title='bbox 2142 2759 2422 2813; x_wconf 88' lang='lat' dir='ltr'><strong>contraria</strong></span> <span class='ocrx_word' id='word_1_388' title='bbox 2455 2759 2645 2813; x_wconf 89' lang='lat' dir='ltr'><strong>omnia</strong></span> <span class='ocrx_word' id='word_1_389' title='bbox 2671 2758 2943 2814; x_wconf 84' lang='lat' dir='ltr'><strong>facerent.</strong></span> <span class='ocrx_word' id='word_1_390' title='bbox 2976 2758 3130 2813; x_wconf 88' lang='lat' dir='ltr'><strong>istud</strong></span> <span class='ocrx_word' id='word_1_391' title='bbox 3153 2772 3377 2829; x_wconf 89' lang='lat' dir='ltr'><strong>quoque</strong></span> <span class='ocrx_word' id='word_1_392' title='bbox 3396 2758 3493 2811; x_wconf 90' lang='lat' dir='ltr'><strong>ad-</strong></span> 
     </span>
    </p>
   </div>
   <div class='ocr_carea' id='block_1_59' title="bbox 1899 2845 3491 2923">
    <p class='ocr_par' dir='ltr' id='par_1_59' title="bbox 1899 2845 3491 2923">
     <span class='ocr_line' id='line_1_59' title="bbox 1899 2845 3491 2923; baseline -0.002 -17"><span class='ocrx_word' id='word_1_393' title='bbox 1899 2845 2102 2923; x_wconf 73' lang='lat' dir='ltr'><strong>iecisse</strong></span> <span class='ocrx_word' id='word_1_394' title='bbox 2134 2852 2333 2916; x_wconf 86' lang='lat' dir='ltr'><strong>fertur,</strong></span> <span class='ocrx_word' id='word_1_395' title='bbox 2365 2852 2471 2907; x_wconf 90' lang='lat' dir='ltr'><strong>sibi</strong></span> <span class='ocrx_word' id='word_1_396' title='bbox 2501 2852 2723 2922; x_wconf 88' lang='lat' dir='ltr'><strong>quidem</strong></span> <span class='ocrx_word' id='word_1_397' title='bbox 2759 2851 3007 2922; x_wconf 82' lang='lat' dir='ltr'><strong>ignotum</strong></span> <span class='ocrx_word' id='word_1_398' title='bbox 3034 2866 3155 2906; x_wconf 89' lang='lat' dir='ltr'><strong>esse</strong></span> <span class='ocrx_word' id='word_1_399' title='bbox 3195 2851 3368 2906; x_wconf 91' lang='lat' dir='ltr'><strong>Deum</strong></span> <span class='ocrx_word' id='word_1_400' title='bbox 3394 2851 3491 2921; x_wconf 87' lang='lat' dir='ltr'><strong>qui</strong></span> 
     </span>
    </p>
   </div>
   <div class='ocr_carea' id='block_1_60' title="bbox 1905 2943 3524 3007">
    <p class='ocr_par' dir='ltr' id='par_1_60' title="bbox 1905 2943 3524 3007">
     <span class='ocr_line' id='line_1_60' title="bbox 1905 2943 3524 3007; baseline -0.001 -8"><span class='ocrx_word' id='word_1_401' title='bbox 1905 2961 1935 2999; x_wconf 92' lang='lat' dir='ltr'><strong>a</strong></span> <span class='ocrx_word' id='word_1_402' title='bbox 1972 2944 2307 3001; x_wconf 83' lang='lat' dir='ltr'><strong>Christianis</strong></span> <span class='ocrx_word' id='word_1_403' title='bbox 2351 2946 2631 3000; x_wconf 85' lang='lat' dir='ltr'><strong>coleretur</strong></span> <span class='ocrx_word' id='word_1_404' title='bbox 2676 2962 2689 2998; x_wconf 89' lang='lat'>:</span> <span class='ocrx_word' id='word_1_405' title='bbox 2724 2943 3028 2999; x_wconf 79' lang='lat' dir='ltr'><strong>verisimile</strong></span> <span class='ocrx_word' id='word_1_406' title='bbox 3071 2948 3255 2999; x_wconf 85' lang='lat' dir='ltr'><strong>tamen</strong></span> <span class='ocrx_word' id='word_1_407' title='bbox 3291 2944 3524 3007; x_wconf 69' lang='lat' dir='ltr'><strong>videri,</strong></span> 
     </span>
    </p>
   </div>
   <div class='ocr_carea' id='block_1_61' title="bbox 1904 3039 3495 3109">
    <p class='ocr_par' dir='ltr' id='par_1_61' title="bbox 1904 3039 3495 3109">
     <span class='ocr_line' id='line_1_61' title="bbox 1904 3039 3495 3109; baseline -0.001 -14"><span class='ocrx_word' id='word_1_408' title='bbox 1904 3052 2056 3103; x_wconf 87' lang='lat' dir='ltr'><strong>eum,</strong></span> <span class='ocrx_word' id='word_1_409' title='bbox 2095 3040 2141 3095; x_wconf 93' lang='lat' dir='ltr'><strong>si</strong></span> <span class='ocrx_word' id='word_1_410' title='bbox 2178 3046 2375 3105; x_wconf 84' lang='lat' dir='ltr'><strong>potens</strong></span> <span class='ocrx_word' id='word_1_411' title='bbox 2414 3040 2508 3103; x_wconf 90' lang='lat' dir='ltr'><strong>sit,</strong></span> <span class='ocrx_word' id='word_1_412' title='bbox 2541 3039 3013 3109; x_wconf 88' lang='lat' dir='ltr'><strong>quemadmodum</strong></span> <span class='ocrx_word' id='word_1_413' title='bbox 3048 3040 3289 3099; x_wconf 68' lang='lat' dir='ltr'><strong>dicitur;</strong></span> <span class='ocrx_word' id='word_1_414' title='bbox 3318 3040 3495 3095; x_wconf 86' lang='lat' dir='ltr'><strong>viola-</strong></span> 
     </span>
    </p>
   </div>
   <div class='ocr_carea' id='block_1_62' title="bbox 1907 3132 3495 3202">
    <p class='ocr_par' dir='ltr' id='par_1_62' title="bbox 1907 3132 3495 3202">
     <span class='ocr_line' id='line_1_62' title="bbox 1907 3132 3495 3202; baseline 0 -16"><span class='ocrx_word' id='word_1_415' title='bbox 1907 3140 2058 3186; x_wconf 88' lang='lat' dir='ltr'><strong>tores</strong></span> <span class='ocrx_word' id='word_1_416' title='bbox 2089 3132 2315 3202; x_wconf 85' lang='lat' dir='ltr'><strong>quidem</strong></span> <span class='ocrx_word' id='word_1_417' title='bbox 2360 3132 2607 3187; x_wconf 85' lang='lat' dir='ltr'><strong>numinis</strong></span> <span class='ocrx_word' id='word_1_418' title='bbox 2652 3132 2735 3185; x_wconf 88' lang='lat' dir='ltr'><strong>sui</strong></span> <span class='ocrx_word' id='word_1_419' title='bbox 2774 3132 3044 3193; x_wconf 90' lang='lat' dir='ltr'><strong>ulturum,</strong></span> <span class='ocrx_word' id='word_1_420' title='bbox 3087 3133 3334 3188; x_wconf 83' lang='lat' dir='ltr'><strong>cultores</strong></span> <span class='ocrx_word' id='word_1_421' title='bbox 3361 3148 3495 3186; x_wconf 87' lang='lat' dir='ltr'><strong>vero</strong></span> 
     </span>
    </p>
   </div>
   <div class='ocr_carea' id='block_1_63' title="bbox 198 3214 1801 3294">
    <p class='ocr_par' dir='ltr' id='par_1_63' title="bbox 198 3220 1801 3292">
     <span class='ocr_line' id='line_1_63' title="bbox 198 3220 1801 3292; baseline -0.001 -17"><span class='ocrx_word' id='word_1_422' title='bbox 198 3220 261 3276; x_wconf 63' lang='grc' dir='ltr'>τὸ</span> <span class='ocrx_word' id='word_1_423' title='bbox 300 3220 628 3290; x_wconf 81' lang='grc' dir='ltr'>στράτευμα</span> <span class='ocrx_word' id='word_1_424' title='bbox 678 3220 781 3290; x_wconf 74' lang='grc' dir='ltr'>τὴν</span> <span class='ocrx_word' id='word_1_425' title='bbox 840 3221 934 3273; x_wconf 72' lang='grc' dir='ltr'>ἐπὶ</span> <span class='ocrx_word' id='word_1_426' title='bbox 980 3221 1245 3291; x_wconf 81' lang='grc' dir='ltr'>Τρίπολιν</span> <span class='ocrx_word' id='word_1_427' title='bbox 1297 3220 1494 3292; x_wconf 62' lang='grc' dir='ltr'><strong>⁴ᾔεσαν,</strong></span> <span class='ocrx_word' id='word_1_428' title='bbox 1540 3222 1801 3291; x_wconf 81' lang='grc' dir='ltr'>σχήματα</span> 
     </span>
    </p>
   </div>
   <div class='ocr_carea' id='block_1_64' title="bbox 1906 3214 3494 3294">
    <p class='ocr_par' dir='ltr' id='par_1_64' title="bbox 1910 3214 3494 3294">
     <span class='ocr_line' id='line_1_64' title="bbox 1910 3214 3494 3294; baseline 0.001 -16"><span class='ocrx_word' id='word_1_429' title='bbox 1910 3224 2267 3279; x_wconf 84' lang='lat' dir='ltr'><strong>defensurum</strong></span> <span class='ocrx_word' id='word_1_430' title='bbox 2301 3239 2444 3278; x_wconf 91' lang='lat' dir='ltr'><strong>esse.</strong></span> <span class='ocrx_word' id='word_1_431' title='bbox 2466 3214 2871 3289; x_wconf 75' lang='lat' dir='ltr'><strong>Exploratores</strong></span> <span class='ocrx_word' id='word_1_432' title='bbox 2892 3226 3078 3294; x_wconf 89' lang='lat' dir='ltr'><strong>itaque</strong></span> <span class='ocrx_word' id='word_1_433' title='bbox 3103 3240 3227 3281; x_wconf 90' lang='lat' dir='ltr'><strong>cum</strong></span> <span class='ocrx_word' id='word_1_434' title='bbox 3261 3224 3494 3281; x_wconf 83' lang='lat' dir='ltr'><strong>Cartha-</strong></span> 
     </span>
    </p>
   </div>
   <div class='ocr_carea' id='block_1_65' title="bbox 200 3309 1797 3384">
    <p class='ocr_par' dir='ltr' id='par_1_65' title="bbox 200 3309 1797 3384">
     <span class='ocr_line' id='line_1_65' title="bbox 200 3309 1797 3384; baseline -0.001 -19"><span class='ocrx_word' id='word_1_435' title='bbox 200 3311 679 3384; x_wconf 75' lang='grc' dir='ltr'>περιϐεόλημένοι</span> <span class='ocrx_word' id='word_1_436' title='bbox 711 3310 967 3374; x_wconf 75' lang='grc' dir='ltr'>ταπεινά,</span> <span class='ocrx_word' id='word_1_437' title='bbox 1023 3312 1264 3365; x_wconf 77' lang='grc' dir='ltr'>εἵποντο.</span> <span class='ocrx_word' id='word_1_438' title='bbox 1323 3312 1386 3365; x_wconf 80' lang='lat' dir='ltr'><strong>Oi</strong></span> <span class='ocrx_word' id='word_1_439' title='bbox 1439 3311 1497 3364; x_wconf 88' lang='grc' dir='ltr'><strong>δέ</strong></span> <span class='ocrx_word' id='word_1_440' title='bbox 1532 3309 1797 3376; x_wconf 83' lang='grc' dir='ltr'>Βανδίλοι,</span> 
     </span>
    </p>
   </div>
   <div class='ocr_carea' id='block_1_66' title="bbox 204 3402 1803 3477">
    <p class='ocr_par' dir='ltr' id='par_1_66' title="bbox 204 3402 1803 3477">
     <span class='ocr_line' id='line_1_66' title="bbox 204 3402 1803 3477; baseline -0.001 -20"><span class='ocrx_word' id='word_1_441' title='bbox 204 3404 278 3469; x_wconf 77' lang='grc' dir='ltr'>ὡς</span> <span class='ocrx_word' id='word_1_442' title='bbox 316 3405 511 3477; x_wconf 74' lang='grc' dir='ltr'>ἡμέρα</span> <span class='ocrx_word' id='word_1_443' title='bbox 540 3406 606 3475; x_wconf 71' lang='grc' dir='ltr'>τῇ</span> <span class='ocrx_word' id='word_1_444' title='bbox 649 3403 844 3475; x_wconf 81' lang='grc' dir='ltr'>πρώτῃ</span> <span class='ocrx_word' id='word_1_445' title='bbox 890 3402 1183 3474; x_wconf 74' lang='grc' dir='ltr'>ὴυλίσαντο</span> <span class='ocrx_word' id='word_1_446' title='bbox 1218 3406 1275 3467; x_wconf 87' lang='grc' dir='ltr'>ἐς</span> <span class='ocrx_word' id='word_1_447' title='bbox 1302 3404 1412 3457; x_wconf 83' lang='grc' dir='ltr'><strong>τῶν</strong></span> <span class='ocrx_word' id='word_1_448' title='bbox 1456 3403 1803 3473; x_wconf 85' lang='grc' dir='ltr'>Χριστιανῶν</span> 
     </span>
    </p>
   </div>
   <div class='ocr_carea' id='block_1_67' title="bbox 204 3493 1804 3561">
    <p class='ocr_par' dir='ltr' id='par_1_67' title="bbox 204 3493 1804 3561">
     <span class='ocr_line' id='line_1_67' title="bbox 204 3493 1804 3561; baseline -0.003 -10"><span class='ocrx_word' id='word_1_449' title='bbox 204 3500 337 3560; x_wconf 65' lang='grc' dir='ltr'>τοὺς</span> <span class='ocrx_word' id='word_1_450' title='bbox 357 3495 523 3559; x_wconf 79' lang='grc' dir='ltr'>νεὼς,</span> <span class='ocrx_word' id='word_1_451' title='bbox 552 3494 681 3558; x_wconf 78' lang='grc' dir='ltr'>τούς</span> <span class='ocrx_word' id='word_1_452' title='bbox 706 3513 766 3548; x_wconf 92' lang='grc' dir='ltr'><strong>τε</strong></span> <span class='ocrx_word' id='word_1_453' title='bbox 818 3496 1038 3561; x_wconf 79' lang='grc' dir='ltr'>ἵππους,</span> <span class='ocrx_word' id='word_1_454' title='bbox 1070 3495 1141 3549; x_wconf 87' lang='grc' dir='ltr'><strong>τά</strong></span> <span class='ocrx_word' id='word_1_455' title='bbox 1193 3512 1257 3547; x_wconf 87' lang='grc' dir='ltr'><strong>τε</strong></span> <span class='ocrx_word' id='word_1_456' title='bbox 1292 3494 1429 3548; x_wconf 82' lang='grc' dir='ltr'>ἀλλα</span> <span class='ocrx_word' id='word_1_457' title='bbox 1455 3493 1570 3557; x_wconf 78' lang='grc' dir='ltr'><strong>ζῶα</strong></span> <span class='ocrx_word' id='word_1_458' title='bbox 1590 3496 1804 3561; x_wconf 61' lang='grc' dir='ltr'>ἐπαγαί-</span> 
     </span>
    </p>
   </div>
   <div class='ocr_carea' id='block_1_68' title="bbox 205 3586 1806 3658">
    <p class='ocr_par' dir='ltr' id='par_1_68' title="bbox 205 3586 1806 3658">
     <span class='ocr_line' id='line_1_68' title="bbox 205 3586 1806 3658; baseline -0.001 -15"><span class='ocrx_word' id='word_1_459' title='bbox 205 3590 401 3657; x_wconf 79' lang='grc' dir='ltr'>γόντες</span> <span class='ocrx_word' id='word_1_460' title='bbox 440 3586 654 3657; x_wconf 73' lang='grc' dir='ltr'><strong>ὕϐρεώς</strong></span> <span class='ocrx_word' id='word_1_461' title='bbox 706 3604 765 3640; x_wconf 89' lang='grc' dir='ltr'><strong>τε</strong></span> <span class='ocrx_word' id='word_1_462' title='bbox 794 3588 1057 3658; x_wconf 81' lang='grc' dir='ltr'>οὐδεμιᾶς</span> <span class='ocrx_word' id='word_1_463' title='bbox 1085 3586 1471 3649; x_wconf 78' lang='grc' dir='ltr'>ἀπελείποντο,</span> <span class='ocrx_word' id='word_1_464' title='bbox 1518 3589 1615 3641; x_wconf 80' lang='grc' dir='ltr'>καὶ</span> <span class='ocrx_word' id='word_1_465' title='bbox 1648 3587 1806 3641; x_wconf 72' lang='grc' dir='ltr'>αὐτοὶ</span> 
     </span>
    </p>
   </div>
   <div class='ocr_carea' id='block_1_69' title="bbox 207 3678 1807 3753">
    <p class='ocr_par' dir='ltr' id='par_1_69' title="bbox 207 3678 1807 3753">
     <span class='ocr_line' id='line_1_69' title="bbox 207 3678 1807 3753; baseline -0.002 -18"><span class='ocrx_word' id='word_1_466' title='bbox 207 3681 489 3753; x_wconf 77' lang='grc' dir='ltr'>ἀκολασίᾳ</span> <span class='ocrx_word' id='word_1_467' title='bbox 512 3682 578 3751; x_wconf 82' lang='grc' dir='ltr'><strong>τῇ</strong></span> <span class='ocrx_word' id='word_1_468' title='bbox 615 3681 856 3751; x_wconf 62' lang='grc' dir='ltr'>σῳετέρα</span> <span class='ocrx_word' id='word_1_469' title='bbox 888 3681 1215 3751; x_wconf 82' lang='grc' dir='ltr'>ἐχρήσαντο,</span> <span class='ocrx_word' id='word_1_470' title='bbox 1253 3678 1381 3743; x_wconf 85' lang='grc' dir='ltr'>τούς</span> <span class='ocrx_word' id='word_1_471' title='bbox 1414 3696 1474 3732; x_wconf 88' lang='grc' dir='ltr'><strong>τε</strong></span> <span class='ocrx_word' id='word_1_472' title='bbox 1503 3681 1668 3749; x_wconf 81' lang='grc' dir='ltr'>ἱερεῖς</span> <span class='ocrx_word' id='word_1_473' title='bbox 1710 3678 1807 3742; x_wconf 79' lang='grc' dir='ltr'><strong>οὓς</strong></span> 
     </span>
    </p>
   </div>
   <div class='ocr_carea' id='block_1_70' title="bbox 206 3769 1805 3842">
    <p class='ocr_par' dir='ltr' id='par_1_70' title="bbox 206 3769 1805 3842">
     <span class='ocr_line' id='line_1_70' title="bbox 206 3769 1805 3842; baseline -0.003 -16"><span class='ocrx_word' id='word_1_474' title='bbox 206 3773 269 3826; x_wconf 78' lang='grc' dir='ltr'>ἂν</span> <span class='ocrx_word' id='word_1_475' title='bbox 303 3772 553 3832; x_wconf 75' lang='grc' dir='ltr'>λάϐοιεν.</span> <span class='ocrx_word' id='word_1_476' title='bbox 589 3772 888 3842; x_wconf 74' lang='grc' dir='ltr'>ἐρράπιζον</span> <span class='ocrx_word' id='word_1_477' title='bbox 928 3789 1010 3833; x_wconf 70' lang='grc' dir='ltr'><strong>τε,</strong></span> <span class='ocrx_word' id='word_1_478' title='bbox 1044 3772 1141 3824; x_wconf 77' lang='grc' dir='ltr'>καὶ</span> <span class='ocrx_word' id='word_1_479' title='bbox 1184 3770 1459 3835; x_wconf 80' lang='grc' dir='ltr'>ξαίνοντες</span> <span class='ocrx_word' id='word_1_480' title='bbox 1516 3771 1660 3823; x_wconf 88' lang='grc' dir='ltr'><strong>κατά</strong></span> <span class='ocrx_word' id='word_1_481' title='bbox 1709 3769 1805 3822; x_wconf 81' lang='grc' dir='ltr'><strong>τοῦ</strong></span> 
     </span>
    </p>
   </div>
   <div class='ocr_carea' id='block_1_71' title="bbox 206 3862 1807 3935">
    <p class='ocr_par' dir='ltr' id='par_1_71' title="bbox 206 3862 1807 3935">
     <span class='ocr_line' id='line_1_71' title="bbox 206 3862 1807 3935; baseline -0.002 -15"><span class='ocrx_word' id='word_1_482' title='bbox 206 3867 385 3920; x_wconf 75' lang='grc' dir='ltr'>νώτου</span> <span class='ocrx_word' id='word_1_483' title='bbox 424 3865 601 3919; x_wconf 75' lang='grc' dir='ltr'>πολλὰ</span> <span class='ocrx_word' id='word_1_484' title='bbox 624 3864 918 3935; x_wconf 78' lang='grc' dir='ltr'>ὑπηρετεῖν</span> <span class='ocrx_word' id='word_1_485' title='bbox 961 3864 1147 3935; x_wconf 78' lang='grc' dir='ltr'>σφίσιν</span> <span class='ocrx_word' id='word_1_486' title='bbox 1178 3864 1452 3921; x_wconf 86' lang='grc' dir='ltr'>ἐκέλευον.</span> <span class='ocrx_word' id='word_1_487' title='bbox 1496 3864 1723 3935; x_wconf 79' lang='grc' dir='ltr'>Ἐπειδὴ</span> <span class='ocrx_word' id='word_1_488' title='bbox 1747 3862 1807 3916; x_wconf 81' lang='grc' dir='ltr'><strong>δέ</strong></span> 
     </span>
    </p>
   </div>
   <div class='ocr_carea' id='block_1_72' title="bbox 208 3955 1805 4030">
    <p class='ocr_par' dir='ltr' id='par_1_72' title="bbox 208 3955 1805 4030">
     <span class='ocr_line' id='line_1_72' title="bbox 208 3955 1805 4030; baseline -0.003 -18"><span class='ocrx_word' id='word_1_489' title='bbox 208 3960 449 4030; x_wconf 77' lang='grc' dir='ltr'>τάχιστα</span> <span class='ocrx_word' id='word_1_490' title='bbox 504 3956 719 4011; x_wconf 77' lang='grc' dir='ltr'>ἐνθένδε</span> <span class='ocrx_word' id='word_1_491' title='bbox 749 3957 1168 4028; x_wconf 75' lang='grc' dir='ltr'>ἀπηλλάγησαν,</span> <span class='ocrx_word' id='word_1_492' title='bbox 1205 3956 1425 4010; x_wconf 76' lang='grc' dir='ltr'>ἐποίουν</span> <span class='ocrx_word' id='word_1_493' title='bbox 1483 3957 1535 4009; x_wconf 89' lang='grc' dir='ltr'>οἱ</span> <span class='ocrx_word' id='word_1_494' title='bbox 1564 3955 1659 4010; x_wconf 79' lang='grc' dir='ltr'><strong>τοῦ</strong></span> <span class='ocrx_word' id='word_1_495' title='bbox 1686 3956 1805 4009; x_wconf 85' lang='grc' dir='ltr'><strong>Κα-</strong></span> 
     </span>
    </p>
   </div>
   <div class='ocr_carea' id='block_1_73' title="bbox 202 4042 1807 4116">
    <p class='ocr_par' dir='ltr' id='par_1_73' title="bbox 202 4042 1807 4116">
     <span class='ocr_line' id='line_1_73' title="bbox 202 4042 1807 4116; baseline -0.003 -9"><span class='ocrx_word' id='word_1_496' title='bbox 202 4042 429 4107; x_wconf 71' lang='grc' dir='ltr'>εαώνου</span> <span class='ocrx_word' id='word_1_497' title='bbox 462 4051 828 4116; x_wconf 85' lang='grc' dir='ltr'>κατάσκοποι,</span> <span class='ocrx_word' id='word_1_498' title='bbox 874 4052 975 4104; x_wconf 80' lang='grc' dir='ltr'>ὅσα</span> <span class='ocrx_word' id='word_1_499' title='bbox 1018 4051 1203 4113; x_wconf 77' lang='grc' dir='ltr'>αὐτοῖς</span> <span class='ocrx_word' id='word_1_500' title='bbox 1243 4050 1595 4103; x_wconf 82' lang='grc' dir='ltr'>ἐπετέτακτο.</span> <span class='ocrx_word' id='word_1_501' title='bbox 1638 4050 1720 4104; x_wconf 86' lang='grc' dir='ltr'>Τά</span> <span class='ocrx_word' id='word_1_502' title='bbox 1745 4066 1807 4103; x_wconf 86' lang='grc' dir='ltr'><strong>τε</strong></span> 
     </span>
    </p>
   </div>
   <div class='ocr_carea' id='block_1_74' title="bbox 209 4142 1809 4217">
    <p class='ocr_par' dir='ltr' id='par_1_74' title="bbox 209 4142 1809 4217">
     <span class='ocr_line' id='line_1_74' title="bbox 209 4142 1809 4217; baseline -0.001 -19"><span class='ocrx_word' id='word_1_503' title='bbox 209 4146 378 4217; x_wconf 68' lang='grc' dir='ltr'>γᾶρίε</span> <span class='ocrx_word' id='word_1_504' title='bbox 390 4143 463 4216; x_wconf 79' lang='grc' dir='ltr'><strong>ρά</strong></span> <span class='ocrx_word' id='word_1_505' title='bbox 486 4143 761 4214; x_wconf 78' lang='grc' dir='ltr'>καθῄρουν</span> <span class='ocrx_word' id='word_1_506' title='bbox 773 4144 819 4176; x_wconf 73' lang='grc'>⁸³</span> <span class='ocrx_word' id='word_1_507' title='bbox 839 4144 1062 4205; x_wconf 78' lang='grc' dir='ltr'>αὐτίκα,</span> <span class='ocrx_word' id='word_1_508' title='bbox 1086 4144 1187 4215; x_wconf 85' lang='grc' dir='ltr'>τήν</span> <span class='ocrx_word' id='word_1_509' title='bbox 1219 4159 1279 4196; x_wconf 88' lang='grc' dir='ltr'><strong>τε</strong></span> <span class='ocrx_word' id='word_1_510' title='bbox 1305 4142 1533 4214; x_wconf 76' lang='grc' dir='ltr'>κόπρον,</span> <span class='ocrx_word' id='word_1_511' title='bbox 1566 4142 1663 4196; x_wconf 71' lang='grc' dir='ltr'><strong>καὶ</strong></span> <span class='ocrx_word' id='word_1_512' title='bbox 1684 4142 1809 4196; x_wconf 83' lang='grc' dir='ltr'>εἴτι</span> 
     </span>
    </p>
   </div>
   <div class='ocr_carea' id='block_1_75' title="bbox 212 4235 1804 4309">
    <p class='ocr_par' dir='ltr' id='par_1_75' title="bbox 212 4235 1804 4309">
     <span class='ocr_line' id='line_1_75' title="bbox 212 4235 1804 4309; baseline -0.002 -17"><span class='ocrx_word' id='word_1_513' title='bbox 212 4238 338 4292; x_wconf 75' lang='grc' dir='ltr'>ἄλλο</span> <span class='ocrx_word' id='word_1_514' title='bbox 363 4238 471 4307; x_wconf 78' lang='grc' dir='ltr'>οὐχ</span> <span class='ocrx_word' id='word_1_515' title='bbox 500 4237 664 4299; x_wconf 78' lang='grc' dir='ltr'>ὁσίως</span> <span class='ocrx_word' id='word_1_516' title='bbox 695 4235 966 4300; x_wconf 80' lang='grc' dir='ltr'>ἐπέκειτο,</span> <span class='ocrx_word' id='word_1_517' title='bbox 1003 4236 1102 4289; x_wconf 78' lang='grc' dir='ltr'>σὺν</span> <span class='ocrx_word' id='word_1_518' title='bbox 1131 4235 1425 4309; x_wconf 76' lang='grc' dir='ltr'>ἐπιμελείᾳ</span> <span class='ocrx_word' id='word_1_519' title='bbox 1454 4237 1804 4307; x_wconf 79' lang='grc' dir='ltr'>ἀφελόμενοι,</span> 
     </span>
    </p>
   </div>
   <div class='ocr_carea' id='block_1_76' title="bbox 211 4329 1808 4403">
    <p class='ocr_par' dir='ltr' id='par_1_76' title="bbox 211 4329 1808 4403">
     <span class='ocr_line' id='line_1_76' title="bbox 211 4329 1808 4403; baseline 0 -21"><span class='ocrx_word' id='word_1_520' title='bbox 211 4333 340 4386; x_wconf 80' lang='grc' dir='ltr'>τάτε</span> <span class='ocrx_word' id='word_1_521' title='bbox 376 4330 555 4401; x_wconf 78' lang='grc' dir='ltr'>λύχνα</span> <span class='ocrx_word' id='word_1_522' title='bbox 582 4329 769 4382; x_wconf 75' lang='grc' dir='ltr'>ἔκαιον</span> <span class='ocrx_word' id='word_1_523' title='bbox 793 4329 1031 4393; x_wconf 78' lang='grc' dir='ltr'>ἅπαντα,</span> <span class='ocrx_word' id='word_1_524' title='bbox 1060 4329 1157 4382; x_wconf 75' lang='grc' dir='ltr'>καὶ</span> <span class='ocrx_word' id='word_1_525' title='bbox 1179 4329 1309 4390; x_wconf 79' lang='grc' dir='ltr'>τοὺς</span> <span class='ocrx_word' id='word_1_526' title='bbox 1358 4329 1544 4403; x_wconf 71' lang='grc' dir='ltr'>ίερέας</span> <span class='ocrx_word' id='word_1_527' title='bbox 1569 4329 1710 4383; x_wconf 86' lang='grc' dir='ltr'>αἰδοῖ</span> <span class='ocrx_word' id='word_1_528' title='bbox 1748 4346 1808 4383; x_wconf 86' lang='grc' dir='ltr'><strong>τε</strong></span> 
     </span>
    </p>
   </div>
   <div class='ocr_carea' id='block_1_77' title="bbox 213 4420 1808 4494">
    <p class='ocr_par' dir='ltr' id='par_1_77' title="bbox 213 4420 1808 4494">
     <span class='ocr_line' id='line_1_77' title="bbox 213 4420 1808 4494; baseline -0.001 -19"><span class='ocrx_word' id='word_1_529' title='bbox 213 4423 388 4493; x_wconf 75' lang='grc' dir='ltr'>πολλῇ</span> <span class='ocrx_word' id='word_1_530' title='bbox 460 4422 903 4492; x_wconf 79' lang='grc' dir='ltr'>προσεκύνησαν,</span> <span class='ocrx_word' id='word_1_531' title='bbox 962 4420 1059 4474; x_wconf 77' lang='grc' dir='ltr'>καὶ</span> <span class='ocrx_word' id='word_1_532' title='bbox 1112 4422 1181 4492; x_wconf 82' lang='grc' dir='ltr'>τῇ</span> <span class='ocrx_word' id='word_1_533' title='bbox 1247 4420 1384 4494; x_wconf 84' lang='grc' dir='ltr'>ἄλλῃ</span> <span class='ocrx_word' id='word_1_534' title='bbox 1436 4421 1808 4494; x_wconf 80' lang='grc' dir='ltr'>φιλοφροσύνῃ</span> 
     </span>
    </p>
   </div>
   <div class='ocr_carea' id='block_1_78' title="bbox 213 4513 1809 4585">
    <p class='ocr_par' dir='ltr' id='par_1_78' title="bbox 213 4513 1809 4585">
     <span class='ocr_line' id='line_1_78' title="bbox 213 4513 1809 4585; baseline -0.004 -16"><span class='ocrx_word' id='word_1_535' title='bbox 213 4515 564 4584; x_wconf 68' lang='grc' dir='ltr'>ἠσπάσαντο.</span> <span class='ocrx_word' id='word_1_536' title='bbox 616 4513 883 4585; x_wconf 78' lang='grc' dir='ltr'>’Δργύριά</span> <span class='ocrx_word' id='word_1_537' title='bbox 930 4530 993 4566; x_wconf 91' lang='grc' dir='ltr'><strong>τε</strong></span> <span class='ocrx_word' id='word_1_538' title='bbox 1039 4516 1154 4577; x_wconf 79' lang='grc' dir='ltr'>τοῖς</span> <span class='ocrx_word' id='word_1_539' title='bbox 1211 4517 1448 4584; x_wconf 80' lang='grc' dir='ltr'>πτωχοῖς</span> <span class='ocrx_word' id='word_1_540' title='bbox 1506 4514 1708 4581; x_wconf 80' lang='grc' dir='ltr'>δόντες,</span> <span class='ocrx_word' id='word_1_541' title='bbox 1759 4517 1809 4569; x_wconf 71' lang='grc' dir='ltr'>οἳ</span> 
     </span>
    </p>
   </div>
   <div class='ocr_carea' id='block_1_79' title="bbox 1911 3314 3497 3388">
    <p class='ocr_par' dir='ltr' id='par_1_79' title="bbox 1911 3314 3497 3388">
     <span class='ocr_line' id='line_1_79' title="bbox 1911 3314 3497 3388; baseline 0.002 -18"><span class='ocrx_word' id='word_1_542' title='bbox 1911 3316 2094 3388; x_wconf 82' lang='lat' dir='ltr'><strong>ginem</strong></span> <span class='ocrx_word' id='word_1_543' title='bbox 2160 3318 2469 3383; x_wconf 76' lang='lat' dir='ltr'><strong>venissent,</strong></span> <span class='ocrx_word' id='word_1_544' title='bbox 2543 3318 2655 3372; x_wconf 90' lang='lat' dir='ltr'><strong>illic</strong></span> <span class='ocrx_word' id='word_1_545' title='bbox 2711 3319 3067 3387; x_wconf 76' lang='lat' dir='ltr'><strong>quieverunt,</strong></span> <span class='ocrx_word' id='word_1_546' title='bbox 3122 3314 3497 3373; x_wconf 82' lang='lat' dir='ltr'><strong>Vandalorum</strong></span> 
     </span>
    </p>
   </div>
   <div class='ocr_carea' id='block_1_80' title="bbox 1911 3403 3498 3479">
    <p class='ocr_par' dir='ltr' id='par_1_80' title="bbox 1911 3403 3498 3479">
     <span class='ocr_line' id='line_1_80' title="bbox 1911 3403 3498 3479; baseline -0.001 -16"><span class='ocrx_word' id='word_1_547' title='bbox 1911 3418 2240 3479; x_wconf 84' lang='lat' dir='ltr'><strong>apparatum</strong></span> <span class='ocrx_word' id='word_1_548' title='bbox 2275 3408 2737 3478; x_wconf 85' lang='lat' dir='ltr'><strong>contemplantes.</strong></span> <span class='ocrx_word' id='word_1_549' title='bbox 2770 3403 2875 3464; x_wconf 81' lang='lat' dir='ltr'><strong>Ubi</strong></span> <span class='ocrx_word' id='word_1_550' title='bbox 2907 3422 3041 3463; x_wconf 88' lang='lat' dir='ltr'><strong>vero</strong></span> <span class='ocrx_word' id='word_1_551' title='bbox 3082 3407 3244 3479; x_wconf 82' lang='lat'><strong>397</strong></span> <span class='ocrx_word' id='word_1_552' title='bbox 3275 3408 3498 3463; x_wconf 80' lang='lat' dir='ltr'><strong>exerci-</strong></span> 
     </span>
    </p>
   </div>
   <div class='ocr_carea' id='block_1_81' title="bbox 1911 3500 3499 3572">
    <p class='ocr_par' dir='ltr' id='par_1_81' title="bbox 1911 3500 3499 3572">
     <span class='ocr_line' id='line_1_81' title="bbox 1911 3500 3499 3572; baseline -0.001 -17"><span class='ocrx_word' id='word_1_553' title='bbox 1911 3510 2002 3555; x_wconf 89' lang='lat' dir='ltr'><strong>tus</strong></span> <span class='ocrx_word' id='word_1_554' title='bbox 2036 3514 2229 3555; x_wconf 90' lang='lat' dir='ltr'><strong>eorum</strong></span> <span class='ocrx_word' id='word_1_555' title='bbox 2279 3500 2547 3571; x_wconf 88' lang='lat' dir='ltr'><strong>Tripolim</strong></span> <span class='ocrx_word' id='word_1_556' title='bbox 2596 3515 2792 3554; x_wconf 87' lang='lat' dir='ltr'><strong>versus</strong></span> <span class='ocrx_word' id='word_1_557' title='bbox 2826 3501 3104 3570; x_wconf 83' lang='lat' dir='ltr'><strong>proﬁcisci</strong></span> <span class='ocrx_word' id='word_1_558' title='bbox 3149 3502 3339 3571; x_wconf 70' lang='lat' dir='ltr'><strong>cmpit,</strong></span> <span class='ocrx_word' id='word_1_559' title='bbox 3391 3501 3499 3572; x_wconf 87' lang='lat' dir='ltr'><strong>ipsi</strong></span> 
     </span>
    </p>
   </div>
   <div class='ocr_carea' id='block_1_82' title="bbox 1910 3582 3499 3657">
    <p class='ocr_par' dir='ltr' id='par_1_82' title="bbox 1910 3582 3499 3657">
     <span class='ocr_line' id='line_1_82' title="bbox 1910 3582 3499 3657; baseline 0.001 -9"><span class='ocrx_word' id='word_1_560' title='bbox 1910 3593 2007 3648; x_wconf 83' lang='lat' dir='ltr'><strong>vili</strong></span> <span class='ocrx_word' id='word_1_561' title='bbox 2040 3601 2194 3648; x_wconf 86' lang='lat' dir='ltr'><strong>veste</strong></span> <span class='ocrx_word' id='word_1_562' title='bbox 2240 3592 2424 3647; x_wconf 90' lang='lat' dir='ltr'><strong>induti</strong></span> <span class='ocrx_word' id='word_1_563' title='bbox 2459 3608 2557 3648; x_wconf 91' lang='lat' dir='ltr'><strong>eos</strong></span> <span class='ocrx_word' id='word_1_564' title='bbox 2595 3593 2879 3648; x_wconf 87' lang='lat' dir='ltr'><strong>subsecuti</strong></span> <span class='ocrx_word' id='word_1_565' title='bbox 2932 3604 3082 3649; x_wconf 87' lang='lat' dir='ltr'><strong>sunt.</strong></span> <span class='ocrx_word' id='word_1_566' title='bbox 3123 3582 3193 3649; x_wconf 76' lang='lat' dir='ltr'><strong>At</strong></span> <span class='ocrx_word' id='word_1_567' title='bbox 3242 3594 3499 3657; x_wconf 78' lang='lat' dir='ltr'><strong>Vandali,</strong></span> 
     </span>
    </p>
   </div>
   <div class='ocr_carea' id='block_1_83' title="bbox 1914 3680 3501 3755">
    <p class='ocr_par' dir='ltr' id='par_1_83' title="bbox 1914 3680 3501 3755">
     <span class='ocr_line' id='line_1_83' title="bbox 1914 3680 3501 3755; baseline 0.002 -18"><span class='ocrx_word' id='word_1_568' title='bbox 1914 3685 2097 3755; x_wconf 89' lang='lat' dir='ltr'><strong>primo</strong></span> <span class='ocrx_word' id='word_1_569' title='bbox 2132 3684 2319 3740; x_wconf 83' lang='lat' dir='ltr'><strong>statim</strong></span> <span class='ocrx_word' id='word_1_570' title='bbox 2350 3684 2441 3739; x_wconf 90' lang='lat' dir='ltr'><strong>die</strong></span> <span class='ocrx_word' id='word_1_571' title='bbox 2499 3699 2627 3739; x_wconf 88' lang='lat' dir='ltr'><strong>cum</strong></span> <span class='ocrx_word' id='word_1_572' title='bbox 2677 3686 2733 3739; x_wconf 93' lang='lat' dir='ltr'><strong>in</strong></span> <span class='ocrx_word' id='word_1_573' title='bbox 2795 3680 3239 3740; x_wconf 81' lang='lat' dir='ltr'><strong>Christianorum</strong></span> <span class='ocrx_word' id='word_1_574' title='bbox 3284 3686 3501 3740; x_wconf 70' lang='lat' dir='ltr'><strong>mdibus</strong></span> 
     </span>
    </p>
   </div>
   <div class='ocr_carea' id='block_1_84' title="bbox 1915 3777 3502 3849">
    <p class='ocr_par' dir='ltr' id='par_1_84' title="bbox 1915 3777 3502 3849">
     <span class='ocr_line' id='line_1_84' title="bbox 1915 3777 3502 3849; baseline -0.001 -15"><span class='ocrx_word' id='word_1_575' title='bbox 1915 3780 2094 3834; x_wconf 87' lang='lat' dir='ltr'><strong>sacris</strong></span> <span class='ocrx_word' id='word_1_576' title='bbox 2136 3779 2400 3833; x_wconf 87' lang='lat' dir='ltr'><strong>stabulati</strong></span> <span class='ocrx_word' id='word_1_577' title='bbox 2442 3787 2630 3833; x_wconf 85' lang='lat' dir='ltr'><strong>essent</strong></span> <span class='ocrx_word' id='word_1_578' title='bbox 2659 3794 2769 3833; x_wconf 90' lang='lat' dir='ltr'><strong>una</strong></span> <span class='ocrx_word' id='word_1_579' title='bbox 2801 3787 2927 3833; x_wconf 88' lang='lat' dir='ltr'><strong>cum</strong></span> <span class='ocrx_word' id='word_1_580' title='bbox 2956 3777 3116 3848; x_wconf 88' lang='lat' dir='ltr'><strong>equis</strong></span> <span class='ocrx_word' id='word_1_581' title='bbox 3155 3789 3221 3833; x_wconf 86' lang='lat' dir='ltr'><strong>ac</strong></span> <span class='ocrx_word' id='word_1_582' title='bbox 3271 3778 3502 3849; x_wconf 85' lang='lat' dir='ltr'><strong>reliquis</strong></span> 
     </span>
    </p>
   </div>
   <div class='ocr_carea' id='block_1_85' title="bbox 1914 3872 3501 3943">
    <p class='ocr_par' dir='ltr' id='par_1_85' title="bbox 1914 3872 3501 3943">
     <span class='ocr_line' id='line_1_85' title="bbox 1914 3872 3501 3943; baseline 0.001 -17"><span class='ocrx_word' id='word_1_583' title='bbox 1914 3872 2268 3937; x_wconf 84' lang='lat' dir='ltr'><strong>animalibus,</strong></span> <span class='ocrx_word' id='word_1_584' title='bbox 2297 3872 2510 3926; x_wconf 91' lang='lat' dir='ltr'><strong>nullum</strong></span> <span class='ocrx_word' id='word_1_585' title='bbox 2546 3872 2899 3927; x_wconf 80' lang='lat' dir='ltr'><strong>contumeliae</strong></span> <span class='ocrx_word' id='word_1_586' title='bbox 2925 3887 3101 3943; x_wconf 79' lang='lat' dir='ltr'><strong>genus</strong></span> <span class='ocrx_word' id='word_1_587' title='bbox 3126 3873 3501 3942; x_wconf 70' lang='lat' dir='ltr'><strong>prietermise-</strong></span> 
     </span>
    </p>
   </div>
   <div class='ocr_carea' id='block_1_86' title="bbox 1914 3962 3497 4033">
    <p class='ocr_par' dir='ltr' id='par_1_86' title="bbox 1914 3962 3497 4033">
     <span class='ocr_line' id='line_1_86' title="bbox 1914 3962 3497 4033; baseline 0 -16"><span class='ocrx_word' id='word_1_588' title='bbox 1914 3972 2082 4018; x_wconf 79' lang='lat' dir='ltr'><strong>runt:</strong></span> <span class='ocrx_word' id='word_1_589' title='bbox 2110 3963 2206 4018; x_wconf 88' lang='lat' dir='ltr'><strong>sed</strong></span> <span class='ocrx_word' id='word_1_590' title='bbox 2239 3973 2350 4017; x_wconf 89' lang='lat' dir='ltr'><strong>tum</strong></span> <span class='ocrx_word' id='word_1_591' title='bbox 2388 3962 2492 4033; x_wconf 89' lang='lat' dir='ltr'><strong>ipsi</strong></span> <span class='ocrx_word' id='word_1_592' title='bbox 2520 3963 2683 4017; x_wconf 88' lang='lat' dir='ltr'><strong>solita</strong></span> <span class='ocrx_word' id='word_1_593' title='bbox 2710 3962 3136 4033; x_wconf 85' lang='lat' dir='ltr'><strong>intemperantia</strong></span> <span class='ocrx_word' id='word_1_594' title='bbox 3177 3964 3497 4023; x_wconf 87' lang='lat' dir='ltr'><strong>utebantur,</strong></span> 
     </span>
    </p>
   </div>
   <div class='ocr_carea' id='block_1_87' title="bbox 1915 4055 3503 4128">
    <p class='ocr_par' dir='ltr' id='par_1_87' title="bbox 1915 4055 3503 4128">
     <span class='ocr_line' id='line_1_87' title="bbox 1915 4055 3503 4128; baseline 0 -17"><span class='ocrx_word' id='word_1_595' title='bbox 1915 4065 2033 4112; x_wconf 92' lang='lat' dir='ltr'><strong>tum</strong></span> <span class='ocrx_word' id='word_1_596' title='bbox 2080 4056 2400 4111; x_wconf 87' lang='lat' dir='ltr'><strong>sacerd0tes</strong></span> <span class='ocrx_word' id='word_1_597' title='bbox 2439 4055 2886 4111; x_wconf 86' lang='lat' dir='ltr'><strong>Christianorum</strong></span> <span class='ocrx_word' id='word_1_598' title='bbox 2941 4072 3310 4128; x_wconf 82' lang='lat' dir='ltr'><strong>quoscunque</strong></span> <span class='ocrx_word' id='word_1_599' title='bbox 3352 4072 3503 4113; x_wconf 87' lang='lat' dir='ltr'><strong>eom-</strong></span> 
     </span>
    </p>
   </div>
   <div class='ocr_carea' id='block_1_88' title="bbox 1915 4146 3501 4220">
    <p class='ocr_par' dir='ltr' id='par_1_88' title="bbox 1915 4146 3501 4220">
     <span class='ocr_line' id='line_1_88' title="bbox 1915 4146 3501 4220; baseline -0.001 -18"><span class='ocrx_word' id='word_1_600' title='bbox 1915 4147 2351 4220; x_wconf 87' lang='lat' dir='ltr'><strong>prebenderant,</strong></span> <span class='ocrx_word' id='word_1_601' title='bbox 2400 4146 2575 4217; x_wconf 87' lang='lat' dir='ltr'><strong>alapis</strong></span> <span class='ocrx_word' id='word_1_602' title='bbox 2618 4146 2927 4213; x_wconf 54' lang='lat' dir='ltr'><strong>cadebant,</strong></span> <span class='ocrx_word' id='word_1_603' title='bbox 2976 4154 3034 4202; x_wconf 89' lang='lat' dir='ltr'><strong>et</strong></span> <span class='ocrx_word' id='word_1_604' title='bbox 3090 4146 3255 4202; x_wconf 87' lang='lat' dir='ltr'><strong>dorsa</strong></span> <span class='ocrx_word' id='word_1_605' title='bbox 3303 4159 3501 4202; x_wconf 85' lang='lat' dir='ltr'><strong>eorum</strong></span> 
     </span>
    </p>
   </div>
   <div class='ocr_carea' id='block_1_89' title="bbox 1915 4238 3500 4309">
    <p class='ocr_par' dir='ltr' id='par_1_89' title="bbox 1915 4238 3500 4309">
     <span class='ocr_line' id='line_1_89' title="bbox 1915 4238 3500 4309; baseline 0.001 -17"><span class='ocrx_word' id='word_1_606' title='bbox 1915 4240 2248 4296; x_wconf 81' lang='lat' dir='ltr'><strong>verberibus</strong></span> <span class='ocrx_word' id='word_1_607' title='bbox 2271 4238 2589 4303; x_wconf 89' lang='lat' dir='ltr'><strong>tundentes,</strong></span> <span class='ocrx_word' id='word_1_608' title='bbox 2612 4240 2930 4295; x_wconf 89' lang='lat' dir='ltr'><strong>ministrare</strong></span> <span class='ocrx_word' id='word_1_609' title='bbox 2953 4240 3060 4294; x_wconf 89' lang='lat' dir='ltr'><strong>sibi</strong></span> <span class='ocrx_word' id='word_1_610' title='bbox 3086 4256 3184 4295; x_wconf 90' lang='lat' dir='ltr'><strong>eos</strong></span> <span class='ocrx_word' id='word_1_611' title='bbox 3206 4240 3500 4309; x_wconf 84' lang='lat' dir='ltr'><strong>cogebant.</strong></span> 
     </span>
    </p>
   </div>
   <div class='ocr_carea' id='block_1_90' title="bbox 1917 4320 3502 4404">
    <p class='ocr_par' dir='ltr' id='par_1_90' title="bbox 1917 4320 3502 4404">
     <span class='ocr_line' id='line_1_90' title="bbox 1917 4320 3502 4404; baseline -0.001 -16"><span class='ocrx_word' id='word_1_612' title='bbox 1917 4330 2312 4403; x_wconf 77' lang='lat' dir='ltr'><strong>Exploratores</strong></span> <span class='ocrx_word' id='word_1_613' title='bbox 2346 4342 2531 4387; x_wconf 87' lang='lat' dir='ltr'><strong>autem</strong></span> <span class='ocrx_word' id='word_1_614' title='bbox 2570 4326 2869 4397; x_wconf 79' lang='lat' dir='ltr'><strong>Cabaonis,</strong></span> <span class='ocrx_word' id='word_1_615' title='bbox 2906 4333 3072 4388; x_wconf 84' lang='lat' dir='ltr'><strong>simul</strong></span> <span class='ocrx_word' id='word_1_616' title='bbox 3110 4320 3317 4404; x_wconf 79' lang='lat' dir='ltr'><strong>atque</strong></span> <span class='ocrx_word' id='word_1_617' title='bbox 3350 4332 3502 4387; x_wconf 87' lang='lat' dir='ltr'><strong>Van-</strong></span> 
     </span>
    </p>
   </div>
   <div class='ocr_carea' id='block_1_91' title="bbox 1917 4426 3503 4497">
    <p class='ocr_par' dir='ltr' id='par_1_91' title="bbox 1917 4426 3503 4497">
     <span class='ocr_line' id='line_1_91' title="bbox 1917 4426 3503 4497; baseline 0 -16"><span class='ocrx_word' id='word_1_618' title='bbox 1917 4426 2028 4481; x_wconf 89' lang='lat' dir='ltr'><strong>dali</strong></span> <span class='ocrx_word' id='word_1_619' title='bbox 2056 4426 2213 4481; x_wconf 76' lang='lat' dir='ltr'><strong>exiis</strong></span> <span class='ocrx_word' id='word_1_620' title='bbox 2242 4427 2379 4481; x_wconf 89' lang='lat' dir='ltr'><strong>locis</strong></span> <span class='ocrx_word' id='word_1_621' title='bbox 2402 4427 2809 4491; x_wconf 81' lang='lat' dir='ltr'><strong>abscesserant,</strong></span> <span class='ocrx_word' id='word_1_622' title='bbox 2839 4426 2894 4480; x_wconf 88' lang='lat' dir='ltr'><strong>id</strong></span> <span class='ocrx_word' id='word_1_623' title='bbox 2925 4426 3164 4495; x_wconf 83' lang='lat' dir='ltr'><strong>agebant</strong></span> <span class='ocrx_word' id='word_1_624' title='bbox 3189 4426 3337 4497; x_wconf 92' lang='lat' dir='ltr'><strong>quod</strong></span> <span class='ocrx_word' id='word_1_625' title='bbox 3368 4426 3503 4497; x_wconf 81' lang='lat' dir='ltr'><strong>ipsis</strong></span> 
     </span>
    </p>
   </div>
   <div class='ocr_carea' id='block_1_92' title="bbox 1917 4518 3503 4590">
    <p class='ocr_par' dir='ltr' id='par_1_92' title="bbox 1917 4518 3503 4590">
     <span class='ocr_line' id='line_1_92' title="bbox 1917 4518 3503 4590; baseline -0.002 -16"><span class='ocrx_word' id='word_1_626' title='bbox 1917 4519 2248 4590; x_wconf 82' lang='lat' dir='ltr'><strong>imperatum</strong></span> <span class='ocrx_word' id='word_1_627' title='bbox 2304 4520 2505 4574; x_wconf 82' lang='lat' dir='ltr'><strong>fuerat.</strong></span> <span class='ocrx_word' id='word_1_628' title='bbox 2544 4518 2679 4574; x_wconf 87' lang='lat' dir='ltr'><strong>Nam</strong></span> <span class='ocrx_word' id='word_1_629' title='bbox 2727 4528 2785 4575; x_wconf 92' lang='lat' dir='ltr'><strong>et</strong></span> <span class='ocrx_word' id='word_1_630' title='bbox 2838 4520 2986 4575; x_wconf 71' lang='lat' dir='ltr'><strong>aedes</strong></span> <span class='ocrx_word' id='word_1_631' title='bbox 3029 4535 3217 4575; x_wconf 88' lang='lat' dir='ltr'><strong>sacras</strong></span> <span class='ocrx_word' id='word_1_632' title='bbox 3242 4520 3503 4590; x_wconf 83' lang='lat' dir='ltr'><strong>protinus</strong></span> 
     </span>
    </p>
   </div>
   <div class='ocr_carea' id='block_1_93' title="bbox 214 4605 1801 4683">
    <p class='ocr_par' dir='ltr' id='par_1_93' title="bbox 214 4606 1801 4679">
     <span class='ocr_line' id='line_1_93' title="bbox 214 4606 1801 4679; baseline 0 -17"><span class='ocrx_word' id='word_1_633' title='bbox 214 4609 365 4679; x_wconf 72' lang='grc' dir='ltr'>ἀμφὶ</span> <span class='ocrx_word' id='word_1_634' title='bbox 392 4608 468 4660; x_wconf 78' lang='grc' dir='ltr'><strong>τά</strong></span> <span class='ocrx_word' id='word_1_635' title='bbox 500 4607 623 4677; x_wconf 73' lang='grc' dir='ltr'>ἱερά</span> <span class='ocrx_word' id='word_1_636' title='bbox 645 4606 818 4661; x_wconf 79' lang='grc' dir='ltr'>ταῦτα</span> <span class='ocrx_word' id='word_1_637' title='bbox 849 4606 1140 4677; x_wconf 80' lang='grc' dir='ltr'>ἐκάθηντο,</span> <span class='ocrx_word' id='word_1_638' title='bbox 1159 4606 1304 4660; x_wconf 74' lang='grc' dir='ltr'>οὕτω</span> <span class='ocrx_word' id='word_1_639' title='bbox 1322 4608 1385 4678; x_wconf 83' lang='grc' dir='ltr'>δὴ</span> <span class='ocrx_word' id='word_1_640' title='bbox 1414 4611 1482 4678; x_wconf 77' lang='grc' dir='ltr'>τῇ</span> <span class='ocrx_word' id='word_1_641' title='bbox 1512 4609 1622 4661; x_wconf 86' lang='grc' dir='ltr'>τῶν</span> <span class='ocrx_word' id='word_1_642' title='bbox 1667 4611 1801 4662; x_wconf 84' lang='grc' dir='ltr'>Βαν-</span> 
     </span>
    </p>
   </div>
   <div class='ocr_carea' id='block_1_94' title="bbox 1906 4605 3503 4683">
    <p class='ocr_par' dir='ltr' id='par_1_94' title="bbox 1919 4607 3503 4683">
     <span class='ocr_line' id='line_1_94' title="bbox 1919 4607 3503 4683; baseline -0.002 -18"><span class='ocrx_word' id='word_1_643' title='bbox 1919 4611 2254 4683; x_wconf 80' lang='lat' dir='ltr'><strong>purgabant,</strong></span> <span class='ocrx_word' id='word_1_644' title='bbox 2285 4619 2342 4665; x_wconf 88' lang='lat' dir='ltr'><strong>et</strong></span> <span class='ocrx_word' id='word_1_645' title='bbox 2364 4618 2611 4665; x_wconf 86' lang='lat' dir='ltr'><strong>stercora</strong></span> <span class='ocrx_word' id='word_1_646' title='bbox 2637 4625 2701 4664; x_wconf 90' lang='lat' dir='ltr'><strong>ac</strong></span> <span class='ocrx_word' id='word_1_647' title='bbox 2733 4610 2778 4664; x_wconf 88' lang='lat' dir='ltr'><strong>si</strong></span> <span class='ocrx_word' id='word_1_648' title='bbox 2809 4610 2944 4680; x_wconf 89' lang='lat' dir='ltr'><strong>quid</strong></span> <span class='ocrx_word' id='word_1_649' title='bbox 2977 4610 3126 4664; x_wconf 91' lang='lat' dir='ltr'><strong>aliud</strong></span> <span class='ocrx_word' id='word_1_650' title='bbox 3155 4610 3341 4663; x_wconf 90' lang='lat' dir='ltr'><strong>minus</strong></span> <span class='ocrx_word' id='word_1_651' title='bbox 3372 4607 3503 4663; x_wconf 91' lang='lat' dir='ltr'><strong>reli-</strong></span> 
     </span>
    </p>
   </div>
   <div class='ocr_carea' id='block_1_95' title="bbox 214 4698 1812 4772">
    <p class='ocr_par' dir='ltr' id='par_1_95' title="bbox 214 4698 1812 4772">
     <span class='ocr_line' id='line_1_95' title="bbox 214 4698 1812 4772; baseline 0 -17"><span class='ocrx_word' id='word_1_652' title='bbox 214 4702 381 4755; x_wconf 86' lang='grc' dir='ltr'>δίλων</span> <span class='ocrx_word' id='word_1_653' title='bbox 429 4700 666 4772; x_wconf 79' lang='grc' dir='ltr'>στρατιᾷ</span> <span class='ocrx_word' id='word_1_654' title='bbox 715 4699 952 4753; x_wconf 78' lang='grc' dir='ltr'>εἵποντο.</span> <span class='ocrx_word' id='word_1_655' title='bbox 989 4700 1099 4752; x_wconf 74' lang='grc' dir='ltr'><strong>Καὶ</strong></span> <span class='ocrx_word' id='word_1_656' title='bbox 1158 4699 1269 4753; x_wconf 76' lang='grc' dir='ltr'>ἀπὸ</span> <span class='ocrx_word' id='word_1_657' title='bbox 1300 4698 1493 4752; x_wconf 82' lang='grc' dir='ltr'>τούτου</span> <span class='ocrx_word' id='word_1_658' title='bbox 1536 4701 1680 4754; x_wconf 73' lang='grc' dir='ltr'>κατὰ</span> <span class='ocrx_word' id='word_1_659' title='bbox 1711 4703 1812 4771; x_wconf 79' lang='grc' dir='ltr'>τὴν</span> 
     </span>
    </p>
   </div>
   <div class='ocr_carea' id='block_1_96' title="bbox 216 4789 1812 4863">
    <p class='ocr_par' dir='ltr' id='par_1_96' title="bbox 216 4789 1812 4863">
     <span class='ocr_line' id='line_1_96' title="bbox 216 4789 1812 4863; baseline 0 -18"><span class='ocrx_word' id='word_1_660' title='bbox 216 4792 334 4845; x_wconf 70' lang='grc' dir='ltr'>ὁδὸν</span> <span class='ocrx_word' id='word_1_661' title='bbox 365 4790 667 4862; x_wconf 78' lang='grc' dir='ltr'>σύμπασαν</span> <span class='ocrx_word' id='word_1_662' title='bbox 724 4790 774 4844; x_wconf 78' lang='lat' dir='ltr'><strong>oi</strong></span> <span class='ocrx_word' id='word_1_663' title='bbox 807 4789 1050 4844; x_wconf 83' lang='grc' dir='ltr'>Βανδίλοι</span> <span class='ocrx_word' id='word_1_664' title='bbox 1089 4790 1231 4844; x_wconf 82' lang='grc' dir='ltr'><strong>κατά</strong></span> <span class='ocrx_word' id='word_1_665' title='bbox 1269 4790 1443 4845; x_wconf 76' lang='grc' dir='ltr'>ταυτά</span> <span class='ocrx_word' id='word_1_666' title='bbox 1472 4792 1812 4863; x_wconf 82' lang='grc' dir='ltr'>ἡμάρτανον,</span> 
     </span>
    </p>
   </div>
   <div class='ocr_carea' id='block_1_97' title="bbox 219 4881 1815 4954">
    <p class='ocr_par' dir='ltr' id='par_1_97' title="bbox 219 4881 1815 4954">
     <span class='ocr_line' id='line_1_97' title="bbox 219 4881 1815 4954; baseline -0.003 -15"><span class='ocrx_word' id='word_1_667' title='bbox 219 4886 314 4940; x_wconf 81' lang='grc' dir='ltr'>καὶ</span> <span class='ocrx_word' id='word_1_668' title='bbox 342 4886 395 4939; x_wconf 79' lang='grc' dir='ltr'>οἱ</span> <span class='ocrx_word' id='word_1_669' title='bbox 431 4884 773 4938; x_wconf 84' lang='grc' dir='ltr'>κατάσκοποι</span> <span class='ocrx_word' id='word_1_670' title='bbox 798 4883 1155 4954; x_wconf 82' lang='grc' dir='ltr'>ἐθεράπευον.</span> <span class='ocrx_word' id='word_1_671' title='bbox 1195 4883 1349 4937; x_wconf 74' lang='grc' dir='ltr'>Ἐπεὶ</span> <span class='ocrx_word' id='word_1_672' title='bbox 1376 4881 1432 4937; x_wconf 76' lang='grc' dir='ltr'>δὲ</span> <span class='ocrx_word' id='word_1_673' title='bbox 1482 4883 1655 4954; x_wconf 85' lang='grc' dir='ltr'>ἀγχοῦ</span> <span class='ocrx_word' id='word_1_674' title='bbox 1690 4882 1815 4936; x_wconf 77' lang='grc' dir='ltr'>ἐσε-</span> 
     </span>
    </p>
   </div>
   <div class='ocr_carea' id='block_1_98' title="bbox 223 4976 1813 5050">
    <p class='ocr_par' dir='ltr' id='par_1_98' title="bbox 223 4976 1813 5050">
     <span class='ocr_line' id='line_1_98' title="bbox 223 4976 1813 5050; baseline -0.001 -19"><span class='ocrx_word' id='word_1_675' title='bbox 223 4981 345 5032; x_wconf 78' lang='grc' dir='ltr'>σϐαι</span> <span class='ocrx_word' id='word_1_676' title='bbox 370 4977 621 5048; x_wconf 75' lang='grc' dir='ltr'>ἔμελλον,</span> <span class='ocrx_word' id='word_1_677' title='bbox 650 4978 1100 5050; x_wconf 72' lang='grc' dir='ltr'>προτερήσαντες</span> <span class='ocrx_word' id='word_1_678' title='bbox 1133 4978 1183 5031; x_wconf 82' lang='lat' dir='ltr'><strong>oi</strong></span> <span class='ocrx_word' id='word_1_679' title='bbox 1213 4976 1580 5044; x_wconf 75' lang='grc' dir='ltr'>κατάσκοποι,</span> <span class='ocrx_word' id='word_1_680' title='bbox 1607 4976 1813 5046; x_wconf 82' lang='grc' dir='ltr'>ἀγγέλ-</span> 
     </span>
    </p>
   </div>
   <div class='ocr_carea' id='block_1_99' title="bbox 221 5069 1818 5142">
    <p class='ocr_par' dir='ltr' id='par_1_99' title="bbox 221 5069 1818 5142">
     <span class='ocr_line' id='line_1_99' title="bbox 221 5069 1818 5142; baseline 0 -19"><span class='ocrx_word' id='word_1_681' title='bbox 221 5069 374 5124; x_wconf 84' lang='grc' dir='ltr'>λουσι</span> <span class='ocrx_word' id='word_1_682' title='bbox 404 5070 486 5142; x_wconf 79' lang='grc' dir='ltr'>τῷ</span> <span class='ocrx_word' id='word_1_683' title='bbox 516 5070 818 5142; x_wconf 76' lang='grc' dir='ltr'>Καὸαὼνῃ,</span> <span class='ocrx_word' id='word_1_684' title='bbox 852 5071 953 5124; x_wconf 75' lang='grc' dir='ltr'>ὅσα</span> <span class='ocrx_word' id='word_1_685' title='bbox 986 5071 1270 5133; x_wconf 82' lang='grc' dir='ltr'>Βανδίλοις</span> <span class='ocrx_word' id='word_1_686' title='bbox 1319 5088 1379 5124; x_wconf 89' lang='grc' dir='ltr'><strong>τε</strong></span> <span class='ocrx_word' id='word_1_687' title='bbox 1422 5071 1518 5124; x_wconf 71' lang='grc' dir='ltr'><strong>καὶ</strong></span> <span class='ocrx_word' id='word_1_688' title='bbox 1547 5070 1729 5141; x_wconf 77' lang='grc' dir='ltr'>σφίσιν</span> <span class='ocrx_word' id='word_1_689' title='bbox 1760 5072 1818 5137; x_wconf 84' lang='grc' dir='ltr'>ἐς</span> 
     </span>
    </p>
   </div>
   <div class='ocr_carea' id='block_1_100' title="bbox 221 5162 1823 5234">
    <p class='ocr_par' dir='ltr' id='par_1_100' title="bbox 221 5162 1823 5234">
     <span class='ocr_line' id='line_1_100' title="bbox 221 5162 1823 5234; baseline -0.001 -19"><span class='ocrx_word' id='word_1_690' title='bbox 221 5164 289 5215; x_wconf 71' lang='grc' dir='ltr'>τὰ</span> <span class='ocrx_word' id='word_1_691' title='bbox 326 5163 680 5234; x_wconf 81' lang='grc' dir='ltr'>Χριστιανῶν</span> <span class='ocrx_word' id='word_1_692' title='bbox 710 5164 834 5233; x_wconf 73' lang='grc' dir='ltr'>ἱερά</span> <span class='ocrx_word' id='word_1_693' title='bbox 862 5164 1139 5234; x_wconf 74' lang='grc' dir='ltr'>εἴργαστο,</span> <span class='ocrx_word' id='word_1_694' title='bbox 1184 5163 1281 5216; x_wconf 74' lang='grc' dir='ltr'>καὶ</span> <span class='ocrx_word' id='word_1_695' title='bbox 1305 5162 1382 5226; x_wconf 86' lang='grc' dir='ltr'><strong>ὡς</strong></span> <span class='ocrx_word' id='word_1_696' title='bbox 1437 5163 1603 5231; x_wconf 70' lang='grc' dir='ltr'>ἐγγύς</span> <span class='ocrx_word' id='word_1_697' title='bbox 1631 5181 1734 5216; x_wconf 82' lang='grc' dir='ltr'><strong>που</strong></span> <span class='ocrx_word' id='word_1_698' title='bbox 1770 5162 1823 5215; x_wconf 83' lang='grc' dir='ltr'>οἱ</span> 
     </span>
    </p>
   </div>
   <div class='ocr_carea' id='block_1_101' title="bbox 228 5254 1823 5329">
    <p class='ocr_par' dir='ltr' id='par_1_101' title="bbox 228 5254 1823 5329">
     <span class='ocr_line' id='line_1_101' title="bbox 228 5254 1823 5329; baseline -0.001 -20"><span class='ocrx_word' id='word_1_699' title='bbox 228 5257 485 5329; x_wconf 76' lang='grc' dir='ltr'>πολέμιοι</span> <span class='ocrx_word' id='word_1_700' title='bbox 511 5254 644 5314; x_wconf 79' lang='grc' dir='ltr'>εἷεν.</span> <span class='ocrx_word' id='word_1_701' title='bbox 689 5256 749 5311; x_wconf 85' lang='grc' dir='ltr'>Ὀ</span> <span class='ocrx_word' id='word_1_702' title='bbox 772 5258 829 5311; x_wconf 82' lang='grc' dir='ltr'>δὲ</span> <span class='ocrx_word' id='word_1_703' title='bbox 847 5258 1112 5322; x_wconf 80' lang='grc' dir='ltr'>ἀκούσας,</span> <span class='ocrx_word' id='word_1_704' title='bbox 1146 5258 1204 5321; x_wconf 81' lang='grc' dir='ltr'><strong>ἐς</strong></span> <span class='ocrx_word' id='word_1_705' title='bbox 1229 5255 1328 5327; x_wconf 82' lang='grc' dir='ltr'>τὴν</span> <span class='ocrx_word' id='word_1_706' title='bbox 1383 5254 1659 5327; x_wconf 77' lang='grc' dir='ltr'>ξυμϐολὴν</span> <span class='ocrx_word' id='word_1_707' title='bbox 1685 5254 1823 5308; x_wconf 85' lang='grc' dir='ltr'>καθ-</span> 
     </span>
    </p>
   </div>
   <div class='ocr_carea' id='block_1_102' title="bbox 233 5346 1823 5419">
    <p class='ocr_par' dir='ltr' id='par_1_102' title="bbox 233 5346 1823 5419">
     <span class='ocr_line' id='line_1_102' title="bbox 233 5346 1823 5419; baseline -0.002 -16"><span class='ocrx_word' id='word_1_708' title='bbox 233 5348 438 5405; x_wconf 81' lang='grc' dir='ltr'>ίστατο.</span> <span class='ocrx_word' id='word_1_709' title='bbox 491 5351 569 5418; x_wconf 82' lang='grc' dir='ltr'><strong>ΟίΙ</strong></span> <span class='ocrx_word' id='word_1_710' title='bbox 602 5351 703 5419; x_wconf 80' lang='grc' dir='ltr'>μὲν</span> <span class='ocrx_word' id='word_1_711' title='bbox 754 5347 849 5406; x_wconf 75' lang='grc' dir='ltr'>οὖν</span> <span class='ocrx_word' id='word_1_712' title='bbox 873 5349 1093 5414; x_wconf 72' lang='grc' dir='ltr'>πολλοὶ,</span> <span class='ocrx_word' id='word_1_713' title='bbox 1133 5346 1209 5414; x_wconf 81' lang='grc' dir='ltr'>ὥς</span> <span class='ocrx_word' id='word_1_714' title='bbox 1240 5366 1410 5419; x_wconf 84' lang='grc' dir='ltr'>φησι,</span> <span class='ocrx_word' id='word_1_715' title='bbox 1443 5348 1712 5402; x_wconf 79' lang='grc' dir='ltr'>Βανδίλων</span> <span class='ocrx_word' id='word_1_716' title='bbox 1742 5348 1823 5401; x_wconf 88' lang='grc' dir='ltr'>δι-</span> 
     </span>
    </p>
   </div>
   <div class='ocr_carea' id='block_1_103' title="bbox 232 5436 1822 5515">
    <p class='ocr_par' dir='ltr' id='par_1_103' title="bbox 232 5436 1822 5515">
     <span class='ocr_line' id='line_1_103' title="bbox 232 5436 1822 5515; baseline 0 -20"><span class='ocrx_word' id='word_1_717' title='bbox 232 5443 441 5515; x_wconf 72' lang='grc' dir='ltr'>ε;θάρη</span> <span class='ocrx_word' id='word_1_718' title='bbox 451 5461 573 5499; x_wconf 90' lang='grc' dir='ltr'>σαν.</span> <span class='ocrx_word' id='word_1_719' title='bbox 597 5444 721 5499; x_wconf 71' lang='grc' dir='ltr'><strong>Εἰσὶ</strong></span> <span class='ocrx_word' id='word_1_720' title='bbox 738 5444 795 5499; x_wconf 78' lang='grc' dir='ltr'>δὲ</span> <span class='ocrx_word' id='word_1_721' title='bbox 810 5436 861 5498; x_wconf 69' lang='grc' dir='ltr'>οἳ</span> <span class='ocrx_word' id='word_1_722' title='bbox 877 5444 976 5497; x_wconf 75' lang='grc' dir='ltr'>καὶ</span> <span class='ocrx_word' id='word_1_723' title='bbox 996 5443 1101 5496; x_wconf 81' lang='grc' dir='ltr'><strong>ὑπὸ</strong></span> <span class='ocrx_word' id='word_1_724' title='bbox 1117 5445 1230 5507; x_wconf 79' lang='grc' dir='ltr'>τοῖς</span> <span class='ocrx_word' id='word_1_725' title='bbox 1254 5442 1535 5514; x_wconf 84' lang='grc' dir='ltr'>πολεμίοις</span> <span class='ocrx_word' id='word_1_726' title='bbox 1551 5442 1822 5511; x_wconf 85' lang='grc' dir='ltr'>ἐγένοντο,</span> 
     </span>
    </p>
   </div>
   <div class='ocr_carea' id='block_1_104' title="bbox 1915 4699 3503 4779">
    <p class='ocr_par' dir='ltr' id='par_1_104' title="bbox 1915 4699 3503 4779">
     <span class='ocr_line' id='line_1_104' title="bbox 1915 4699 3503 4779; baseline -0.003 -21"><span class='ocrx_word' id='word_1_727' title='bbox 1915 4703 2068 4775; x_wconf 81' lang='lat' dir='ltr'><strong>giose</strong></span> <span class='ocrx_word' id='word_1_728' title='bbox 2106 4703 2381 4774; x_wconf 85' lang='lat' dir='ltr'><strong>ingestum</strong></span> <span class='ocrx_word' id='word_1_729' title='bbox 2425 4701 2627 4765; x_wconf 81' lang='lat' dir='ltr'><strong>fuerat,</strong></span> <span class='ocrx_word' id='word_1_730' title='bbox 2658 4701 2905 4779; x_wconf 86' lang='lat' dir='ltr'><strong>studiose</strong></span> <span class='ocrx_word' id='word_1_731' title='bbox 2938 4701 3284 4764; x_wconf 80' lang='lat' dir='ltr'><strong>auferentes,</strong></span> <span class='ocrx_word' id='word_1_732' title='bbox 3314 4699 3503 4754; x_wconf 89' lang='lat' dir='ltr'><strong>lucer-</strong></span> 
     </span>
    </p>
   </div>
   <div class='ocr_carea' id='block_1_105' title="bbox 1925 4793 3504 4859">
    <p class='ocr_par' dir='ltr' id='par_1_105' title="bbox 1925 4793 3504 4859">
     <span class='ocr_line' id='line_1_105' title="bbox 1925 4793 3504 4859; baseline -0.003 -10"><span class='ocrx_word' id='word_1_733' title='bbox 1925 4810 2027 4849; x_wconf 87' lang='lat' dir='ltr'><strong>nas</strong></span> <span class='ocrx_word' id='word_1_734' title='bbox 2054 4809 2248 4849; x_wconf 88' lang='lat' dir='ltr'><strong>omnes</strong></span> <span class='ocrx_word' id='word_1_735' title='bbox 2272 4793 2673 4859; x_wconf 86' lang='lat' dir='ltr'><strong>accendebant,</strong></span> <span class='ocrx_word' id='word_1_736' title='bbox 2699 4802 2756 4848; x_wconf 89' lang='lat' dir='ltr'><strong>et</strong></span> <span class='ocrx_word' id='word_1_737' title='bbox 2779 4793 3097 4849; x_wconf 82' lang='lat' dir='ltr'><strong>sacerdotes</strong></span> <span class='ocrx_word' id='word_1_738' title='bbox 3132 4799 3348 4847; x_wconf 84' lang='lat' dir='ltr'><strong>summa</strong></span> <span class='ocrx_word' id='word_1_739' title='bbox 3376 4807 3504 4846; x_wconf 91' lang='lat' dir='ltr'><strong>cum</strong></span> 
     </span>
    </p>
   </div>
   <div class='ocr_carea' id='block_1_106' title="bbox 1917 4883 3510 4955">
    <p class='ocr_par' dir='ltr' id='par_1_106' title="bbox 1917 4883 3510 4955">
     <span class='ocr_line' id='line_1_106' title="bbox 1917 4883 3510 4955; baseline -0.002 -15"><span class='ocrx_word' id='word_1_740' title='bbox 1917 4886 2233 4941; x_wconf 86' lang='lat' dir='ltr'><strong>reverentia</strong></span> <span class='ocrx_word' id='word_1_741' title='bbox 2266 4886 2779 4948; x_wconf 70' lang='lat' dir='ltr'><strong>salutantes,&#39;omni</strong></span> <span class='ocrx_word' id='word_1_742' title='bbox 2814 4885 3089 4955; x_wconf 89' lang='lat' dir='ltr'><strong>obsequio</strong></span> <span class='ocrx_word' id='word_1_743' title='bbox 3120 4890 3288 4954; x_wconf 75' lang='lat' dir='ltr'><strong>athe</strong></span> <span class='ocrx_word' id='word_1_744' title='bbox 3312 4883 3510 4938; x_wconf 87' lang='lat' dir='ltr'><strong>buma-</strong></span> 
     </span>
    </p>
   </div>
   <div class='ocr_carea' id='block_1_107' title="bbox 1921 4976 3509 5048">
    <p class='ocr_par' dir='ltr' id='par_1_107' title="bbox 1921 4976 3509 5048">
     <span class='ocr_line' id='line_1_107' title="bbox 1921 4976 3509 5048; baseline -0.002 -15"><span class='ocrx_word' id='word_1_745' title='bbox 1921 4979 2097 5034; x_wconf 89' lang='lat' dir='ltr'><strong>nitate</strong></span> <span class='ocrx_word' id='word_1_746' title='bbox 2136 4978 2638 5048; x_wconf 88' lang='lat' dir='ltr'><strong>prosequebantur.</strong></span> <span class='ocrx_word' id='word_1_747' title='bbox 2681 4977 3030 5048; x_wconf 81' lang='lat' dir='ltr'><strong>Pauperibus</strong></span> <span class='ocrx_word' id='word_1_748' title='bbox 3073 4977 3314 5048; x_wconf 90' lang='lat' dir='ltr'><strong>denique</strong></span> <span class='ocrx_word' id='word_1_749' title='bbox 3359 4976 3509 5031; x_wconf 89' lang='lat' dir='ltr'><strong>circa</strong></span> 
     </span>
    </p>
   </div>
   <div class='ocr_carea' id='block_1_108' title="bbox 1919 5068 3507 5143">
    <p class='ocr_par' dir='ltr' id='par_1_108' title="bbox 1919 5068 3507 5143">
     <span class='ocr_line' id='line_1_108' title="bbox 1919 5068 3507 5143; baseline -0.003 -17"><span class='ocrx_word' id='word_1_750' title='bbox 1919 5070 2068 5126; x_wconf 70' lang='lat' dir='ltr'><strong>aedes</strong></span> <span class='ocrx_word' id='word_1_751' title='bbox 2111 5071 2233 5126; x_wconf 91' lang='lat' dir='ltr'><strong>illas</strong></span> <span class='ocrx_word' id='word_1_752' title='bbox 2264 5072 2596 5127; x_wconf 89' lang='lat' dir='ltr'><strong>sedentibus</strong></span> <span class='ocrx_word' id='word_1_753' title='bbox 2650 5073 2915 5143; x_wconf 89' lang='lat' dir='ltr'><strong>pecunias</strong></span> <span class='ocrx_word' id='word_1_754' title='bbox 2967 5071 3198 5127; x_wconf 89' lang='lat' dir='ltr'><strong>dabant.</strong></span> <span class='ocrx_word' id='word_1_755' title='bbox 3246 5070 3407 5125; x_wconf 83' lang='lat' dir='ltr'><strong>Hunc</strong></span> <span class='ocrx_word' id='word_1_756' title='bbox 3449 5068 3507 5122; x_wconf 90' lang='lat' dir='ltr'><strong>in</strong></span> 
     </span>
    </p>
   </div>
   <div class='ocr_carea' id='block_1_109' title="bbox 1921 5159 3511 5234">
    <p class='ocr_par' dir='ltr' id='par_1_109' title="bbox 1921 5159 3511 5234">
     <span class='ocr_line' id='line_1_109' title="bbox 1921 5159 3511 5234; baseline -0.002 -17"><span class='ocrx_word' id='word_1_757' title='bbox 1921 5163 2145 5217; x_wconf 89' lang='lat' dir='ltr'><strong>modum</strong></span> <span class='ocrx_word' id='word_1_758' title='bbox 2213 5164 2519 5219; x_wconf 81' lang='lat' dir='ltr'><strong>exercitum</strong></span> <span class='ocrx_word' id='word_1_759' title='bbox 2573 5164 2946 5218; x_wconf 88' lang='lat' dir='ltr'><strong>Vandalorum</strong></span> <span class='ocrx_word' id='word_1_760' title='bbox 2998 5162 3396 5234; x_wconf 87' lang='lat' dir='ltr'><strong>sequebantur.</strong></span> <span class='ocrx_word' id='word_1_761' title='bbox 3441 5159 3511 5214; x_wconf 85' lang='lat' dir='ltr'><strong>Et</strong></span> 
     </span>
    </p>
   </div>
   <div class='ocr_carea' id='block_1_110' title="bbox 1921 5242 3507 5335">
    <p class='ocr_par' dir='ltr' id='par_1_110' title="bbox 1921 5242 3507 5335">
     <span class='ocr_line' id='line_1_110' title="bbox 1921 5242 3507 5335; baseline -0.002 -27"><span class='ocrx_word' id='word_1_762' title='bbox 1921 5252 2155 5309; x_wconf 80' lang='lat' dir='ltr'><strong>Vandali</strong></span> <span class='ocrx_word' id='word_1_763' title='bbox 2203 5256 2450 5325; x_wconf 90' lang='lat' dir='ltr'><strong>quidem,</strong></span> <span class='ocrx_word' id='word_1_764' title='bbox 2497 5271 2565 5311; x_wconf 82' lang='lat' dir='ltr'><strong>ex</strong></span> <span class='ocrx_word' id='word_1_765' title='bbox 2617 5271 2686 5311; x_wconf 90' lang='lat' dir='ltr'><strong>eo</strong></span> <span class='ocrx_word' id='word_1_766' title='bbox 2738 5242 2987 5335; x_wconf 85' lang='lat' dir='ltr'><strong>tempore</strong></span> <span class='ocrx_word' id='word_1_767' title='bbox 3036 5272 3138 5327; x_wconf 92' lang='lat' dir='ltr'><strong>per</strong></span> <span class='ocrx_word' id='word_1_768' title='bbox 3185 5255 3507 5310; x_wconf 89' lang='lat' dir='ltr'><strong>universum</strong></span> 
     </span>
    </p>
   </div>
   <div class='ocr_carea' id='block_1_111' title="bbox 1923 5346 3511 5420">
    <p class='ocr_par' dir='ltr' id='par_1_111' title="bbox 1923 5346 3511 5420">
     <span class='ocr_line' id='line_1_111' title="bbox 1923 5346 3511 5420; baseline -0.005 -15"><span class='ocrx_word' id='word_1_769' title='bbox 1923 5350 2189 5420; x_wconf 88' lang='lat' dir='ltr'><strong>deinceps</strong></span> <span class='ocrx_word' id='word_1_770' title='bbox 2226 5350 2332 5405; x_wconf 88' lang='lat' dir='ltr'><strong>iter</strong></span> <span class='ocrx_word' id='word_1_771' title='bbox 2352 5348 2556 5405; x_wconf 87' lang='lat' dir='ltr'><strong>similia</strong></span> <span class='ocrx_word' id='word_1_772' title='bbox 2592 5351 2805 5405; x_wconf 88' lang='lat' dir='ltr'><strong>scelera</strong></span> <span class='ocrx_word' id='word_1_773' title='bbox 2839 5350 3215 5416; x_wconf 86' lang='lat' dir='ltr'><strong>admiserunt;</strong></span> <span class='ocrx_word' id='word_1_774' title='bbox 3255 5346 3511 5417; x_wconf 81' lang='lat' dir='ltr'><strong>explora-</strong></span> 
     </span>
    </p>
   </div>
   <div class='ocr_carea' id='block_1_112' title="bbox 1926 5435 3510 5496">
    <p class='ocr_par' dir='ltr' id='par_1_112' title="bbox 1926 5435 3510 5496">
     <span class='ocr_line' id='line_1_112' title="bbox 1926 5435 3510 5496; baseline -0.004 -1"><span class='ocrx_word' id='word_1_775' title='bbox 1926 5450 2076 5495; x_wconf 89' lang='lat' dir='ltr'><strong>tores</strong></span> <span class='ocrx_word' id='word_1_776' title='bbox 2098 5456 2233 5496; x_wconf 87' lang='lat' dir='ltr'><strong>vero</strong></span> <span class='ocrx_word' id='word_1_777' title='bbox 2254 5441 2561 5496; x_wconf 84' lang='lat' dir='ltr'><strong>remedium</strong></span> <span class='ocrx_word' id='word_1_778' title='bbox 2585 5440 2851 5496; x_wconf 85' lang='lat' dir='ltr'><strong>adbibere</strong></span> <span class='ocrx_word' id='word_1_779' title='bbox 2870 5439 3053 5496; x_wconf 90' lang='lat' dir='ltr'><strong>conati</strong></span> <span class='ocrx_word' id='word_1_780' title='bbox 3079 5435 3349 5496; x_wconf 87' lang='lat' dir='ltr'><strong>sunt.Ubi</strong></span> <span class='ocrx_word' id='word_1_781' title='bbox 3375 5448 3510 5489; x_wconf 82' lang='lat' dir='ltr'><strong>vero</strong></span> 
     </span>
    </p>
   </div>
   <div class='ocr_carea' id='block_1_113' title="bbox 1534 5582 2212 5640">
    <p class='ocr_par' dir='ltr' id='par_1_113' title="bbox 1534 5582 2212 5640">
     <span class='ocr_line' id='line_1_113' title="bbox 1534 5582 2212 5640; baseline 0 -2"><span class='ocrx_word' id='word_1_782' title='bbox 1534 5582 1773 5640; x_wconf 61' lang='lat' dir='ltr'><strong>VARI/1&quot;.</strong></span> <span class='ocrx_word' id='word_1_783' title='bbox 1804 5585 2212 5639; x_wconf 73' lang='lat' dir='ltr'><strong>LEC&#39;I&#39;lONES.</strong></span> 
     </span>
    </p>
   </div>
   <div class='ocr_carea' id='block_1_114' title="bbox 300 5680 1801 5763">
    <p class='ocr_par' dir='ltr' id='par_1_114' title="bbox 300 5680 1801 5763">
     <span class='ocr_line' id='line_1_114' title="bbox 300 5680 1801 5763; baseline -0.002 -18"><span class='ocrx_word' id='word_1_784' title='bbox 300 5681 346 5720; x_wconf 74' lang='grc'><strong>⁸⁷</strong></span> <span class='ocrx_word' id='word_1_785' title='bbox 376 5687 442 5745; x_wconf 89' lang='lat' dir='ltr'><strong>C.</strong></span> <span class='ocrx_word' id='word_1_786' title='bbox 476 5688 540 5745; x_wconf 86' lang='lat' dir='ltr'><strong>C.</strong></span> <span class='ocrx_word' id='word_1_787' title='bbox 578 5689 1065 5763; x_wconf 79' lang='grc' dir='ltr'>ἐκστρατεύεσοαι.</span> <span class='ocrx_word' id='word_1_788' title='bbox 1141 5680 1187 5723; x_wconf 62' lang='grc'><strong>⁸³</strong></span> <span class='ocrx_word' id='word_1_789' title='bbox 1213 5688 1277 5746; x_wconf 86' lang='lat' dir='ltr'><strong>C.</strong></span> <span class='ocrx_word' id='word_1_790' title='bbox 1311 5686 1373 5747; x_wconf 79' lang='grc' dir='ltr'><strong>Ο.</strong></span> <span class='ocrx_word' id='word_1_791' title='bbox 1405 5687 1659 5742; x_wconf 69' lang='grc' dir='ltr'>ἐπύθετο.</span> <span class='ocrx_word' id='word_1_792' title='bbox 1737 5688 1801 5723; x_wconf 57' lang='grc' dir='ltr'><strong>⁹⁹ι</strong></span> 
     </span>
    </p>
   </div>
   <div class='ocr_carea' id='block_1_115' title="bbox 1906 5680 2329 5763">
    <p class='ocr_par' dir='ltr' id='par_1_115' title="bbox 1906 5685 2329 5756">
     <span class='ocr_line' id='line_1_115' title="bbox 1906 5685 2329 5756; baseline -0.005 -14"><span class='ocrx_word' id='word_1_793' title='bbox 1906 5686 1961 5742; x_wconf 83' lang='lat' dir='ltr'><strong>C.</strong></span> <span class='ocrx_word' id='word_1_794' title='bbox 2010 5685 2329 5756; x_wconf 77' lang='grc' dir='ltr'>ἐκάθαιρον.</span> 
     </span>
    </p>
   </div>
   <div class='ocr_carea' id='block_1_116' title="bbox 1448 5820 2315 5880">
    <p class='ocr_par' dir='ltr' id='par_1_116' title="bbox 1448 5820 2315 5880">
     <span class='ocr_line' id='line_1_116' title="bbox 1448 5820 2315 5880; baseline -0.003 -1"><span class='ocrx_word' id='word_1_795' title='bbox 1448 5825 1720 5880; x_wconf 68' lang='lat' dir='ltr'><strong>VALESI!</strong></span> <span class='ocrx_word' id='word_1_796' title='bbox 1754 5820 2315 5877; x_wconf 72' lang='lat' dir='ltr'><strong>ANNOTATIONES.</strong></span> 
     </span>
    </p>
   </div>
   <div class='ocr_carea' id='block_1_117' title="bbox 305 5913 1801 5993">
    <p class='ocr_par' dir='ltr' id='par_1_117' title="bbox 305 5915 1801 5993">
     <span class='ocr_line' id='line_1_117' title="bbox 305 5915 1801 5993; baseline -0.003 -17"><span class='ocrx_word' id='word_1_797' title='bbox 305 5915 421 5993; x_wconf 72' lang='grc' dir='ltr'>(ιο)</span> <span class='ocrx_word' id='word_1_798' title='bbox 472 5918 866 5987; x_wconf 72' lang='grc' dir='ltr'>Ἀειὰγαστον</span> <span class='ocrx_word' id='word_1_799' title='bbox 892 5919 1124 5989; x_wconf 73' lang='grc' dir='ltr'>ἀνάγει.</span> <span class='ocrx_word' id='word_1_800' title='bbox 1167 5917 1380 5974; x_wconf 78' lang='lat' dir='ltr'><strong>Maiiem</strong></span> <span class='ocrx_word' id='word_1_801' title='bbox 1416 5919 1663 5975; x_wconf 83' lang='lat' dir='ltr'><strong>scribere</strong></span> <span class='ocrx_word' id='word_1_802' title='bbox 1704 5919 1801 5971; x_wconf 86' lang='grc' dir='ltr'><strong>ἀνα</strong></span> 
     </span>
    </p>
   </div>
   <div class='ocr_carea' id='block_1_118' title="bbox 1906 5913 3084 5993">
    <p class='ocr_par' dir='ltr' id='par_1_118' title="bbox 1906 5913 3084 5986">
     <span class='ocr_line' id='line_1_118' title="bbox 1906 5913 3084 5986; baseline 0.001 -17"><span class='ocrx_word' id='word_1_803' title='bbox 1906 5916 2036 5986; x_wconf 72' lang='grc' dir='ltr'>ὶφει,</span> <span class='ocrx_word' id='word_1_804' title='bbox 2063 5922 2125 5969; x_wconf 90' lang='lat' dir='ltr'><strong>ut</strong></span> <span class='ocrx_word' id='word_1_805' title='bbox 2159 5914 2408 5984; x_wconf 90' lang='lat' dir='ltr'><strong>loquitur</strong></span> <span class='ocrx_word' id='word_1_806' title='bbox 2438 5913 2707 5984; x_wconf 83' lang='lat' dir='ltr'><strong>Evagrius</strong></span> <span class='ocrx_word' id='word_1_807' title='bbox 2742 5913 2799 5968; x_wconf 89' lang='lat' dir='ltr'><strong>in</strong></span> <span class='ocrx_word' id='word_1_808' title='bbox 2834 5928 2956 5985; x_wconf 86' lang='lat' dir='ltr'><strong>cap.</strong></span> <span class='ocrx_word' id='word_1_809' title='bbox 2994 5914 3084 5970; x_wconf 72' lang='grc'><strong>15.</strong></span> 
     </span>
    </p>
   </div>
   <div class='ocr_carea' id='block_1_119' title="bbox 562 6005 1401 6073">
    <p class='ocr_par' dir='ltr' id='par_1_119' title="bbox 562 6005 1401 6073">
     <span class='ocr_line' id='line_1_119' title="bbox 562 6005 1401 6073; baseline -0.002 -2"><span class='ocrx_word' id='word_1_810' title='bbox 562 6005 838 6073; x_wconf 68' lang='lat' dir='ltr'><strong>Parnm.</strong></span> <span class='ocrx_word' id='word_1_811' title='bbox 882 6012 1002 6073; x_wconf 80' lang='lat' dir='ltr'><strong>Gn.</strong></span> <span class='ocrx_word' id='word_1_812' title='bbox 1053 6012 1401 6073; x_wconf 72' lang='lat' dir='ltr'><strong>LXXXVI.</strong></span> 
     </span>
    </p>
   </div>
   <div class='ocr_carea' id='block_1_120' title="bbox 3159 6004 3247 6082">
    <p class='ocr_par' dir='ltr' id='par_1_120' title="bbox 3159 6004 3247 6082">
     <span class='ocr_line' id='line_1_120' title="bbox 3159 6004 3247 6082; baseline -0.08 0"><span class='ocrx_word' id='word_1_813' title='bbox 3159 6004 3247 6082; x_wconf 74' lang='grc'>86</span> 
     </span>
    </p>
   </div>
  </div>
