4048 6522
1278 288 1309 303 ρ

566 376 709 440 2⁸735

1777 379 2096 443 EVAGRII
2136 383 2626 447 SCHOLASTICI

3682 396 3809 469 2736

564 494 727 556 urbe,
763 491 1069 547 Eudoxiam
1117 507 1229 547 una
1281 507 1407 549 cum
1437 490 1656 548 ﬁliabus
1688 494 1744 549 in
1782 496 2147 551 Vandalorum

2258 499 2351 550 καὶ
2380 499 2483 569 τὴν
2533 497 2754 570 Ῥώμην
2798 500 3112 572 ἐμπρήσας,
3140 504 3242 577 τὴν
3290 506 3557 573 Εύδοξίαν
3582 511 3689 584 ἅμα
3710 521 3811 584 ταῖς

563 586 844 657 regionem
893 584 1141 638 abduxit.
1191 585 1348 639 Tune
1381 585 1597 654 direpta
1656 596 1785 640 sunt
1815 588 1978 642 simul
2024 604 2150 644 cum

562 678 688 732 aliis
710 677 1022 741 thesauris,
1075 693 1420 746 quaecunque
1458 678 1587 730 olim
1630 678 1790 733 Titus
1826 679 2149 748 Vespasiani

563 770 710 824 filius
747 769 994 823 subactis
1032 767 1447 840 Hierosolymis,
1479 771 1710 824 Romam
1743 770 2149 840 deportaverat,

562 861 790 918 donaria
817 861 1029 917 scilicet
1064 861 1394 926 Salomonis,
1421 878 1544 931 qnze
1574 862 1664 916 ille
1704 864 1815 917 Deo
1864 879 2153 918 consecra—

564 964 736 1008 verat.
756 952 833 1008 Ea
866 951 1211 1008 Justinianus
1240 952 1294 1006 in
1316 953 1581 1007 honorem
1609 952 1813 1008 Christi
1844 955 1938 1009 Dei
1975 954 2150 1010 nostri

566 1047 769 1101 iterum
793 1045 943 1099 misit
975 1044 1375 1115 Hierosolyma,
1402 1044 1513 1098 Deo
1541 1044 1628 1098 cui
1646 1044 1804 1115 prius
1830 1054 2151 1101 consecrata

563 1136 803 1199 fuerant,
851 1135 1117 1189 honorem
1148 1132 1393 1190 debitum
1419 1135 1708 1190 exhibens.
1746 1136 1951 1191 Scribit
1984 1139 2151 1191 etiam

564 1227 710 1281 idem
741 1226 1061 1296 Procopius,
1094 1226 1425 1282 Gelimerem
1455 1237 1584 1283 tunc
1631 1229 1782 1282 humi
1816 1238 2150 1298 prostratum

562 1319 619 1374 in
641 1319 823 1383 Circo,
856 1334 887 1374 e
920 1320 1142 1390 regione
1182 1320 1304 1374 solii
1340 1321 1538 1390 regalis
1570 1321 1625 1374 in
1658 1337 1769 1390 quo
1804 1321 2150 1377 Justinianus

562 1413 764 1466 sedens
798 1422 996 1467 cuncta
1023 1428 1145 1482 quae
1173 1413 1506 1481 gerebantur
1549 1414 1853 1482 spectabat,
1896 1414 2149 1468 divinum

562 1504 699 1558 illud
726 1504 1009 1558 oraculum
1036 1505 1216 1572 patrio
1233 1520 1487 1559 sermone
1510 1505 1903 1573 pronuntiasse
1933 1522 1949 1559 :
1981 1506 2151 1561 Vani—

566 1607 649 1651 tas
671 1595 995 1657 vanitatum,
1032 1606 1091 1650 et
1117 1595 1303 1650 omnia
1334 1596 1570 1650 vanitas.

1159 1800 1312 1858 CAP.
1347 1801 1537 1858 XVIII.

632 1897 711 1953 De
736 1895 1066 1952 Pliazm'cibus
1096 1895 1185 1967 qui
1202 1895 1373 1967 fugati
1403 1902 1527 1949 sunt
1558 1913 1591 1949 a
1619 1893 1745 1949 Iesu
1773 1893 1889 1964 ﬁlio
1910 1892 2076 1950 Nave.

634 2077 799 2135 Aliud
832 2085 1101 2148 prteterea
1133 2074 1399 2146 quiddam
1426 2072 1599 2128 refert
1638 2073 1781 2127 idem
1822 2072 2149 2142 Procopius,

561 2170 709 2242 quod
741 2186 771 2224 a
801 2167 1021 2224 nemine
1060 2166 1283 2238 quidem
1321 2176 1482 2221 antea
1519 2174 2007 2220 commemoratum
2024 2173 2148 2231 est;

563 2262 930 2317 admiratione
963 2269 1146 2315 tamen
1166 2259 1390 2329 dignum
1418 2266 1502 2312 est
1538 2257 1590 2310 in
1614 2257 1827 2327 primis,
1860 2265 2150 2311 etomnem

561 2372 734 2429 prope
770 2355 931 2410 [idem
959 2352 1324 2407 transcendit.
1347 2349 1438 2404 Ait
1471 2348 1637 2420 igitur
1662 2349 1899 2411 Mauros,
1929 2358 2150 2419 gentem

561 2447 866 2509 Africm,ex
887 2444 1181 2499 Palaastina
1206 2441 1486 2513 profectos
1516 2442 1570 2495 in
1597 2440 1782 2494 Africa
1810 2441 2147 2495 consedisse.

562 2539 673 2593 Eos
694 2548 876 2591 autem
901 2549 1045 2596 esse,
1090 2546 1324 2601 quorum
1349 2530 1403 2584 iu
1441 2529 1614 2584 sacris
1638 2528 1797 2583 libris
1827 2530 1887 2581 Iit
1915 2526 2147 2589 mentio,

563 2627 884 2699 Gergeseos
911 2633 965 2680 et
982 2624 1286 2688 Jebuszeos,
1302 2621 1546 2688 aliasque
1568 2627 1758 2689 gentes
1785 2634 1921 2687 quas
1946 2617 2150 2671 devicit

563 2720 727 2778 Jesus
755 2717 1083 2773 IlliusNave.
1121 2716 1299 2786 Atque
1346 2714 1401 2769 id
1436 2727 1631 2767 verum
1659 2726 1780 2765 esse
1798 2710 2042 2780 conjicit,
2081 2725 2149 2762 ex

563 2809 928 2879 inscriptione
982 2805 1219 2877 quadam
1272 2805 1596 2861 Phoenicum
1652 2801 1855 2858 litteris
1903 2811 2147 2867 exarata,

563 2917 731 2972 quam
765 2917 795 2955 a
825 2916 883 2955 se
907 2914 1127 2970 quoque
1156 2901 1354 2954 lectam
1408 2912 1530 2953 esse
1572 2906 1827 2952 testatur.
1863 2896 2034 2949 Porro
2060 2895 2147 2949 in-

564 2992 930 3061 scriptionem
977 2991 1125 3045 illam
1155 2998 1370 3045 exstare
1398 2991 1553 3061 juxta
1600 2990 1830 3053 fontem,
1882 2987 1975 3042 ubi
2025 2988 2149 3042 dua:

563 3085 837 3140 columnae
863 3100 928 3137 ex
951 3097 1224 3137 marmore
1248 3082 1372 3136 albo
1399 3090 1599 3137 erecta:
1620 3090 1771 3147 sunt,
1802 3082 2005 3151 quibus
2031 3081 2148 3137 haec

565 3176 735 3232 incisa
770 3183 900 3231 sunt
934 3176 1098 3230 verba
1125 3194 1137 3228 :
1168 3175 1281 3230 Nos
1309 3190 1522 3238 sumus,
1559 3175 1652 3245 qui
1683 3174 1923 3245 fugimus
1950 3189 1980 3227 a
2006 3173 2145 3228 facie

562 3266 693 3322 Jesu
742 3266 975 3320 latronis
1018 3264 1115 3319 filii
1144 3263 1316 3319 Nave.
1348 3265 1416 3319 Et
1442 3265 1560 3319 hazc
1603 3265 1825 3333 quidem
1871 3263 2143 3334 ejusmodi

563 3360 775 3413 exitum
804 3359 1139 3420 habuerunt.
1170 3358 1357 3413 Africa
1390 3356 1586 3411 iterum
1633 3358 1736 3411 sub
1772 3358 2146 3412 Ronmnorum

564 3450 833 3505 ditionem
866 3450 1108 3515 redacta,
1135 3458 1191 3505 et
1216 3463 1461 3504 annuum
1489 3449 1783 3512 tributum,
1819 3450 1964 3504 sicut
1992 3449 2148 3519 prius.

563 3550 948 3605 consueverat,
968 3542 1259 3597 inferente.
1279 3540 1552 3597 Caeterum
1578 3540 1633 3594 in
1648 3540 1827 3596 Africa
1854 3548 2072 3596 centum
2091 3549 2149 3596 et

564 3634 961 3705 quinquaginta
986 3633 1237 3705 civitates
1263 3633 1611 3689 Justinianus
1650 3632 1814 3704 mo
1860 3646 2147 3703 reparasse

562 3726 762 3794 fertur,
818 3728 954 3784 alias
1016 3727 1260 3798 penitus.
1312 3726 1579 3796 quasdam
1634 3725 1828 3797 majori
1884 3741 1953 3780 ex
1994 3733 2149 3795 parte

563 3821 871 3892 prolapsas.
926 3819 1074 3887 Quas
1125 3819 1471 3875 Justinianus
1502 3819 1662 3889 longe
1703 3817 2148 3889 magniﬁcentius

562 3912 873 3977 renovavit,
901 3912 1038 3966 mira
1069 3923 1525 3967 ornamentorum
1565 3911 1850 3975 varietate,
1878 3916 1937 3964 et
1960 3908 2147 3979 operi-

560 4003 666 4061 bus
725 4012 833 4059 tam
888 4004 1126 4074 publicis
1184 4019 1348 4073 quam
1392 4003 1621 4074 privatis
1679 4017 1774 4057 eas
1827 4015 2144 4068 exornans;

560 4097 828 4152 moenium
860 4112 1079 4167 quoque
1112 4096 1321 4150 ambitu
1370 4103 1428 4150 et
1472 4095 1596 4150 aliis
1622 4095 1837 4150 adibus
1870 4094 2146 4162 maximis,

560 4188 767 4258 quibus
795 4196 910 4243 tum
955 4188 1124 4244 urbes
1155 4187 1431 4253 decorari,
1461 4199 1574 4242 tum
1612 4188 1758 4243 Deus
1789 4188 2148 4243 coliconsue—

556 4281 672 4335 vit:
708 4296 974 4350 aquarum
1007 4268 1245 4349 denique
1270 4280 1449 4348 cepia,
1485 4280 1685 4350 partim
1707 4280 1775 4334 ad
1800 4296 1983 4342 usum,
2016 4297 2149 4350 par-

558 4371 658 4439 tim
713 4372 782 4427 ad
834 4381 1478 4441 venustatem:quarum
1528 4372 1664 4427 alias
1725 4384 1858 4428 tunc
1904 4373 2145 4443 primum

556 4465 807 4529 deduxit,
841 4481 969 4521 cum
997 4475 1160 4519 antea
1193 4465 1248 4519 in
1297 4464 1531 4519 urbibus
1572 4480 1684 4520 non
1717 4475 1904 4522 essent
1932 4484 1946 4522 :
2005 4469 2144 4523 alias

555 4557 625 4615 ad
648 4560 943 4630 pristinum
968 4558 1192 4614 modum
1221 4559 1524 4615 revocavit.

1180 4674 1332 4731 CAP.
1373 4672 1518 4729 XIX.

2165 4595 2221 4658 D

2256 591 2559 661 θυγατράσι
2611 594 2753 646 κατά
2792 596 2860 648 τά
2892 598 3161 651 Βανδίλων
3191 600 3404 671 ἤγαγεν
3432 603 3559 675 ἤθη.
3596 607 3719 661 Τότε
3744 629 3810 665 σεο

2258 683 2486 754 συλήκει
2534 685 2632 738 σὺν
2666 689 2775 747 τοῖς
2823 687 3003 753 ἄλλοις
3032 690 3359 763 κειμηλίοις,
3397 697 3498 748 ὅσα
3534 699 3561 749 ό
3599 700 3812 755 Οὐεσπε-

2255 778 2440 830 σιανοῦ
2472 782 2601 841 παῖς
2631 781 2789 842 Τῖτος
2818 780 2888 833 τά
2948 780 3210 852 Ἱεροσολύ
3221 802 3297 854 μα
3329 787 3737 856 ἀνδραποδίσας,
3768 795 3815 857 ἐς

2265 867 2489 939 Ῥώμην
2513 871 2746 941 ἤγαγεν,
2782 873 3117 944 ἀναθήματα
3145 876 3465 946 Σολομῶνος
3508 884 3815 951 τυγχάνοντα

2251 959 2342 1012 τὸν
2376 960 2509 1014 Θεὸν
2540 959 2918 1032 ἐξοσιουμένου
2941 982 2953 994 ·
2985 965 3130 1038 ἅπερ
3176 968 3557 1033 Ἰουστινιανὸς
3586 974 3711 1042 πρὸς
3734 993 3805 1027 τι-

2255 1052 2364 1123 μῆς
2394 1054 2634 1124 Χριστοῦ
2663 1053 2758 1107 τοῦ
2794 1055 2930 1109 Θεοῦ
2977 1058 3137 1128 ἡμῶν
3168 1055 3327 1124 αὖθις
3364 1063 3447 1124 είς
3499 1063 3813 1137 Ἰεροσόλυμα

2252 1145 2537 1214 πέπομφε,
2565 1146 2627 1199 τὺ
2656 1146 2800 1199 θεῖον
2831 1148 2906 1209 ὡς
2960 1149 3170 1218 πρέπον
3200 1152 3503 1221 γεραίρων,
3537 1152 3713 1226 ὥσπερ
3736 1158 3815 1211 καὶ

2253 1236 2520 1307 πρότερον
2554 1238 2886 1308 ἀνετέθησαν
2909 1236 2959 1295 ’³.
2985 1241 3119 1293 Τότε
3155 1260 3292 1312 φησι
3323 1244 3417 1297 τὸν
3453 1246 3712 1318 Γελίμερα
3735 1251 3752 1280 ²
3789 1251 3813 1303 ὁ

2253 1326 2581 1399 Προκόπιος,
2608 1330 2702 1382 ἐπὶ
2732 1331 2835 1400 γῆς
2866 1332 3201 1404 ἐρριμμένον
3227 1336 3333 1389 ἀνὰ
3358 1338 3454 1389 τὸν
3491 1339 3814 1412 Ἱππόδρομον

2252 1420 2480 1491 ἀντικρὺ
2526 1420 2628 1491 τῆς
2682 1422 2943 1492 βασιλέως
2997 1425 3290 1498 καθέδρας,
3322 1429 3455 1483 ἔνθα
3510 1433 3734 1503 καθῆστο
3756 1440 3811 1491 τὰ

2252 1510 2505 1583 δρώμενα
2540 1512 2811 1582 θεώμενος
2838 1519 2865 1569 ὁ
2903 1517 3298 1584 Ἰουστινιανὸς,
3335 1524 3587 1577 ἐπειπεῖν
3618 1528 3673 1579 τὸ
3694 1530 3812 1585 θεῖον

2252 1603 2436 1671 λόγιον
2463 1608 2527 1675 τῇ
2558 1606 2798 1678 σφετέρᾳ
2822 1607 3063 1682 γλώσσῃ·
3089 1612 3410 1684 Ματαιότης
3443 1619 3809 1691 ματαιοτήτων,

2251 1698 2319 1751 τά
2352 1698 2530 1752 πάντα
2560 1700 2883 1771 ματαιότης.

2844 1816 3095 1871 ΚΕΦΛΛ.
3134 1819 3245 1874 IH'.

2254 1903 2396 1971 Περὶ
2426 1903 2547 1959 τῶν
2566 1904 2684 1959 ἀπὸ
2719 1907 3048 1985 προσώπου
3080 1911 3289 1985 ξΙησοῦ
3318 1913 3457 1967 υἱοῦ
3496 1914 3662 1985 Ναυῆ
3691 1917 3810 1971 ἀπο·

2714 1981 3033 2047 φυγόντων
3061 1983 3381 2039 Φοινίκων.

2322 2090 2464 2163 Φησὶ
2516 2092 2573 2145 δὲ
2619 2096 2715 2147 καὶ
2758 2094 2967 2164 ἕτερον,
3002 2097 3204 2167 ἥκιστα
3235 2098 3337 2168 μὲν
3372 2100 3652 2171 ἱστορηθὲν
3679 2103 3810 2173 ἄχρις

2253 2183 2442 2248 αὐτοῦ,
2478 2184 2806 2255 ἀξιάγαστον
2843 2187 2899 2240 δὲ
2936 2192 3025 2240 καὶ
3058 2191 3260 2254 παντὸς
3304 2190 3583 2259 θαύματος
3613 2195 3812 2265 ὑπερϐο-

2251 2274 2351 2345 λὴν
2382 2277 2654 2333 ἐκϐαῖνον.
2700 2278 2929 2349 Ἱστορεῖ
2965 2281 3007 2332 δ’
3032 2278 3124 2334 οὖν
3152 2283 3226 2346 ὡς
3255 2284 3318 2336 τὸ
3357 2284 3572 2337 Λιϐύων
3610 2286 3745 2350 ἔθνος
3770 2288 3811 2341 οἱ

2250 2369 2590 2441 Μαυρούσιοι
2620 2372 2685 2424 ἐκ
2704 2372 2802 2441 τῆς
2827 2373 3201 2427 Παλαιστίνων
3230 2376 3569 2441 ἀναστάντες
3595 2379 3707 2448 γῆς,
3730 2379 3812 2449 τὴν

2249 2460 2458 2530 Λιϐύην
2487 2462 2839 2533 κατῴκησανο
2899 2461 3040 2520 εἶναι
3072 2466 3127 2519 δέ
3155 2468 3387 2533 τούτους
3412 2470 3504 2534 οὒς
3540 2472 3808 2541 ἀναγράφει

2249 2548 2317 2602 τὰ
2347 2549 2467 2603 θεῖα
2502 2550 2660 2619 λόγια
2688 2554 3067 2623 Γεργεσαίους,
3098 2560 3193 2610 καὶ
3225 2557 3619 2625 Ἰεϐουσαίους,
3648 2563 3809 2616 καὶτὰ

2249 2640 2412 2696 λοιπά
2435 2643 2560 2715 ἔθνη
2587 2646 2686 2697 ὅσα
2703 2646 2840 2717 πρὸς
2876 2648 3051 2717 Ἰησοῦ
3084 2651 3177 2703 τοῦ
3204 2652 3367 2723 Ναυῆ
3398 2654 3804 2725 κατεπολεμήθη.

2250 2732 2558 2803 Τεκμηριοῖ
2582 2734 2636 2789 δὲ
2666 2735 2758 2787 τὸν
2783 2736 2939 2806 λόγον
2966 2739 3143 2810 ἀληθῆ
3175 2744 3499 2797 παντάπασι
3527 2746 3803 2815 τυγχάνειν,

2249 2820 2314 2875 ἔκ
2356 2840 2499 2886 τινος
2559 2827 3003 2897 ἐπιγράμματος,
3050 2832 3186 2901 ὅπερ
3225 2834 3325 2903 xui.
3363 2836 3667 2905 ἀναγνῶναί
3698 2855 3804 2909 φησι

2248 2913 2363 2975 τοῖς
2407 2913 2671 2967 ίἶ>οινίκων
2698 2918 2995 2988 γράμμασι
3017 2922 3402 2993 συγκείμενονο
3441 2922 3577 2979 εἶναι
3607 2928 3657 2980 δέ
3676 2927 3805 2980 τοῦτο

2248 3005 2423 3076 ἀγχοῦ
2474 3008 2703 3079 κρήνης,
2744 3008 2874 3063 ἔνθα
2911 3013 3104 3082 στῆλαι
3150 3016 3245 3069 δύο
3312 3019 3378 3071 ἐκ
3423 3018 3586 3071 λίθων
3626 3020 3802 3072 λευκῶν

2249 3100 2599 3169 πεποίηνται,
2624 3103 2683 3154 ἐν
2711 3098 2800 3165 αἷς
2838 3105 3239 3171 ἐγκεκόλαπται
3267 3110 3418 3163 τάδε·
3467 3109 3650 3180 Ἡμεῖς
3665 3113 3802 3177 ἐσμεν

2173 3220 2215 3277 C
2249 3192 2298 3243 οἱ
2340 3193 2606 3261 φυγόντες
2643 3193 2750 3245 ἀπὸ
2798 3193 3093 3264 προσώπου
3142 3198 3318 3267 Ἰησοῦ
3367 3199 3463 3252 τοῦ
3496 3199 3680 3270 λῃστοῦ
3706 3197 3801 3251 uio-3

2250 3284 2430 3355 Ναυῆ.
2471 3281 2605 3339 τΩδε
2639 3287 2737 3357 μὲν
2775 3286 2868 3341 οὖν
2925 3288 3082 3360 ἔληξε
3132 3290 3332 3359 ταῦτα,
3364 3288 3515 3356 αὖθις
3549 3291 3803 3363 Ῥωμαίοις

2251 3379 2523 3448 κατηκὸου
2566 3379 2777 3450 Λιϐύης
2816 3382 3149 3452 γινομένης,
3182 3385 3387 3454 φόρους
3440 3402 3497 3437 τε
3546 3386 3664 3446 τοὺς
3713 3385 3798 3435 ἐπ·

2255 3471 2463 3535 ετείους
2491 3472 2819 3544 εἰσαγούσης
2857 3473 3045 3543 ὥσπερ
3081 3476 3175 3528 καὶ
3212 3478 3496 3547 πρότερον.
3524 3477 3732 3545 Λέγεται
3756 3474 3802 3526 δὲ

2254 3558 2315 3614 ἐν
2374 3560 2546 3633 Λιϐύῃ
2606 3562 2947 3633 πεντήκοντα
2994 3567 3090 3617 καὶ
3157 3571 3202 3637 ρ’
3257 3567 3399 3637 ἄστη
3472 3564 3801 3639 Ἷουστινιανὸς

2254 3650 2670 3714 ἀνασώσασθαι,
2700 3653 2770 3705 τά
2825 3652 2944 3722 μὲν,
3006 3653 3187 3707 τέλεον
3214 3670 3228 3685 ·
3290 3656 3361 3709 τά
3410 3655 3465 3709 δέ
3512 3653 3646 3707 κατά
3687 3648 3802 3703 πολὺ

2248 3742 2595 3815 διαρῤυέντα,
2636 3746 2899 3815 καὶπρὸς
2950 3746 3011 3799 τὸ
3052 3747 3640 3821 μεγαλοπρεπέστερον
3686 3747 3800 3798 ἀνα-

2248 3835 2487 3888 καινίσαι
2538 3835 2927 3900 καλλωπίσεως
2982 3838 3334 3909 ὑπερϐολαῖς,
3398 3836 3703 3909 κοσμήμασί
3748 3848 3799 3887 τε

2246 3925 2344 3977 καὶ⁸
2403 3930 2777 3991 κατασκευαῖς
2834 3927 2994 3992 ἰδίαις
3027 3930 3121 3982 καὶ
3180 3930 3494 4001 δημοσίαις,
3538 3929 3717 4000 τειχῶν
3750 3941 3798 3977 τε

2248 4018 2581 4089 περιϐόλοις,
2655 4018 2873 4091 ἑτέραις
2932 4040 2992 4076 τε
3035 4023 3326 4092 μεγίσταις
3366 4024 3700 4093 οἰκοδομίαις,
3749 4017 3798 4081 ἐξ

2244 4105 2321 4165 ὧν
2352 4112 2412 4167 αῖ
2458 4131 2518 4167 τε
2552 4114 2738 4181 πόλεις
2768 4118 3123 4188 κοσμοῦνται,
3177 4119 3239 4173 τό
3296 4138 3359 4175 τε
3420 4121 3561 4175 θεῖον
3608 4117 3796 4170 ἱλάσκε-

2244 4222 2379 4271 ται,
2437 4208 2750 4279 ἐπιρροίαις
2789 4226 2849 4262 τε
2908 4210 3119 4265 ὑδάτων
3154 4212 3210 4276 ἔς
3251 4231 3313 4266 τε
3362 4216 3548 4286 χρείαν
3574 4210 3660 4265 καὶ
3688 4207 3795 4261 κάλ-

2245 4297 2376 4364 λος,
2433 4299 2543 4352 τῶν
2591 4302 2689 4370 μὲν
2720 4303 2786 4354 ἐκ
2840 4303 3145 4372 προοιμίων
3195 4307 3573 4376 ἐσαχθέντων,
3615 4301 3704 4354 οὐκ
3723 4297 3793 4350 ὃν·

2245 4405 2355 4443 των
2389 4394 2509 4454 ταῖς
2542 4393 2730 4445 πόλεσι
2780 4396 3066 4465 πρότερον·
3122 4396 3231 4451 τῶν
3263 4397 3323 4451 δὲ
3362 4393 3516 4461 αὖθις
3550 4392 3675 4464 πρὸς
3710 4386 3793 4457 τὴν

2246 4483 2482 4553 ἀρχαίαν
2509 4484 2927 4555 ἐπαναχθέντων
2953 4488 3126 4553 τάξιν.

2840 4690 3097 4745 ΚΕΦΑΛ.
3135 4690 3234 4747 ΙΘ’.

550 4766 631 4825 De
674 4766 990 4849 Theoderico
1048 4766 1545 4849 Cat/taruerege,
1574 4777 1645 4849 ret
1671 4768 1735 4822 de
1782 4770 1882 4849 his“
1906 4771 2141 4841 quwillo

2248 4777 2377 4844 Περὶ
2422 4779 2783 4849 Θευδερίχου
2815 4784 2922 4837 τοῦ
2959 4786 3213 4849 Γότθου,
3236 4786 3334 4838 καὶ
3373 4784 3490 4838 τῶν
3522 4781 3590 4833 ἐν
3622 4774 3785 4849 Ῥώμη

625 4846 903 4907 regnante,
949 4854 1114 4908 usque
1147 4840 1216 4909 ad
1242 4837 1535 4892 Iustiniani
1562 4848 1804 4909 tempora
1837 4837 2019 4896 Roma:
2044 4860 2139 4897 ac-

621 4910 913 4963 ciderunt:
966 4918 1131 4979 utque
1180 4908 1615 4979 Romaniterum
1662 4910 1718 4963 in
1772 4910 2139 4969 Romanorum

621 4987 934 5048 potestatem
957 4977 1180 5045 venerit,
1211 4995 1329 5033 cum
1358 4978 1544 5049 Vitiges
1564 4977 1713 5035 illinc
1746 4984 2060 5054 aufugisset.

617 5152 862 5210 Transeo
886 5171 1037 5212 nunc
1066 5157 1134 5212 ad
1184 5173 1274 5213 res
1302 5157 1356 5213 in
1399 5160 1553 5216 Italia
1585 5172 1785 5233 gestas,
1814 5178 1953 5233 quas
1987 5163 2133 5219 idem

2307 4848 2819 4923 συμϐάντωνίίὺω
2847 4854 3034 4909 αὐτοῦ
3066 4856 3203 4923 ἄχρι
3247 4855 3367 4908 τῶν
3412 4854 3633 4923 χρόνων
3663 4848 3784 4923 Ὲψ

2309 4922 2644 4993 στινιανοῦ,
2678 4924 2775 4976 καὶ
2831 4925 2912 4990 ὡς
2953 4918 3157 4978 πάλιῖ
3185 4926 3223 4993 ἡ
3267 4918 3460 4993 Ῥώμῆ
3508 4918 3781 4993 ὑπὸ,Ῥίῑ¹’

2301 4992 2505 5070 μαέόις
2534 4992 2803 5062 γέγονεν,
2858 4985 3527 5067 Οὐιτίγιδοςρυγὲγτος·
3555 4988 3650 5045 ἀπ’
3690 4985 3781 5039 at)-

2302 5076 2429 5114 του.

2306 5170 2448 5225 Ὅσα
2472 5171 2530 5225 δὲ
2563 5172 2656 5225 καὶ
2702 5174 2845 5229 κατά
2900 5176 2999 5247 τὴν
3035 5178 3266 5235 Ἰταλίαν
3295 5182 3533 5251 γέγονεν,
3577 5169 3777 5251 ἔρχομαι

544 5241 851 5315 Procopius
892 5246 1083 5302 rhetor
1105 5250 1173 5304 ad
1201 5266 1299 5305 sua
1334 5268 1509 5322 usque
1534 5265 1782 5326 tempora
1811 5257 2133 5327 plenissime

2248 5262 2422 5329 λέξων,
2474 5265 2570 5318 καὶ
2628 5266 2835 5321 τούτων
2883 5241 2967 5321 εὖ*
2998 5270 3144 5339 μάλα
3194 5241 3386 5340 conuii);-
3412 5262 3679 5339 Προκοπίῳ
3709 5248 3776 5319 τῷ

541 5337 858 5409 explicavit.
893 5340 1191 5413 Postquam
1229 5344 1628 5414 Theodericus,
1665 5350 1747 5404 uti
1780 5366 1947 5420 supra
1992 5350 2134 5405 dixi-

2248 5355 2426 5425 ὗήτορι
2483 5358 2885 5430 πεπονημένων
2931 5337 3097 5433 μέχρι
3153 5337 3290 5420 τῶν-
3323 5337 3484 5419 αὑτοῦ
3514 5357 3533 5389 ³
3570 5350 3768 5425 χρόνων.

1830 5488 2064 5548 νΛΙὶΙᾹΞ
2101 5493 2508 5554 LECTIONES.

612 5590 634 5624 ⁹
663 5590 725 5649 C.
749 5593 812 5649 C.
852 5594 1162 5672 Μελίμερα.
1284 5599 1709 5659 ³Ο.Ο.ἑαυτοῦ.

2001 5746 2391 5809 VARIORL‘M.

605 5846 684 5921 (Ιι)
720 5848 951 5921 Ὠσπερ
984 5853 1081 5909 καὶ
1124 5855 1416 5925 πρότερον
1454 5857 1855 5931 ἀνετέθησαν.
1893 5863 2127 5923 Videtur
2163 5868 2459 5942 legendum
2486 5864 2640 5947 ᾧπερ
2669 5874 2764 5934 καὶ
2801 5876 3068 5951 πρότερον
3104 5873 3337 5949 divam:-
3350 5874 3435 5937 W.
3480 5867 3675 5926 Mm
