4048 6508
305 393 465 460 2737

1233 402 1621 465 HISTORLE
1649 401 2251 465 ECCLESIASTICIE
2288 401 2523 464 LIBER
2560 397 2662 462 IV.

3443 385 3590 456 $738

321 497 556 582 Ἐπειδῆ
599 513 655 566 δὲ
689 512 1030 585 Θευδέριχος,
1059 515 1136 579 ὥς
1179 534 1270 588 μοι
1317 518 1730 591 προαφήγηται,
1768 515 1900 571 Ῥώ-

2005 533 2129 574 mus
2157 527 2206 584 ⁸,
2230 518 2459 574 Romam
2501 514 2762 585 cepisset,
2781 511 3034 567 Odoacro
3051 509 3151 580 qui
3180 507 3236 566 in
3256 523 3322 564 ea
3343 515 3587 580 tyranm-
3615 500 3629 516 '

316 620 435 673 μην
481 597 646 668 εἷλεν,
687 603 974 675 Ὀδὸακρον
1013 607 1106 661 τὸν
1149 610 1356 676 ταύτης
1385 610 1654 681 τύραννον
1691 610 1900 662 παντά-

314 712 459 748 πασι
512 695 996 766 καταπολεμήσας,
1028 699 1250 768 καὶτῆς
1289 699 1577 771 Ῥωμαίων
1627 699 1902 770 ἐξηγησά-

319 802 485 854 μενος
505 785 679 857 ἁρχῆς
704 786 796 839 τὸν
827 785 942 856 βίον
973 787 1366 860 διεμετρήσατο
1395 791 1481 859 (i),
1523 789 1902 860 Ἀμαλασοῦν-

314 876 390 928 θα
422 879 456 947 ἡ
496 877 673 947 τούτῳ
710 879 1100 950 συνοικήσασα,
1139 880 1234 934 τοῦ
1287 881 1469 935 κοινοῦ
1520 880 1905 944 παιδὸςῙΑτα-

313 968 548 1040 λαρίχου
599 968 698 1040 τὴν
752 971 1056 1042 ἐπιτροπὴν
1102 973 1312 1044 μετῄει,
1367 974 1466 1028 καὶ
1497 973 1598 1043 τὴν
1629 972 1905 1043 βασιλείαν

311 1059 669 1132 διεκυϐέρνα,
701 1061 900 1132 μᾶλλον
931 1062 1068 1134 πρὸς
1093 1063 1156 1116 τὸ
1186 1065 1504 1136 ἀρρενωπὸν
1540 1063 1900 1133 ἀποκλίνασα,

313 1153 419 1204 καὶ
443 1153 568 1224 τῇδε
598 1154 710 1208 τῶν
740 1157 1085 1226 πραγμάτων
1119 1155 1448 1226 προνοοῦσαο
1479 1156 1513 1228 ἢ
1548 1155 1740 1232 πρώτη
1767 1159 1906 1229 πρὸς

313 1241 422 1314 ³τὴν
456 1245 638 1311 ἔφεσιν
670 1245 762 1298 τοῦ
807 1246 1065 1300 Γοτθικοῦ
1115 1247 1353 1318 πολέμου
1389 1248 1763 1301 Ἰουστινιανὺν
1813 1250 1905 1302 ὲν-

315 1335 448 1405 ἧγε,
475 1336 739 1406 πέμψασα
769 1338 902 1408 πρὸς
949 1339 1112 1391 αὑτὸν
1140 1338 1420 1409 πρέσϐεις,
1451 1338 1746 1408 ἐπιϐουλῆς
1775 1340 1907 1392 κατ’

317 1428 495 1499 αὐτῆς
519 1429 931 1502 ἐξαρτυθείσης.
963 1430 1075 1484 Καὶ
1116 1430 1472 1502 ’Λταλαρίχου
1498 1430 1680 1483 τοίνυν
1717 1428 1778 1495 ἐξ
1814 1431 1908 1484 ἀν-

317 1521 559 1590 θρώπων
598 1520 913 1590 γενομένου,
957 1521 1038 1574 ἔτι
1087 1522 1287 1594 κομιδῇ
1324 1522 1528 1592 μικρὰν
1560 1522 1659 1591 τὴν
1686 1520 1907 1592 ἠλικίαν

315 1612 569 1679 ἄγοντος,
620 1611 888 1676 Θευδάτος
937 1614 1031 1683 υ),
1058 1613 1368 1683 προσγενὴς
1406 1612 1751 1682 Θευδερίχου,
1808 1610 1906 1683 τὴν

314 1703 434 1756 τῶν
488 1703 792 1775 Ἐσπερίων
820 1705 1165 1775 πραγμάτων
1196 1705 1371 1775 ἀρχὴν
1397 1704 1762 1776 περιτίθεται.
1809 1705 1907 1767 Ὃς

315 1793 512 1864 ἐπειδὴ
551 1793 870 1866 Βελισάριον
925 1796 1306 1860 Ἱουστινιανὺς
1357 1796 1462 1849 ἀνὰ
1519 1795 1588 1849 τὰ
1641 1796 1904 1866 Ἑσπέρια

317 1888 587 1956 πέπομφε
627 1889 790 1959 μέρη,
827 1889 925 1958 τῆς
963 1890 1139 1960 ἀρχῆς
1189 1890 1490 1956 ἐξίσταται,
1531 1891 1732 1961 μᾶλλον
1774 1891 1903 1958 περὶ

311 1978 517 2048 λόγους
567 1978 878 2050 ὲσχολακὼς
907 2021 923 2043 ,
986 1982 1082 2034 καὶ
1139 1981 1393 2051 πολέμων
1449 1982 1651 2054 ἣκιστα
1707 1984 1907 2054 πεῖραν

315 2071 480 2142 ἔχων,
524 2072 856 2139 Ουίττίγιδος
871 2073 1063 2142 ἀνδρὸς
1098 2074 1541 2142 πολεμικωτάτω.)
1568 2073 1672 2127 τῶν
1710 2074 1907 2128 Ἐσπε-

318 2164 459 2232 ρίων
505 2163 920 2234 ἐξηγησαμένου
964 2165 1269 2236 δυνάμεων.
1330 2167 1426 2219 Ἐκ
1463 2166 1572 2219 τῶν
1611 2166 1909 2237 συγκειμέ-

312 2272 430 2308 νων
477 2255 555 2326 τῷ
591 2255 737 2326 αύτῷ
768 2254 1060 2328 Προκοπίῳ
1105 2256 1252 2310 ἐστιν
1285 2256 1461 2324 ἑλεῖνς
1485 2259 1560 2319 ώς
1586 2258 1907 2329 Βελισαρίου

314 2348 654 2417 προσχόντικ
677 2351 743 2418 τῇ
786 2349 1008 2402 Ἰταλῶν
1036 2351 1132 2420 γῇ,
1177 2353 1250 2402 Ou
1264 2348 1467 2418 ίττιγις
1494 2350 1594 2420 μὲν
1627 2351 1728 2420 τὴν
1774 2349 1906 2403 Ῥώ-

317 2457 434 2511 μην
471 2440 851 2494 καταλέλοιπε’
885 2441 1204 2511 Βελισάριος
1244 2442 1301 2494 δὲ
1333 2443 1432 2496 σὺν
1470 2442 1547 2512 τῷ
1585 2443 1909 2512 ἀμφάύτδν

315 2532 542 2604 στρατῷ
563 2535 628 2604 τῇ
660 2533 852 2606 Ῥώμῃ
882 2534 1315 2604 προσεπέλασεν·
1338 2533 1396 2586 ὃν
1423 2535 1617 2605 ἥδιστα
1645 2535 1908 2605 Ῥωμαῖοι

313 2624 426 2687 τὰς
479 2624 656 2688 πύλας
705 2625 1170 2692 ἀναπετάσαντες,
1223 2623 1570 2691 ὲσεδέξαντο,
1626 2627 1907 2697 Σιλὸερίου

323 2715 564 2784 μάλιστα
591 2716 686 2769 τοῦ
723 2715 930 2786 ταύτης
962 2717 1290 2789 ἀρχιερέως,
1323 2717 1484 2771 τοῦτο
1543 2719 1904 2790 καταπραξα-

324 2807 514 2876 μένου.
549 2807 858 2871 στείλαντός
885 2825 946 2860 τε
979 2809 1072 2862 ἐπὶ
1099 2809 1277 2880 τούτῳ
1305 2809 1573 2864 Φειδέλιον
1622 2811 1910 2883 Ἀταλαρί-

319 2914 420 2966 χου
469 2895 736 2971 πάρεδρον
807 2899 1138 2969 γενόμενον*
1188 2893 1341 2969 ᾧτινι
1398 2901 1494 2955 καὶ
1535 2902 1778 2974 ἀμαχητὶ
1809 2904 1909 2974 τὴν

316 2989 478 3042 πόλιν
507 2991 832 3061 παρέδοσαν·
863 2992 961 3045 καὶ
995 2993 1222 3060 γέγονεν
1269 2994 1373 3047 ὑπὸ
1412 2995 1705 3065 Ῥωμαίοις
1753 2990 1910 3060 αὖθις

315 3083 356 3151 ἡ
397 3079 624 3151 Ῥώμη,
661 3082 924 3154 ἑξήκοντα
985 3082 1165 3137 ἐτεσιν
1218 3083 1467 3156 ὕστερον,
1529 3085 1695 3156 ἐνάτῃ
1748 3085 1910 3138 ’Δπε-

2002 610 2128 665 dem
2170 609 2419 681 gerebat,
2466 607 2688 678 penitus
2719 604 3018 666 debellato,
3047 610 3104 658 et
3151 601 3446 670 imperium
3475 600 3587 653 Ro-

2002 712 2226 753 manum
2253 697 2511 766 deinceps
2534 709 2706 764 usque
2735 693 2802 747 ad
2818 693 3026 747 exitum
3047 691 3175 745 vita:
3205 688 3588 744 administras-

2002 797 2107 853 set,
2160 795 2285 859 post
2327 789 2447 859 ejus
2493 795 2726 841 mortem
2784 780 3202 841 Amalasuntha.
3266 793 3389 848 quae
3447 793 3587 832 uxor

2002 880 2250 952 ejusdem
2281 878 2480 943 fuerat,
2524 875 2834 934 communis
2869 874 2968 928 lilii
3005 870 3309 928 Athalarici
3357 870 3585 926 tutelam

2002 981 2062 1028 et
2101 972 2271 1026 totius
2320 970 2474 1041 regni
2531 967 2981 1040 procurationem
3030 963 3223 1036 gessit,
3257 961 3326 1016 ad
3366 960 3583 1017 virilem

2004 1064 2325 1136 gravitatem
2369 1061 2596 1133 propius
2644 1059 2914 1115 accedens
2939 1099 2954 1124 ,
2999 1065 3166 1128 atque
3196 1055 3251 1110 in
3289 1054 3436 1109 hunc
3462 1065 3585 1107 mo-

2004 1157 2135 1213 dum
2173 1157 2340 1212 rebus
2362 1153 2727 1226 prospiciens.
2764 1153 2891 1208 Haac
2916 1152 3098 1223 prima
3118 1148 3489 1206 Iustinianum
3514 1145 3586 1200 ad

2004 1249 2226 1306 GOthici
2278 1248 2409 1304 belli
2448 1247 2768 1318 cupidinem
2827 1243 3098 1310 incitavit,
3145 1241 3328 1297 missis
3359 1239 3427 1295 ad
3454 1255 3583 1294 eum

2003 1343 2221 1416 legatis,
2238 1358 2362 1398 cum
2398 1341 2613 1396 insidim
2636 1339 2904 1394 adversus
2924 1337 3096 1406 ipsam
3125 1342 3347 1391 structae
3373 1340 3582 1403 essent.

2004 1433 2176 1489 Porro
2209 1447 2335 1487 cum
2375 1430 2726 1487 Athalaricus
2750 1437 2941 1483 tenera
2979 1425 3160 1481 adhuc
3207 1434 3367 1480 aetate
3389 1439 3419 1479 e
3443 1421 3586 1477 vivis

2004 1526 2348 1590 excessisset,
2386 1524 2705 1579 Theodatus
2725 1521 3070 1592 pr0pinquus
3097 1516 3452 1582 Theodoriei,
3473 1514 3584 1571 Oc-

2006 1617 2296 1677 cidentalis
2325 1615 2540 1686 imperii
2587 1612 3125 1669 administrationem
3158 1607 3422 1678 suscepit.
3474 1604 3588 1668 Sed

2007 1728 2133 1769 cum
2181 1710 2528 1767 Justinianus
2578 1706 2904 1762 Belisarium
2947 1705 3003 1758 in
3044 1700 3357 1759 Occidentis
3402 1708 3590 1770 partes

2007 1803 2268 1866 misisset,
2317 1816 2485 1872 regno
2515 1814 2573 1854 se
2606 1797 2914 1861 abdicavit,
2959 1802 3151 1865 utpote
3202 1791 3296 1862 qui
3339 1789 3589 1845 liberali-

2011 1896 2117 1950 bus
2138 1893 2338 1949 studiis
2387 1891 2559 1962 magis
2613 1889 2890 1953 addictus,
2928 1887 3006 1942 rei
3037 1886 3248 1942 bellicae
3279 1883 3423 1938 haud
3453 1881 3588 1938 satis

2005 2001 2208 2058 gnarus
2243 1994 2430 2040 esset:
2463 1984 2636 2054 Vitige
2690 1979 2937 2043 interim,
2975 1981 3096 2034 viro
3142 1977 3587 2036 bellicosissimo.

2005 2077 2444 2136 occidentalibus
2485 2077 2664 2146 copiis
2714 2073 3028 2146 przeposito.
3064 2072 3145 2126 Ex
3172 2069 3421 2140 ejusdem
3453 2068 3594 2123 Pro-

2005 2171 2150 2242 c0pii
2181 2169 2418 2224 Historia
2451 2167 2589 2222 illud
2616 2166 2781 2221 etiam
2810 2162 3377 2234 discimus.,Vitigem,
3397 2160 3590 2215 audito

2006 2260 2256 2315 Bclisarii
2279 2259 2568 2313 inltaliam
2605 2256 2870 2319 adventu,
2904 2257 3078 2310 Roma
3112 2253 3453 2317 excessisse;
3482 2251 3589 2306 Be-

2006 2353 2256 2409 lisarium
2289 2365 2422 2406 vero
2447 2365 2574 2405 cum
2607 2350 2723 2404 suis
2752 2348 2928 2417 copiis
2959 2347 3028 2401 ad
3052 2345 3244 2400 urbem
3294 2344 3592 2415 appropin-

2005 2454 2226 2509 quasse,
2255 2454 2419 2509 quem
2440 2437 2694 2504 Romani,
2729 2436 2985 2493 reseratis
3000 2435 3194 2508 portis,
3227 2434 3591 2498 libentissime

2005 2539 2394 2601 susceperunt,
2420 2531 2472 2584 id
2503 2530 2823 2601 perﬁciente
2845 2530 3196 2600 potissimum
3224 2527 3459 2584 Silverio
3479 2527 3592 2581 lto-

2003 2639 2184 2678 mana:
2211 2623 2365 2677 urbis
2403 2623 2688 2693 episcopo,
2723 2621 2818 2692 qui
2838 2621 2907 2676 ad
2945 2636 3066 2677 eam
3098 2637 3216 2677 rem
3256 2620 3482 2675 miserat
3502 2619 3592 2675 Fi-

2007 2716 2208 2781 delem,
2269 2715 2364 2784 qui
2423 2713 2723 2768 Athalarici
2781 2714 2912 2768 olim
2963 2728 3210 2769 assessor
3260 2713 3462 2767 fuerat.
3511 2711 3589 2766 ita

2007 2808 2242 2865 Romani
2261 2809 2401 2864 citra
2427 2823 2663 2877 pugnam
2683 2807 2952 2862 Belisario
2989 2805 3181 2861 urbem
3205 2803 3587 2860 tradiderunt:

2007 2917 2070 2958 ac
2103 2903 2286 2958 denuo
2336 2903 2470 2958 urbs
2516 2903 2689 2956 Roma
2737 2901 2793 2956 in
2839 2909 3169 2972 potestatem
3217 2901 3588 2955 Romanorum

2005 2998 2180 3064 venit,
2201 3004 2325 3066 post
2342 3009 2516 3051 annos
2538 2994 2760 3050 demum
2787 2995 3089 3066 sexaginta,
3111 3010 3300 3050 mense
3326 2992 3586 3063 Apellae,

2008 3106 2172 3160 quem
2204 3091 2385 3145 Latini
2416 3089 2575 3162 ἀοι
2617 3090 2982 3146 Decembrem
3019 3097 3239 3152 vocant,
3268 3103 3392 3143 cum
3418 3086 3592 3143 Justi-

313 3171 495 3238 λαῖον,
524 3172 661 3244 πρὸς
696 3173 753 3226 δὲ
795 3175 1086 3245 Ῥωμαίων
1114 3177 1662 3249 προσαγορευομένου
1693 3179 1900 3248 Δεκεμ-

2009 3183 2208 3238 nianus
2239 3199 2445 3238 annum
2472 3184 2696 3254 imperii
2723 3182 3182 3239 suiundecimum
3206 3190 3413 3251 ageret.
3444 3178 3590 3234 Scri-

319 3270 480 3338 6ρίου
511 3270 697 3340 μηνὸς,
715 3271 998 3325 ἑνδέκατον
1024 3271 1144 3336 ἔτος
1158 3271 1533 3328 Ἰουστινιανοῦ
1554 3272 1626 3343 (It)
1643 3273 1900 3342 βασιλέως

2009 3275 2092 3331 bit
2118 3275 2286 3331 etiam
2325 3275 2472 3330 idem
2504 3276 2829 3346 Procopius,
2875 3273 3222 3339 Belisarium,
3263 3287 3387 3327 cum
3415 3272 3591 3327 Roma

314 3363 422 3433 τὴν
456 3362 832 3434 αὐτοκράτορα
884 3363 1162 3429 διέποντος
1208 3367 1407 3438 ἀρχὴν.
1463 3365 1522 3420 '0
1572 3366 1734 3430 αὐτὸς
1775 3367 1900 3420 ἀνα-

2007 3383 2038 3422 a
2074 3367 2269 3424 Gothis
2320 3367 2695 3432 obsideretur,
2765 3366 3064 3422 Silvcrium
3118 3365 3365 3436 ejusdem
3432 3362 3594 3418 urbis

313 3454 592 3524 γράφεται
621 3453 644 3485 ⁸
673 3456 999 3525 Προκόπιος,
1031 3457 1108 3522 ώς
1139 3458 1248 3512 τῶν
1281 3458 1500 3512 Γότθων
1545 3457 1646 3529 τὴν
1683 3457 1900 3529 Ῥώμην

2005 3459 2343 3530 pontificem,
2366 3475 2528 3530 quem
2559 3460 2628 3516 de
2657 3459 2969 3530 proditione
2987 3465 3302 3527 suspectum
3328 3454 3594 3520 habebat,

317 3543 794 3616 πολιορκούντων,
837 3546 1156 3621 Βελισάριος
1205 3549 1442 3620 ὑποψίαν
1499 3550 1793 3623 προδοσίας
1845 3552 1900 3616 ἐς

2005 3553 2063 3608 ἱη
2112 3555 2378 3611 Achaiam
2405 3555 2747 3626 deportasse,
2775 3563 2832 3610 et
2867 3553 3126 3624 Vigilium
3159 3553 3216 3608 in
3265 3552 3386 3623 ejus
3403 3551 3592 3606 locum-

317 3633 598 3704 Σιὶὸἐριον
653 3635 715 3705 (ί)
758 3637 852 3690 τὸν
891 3638 994 3708 τῆς
1035 3639 1245 3704 πόλεως
1301 3641 1566 3712 ἀρχιερέα
1626 3640 1903 3712 ἐσχηκὼς,

2001 3644 2351 3716 subrogasse.

318 3728 511 3780 τοῦτον
551 3728 648 3797 μὲν
679 3728 738 3793 ἐς
773 3728 996 3783 Ἐλλάδα
1026 3731 1344 3797 μετοικίζει·
1373 3731 1639 3804 ἀρχιερέα
1662 3732 1719 3786 δὲ
1742 3733 1982 3802 Βιγίλιον
2011 3737 2410 3807 κατεστήσατο.

922 3821 1180 3877 ΚΕΦΑΔ.
1215 3821 1305 3878 κ’.

331 3911 431 3976 Ὧς
450 3912 502 3964 οι
530 3911 845 3982 λεγόμενοι
879 3914 1182 3980 Ἔρουλοι,
1212 3914 1284 3968 ἐν
1311 3915 1436 3981 τοῖς
1479 3914 1722 3984 χρόνοις
1759 3914 1898 3970 Ἰου-

693 3984 1007 4038 στινιανοῦ
1037 3984 1518 4054 ἐχριστιάνισαν.

402 4072 538 4126 Ὑπὸ
569 4076 682 4138 τοῖς
719 4075 903 4138 αὐτοῖς
943 4075 1178 4149 χρόνοις,
1207 4076 1285 4142 ώς
1321 4079 1351 4135 ὁ
1387 4081 1553 4150 αὐτὸς
1583 4085 1895 4158 Προκόπιος

390 4199 415 4226 ⁸
458 4189 578 4244 Lib.
632 4206 711 4256 Ill,
751 4205 804 4246 c.
836 4191 930 4248 27.

2642 3824 2798 3882 CAP.
2839 3823 2960 3881 XX.

2005 3918 2277 3986 Quomodo
2312 3918 2607 3974 Iustiniani
2636 3917 2973 3988 temporibus.
3035 3915 3189 3972 Eruli
3229 3917 3589 3974 Christianam

2515 3989 2676 4058 ﬁdem
2709 3986 2944 4058 amplexi
2963 3988 3091 4042 sint.

2073 4081 2189 4141 Sub
2221 4083 2368 4140 idem
2396 4093 2633 4154 tempus,
2688 4089 2751 4136 ut
2793 4080 2987 4136 scribit
3025 4080 3349 4152 Procopius,
3402 4079 3583 4149 Eruli,

1642 4292 1880 4350 VARIIE
1917 4293 2211 4350 LECTIUN
2221 4294 2322 4348 ES.

397 4371 501 4430 ‘C.
531 4372 594 4431 C.
618 4374 951 4446 ἀναγράφει.

1773 4478 2156 4536 VARIORUM.

385 4559 633 4642 (i')_Tdr
656 4561 1266 4642 ﬁlgr_§¢sp8tpr_ip’a_tp.
1293 4567 1525 4642 Viveudi
1560 4569 1723 4642 finem

2002 4480 2156 4536 RUM.

2002 4589 2087 4628 cro
2131 4583 2290 4642 capta
2325 4579 2472 4642 esset
2501 4586 2648 4626 anno
2677 4571 2804 4633 476,
2829 4586 3008 4642 annus
3042 4567 3170 4624 inde
3203 4572 3582 4642 sesagesimus

311 4629 694 4709 Ilieodoricus
727 4629 1025 4709 italiaa‘rex'
1051 4635 1142 4709 die
1167 4636 1235 4709 5_0
1259 4639 1466 4694 mensis
1489 4639 1720 4709 Augusti
1755 4644 1883 4696 anni

311 4700 612 4779 (ξιιμ-..ἔθα
649 4703 743 4779 qui
773 4704 1010 4758 animam
1051 4705 1430 4779 exhalaturus,
1473 4700 1894 4779 nepotcmsuum

310 4770 746 4850 1tit/ialoricuntin
789 4790 1005 4844 regnum
1026 4777 1294 4850 constituit
1318 4817 1332 4834 .
1372 4770 1551 4848 inquit
1588 4796 1895 4850 anonymus

313 4839 650 4919 Yalesianus.
666 4839 1059 4919 Nepos'autenl
1069 4847 1191 4919 ejus
1213 4856 1337 4919 erat
1349 4863 1415 4902 ex
1429 4839 1467 4901 Ᾱ
1479 4839 1820 4904 ιηαιοευιιῖιιο
1836 4851 1896 4904 li-

311 4910 406 4973 lia,
433 4926 594 4979 quam
621 4910 1004 4990 exAudeﬂeda
1021 4910 1280 4990 Clodovei
1300 4917 1634 4990 Francorum
1648 4920 1792 4990 regis
1805 4936 1896 4974 so-

312 4985 784 5072 rure\51§ceperat,
805 4993 865 5072 ut
883 4995 1114 5072 testat‘ur
1139 4987 1335 5072 Pagi'uls
1352 4989 1562 5072 adann.
1583 4985 1778 5072 5.2651.
1803 4991 1891 5072 l

385 5051 452 5119 tj)
489 5051 801 5117 Gsvo‘dtoc.
834 5056 993 5109 Anno
1039 5054 1170 5110 Chr.
1217 5051 1340 5121 35.1,
1378 5051 1718 5114 Athalaricus
1769 5061 1888 5114 tabe

309 5134 490 5200 caesus
525 5121 955 5200 obiit_,”cum_in‘
983 5141 1144 5200 regno
1191 5144 1360 5200 annos
1385 5129 1418 5184 8
1452 5133 1682 5194 vixisset,
1709 5131 1889 5200 inquit

310 5190 612 5268 Procopius
649 5192 745 5268 lib.
777 5193 915 5268 LDe
939 5190 1074 5268 ρείίο
1097 5197 1250 5251 Coth.
1291 5215 1414 5268 cap.
1446 5201 1478 5253 4
1513 5219 1526 5253 :
1560 5190 1688 5254 Turn
1717 5190 1888 5255 mIiter

311 5260 748 5341 (Annalasuntha)
776 5263 1098 5341 Tlteoriatum
1116 5260 1481 5341 consobrinum
1502 5288 1656 5325 suum
1680 5272 1887 5341 (Theo-

310 5329 501 5412 dori‘ci-
521 5332 798 5400 quondam
827 5336 972 5412 regis
1005 5330 1294 5412 ex_sor_nre
1331 5329 1885 5412 Amalafrcda‘nepo-

311 5400 443 5485 tem)
483 5403 811 5485 innregnn'in.
834 5400 1130 5460 collocavit.
1171 5409 1328 5464 Hunc
1365 5409 1530 5464 Gothi
1562 5400 1886 5485 occiderunt

309 5484 455 5525 anno
483 5471 609 5554 εξξιο,
630 5471 686 5526 et
709 5473 944 5554 Vitigem
976 5492 1164 5554 regem
1199 5489 1483 5547 crearunt,
1509 5483 1606 5552 qui
1626 5483 1885 5554 sequenti

309 5554 454 5593 anno
499 5541 726 5595 Romam
776 5541 1087 5604 obsidebat.

383 5610 456 5680 (Is)
478 5611 868 5697 ‘Lgrdéaca'tor
894 5615 1030 5682 ἔτος
1093 5619 1548 5697 Have-timaret").
1567 5621 1786 5697 Pagius
1818 5622 1886 5697 ad

310 5693 453 5754 _ann._
473 5682 598 5748 557,
643 5699 699 5737 n.
735 5685 790 5749 4,
821 5701 921 5754 pro
957 5704 1098 5740 anno
1130 5689 1428 5753 undecimo,
1462 5682 1722 5748 decimuin
1750 5695 1887 5748 scri-

311 5750 556 5808 bendum
586 5768 708 5808 esse
733 5750 1041 5812 contendit.
1067 5757 1205 5813 Cum
1232 5761 1380 5815 enim
1407 5750 1579 5820 Roma
1607 5766 1676 5821 ab
1702 5765 1884 5822 Odoa-

370 5867 387 5886 ‘
410 5865 556 5921 Veris
580 5867 698 5923 falsa
719 5871 896 5926 miscet
919 5874 1066 5928 homo
1088 5878 1409 5930 acatholicus.

2000 4644 2058 4697 in
2090 4641 2295 4696 annum
2333 4641 2436 4695 556
2464 4641 2827 4711 incidet,-qui
2864 4649 2946 4694 cst
2981 4641 3229 4695 decimus
3259 4641 3578 4695 Justiniaui.

2005 4713 2208 4767 Verum
2254 4713 2564 4781 Procopius
2611 4727 2736 4765 cum
2783 4721 3004 4780 recepta
3062 4712 3278 4780 Evagrii
3342 4712 3580 4768 lectione

2001 4783 2298 4843 consentit,
2332 4783 2428 4837 lib.
2464 4781 2578 4834 rDe
2601 4781 2734 4833 bello
2767 4782 2918 4837 Goth.
2953 4797 3074 4850 cap.
3110 4783 3195 4835 l5.
3231 4781 3318 4835 W.
3355 4781 3576 4838 Lowrn.

2076 4854 2138 4921 (ι)
2176 4852 2502 4918 Σιλϐἐριον.
2553 4851 2843 4914 Silverius,
2892 4851 3196 4906 llormisdie
3230 4867 3381 4920 papa:
3408 4851 3577 4919 filius,

2001 4923 2263 4979 Ecclesia:
2313 4923 2575 4976 Romanae
2627 4922 3020 4988 subdiaconus,
3062 4938 3125 4976 ac
3159 4922 3379 4977 tandem
3433 4937 3580 4978 anno

2003 4994 2106 5048 556
2146 4994 2236 5047 die
2276 5008 2326 5046 Vl
2360 4993 2512 5047 Junii
2547 4992 2821 5046 Theodati
2859 4993 3004 5062 regis
3050 4993 3296 5062 potentia
3331 4994 3578 5062 pontifex

1995 5064 2194 5118 factus.
2229 5063 2476 5134 Exeuutc
2495 5077 2639 5134 anno
2664 5064 2881 5134 eodem,
2906 5063 3211 5134 Theodore:
3231 5066 3370 5132 Aug.
3392 5065 3575 5134 jussu,

1996 5143 2052 5186 et
2085 5135 2348 5188 scelerata
2395 5132 2578 5203 Vigilii
2636 5133 2957 5196 ambitione,
3006 5150 3036 5188 a
3097 5133 3364 5188 Belisario
3396 5132 3577 5200 'duce,

2000 5204 2126 5259 ilcto
2168 5204 2565 5274 perduellionis
2600 5203 2835 5258 crimine
2883 5203 2933 5274 ei
2982 5203 3276 5268 intentato,
3306 5205 3441 5259 sedc
3473 5221 3575 5260 sua

1997 5273 2349 5334 deturbalur,
2402 5282 2459 5327 et
2500 5275 2752 5328 Pataram
2804 5273 2983 5344 Lycia:
3026 5275 3221 5328 urbem
3273 5275 3572 5344 relegatur.

1998 5345 2228 5398 Dcmum
2262 5361 2292 5397 a
2330 5333 2642 5400 Iustiniano
2674 5345 2806 5414 imp.
2850 5333 2906 5397 in
2937 5344 3150 5399 Italiam
3188 5333 3471 5414 remissus,
3515 5353 3576 5400 ut

1995 5429 2160 5469 causa
2207 5416 2326 5482 ejus
2363 5415 2415 5467 iu
2453 5414 2662 5484 synodo
2697 5413 2801 5469 rite
2831 5415 3199 5485 judicaretur.
3233 5414 3400 5468 nimia
3431 5413 3576 5485 Belis

1994 5485 2126 5539 sarii
2173 5485 2454 5547 facilitate,
2486 5483 2680 5554 ’Vigilii
2727 5483 2994 5540 custodia:
3037 5483 3276 5538 traditus
3304 5492 3387 5536 est
3423 5501 3436 5538 :
3477 5484 3574 5554 qui

1993 5571 2120 5609 eum
2164 5556 2218 5609 in
2273 5555 2601 5608 Palmarinm
2646 5556 2880 5610 insulam
2928 5556 3280 5624 deportatum
3312 5554 3466 5624 il'ame
3517 5565 3576 5611 ct

1995 5625 2179 5680 inedia
2210 5625 2302 5679 diu
2339 5625 2659 5689 maceravit,
2695 5641 2759 5680 ac
2791 5623 3015 5679 tandem
3041 5640 3186 5678 anno
3231 5623 3354 5688 540,
3386 5623 3474 5678 die
3505 5626 3576 5680 20

1990 5696 2163 5759 Junii,
2197 5695 2458 5752 immissis
2495 5695 2712 5750 duobus
2742 5695 2956 5752 sicariis
2984 5710 3018 5752 e
3050 5694 3236 5751 medio
3265 5697 3492 5752 sustulit
3516 5697 3568 5761 *ρ

1995 5766 2165 5839 (Guil.
2210 5767 2377 5834 Cava,
2409 5767 2464 5822 in
2511 5764 2798 5837 Silverio.)
