4048 6520
259 342 420 431 2m

1165 346 1556 413 HISTORIA!
1592 350 2195 417 ECCLESIASTICJE
2235 355 2468 416 LIBER
2510 355 2612 418 IV.

3403 354 3550 425 2146
3576 424 3583 437 ,

261 460 430 524 ἄξιον
462 456 826 531 καθέστηκεν.
858 456 988 511 Ὅτε
1013 457 1113 541 τῂν
1161 459 1439 539 Ἀντιόχου
1464 461 1867 534 πυρπολεῖσθαι

1976 464 2061 531 bo,
2091 465 2297 536 quippe
2324 465 2473 536 quod
2506 464 2637 521 huic
2663 463 2818 536 operi
2841 473 3033 525 nostro
3056 464 3224 522 inseri
3248 479 3547 523 mereatur.

259 552 389 606 τῶν
442 550 738 620 Ἀπαμέων
768 550 819 603 οἱ
874 551 1066 615 παῖδες
1118 551 1457 620 ἐγνώκεσαν,
1508 554 1752 608 ἱκέτευον
1773 557 1864 609 τὸν

263 642 604 713 λελεγμένον
643 659 734 711 μοι
784 640 1009 713 Θωμᾶν,
1042 642 1105 695 τὸ
1142 646 1413 715 σωτήριον
1461 645 1557 698 καὶ
1600 644 1865 709 ζωοποιὸν

260 736 373 791 τοῦ
409 734 644 806 σταυροῦ
677 734 833 800 ξύλον
887 736 1038 806 παρὰ
1090 736 1153 789 τὸ
1183 736 1374 800 εἰωθὸς
1423 722 1789 808 προενεγκεῖν
1805 756 1865 792 τε

270 829 373 882 καὶ
412 827 717 898 προθεῖναι,
774 826 849 890 ὡς
892 826 958 881 ἂν
1002 827 1071 881 τὰ
1117 828 1407 884 τελευταῖα
1451 830 1624 901 ὁρῷέν
1675 849 1737 884 τε
1770 832 1867 886 καὶ

270 919 746 985 κατασπάζοιντο.
767 921 866 990 τὴν
900 920 1069 992 μόνην
1095 920 1204 975 τῶν
1228 920 1535 993 ἀνθρώπων
1563 923 1864 997 σωτηρίαν,

268 1013 496 1082 ἐφόδιόν
520 1028 581 1065 τε
610 1012 826 1066 λάϐοιεν
843 1014 943 1083 τῆς
967 1013 1162 1084 ἐτέρας
1204 1013 1410 1085 βιοτῆς,
1441 1015 1866 1088 διαπορεύοντος

270 1106 488 1170 αὐτοὺς
509 1104 602 1159 τοῦ
632 1105 816 1175 τιμίου
864 1106 1103 1176 σταυροῦ
1139 1107 1277 1179 πρὸς
1317 1108 1419 1179 τὴν
1448 1108 1659 1178 ἀμείνω
1690 1109 1865 1181 λῆξιν.

278 1200 351 1251 Ὃ
378 1198 445 1269 δὴ
490 1198 588 1251 καὶ
620 1196 924 1269 πεπραχὼς
954 1199 983 1251 ὁ
1024 1198 1248 1269 Θωμᾶς,
1302 1201 1571 1271 προφέρει
1611 1201 1673 1254 τὸ
1730 1202 1869 1265 ζωο-

273 1290 440 1343 ποιδν
472 1288 651 1355 ξύλον,
691 1291 862 1360 ῥητὰς
909 1289 1247 1359 ἐπαγγείλας
1295 1290 1509 1361 ἡμέρας
1537 1292 1636 1362 τῆς
1671 1292 1869 1363 προθέ-

277 1399 450 1445 σεως,
475 1382 549 1445 ὼς
582 1382 647 1434 ἂν
678 1380 774 1452 ἔτξῇ
806 1382 899 1434 καὶ
926 1383 1060 1435 πᾶσι
1090 1385 1207 1445 τοῖς
1234 1382 1619 1452 ἁστυγείτοσιν
1648 1384 1871 1455 ἁλισθῆ-

276 1492 399 1534 ναι.
432 1475 527 1527 καὶ
552 1476 654 1543 τῆς
681 1473 935 1527 ἐντεῦθεν
970 1475 1248 1545 σωτηρίας
1278 1476 1608 1532 ἀπόνασθαι.
1635 1477 1867 1531 Φοιτῶσι

275 1565 418 1633 γοῦν
444 1566 582 1635 μετὰ
603 1563 714 1617 τῶν
751 1565 926 1617 ἄλλων
955 1565 1050 1617 καὶ
1078 1566 1128 1618 οἱ
1176 1566 1233 1629 ἐς
1271 1565 1389 1635 φῶς
1429 1583 1495 1637 με
1526 1565 1871 1636 προαγαγόνο

275 1676 397 1722 τες,
424 1659 480 1720 ἐς
512 1656 1017 1728 χαμαιδιδασκάλου
1054 1659 1328 1728 φοιτῶντα
1353 1677 1419 1730 με
1455 1660 1865 1730 περιαγόμενοι.

291 1752 385 1815 Ὠς
416 1752 461 1804 δ’
490 1751 583 1804 οὖν
610 1753 983 1822 προσκυνῆσαί
1026 1768 1086 1804 τε
1132 1751 1229 1805 καὶ
1266 1752 1728 1806 κατασπάσασθαι
1777 1751 1869 1806 τὸν

273 1843 469 1912 τίμιον
527 1841 842 1913 ἠξιώθημεν
887 1843 1144 1912 σταυρὸν,
1198 1842 1340 1913 ἄρας
1395 1843 1423 1895 ὁ
1473 1842 1677 1912 Θωμᾶς
1705 1842 1874 1912 ἄμφω

276 1935 353 1988 τά
380 1936 400 1964 ⁷
425 1937 600 2006 χεῖρε,
632 1936 692 1988 τὸ
720 1938 819 2003 τῆς
876 1934 1114 2004 ἀρχαίας
1168 1935 1417 2007 κατάρας
1452 1934 1872 2006 ὲξαλειπτήριον

274 2026 381 2080 τοῦ
442 2027 677 2099 σταυροῦ
748 2025 904 2091 ξύλον
959 2027 1265 2093 ἐπεδείκνυ,
1315 2027 1495 2099 πάντη
1544 2027 1652 2081 τῶν
1713 2027 1874 2081 θείων

276 2121 609 2192 ἀνακτόρων
634 2120 995 2193 περινοστῶν,
1046 2120 1235 2191 ὥσπερ
1264 2122 1322 2173 ἐν
1353 2122 1473 2183 ταῖς
1498 2119 1717 2190 κυρίαις
1763 2118 1875 2173 τῶν

281 2213 723 2283 προσκυνήσεων
756 2211 995 2283 ἡμέραις
1038 2211 1266 2265 εἴθιστο.
1292 2212 1489 2265 Εἵπετο
1513 2212 1569 2265 δὲ
1602 2212 1679 2281 τῷ
1703 2210 1875 2282 Θωμᾷ

282 2304 679 2376 μεθισταμένῳ
709 2305 881 2376 πυρὸς
920 2304 1063 2373 μέγα
1085 2322 1137 2357 τι
1161 2305 1351 2375 χρῆμα
1383 2303 1781 2372 σελαγίζοντος,
1813 2304 1874 2356 οὐ

280 2398 705 2463 κατακαίοντος,
742 2396 819 2458 ὡς
851 2396 1033 2452 πάντα
1064 2397 1156 2450 τὸν
1214 2397 1393 2469 χῶρον
1426 2396 1556 2451 ἔνθα
1583 2396 1877 2466 παρεστὼς

279 2492 381 2544 τὸν
409 2491 590 2560 τίμιον
622 2489 906 2543 ἐπεδείκνυ
939 2490 1195 2560 σταυρὸν,
1256 2489 1643 2560 ἐμπίπρασθαι
1673 2489 1874 2544 δοκεῖν.

280 2584 405 2643 Καὶ
433 2585 657 2652 γέγονεν
695 2584 795 2654 οὐχ
820 2583 990 2649 ἅπαξ,
1025 2584 1085 2634 οὐ
1118 2582 1221 2645 δὶς,
1269 2582 1408 2635 ἀλλὰ
1451 2582 1547 2636 καὶ
1593 2581 1875 2647 πολλάκις,

281 2676 385 2730 τοῦ
418 2676 613 2747 ἱερέως
654 2675 832 2729 πάντα
866 2675 957 2728 τὸν
981 2675 1175 2729 αὐτόσε
1202 2673 1380 2744 χῶρον
1416 2674 1745 2744 περιϊόντος,
1785 2675 1881 2727 καὶ

284 2767 392 2821 τοῦ
420 2765 802 2839 ἀθροισθέντος
834 2764 943 2818 λεὼ
985 2763 1143 2818 τοῦτο
1187 2764 1445 2833 γενέσθαι
1496 2764 1700 2835 Θωμᾶν
1755 2764 1883 2817 δυσ-

290 2858 596 2921 ωποῦντος.
630 2858 809 2929 Ὅπερ
836 2858 930 2911 καὶ
974 2856 1076 2930 τὴν
1135 2856 1439 2926 γενομένην
1468 2855 1743 2928 σωτηρίαν
1768 2857 1883 2921 τοῖς

307 2951 620 3023 Ἀπαμεῦσι
641 2953 1075 3024 προεφήτευσεν.
1118 2948 1377 3019 Ἀνετέθη
1400 2948 1579 3002 τοίνυν
1608 2948 1884 3003 καὶείκὼν

289 3050 401 3103 ἀνὰ
430 3046 521 3100 τὸν
540 3046 735 3119 ὄροφον
768 3045 878 3098 τῶν
912 3043 1251 3115 ἀνακτόρων,
1276 3043 1454 3097 ταῦτα
1488 3044 1602 3106 τοῖς
1626 3040 1884 3111 ἀγνοοῦσι

290 3145 364 3215 τῇ
423 3143 609 3213 γραφῇ
673 3138 1074 3208 διαγγέλλουσα
1126 3138 1263 3209 (56),
1318 3138 1354 3209 ἢ
1405 3137 1500 3191 καὶ
1559 3137 1724 3209 μέχρι
1783 3138 1885 3207 τῆς

1965 556 2103 613 Cum
2138 558 2332 613 urbem
2373 555 2728 612 Antiochiam
2753 573 2783 611 a
2807 556 3053 614 Chosroe
3120 560 3401 615 incensam
3429 577 3551 615 esse

1966 650 2292 706 didicissent
2337 650 2696 722 Apamenses,
2750 651 3102 720 postularunt
3153 652 3479 722 suppliciter
3520 669 3552 709 a

1967 742 2202 809 Thoma,
2243 744 2408 817 cujus
2459 758 2625 813 supra
2679 742 3018 798 mentionem
3050 742 3177 808 feci,
3211 753 3271 798 ut
3312 744 3555 799 salutare

1968 850 2033 890 ac
2056 834 2336 890 viviﬂcum
2366 834 2551 891 crucis
2589 834 2798 903 lignum
2835 846 3037 905 praeter
3072 846 3401 890 consuetum
3436 852 3554 889 mo-

1970 941 2085 981 rem
2112 926 2391 996 proferrct
2437 937 2603 996 atque
2627 926 2874 981 omnium
2901 927 3079 982 oculis
3114 936 3414 998 exponeret
3454 944 3467 980 :
3493 936 3555 982 ut

1970 1018 2189 1074 unicam
2244 1018 2387 1073 hanc
2414 1017 2728 1073 mortalium
2773 1019 3006 1074 salutem
3050 1029 3391 1090 postremum
3434 1035 3555 1075 cer-

1969 1125 2106 1165 nere
2139 1126 2202 1166 ac
2227 1109 2536 1165 deosculari
2562 1108 2696 1180 ipsis
2723 1110 2937 1174 liceret,
2985 1119 3150 1181 atque
3172 1112 3276 1167 hoc
3307 1111 3441 1182 ipsis
3482 1110 3553 1166 ad

1970 1201 2199 1257 alteram
2233 1203 2402 1256 vitam
2452 1211 2602 1257 esset
2650 1203 2951 1267 viaticum,
2980 1202 3297 1258 veneranda
3343 1203 3555 1259 scilicet

1972 1308 2136 1349 cruce
2174 1295 2321 1363 ipsos
2348 1293 2415 1348 ad
2442 1295 2726 1349 meliorem
2750 1305 2953 1349 sortem
2982 1301 3413 1365 transportante.
3444 1296 3556 1351 An-

1971 1389 2096 1442 nuit
2124 1404 2317 1442 eorum
2346 1389 2607 1458 precibus
2645 1388 2911 1455 Thomas,
2938 1398 2994 1445 et
3022 1389 3299 1446 viviﬁcum
3346 1390 3553 1461 lignum

1972 1480 2334 1551 deprompsit,
2359 1480 2585 1537 indictis
2611 1482 2778 1538 certis
2810 1482 3008 1538 diebus
3045 1484 3249 1553 quibus
3282 1499 3557 1554 propone—

1973 1583 2151 1639 retur,
2193 1581 2257 1627 ut
2296 1589 2491 1629 omnes
2539 1574 2758 1630 ﬁnitimi
2804 1591 2871 1631 eo
2915 1576 3222 1639 conﬂuere,
3265 1585 3319 1631 et
3361 1574 3558 1630 salutis

1975 1664 2104 1720 inde
2136 1664 2517 1733 promanantis
2568 1667 2869 1736 participes
2904 1666 3022 1720 ﬂeri
3064 1674 3307 1737 possent.
3345 1665 3424 1727 Eo
3457 1663 3559 1735 igi-

1976 1766 2068 1812 tur
2107 1766 2364 1827 parentes
2395 1757 2503 1812 mei
2535 1774 2643 1812 una
2671 1774 2798 1813 cum
2830 1758 3058 1828 reliquis
3089 1773 3147 1813 se
3179 1757 3556 1821 contulerunt,

1906 1828 1949 1884 Β
1976 1861 2065 1901 me
2090 1862 2311 1917 quoque
2363 1847 2459 1917 qui
2496 1854 2629 1902 tunc
2660 1849 3144 1919 grammaticorum
3199 1845 3414 1901 scholas
3446 1844 3558 1900 fre-

1971 1942 2328 2012 quentabam,
2355 1957 2543 1997 secum
2574 1942 2936 1996 deducentes.
2972 1941 3161 2011 itaque
3203 1956 3270 1995 eo
3312 1949 3560 2011 tempore

1972 2051 2083 2105 quo
2111 2035 2484 2090 venerandam
2505 2050 2725 2090 crucem
2752 2035 2982 2090 adorare
3015 2050 3080 2089 ac
3104 2033 3410 2089 deosculari
3445 2048 3561 2087 me-

1973 2127 2207 2192 ruimus,
2261 2127 2506 2183 Thomas
2552 2128 2715 2182 elatis
2751 2143 2972 2182 sursum
3031 2126 3307 2191 manibus,
3348 2126 3558 2197 lignum

1974 2218 2160 2273 crucis
2189 2218 2337 2287 quod
2372 2226 2616 2273 veterem
2646 2217 3089 2272 maledictionem
3137 2217 3396 2278 abolevit,
3438 2216 3563 2270 uni-

1974 2325 2190 2365 versam
2219 2310 2392 2365 aadem
2441 2325 2654 2364 sacram
2707 2309 2870 2382 405
2921 2308 3251 2364 circumiens
3294 2307 3560 2377 ostendit,

1976 2401 2121 2455 sicut
2157 2400 2212 2453 in
2242 2399 2581 2454 solemnibus
2622 2398 3008 2452 adorationum
3045 2396 3243 2450 diebus
3279 2393 3395 2447 ﬁeri
3428 2408 3563 2448 con-

1977 2499 2255 2546 sueverat.
2313 2490 2764 2561 Progredientem
2808 2504 2941 2543 vero
2973 2488 3241 2542 Thomam
3290 2485 3563 2556 sequeba-

1979 2593 2070 2638 tur
2100 2583 2292 2653 ingens
2322 2583 2561 2647 ﬂamma,
2596 2598 2705 2636 non
2742 2582 2833 2635 illa
2859 2580 3081 2650 quidem
3116 2580 3434 2634 amburcns.
3465 2576 3563 2632 sed

1978 2689 2279 2731 coruscans
2311 2675 2489 2730 :adeo
2528 2682 2589 2728 nt
2639 2682 2788 2728 totus
2833 2673 2923 2726 ille
2960 2673 3114 2727 locus
3145 2672 3198 2725 in
3233 2686 3343 2740 quo
3380 2668 3565 2724 consi-

1980 2777 2133 2825 stens
2161 2769 2422 2834 Thomas,
2480 2768 2858 2823 venerandam
2915 2782 3137 2822 crucem
3194 2765 3562 2832 ostendebat,

1982 2864 2322 2937 conﬂagrare
2358 2863 2667 2919 videretur.
2703 2863 2891 2932 Neque
2916 2862 3021 2916 huc
3055 2861 3225 2916 semel
3255 2870 3421 2929 atque
3457 2858 3566 2914 ite-

1983 2976 2129 3024 rum,
2157 2959 2253 3014 sed
2288 2958 2489 3028 sazpius
2519 2957 2726 3011 factum
2750 2965 2855 3020 est,
2882 2970 3009 3011 cum
3027 2954 3320 3024 episc0pus
3346 2952 3570 3005 univer-

1985 3067 2107 3107 sum
2133 3051 2285 3105 illum
2328 3050 2513 3105 locum
2537 3048 2824 3115 circuiret,
2848 3056 2903 3103 et
2933 3046 3170 3117 populus
3202 3045 3315 3099 illic
3334 3058 3570 3114 congre-

1987 3152 2144 3214 gatus
2167 3143 2434 3197 Thomam
2482 3141 2645 3197 enixe
2684 3150 2904 3211 rogaret
2937 3147 3000 3193 ut
3044 3138 3097 3193 id
3154 3137 3332 3192 ﬂeret.
3369 3136 3447 3190 Ea
3479 3151 3571 3191 res

308 3233 834 3305 ’Δδααρμάνου(5“1)
892 3234 989 3286 καὶ
1023 3231 1248 3303 Περσῶν
1314 3231 1507 3301 ἐφόδου
1567 3231 1876 3296 διεσώζετο.

1986 3237 2225 3291 futuram
2268 3233 2672 3305 Apamensibus
2705 3232 2941 3287 salutem
2998 3228 3270 3300 przedixit.
3308 3226 3571 3282 Dedicata

297 3325 616 3395 Συνεκαύθη
653 3325 710 3378 δὲ
755 3326 819 3397 τῇ
866 3324 1063 3378 αὐτόσε
1117 3324 1252 3395 ἁγίᾳ
1288 3323 1384 3376 τοῦ
1432 3323 1567 3377 Θεοῦ
1615 3324 1883 3395 ἐκκλησίᾳ

300 3422 446 3493 μετὰ
474 3421 573 3489 τῆς
602 3418 731 3491 ὅλης
760 3418 991 3482 πόλεως.
1032 3420 1145 3472 Kal.
1196 3417 1372 3470 ταῦτα
1431 3418 1529 3489 μέν
1556 3410 1659 3471 ὦδε
1689 3417 1883 3486 ἐγεγό-

295 3530 405 3568 νει.
453 3512 511 3565 '0
539 3512 596 3565 δέ
625 3512 876 3582 Χοσρόης
911 3508 1057 3565 κατὰ
1098 3509 1200 3581 τὴν
1247 3509 1449 3579 ἄφοδον
1492 3508 1886 3580 παρασπονδήο

300 3622 406 3669 σας
432 3605 501 3658 τὰ
562 3603 931 3673 συγκείμενα,
982 3603 1105 3656 ἐπεὶ
1149 3603 1246 3656 καὶ
1285 3601 1543 3672 τηνικάδε
1586 3600 1885 3665 συνεδόκει,

298 3699 471 3768 ἕτερα
502 3696 776 3767 πέπραχε,
800 3693 879 3765 τῷ
913 3694 1012 3764 μὲν
1032 3692 1261 3748 ἀσταθεϊ
1289 3690 1457 3747 αὐτοῦ
1506 3691 1604 3745 κα)⁸
1636 3688 1884 3761 ἀϐεϐαίῳ

296 3792 492 3860 τρόπῳ
524 3787 919 3858 συμϐαίνοντα,
949 3787 1153 3858 ἣκιστα
1199 3785 1254 3838 δὲ
1285 3784 1443 3856 ἀνδρὶ
1473 3782 1699 3854 λογικῷ,
1752 3783 1888 3854 μήτι

298 3901 370 3950 γε
413 3883 480 3954 δὴ
530 3882 744 3954 βασιλεί
794 3882 1100 3954 πρέποντα,
1146 3879 1306 3949 λόγον
1344 3883 1451 3933 τῶν
1510 3878 1887 3950 συγκειμένων

299 3977 637 4046 ποιουμένῳ.

1985 3334 2071 3382 est
2101 3325 2268 3395 igitur
2304 3324 2482 3393 imago
2526 3324 2583 3378 in
2630 3322 2881 3378 lacunari
2928 3321 3061 3376 aedis
3091 3335 3279 3383 sacrm,
3315 3334 3436 3389 qua:
3466 3318 3576 3373 hoc

1988 3420 2313 3475 miraculum
2346 3420 2563 3490 pictura
2595 3433 2916 3489 expressum
2949 3414 3329 3472 nescientibus
3363 3412 3574 3467 indica-

1990 3519 2094 3566 ret.
2121 3510 2427 3579 Mansitque
2450 3511 2665 3581 integra
2704 3510 2819 3563 hazc
2853 3508 3052 3578 imago,
3089 3506 3157 3560 ad
3200 3504 3573 3560 incursionem

1993 3617 2169 3672 usque
2200 3601 2559 3656 Adaarmanis
2605 3608 2661 3653 et
2687 3600 3000 3654 Persarum.
3027 3597 3147 3665 Quo
3191 3605 3439 3663 tempore
3465 3607 3576 3647 una

1993 3709 2119 3750 cum
2146 3703 2497 3748 sacrosancta
2522 3692 2619 3747 Dei
2643 3690 2887 3746 Ecclesia
2916 3698 3118 3744 etcum
3151 3688 3410 3741 universa
3440 3683 3577 3739 civi-

1996 3794 2110 3843 tate
2145 3786 2379 3841 ﬂammis
2408 3785 2702 3854 absumpta
2741 3791 2845 3839 est.
2882 3783 3061 3851 Atque
3094 3780 3210 3834 hzec
3238 3776 3463 3848 quidem
3499 3775 3577 3830 ita

1994 3887 2322 3935 evenerunt.
2369 3876 2645 3933 Chosroes
2712 3891 2846 3930 vero
2888 3875 3019 3929 dum
3073 3873 3299 3936 rediret,
3356 3868 3578 3925 violatis

1995 3969 2459 4041 pactis(qua:dam
2492 3968 2642 4025 enim
2682 3977 2817 4023 tunc
2838 3964 3254 4037 spopOuderat),
3285 3965 3447 4033 longe
3468 3962 3575 4016 alia

299 4070 548 4134 admisit,
582 4085 705 4140 quas
745 4066 1128 4124 inconstantia:
1167 4064 1393 4139 quidem
1432 4065 1554 4137 ejus
1583 4080 1649 4122 ac
1675 4064 1888 4121 levitati
1926 4064 2367 4130 conveniebant,
2431 4063 2554 4119 viro
2579 4071 2766 4118 autem
2829 4060 3042 4115 ratione
3072 4059 3338 4129 praedito,
3374 4056 3597 4113 nedum

301 4164 444 4235 regi,
470 4175 758 4235 pactorum
785 4177 1011 4219 suorum
1047 4160 1318 4214 rationem
1340 4158 1600 4223 ducenti,
1633 4158 1891 4215 indecora
1920 4173 2152 4229 prorsus
2172 4166 2352 4214 erant.

876 4253 1132 4309 ΚΕΦΑΛ.
1192 4253 1317 4306 ΚΖ’.

378 4351 523 4420 Περὶ
545 4350 655 4420 τῆς
678 4351 767 4417 είς
792 4348 1097 4402 Ἔδεσσαν
1123 4346 1517 4414 ἐκστρατείας
1543 4346 1840 4414 Χοσρόου.

392 4443 726 4515 Ἀναγράφει
784 4443 813 4495 ό
863 4440 1030 4505 αὐτὸς
1098 4439 1407 4510 Προκὸπιος
1455 4440 1550 4491 καὶ
1625 4438 1696 4491 τὰ
1759 4436 1913 4515 περὶ,

2582 4246 2736 4305 CAP.
2775 4247 2989 4304 XXVII.

2122 4342 2199 4398 De
2227 4342 2473 4399 Chosrois
2534 4343 2866 4414 expeditione
2894 4343 3143 4398 adversus
3174 4341 3455 4397 Edessam.

2068 4433 2268 4490 Narrat
2290 4436 2454 4490 etiam
2488 4433 2632 4489 idem
2657 4432 2960 4503 Procopius
2979 4449 3043 4488 ea
3063 4449 3187 4504 qua:
3207 4433 3275 4489 de
3302 4431 3501 4487 Edessa
3525 4437 3583 4485 et

316 4508 578 4608 Ἐδέσσης
597 4508 667 4606 (υ)
698 4532 793 4591 καὶ
827 4531 1098 4602 ’Δγὸάρου
1117 4508 1231 4595 τοῖς
1255 4530 1503 4595 παλαιοῖς
1521 4529 1876 4601 ἱστορημένα,

1986 4526 2058 4582 de
2085 4528 2306 4598 Agbaro
2331 4528 2401 4583 ab
2435 4525 2681 4597 antiquis
2709 4534 2839 4581 sunt
2867 4526 3106 4596 prodita,
3133 4534 3192 4583 et
3222 4525 3584 4616 quemadmo:

1600 4643 1840 4701 νΑιιιΑξ
1881 4641 2179 4699 LECTION
2190 4644 2296 4699 ES.

1515 4786 1791 4842 VALESII
1829 4784 2394 4843 ANNOTATIONES.

384 4886 499 4963 (ὅθ)
541 4884 626 4954 Τῇ
656 4884 853 4963 τραφῇ
873 4885 1342 4963 διαγγέλλουσα.
1367 4881 1730 4963 [_)uhiumest,
1761 4878 1896 4962 quid
1930 4881 1975 4939 D
2003 4895 2065 4935 ea
2111 4879 2161 4963 si
2202 4878 2389 4963 imago
2442 4887 2566 4963 erat
2599 4879 2681 4963 _in
2717 4878 3018 4963 testudine,
3066 4881 3317 4963 ubinam,
3342 4895 3581 4963 Hqugeso,

383 4724 405 4757 "
428 4722 492 4779 C.
516 4720 580 4777 C.
605 4720 706 4777 τώ.

310 4952 419 5014 hoc
442 4958 564 5011 loco
594 4952 779 5026 γραφῆ
809 4952 1102 5026 Sigiiiﬂcet,
1132 4966 1319 5027 utrum
1345 4956 1621 5027 picturam
1673 4960 1729 5005 et
1760 4952 1900 5005 ima-

354 5029 501 5082 inem
526 5028 759 5081 ﬂammae
785 5028 936 5085 illius
954 5044 1078 5097 qua:
1110 5026 1296 5082 crueis
1339 5026 1548 5097 lignum
1604 5031 1903 5097 prosecuta

338 5093 499 5153 uerat
520 5136 536 5160 ,
561 5114 632 5152 an
659 5093 1017 5168 scripturam.
1044 5098 1328 5153 Musculus
1371 5093 1599 5168 quidem
1620 5110 1735 5168 pro
1759 5093 1901 5168 scri-

310 5178 483 5241 ptura
509 5168 750 5241 accepit,
778 5164 1259 5241 quemadmodum
1291 5164 1459 5223 etiam
1503 5164 1902 5241 Christophor-

312 5235 510 5302 sonus,
544 5235 745 5309 qui—sic
778 5235 984 5295 vertit:
1035 5238 1108 5294 0b
1139 5255 1303 5309 quam
1335 5254 1559 5292 causam
1618 5235 1798 5309 imago
1842 5236 1900 5290 in

316 5308 579 5364 testudine
618 5312 920 5365 sanctuarii
971 5308 1177 5364 statuta
1202 5310 1330 5434 pm,
1384 5324 1502 5378 quw
1546 5308 1896 5379 inscriptione

316 5382 374 5434 in
418 5381 535 5434 basi
586 5383 778 5434 incisa.
834 5384 929 5434 hoc
990 5383 1194 5434 miracu
1223 5398 1313 5433 um
1361 5378 1469 5434 illis
1511 5379 1601 5434 aui
1655 5378 1895 5434 eiusdem

316 5382 374 5435 in
418 5381 535 5435 basi
586 5383 778 5443 incisa,
834 5384 929 5435 hoc
990 5378 1313 5434 miraculum
1361 5378 1469 5434 illis
1511 5379 1601 5448 qui
1655 5378 1895 5447 ejusdem

318 5452 496 5522 ignari
522 5460 699 5517 erant,
722 5453 1175 5507 commonstravit.
1214 5452 1415 5522 Verum
1454 5451 1571 5505 haec
1620 5448 1897 5522 interpre-

318 5520 454 5577 tatio
479 5521 614 5576 ferri
646 5539 755 5577 non
785 5531 984 5592 potest.
1007 5524 1191 5577 Primo
1214 5520 1362 5577 enim
1385 5522 1533 5576 basis
1554 5538 1663 5575 non
1696 5521 1899 5576 dicitur

320 5592 391 5648 de
419 5593 658 5665 imagine
685 5594 854 5666 picta,
875 5592 972 5649 sed
1006 5593 1076 5650 de
1118 5602 1300 5649 statua
1342 5593 1629 5649 duntaxat.
1662 5593 1899 5648 Praeter-

2003 4951 2189 5021 posita
2218 4960 2341 5022 erat
2376 4949 2714 5022 basis‘irEgu
2746 4967 2878 5006 vero
2912 4952 3079 5022 hujus
3126 4949 3401 5008 miraeuli‘
3444 4952 3584 5006 ima-

2000 5020 2183 5091 ginem
2214 5021 2495 5089 depictam
2520 5020 2691 5077 fuisse
2717 5020 3071 5076 existiino‘in
3097 5024 3346 5078 lacunari
3403 5023 3586 5078 eccle-

2000 5093 2118 5165 siae,
2150 5092 2243 5165 cui
2296 5091 2567 5165 fortasse”
2594 5093 2848 5165 inscripti
2902 5104 3065 5148 erant
3114 5095 3326 5165 aliquot
3366 5108 3584 5165 versus,

2000 5163 2098 5232 qui
2127 5162 2456 5217 miraculum
2513 5162 2650 5217 illud
2690 5162 3222 5220 commemorarent.
3248 5166 3473 5221 Similes
3503 5164 3590 5218 iu-

2000 5233 2337 5303 scriptiones
2392 5233 2657 5303 leguntur
2710 5235 2767 5293 in
2818 5234 3088 5290 Thesauro
3126 5235 3374 5302 Gruteri,
3431 5244 3489 5290 et
3530 5235 3588 5289 in

2002 5302 2261 5375 Epistolis
2288 5302 2532 5375 Paulini.

2077 5377 2199 5447 (57),
2230 5373 2773 5447 Τῆςᾌδεερμὰνου.
2792 5375 2850 5429 In
2882 5375 3220 5447 Nicephuro,
3244 5384 3301 5430 et
3322 5376 3377 5429 in
3397 5372 3589 5447 codice

2005 5446 2318 5502 Telleriano
2374 5446 2576 5516 legitur
2643 5445 3048 5517 'Aﬁaapudvou}
3106 5448 3183 5502 De
3225 5447 3333 5501 hoc
3375 5445 3589 5517 Λάμου--

2006 5533 2163 5572 mane
2190 5515 2482 5590 Pepsarum
2511 5517 2676 5583 duce,
2701 5515 2946 5590 ejusque
2962 5517 3017 5572 in
3040 5517 3255 5590 Syriam
3278 5515 3590 5586 irruptione

2006 5590 2247 5659 loquitur
2272 5587 2545 5662 Evagrius
2573 5601 2768 5644 n05ter
2799 5588 2857 5645 in
2890 5588 2990 5644 lib.
3009 5587 3085 5644 v1.

1766 5683 2154 5741 VARIORUM.

393 5776 468 5847 (υ)
512 5779 588 5834 Τὰ
610 5778 746 5848 περὶ
779 5779 1091 5848 Ἐδέσσης.
1117 5781 1387 5848 Quartum
1426 5780 1482 5834 in
1530 5778 1764 5835 Romani
1799 5780 1903 5834 im-

328 5850 468 5928 PCrii
504 5850 771 5925 ditioncs,
801 5852 1014 5910 scilicet
1062 5853 1116 5908 in
1163 5850 1635 5923 Mesopotamiam,
1707 5853 1909 5925 irrupit

2011 5780 2289 5911 Clioszoes
2314 5796 2462 5837 anno
2491 5778 2598 5837 5H
2617 5786 2675 5838 et
2699 5777 2968 5839 Edessam
2999 5776 3267 5836 diuturna
3298 5773 3593 5835 obsidione

2020 5867 2165 5911 Cum!
2200 5890 2213 5906 .

2020 5867 2213 5911 Cilix“.
