4048 6540
348 400 512 472 2749

1267 407 1651 470 HISTORIE
1683 407 2272 473 ECCLESIASTICB
2310 413 2542 475 LIBER
2579 413 2679 478 IV.

3444 412 3585 480 2750

352 512 471 564 οὐκ
495 511 818 581 εἰργάσαντο
835 528 850 544 ·
910 512 1161 585 Ἀγόἀρῳ
1201 512 1258 568 δὲ
1314 516 1549 586 Χριστὸς
1574 518 1601 571 δ
1627 513 1780 580 Θεὸς,
1806 518 1913 569 ὲπεῖ

2028 534 2148 572 rum
2183 520 2610 589 apprehendere.
2638 522 2823 592 Itaque
2862 521 2931 578 ad
2963 522 3200 595 Inopiam
3225 525 3439 580 consilii
3471 527 3583 599 jam

355 620 534 662 αυτον
580 602 704 655 ἰδεῖν
751 603 960 665 ἐπόθει,
1007 606 1286 676 πέπομφε.
1340 606 1558 677 Ταύτην
1602 607 1782 661 τοίνυν
1829 609 1928 679 τὴν

354 694 641 755 παναγίαν
698 696 883 751 είκόνα
943 699 1085 754 κατὰ
1156 698 1254 769 τὴν
1318 702 1687 772 εἰργασμένην
1746 701 1929 770 σφισιν

354 802 730 853 εσαγαγοντες
780 787 1042 858 διώρυγα,
1073 788 1227 842 ὕδατί
1279 808 1338 843 τε
1379 792 1790 856 ὲπικλύσαντες,
1831 790 1927 845 ἀπ’

354 877 534 930 αὑτοῦ
582 878 724 931 κατὰ
765 879 865 948 τῆς
912 884 1090 952 πυρᾶς
1135 882 1229 935 καὶ
1282 882 1393 937 τῶν
1454 882 1623 949 ξύλων
1673 885 1924 953 ἀφεῖσαν.

354 969 477 1022 Και
502 971 813 1039 παραυτίκα
843 975 941 1041 τῆς
970 972 1121 1035 θείας
1169 972 1448 1041 δυνάμεως
1492 976 1559 1043 τῇ
1605 973 1783 1027 πίστει
1818 974 1925 1026 τῶν

353 1061 700 1133 δεδρακότων
732 1065 1186 1135 ὲπιφοιτησάσης,
1222 1065 1360 1136 ὅπερ
1388 1061 1455 1135 ἦν
1479 1065 1706 1128 ἐκείνοις
1736 1065 1926 1134 πρώην

353 1154 651 1219 ἀδύνατον,
684 1154 970 1224 ὲξηνύετο,
1007 1156 1321 1226 παραυτίκα
1355 1158 1463 1227 γὰρ
1493 1156 1801 1221 ὲσεδέξαντο
1824 1158 1925 1227 τὴν

352 1245 543 1313 φλόγα
584 1247 651 1300 τὰ
681 1245 833 1310 ξύλα,
870 1247 967 1300 καί⁵
1007 1246 1164 1313 λόγου
1209 1246 1402 1301 θᾶττον
1427 1248 1925 1316 ἀπανθρακωθέντα

354 1338 477 1398 τοῖς
526 1337 843 1406 ύπερτέροις
900 1338 1264 1407 μετεδίδοσαν,
1330 1337 1543 1391 ἅπαντα
1596 1338 1690 1391 τοῦ
1753 1338 1923 1409 πυρὸς

350 1427 833 1497 ἀμφινεμομένου.
878 1428 966 1490 Ὠς
1019 1428 1073 1482 δὲ
1120 1428 1211 1482 τὸν
1256 1428 1464 1482 καπνὸν
1503 1429 1923 1499 ἀναθρώσκοντα

353 1518 616 1574 τεθέαντο
653 1518 700 1570 οἱ
750 1520 817 1589 τῇ
876 1519 1163 1590 πολιορκίᾳ
1212 1519 1548 1590 πιεζόμενοι,
1615 1519 1921 1589 σοφίζονται

351 1610 522 1663 τάδε’
575 1610 864 1676 λαγυνίδας
908 1612 1109 1682 μικρὰς
1147 1612 1470 1680 ἀγαγόντες,
1512 1609 1922 1681 ὲμφορήσαντές

348 1718 416 1755 τε
450 1701 594 1754 θείου
624 1702 740 1770 ἅμα
766 1704 861 1756 καὶ
903 1702 1204 1756 στυππείου
1230 1703 1325 1755 καὶ
1355 1702 1461 1755 τῶν
1492 1702 1664 1756 ἄλλων
1688 1702 1920 1755 εὐκατα-

353 1793 607 1861 φλέκτων
642 1793 815 1857 ὑλῶν,
846 1796 987 1849 κατὰ
1015 1795 1116 1865 τῆς
1153 1795 1489 1864 καλουμένης
1534 1794 1771 1861 ἀγέστας
1809 1794 1914 1846 ἀπ-

352 1887 753 1952 εσφενδόνιζον,
784 1887 946 1959 αἴπερ
994 1886 1199 1942 καπνὸν
1231 1888 1484 1951 ἀνιείσαι,
1516 1885 1609 1939 τοῦ
1635 1886 1806 1957 πυρὸς
1848 1889 1914 1958 τῇ

353 1977 507 2049 ῥύμῃ
550 1978 645 2047 τῆς
695 1977 855 2049 βολῆς
901 1978 1255 2046 ἀναφθέντος,
1292 1978 1384 2030 τὸν
1427 1977 1491 2030 ὲκ
1535 1976 1630 2030 τοῦ
1664 1978 1917 2046 χώματος

350 2068 738 2139 ἀναδιδόμενον
779 2069 985 2122 καπνὸν
1040 2068 1325 2126 λανθάνειν
1369 2068 1812 2139 παρεσκεύαζονο
1842 2066 1919 2132 ὼς

354 2160 568 2222 πάντας
600 2160 962 2223 ὑποτοπάζειν
993 2162 1119 2222 τοὺς
1135 2160 1235 2215 οὐκ
1266 2160 1492 2223 εἰδότας,
1515 2161 1579 2212 ἐκ
1609 2159 1719 2211 τῶν
1745 2159 1916 2227 λαγυ-

350 2251 516 2303 νίδων
552 2250 749 2320 μᾶλλον
771 2252 864 2304 καὶ
884 2251 981 2323 ούχ
1003 2250 1269 2323 ἑτέρωθεν
1293 2252 1383 2303 τὸν
1412 2250 1618 2304 καπνὸν
1645 2250 1916 2303 καθεστά·

349 2342 661 2417 ναι.Τρίτῃ
699 2341 743 2395 δ’
784 2340 876 2396 οὖν
906 2341 1001 2396 ἀπ’
1041 2343 1256 2414 ἐκείνης
1290 2342 1499 2416 ἡμέρᾳ,
1550 2340 1811 2411 ὤφθησαν
1858 2341 1914 2395 αί

350 2433 653 2500 γλωσσίδες
682 2431 775 2486 τοῦ
804 2433 974 2503 πυρὸς
1006 2435 1073 2487 ὲκ
1114 2434 1213 2504 τῆς
1264 2434 1366 2503 γῆς
1394 2433 1788 2502 ἀναδιδόμεναι,
1821 2434 1915 2486 καὶ

346 2526 476 2584 τότε
512 2524 752 2593 συνῆκαν
783 2525 833 2577 οί
858 2526 915 2579 ὲν
965 2523 1043 2599 τῷ
1080 2523 1297 2595 χώματι
1325 2525 1431 2578 τῶν
1483 2526 1709 2598 Περσῶν
1746 2526 1911 2603 μαχό-

351 2632 530 2692 μενοι,
593 2616 713 2668 ὅποι
769 2614 956 2669 κακῶν
1008 2616 1427 2688 καθεστήκασιν.
1479 2617 1538 2670 ’0
1570 2617 1626 2669 δὲ
1666 2618 1913 2688 Χοσρὸης

352 2705 544 2774 ὥσπερ
574 2708 640 2777 τῇ
677 2705 797 2777 θεία
838 2706 1067 2777 δυνάμει
1125 2708 1565 2777 ἀντιφερόμενος,
1622 2709 1747 2771 τοὺς
1804 2709 1912 2762 τῶν

363 2795 569 2848 ὑδάτων
611 2795 825 2861 ὁλκοὺς,
877 2796 926 2849 οἶ
974 2798 1081 2866 πρὸ
1123 2800 1220 2867 τῆς
1262 2799 1472 2861 πόλεως
1517 2798 1705 2869 ἔτυχον
1738 2798 1907 2864 ὄντες,

353 2887 493 2946 κατὰ
518 2888 618 2954 τῆς
649 2888 826 2957 πυρᾶς
851 2888 1029 2955 ἀφεὶς,
1064 2888 1337 2941 σϐεννύειν
1379 2888 1582 2959 ταύτην
1631 2891 1908 2958 ἐπειρᾶτο.

362 2978 427 3030 'II
456 2979 509 3031 δὲ
538 2978 737 3047 μᾶλλον
769 2978 843 3041 ὡς
879 2978 1057 3032 ἔλαιον
1086 2980 1119 3049 ἢ
1150 2979 1311 3044 θεῖον,
1345 2981 1379 3050 ἦ
1430 2997 1482 3033 τι
1522 2980 1632 3033 τῶν
1658 2980 1911 3047 ἐξάπτειν

349 3067 640 3131 εἰωθότων,
688 3070 749 3120 τὸ
769 3067 913 3138 ὕδωρ
954 3069 1244 3141 δεξαμένη,
1289 3071 1381 3124 ἐπὶ
1417 3068 1604 3141 μεῖζον
1643 3070 1783 3142 ἤρθη
1814 3071 1910 3142 μέ-

2027 615 2253 680 redacti,
2302 616 2539 671 aﬂ‘erunt
2583 617 2845 673 divinitus
2895 618 3212 673 fabricatam
3269 619 3583 690 imaginem,

2025 719 2187 773 quam
2221 720 2330 759 non
2363 706 2643 760 hominum
2690 723 2884 763 manus
2913 707 3253 774 eﬂinxerant,
3288 710 3381 764 scd
3427 709 3588 765 Chri-

2025 805 2144 850 stus
2179 797 2323 851 Deus
2361 798 2427 851 ad
2470 795 2741 868 Agbarum
2776 799 3015 861 miserat,
3048 799 3141 868 qui
3188 799 3364 869 ipsum
3395 799 3585 855 videre

2026 902 2354 956 magnopere
2387 889 2661 958 cupiebat.
2707 891 2855 946 Hanc
2900 903 3026 944 cum
3071 890 3126 945 in
3172 891 3372 945 fossam
3418 907 3582 960 quam

2023 977 2325 1033 eﬂoderant
2372 980 2776 1047 importassent,
2826 998 2966 1050 aqua
3007 992 3360 1051 asperserunt
3388 1001 3402 1037 :
3427 990 3483 1037 et
3516 999 3583 1037 ex

2023 1067 2212 1121 eadem
2242 1084 2380 1137 aqua
2410 1070 2463 1122 in
2497 1086 2683 1140 rogum
2719 1088 2782 1126 ac
2822 1073 2967 1141 ligna
3002 1084 3180 1142 guttas
3207 1075 3413 1143 aliquot
3445 1075 3584 1143 inje-

2024 1165 2236 1212 cerunt.
2266 1158 2567 1229 Statimque
2591 1161 2774 1216 divina
2800 1165 3039 1232 potentia
3066 1163 3189 1218 lidei
3218 1166 3431 1218 illorum
3464 1166 3584 1233 opi-

2024 1249 2252 1313 tulante,
2286 1251 2429 1319 quod
2475 1252 2627 1320 prius
2673 1252 2789 1306 ﬁeri
2842 1255 2993 1308 nullo
3038 1255 3198 1308 modo
3240 1264 3479 1324 poterat,
3511 1255 3580 1309 ad

2021 1340 2226 1394 exitum
2243 1341 2563 1410 perductum
2579 1352 2680 1397 est.
2703 1342 2833 1395 Nam
2853 1344 3112 1397 continuo
3137 1344 3282 1413 ligna
3307 1344 3578 1398 ﬂammam

2021 1446 2343 1501 concepere,
2374 1441 2428 1485 et
2450 1431 2596 1487 dicto
2626 1432 2787 1486 citius
2811 1433 2865 1486 in
2892 1433 3159 1487 carbones
3191 1432 3432 1498 redacta,
3457 1449 3578 1488 eam

2020 1523 2084 1580 ad
2117 1524 2397 1592 superiora
2432 1523 2572 1593 ligna
2607 1524 2975 1588 transmisere,
3010 1524 3134 1595 igne
3180 1526 3433 1578 universa
3478 1541 3581 1577 un-

2019 1613 2185 1683 dique
2227 1613 2573 1683 depascente.
2614 1613 2835 1669 Obsessi
2869 1629 3017 1680 Vero,
3052 1626 3335 1683 postquam
3372 1615 3579 1669 fumum

2020 1702 2077 1761 in
2111 1702 2342 1758 sublime
2376 1714 2753 1772 erumpentem
2790 1704 3066 1767 viderunt,
3100 1705 3243 1759 istud
3284 1705 3580 1760 commenti

2019 1800 2166 1847 sunt.
2202 1792 2401 1848 Parvas
2433 1792 2694 1861 quasdam
2743 1794 2963 1862 lagenas
3007 1794 3270 1863 sulphure
3304 1810 3368 1849 ac
3397 1803 3577 1864 stupa,

2019 1882 2232 1952 aliaque
2264 1883 2490 1937 materia
2518 1885 2585 1936 ad
2621 1883 2798 1952 ignem
2838 1885 3257 1954 concipiendum
3299 1886 3580 1955 aptissima

2019 1972 2272 2041 repletas,
2307 1971 2359 2025 in
2399 1988 2648 2043 aggerem
2682 1974 2919 2029 hostium
2962 1976 3249 2029 miserunt.
3280 1977 3409 2043 Qum
3453 1993 3579 2049 cum

2016 2061 2226 2116 fumum
2253 2063 2504 2117 emittere
2525 2063 2838 2133 cepissent,
2864 2065 2983 2135 igne
3014 2066 3222 2122 scilicet
3250 2067 3363 2136 ipsa
3386 2068 3580 2137 jactio-

2016 2154 2103 2207 nis
2128 2154 2180 2208 vi
2204 2169 2456 2219 accenso,
2481 2154 2532 2209 id
2561 2156 2937 2226 perﬁciebant,
2963 2167 3023 2212 ut
3052 2159 3259 2214 fumum
3288 2174 3355 2213 ex
3384 2176 3578 2229 aggere

2015 2260 2302 2314 erumpere
2355 2248 2718 2315 ignoraretur.
2758 2246 2958 2303 Omnes
3001 2250 3144 2304 enim
3188 2249 3281 2319 qui
3335 2250 3453 2319 ejus
3495 2251 3576 2305 rei

2015 2328 2188 2406 ignari
2218 2346 2394 2399 erant,
2421 2352 2530 2391 non
2562 2337 2780 2391 aliunde
2822 2354 2982 2407 quam
3017 2355 3080 2393 ex
3114 2339 3318 2409 lagenis
3351 2340 3457 2394 illis
3490 2340 3576 2393 fu-

2015 2443 2163 2481 mum
2203 2429 2419 2497 prodire
2469 2430 2908 2499 suspicabantur.
2951 2430 3137 2485 Tertio
3174 2432 3403 2489 demum
3454 2441 3577 2501 post

2013 2512 2123 2585 die,
2155 2519 2382 2574 ﬂamma:
2411 2520 2551 2591 ignis
2579 2537 2643 2575 ex
2681 2531 2824 2576 terra
2870 2523 3204 2591 prodeuntes
3249 2524 3573 2592 apparuere.

2013 2610 2167 2666 Tunc
2180 2626 2309 2665 vero
2326 2612 2504 2666 Persa:
2518 2612 2609 2681 qui
2629 2630 2693 2667 ex
2713 2628 2906 2683 aggere
2924 2614 3256 2684 pugnabant,
3274 2613 3434 2685 [‘07
3450 2629 3575 2669 sen-

2011 2711 2202 2757 serunt
2231 2718 2339 2771 quo
2390 2702 2445 2756 in
2491 2703 2808 2759 discrimine
2855 2706 3015 2774 positi
3038 2712 3239 2759 essent.
3284 2705 3353 2759 At
3397 2704 3573 2759 Chos-

2012 2807 2154 2856 roes,
2210 2793 2368 2861 quasi
2417 2792 2620 2847 divina:
2652 2795 2911 2863 potentia:
2942 2810 3059 2849 sese
3088 2810 3388 2864 opponens,
3418 2811 3574 2864 aqure

2011 2882 2207 2937 ductus
2238 2896 2429 2937 omnes
2458 2883 2551 2953 qui
2584 2895 2734 2939 extra
2764 2885 3039 2939 civitatem
3081 2892 3256 2947 erant,
3292 2884 3347 2937 in
3380 2899 3573 2955 rogum

2011 2974 2283 3036 derivans,
2314 2990 2441 3029 eum
2476 2975 2819 3045 restinguere
2853 2984 3079 3030 conatus
3123 2984 3227 3030 est.
3264 2975 3368 3029 Sed
3412 2991 3573 3044 rogus

2011 3081 2204 3135 aquam
2222 3066 2339 3121 vice
2369 3067 2927 3136 olei,autsulphuris,
2957 3076 3051 3120 aut
3071 3066 3297 3121 alterius
3330 3066 3575 3120 materiae

348 3177 475 3231 χρις
523 3158 588 3215 ἂν
627 3160 684 3214 τὸ
729 3162 837 3215 πᾶν
879 3161 1188 3234 κατήγαγεν
1231 3162 1411 3233 χῶμα,
1452 3162 1547 3216 καὶ
1599 3162 1779 3215 τέλεον
1813 3162 1909 3231 τὴν

2014 3173 2133 3228 quae
2156 3157 2427 3213 ﬂammam
2458 3159 2605 3213 alere
2632 3162 2790 3223 solet,
2809 3158 3124 3223 admittens,
3165 3159 3335 3227 magis
3378 3157 3576 3227 magis-

347 3252 590 3318 ἁγέσταν
628 3252 1009 3323 ἁπετέφρωσε.
1060 3254 1191 3311 Τότε
1214 3253 1260 3306 δ’
1299 3247 1394 3306 οὖν
1428 3253 1457 3305 ὁ
1484 3252 1732 3322 Χοσρόης
1763 3251 1907 3306 ἁπά-

348 3359 473 3404 σαις
519 3345 639 3406 ταῖς
696 3344 909 3399 ἐλπίσιν
966 3342 1306 3414 ἀπειρηκὼς,
1347 3343 1440 3397 καὶ
1477 3342 1566 3395 διὰ
1590 3341 1701 3395 τῶν
1734 3341 1910 3409 ἔργων

349 3434 628 3502 ἱγνωκὼς,
689 3435 765 3499 ὡς
825 3435 1027 3505 πολλὴν
1097 3434 1304 3511 ᾧφελεν
1381 3434 1646 3505 αἰσχύνην
1673 3476 1689 3500 ,
1772 3435 1907 3487 ύποτ-

344 3527 593 3594 τοπήσας
642 3525 738 3580 τοῦ
768 3526 905 3596 πρὸς
932 3526 1089 3597 ἡμῶν
1116 3525 1549 3596 πρεσϐευομένου
1585 3525 1719 3579 Θεοῦ
1752 3542 1910 3596 περι-

348 3615 596 3683 έσεσθαι,
629 3616 724 3672 ὲπὶ
750 3615 820 3670 τὰ
873 3616 1110 3686 σφέτερα
1149 3614 1248 3686 τὴν
1283 3615 1650 3687 ἀποπόρευσιν
1680 3615 1912 3669 ἐποιεῖτο

347 3705 578 3771 ἀκλεῶς.

902 3898 1156 3953 ΚΕΦΛΔ.
1208 3898 1345 3952 KII'.

346 3991 487 4059 Περὶ
520 3989 625 4046 τοῦ
654 3991 971 4061 γεγονότος
997 3990 1067 4043 ἐν
1099 3988 1348 4058 Σενγιου
1388 3988 1561 4043 πόλει
1586 3989 1908 4058 θαύματος.

418 4100 702 4164 Λελέξεται
735 4100 792 4154 δὲ
828 4099 924 4154 καὶ
953 4100 981 4152 ὂ
1022 4098 1162 4153 κατὰ
1192 4098 1290 4168 τὴν
1319 4098 1542 4168 Σεργίου
1568 4098 1801 4151 πολιτῶν
1829 4097 1908 4170 (at)

347 4189 532 4245 ἄλλοτε
556 4189 659 4242 ὑπὸ
685 4189 924 4262 Χοσρόου
947 4188 1187 4258 γέγονεν,
1206 4189 1330 4242 ἐπεὶ
1354 4191 1447 4241 καὶ
1475 4187 1752 4255 ἀξιόλογόν
1773 4190 1907 4252 ἐστι,

348 4284 442 4336 καὶ
472 4282 677 4353 πρέπον
707 4281 877 4345 ὅντως
912 4282 1103 4352 μνήμῃ
1137 4282 1193 4342 ἐς
1230 4281 1315 4333 ἀεὶ
1344 4279 1739 4354 διασωζομὲνῃ.
1778 4281 1909 4335 Ἐπ-

350 4376 477 4445 ἐστη
505 4373 790 4445 καὶταύτῃ
820 4374 849 4425 ὀ
876 4374 1143 4445 Χοσρόης,
1172 4371 1544 4443 ἐκπολιορκεῖν
1572 4373 1740 4444 αὐτὴν
1760 4374 1910 4426 ἐπει-

635 4465 720 4483 οη,
750 4464 792 4483 Os
831 4458 879 4483 41’

2009 3264 2116 3318 que
2166 3248 2582 3315 incendebatur,
2604 3250 2958 3319 qubadusque
2983 3264 3234 3319 aggerem
3260 3249 3574 3307 universum

2008 3338 2400 3408 pessumdedit,
2433 3348 2488 3395 et
2512 3340 2564 3392 in
2594 3338 2805 3394 favillas
2837 3356 2900 3395 ac
2920 3340 3139 3395 cineres
3165 3340 3395 3411 redegit.
3420 3340 3577 3397 'I‘unc

2012 3429 2180 3499 igitur
2244 3430 2518 3485 Chosroes
2560 3432 2801 3485 animum
2853 3431 3072 3501 penitus
3108 3430 3476 3499 despondeus,
3518 3439 3577 3485 et

2007 3521 2379 3591 experimento
2432 3521 2551 3591 ipso
2599 3516 2911 3591 intelligens
2962 3537 3216 3591 magnum
3250 3537 3307 3575 se
3335 3521 3577 3576 dedecus

2009 3612 2281 3678 retulisse,
2306 3612 2401 3683 qui
2447 3622 2722 3682 sperasset
2762 3628 2822 3668 se
2868 3614 2979 3667 Deo
3006 3628 3170 3682 quem
3213 3628 3315 3667 nos
3344 3613 3578 3668 colimus

2008 3704 2345 3774 superiorem
2377 3705 2642 3771 futurum,
2688 3721 2816 3761 cum
2859 3704 3160 3777 ignominia
3200 3704 3257 3758 in
3294 3704 3574 3775 regionem

2007 3811 2162 3852 suam
2206 3811 2466 3851 reversus
2494 3804 2599 3851 εει.

2573 3910 2723 3966 CAP.
2779 3910 3014 3966 XXVIII.

2181 3999 2258 4053 De
2293 3999 2549 4055 miraculo
2578 4001 2714 4071 quod
2746 4000 2944 4071 factum
2974 4007 3050 4053 est
3081 3997 3391 4071 Sergiopoli.

2078 4108 2331 4165 Referam
2364 4128 2510 4167 nunc
2539 4112 2593 4167 id
2623 4113 2768 4183 quod
2805 4113 2873 4167 ab
2907 4112 3100 4167 eodem
3159 4110 3402 4165 Chosroe
3440 4107 3574 4164 alibi

2008 4215 2219 4274 gestum
2244 4211 2328 4257 est
2351 4203 2496 4258 circa
2523 4203 2715 4258 urbem
2747 4203 3129 4274 Sergiopolim.
3164 4202 3260 4256 Est
3286 4202 3431 4255 enim
3460 4200 3578 4255 exi-

2008 4295 2197 4359 mium,
2233 4293 2569 4364 dignumque
2593 4309 2816 4363 prorsus
2846 4293 2991 4363 quod
3026 4292 3369 4362 sernpiterme
3398 4291 3576 4345 homi-

2007 4397 2141 4437 num
2168 4384 2445 4437 memoriaa
2474 4384 2908 4438 commendetur.
2943 4383 3153 4452 Quippe
3179 4384 3453 4438 Chosroes
3505 4382 3575 4438 ad

346 4466 593 4534 γόμενος.
635 4465 722 4527 Ὠς
747 4464 792 4517 δ’
821 4462 914 4517 οὖν
942 4463 1050 4516 τῶν
1073 4462 1269 4532 τειχῶν
1294 4464 1648 4531 ἀπεπειρᾶτο,
1680 4464 1748 4517 τὰ
1782 4465 1910 4535 περὶ⁵

2014 4473 2154 4528 banc
2199 4488 2421 4543 quoque
2471 4474 2665 4529 urbem
2707 4475 2956 4540 accessit,
2987 4490 3297 4545 expugnare
3325 4491 3444 4528 eam
3481 4490 3579 4528 cu-

348 4558 445 4623 τῆς
479 4553 751 4624 σωτηρίας
779 4554 877 4624 τῆς
905 4554 1112 4617 πόλεως
1164 4552 1299 4622 πρὸς
1340 4553 1614 4622 ἑκατέρων
1644 4553 1903 4607 ὲλαλεϊτιν

347 4646 438 4702 καὶ
471 4644 857 4714 συμϐαίνουσιν
885 4643 961 4706 ὦς
996 4660 1055 4699 τε
1089 4644 1156 4697 τὰ
1196 4644 1315 4712 ίερὰ
1344 4642 1601 4714 κειμήλια
1630 4643 1904 4716 λύτρα.τῇ
1932 4664 1947 4669 ‘

349 4737 495 4789 πόλει
531 4736 798 4803 γενέσθαι,
840 4737 897 4789 ἐν
924 4732 1006 4798 οἷς
1038 4734 1387 4804 καθειστήκει
1415 4736 1511 4787 καὶ
1541 4736 1771 4806 σταυρὸς
1798 4738 1903 4791 ὑπὸ

359 4825 728 4882 Ἰουστινιανοῦ
779 4825 889 4899 (65)
924 4825 1020 4882 καὶ
1075 4824 1358 4895 Θεοδώρας
1403 4825 1691 4920 πεμφθείς.
1730 4826 1820 4891 Ὦς
1858 4827 1903 4881 δ’

2013 4564 2188 4633 piens.
2240 4563 2375 4618 Cum
2429 4564 2593 4635 igitur
2644 4565 2862 4620 incusso
2912 4566 3083 4619 ariete
3121 4581 3304 4619 muros
3349 4574 3578 4634 quatere

2006 4653 2119 4724 jam
2168 4654 2443 4723 coepisset,
2480 4655 2738 4724 oppidani
2772 4671 2898 4711 cum
2944 4672 3010 4710 eo
3054 4657 3385 4725 colloquium
3432 4657 3574 4710 inie-

2010 4750 2160 4808 runt,
2193 4744 2472 4798 servanda:
2517 4745 2669 4798 urbis
2707 4760 2888 4799 causa.
2923 4744 3274 4814 Tandemque
3303 4745 3447 4799 inter
3480 4760 3576 4798 eos

2010 4834 2291 4899 convenit,
2321 4842 2380 4888 ut
2420 4850 2575 4889 sacra
2619 4835 2880 4890 Ecclesiae
2910 4850 3035 4889 vasa
3066 4851 3167 4905 pro
3197 4834 3574 4905 redemptione

1522 4941 1608 4996 VA
1618 4940 1793 4999 LESlI
1826 4943 2381 5006 ANNOTATIUNES.

348 5036 543 5091 citatur
570 5034 626 5090 in
650 5037 883 5107 septima
904 5035 1118 5107 synodo
1144 5034 1507 5107 (acumenica,
1557 5050 1680 5107 pag.
1715 5037 1817 5091 615
1849 5046 1905 5092 et

346 5107 639 5161 aBarlaam
697 5105 753 5160 in
802 5105 901 5160 lib.
934 5105 1133 5162 Contra
1172 5105 1412 5161 Latinos.
1466 5106 1540 5159 De
1593 5106 1696 5160 hac
1741 5123 1907 5162 norro

350 5123 639 5161 auartaam
697 5123 753 5160 in
802 5123 901 5160 un.
934 5123 1133 5162 contra
1172 5123 1412 5161 caunos.
1466 5123 1540 5159 ue
1593 5123 1696 5160 nac
1777 5123 1907 5162 οτι-ο

350 5175 584 5247 imagine
607 5191 716 5230 non
746 5176 1089 5247 manufacta,
1126 5191 1290 5247 quam
1320 5175 1578 5247 Christus
1606 5175 1681 5247 ad
1729 5123 1908 5247 Κείω-

350 5244 713 5300 rum'misisse
730 5246 963 5311 dicitur,
994 5244 1128 5300 Vide
1161 5245 1486 5302 Gretserum
1528 5245 1584 5298 in
1630 5244 1801 5300 libro'
1830 5247 1907 5300 De

349 5315 661 5384 imaginibus
711 5333 816 5369 non
870 5316 1210 5384 manufactis.
1256 5313 1531 5369 Cmterum
1592 5316 1904 5370 notandum

348 5383 577 5448 est,’nec
605 5385 675 5439 ab
702 5386 945 5442 Eusebio
972 5383 1156 5440 in'lib.
1183 5399 1201 5440 ι
1234 5384 1483 5439 Historiw
1519 5383 1902 5442 ecclesiasticae.

2003 5056 2106 5112 nec
2131 5041 2451 5112 aAProcopio
2486 5041 2542 5097 in
2574 5042 2866 5098 obsidione
2914 5042 3072 5099 urbis
3130 5040 3447 5103 Edessena},
3480 5040 3573 5112 Vul-

2002 5109 2109 5164 Iam
2144 5109 2264 5167 ﬁeri
2295 5109 2630 5167 méutionem
2658 5112 2914 5183 imaginis
2952 5129 2983 5167 a
3035 5111 3259 5168 Christo
3294 5113 3361 5166 ad
3391 5111 3575 5180 Agba-

2008 5195 2129 5233 rum
2168 5196 2353 5249 regem
2392 5183 2746 5237 transmissa.
2780 5182 2983 5237 ’Solam
3020 5183 3167 5236 enim
3224 5182 3510 5249 epistolam
3540 5194 3573 5233 a

2001 5249 2221 5321 Christo
2245 5250 2311 5304 ad
2335 5266 2461 5305 eum
2480 5252 2702 5307 missam
2724 5266 2845 5306 esse
2857 5253 3109 5307 scribunt
3126 5266 3224 5321 per
3236 5249 3572 5307 Thaddaaum

2002 5320 2337 5388 apostolum.

2072 5389 2186 5460 (65)
2225 5389 2492 5459 Σταυρὸς
2520 5391 2640 5446 ὑπὸ
2674 5391 3134 5448 ἰουστινιανοῦ.
3169 5394 3246 5449 De
3282 5393 3385 5447 hac
3405 5402 3576 5445 cruce

1760 5499 2140 5559 VARIORUM.

411 5588 647 5664 (x)_Ti.r
682 5590 927 5664 Σερτίου
958 5592 1233 5664 πολιτῶν.
1275 5591 1620 5664 Legendum
1671 5596 1905 5664 conjun-

349 5658 976 5732 οῑὶιιιΣεργιουπολιτῷν.
1010 5661 1144 5714 Vide
1166 5658 1400 5717 similem
1441 5663 1665 5732 phrasin
1702 5658 1799 5717 libV.
1841 5679 1896 5729 v,

349 5745 462 5801 cap.
493 5731 581 5801 t7.
614 5730 930 5801 initio.7(W.
953 5730 1193 5801 Lowm.)
1217 5732 1310 5787 Est
1340 5730 1526 5787 autem
1561 5732 1901 5799 SergiOpolis

349 5745 404 5783 ca
449 5769 462 5782 .
493 5745 581 5789 ιι.
614 5745 793 5784 mtuo.
846 5745 930 5784 w.
954 5745 1193 5801 Lowm)
1217 5745 1310 5787 15st
1340 5745 1526 5787 autem
1561 5745 1899 5799 bergmpous

500 5798 691 5872 Syriae,
717 5800 775 5855 in
797 5745 1161 5881 liuphratesia
1195 5802 1501 5883 provincia,
1537 5802 1605 5867 ad
1648 5802 1899 5884 Euphra-

2012 5602 2122 5649 tem
2149 5594 2410 5667 ﬂuvium;
2444 5594 2576 5667 sica
2608 5604 2799 5649 sancto
2824 5595 3018 5667 Sergio
3050 5596 3172 5651 cive
3205 5596 3452 5667 Romano
3493 5590 3570 5647 ibi

2009 5680 2133 5719 cum
2161 5676 2352 5719 sancto
2387 5665 2600 5719 Baccho
2626 5663 2956 5735 martyriuni
2985 5682 3148 5735 passo
3200 5667 3365 5725 dicta,
3418 5663 3574 5735 Sum

2046 5735 2276 5788 roxima.
2308 5735 2656 5803 (BAUDMNDJ
2682 5733 2815 5789 Erat
2846 5736 2962 5791 haec
2986 5733 3155 5792 tertia
3203 5733 3466 5793 Chosrois
3512 5733 3572 5789 in

2053 5819 2283 5862 omanos
2300 5804 2601 5877 eXpeditio,
2627 5821 2773 5861 anno
2804 5806 2930 5861 5&2.
