4018 6510
313 342 470 409 2⁵153

1285 336 1676 403 ῙῙῙΒΤΟΒΠΕ
1709 332 2299 401 ECCLESIASTIC/E
2333 334 2568 401 LIBER
2600 339 2707 404 IV.

3436 301 3599 403 ωε

318 473 429 509 σαν
460 449 754 525 ἀμοιϐαδὸν
779 448 1151 522 περιέδραμεν
1179 449 1529 522 οἰκουμένην,
1562 451 1785 513 οὐδένας
1818 451 1901 504 ἀν-

2012 450 2235 518 quidem
2278 451 2516 520 sumpsit
2560 464 2627 504 ex
2672 447 2971 519 (Ethiopia,
3000 458 3063 505 ut
3105 458 3239 506 tunc
3269 450 3593 510 ferebatur:

282 616 290 622 ἢ
317 549 561 617 θρὼπων
588 541 743 615 οἰμαι
765 545 1099 615 ἀπειράτους
1135 541 1228 597 τοῦ
1256 544 1563 614 νοσήματος
1592 543 1910 597 καταλελοι-

316 641 448 702 πός.
482 639 592 692 Καὶ
623 637 765 691 ἔνιαι
800 638 898 705 μὲν
929 636 1120 699 πόλεις
1166 637 1260 711 ἐπὶ
1289 636 1548 689 τοσοῦτον
1578 636 1912 707 κατεσχέθη-

319 746 447 794 σαν,
480 730 608 799 ἄχρι
642 730 737 781 καὶ
783 726 879 780 τοῦ
930 728 1254 781 παντάπασι
1298 728 1461 791 κενὰς
1490 728 1793 799 οἰκητόρων
1820 743 1912 796 γε·

314 820 530 875 νέσθαι.
564 820 721 871 Ἔστι
756 819 813 872 δὲ
851 810 913 871 οὗ
959 818 1359 890 ἐπιλαϐόμενον
1420 819 1482 872 τὸ
1539 818 1732 885 πάθος,
1785 837 1911 873 κου-

313 910 551 980 φότερον
592 908 881 977 μετῆλθεν.
932 906 1071 961 Οὔτε
1122 908 1180 961 δὲ
1231 909 1373 963 κατὰ
1402 909 1648 981 περίοδόν
1675 927 1793 963 τινα
1823 926 1911 962 τε-

309 1001 605 1070 ταγμένην
638 1001 994 1068 ὲνὲσκηπτεν,
1046 999 1173 1053 οὔτε
1222 996 1289 1055 αὖ
1344 1001 1680 1071 ὲπισκῆψαν,
1711 1002 1911 1072 ὁμοίως

312 1093 625 1165 ἀπεχώρει.
670 1094 835 1148 Ἀλλά
866 1110 1020 1158 τινας
1073 1095 1171 1165 μὲν
1206 1096 1405 1159 τόπους
1452 1096 1715 1167 χειμῶνος
1746 1098 1909 1168 ἀρχο-

320 1188 493 1258 μένου
533 1190 788 1257 κατεῖχεν
818 1227 834 1251 ,
885 1187 1107 1257 ἐτέρους
1135 1189 1191 1242 δὲ
1224 1184 1359 1260 ἦρος
1389 1189 1779 1254 διατελοῦντος,
1811 1190 1910 1245 ἄλ-

318 1279 452 1342 λους
489 1278 796 1349 θερίζοντος
855 1279 1007 1349 (66),
1062 1282 1253 1359 ἐνιαχῆ
1324 1281 1381 1334 δὲ
1438 1282 1532 1335 καὶ
1591 1281 1908 1353 μετοπώρου

316 1372 626 1443 προϊόντος.
653 1373 762 1425 Καὶ
791 1372 939 1425 ἐστιν
978 1373 1107 1426 ἔνθα
1137 1364 1338 1443 μέρους
1362 1375 1573 1439 πόλεως
1602 1375 1905 1445 ἁψάμενον,

314 1465 433 1518 τῶν
472 1481 539 1533 γε
568 1464 745 1519 ἄλλων
788 1465 1106 1535 ἀπήλλακτο
1143 1466 1359 1535 μερῶν·
1396 1468 1493 1520 καὶ
1545 1468 1810 1531 πολλάκις
1838 1464 1909 1539 ἦν

322 1556 457 1608 ἰδεῖν
480 1558 538 1608 ὲν
562 1556 624 1609 οὑ
658 1554 893 1629 νοσούσῃ
918 1555 1092 1617 πόλει.
1127 1557 1275 1620 ἐνίας
1308 1558 1485 1621 οἰκίας
1517 1561 1571 1621 ἐς
1600 1559 1909 1631 ὑπερϐολὴν

317 1649 714 1719 φθειρομένας.
756 1651 913 1703 Ἔστι
951 1649 1007 1702 δὲ
1039 1644 1100 1704 οὗ
1136 1652 1271 1719 μιᾶς
1302 1651 1335 1719 ἢ
1366 1650 1460 1704 δύο
1496 1651 1808 1720 φθαρεισῶν
1833 1652 1911 1703 οἰ-

316 1742 482 1807 κιῶν,
514 1742 575 1795 τὸ
620 1742 807 1795 λοιπὸν
845 1743 947 1813 τῆς
973 1743 1181 1806 πόλεως
1215 1743 1426 1807 ἀπαθὲς
1452 1746 1774 1814 μεμενήκει.
1814 1743 1909 1806 Ὠς

316 1832 379 1886 δέ
414 1850 478 1899 γε
511 1834 570 1896 ἐς
600 1832 663 1886 τὸ
689 1834 917 1904 ἀκριϐὲς
948 1835 1352 1905 ἐπισκέψαντες
1389 1836 1823 1906 κατειλήφαμεν,
1853 1839 1908 1889 αἰ
1941 1814 1981 1869 Β

1979 1925 2214 1979 -intacta
2245 1924 2528 1978 remansit.
2559 1925 2831 1977 Caeterum
2865 1933 2927 1977 ut
2959 1940 3016 1978 re
3041 1924 3307 1978 attentius
3338 1924 3595 1979 conside-

316 1924 556 1987 ἀπαθεῖς
595 1924 847 1994 μείνασαι
898 1926 1066 1979 οἰκίαι
1116 1925 1260 1980 κατὰ
1303 1927 1395 1980 τὸν
1428 1928 1628 1998 ἑφεξῆς
1661 1930 1908 1983 ἐνιαυτὸν

320 2012 485 2084 μόναι
515 2014 913 2070 ἐπεπόνθεσαν.
965 2015 1039 2068 Τὸ
1073 2014 1133 2067 δὲ
1181 2014 1403 2069 πάντων
1452 2018 1905 2089 παραδοξότερον,

312 2104 481 2158 τοῦτο
506 2100 595 2174 ἦν,
622 2107 704 2159 ὅτι
728 2106 783 2158 εἴ
800 2122 863 2174 γε
888 2105 1170 2159 συνέϐαινε
1193 2107 1303 2161 τῶν
1329 2107 1676 2178 εἰλημμένων
1700 2111 1908 2163 πόλεων

311 2197 618 2267 οἰκήτορας
654 2198 883 2268 ἑτέρωθι
914 2197 1120 2264 διάγειν
1170 2196 1302 2251 ἔνθα
1345 2198 1403 2251 τὸ
1451 2199 1625 2261 πάθος
1676 2200 1777 2253 οὐκ
1808 2202 1908 2253 ὲπ-

319 2286 562 2357 έσκηψε,
613 2289 849 2342 κάκεῖνοι
886 2289 1038 2359 μόνοι
1071 2292 1183 2351 τοῖς
1226 2289 1544 2359 παθήμασιν
1586 2290 1905 2359 ἡλίσκοντο,

310 2380 454 2432 τοίὲκ
474 2379 585 2431 τῶν
609 2381 986 2451 κρατηθεισῶν
1010 2384 1218 2437 πόλεων
1236 2385 1293 2437 ἐν
1317 2387 1437 2447 ταῖς
1451 2382 1687 2437 ἀπαθέσι
1718 2384 1907 2438 πόλεσι

312 2470 688 2542 διαιτώμενοι.
719 2475 828 2526 Καὶ
859 2474 1031 2529 ταῦτα
1064 2477 1164 2547 μὲν
1206 2475 1466 2539 πολλάκις
1506 2478 1565 2531 ἐν
1596 2479 1716 2537 ταῖς
1751 2494 1908 2547 περι-

312 2565 462 2628 όδοις
508 2565 618 2617 τῶν
670 2565 887 2619 κύκλων
941 2566 1049 2619 τῶν
1095 2568 1449 2638 καλουμένων
1502 2568 1902 2637 ὲπινεμήσεων,

313 2656 443 2717 ταῖς
475 2655 666 2707 πόλεσι
697 2655 791 2709 καὶ
820 2657 931 2718 τοῖς
961 2657 1168 2728 ἑτέροις
1204 2658 1445 2725 ἐγίνοντο
1489 2658 1697 2720 τόποις.
1731 2658 1906 2712 Μάλι-

316 2758 422 2797 στα
452 2744 510 2797 δὲ
536 2745 864 2817 πανολεθρία
894 2747 1080 2816 σχεδὸν
1104 2750 1216 2811 τοῖς
1235 2747 1547 2818 ἀνθρώποις
1573 2750 1901 2816 ἐπέπιπτεν,

313 2838 382 2890 ὲν
428 2832 463 2912 ᾖ
502 2838 742 2908 δευτέρῳ
788 2838 901 2892 ἔτει
940 2838 1055 2908 (6ῗ)
1088 2839 1163 2911 (y)
1197 2840 1297 2909 τῆς
1323 2841 1905 2912 πεντεκαιδεκαετηρί-

296 2928 406 2992 νϐος
459 2928 554 2983 τοῦ
608 2930 833 2986 κύκλου.
875 2930 965 2995 Ὠς
1005 2932 1103 2986 καὶ
1140 2934 1241 3003 ἐμὲ
1286 2934 1378 2986 τὸν
1427 2935 1602 2988 ταῦτα
1657 2935 1903 3007 συγγρά-

291 3020 499 3090 ⁶ψιινιια
533 3022 799 3091 (συνεῖδον
836 3025 945 3094 γὰρ
977 3024 1072 3078 καί
1104 3024 1173 3078 τὰ
1214 3028 1334 3078 κατ’
1352 3026 1453 3096 ἐμὲ
1484 3030 1802 3096 παρυφὰναι
1834 3031 1900 3100 τῇ

2011 556 2230 595 onmem
2268 557 2401 596 vero
2444 550 2717 596 terrarum
2765 543 2957 596 orbem
3002 558 3102 613 per
3132 543 3397 612 quasdam
3446 547 3599 603 vices

2010 635 2342 705 peragravit,
2377 635 2578 699 nullos,
2614 644 2676 689 ut
2707 636 2925 704 opinor,
2956 636 3215 690 mortales
3245 637 3481 693 intactos
3509 654 3598 693 re-

2010 726 2284 796 linquens.
2316 726 2395 781 Ac
2422 727 2700 780 nonnullm
2722 727 2945 796 quidem
2975 728 3142 781 urbes
3181 743 3243 782 ea
3288 729 3598 784 calamitate

2010 820 2147 874 adeo
2172 827 2381 875 vexatae
2410 828 2558 885 sunt,
2588 827 2649 873 ut
2690 818 2886 873 incolis
2919 819 3139 888 penitus
3185 835 3369 874 vacua:
3412 836 3596 874 rema-

2010 921 2227 968 nerent.
2272 912 2332 966 In
2364 911 2695 982 quibusdam
2726 922 2907 965 autem
2944 911 3099 975 locis,
3126 928 3247 981 qua:
3288 927 3596 982 occupave-

2011 1014 2117 1066 rat,
2170 1006 2345 1060 levius
2391 1005 2732 1076 perstrinxit.
2771 1005 2959 1074 Neque
2996 1020 3131 1059 vero
3178 1015 3327 1060 certa
3357 1006 3595 1075 quadam

2009 1097 2141 1152 anni
2186 1105 2509 1166 tempestate
2546 1096 2899 1151 incumbebat
2941 1095 3058 1149 hazc
3105 1095 3267 1149 lues:
3296 1111 3399 1149 nec
3440 1105 3596 1166 post-

2010 1205 2175 1260 quam
2234 1189 2611 1251 incubuisset,
2668 1188 2836 1243 simili
2890 1187 3055 1241 modo
3110 1187 3424 1241 recedebat.
3485 1188 3596 1243 Sed

2008 1282 2273 1336 nonnulla
2303 1281 2525 1351 quidem
2555 1282 2673 1335 loca
2707 1280 2866 1335 initio
2907 1278 3109 1334 hiemis
3132 1281 3425 1349 occupavit
3450 1297 3462 1332 :
3490 1280 3597 1334 alia

2008 1388 2183 1428 verno
2234 1384 2481 1443 tempore
2510 1390 2523 1425 :
2555 1372 2802 1441 qumdam
2851 1379 3061 1434 aestate,
3110 1372 3216 1425 alia
3261 1372 3596 1441 procedente

2010 1473 2294 1518 autumno.
2328 1464 2398 1517 Et
2430 1463 2482 1516 in
2525 1463 2647 1518 aliis
2688 1462 2911 1532 quidem
2944 1462 3198 1527 urbibus,
3228 1478 3352 1515 cum
3383 1463 3599 1531 aliquas

2008 1567 2195 1627 partes
2224 1556 2514 1625 attigisset,
2560 1571 2591 1610 a
2642 1555 2872 1625 reliquis
2914 1555 3201 1609 abstinuit.
3234 1557 3312 1610 Ac
3345 1570 3597 1624 sapenu-

2010 1665 2163 1703 mero
2198 1665 2427 1704 cernere
2462 1649 2684 1712 licebat,
2719 1648 2773 1702 in
2813 1648 2951 1703 urbe
2982 1665 3104 1718 quae
3135 1664 3245 1702 non
3280 1657 3594 1718 aegrotaret,

2009 1739 2269 1808 quasdam
2319 1738 2555 1793 familias
2604 1738 2855 1793 funditus
2898 1738 3148 1793 interire.
3180 1738 3396 1792 Alicuhi
3437 1753 3592 1800 vero,

2010 1846 2118 1885 una
2148 1839 2245 1886 aut
2289 1831 2462 1885 altera
2497 1830 2702 1885 familia
2753 1841 3099 1901 consumpta,
3147 1831 3359 1900 reliqua
3402 1830 3598 1886 civitas

2009 2021 2125 2069 rata
2157 2014 2591 2079 observavimus,
2643 2014 2865 2069 familiae
2914 2016 3022 2069 illm
3069 2031 3191 2084 quae
3236 2016 3454 2070 intactae
3503 2031 3593 2069 re-

2008 2114 2345 2170 manserant,
2389 2113 2654 2175 sequente
2697 2121 2845 2161 anno
2879 2108 3009 2162 sola:
3050 2106 3191 2161 hanc
3223 2106 3594 2161 calamitatem

2009 2207 2249 2268 expertae
2274 2207 2423 2255 sunt.
2454 2198 2604 2253 Istud
2634 2214 2764 2253 vero
2789 2216 2901 2269 prae
2932 2199 3161 2270 reliquis
3192 2200 3450 2254 omnibus
3478 2200 3594 2252 sin-

2008 2289 2183 2360 gulari
2214 2289 2578 2347 admiratione
2620 2290 2849 2361 dignum
2892 2291 3019 2355 fuit,
3052 2292 3199 2362 quod
3247 2292 3291 2345 si
3326 2292 3420 2360 qui
3452 2291 3595 2345 forte

2007 2380 2159 2437 cives
2197 2397 2385 2436 earum
2421 2382 2642 2437 urbium
2689 2398 2827 2452 quas
2868 2385 3039 2453 pestis
3082 2384 3173 2437 illa
3221 2384 3590 2453 corripuerat,

2008 2473 2140 2527 alibi
2171 2473 2435 2544 degerent
2464 2475 2521 2529 in
2553 2474 2693 2530 locis
2732 2475 2789 2529 in
2815 2491 2936 2545 quae
2964 2476 3084 2531 lues
3122 2476 3214 2529 illa
3248 2476 3473 2529 minime
3503 2475 3591 2528 in-

2009 2566 2298 2632 cubuerat,
2326 2568 2426 2622 soli
2454 2568 2558 2624 hoc
2585 2568 2780 2623 morbo
2802 2568 3249 2638 corripiebantur
3271 2568 3372 2631 illi,
3401 2568 3494 2636 qui
3520 2581 3590 2621 ex

2007 2660 2244 2716 urbibus
2285 2661 2601 2731 pestilentia
2631 2661 2851 2716 infectis
2882 2661 3128 2724 oriundi,
3165 2661 3220 2714 in
3261 2660 3483 2714 intactis
3507 2659 3589 2714 ci-

2003 2752 2272 2808 vitatibus
2300 2753 2681 2808 morabantur.
2712 2754 2781 2808 Et
2816 2752 2932 2807 haec
2959 2752 3183 2822 quidem
3213 2767 3356 2820 δαιρο
3387 2760 3499 2804 tum
3534 2750 3590 2804 in

2005 2843 2260 2907 urbibus,
2302 2852 2416 2897 tum
2447 2843 2572 2898 aliis
2608 2843 2663 2898 in
2709 2842 2846 2897 locis
2890 2841 3241 2906 eveniebant,
3277 2840 3592 2895 labentibus

2005 2937 2231 2992 circulis
2252 2951 2392 3007 quos
2410 2936 2574 3008 vulgo
2596 2936 2928 2991 indictiones
2949 2935 3247 3005 appellant.
3268 2934 3431 3006 409
3455 2936 3591 2989 Prae-

2004 3029 2165 3099 cipue
2200 3039 2379 3083 tamen
2410 3043 2557 3082 anno
2584 3028 2828 3083 secundo
2868 3028 3301 3097 uniuscujusque
3333 3026 3592 3080 indictio-

319 3114 557 3188 ἱστορίᾳ,
576 3115 646 3168 τὰ
674 3115 961 3185 πρόσφορα
981 3118 1091 3180 τοῖς
1117 3118 1449 3188 πρόσφοροις
1474 3119 1752 3191 ἁρμόζων)
1781 3122 1899 3173 κατ’

2005 3119 2111 3183 nis,
2143 3119 2382 3174 exitialis
2408 3119 2685 3188 pernicies
2717 3119 2906 3189 generi
2939 3119 3179 3173 humano
3208 3118 3586 3172 incumbebat.

316 3207 497 3277 ἀρχὰς
530 3208 628 3277 μὲν
654 3206 747 3261 οὖν
793 3208 889 3261 τοῦ
922 3209 1168 3263 τοιούτου
1225 3210 1430 3275 πάθους
1474 3212 1747 3282 ληφθῆναι
1791 3215 1905 3276 τοῖς

312 3300 676 3370 καλουμένοις
708 3299 975 3370 βουϐὦσιν
996 3343 1011 3366 ,
1048 3302 1108 3365 ἐς
1138 3302 1632 3373 χαμαιδιδασκάλου
1678 3303 1790 3373 (68)
1823 3304 1905 3357 ἔτι

316 3392 612 3459 φοιτῶνταο
648 3392 943 3446 ἀποϐαλεῖν
966 3393 1024 3446 δὲ
1049 3395 1109 3447 ὲν
1133 3397 1245 3457 τοῖς
1274 3395 1545 3465 διαφόρως
1564 3396 1904 3467 ἐπισκήψασι

314 3482 580 3548 τοιούτοις
609 3484 829 3549 πάθεσι,
860 3484 1088 3549 πολλούς
1122 3502 1183 3538 τε
1211 3485 1319 3539 τῶν
1351 3486 1410 3553 ἐξ
1441 3486 1575 3557 ἐμοῦ
1606 3487 1901 3558 προελθόν-

314 3592 450 3638 των,
482 3576 576 3628 καὶ
606 3576 852 3647 γαμετὴν
890 3578 986 3649 καὶ
1017 3579 1117 3649 τῆς
1147 3577 1341 3647 λοιπῆς
1370 3578 1712 3647 συγγενείας,
1747 3579 1895 3633 οἰκέ-

312 3678 418 3729 τας
445 3682 505 3718 τε
543 3667 638 3720 καὶ
668 3668 906 3738 χωρίτας
960 3668 1073 3739 (69)
1124 3668 1511 3738 παμπόλλους*
1563 3668 1751 3739 ὥσπερ
1787 3671 1896 3725 τῶν

316 3758 536 3812 κύκλων
564 3758 674 3812 τῶν
708 3761 1084 3832 ἑπινεμήσεων
1114 3760 1212 3824 τὰς
1241 3762 1299 3824 ἐς
1342 3761 1443 3830 ἐμὲ
1479 3762 1762 3831 συμφορὰς
1795 3778 1896 3832 μα-

2002 3209 2157 3264 Adeo
2204 3220 2263 3264 ut
2308 3226 2393 3265 me
2440 3225 2660 3279 quoque
2709 3210 2802 3279 qui
2852 3209 2955 3264 ista
2990 3209 3175 3264 scribo
3206 3209 3404 3278 (visum
3439 3210 3587 3263 enim

2001 3308 2086 3355 est
2114 3316 2179 3355 ea
2222 3315 2444 3370 quoque
2488 3315 2610 3368 qua:
2653 3299 2721 3353 ad
2753 3314 2840 3354 me
2874 3307 3147 3369 spectant,
3180 3299 3311 3353 huic
3342 3299 3588 3354 historiae

2001 3392 2270 3458 intexere,
2317 3408 2557 3464 congrua
2601 3393 2738 3446 locis
2782 3394 3040 3463 congruis
3087 3391 3428 3461 inserendo),
3477 3407 3586 3457 tne,

2002 3483 2245 3554 inquam,
2278 3483 2409 3538 dum
2442 3482 2923 3551 grammaticorum
2976 3483 3195 3537 Scholas
3245 3482 3426 3537 adhuc
3473 3482 3586 3536 fre-

2002 3587 2327 3648 quentarem
2364 3577 2467 3631 sub
2509 3577 2681 3647 pestis
2725 3576 2870 3630 illius
2900 3576 3210 3641 exordium,
3245 3576 3365 3630 lues
3404 3575 3585 3645 ingui-

2002 3669 2159 3723 naria
2197 3667 2566 3736 corripuerit:
2611 3675 2668 3720 et
2718 3667 2774 3720 in
2822 3666 3033 3720 morbis
3080 3666 3191 3720 illis
3235 3666 3327 3735 qui
3365 3665 3584 3721 diverso

2004 3769 2251 3829 tempore
2292 3758 2687 3825 incubuerunt,
2726 3768 2842 3812 tum
2874 3759 3076 3812 multos
3100 3774 3164 3812 ex
3199 3757 3391 3811 liberis
3424 3756 3587 3822 meis,

315 3849 644 3921 ριζομένων.
694 3854 824 3906 Ὅτε
855 3853 900 3906 δ’
943 3848 1039 3908 οὖν
1082 3853 1257 3907 ταῦτα
1287 3852 1546 3922 ἔγραφον,
1579 3854 1765 3921 ὄγδοον
1803 3856 1900 3906 καὶ

2005 3863 2121 3909 ῑιιιιι
2149 3868 2376 3907 uxorem
2413 3861 2470 3907 et
2505 3860 2769 3921 cognatos
2794 3852 3107 3920 complures
3132 3850 3430 3911 amiserim.
3464 3866 3584 3903 ser-

313 3945 685 4014 πεντηκοστὸν
715 3945 816 4017 τῆς
844 3944 1060 4016 ἡλικίας
1091 3944 1203 4015 (70)
1241 3945 1390 4014 ἄγων
1420 3944 1561 4009 ἔτος,
1605 3946 1668 3999 οὐ
1708 3945 1898 4018 πρόσω

2002 3960 2104 3998 vos
2148 3941 2280 3997 item
2329 3950 2386 3997 et
2431 3942 2669 3997 rusticos
2711 3941 3145 4012 quamplurimos
3176 3958 3189 3995 :
3220 3940 3583 3995 indictionum

1480 4064 1757 4119 VALESll
1795 4060 2357 4119 ANNOTATIONES.

384 4155 502 4279 (66g
526 4156 784 4221 Ἄλλους
818 4154 1167 4225 θερίζοντος.
1225 4158 1593 4242 Scribendum
1622 4171 1756 4230 puto
1804 4161 1897 4214 ἀλ-

384 4246 443 4279 u:
509 4227 667 4279 éoou:
706 4227 879 4279 ὄντος.
951 4229 1415 4279 quemadmodum
1477 4233 1679 4279 legitur
1747 4231 1895 4279 amid

2098 4160 2209 4229 (69)
2255 4158 2505 4224 Οἰκέτας
2538 4174 2601 4210 τε
2632 4159 2731 4213 καὶ
2770 4158 3045 4228 χωρίτας.
3083 4156 3140 4210 Id
3185 4165 3288 4220 est,
3326 4172 3498 4210 servos
3529 4166 3581 4211 et
3630 4196 3641 4207 .

2002 4230 2237 4279 colonos:
2261 4231 2487 4279 νωοῖται
2508 4228 2656 4279 enim
2686 4239 2815 4279 sunt
2846 4228 3060 4279 rustici.
3090 4243 3185 4279 seu
3237 4227 3441 4279 coloni.
3481 4229 3577 4279 oui

309 4227 443 4324 ξονς
474 4227 667 4324 θέρους
706 4227 879 4307 όντος,
951 4229 1416 4324 ηιέθιιιιξιάιῐιοάυω
1476 4227 1679 4303 legitur
1747 4231 1896 4302 apud
1929 4270 1974 4324 Β
2002 4227 2237 4313 catenas;
2261 4231 2492 4324 χωρῖται
2504 4228 2656 4309 enim
2686 4239 2815 4283 sunt
2846 4228 3060 4309 rustici:
3090 4243 3185 4324 sein
3237 4227 3441 4324 COIOI‘l‘i‘,

294 4296 781 4377 Nicephoruij
808 4313 931 4377 cap_.
962 4296 1174 4377 18_lib.
1206 4316 1341 4377 xvu.
1400 4371 1413 4377 _
1600 4372 1611 4377 Α
1708 4371 1723 4377 _
1782 4296 1800 4302 ”
1827 4372 1839 4377 Α
1929 4296 1974 4324 ν
2003 4302 2172 4377 etiam
2206 4296 2432 4377 meo!
2462 4299 2834 4377 dicuntanut
2866 4297 3151 4377 notavihad
3185 4312 3310 4366 cap.
3359 4296 3572 4377 κιρ-ιιι).

390 4362 504 4434 (67)
539 4368 642 4421 Ἔν
670 4362 710 4437 ᾖ
742 4362 1001 4435 δευτέρῳ
1031 4369 1171 4423 ἔτει.
1196 4371 1483 4426 Assentior
1509 4369 1645 4427 viris
1691 4371 1897 4436 doctis,

320 4438 422 4510 qui
472 4438 846 4510 emendarunt
885 4439 944 4510 ἐν
977 4438 1319 4510 τῷίδευτέρῳ
1368 4442 1499 4506 ἔτει,
1535 4441 1898 4510 quemadmo-

324 4508 675 4579 dumlegitur
705 4508 851 4579 apud
884 4508 1375 4578 Nicephoruntha
1398 4508 1817 4567 certe—Savilius
1839 4514 1895 4568 in

323 4578 574 4651 margine
593 4578 678 4651 sui
698 4578 1313 4651 codicisemendavit,et
1330 4582 1668 4636 hancnotam
1684 4582 1893 4651 adjicit,

323 4648 471 4722 anno
502 4648 697 4722 Christi
711 4648 832 4722 539:
862 4650 1083 4703 Putavit
1107 4648 1892 4722 scilicetSavilius.Evagrium

317 4720 409 4774 his
434 4718 619 4774 verbis
649 4718 960 4790 significare
991 4727 1203 4789 pestem
1234 4721 1403 4790 illam
1431 4718 1893 4790 praecipue'gras-

313 4800 494 4844 satam
523 4805 648 4844 esse
681 4789 997 4859 indictione
1039 4789 1303 4844 secunda.
1360 4789 1565 4846 Verum
1602 4789 1891 4859 ’Evagrius

311 4859 370 4913 id
395 4876 505 4915 non
532 4860 692 4924 dicit,
712 4874 894 4930 neque
914 4858 1070 4930 enim;
1092 4861 1267 4930 pestis
1289 4860 1384 4915 illa
1440 4861 1621 4915 adhuc
1648 4858 1888 4930 grassari

308 4937 560 5000 coeperat
578 4945 724 4985 anno
747 4929 951 5001 Christi
976 4928 1107 5001 559.
1127 4929 1183 4984 ld
1202 4945 1334 5001 ergo
1359 4938 1570 4985 tantum
1596 4928 1731 4985 dicit
1747 4931 1890 4986 Eva-

307 5001 498 5082 grius,
528 5015 673 5082 anno
691 5000 954 5082 secundo.
990 5000 1611 5082 cujusqucindictionis
1665 5011 1883 5073 pestem

308 5069 463 5142 illam
505 5070 732 5142 gravius
752 5069 1283 5142 soli_to_incubuisse.

384 5139 633 5212 (68)_"E¢
662 5139 1277 5212 χαμαριδασκάλους.
1312 5140 1372 5195 In
1409 5141 1634 5212 optimis
1678 5141 1884 5197 codici-

306 5206 417 5283 bus
458 5206 705 5283 Floreat.
738 5206 799 5265 et
829 5209 967 5283 T_ell.
1006 5210 1274 5283 scriptum
1309 5206 1494 5267 inveni
1530 5216 1588 5275 ἐς
1622 5214 1880 5283 χαμαιδι-

298 5278 693 5353 ’δασκάλουᾷἔτι
723 5280 1014 5353 φοιτῶντα·
1049 5278 1195 5353 quod
1234 5288 1320 5336 est
1347 5278 1678 5353 elegantius.
1700 5278 1770 5338 Et
1799 5283 1881 5340 sic

304 5349 558 5433 loquitur
583 5351 850 5433 Evagrius
885 5350 1160 5433 supraﬂin
1225 5365 1348 5433 Cap:
1396 5349 1467 5407 26
1521 5355 1685 5424 hujus
1721 5354 1875 5433 libri,

306 5421 404 5492 ubi
439 5438 497 5477 se
527 5421 775 5478 scholam
806 5421 1696 5492 grammaticorumfrequentasse
1739 5425 1876 5478 scri-

304 5489 392 5546 hit
419 5508 486 5547 eo
512 5503 786 5565 tempore,
811 5489 931 5561 quo
979 5491 1341 5565 Antiochiet}
1394 5489 1641 5550 Chosroe
1694 5510 1872 5565 expu-

303 5572 469 5633 gnata
496 5572 606 5631 cst,
625 5561 702 5619 'id
726 5570 814 5620 est
835 5577 981 5618 anno
1002 5561 1207 5619 Christi
1239 5563 1364 5620 540.

2002 4387 2054 4425 vt
2090 4367 2341 4424 Historia:
2373 4367 2735 4423 ecclesiastij
2766 4368 3012 4424 Eusebii.
3056 4367 3147 4421 Sic
3195 4379 3346 4423 certe
3395 4368 3576 4423 Theo-

2001 4441 2216 4510 phanes
2243 4439 2298 4492 in
2322 4438 2600 4503 Chronico,
2632 4456 2754 4509 pag.
2791 4440 2912 4510 l59,
2940 4440 3007 4493 de
3038 4439 3287 4510 Dioscori
3326 4440 3569 4506 jumoris

1997 4509 2274 4566 electione
2302 4512 2564 4580 loquens:
2593 4509 3009 4580 νἈνεχὼρησαν,
3051 4509 3251 4580 inquit,
3294 4513 3364 4580 τὰ
3388 4511 3565 4580 πλήθη

1996 4581 2104 4634 τῶν
2138 4579 2411 4652 χωρικῷν.
2450 4580 2552 4652 Ubi
2576 4579 2896 4633 Anastasius
2922 4579 3385 4634 Bibliothecarius
3416 4589 3565 4635 recte

1994 4650 2186 4713 vertit,
2212 4650 2607 4704 multitudinem
2640 4652 2977 4703 rusticorum.

2066 4722 2181 4793 (70)
2238 4720 2493 4793 Ὄγδοον
2520 4718 3116 4793 κᾳίῌπεντληκοοξτὸν-
3133 4718 3245 4785 τῆς
3263 4790 3275 4793 _
3296 4719 3562 4793 ἡλικίας.

1992 4788 2082 4847 Ετ
2116 4788 2223 4846 huc
2251 4788 2376 4845 loCo
2406 4789 2605 4861 natalis
2632 4789 2852 4861 Evagrii
2876 4790 3038 4845 facile
3085 4788 3429 4861 deprehendi
3464 4804 3567 4861 po-

1993 4870 2122 4918 test.
2162 4861 2301 4916 Nam
2348 4876 2473 4915 eum
2501 4859 2770 4931 inhujus
2812 4861 3010 4931 capitis
3064 4860 3295 4913 exordio
3340 4859 3563 4931 dixerit,

1990 4940 2124 4987 tunc
2151 4947 2276 4987 cum
2313 4931 2417 4985 ista
2448 4929 2743 4993 scriberet,
2774 4929 2947 4999 pestis
2974 4930 3122 4985 illius
3150 4946 3354 4984 annum
3391 4930 3565 4987 fuisse

1988 5003 2294 5057 secundum
2320 5009 2377 5055 et
2403 5000 2958 5071 quinquagesimum:
3008 5016 3157 5055 nunc
3198 5016 3332 5055 vero
3364 5002 3564 5056 asserit

1986 5088 2067 5137 se,
2104 5072 2236 5127 dum
2265 5072 2381 5126 haec
2404 5070 2696 5143 scriberet,
2723 5088 2930 5125 annum
2974 5072 3151 5126 aetatis
3198 5072 3376 5143 egisse
3396 5081 3563 5143 octa-

1984 5159 2118 5197 vum
2180 5153 2238 5199 et
2280 5141 2832 5213 quinquagesimum,
2883 5143 3206 5198 necessario
3241 5141 3564 5196 'conﬁcitur

1984 5213 2142 5267 illum
2176 5215 2229 5268 in
2268 5183 2452 5267 lucem1
2483 5183 2695 5267 editum
2724 5183 2897 5267 fuisse
2920 5229 3016 5267 sex
3045 5213 3206 5266 annis
3234 5221 3362 5267 ante
3387 5213 3562 5281 pestis

1982 5284 2150 5353 hujus
2189 5284 2505 5339 exordium.
2541 5284 2716 5353 Porro
2748 5284 2924 5350 pestis
2951 5284 3044 5337 illa
3083 5292 3275 5337 exorta
3299 5292 3383 5353 est
3408 5298 3557 5335 anno

1980 5352 2107 5423 post
2161 5355 2512 5409 consulatum
2562 5352 2781 5417 Basilii,
2828 5369 2927 5408 seu
2982 5354 3201 5408 duobus
3243 5352 3403 5406 annis
3435 5361 3563 5419 post

1978 5422 2256 5479 excidium
2288 5424 2441 5479 urbis
2468 5424 2795 5489 Antiochiae,
2822 5435 2884 5479 ut
2906 5440 3067 5493 supra
3092 5423 3243 5493 dixit
3269 5422 3558 5493 Evagrius.

1976 5494 2155 5619 gigas
2200 5504 2287 5551 est
2332 5496 2506 5567 igitur
2551 5495 2823 5567 Evagrius
2870 5492 3016 5551 anno
3046 5492 3252 5550 Christi
3294 5493 3422 5559 556,
3464 5502 3559 5548 aut

1789 5691 2129 5748 ARIORUM.

1789 5691 1903 5746 AR]
1954 5692 2000 5746 R
2114 5734 2129 5748 .

372 5787 448 5859 (υ)
490 5787 594 5844 Ἐν
626 5779 666 5859 ᾗ
695 5786 953 5857 δευτέρῳ
975 5786 1117 5843 ἔτει.
1141 5784 1284 5857 Lege
1306 5783 1365 5840 ἐν
1392 5783 1471 5871 τιῖέ
1492 5783 1727 5856 δευτέρῳ
1742 5693 1874 5839 ἔτει.
1909 5690 2307 5855 ῗῖνξὶῗοιγτιι.)
