4018 6506
301 339 453 407 2757
1221 328 1613 395 HISTORIIE
1651 321 2252 389 ECCLESIASTIC/E
2290 320 2518 383 LIBER
2562 317 2662 380 1v.
2899 296 2907 309 ’
3436 288 3582 377 2758

303 464 412 520 per
437 447 578 503 duos
616 452 674 501 et
706 441 1108 516 quinquaginta
1151 456 1348 506 annos,
1393 448 1455 495 ut
1494 440 1606 510 jam
1650 436 1787 500 dixi,
1819 433 2034 506 adhoc
2103 445 2277 500 usque
2322 438 2537 498 tempus
2569 434 2815 499 grassata
2846 432 2954 491 est,
3014 433 3244 483 cunctas
3272 441 3396 496 quae
3430 427 3585 496 prius

306 552 569 617 grassata:
613 551 740 598 sunt
793 540 914 595 lues
962 552 1340 609 supergressa.
1390 536 1527 592 Nam
1572 533 1943 590 Philostratus
1979 529 2203 600 quidem
2235 527 2490 589 miratur,
2528 525 2674 595 quod
2714 539 2814 579 sua
2855 532 3015 579 aetate
3055 524 3228 595 pestis
3265 522 3585 594 quindecim

311 638 476 692 annis
507 643 754 706 grassata
799 634 890 689 sit.
925 633 1186 700 Quaenam
1235 639 1425 685 autem
1471 629 1719 699 posthaec
1749 635 2016 683 eventura
2045 623 2176 687 sint,
2210 622 2485 678 incertum
2510 630 2618 697 est,
2676 635 2802 674 cum
2862 634 2930 675 eo
2961 619 3211 674 ferantur
3268 633 3377 687 quo
3404 617 3586 671 visum

310 732 485 788 fuerit
514 733 648 795 Deo,
681 730 775 800 qui
804 737 862 784 et
895 742 1089 783 causas
1128 741 1314 781 rerum
1346 735 1403 782 et
1443 732 1677 780 eventus
1740 719 2017 793 cognovit.
2081 718 2196 789 Ego
2228 731 2361 772 vero
2393 716 2525 771 illuc
2590 714 2737 770 unde
2768 712 3052 784 digressus
3081 728 3203 768 sum
3234 718 3506 775 revertar,
3529 714 3588 764 et

311 827 559 896 reliquas
586 838 674 879 res
702 830 883 894 gestas
914 822 1213 878 Justiniaui
1246 818 1713 875 commemorabo.

919 939 1173 992 ΚΕΦΑΛ.
1219 937 1301 992 Λ’.

308 1034 457 1105 Περὶ
516 1032 630 1103 τῆς
671 1031 1166 1103 φιλοχρηματίας,
1215 1028 1325 1110 ριαὶ
1378 1027 1725 1097 ἀπληστίας
1758 1027 1902 1081 ἰου-

929 1117 1266 1155 στινιανου.

400 1219 461 1271 '0
516 1215 896 1279 Ἰουστινιανὸς
936 1209 1005 1285 ἦν
1037 1213 1137 1283 μὲν
1161 1212 1461 1284 χρημάτων
1483 1211 1781 1284 ἄπληστος,
1808 1211 1904 1266 καὶ

313 1311 428 1364 τῶν
457 1309 755 1380 ἀλλοτρίων
783 1307 955 1371 οὕτως
982 1305 1228 1369 ἐκτόπως
1260 1304 1515 1377 ἐραστὴς,
1568 1304 1646 1368 ὼς
1670 1303 1767 1357 καὶ
1798 1304 1903 1356 ὑπ-

313 1405 482 1475 ήκοον
517 1403 662 1456 ἅπαν
703 1400 928 1471 χρυσίου
973 1399 1308 1469 πιπράσκειν
1340 1398 1451 1459 τοῖς
1483 1412 1545 1448 τε
1592 1393 1691 1457 τὰς
1728 1392 1904 1464 ἀρχὰς

314 1495 761 1567 ἐπιτροπεύουσι,
793 1494 907 1556 τοῖς
944 1510 1005 1545 τε
1050 1492 1179 1554 τοὺς
1219 1490 1419 1561 φόρους
1458 1487 1764 1554 ἐκλέγουσι,
1807 1486 1903 1538 καὶ

313 1589 433 1651 τοῖς
460 1588 575 1640 ὅσοι
609 1585 703 1639 ἀπ’
729 1584 987 1655 οὐδεμιᾶς
1014 1582 1193 1645 αίτίας
1224 1582 1449 1652 ῥάπτειν
1478 1578 1770 1639 ἐπιϐουλὰς
1789 1579 1902 1639 τοῖς

316 1679 631 1751 ἀνθρώποις
659 1676 925 1730 ἐθέλουσι.
962 1675 1199 1738 Πολλοὺς
1223 1673 1281 1727 δὲ
1313 1673 1409 1726 καὶ
1432 1672 1772 1743 ἀναρίθμους
1793 1670 1904 1723 τῶν

320 1768 397 1822 τὰ
454 1767 625 1821 πολλὰ
673 1766 1050 1837 κεκτημένων,
1104 1765 1408 1836 προφάσεις
1459 1762 1905 1833 ἀπροφασίστους

319 1858 672 1930 ἰπιχρώσας,
708 1858 807 1922 τάς
845 1858 1035 1920 οὐσίας
1068 1857 1286 1920 ἁπάσας
1314 1854 1655 1925 Δἐζημίωσεν.
1703 1856 1805 1908 Ἦν
1846 1854 1904 1908 δὲ

320 1954 421 2008 καὶ
466 1952 604 2023 γυνὴ
654 1949 1040 2022 ὲταιριζομένη
1072 1948 1533 2019 ὲποφθαλμιῶσάν
1560 1965 1660 2019 τῳ,
1688 1946 1905 2016 ὁμιλίαν

315 2044 444 2100 τινὰ
493 2044 529 2115 ἢ
586 2044 733 2115 μίξιν
791 2041 1115 2107 ἀνέπλασεν,
1153 2040 1315 2103 εὐθὺς
1348 2040 1566 2094 ἅπαντα
1594 2037 1802 2109 φροῦδα
1835 2038 1906 2092 τά

313 2136 431 2189 τῶν
460 2135 643 2204 νόμων
683 2132 1005 2196 καθίστατο,
1048 2130 1147 2185 καὶ
1191 2131 1283 2183 τὸν
1325 2127 1702 2182 ’1ουστινιανδν
1733 2143 1905 2196 προσ.

316 2226 715 2299 εταιρισαμένη
760 2224 853 2279 τοῦ
884 2224 1089 2279 ἀτόπου
1121 2221 1372 2291 κέρδους,
1411 2220 1531 2274 ὅλον
1555 2220 1649 2272 τὸν
1674 2218 1903 2272 πλοῦτον

312 2318 419 2373 τοῦ
484 2316 983 2388 συκοφαντηθέντος
1017 2354 1033 2380 ,
1090 2315 1229 2368 οῐκοι
1283 2311 1743 2384 μετεσκευάσατο.
1792 2311 1903 2363 Καὶ

315 2412 549 2486 ἀφειδὴς
600 2413 658 2467 δὲ
699 2412 1000 2483 χρημάτων
1043 2408 1313 2480 ὑπῆρχεν⁹
1344 2405 1486 2460 ὥστε
1533 2405 1628 2459 καὶ
1675 2401 1905 2465 πολλοὺς

319 2506 521 2575 ἁγίους
546 2545 563 2571 ,
611 2504 708 2557 καὶ
754 2498 1062 2573 ἑκασταχοῦ
1096 2499 1258 2562 ναοὺς
1305 2495 1743 2568 μεγαλοπρεπεῖς
1790 2491 1904 2563 (74)

318 2595 654 2665 ἀναστῆσαι,
684 2593 882 2656 ἄλλους
924 2609 986 2646 τε
1024 2591 1247 2659 εὐαγεῖς
1274 2589 1464 2651 οἴκους
1499 2586 1560 2651 ἐς
1590 2584 1907 2656 ἐπιμέλειαν

320 2688 538 2761 ἀνδρῶν
565 2704 627 2740 τε
656 2687 752 2741 ml.
782 2684 1024 2756 γυναίων
1054 2683 1252 2754 ἀώρων
1301 2697 1362 2735 τε
1410 2680 1509 2734 καὶ
1542 2678 1783 2751 ἐξώρων,
1813 2675 1908 2732 καὶ

324 2783 440 2837 τῶν
471 2781 576 2835 ὑπὸ
608 2781 932 2851 νοσημάτων
962 2776 1225 2830 ποικίλων
1254 2771 1682 2843 ὲνοχλουμένωνυ
1712 2769 1911 2823 συντά-

326 2876 442 2942 ξεις
468 2891 528 2927 τε
560 2872 803 2944 μεγάλας
833 2868 1248 2939 ἀποκληρῶσαι,
1295 2864 1420 2921 ὅθεν
1459 2864 1567 2918 δέοι
1616 2860 1792 2916 ταῦτα
1820 2859 1909 2930 γί-

324 2967 539 3023 νεσθαι⁶
574 2966 782 3038 πρᾶξαί
810 2981 870 3019 τε
909 2963 1004 3016 καὶ
1031 2961 1165 3017 ἄλλα
1195 3039 1197 3041 ι
1209 2960 1379 3031 μυρία
1405 2956 1606 3027 εὐσεϐῆ
1640 2956 1734 3009 καὶ
1774 2953 1895 3025 Θεῷ

323 3061 654 3132 ἀρέσκοντα,
685 3056 844 3128 είπερ
870 3055 933 3121 ἐξ
960 3053 1178 3109 οἰκείων
1206 3052 1378 3124 δρῷεν
1419 3052 1469 3104 el
1506 3049 1713 3104 τούτων
1741 3047 1910 3120 ὲργά-

325 3168 444 3219 ται,
473 3151 569 3205 καὶ
594 3147 839 3221 καθαρὰς
864 3147 964 3212 τὰς
992 3144 1144 3217 σφῶν
1168 3142 1396 3213 πράξεις
1420 3139 1838 3213 καρποφοροῑεν.

921 3426 1177 3483 ΚΕΦΑΛ.
1219 3426 1347 3481 AA’.

325 3524 471 3595 Περὶ
500 3523 608 3580 τοῦ
639 3522 908 3595 parcum)
929 3520 1081 3595 ναοῦ
1112 3516 1221 3595 τῆς
1267 3518 1465 3595 Ἀγίας
1499 3516 1754 3587 Συρίας,
1813 3513 1915 3570 καί

719 3590 836 3648 τῶν
877 3592 1077 3662 Ἁγίων
1112 3590 1509 3644 Ἀποστόλων.

413 3707 704 3777 Ἀνέστησε
751 3705 806 3760 δὲ
855 3705 950 3759 καὶ
999 3703 1143 3757 κατά
1185 3702 1286 3773 τὴν
1322 3701 1752 3769 Κωνσταντίνου,
1782 3701 1912 3756 πολ·

326 3797 459 3861 λοὺς
486 3796 584 3869 μὲν
613 3798 673 3859 ἐς
696 3795 891 3857 κάλλος
918 3792 1329 3863 ἐξησκημένους
1364 3791 1445 3863 τῷ
1473 3791 1615 3863 Θείῳ
1658 3792 1756 3847 καὶ
1797 3794 1912 3857 τοῖς

330 3890 511 3957 ἁγίοις
554 3886 776 3959 σηκούς.
823 3886 1161 3956 Ἐδομήσατο
1192 3883 1249 3936 δὲ
1286 3883 1432 3953 μέγα
1462 3901 1518 3937 τι
1548 3884 1645 3938 καὶ
1693 3884 1907 3955 ἀπαρά-

331 3982 533 4050 6λητον
561 3980 768 4050 χρῆμα,
803 3978 901 4047 οὐχ
943 3975 1227 4048 ἱστορηθὲν
1255 3973 1497 4038 πώποτε,
1528 3973 1620 4028 τὸν
1659 3975 1916 4046 μέγιστον

329 4072 434 4142 τῆς
468 4069 763 4141 ἐκκλησίας
801 4066 1057 4139 vna-1(a),
1094 4064 1344 4137 εὐπρεπῆ
1370 4081 1429 4116 τε
1458 4065 1554 4118 καὶ
1590 4065 1796 4136 ἔξοχον,
1820 4066 1917 4121 καὶ

328 4160 495 4229 λόγου
525 4158 757 4228 δύναμιν
787 4157 1133 4211 ἐκϐαίνοντα.
1164 4157 1271 4209 Καὶ
1299 4155 1637 4226 πειράσομαι
1667 4157 1723 4209 δὲ
1743 4155 1818 4221 ὡς
1850 4157 1917 4211 ἂν

329 4247 445 4313 οἷός
477 4269 537 4305 τε
584 4244 651 4312 ὦ,
695 4252 1126 4321 χωρογραφῆσαι
1155 4247 1217 4301 τὺ
1240 4248 1488 4319 τέμενος.
1519 4248 1684 4311 Θόλος
1708 4251 1857 4304 ἐστὶν
1889 4252 1918 4304 ό

328 4346 447 4400 τῶν
474 4343 792 4414 ἀνακτόρων
837 4341 990 4413 νηὸς,
1021 4341 1273 4411 τέτταρσι
1321 4341 1764 4414 μετεωριζομένη
1811 4342 1920 4413 ψα.

329 4436 495 4499 λίσιν,
528 4435 585 4498 ές
620 4434 872 4486 τοσοῦτον
902 4430 1040 4501 ὕψος
1091 4431 1455 4503 ὲπαιρομένη,
1489 4432 1565 4497 ὠς
1597 4432 1783 4504 ἔνερθε
1819 4434 1917 4504 μὲν

327 4531 448 4592 τοῖς
485 4527 793 4591 ἀτενίζουσι
839 4524 1166 4593 δυσέφικτον
1230 4520 1375 4577 εἶναι
1418 4526 1513 4578 τοῦ
1553 4526 1918 4598 ἡμισφαιρίου

328 4622 434 4693 τὴν
473 4620 897 4691 ἀποπεράτωσιν
917 4633 933 4647 ·
963 4616 1169 4688 ὕπερθε
1207 4617 1264 4672 δὲ
1306 4618 1435 4682 τοὺς
1459 4618 1777 4688 γινομένους
1810 4638 1917 4692 μη-

1929 906 1984 968 Α

2616 922 2771 979 CAP.
2811 922 2983 978 XXX.

2291 1017 2367 1073 De
2396 1016 2701 1088 inexplebili
2727 1018 2957 1070 avaritia
2985 1016 3303 1070 Iustiniani.

2074 1196 2203 1252 Fuit
2256 1194 2479 1265 quidem
2517 1193 2864 1250 Justinianus
2918 1195 3267 1266 inexplebilis
3318 1197 3585 1264 avaritia,

2003 1301 2061 1348 et
2101 1292 2267 1346 alieni
2303 1308 2478 1363 usque
2510 1292 2650 1347 adeo
2695 1301 2978 1363 appetens,
3020 1303 3080 1348 ut
3115 1292 3400 1348 universas
3454 1310 3585 1363 pro-

2003 1383 2217 1439 vincias
2260 1384 2479 1454 imperii
2522 1384 2756 1439 Romani
2788 1394 3011 1455 accepta
3054 1387 3289 1455 pecunia
3322 1386 3591 1441 venderet

2005 1478 2439 1550 magistratibus,
2493 1485 2549 1531 et
2596 1477 2933 1532 tributorum
2988 1477 3363 1545 exactoribus,
3420 1487 3477 1533 et
3518 1478 3590 1534 iis

2005 1570 2100 1641 qui
2129 1571 2339 1641 absque
2386 1571 2496 1624 ulla
2530 1586 2695 1625 causa
2744 1570 2976 1626 insidias
3018 1570 3339 1626 hominibus
3372 1578 3590 1627 struere

2005 1664 2203 1719 solent.
2265 1664 2464 1718 Multos
2522 1672 2807 1734 praeterea,
2856 1677 2922 1718 ac
2968 1678 3122 1732 paene
3154 1663 3591 1719 innumerabiles

2006 1758 2102 1827 qui
2143 1757 2345 1827 opibus
2374 1757 2691 1819 aﬂluebant,
2733 1756 3077 1812 concinnatis
3108 1757 3399 1812 calumniis
3438 1757 3590 1811 omni

2005 1846 2339 1916 patrimonio
2373 1847 2650 1916 Spoliavit.
2688 1847 2844 1914 Quod
2871 1849 2915 1903 si
2969 1862 3092 1917 qua:
3126 1848 3330 1903 mulier
3356 1864 3589 1920 corpore

2006 1946 2275 2007 qua-stum
2310 1937 2537 2002 iaciens,
2572 1940 3031 1995 consuetudinem
3063 1949 3159 1994 aut
3186 1948 3437 2010 stuprum
3480 1942 3587 1996 ali-

2007 2031 2097 2086 cui
2148 2030 2286 2086 falso
2341 2033 2657 2103 objecisset,
2716 2034 2877 2090 bonis
2918 2036 3040 2106 ejus
3095 2035 3334 2102 inhians,
3404 2037 3589 2091 statim

2006 2121 2158 2193 leges
2185 2138 2375 2178 oumes
2403 2139 2467 2179 ac
2496 2124 2619 2194 jura
2645 2124 3016 2191 violabantur,
3047 2137 3103 2181 et
3128 2125 3294 2180 modo
3326 2126 3594 2183 Iustinia-

2009 2228 2145 2267 num
2183 2214 2363 2284 turpis
2398 2215 2539 2270 lucri
2594 2216 2919 2287 participem
2953 2218 3261 2281 ascivissct,
3302 2220 3594 2274 universas

2006 2318 2141 2374 opes
2169 2306 2289 2375 ejus
2316 2306 2412 2376 qui
2439 2307 2713 2362 calumnia
2741 2308 3019 2379 appetitus
3052 2310 3251 2376 fuerat,
3282 2311 3339 2364 in
3365 2311 3590 2366 domum

2007 2410 2161 2451 suam
2193 2399 2579 2454 transferebat.
2610 2399 2760 2455 ldem
2807 2409 2988 2457 tamen
3018 2401 3073 2456 in
3097 2403 3457 2473 expendenda
3494 2420 3596 2475 pe-

2007 2489 2173 2543 cunia
2201 2489 2497 2545 admodum
2526 2492 2709 2563 largus
2744 2491 2849 2548 fuit
2883 2510 2897 2547 :
2931 2493 3071 2549 adeo
3102 2503 3163 2549 ut
3187 2496 3387 2551 multas
3409 2512 3595 2553 sacras

2007 2579 2154 2636 aedes
2198 2590 2256 2637 et
2315 2583 2630 2654 magnificas
2689 2586 2892 2656 passim
2950 2587 3213 2645 ecclesias
3274 2589 3594 2648 aedificaret.

2006 2674 2207 2731 Multas
2229 2687 2495 2746 prazterea
2536 2680 2820 2750 religiosas
2847 2681 3042 2737 domos
3064 2682 3130 2737 ad
3150 2684 3427 2739 curandos
3446 2684 3598 2740 viros

2010 2782 2075 2823 ac
2102 2768 2385 2834 mulieres,
2424 2778 2535 2825 tam
2573 2786 2753 2836 senes,
2780 2788 2942 2842 quam
2971 2774 3253 2844 parvulos,
3286 2782 3453 2828 eteos
3495 2772 3594 2843 qui

2008 2860 2177 2915 variis
2218 2860 2428 2916 morbis
2451 2862 2913 2919 conflictabantur
2937 2906 2952 2929 ,
2986 2866 3297 2920 exstruxit:
3332 2882 3435 2922 nec
3477 2883 3597 2922 me-

2011 2951 2231 3008 diocres
2273 2953 2484 3009 reditus
2507 2954 2574 3009 ad
2609 2971 2729 3010 eam
2769 2972 2885 3010 rem
2934 2957 3246 3027 deputavit.
3302 2958 3596 3015 lnnumera

2012 3061 2232 3117 quoque
2267 3048 2371 3101 alia
2415 3048 2584 3118 gessit
2618 3049 2914 3104 admodum
2950 3049 3061 3120 pia,
3095 3050 3318 3121 Deoque
3346 3058 3594 3122 accepta,

2013 3137 2312 3193 dummodo
2338 3138 2375 3193 ii
2405 3140 2498 3210 qui
2526 3140 2641 3195 haec
2661 3151 2851 3212 agunt,
2882 3157 2950 3197 ex
2965 3141 3209 3212 propriis
3245 3143 3599 3199 facultatibus

2013 3246 2078 3287 ea
2105 3247 2278 3301 opera
2314 3232 2619 3301 perﬁciant.
2655 3244 2709 3288 et
2743 3245 2899 3290 actus
2927 3250 3060 3290 suos
3097 3251 3287 3306 puros,
3337 3244 3598 3307 tanquam

2016 3321 2370 3387 sacriﬁcium,
2397 3322 2634 3377 olIcrant
2660 3324 2795 3379 Deo.
3334 3333 3341 3339 '

2513 3435 2672 3508 411
2715 3436 2869 3493 CAP.
2909 3437 3105 3494 XXXI.

2020 3525 2098 3580 De
2133 3543 2331 3598 magna
2379 3527 2594 3583 ecclesia
2626 3528 2853 3601 Sancta!
2910 3529 3138 3601 Saplu'w,
3186 3539 3235 3584 et
3282 3529 3599 3586 Sanctorum

2598 3599 2997 3671 Apostolorum.

2089 3711 2239 3767 Idem
2285 3712 2782 3783 Constantinopoli,
2846 3729 2973 3769 cum
3036 3714 3169 3771 alias
3215 3730 3403 3771 sacras
3456 3717 3602 3772 aedes

2019 3803 2176 3859 mirae
2199 3804 2637 3874 pulchritudinis
2670 3806 2726 3860 in
2767 3806 3035 3861 honorem
3057 3807 3150 3862 Dei
3190 3822 3254 3861 ac
3283 3819 3599 3863 sanctorum

2017 3896 2327 3951 construxit
2362 3912 2375 3949 :
2406 3904 2521 3950 tum
2564 3912 2833 3968 magnum
2874 3898 3008 3952 illud
3063 3907 3119 3954 et
3169 3898 3597 3970 incomparabile

2017 4005 2179 4059 opus,
2206 3989 2511 4061 cujusmodi
2535 3990 2744 4045 nullum
2767 4006 3009 4060 unquam
3031 3990 3199 4046 fuisse
3220 4002 3594 4048 memoratur:

2017 4077 2310 4132 maximam
2354 4079 2568 4134 scilicet
2610 4079 2899 4134 ecclesiam
2935 4079 3146 4135 Sanctae
3171 4080 3408 4151 Sophim,
3436 4082 3600 4138 deco-

2018 4184 2135 4223 ram
2170 4184 2236 4225 ac
2264 4170 2691 4238 praacellentem,
2727 4179 2785 4225 et
2831 4186 2954 4241 qum
2989 4170 3101 4247 vim
3139 4172 3357 4227 dicendi
3378 4189 3597 4228 omnem

2018 4259 2180 4331 longe
2207 4271 2449 4331 superat.
2477 4262 2611 4333 Ejus
2670 4270 2851 4317 tamen
2886 4262 3131 4334 singulas
3177 4274 3381 4335 partes,
3417 4266 3598 4336 quoad

2019 4367 2267 4423 possum,
2289 4354 2601 4410 describere
2636 4355 2901 4411 conabor.
2951 4355 3119 4413 Edes
3152 4360 3475 4425 sanctuarii,
3521 4368 3599 4415 te—

2023 4444 2187 4501 studo
2224 4454 2311 4501 est
2333 4457 2572 4516 quatuor
2597 4447 2904 4505 fornicibus
2931 4449 2985 4504 in
3007 4451 3245 4505 sublime
3279 4461 3462 4508 erecta
3492 4469 3505 4506 :
3544 4452 3598 4507 in

2024 4544 2230 4591 tantam
2254 4537 2603 4593 altitudinem
2626 4540 2839 4596 sublata
2863 4582 2877 4605 ,
2909 4551 2971 4595 ut
2989 4557 3054 4596 ex
3086 4542 3346 4597 inferiore
3375 4542 3599 4613 quidem

2023 4623 2145 4680 loco
2169 4627 2525 4696 aspicientes,
2546 4629 2918 4700 hemisphaerii
2937 4631 3213 4703 fastigium
3237 4634 3453 4691 difﬁcile
3472 4652 3603 4706 pos-

1508 4754 1781 4812 VALESII
1817 4759 2266 4820 ANROTATION
2274 4764 2377 4820 ES.

410 4878 521 4949 (74)
590 4877 695 4933 Kal
750 4875 1095 4949 ἑκασταχοῦ
1160 4873 1361 4949 ναοὺς,
1401 4875 1908 4949 μεγαλοπρεπεῖς.

334 4944 616 5006 Henricus
668 4950 913 5003 Savilius
942 4944 1272 5017 particulam
1319 4945 1412 5017 καί
1461 4944 1517 4999 in
1570 4961 1671 5000 suo
1713 4946 1909 5003 codice

331 5021 629 5091 expuuxit.
663 5020 797 5074 Eam
827 5015 1009 5073 tamen
1030 5018 1122 5072 hic
1157 5015 1505 5072 retinendam
1529 5031 1652 5072 esse
1680 5030 1905 5083 censeo,

2019 4882 2378 4949 transpositis
2442 4890 2654 4937 tantum
2688 4884 2979 4940 vocabulis
3025 4885 3133 4938 hoc
3190 4884 3388 4941 modo:
3432 4886 3597 4942 Ὥστε

2017 4951 2612 5031 καὶιπολλοὺςὲἀγίους
2655 4956 2748 5009 καὶ
2803 4957 3243 5026 μεγαλοπρεπεῖς
3296 4957 3597 5031 ἑκασταχοῦ

2015 5022 2180 5085 ναοὺς
2211 5023 2534 5096 ἀναστῆσαι.

1778 5131 2165 5192 VARIOBUM.

408 5226 651 5306 (σὴ-Τῆς
676 5225 1011 5306 ἐκκλησίας
1038 5225 1500 5306 νηᾴνλῃιιξτρτεε
1548 5224 1747 5306 legisse
1770 5225 1926 5306 vid‘e-
1956 5227 2002 5284 D
2031 5229 2178 5306 inter
2204 5230 2410 5306 prioris
2449 5232 2699 5306 ecclesiae
2750 5233 3240 5306 conﬂagrationem
3271 5274 3308 5306 ,γ
3336 5244 3394 5291 et
3444 5251 3601 5293 novat

333 5307 434 5354 tur
462 5296 564 5368 τῆς
602 5297 797 5368 Ἀγίας
821 5297 1023 5368 glaeie;
1050 5296 1195 5368 ναόν.
1236 5296 1432 5368 Hujus
1460 5296 1709 5368 ecclesiae
1741 5297 1919 5351 aedili-

335 5370 491 5425 catio
520 5365 591 5423 ad
621 5383 753 5422 ann.
783 5366 889 5422 552
914 5365 1205 5421 referenda
1235 5365 1340 5421 est.
1369 5365 1645 5419 Nimirum
1680 5367 1735 5420 in
1764 5368 1917 5423 sedi-

341 5442 498 5520 tione
524 5439 595 5493 ab
621 5438 875 5520 Hyeptio,
906 5436 1179 5520 Pompeio.
1212 5445 1268 5520 et
1293 5435 1476 5520 Probo
1513 5436 1783 5520 adversus
1823 5440 1919 5494 Ju-

2027 5299 2599 5376 dedicatio_nem.\’id.
2628 5305 2757 5376 Ant.
2792 5299 3009 5376 Pagiad
3043 5322 3172 5360 ann.
3212 5305 3339 5369 552,
3376 5323 3433 5361 n.
3461 5307 3511 5369 7,
3542 5318 3602 5363 et

2026 5370 2096 5426 ad
2121 5385 2252 5447 ann.
2285 5371 2503 5447 557,7n.
2550 5375 2599 5430 5.
2663 5370 3065 5447 (W,_L6wm.)
3122 5377 3299 5447 Hujus
3354 5377 3603 5434 ecclesiae

2026 5442 2275 5497 nominis
2329 5446 2599 5500 rationem
2665 5442 2851 5500 reddit
2916 5442 3120 5502 Paulus
3178 5442 3452 5502 [liaconus
3498 5448 3600 5502 lib.

334 5511 657 5601 SliniPB‘UIE‘
672 5506 780 5601 isto
809 5524 971 5601 annol
1001 5507 1277 5590 concitata
1319 5507 1413 5601 '(de
1435 5521 1542 5601 qtta
1568 5506 1695 5601 vid.‘
1737 5523 1907 5577 supra
2013 5529 2166 5596 svnt,
2199 5513 2384 5601 initio,
2412 5515 2497 5597 his
2516 5516 2733 5601 verbis:
2793 5535 2810 5568 ι
2837 5516 3135 5601 Exstruxit.
3180 5518 3604 5601 idemprinceps

342 5597 399 5651 e.
469 5580 557 5651 15)
604 5576 866 5651 Ecclesia
925 5578 1101 5651 Major
1137 5576 1396 5651 incendio
1435 5577 1751 5651 absumpta
1798 5576 1905 5651 est.

338 5646 553 5709 Novam
598 5650 788 5718 itaque
833 5657 890 5703 et
944 5646 1462 5718 longeampliorem
1489 5646 1783 5705 aedificavit
1824 5650 1920 5704 Ju-

340 5723 645 5786 stinianus,
668 5717 729 5775 et
755 5727 962 5775 sancta:
1005 5717 1227 5787 sophia:
1268 5718 1569 5785 dedicavit,
1613 5735 1761 5774 anno
1792 5720 1919 5787 557,

340 5808 538 5852 mense
565 5790 1021 5860 Decembri,cum
1044 5802 1143 5847 sex
1171 5788 1443 5847 fere'auni
1474 5789 1923 5850 intercessissent

2028 5582 2733 5658 intraConstautinopolim
2790 5586 2987 5640 urbem
3031 5586 3137 5657 ipsi
3194 5582 3452 5658 Domino,
3506 5582 3603 5658 qui

2026 5664 2113 5711 est
2144 5652 2420 5728 Sapientia
2448 5652 2797 5728 Dei-Patris,
2849 5652 3157 5728 templum,
3217 5658 3364 5727 quod
3408 5652 3605 5715 (ἂναὶεο

2022 5726 2531 5802 vocabulofAylav
2553 5729 2778 5802 Σοφίαν,
2808 5727 2865 5786 id
2899 5726 3007 5798 est,
3062 5726 3317 5786 Sanctam
3368 5728 3600 5802 Sapien-

2028 5797 2160 5868 tiam
2179 5797 2509 5857 nominavit.
