4018 6524
304 317 454 383 2761

1260 308 1643 383 lllSTORIzE
1682 320 2274 384 ECCLESIASTIC/E
2314 321 2544 383 LIBER
2588 321 2682 381 ιν.

3370 304 3383 317 ’
3459 309 3602 393 2762'

304 430 368 484 δὲ
404 429 608 492 πλάτος
652 425 748 482 τοῦ
805 426 1061 498 ἐμφώτου
1086 426 1199 496 (79)
1229 427 1410 481 αὐτῶν
1441 428 1617 484 ποδῶν
1661 436 1752 484 οε’.
1790 430 1897 482 Εξσι

2015 438 2205 485 centro
2226 430 2601 501 hemisphaerii
2628 445 2802 500 usque
2827 430 2893 486 ad
2922 430 3122 498 solum,
3142 429 3345 502 pedum
3372 445 3597 492 centum

303 520 368 574 δὲ
400 520 495 575 καὶ
522 518 659 589 πρὸς
687 518 951 589 δυόμενον
984 515 1136 588 ἥλιον
1168 519 1470 589 ἐκπρεπεῖς
1526 517 1713 589 ἕτεραι
1750 523 1904 574 στοαὶ

315 613 441 679 δύο,
492 613 586 667 καὶ
636 610 904 664 πάντοθεν
935 609 1216 682 ὑπαίθριοι
1264 609 1428 664 αὐλαὶ
1470 611 1530 675 ἐς
1577 610 1773 675 κάλλος
1821 611 1909 676 ἐξ·

306 706 650 777 ησκημὲναι.
698 704 974 776 Εῖργαστο
1006 702 1064 757 δὲ
1098 703 1251 774 αὐτῷ
1294 703 1388 757 καὶ
1416 705 1445 758 ὁ
1466 704 1575 758 τῶν
1601 704 1905 758 θεσπεσίων

322 797 667 854 ’Δποστόλων
695 796 846 869 ναὸς,
890 796 992 850 οὐκ
1048 794 1248 849 ἐθέλων
1301 797 1474 868 ἑτέρῳ
1535 795 1606 850 τὰ
1658 799 1902 867 πρωτεῖα

307 890 548 944 διδόναι·
604 889 663 943 ἐν
707 880 753 956 ᾧ
796 887 852 940 οῖ
875 903 936 939 τε
968 885 1228 957 βασιλεῖς,
1270 886 1326 939 οἵ
1356 903 1415 939 τε
1450 886 1739 957 ἱερωμένοι
1765 884 1899 957 (80),

304 984 412 1055 τῆς
444 970 840 1053 νενομισμένης
892 980 1071 1051 ταφῆς
1109 978 1467 1051 τυγχάνουσι.
1499 978 1638 1050 Περὶ
1672 976 1774 1048 μὲν
1802 976 1896 1031 οὖν

302 1076 519 1143 τούτων
554 1077 651 1130 καὶ
706 1076 817 1131 τῶν
842 1074 1114 1153 ,τοιούτων
1168 1076 1523 1147 ἁμωσγέπως
1566 1075 1742 1129 εἰπεῖν
1789 1090 1901 1127 τοι·

305 1186 479 1224 αυτα.

2009 531 2065 578 οι
2116 524 2419 594 octoginta.
2479 524 2725 581 Arcuum
2777 538 2911 579 vero
2956 525 3304 595 singulorum
3360 528 3599 585 latitudo

2008 614 2234 686 quidem
2270 626 2355 671 est
2392 615 2690 685 pedum...
2725 615 3012 686 longitudo
3038 633 3174 673 vero
3210 619 3279 674 ab
3309 629 3437 676 ortu
3463 623 3599 677 solis

2008 707 2077 763 ad
2109 720 2366 764 occasum
2400 705 2573 778 pedes
2600 709 2851 765 continet
2888 711 3163 767 ducentos
3196 721 3253 768 et
3283 715 3591 787 sexaginta.

2009 798 2269 855 Latitudo
2320 816 2454 856 vero
2504 800 2927 858 illuminationis
2976 819 3170 859 eorum
3212 805 3383 864 habet
3428 806 3598 879 pedes

2006 893 2358 964 septuaginta
2384 894 2654 964 quinque.
2712 893 2854 949 Sunt
2908 904 3176 966 praeterea
3222 898 3290 953 ad
3338 914 3596 956 occasum

2004 980 2139 1037 solis
2171 982 2421 1052 porticus
2440 982 2563 1039 dua:
2593 983 2892 1040 admodum
2941 997 3209 1054 venustae,
3241 998 3298 1045 et
3322 991 3466 1047 atria
3490 1008 3596 1047 un-

2005 1074 2174 1145 dique
2204 1075 2358 1130 mirac
2381 1075 2832 1147 pulchritudinis.
2879 1077 3231 1134 Exstructum
3285 1090 3370 1138 est
3395 1081 3466 1137 ab
3497 1099 3597 1139 eo-

2005 1168 2130 1224 dem
2158 1168 2475 1224 Justiniano
2525 1171 2790 1242 templum
2824 1171 3151 1228 Sanctorum
3182 1173 3595 1245 Apostolorum,

298 1267 461 1337 quod
508 1264 645 1321 nulli
679 1264 838 1320 alteri
870 1264 1076 1333 templo
1119 1263 1277 1319 facile
1324 1264 1593 1319 concedat
1627 1273 1640 1316 ι
1691 1264 1745 1319 in
1783 1280 1894 1333 quo
1936 1264 2301 1333 imperatores
2340 1281 2405 1322 ac
2440 1267 2760 1323 sacerdotes
2804 1269 3029 1339 sepeliri
3093 1287 3213 1327 mos
3248 1282 3352 1329 est.
3419 1274 3499 1330 Ac
3527 1274 3597 1331 de

299 1360 400 1416 his
428 1359 652 1431 quidem
686 1358 855 1415 rebus
883 1358 1001 1413 haec
1030 1358 1259 1413 omnino
1289 1355 1446 1411 dicta'
1467 1357 1599 1413 sint.

914 1478 1164 1532 ΚΕΦΔΛ.
1201 1477 1327 1531 AB'.

304 1569 451 1640 "api
483 1568 593 1639 τῆς
625 1569 696 1625 ἐν
741 1567 824 1635 τῷ
875 1567 1082 1634 κυανῷ
1136 1568 1551 1640 χρώματιντοῦ
1591 1569 1899 1635 βασιλέως

681 1642 906 1711 μανίας
936 1639 1185 1710 μᾶλλον
1213 1640 1252 1708 ἢ
1287 1639 1517 1710 φιλίας.

358 1783 364 1787 -
390 1755 568 1828 Ὗπῆν
597 1754 655 1809 δέ
682 1753 778 1808 καὶ
814 1752 1006 1825 ἕτερον
1037 1752 1150 1825 (81)
1180 1752 1260 1825 τῷ
1309 1753 1691 1825 ’1ουστινιανῷ.
1716 1755 1895 1808 πᾶσαν
1954 1748 1957 1753 ’

1932 1880 1973 1939 Β
2001 1840 2312 1897 belluarum
2359 1841 2760 1900 immanitatem
2784 1843 3083 1901 excedens.
3118 1846 3275 1913 Quod
3309 1857 3496 1905 utrum
3525 1866 3592 1906 ex

302 1848 554 1923 θηριώδη
586 1845 816 1919 γνώμην
847 1846 1119 1911 ἐκϐαῖνον,
1140 1846 1252 1899 εἴτε
1281 1845 1340 1899 δέ
1374 1847 1593 1917 φύσεως
1622 1848 1892 1920 ἁμαρτίᾳ,

304 1943 428 1998 εἴτε
461 1936 667 2006 δειλίας
695 1958 756 1995 τε
788 1941 881 1995 καὶ
920 1940 1089 2010 φόϐου
1116 1942 1180 2007 υ,
1210 1939 1310 1993 οὐκ
1340 1939 1449 2012 ἔχω
1470 1940 1670 2009 λέγειν,
1707 1941 1771 1994 ἐκ
1796 1942 1893 2012 τῆς

300 2033 597 2105 δημώδους
647 2033 890 2097 στάσεως
930 2032 1023 2086 τοῦ
1055 2032 1201 2086 Νίκα
1233 2031 1309 2102 (d)
1350 2032 1447 2103 τὴν
1489 2032 1667 2103 ἀρχὴν
1713 2030 1891 2087 ἐλκον.

317 2126 531 2181 Ἐδόκει
570 2122 682 2197 γὰρ
725 2124 941 2197 θατέρῳ
983 2124 1093 2179 τῶν
1149 2124 1335 2196 μερῶν
1357 2124 1452 2196 (e),
1478 2124 1586 2178 τῶν
1611 2112 1893 2191 Κυανέων,

298 2218 538 2291 φημὶίί,
572 2218 817 2289 ἀτεχνῶς
857 2217 1286 2289 προσκεκλῖσθαι
1324 2218 1384 2282 ἐς
1428 2218 1707 2283 τοσοῦτον,
1751 2220 1893 2275 ὥστε

299 2313 405 2368 καὶ
451 2311 769 2383 μιαιφονίας
816 2311 1013 2375 αὐτοὺς
1043 2313 1101 2365 ἐν
1129 2311 1271 2382 μέσῃ
1300 2310 1489 2382 ἡμέρᾳ
1521 2310 1616 2365 καὶ
1641 2312 1701 2364 ἐν
1732 2310 1873 2382 μέσῃ

295 2411 373 2480 τῇ
400 2407 555 2463 πόλει
606 2406 939 2479 ἐργάζεσθαι
963 2406 1073 2461 τῶν
1109 2405 1450 2469 ἀπεναντίας
1479 2406 1576 2459 καὶ
1618 2404 1693 2476 μὴ
1729 2405 1893 2476 μόνον

299 2499 499 2565 ποινὰς
544 2498 623 2571 μὴ
660 2499 914 2563 δεδιέναι,
959 2497 1095 2551 ἀλλὰ
1124 2499 1223 2551 καὶ
1259 2498 1442 2569 γερῶν
1475 2496 1784 2562 ἀξιοῦσθαι,
1818 2495 1895 2559 ὡς

301 2591 542 2657 ⁶πολλοὺς
584 2590 950 2663 ἀνδροφόνους
992 2588 1245 2642 ἐντεῦθεν
1291 2586 1570 2656 γενέσθαι.
1636 2585 1796 2657 Ἐξῆν
1837 2586 1893 2640 δέ

301 2682 518 2749 αὐτοῖς,
549 2682 645 2736 καὶ
669 2684 781 2746 τοῖς
811 2680 981 2744 οἴκοις
1012 2679 1247 2746 ἐπιέναι,
1276 2677 1370 2733 καὶ
1400 2678 1470 2731 τὰ
1496 2677 1895 2748 ὲναποκείμενα

305 2776 574 2849 κειμήλια
609 2774 918 2846 ληῖζεσθαι,
963 2773 1059 2827 καὶ
1105 2774 1218 2836 τοῖς
1250 2770 1563 2841 ἀνθρώποις
1604 2771 1704 2835 τὰς
1745 2771 1896 2840 σφῶν

303 2869 648 2941 πιπράσκειν
698 2866 996 2939 σωτηρίας.
1047 2866 1159 2921 Καὶ
1207 2865 1273 2936 ἦν
1322 2880 1408 2927 τις
1449 2864 1559 2918 τῶν
1619 2864 1895 2934 ἀρχόντων

300 2961 519 3033 εἴργειν
555 2958 849 3031 ἐπειράθη,
887 2957 1019 3029 περὶ
1060 2956 1162 3029 τὴν
1216 2954 1491 3026 σωτηρίαν
1527 2954 1699 3024 αὐτὴν
1747 2956 1896 3008 ἐκιν-

302 3052 551 3108 δύνευεν.
588 3050 753 3105 Ὅθεν
794 3049 990 3121 ἀμέλει
1032 3042 1114 3112 εἷς
1160 3065 1245 3114 τις
1299 3047 1401 3119 τὴν
1447 3044 1619 3116 Ἑῴαν
1670 3047 1892 3116 ἐπιτρο-

306 3145 496 3201 πεύων
541 3143 739 3216 ἀρχὴν,
783 3143 908 3195 ἐπεὶ
952 3132 1130 3206 ἐνίους
1165 3142 1274 3195 τῶν
1303 3138 1736 3212 νεωτεριζόντων
1769 3139 1891 3193 νεύ-

304 3330 522 3403 νεὺροις
566 3327 767 3399 ᾐκίσθη
812 3344 872 3380 τε
920 3329 1012 3381 καὶ
1062 3325 1422 3397 περιηνέχθη.
1473 3323 1795 3387 Καλλίνικος
1832 3323 1890 3377 δὲ

304 3421 417 3476 τῶν
438 3420 681 3476 Κιλίκων
714 3419 1022 3490 ἡγούμενος
1050 3418 1145 3473 δύο
1176 3417 1490 3491 ἀνδροφόνω
1523 3416 1717 3470 Κίλικε
1746 3414 1892 3468 Παῦ-

2595 1476 2747 1533 CAP.
2779 1476 2997 1534 XXXII.

2006 1564 2085 1619 De
2106 1565 2403 1622 Iustiniani
2444 1568 2623 1648 furore
2673 1570 2848 1648 potius
2881 1586 3044 1648 quam
3083 1571 3445 1629 benevolentia
3465 1591 3593 1648 erga

2433 1641 2718 1708 factionem
2744 1640 3172 1696 Venetianorum.

2075 1747 2387 1806 Fuitetiam
2438 1750 2588 1806 aliud
2616 1750 2899 1822 quidpiam
2930 1752 2985 1807 in
3009 1752 3340 1823 Iustiniano,
3372 1771 3593 1815 omnem

2000 1940 2211 1989 natura:
2244 1933 2402 2001 vitio,
2433 1951 2504 1991 an
2524 1951 2593 1992 ex
2622 1936 2841 2009 ignavia
2872 1953 2937 1993 ac
2966 1938 3259 1997 formidine
3283 1941 3590 2012 profectum

1997 2028 2090 2093 sit,
2124 2028 2383 2099 equidem
2418 2044 2635 2101 nequeo
2683 2029 2889 2086 dicere.
2939 2031 3164 2087 Initium
3210 2046 3395 2089 autem
3439 2050 3593 2090 sum-

1997 2119 2109 2189 psit
2132 2136 2199 2175 ex
2223 2121 2477 2192 populari
2503 2122 2780 2178 seditione
2797 2122 2887 2178 cui
2906 2138 3209 2195 cognomen
3233 2124 3469 2181 inditum
3487 2126 3592 2181 fuit

1997 2213 2144 2267 νίκα.
2174 2213 2327 2269 Adeo
2380 2214 2528 2270 enim
2557 2214 2806 2286 impense
2856 2215 3041 2272 favere
3097 2215 3251 2273 visus
3295 2229 3383 2275 est
3426 2220 3590 2275 alteri

1997 2303 2250 2367 factioni,
2291 2306 2722 2363 Venetianorum
2765 2306 2996 2370 scilicet,
3045 2315 3106 2362 ut
3138 2308 3428 2366 Venetiani
3470 2310 3589 2381 ipsa

1997 2398 2251 2464 meridie,
2294 2399 2350 2454 in
2380 2400 2564 2456 media
2614 2400 2865 2467 civitate,
2892 2399 3143 2458 adversre
3183 2402 3441 2460 factionis
3486 2404 3589 2461 ho-

1997 2492 2175 2547 mines
2214 2492 2613 2561 interﬁcerent,
2647 2509 2711 2549 ac
2749 2508 2860 2549 non
2909 2492 3074 2549 modo
3114 2495 3327 2550 nullum
3375 2496 3589 2568 suppli~

1996 2584 2144 2638 cium
2168 2592 2501 2651 metuerent,
2530 2602 2726 2641 verum
2743 2587 2908 2642 etiam
2932 2590 3157 2659 prtemia
3179 2605 3589 2661 consequeren-

2000 2686 2106 2731 tur.
2164 2677 2345 2748 Atque
2395 2678 2528 2733 hinc
2576 2678 2783 2735 factum
2837 2689 2923 2736 est
2967 2691 3030 2736 ut
3065 2683 3225 2738 multi
3257 2684 3590 2741 exsisterent

1997 2769 2310 2825 homicidae.
2360 2768 2533 2826 Porro
2584 2771 2793 2829 licebat
2838 2774 2949 2829 illis
2999 2774 3164 2829 etiam
3193 2776 3248 2831 in
3284 2763 3589 2834 domosir—

1998 2878 2278 2932 rumpere,
2308 2872 2365 2918 et
2388 2877 2522 2934 opes
2546 2864 2603 2919 in
2635 2864 2746 2921 illis
2784 2867 3117 2922 “reconditas
3169 2867 3502 2939 depraedari,
3532 2880 3590 2926 et

1998 2953 2218 3009 miseris
2270 2952 2590 3025 hominibus
2634 2966 2789 3011 suam
2834 2955 3069 3011 salutem
3094 2958 3274 3028 pretio
3319 2959 3585 3016 vendere.

1995 3044 2152 3114 Quod
2176 3046 2221 3101 si
2241 3060 2308 3101 ex
2340 3046 2755 3118 magistratibus
2785 3040 2949 3121 41'3
2982 3047 3254 3119 quispiam
3292 3066 3392 3107 eos
3433 3066 3588 3108 coer-

1998 3154 2125 3195 cere
2156 3146 2446 3207 tentasset,
2468 3138 2537 3195 de
2562 3155 2665 3195 suo
2709 3140 2885 3211 ipsius
2932 3142 3112 3213 capite
3146 3143 3587 3214 periclitabatur.

172 3240 199 3259 Χ
308 3256 429 3312 ροις
470 3236 862 3306 ἐσωφρόνισεν,
905 3235 1013 3289 ἀνὰ
1058 3236 1119 3289 τδ
1174 3234 1504 3305 μεσαίτατον
1532 3236 1632 3304 τῆς
1663 3232 1893 3297 πόλεως,

2000 3232 2232 3300 Quidam
2285 3243 2436 3290 certe
2469 3222 2565 3305 qui
2619 3249 2807 3290 comes
2837 3246 2959 3292 erat
3010 3236 3276 3303 Orientis,
3318 3253 3445 3294 cum
3489 3239 3590 3294 alio

2000 3327 2153 3397 quot}
2174 3326 2471 3382 seditiosos
2490 3326 2677 3382 nervis
2707 3327 2842 3383 caedi
2868 3328 3148 3399 iussisset,
3178 3330 3296 3400 ipse
3326 3330 3381 3385 in
3407 3330 3587 3386 media

2001 3419 2139 3475 urbe
2180 3419 2366 3474 nervis
2393 3434 2567 3474 caesus
2602 3434 2667 3474 ac
2691 3420 3109 3478 circumductus
3138 3431 3246 3478 est.
3289 3421 3590 3480 Callinicus

303 3514 398 3568 λον
433 3514 531 3569 καὶ
564 3514 865 3567 Φαυστῖνον
913 3510 1203 3565 ἐπελθόντε
1249 3510 1321 3575 οἱ,
1348 3509 1443 3563 καὶ
1492 3508 1893 3579 διαχρήσασθαι

2000 3505 2258 3580 praeterea
2269 3499 2463 3567 'rector
2476 3510 2703 3578 Ciliciae,
2720 3522 3013 3584 propterea
3028 3513 3176 3585 quod
3189 3513 3329 3571 duos
3349 3515 3588 3572 homici-

306 3604 642 3677 βουλομένω,
675 3605 800 3659 ἐπεὶ
842 3606 963 3667 ταῖς
1010 3609 1077 3658 ἐκ
1117 3604 1297 3675 νόμων
1344 3604 1559 3665 ποιναῖς
1595 3600 1891 3670 ὑπέθηκεν,

1991 3601 2089 3656 das
2108 3599 2328 3661 Cilicas,
2352 3600 2583 3654 Paulum
2618 3615 2683 3655 ac
2708 3598 3053 3662 Faustinum.
3082 3601 3177 3672 qui
3210 3600 3264 3656 in
3297 3601 3476 3671 ipsutn
3508 3602 3589 3656 ir-

306 3696 768 3768 ἁνεσκολοπίσθη,
798 3696 991 3768 ποινὴν
1014 3696 1156 3765 ὑπὲρ
1184 3695 1354 3766 ὀρθῆς
1378 3695 1648 3757 συνέσεως
1674 3692 1771 3748 καὶ
1786 3692 1895 3746 τῶν

2000 3700 2221 3747 ruerant
2244 3701 2301 3747 et
2330 3690 2643 3747 interficere
2666 3692 2847 3763 ipsum
2881 3693 3064 3749 conati
3097 3693 3422 3771 fuerant,ex
3445 3708 3588 3765 pra:-

307 3789 513 3862 νόμων,
542 3791 751 3859 ταύτην
790 3787 1117 3844 καταϐαλών
1143 3788 1206 3839 ’⁸.
1260 3786 1544 3839 Ἐντεῦθεν
1578 3787 1627 3838 oi
1664 3784 1893 3856 θατέρου

1994 3784 2203 3853 scripto
2225 3783 2409 3854 legum
2432 3783 2653 3855 capitali
2672 3785 2946 3855 supplicio
2964 3785 3260 3852 affecisset,
3287 3786 3341 3840 in
3362 3801 3587 3842 crucem

1589 3920 1674 3975 VA
1685 3917 1824 3974 RIJE
1861 3917 2261 3974 LECTIONES.

403 4045 441 4077 “
462 4045 555 4099 καὶ
592 4043 776 4114 φόϐων
806 4000 1051 4110 ἔγγονον.
1149 4034 1291 4109 una
1320 4034 1541 4108 κυανέῳ
1574 4036 1740 4107 φημί.
1818 4036 1864 4067 ¹³
1888 4032 2240 4088 καταλαϐὼν.

1476 4162 1479 4165 ’
1512 4142 1786 4234 VALESll
1824 4173 2382 4234 ANNOTATIONES.

376 4309 498 4381 (79),
530 4304 766 4381 H.1dto_¢
795 4298 1412 4381 roﬁ_é;tgdttov.jide,
1477 4300 1522 4354 si
1555 4301 1761 4370 placet,
1789 4297 1888 4353 de-

305 4371 674 4450 scriptionem
692 4371 970 4450 Ecclesite
997 4373 1212 4450 sanctae
1240 4371 1489 4450 Sophim,
1527 4386 1691 4450 quam
1718 4384 1896 4450 nuper

314 4454 373 4508 in
404 4438 588 4505 litcem
640 4445 817 4501 edidit
865 4444 1198 4499 Franciscus
1243 4438 1640 4504 Coinbeﬁsius,
1696 4438 1896 4493 vir'de

306 4520 518 4577 litteris
546 4518 781 4594 opli_me_
809 4516 1241 4594 meritns,‘_pag.
1292 4510 1754 4594 9.54._De.scribit
1796 4510 1898 4563 has

308 4582 601 4649 fenestras
646 4586 857 4643 Paulus
921 4582 1281 4639 Silentiarius
1320 4582 1377 4636 in
1426 4582 1687 4652 Ecpltrtisi
1729 4596 1897 4652 quam

307 4677 490 4718 nuper
518 4657 698 4715 edidit
735 4656 821 4712 vir
846 4655 1209 4710 doctissimus
1245 4652 1477 4708 Carolus
1506 4650 1577 4705 de
1630 4650 1891 4713 Praxino,

308 4678 386 4718 nu
427 4678 490 4716 er
518 4678 698 4715 eoum
735 4678 821 4712 γη·
846 4678 1209 4710 υυυιιδδιιιιυδ
1245 4678 1477 4708 parmas

308 4742 369 4790 et
391 4678 705 4800 ἳηοοορίιιε
732 4728 789 4782 in
815 4726 974 4800 lib._t
999 4722 1361 4800 Haterii/irim.
1387 4792 1421 4800 η
1449 4792 1461 4800 ,
1504 4756 1507 4757 ν

386 4801 502 4874 (80)
529 4792 612 4874 _Q'Z
639 4815 703 4853 τε
735 4796 1060 4874 ἱξρωμξνοι.
1090 4794 1242 4874 idem
1271 4873 1276 4874 γ
1290 4792 1490 4874 scribit
1523 4792 1895 4874 _Sozon_tenus

314 4871 375 4929 in
393 4862 513 4926 ‘ﬁne
528 4870 629 4926 lib.
664 4884 703 4924 tt
738 4862 989 4923 Historia:
1010 4864 1397 4919 ecclesiastica.
1430 4862 1539 4917 Sed
1594 4862 1741 4931 quod
1794 4876 1897 4914 no-

311 4944 544 5000 tandum
588 4948 709 5005 est,
760 4948 961 4994 neuter
1004 4950 1198 5005 eorum
1225 4974 1239 4999 ,
1298 4948 1404 5005 nec
1446 4932 1766 5005 Evagrius,
1794 4946 1899 4985 nec

317 5002 997 5080 Sozomenus,'episcopis
1042 5002 1682 5080 Constantinopolitanis
1717 5002 1768 5056 id
1806 5017 1901 5080 pe-

310 5086 523 5140 culiare
572 5073 768 5137 fuisse'
810 5073 1033 5140 dicunt,
1077 5084 1139 5130 ut
1196 5076 1251 5130 in
1295 5075 1688 5144 Apostolorum
1754 5073 1894 5144 inde,

310 5152 779 5226 quemadmodum
806 5151 1196 5226 imperatores,
1225 5143 1773 5226 sepelirennturmsed
1795 5158 1895 5226 ge-

311 5214 583 5280 neraliter
628 5214 938 5293 loquunttir
967 5218 1038 5293 de
1080 5214 1381 5293 episcopis.
1446 5215 1591 5270 Sane
1618 5214 1895 5285 Nicepho-

312 5311 412 5351 rus
442 5296 500 5350 in
531 5294 633 5349 lib.
654 5288 773 5358 vin,
801 5307 924 5362 cap.
961 5291 1064 5345 ult.
1101 5288 1311 5343 diserte
1350 5294 1606 5362 testatur,
1638 5300 1748 5340 non
1800 5300 1892 5339 so-

1920 4697 1974 4755 D

1997 4297 2268 4362 cuissent,
2301 4295 2418 4351 illic
2443 4293 2706 4351 conditos
2731 4291 2927 4349 fuisse.
2976 4290 3132 4361 Srepe
3164 4288 3312 4362 enim
3362 4294 3586 4346 evenie-

1996 4368 2113 4435 bat,
2163 4376 2226 4422 ιιι
2281 4365 2556 4438 episcopi.
2603 4366 2719 4438 ve|_
2763 4363 2833 4438 ab
2874 4361 3307 4438 imperatoribus
3344 4365 3583 4438 evocati,

1997 4431 2189 4495 vel'ob
2213 4431 2579 4493 necessitates
2607 4431 3017 4491 ecclesiasticas
3050 4433 3116 4502 ad
3152 4431 3347 4487 urbem
3377 4431 3583 4502 regiam

1999 4510 2273 4580 profecti,
2327 4507 2405 4580 ibi
2437 4508 2573 4580 fato
2624 4506 3013 4580 fungerentur.
3080 4500 3193 4580 Sic_
3238 4500 3584 4580 temporibus

2000 4572 2278 4635 Anastasii
2331 4578 2581 4633 Alcissus
2632 4585 2691 4630 et;
2731 4572 2991 4646 'Gajanns
3023 4572 3194 4646 apud
3253 4573 3580 4646 Byzantium

2000 4651 2229 4712 mortui,
2265 4664 2487 4717 unoque
2518 4648 2779 4717 sepulcro
2826 4643 3036 4699 conditi
3103 4643 3488 4698 memorantur
3527 4644 3584 4699 in

2001 4721 2261 4776 Chronico
2278 4718 2605 4772 Marcellini.

2068 4791 2183 4859 (8|)
2225 4787 2437 4859 Elaeae
2458 4787 2528 4859 δέ
2557 4785 2651 4840 δεῖ
2704 4786 2807 4859 καί
2834 4785 3061 4859 ἕτερον,
3090 4782 3151 4837 In
3198 4781 3442 4859 editione
3467 4783 3583 4840 Ro-

1999 4852 2147 4916 berti
2174 4858 2442 4928 Stephani
2476 4857 2633 4913 deest
2689 4852 3074 4928 verbum'ﬂai,
3135 4852 3584 4928 q_uod_t_ypogra-

2000 4924 2509 5001 pltichnovenses
2561 4943 2630 4982 ex
2682 4924 3219 5001 Christophorsonii
3274 4924 3584 4981 alierumve

1999 4994 2323 5068 conjectura
2360 5012 2655 5068 perperam
2697 4994 3136 5068 suppleverunt._
3173 4994 3311 5068 Ego
3336 5008 3471 5050 vero
3514 5010 3585 5068 ex

1998 5065 2297 5128 codicibus
2324 5065 2648 5124 Florentino
2679 5079 2737 5124 et
2763 5065 3078 5124 Tellcriano
3124 5066 3273 5120 hunc
3298 5065 3483 5122 locum
3509 5067 3585 5124 ita

2002 5140 2331 5197 emendavi:
2370 5139 2545 5207 ’Υπῆν
2578 5140 2635 5204 δέ
2668 5139 2764 5192 καὶ
2795 5138 3009 5209 ἕτερον,
3034 5146 3166 5209 etc_.,
3200 5152 3367 5209 quam
3390 5153 3584 5194 emen-

2002 5212 2290 5291 dationem
2331 5209 2628 5291 confirmat
2680 5207 3224 5291 Niceprh‘orusznpth
3294 5207 3382 5263 his
3428 5209 3581 5290 enim

1968 5288 1971 5293 λ
2002 5282 2225 5366 Evagrii
2282 5282 2464 5337 verbis
2498 5280 2616 5334 hac
2663 5277 2955 5333 substituit
2990 5295 3003 5331 :
3041 5278 3136 5331 Ἓν
3166 5277 3225 5329 δέ
3274 5294 3328 5331 τι
3374 5277 3587 5351 προσῆν

311 5365 399 5439 los
459 5354 1156 5439 Constantijmpblitanos,
1218 5374 1413 5439 verum
1467 5356 1610 5439 alios
1668 5369 1892 5437 quoque
2002 5354 2174 5424 αὐτῷ.

310 5437 628 5507 episcOpos,
675 5434 771 5505 qui
836 5431 1130 5487 sanctitate
1183 5431 1310 5485 vitae
1346 5444 1460 5498 prae
1508 5431 1724 5481 cmteris
1748 5431 1891 5480 emi-

1842 5542 2232 5601 VARIOBUM.

316 5645 837 5786 ﬁdiLg'ﬁnglxa.
872 5643 1011 5705 Vide
1068 5659 1259 5715 supra,
1288 5658 1412 5714 cap.
1448 5642 1516 5699 1'5
1546 5642 1716 5715 hujus
1737 5639 1887 5696 libri.

388 5790 459 5861 (e)
502 5782 737 5857 Θατέρὶρ
769 5786 889 5841 τῶν
919 5784 1140 5856 μερῶν.
1200 5783 1512 5851 Quaternas
1564 5782 1895 5839 circensium

637 5885 911 5947 PATBOL.
958 5885 1075 5945 Gn.
1124 5880 1440 5944 LXXXVI.

1998 5638 2318 5709 aurigarum
2350 5635 2483 5709 olim
2539 5633 2733 5709 fuisse_
2764 5632 3058 5700 factiones,
3117 5631 3246 5709 scil.
3277 5628 3589 5709 Prasinam,

2001 5702 2291 5776 Venetam,
2322 5706 2576 5763 Albatam
2621 5716 2680 5762 et
2703 5707 2993 5771 Rusatam,
3012 5702 3366 5761 notissimum
3387 5709 3492 5758 est.

3103 5868 3174 5933 87
