3908 6502
496 293 640 359 2763
698 260 704 267 ’

1715 293 2037 358 EVAGRII
2081 295 2572 359 SCHOLASTICI

3659 294 3785 361 2764

493 411 651 458 actus
675 409 777 468 est,
803 400 904 458 has
927 416 1119 473 poenas
1144 398 1395 457 referens
1420 401 1491 456 ob
1516 409 1666 458 recte
1715 404 1990 469 consulta,
2028 412 2079 459 et

2190 405 2393 478 μέρους
2422 405 2491 459 τὰ
2518 404 2694 459 οἰκεῖα
2730 404 3088 476 πεφευγότες,
3125 405 3222 462 καὶ
3250 404 3413 478 πρὸς
3451 404 3689 459 οὐδένων
3711 409 3790 458 ἀν-

493 494 566 550 οὶ)
597 494 747 563 leges
795 503 1061 550 servatas.
1088 494 1228 549 [line
1272 494 1479 548 factum
1527 502 1611 548 est
1652 502 1712 549 ut
1747 494 2079 559 Prasiniani,

495 585 685 641 relicta
708 585 884 656 patria
911 600 1009 640 sua
1032 627 1046 652 ,
1078 600 1204 640 cum
1238 600 1268 639 a
1307 584 1461 638 nullo
1488 583 1807 638 mortalium
1839 583 2083 654 suscipe-

495 685 707 743 rentur,
765 677 861 733 sed
892 677 1044 732 velut
1076 677 1355 747 piacuium
1384 676 1661 745 quoddam
1716 677 2082 748 undequaque

495 771 873 841 abigerentur,
938 769 1244 825 victoribus
1307 768 1538 824 insidias
1583 777 1884 833 struerent,
1931 771 2080 845 rapi-

494 878 704 932 nasque
730 878 793 916 ac
825 861 1005 916 caedes
1038 870 1428 931 perpetrarent
1461 879 1473 915 :
1507 869 1562 917 et
1589 871 1790 917 cuncta
1821 861 2080 916 immatu-

496 955 576 1008 ris
608 954 880 1007 mortibus
910 969 974 1006 ac
1009 953 1441 1022 direptionibus,
1478 962 1532 1006 et
1565 953 1878 1022 hujusmodi
1909 954 2083 1008 scele-

487 1047 652 1100 ribus
684 1047 1115 1116 complercntur.
1149 1045 1431 1100 Interdum
1464 1046 1722 1100 tamenin
1749 1047 2084 1101 contrariam

493 1136 830 1191 sententiam
862 1150 1077 1199 versus,
1107 1135 1438 1190 Venetianos
1472 1135 1696 1200 occidit,
1723 1136 1903 1207 legum
1957 1137 2083 1192 vin-

486 1228 655 1283 dicta:
698 1227 998 1298 subjicicus
1027 1243 1157 1295 eos,
1189 1228 1391 1297 qmbus
1427 1237 1588 1284 antea
1609 1243 1762 1284 more
1794 1229 2083 1287 barbarico

497 1333 594 1386 per
621 1318 865 1388 singulas
901 1317 1070 1373 urbes
1121 1317 1407 1388 grassandi
1457 1327 1786 1388 potestatem
1831 1319 2078 1376 dederat.

2187 497 2427 568 θρώπων
2466 497 2824 571 δεξιούμενοι,
2870 499 3009 554 ἀλλὰ
3047 501 3141 555 καὶ
3179 503 3263 566 ὼς
3324 499 3432 568 ἄγε
3453 499 3501 530 ί*
3544 499 3791 554 πάντοθεν
3833 537 3850 560 ,.

2185 591 2563 662 ἐλαυνόμενοι,
2595 593 2710 657 τοῖς
2754 592 3130 666 ὁδοιποροῦσιν
3165 595 3527 665 ἐφήδρευον,
3569 593 3792 647 λωποδυ-

2187 683 2310 746 σίας
2359 700 2418 737 τε
2449 684 2543 738 καὶ
2587 685 2903 755 μιαιφονίας
2949 686 3360 756 ἐργαζόμενοι,
3399 685 3596 739 καὶω
3635 687 3794 741 πάντα

2185 776 2366 848 πλήρη
2396 775 2642 831 θανάτων
2671 775 2889 848 ἀώρων,
2916 778 3204 846 λεηλασίας
3236 796 3307 832 τε
3339 779 3446 832 καὶ
3471 777 3588 830 τῶν
3607 778 3796 832 λοιπῶν

2185 869 2556 941 ἁτοπημάτων
2586 866 2746 925 εἶναι.
2780 871 2938 925 Ἐστι
2966 871 3022 925 δὲ
3056 866 3118 927 οὗ
3154 873 3301 944 πρὸς
3328 871 3409 924 τὰ
3444 871 3677 926 ἐναντία
3708 891 3793 943 με·

2185 961 2516 1032 ταχωρήσας
2561 964 2657 1018 καὶ
2700 963 2900 1028 αὐτοὺς
2924 963 3278 1036 διεχρήσατο,
3317 965 3450 1026 τοῖς
3483 963 3680 1033 νόμοις
3712 967 3793 1016 ἐκ·

2185 1051 2330 1118 δοὺς,
2377 1053 2472 1117 οὓς
2508 1054 2714 1124 ἐφῆκεν
2743 1057 2848 1110 ἀνὰ
2881 1056 2950 1110 τὰ
2977 1056 3118 1128 ἄστη
3159 1057 3582 1129 άνοσιουργεῖν
3613 1054 3794 1128 βαρϐά-

2190 1160 2303 1213 ροις
2357 1143 2466 1199 ἴσα.
2505 1147 2615 1200 Καὶ
2660 1149 2730 1200 τὰ
2757 1148 2863 1219 μὲν
2896 1149 3025 1220 περὶ
3053 1149 3266 1203 τούτων
3298 1149 3686 1219 λεπτομερῶς
3719 1149 3793 1202 λέ-

2185 1251 2324 1302 γειν,
2362 1239 2613 1308 κρεῖττον
2663 1241 2760 1293 καὶ
2805 1240 2965 1309 λόγου
3017 1241 3110 1294 καὶ
3153 1241 3396 1312 χρόνου.
3464 1240 3709 1312 Ἀπόχρη
3748 1241 3794 1295 δὲ

2184 1326 2360 1381 ταῦτα
2390 1333 2768 1402 τεκμηριῶσαι
2799 1333 2895 1387 καὶ
2934 1335 3000 1387 τὰ
3032 1333 3321 1389 ἐπίλοιπα.
3373 1368 3376 1369 ν

495 1417 697 1471 Verum
732 1414 798 1467 ad
826 1413 928 1468 ista
977 1413 1296 1484 singillatim
1366 1413 1677 1480 referenda,
1721 1429 1826 1470 nec
1868 1422 2106 1486 tempus,
2145 1435 2249 1476 nec
2275 1439 2458 1481 sermo
2508 1427 2654 1484 ullus
2708 1429 3009 1486 suffecerit.
3046 1429 3171 1486 llrec
3237 1440 3454 1486 tamen
3501 1443 3631 1499 quae
3662 1440 3792 1482 com-

495 1508 793 1578 memoravi
829 1507 1109 1563 sulliciunt
1143 1517 1202 1562 ut
1233 1509 1550 1578 conjectura
1584 1509 1677 1562 ﬁat
1717 1508 1785 1565 de
1825 1510 2076 1582 reliquis.

1063 1621 1215 1677 CAP.
1255 1620 1498 1676 XXXIII.

888 1714 961 1768 De
993 1714 1366 1786 Barsanuphio
1411 1718 1690 1772 monacho.

563 1829 764 1886 Iisdem
810 1828 1155 1898 temporibus
1199 1829 1304 1882 viri
1341 1828 1501 1898 plane
1543 1829 1717 1886 divini
1749 1838 1806 1886 et
1842 1819 2082 1887 admira-

493 1921 682 1976 bilium
713 1936 944 1991 operum
983 1920 1295 1985 ell‘ectores,
1329 1922 1385 1975 in
1414 1922 1585 1978 variis
1621 1923 1774 1980 orbis
1812 1931 2083 1980 terrarum

491 2012 626 2068 locis
655 2012 937 2078 vixerunt,
967 2011 1074 2067 Sed
1106 2028 1339 2082 quorum
1363 2013 1537 2084 gloria
1571 2015 1774 2085 ubique
1801 2005 2082 2084 inclaruit,

491 2105 546 2160 bi
571 2105 689 2161 fere
718 2114 867 2160 sunt.
889 2105 1325 2176 Barsanupbius,
1345 2107 1630 2179 {Egyptius
1660 2125 1882 2180 genere,
1907 2110 2002 2180 qui
2026 2110 2082 2165 in

489 2214 656 2254 carne
684 2200 852 2254 vitam
903 2199 1088 2256 carnis
1124 2209 1408 2269 expertem
1455 2202 1720 2274 transegit
1749 2203 1806 2258 in
1843 2203 2082 2273 quodam

492 2291 829 2347 monasterio
849 2291 1004 2361 juxta
1035 2291 1298 2362 Oppidum
1331 2293 1554 2359 Gazam,
1581 2292 1720 2350 adeo
1764 2295 2082 2365 utplurima

494 2384 762 2440 miracula
784 2384 1210 2454 perpetraverit,
1249 2401 1372 2454 qum
1409 2400 1700 2442 recensere
1723 2385 1941 2443 diﬂicile
1959 2395 2078 2444 est:

493 2477 862 2548 eredaturque
891 2477 960 2532 ab
979 2477 1236 2533 omnibus
1255 2478 1558 2533 etiamnum
1575 2478 1784 2546 vivere,
1806 2479 1862 2534 in
1884 2481 2083 2538 cellula

487 2569 741 2624 reclusus
784 2587 798 2624 :
847 2569 1100 2640 quamvis
1144 2569 1544 2642 quinquaginta
1582 2580 1640 2628 et
1674 2573 1910 2643 amplius
1948 2575 2082 2634 anni

485 2659 598 2730 jam
641 2660 1014 2723 excesserint,
1053 2676 1122 2716 ex
1150 2676 1261 2731 quo
1300 2677 1404 2718 nec
1436 2663 1592 2718 visus
1622 2672 1757 2719 esta
1778 2681 2077 2736 quoquam,

491 2765 594 2807 nec
611 2759 893 2806 terrenum
926 2751 1227 2821 quidquam
1259 2752 1591 2824 degustavit.
1617 2753 1749 2821 Quae
1777 2771 1904 2811 cum
1945 2757 2080 2814 falsa

484 2856 610 2897 esse
629 2841 883 2898 crederet
907 2843 1244 2900 Eustochius
1275 2843 1788 2918 Hierosolymorum
1823 2849 2076 2917 antistes,

488 2943 545 2990 et
567 2935 822 2990 cellulam
861 2935 918 2990 in
946 2935 1064 3006 _qira
1097 2936 1184 3003 vit:
1211 2936 1310 2992 Dei
1348 2953 1470 2994 sese
1503 2939 1824 3008 incluserat,
1862 2939 2081 3010 perfodi
2109 2957 2152 3016 ο

484 3027 760 3096 iussisset,
790 3027 930 3099 ignis
978 3027 1108 3084 inde
1149 3029 1413 3098 exsiliens
1463 3031 1754 3089 universos
1787 3046 2082 3105 propemo-

487 3119 621 3174 dum
650 3122 744 3191 qui
777 3120 1007 3176 aderant
1038 3121 1365 3178 combussit.

964 3231 1128 3305 4ιά
1158 3231 1312 3288 CAP.
1350 3232 1595 3289 xxxrv.

488 3311 566 3381 De
597 3323 856 3397 Symeone
901 3326 1176 3385 monacho.
1207 3326 1296 3395 qui
1323 3336 1536 3397 prapter
1577 3327 1844 3383 Christum
1903 3330 2081 3386 stulti-

519 3421 523 3425 -
643 3396 646 3397 ⁷
1051 3397 1182 3448 tiam
1207 3396 1498 3452 simulavit.

557 3509 682 3565 Fuit
707 3509 874 3565 etiam
909 3526 964 3563 ιιι
991 3509 1377 3565 Emisenorum
1433 3510 1572 3565 urbe
1615 3511 1918 3583 Symeones
1945 3531 1957 3565 :
1984 3514 2079 3581 qui

488 3603 668 3659 inanis
705 3603 890 3674 gloria:
946 3603 1147 3657 fastum
1182 3619 1403 3658 omnem
1436 3604 1578 3659 adeo
1621 3613 1873 3670 exuerat,
1920 3613 1980 3658 ut
2007 3604 2079 3660 ab

486 3696 762 3753 universis
785 3695 989 3766 quibus
1019 3703 1140 3750 erat
1165 3694 1406 3766 ignotus,
1433 3711 1534 3766 pro
1567 3695 1720 3752 fatuo
1752 3697 2077 3760 haberetur,

484 3790 615 3845 licet
644 3787 795 3843 omni
825 3801 1031 3858 genere
1060 3787 1349 3857 sapientia:
1376 3793 1435 3842 et
1468 3785 1659 3841 divina
1691 3786 1869 3858 gratia
1898 3787 2078 3841 abun-

485 3881 662 3937 daret.
720 3881 893 3935 Porro
948 3880 1039 3934 hic
1087 3879 1393 3951 Symeones
1443 3896 1694 3936 seorsum
1742 3879 1812 3934 ab
1847 3879 1972 3935 aliis
2016 3889 2079 3935 ut

484 3973 782 4044 plurimum
808 3962 1064 4042 degebat,
1093 3972 1309 4025 nullum
1359 3971 1589 4026 omnino
1637 3970 1956 4026 mortalium
2004 3971 2079 4026 si-

484 4078 622 4119 nens
656 4077 995 4134 cognoscere
1039 4061 1395 4132 quandonam
1427 4069 1524 4116 aut
1552 4078 1664 4132 quo
1708 4063 1872 4117 modo
1903 4062 2074 4116 Deum

482 4166 827 4226 precaretur,
857 4171 961 4211 nec
1003 4171 1114 4225 quo
1163 4164 1412 4225 tempore
1463 4154 1614 4210 domi
1647 4161 1746 4234 aut
1798 4156 2077 4226 jejunaret

484 4248 787 4304 antvcibum
822 4256 1065 4319 caperet.
1095 4248 1380 4302 Interdum
1413 4248 1580 4304 etiam
1612 4247 1666 4302 in
1693 4247 1801 4303 viis
1834 4248 2074 4318 publicis

483 4351 579 4396 aut
612 4341 667 4395 in
702 4341 822 4396 foro
842 4355 1032 4411 agens,
1083 4355 1114 4394 e
1166 4347 1312 4394 statu
1338 4340 1541 4395 mentis
1566 4339 1894 4395 deturbatus
1915 4339 2071 4394 vide-

484 4434 664 4499 batur,
692 4448 794 4488 nec
827 4432 1132 4502 prudentiae
1159 4448 1221 4485 ac
1255 4431 1493 4487 solerti-ae
1531 4431 1831 4502 quidquam
1867 4447 1977 4502 prae
2005 4447 2064 4488 sc

2519 1695 2521 1697 ,
2781 1639 3036 1694 ΚΕΦΑΛ.
3065 1640 3184 1696 AF'.

2310 1739 2316 1744 '
2413 1728 2554 1798 Περὶ
2585 1731 3052 1801 Βαρσανουφίου
3090 1732 3197 1787 τοῦ
3230 1733 3564 1801 ἀσκητοῦ.

2257 1824 2519 1894 Γεγόνασι
2553 1826 2612 1880 δὲ
2655 1830 2774 1882 κατ’
2805 1829 2985 1883 ἐκεῖνο
3033 1829 3232 1900 καιροῦ
3279 1829 3506 1900 ἄνδρες
3563 1827 3784 1899 θεοφόρα

2187 1915 2281 1967 καὶ
2313 1917 2566 1986 μεγάλων
2615 1920 2859 1990 σημείων
2898 1921 3152 1993 ἐργάται,
3202 1921 3504 1992 πολλαχοῦ
3541 1922 3646 1992 μὲν
3674 1921 3782 1989 γῆς·

2185 1997 2262 2060 ὧν
2289 2006 2530 2073 anno;
2575 2010 2887 2082 ἑκασταχοῦ
2926 2012 3214 2085 διέλαμψε,
3246 2011 3688 2086 Βαρσανούιριος
3706 2014 3784 2066 Αί-

2186 2096 2412 2164 γύπτιος
2449 2101 2628 2168 γένος.
2698 2097 2866 2168 Οὗτος
2904 2106 2960 2161 ἐν
3006 2106 3215 2177 σαρκὶ,
3263 2107 3371 2160 τὸν
3428 2107 3681 2176 ἄσαρκον
3718 2105 3784 2158 διο

2187 2190 2416 2260 ήθλευσε
2450 2191 2585 2262 βίον,
2619 2193 2676 2248 ἔν
2705 2213 2811 2249 τινι
2842 2198 3246 2270 φροντιστηρίῳ
3271 2197 3469 2268 ἀγχοῦ
3493 2198 3681 2267 Λάζης
3703 2196 3780 2250 τοῦ

2185 2282 2549 2354 πολίσματοςο
2587 2285 2727 2341 ὥστε
2762 2289 2933 2342 πολλὰ
2970 2290 3068 2361 μὲν
3112 2291 3208 2344 καὶ
3255 2291 3509 2360 μνήμης
3555 2290 3779 2360 κρείττοο

2185 2389 2252 2427 να
2297 2373 2818 2448 θαυματουργῆσαιο
2853 2379 3211 2434 πιστεύεσθαι
3249 2380 3309 2433 δὲ
3350 2379 3458 2433 καὶ
3510 2379 3616 2449 ζῇν
3639 2376 3778 2430 αὑτὸν

2186 2469 2244 2521 ἐν
2279 2470 2508 2542 οἰκίσκῳ
2539 2472 2964 2546 καθειργμένον,
3000 2473 3180 2527 καίτοι
3220 2491 3286 2542 γε
3321 2473 3446 2527 ἀπὸ
3486 2472 3694 2526 τούτων
3723 2470 3772 2539 (ﬁ

2185 2564 2547 2633 πεντήκοντα,
2593 2567 2688 2618 καὶ
2735 2567 2871 2638 πρός
2905 2583 2969 2636 γε
3001 2567 3209 2639 χρόνων
3252 2565 3390 2620 οὔτε
3428 2564 3669 2633 ὀφθέντα
3692 2581 3769 2632 τῳ,

2182 2651 2308 2706 οὔτε
2347 2654 2460 2708 τῶν
2501 2656 2594 2710 ἐπὶ
2632 2657 2734 2727 γῆς
2769 2675 2916 2722 τινος
2962 2657 3352 2729 μετειληφότα.
3396 2650 3503 2719 Οἷς
3556 2655 3767 2709 δυσαπι-

2184 2745 2329 2798 στῶν
2383 2745 2675 2819 Εὑστόχιος
2707 2747 2820 2820 (82)
2849 2751 2878 2802 ὁ
2904 2749 3015 2804 τῶν
3059 2748 3474 2819 Ἰεροσολύμων
3504 2744 3767 2818 πρόεδρος,

2183 2834 2374 2906 ἐπειδὴ
2409 2835 2710 2907 διορύττειν
2751 2829 2893 2908 ἔγνω
2925 2839 3018 2893 τὸν
3061 2839 3309 2893 οἰκίσκον
3335 2831 3405 2892 οὗ
3436 2834 3764 2905 καθετριιτορ

2185 2925 2473 2999 ἄνθρωπος
2504 2927 2598 2982 τοῦ
2633 2927 2792 2996 Θεοῦ,
2822 2930 2934 3004 πῦρ
2965 2930 3191 3004 ἐκθορδν
3223 2928 3444 3003 μικροῦ
3475 2927 3605 2992 τοῦς
3626 2923 3766 2980 αὐτό-

2187 3035 2246 3071 σε
2286 3019 2494 3084 πάντας
2528 3019 2818 3092 ἐνέπρησε.

2757 3235 3012 3289 ΚΕΦΑΛ.
3055 3234 3178 3291 ΛΔ’.

2183 3331 2321 3401 Περὶ
2372 3331 2612 3402 Συμεὼν
2661 3329 2956 3400 μοναχοῦ,
2991 3328 3100 3384 τοῦ
3132 3327 3230 3384 διὰ
3261 3299 3540 3398 Χριστὸν
3559 3321 3754 3380 σαλοῦ.

2253 3509 2447 3576 Γέγονε
2483 3507 2537 3560 δὲ
2567 3507 2661 3561 καὶ
2693 3506 2797 3561 ἀνὰ
2826 3507 2925 3578 τὴν
2968 3507 3228 3578 Ἔμισαν,
3262 3504 3571 3579 Συμεώνης
3591 3519 3604 3533 ·
3634 3499 3753 3570 ἀνὴρ

2181 3594 2339 3664 οὗτος
2368 3600 2462 3654 τὸν
2489 3599 2590 3670 τῆς
2623 3599 2931 3664 κενοδοξίας
2975 3599 3397 3671 ἀπτδυσάμενος
3440 3597 3659 3670 χιτῶνα,
3685 3593 3750 3655 ὡς
3825 3584 3830 3591 ’

2180 3693 2275 3747 καὶ
2321 3691 2639 3763 παράφορον
2693 3690 2846 3762 παρὰ
2900 3694 3014 3755 τοῖς
3051 3692 3154 3745 οὐκ
3200 3693 3374 3746 είδόσι
3417 3690 3571 3755 δόξαι
3609 3684 3748 3740 αὑτὸν

2179 3780 2340 3850 εἶναι,
2401 3784 2652 3853 καίτοιγε
2711 3784 2896 3855 πάσης
2957 3785 3151 3854 σοφίας
3198 3784 3293 3838 καὶ¹
3346 3783 3505 3846 θείας
3548 3778 3744 3850 χάριτος

2179 3877 2662 3950 ἐμπεπλησμένος.
2696 3862 2866 3943 Οὗτος
2906 3881 2935 3932 ὁ
2977 3878 3276 3948 Συμεὼνης
3322 3879 3398 3932 τὰ
3439 3874 3609 3932 πολλὰ
3662 3869 3746 3940 μὲν

2178 3971 2342 4035 αὐτὸς
2367 3970 2489 4024 καθ’
2513 3973 2702 4025 ἑαυτὸν
2732 3971 2971 4043 διῃτᾶτο,
3003 3961 3180 4026 οὗδενὶ
3203 3972 3263 4026 τὸ
3280 3971 3552 4044 παράπαν
3581 3965 3739 4021 ἄδειαν

2179 4063 2414 4126 ἐνδιδοὺς
2440 4063 2665 4127 εἰδέναι,
2702 4064 2832 4117 πότε
2879 4081 2938 4116 τε
2970 4065 3003 4134 ἦ
3032 4065 3178 4125 ὅπως
3204 4063 3266 4116 τὸ
3295 4063 3458 4116 Θεῖον
3491 4059 3734 4114 ἱλάσκετο,

2182 4155 2317 4227 μηδὲ
2349 4156 2438 4208 ὅτε
2474 4157 2573 4220 τὰς
2617 4154 2841 4226 ἀφέξεις
2873 4155 2967 4209 καὶ
3001 4156 3249 4227 μεθέξεις
3277 4157 3406 4209 καθ’
3437 4151 3624 4208 ἑαυτὸν
3646 4145 3734 4199 τῶν

2178 4244 2394 4316 τροφῶν
2422 4246 2626 4298 ποιοῖτο
2657 4244 2742 4298 ἄν.
2780 4245 2968 4298 Ἔστιν
3005 4245 3060 4298 δὲ
3089 4238 3150 4298 οὗ
3189 4246 3282 4298 καὶ
3313 4245 3457 4300 κατὰ
3483 4242 3580 4305 τὰς
3620 4237 3734 4290 λεωο

2106 4319 2148 4372 D
2180 4340 2379 4410 φόρους
2407 4337 2694 4410 ἀγοράζων
2722 4337 3094 4408 ἐκτετράφθαι
3127 4337 3222 4391 τοῦ
3255 4335 3605 4395 καθεστῶτος
3632 4324 3727 4399 (85)

2174 4431 2370 4491 ἐδόκει.
2402 4429 2496 4483 καὶ
2537 4429 2702 4500 μηδὲν
2732 4429 3001 4500 φρενῆρες
3035 4429 3067 4501 ἦ
3102 4429 3360 4502 ἀγχίνουν
3406 4428 3540 4489 ὅλως
3582 4421 3721 4491 ἔχειν·

1812 4565 2047 4622 vanus
2087 4541 2486 4622 LECTIONE'S.

559 4658 604 4691 ιδ
624 4661 679 4715 C.
715 4659 773 4711 tl.
813 4658 938 4728 ἄγη.
1058 4658 1135 4692 ν’*
1158 4658 1287 4729 Leg.
1319 4657 1484 4711 ὥστε.

1687 4746 1772 4801 VA
1784 4747 1959 4802 LESli
1993 4745 2440 4804 ANNOTATION
2451 4746 2548 4803 ES.

549 4844 680 4918 (82)
719 4841 1119 4918 Δυσιωζιστῶν
1147 4841 1506 4918 Εξιοζτόχιος.
1567 4842 1672 4896 Pro
1721 4843 2060 4918 verbo__6_ucr-

478 4912 743 4977 απιστῶν,
781 4915 929 4985 quod
969 4915 1162 4983 procul
1195 4912 1381 4985 dubio
1405 4923 1732 4985 corr_nptum
1753 4923 1859 4985 est,
1897 4914 2061 4970 Nice-

478 4989 692 5057 pltorus
759 4983 926 5040 habet
976 4983 1295 5057 διαπιστῶν.
1339 4983 1462 5057 _Pro
1512 4983 1812 5057 Eustochio
1876 4994 2061 5057 autem

478 5053 990 5127 Hierosolymorum
1029 5056 1300 5127 episcopo.
1337 5053 1482 5127 idem
1512 5053 1862 5127 Nicephorus
1897 5054 2063 5110 habet

475 5123 821 5183 Sallustium.
883 5123 1179 5196 Sallustius
1224 5123 1483 5196 iquidem
1546 5123 2061 5196 Hierosolymorum

473 5199 770 5270 episcouus
820 5196 922 5250 fuit
962 5194 1278 5265 principatu
1327 5194 1600 5249 Anastasii
1657 5194 1916 5264 Augusti.
1951 5196 2063 5251 Eu-

2162 4843 2414 4899 stochius
2465 4858 2600 4914 vero
2645 4838 2749 4898 sub
2794 4843 3084 4898 exordium
3133 4841 3351 4914 imperii
3401 4831 3711 4914 Justinilu-

2161 4915 2368 4985 nioris
2402 4913 2658 4970 eumdem
2687 4914 3093 4985 _episcopatum
3150 4911 3342 4985 gessit,
3392 4921 3455 4971 ut
3519 4911 3710 4965 testatur

2164 4984 2531 5040 Theouhanes
2578 4985 2634 5038 in
2669 4983 2945 5040 Chronico.

2234 5041 2346 5126 (85)
2389 5053 2816 5126 Ἐκτεζτράςρθαι
2842 5054 2947 5126 τοῦ
2978 5053 3378 5126 καθεστῶτος.
3418 5041 3708 5126 ΡτοειιΙ-(ἰιις

2161 5114 2257 5179 1)ἱὸ
2302 5114 2785 5180 scribendum-cst
2815 5123 3241 5195 καθεστηκότος,
3271 5114 3699 5194 quemadmodum

2163 5195 2364 5266 legitur
2396 5195 2542 5265 apud
2595 5195 2971 5265 Nicephorum
3004 5195 3058 5250 in
3098 5210 3220 5266 cap.
3257 5195 3330 5250 22
3356 5196 3455 5252 lib.
3483 5203 3600 5246 xvu.

1942 5315 2326 5396 VARIOBUM.

543 5413 604 5482 (0
657 5412 1104 5483 Ἀπὸ-τούτων.
1157 5409 1388 5483 Scilicet
1447 5411 1711 5483 abanno
1751 5413 1888 5483 7593.
1941 5429 2052 5483 quo

468 5480 738 5554 Evagrius
779 5481 1065 5554 Historiam
1102 5496 1289 5554 gsuam
1341 5480 1599 5535 absolvit.
1639 5482 1797 5538 Unde
1851 5480 2053 5554 Pagius

470 5551 754 5609 concludit
817 5551 1254 5621 Barsauuphium
1308 5565 1431 5605 sese
1482 5554 1822 5607 monasterio
1874 5551 2054 5609 inclu-

469 5625 607 5679 sisse
656 5624 802 5679 circa
837 5637 1040 5677 annum
1064 5620 1212 5693 77540.
1248 5621 1315 5674 Et
1360 5621 1623 5693 quoniam
1665 5623 1776 5693 jam
1807 5633 1938 5677 tunc
1964 5639 2052 5678 se-

469 5700 597 5757 nex‘,
629 5705 686 5750 et
715 5694 912 5750 Joanni
957 5692 1075 5748 seni
1101 5707 1320 5746 coaevus
1349 5692 1530 5746 dictus
1581 5707 1613 5746 e
1648 5692 1675 5746 t'
1711 5709 1741 5748 a
1772 5694 2051 5749 Dorotbeo

468 5765 898 5820 archimandrita
939 5763 993 5818 in
1023 5762 1370 5818 institutione
1401 5779 1472 5828 tv,
1520 5762 1610 5820 vix
1645 5764 1823 5834 potuit
1867 5765 2051 5821 vivere

2163 5395 2338 5486 usque
2375 5415 2444 5469 ad
2465 5430 2672 5469 annum
2696 5412 3104 5486 quorljlvagrius
3129 5413 3424 5486 Historiam
3460 5419 3596 5465 suam
3620 5395 3701 5486 ﬁl}:

2160 5467 2334 5542 gain:
2345 5505 2360 5542 ;
2378 5467 2795 5556 praesegmina
2817 5467 3186 5556 Nicephorius,
3219 5467 3324 5556 lib.
3341 5467 3484 5556 is...
3498 5467 3694 5556 cap-ﬂ;

2165 5546 2483 5612 Sallustium
2499 5546 2604 5626 pro
2627 5546 2929 5626 Eustochio
2957 5546 3288 5626 nominavit,
3312 5546 3692 5626 cum‘Sallusljgs

2161 5642 2306 5682 anno
2347 5629 2458 5708 486i
2471 5612 2839 5708 A‘episcopus‘
2857 5612 3581 5708 Hierosolymorum‘ndytns
3605 5612 3693 5708 ,ξξξι

2161 5673 3370 5774 5535..té‘igiamamaﬂiteratis;
3395 5673 3507 5759 sits,
3532 5701 3580 5741 η.
3605 5673 3688 5743 to)-
