3908 6510
483 395 626 461 2783

1714 393 2026 455 EVAGRII
2068 389 2558 453 SCHOLASTICI

3636 388 3770 454 2784

486 510 652 567 modo
687 510 1001 568 comedisse
1027 510 1223 567 dicens
1259 522 1372 581 quo
1403 516 1529 581 post
1558 508 1872 579 passionem
1901 522 2084 562 come-

2214 506 2410 572 πάθεσι,
2450 507 2586 577 μηδὲ
2616 505 2673 558 δὲ
2723 507 2864 576 μετὰ
2902 506 3003 578 τὴν
3038 507 3342 562 ἀνάστασιν
3377 505 3472 560 τοῦ
3506 508 3770 573 παναγίου

488 603 595 668 dit,
631 618 758 658 cum
811 609 1226 658 sacrosanctum
1272 603 1393 673 ejus
1439 616 1645 671 corpus
1682 601 1795 671 jam
1838 599 1969 654 inde
2015 614 2084 654 ex

489 709 601 768 quo
627 694 683 749 in
715 703 875 751 utero
918 693 1220 749 formatum
1267 702 1373 758 est,
1422 693 1627 747 nullam
1664 691 2083 747 conversionem

489 797 587 844 aut
630 788 995 843 mutationem
1037 802 1143 842 nec
1186 786 1241 841 in
1272 784 1611 841 voluntariis
1644 793 1701 839 et
1732 783 2083 839 naturalibus

490 880 972 952 perpessionibus,
1006 896 1111 935 nec
1133 887 1259 951 post
1283 878 1751 934 resurrectionem
1779 876 2081 947 acceperit.

2195 597 2449 669 σώματος
2479 598 2646 652 αὐτοῦ
2704 598 3036 669 δεξαμένου·
3066 595 3147 661 οἷς
3179 602 3458 654 συναινεῖν
3488 599 3616 661 τοὺς
3651 599 3773 651 ἑκα-

2193 691 2366 762 σταχῆ
2424 691 2605 762 ἱερέας
2665 691 3073 761 κατηνάγκαζε.
3136 692 3346 755 Πάντες
3407 692 3506 761 μὲν
3551 686 3653 745 οὖν
3715 691 3773 752 ἐς

2204 784 2560 838 Ἀναστάσιον
2600 784 2693 837 τὸν
2731 785 3066 856 Ἀντιοχείας
3120 785 3428 838 ἐπίσκοπον
3458 784 3777 855 καραδοκεῖν

2192 876 2462 943 εἰπόντες,
2498 876 2597 948 τὴν
2622 876 2851 949 πρώτην
2874 880 3073 948 πεῖραν
3098 877 3539 950 ἀπεκρούσαντο.

492 978 667 1033 Porro
696 976 1043 1034 Justinianus
1066 991 1260 1031 omnes
1289 975 1500 1046 ubique
1558 973 1850 1043 episcopos
1904 986 2005 1043 per
2047 970 2160 1026 vim
2199 986 2399 1043 cogere
2441 972 2717 1040 instituit,
2769 982 2833 1028 ut
2880 973 3013 1029 huic
3056 971 3308 1043 opinioni
3355 970 3778 1026 assentirentur.

491 1070 602 1127 Sed
628 1086 755 1125 cum
777 1069 1025 1125 universi
1050 1068 1379 1124 sententiam
1401 1062 2085 1123 AnastasiiAntiochensis
2123 1064 2374 1135 episcopi
2411 1074 2737 1135 exspectare
2792 1082 2851 1121 se
2916 1067 3357 1137 respondissent,
3395 1064 3639 1134 primum
3681 1063 3780 1118 im-

495 1160 766 1231 peratoris
793 1158 1061 1230 impetum
1088 1155 1467 1213 declinarunt.

1140 1271 1295 1328 CAP.
1339 1271 1456 1327 XL.

729 1363 808 1418 De
831 1363 1118 1419 Anastasio
1145 1364 1542 1435 archiepiscopo
1568 1361 1879 1416 Antiochia.

570 1480 745 1534 Porro
780 1478 883 1533 iste
908 1477 1235 1534 Anastasius
1258 1477 1345 1532 vir
1375 1477 1477 1531 fuit
1511 1485 1626 1532 tum
1656 1476 1710 1529 in
1743 1475 1949 1529 divinis
1976 1473 2094 1533 Lit-

504 1572 638 1627 loris
680 1570 980 1625 admodum
1022 1570 1299 1633 eruditus,
1334 1578 1450 1625 tum
1490 1569 1545 1623 in
1572 1568 1821 1623 moribus
1841 1577 1898 1622 et
1924 1569 1978 1621 in
2007 1569 2089 1622 vi-

501 1663 667 1719 vcndi
708 1663 922 1718 ratione
947 1662 1404 1719 accuratissimus
1452 1679 1465 1716 :
1515 1660 1654 1715 adeo
1693 1669 1753 1715 ut
1793 1675 1885 1715 res
1921 1661 2087 1714 etiam

2804 1266 3030 1320 ΚΕΦᾹΛ
3042 1306 3057 1321 .
3099 1266 3187 1323 Μ’.

2234 1356 2376 1425 Περὶ
2424 1358 2829 1413 Ἀναστασίου
2854 1360 3341 1428 ἁρχιεπισκόπου
3378 1364 3755 1433 Ἀντιοχείας.

2271 1466 2382 1525 Ἦν
2410 1470 2465 1525 δὲ
2496 1472 2525 1524 ὁ
2568 1472 2942 1536 Ἀναστάσιος,
2992 1474 3063 1528 τὰ
3114 1475 3213 1545 μὲν
3257 1474 3379 1528 θεῖα
3435 1475 3497 1539 ἐς
3558 1477 3626 1532 τὰ
3686 1478 3786 1547 μά-

2197 1564 2355 1619 λιστα
2382 1564 2590 1633 λόγιοςο
2619 1562 2857 1637 ἀκριϐὴς
2883 1566 2941 1619 δὲ
2972 1566 3102 1631 τούς
3127 1568 3365 1637 τρόπους
3386 1568 3484 1622 καὶ
3506 1568 3617 1639 τὴν
3648 1569 3784 1622 δίαιο

2195 1675 2297 1711 ταν
2318 1675 2332 1689 ·
2371 1657 2447 1720 ὡς
2480 1657 2574 1711 καὶ
2604 1659 2721 1721 τοῖς
2765 1656 2889 1712 λίαν
2925 1657 3101 1728 ψιλοῖς
3141 1659 3529 1730 ἐπισκήπτειν,
3555 1660 3650 1713 καὶ
3682 1678 3786 1730 μη-

502 1755 813 1811 levissimas
850 1755 1195 1821 observaret,
1226 1771 1331 1810 nec
1360 1770 1391 1809 a
1416 1752 1726 1809 constantia
1748 1764 1803 1810 et
1828 1754 2087 1809 firmitate

2214 1749 2369 1821 ἰσιμοῦ
2419 1749 2514 1803 τοῦ
2557 1749 2861 1814 εὐσταθοῦς
2890 1751 2985 1805 καὶ
3018 1748 3240 1821 βεϐαίου
3281 1751 3623 1821 παρεξιέναι,
3656 1754 3785 1823 μήτι

506 1864 747 1919 unquam
777 1846 1120 1913 deﬂecteret,
1155 1848 1361 1903 nedum
1395 1847 1452 1902 in
1494 1847 1676 1917 magni
1703 1848 1966 1902 momenti
2002 1862 2094 1901 re-

506 1940 633 2002 bus,
660 1948 717 1993 et
747 1956 869 2010 quae
891 1939 960 1994 ad
987 1940 1159 1995 Deum
1185 1946 1522 2009 spectarent.
1551 1938 1732 1993 Mores
1755 1947 1939 1993 autem
1964 1954 2097 1994 suos

505 2034 583 2086 ita
626 2040 1055 2102 temperaverant,
1095 2041 1157 2086 ut
1192 2046 1373 2102 neque
1417 2031 1661 2086 adeundi
1694 2041 1750 2086 et
1777 2030 2096 2101 alloquendi

504 2125 686 2194 ipsum
714 2124 954 2181 facilitas
991 2124 1303 2194 expositum
1338 2123 1494 2178 illum
1521 2124 1776 2180 redderet
1801 2124 1867 2180 iis
1894 2124 2099 2197 quibus

504 2217 737 2273 minime
794 2218 1087 2288 oportebat
1136 2236 1150 2273 :
1186 2234 1289 2272 nec
1334 2218 1609 2275 severitas
1648 2227 1704 2273 et
1742 2218 2100 2274 inclementia

506 2308 853 2363 inaccessum
886 2324 1015 2363 eum
1045 2318 1335 2379 praestaret
1357 2310 1471 2381 juri
1500 2319 1665 2380 atque
1696 2309 1919 2365 rationi.
1947 2310 2016 2364 Et
2039 2310 2099 2364 in

506 2400 673 2455 seriis
697 2400 921 2470 quidem
945 2401 1262 2472 colloquiis,
1285 2418 1449 2459 aures
1477 2403 1528 2458 ei
1560 2410 1812 2473 patentes
1836 2412 1894 2457 et
1912 2403 2100 2476 lingua

508 2490 790 2561 proﬂuens
815 2500 937 2547 erat
964 2510 978 2547 :
1014 2502 1071 2547 et
1095 2493 1431 2563 quaestiones
1459 2493 1773 2564 propositas
1794 2493 2102 2564 prudenter

509 2592 568 2639 et
598 2592 795 2656 argute
820 2584 1182 2641 dissolvebat.
1216 2587 1273 2640 In
1309 2586 1663 2642 sermonibus
1693 2594 1877 2641 autem
1902 2586 2104 2658 ineptis

510 2691 575 2731 ac
613 2675 930 2748 superﬂuis,
961 2692 1129 2733 aures
1160 2678 1385 2748 quidem
1420 2677 1640 2749 penitus
1666 2679 1915 2734 ocelusas
1936 2680 2106 2736 habe-

511 2769 627 2835 bat,
660 2770 905 2842 linguam
950 2786 1085 2826 vero
1116 2771 1273 2841 quasi
1310 2771 1467 2827 freno
1494 2772 1738 2843 quodam
1771 2773 2104 2843 comprime-

513 2861 645 2917 bat:
699 2862 775 2917 ita
826 2872 888 2917 ut
939 2861 1250 2918 orationem
1300 2863 1440 2918 ratio
1486 2862 1650 2935 423
1703 2865 2014 2929 metiretur,
2048 2875 2107 2921 et

515 2954 804 3009 silentium
856 2956 1008 3010 omni
1059 2955 1313 3010 oratione
1346 2957 1703 3026 praestantius
1743 2966 1912 3013 esset.
1948 2957 2107 3013 Hunc

466 3116 469 3119 _
515 3047 729 3125 igitur,
776 3057 1043 3120 tanquam
1099 3049 1581 3121 inexpugnabilem
1636 3066 1895 3116 murum,
1953 3050 2103 3105 omni

2198 1859 2263 1912 γε
2287 1841 2352 1914 δὴ
2376 1842 2483 1895 τῶν
2510 1841 2741 1912 καιρίων
2759 1859 2772 1872 ·
2805 1843 2898 1896 καὶ
2924 1843 2981 1907 ἐς
3006 1842 3138 1895 αὐτὸ
3161 1841 3225 1895 τὸ
3254 1842 3411 1896 Θεῖον
3437 1842 3780 1913 ἀναφερομέ-

2198 1953 2326 2002 νων..
2359 1934 2514 1989 υύτω
2538 1934 2595 1988 δὲ
2615 1934 2676 1989 τὸ
2705 1930 2839 2007 ἦθος
2871 1935 3163 2007 ἐκέκρατο,
3182 1935 3257 2000 ώς
3279 1936 3413 2007 μηδὲ
3448 1936 3530 2007 τῷ
3555 1939 3783 2007 εὐπροσ-

2199 2028 2304 2099 ὀδῳ
2356 2046 2415 2082 τε
2463 2030 2559 2084 καὶ
2606 2030 2943 2101 εὐεντεύκτῳ
2968 2070 2985 2095 ,
3031 2029 3375 2085 εὐεπίϐατων
3404 2034 3519 2096 τοῖς
3552 2032 3626 2103 μὴ
3654 2030 3786 2085 καθ-

2200 2123 2424 2193 ήκουσιν
2462 2115 2626 2188 εἶναι,
2671 2124 2807 2195 μηδὲ
2833 2124 2911 2195 τῷ
2936 2124 3197 2196 αὐστηρῷ
3220 2141 3280 2179 τε
3314 2125 3410 2179 καὶ
3438 2126 3649 2194 ἀφειδεῖ
3664 2126 3784 2179 8w-

2201 2215 2461 2287 πρόσιτον
2523 2217 2583 2279 ἐς
2634 2216 2703 2270 τὰ
2750 2216 2937 2270 δέοντα
2989 2216 3343 2273 καθεστάναι.
3402 2218 3495 2271 Ἐν
3544 2218 3643 2290 μὲν
3696 2217 3786 2275 οὖν

2203 2309 2320 2371 τοῖς
2376 2308 2712 2374 σπουδαίοις,
2742 2309 2962 2379 ἕτοιμος
3016 2305 3086 2381 ἦν
3112 2310 3183 2364 τὰ
3210 2309 3347 2374 ὦτα,
3367 2311 3465 2364 καὶ
3490 2313 3586 2383 τὴν
3611 2312 3783 2379 γλώσ-

2206 2416 2307 2454 σαν
2343 2399 2561 2471 εὐρους.
2587 2399 2895 2463 εὐθυῦόλως
2924 2399 3023 2463 τὰς
3048 2399 3277 2465 πύστεις
3302 2400 3557 2455 διαλύων.
3600 2403 3693 2455 Ἐν
3728 2402 3782 2455 δὲ

2203 2494 2316 2557 τοῖς
2362 2493 2686 2565 παρέργοις,
2720 2492 2787 2545 τὰ
2843 2494 2944 2563 μὲν
2975 2486 3089 2547 ὦτα
3117 2493 3305 2547 τέλεον
3352 2494 3777 2548 ἀποκέκλειστο·

2204 2584 2306 2657 τὴν
2333 2585 2392 2640 δὲ
2420 2585 2675 2655 γλῶσσαν
2701 2585 2918 2657 χαλινὸς
2947 2587 3189 2658 ὲπεῖχεν,
3240 2586 3318 2653 ὡς
3371 2588 3468 2642 καὶ
3496 2589 3585 2643 τὸν
3605 2589 3778 2657 λόγον,

2204 2679 2348 2749 λόγῳ
2386 2678 2769 2751 ρυθμίζεσθαι,
2806 2680 2904 2733 καὶ
2950 2678 3048 2752 τὴν
3078 2678 3293 2751 σιωπὴν
3318 2680 3599 2751 κρείττονα
3624 2680 3778 2749 λόγον

2206 2771 2559 2827 καθεστάναι.
2595 2771 2782 2842 Τούτῳ
2815 2772 3005 2844 ὥσπερ
3058 2774 3166 2826 τινὶ
3210 2773 3507 2846 δυσαλώτῳ
3537 2754 3779 2846 πύργῳδ

2221 2861 2600 2926 Ἰουστινιανὸς
2628 2860 2960 2931 προσϐάλλει
2985 2864 3247 2929 παντοίας
3291 2864 3543 2936 μηχανὰς
3569 2866 3780 2934 ἐπιστή-

2211 2970 2330 3017 σας,
2363 2953 2561 3007 ἐννοῶν
2609 2953 2686 3017 ώς
2736 2953 2786 3006 εί
2842 2953 3034 3008 τοῦτον
3084 2957 3437 3010 κατασείσειε
3464 2957 3600 3028 (14),
3627 2957 3781 3019 πόνος

2210 3046 2385 3109 οὐδεὶς
2430 3045 2739 3115 λελείψεται
2778 3045 2882 3117 τὴν
2920 3046 3077 3102 πόλιν
3114 3049 3280 3116 ἑλεῖν,
3311 3049 3698 3121 ἀνδραποδίσαι
3725 3067 3779 3103 τε

516 3142 899 3198 machinarum
941 3158 1143 3215 genere
1175 3159 1494 3215 oppugnare
1538 3143 1767 3200 adortus
1812 3154 1899 3201 est
1937 3144 2103 3201 Justi-

2214 3139 2280 3191 τὰ
2316 3136 2453 3209 ὀρθά
2498 3137 2608 3190 τῶν
2649 3138 2961 3209 δογμάτων,
3002 3139 3098 3193 καὶ
3146 3141 3477 3213 αἰχμάλωτα
3516 3142 3694 3196 λαϐεῖν
3718 3140 3781 3194 τὰ

516 3235 718 3291 nianus
748 3251 763 3290 :
811 3236 867 3291 id
889 3236 1116 3301 scilicet
1140 3252 1327 3295 secum
1361 3237 1479 3308 ipse
1517 3237 1789 3308 cogitans,
1818 3253 1901 3304 se,
1930 3240 1975 3294 si
2003 3240 2109 3296 hoc

518 3328 998 3396 prOpugnaculum
1037 3326 1373 3395 subruisset,
1426 3327 1619 3383 urbem
1663 3329 1910 3398 postbazc
1952 3329 2109 3385 nullo

518 3419 744 3489 negotio
788 3428 1082 3489 capturum
1133 3434 1256 3475 esse
1282 3459 1298 3485 ,
1343 3426 1402 3475 et
1445 3429 1609 3475 rectae
1638 3420 1766 3476 ﬁdei
1794 3420 2109 3477 doctrinam

518 3506 577 3561 in
617 3507 943 3563 servitutem
991 3507 1384 3576 redacturum;
1441 3508 1685 3581 denique
1732 3527 1866 3568 oves
1902 3512 2109 3568 Christi

519 3600 765 3671 captivas
793 3600 1166 3656 abducturum
1202 3616 1347 3658 esse.
1392 3603 1715 3660 Anastasius
1743 3620 1874 3661 vero
1917 3606 2109 3662 divina

520 3693 758 3763 quadam
786 3693 956 3748 animi
984 3693 1336 3762 celsitudine,
1366 3696 1505 3752 adeo
1530 3713 1698 3768 supra
1716 3698 2109 3769 imperatorem

518 3801 642 3842 sese
662 3787 883 3851 extulit,
909 3787 1114 3859 quippe
1142 3787 1237 3858 qui
1257 3788 1521 3844 fundatus
1542 3798 1692 3846 esset
1710 3806 1877 3861 supra
1896 3790 2112 3846 ﬁrmam

520 3885 759 3946 petram,
795 3884 878 3943 ut,
904 3879 1071 3932 missa
1101 3878 1169 3934 ad
1201 3879 1577 3935 Iustinianum
1604 3880 1899 3948 relatione,
1929 3882 2111 3952 palam

518 3967 571 4024 ei
612 3967 1039 4035 contradixerit,
1069 3978 1125 4024 et
1162 3970 1611 4027 manifestissime
1638 3973 1803 4027 simul
1832 3989 1898 4029 ac
1936 3974 2115 4031 diser-

523 4061 737 4117 tissime
771 4060 829 4116 in
859 4060 1053 4118 eadem
1083 4063 1353 4119 relatione
1382 4062 1433 4119 ei
1462 4063 1949 4132 demonstraverit,
1983 4084 2110 4123 cor-

521 4169 626 4224 pus
668 4152 887 4209 Domini
932 4155 990 4209 in
1035 4156 1492 4227 perpessionibus
1532 4157 1883 4214 naturalibus
1910 4170 1967 4216 et
1991 4175 2113 4229 quae

522 4248 580 4301 in
635 4247 1133 4319 reprehensionem
1180 4264 1293 4304 non
1339 4249 1577 4316 cadunt,
1626 4251 1971 4322 corruptioni
2014 4252 2115 4308 ob-

523 4338 752 4391 noxium
803 4336 997 4403 fuisse,
1036 4348 1204 4408 atque
1242 4340 1317 4394 ita
1346 4338 1567 4396 divinos
1595 4342 1876 4410 apostolos
1902 4351 1960 4396 et
1985 4358 2111 4397 san-

523 4438 644 4484 ctos
672 4429 870 4485 Patres
899 4429 1169 4497 sensisse,
1196 4446 1261 4485 ac
1283 4431 1526 4501 posteris
1560 4433 1876 4490 tradidisse.
1903 4435 2109 4491 Eadem

2211 3229 2463 3300 πρόϐατα
2495 3229 2589 3284 τοῦ
2623 3230 2887 3302 Χριστοῦ.
2920 3231 2979 3286 '0
3001 3232 3080 3295 δὲ,
3109 3234 3191 3298 είς
3216 3235 3476 3289 τοσοῦτον
3510 3234 3778 3306 ὑπερήρθη

2208 3322 2287 3393 τῷ
2318 3323 2451 3393 θείῳ
2481 3324 2795 3394 φρονήματι
2843 3324 2863 3396 (
2891 3324 2986 3379 ἐπὶ
3013 3325 3113 3399 τὴν
3134 3328 3413 3400 ἄρρηκτον
3435 3328 3547 3401 γὰρ
3580 3327 3775 3401 πέτραν

2210 3417 2456 3486 εἱστήκει
2482 3416 2583 3486 τῆς
2607 3416 2885 3487 πίστεως),
2916 3418 2992 3483 ὡς
3025 3418 3122 3473 καὶ
3162 3420 3524 3493 Ἰουστινιανῷ
3554 3421 3776 3490 ἀναφαν-

2210 3507 2301 3563 δὸν
2338 3508 2617 3562 ἀντειπεῖν
2645 3508 2714 3562 δι’
2751 3511 2961 3575 οἰκείας
3013 3509 3320 3582 μηνύσεως,
3382 3512 3479 3565 καὶ
3521 3512 3777 3577 ἀποδεῖξαι

2214 3600 2361 3671 μάλα
2403 3601 2590 3670 σαφῶς
2638 3600 2733 3653 καὶ
2773 3600 2970 3670 λογίως
3006 3602 3075 3656 δι’
3108 3602 3306 3674 αὐτῆς,
3348 3603 3427 3667 ὡς
3470 3602 3776 3675 φθαρτδντύ

2214 3692 2376 3761 σῶμα
2404 3690 2501 3745 τοῦ
2532 3692 2739 3764 Κυρίου
2771 3694 2829 3746 ἐν
2858 3697 2972 3757 τοῖς
3015 3697 3266 3764 φυσικοῖς
3302 3695 3401 3750 καὶ
3449 3696 3776 3766 ἁδιαὸλήτοις

2214 3784 2463 3849 πάθεσιν,
2506 3785 2646 3839 οἵτε
2691 3784 2969 3838 θεσπέσιοι
3003 3785 3315 3852 ἀπόστολοι,
3355 3787 3412 3840 οῖ
3444 3804 3508 3841 τε
3554 3784 3779 3856 θεοφόρα

2214 3876 2413 3948 ᾔδεσαν
2435 3876 2512 3949 (q)
2543 3894 2605 3931 τε
2636 3877 2734 3932 καὶ
2774 3877 3085 3949 παρέδοσαν
3118 3879 3384 3951 Πατέρες.
3416 3879 3670 3934 Tuomst
3690 3876 3776 3931 καὶ

2214 3971 2355 4042 πρὸς
2384 3969 2448 4024 τδ
2482 3969 2773 4042 μοναδικδν
2804 3970 3031 4043 πρώτης
3070 3987 3131 4025 τε
3179 3973 3275 4027 καὶ
3304 3971 3565 4043 δευτέρας
3601 3970 3778 4040 Συρίας

2214 4061 2544 4133 πυθόμενον,
2584 4061 2944 4133 ἀπεκρίνατο,
2995 4062 3217 4118 πάντων
3267 4062 3651 4135 ὑποστηρίζων
3686 4060 3775 4122 τὰς

2215 4153 2467 4224 γνώμας,
2500 4154 2595 4209 καὶ
2625 4153 2763 4226 πρὸς
2794 4154 2889 4209 τὸν
2918 4154 3109 4225 ἀγῶνα
3134 4155 3479 4227 ὲπαλείφων,
3502 4158 3591 4210 ἐπί
3612 4172 3665 4209 τε
3687 4155 3776 4223 τῆς

2227 4246 2555 4317 Ἐκκλησίας
2591 4247 2860 4323 ὁσημέραι
2889 4246 3279 4317 ἀναγινώσκων
3340 4248 3403 4303 τὸ
3438 4250 3534 4304 τοῦ
3572 4246 3774 4310 σκεύους

2215 4340 2317 4410 τῆς
2364 4339 2635 4410 ἐκλογῆςο
2679 4358 2698 4391 ι
2726 4339 2793 4393 Εἴ
2824 4357 2913 4403 τις
2959 4341 3107 4411 ὑμᾶς
3150 4341 3566 4411 εὐαγγελίζεται
3610 4338 3774 4411 παρ’ὃ

2220 4415 2589 4502 παρελάϐετε,
2640 4432 2744 4493 κᾶν
2786 4432 3019 4503 ἄγγελος
3078 4432 3139 4501 ἐξ
3188 4433 3426 4506 οὐρανοῦ
3466 4429 3523 4509 ᾗ,
3553 4432 3772 4503 ἀνάθεμα

521 4538 745 4594 quoque
774 4522 1065 4594 rescripsit
1094 4524 1162 4579 ad
1192 4526 1495 4582 monachos
1520 4526 1714 4597 primae
1742 4543 1808 4584 ac
1851 4530 2103 4585 secunda

2217 4526 2378 4580 ἔστω.
2402 4544 2420 4577 ι
2457 4523 2553 4591 Οἷς
2592 4526 2878 4591 ἀπιδόντες
2920 4527 3162 4591 ἅπαντες
3192 4528 3263 4581 τὰ
3292 4529 3648 4600 παραπλήσια
3689 4526 3771 4597 μὲ-

523 4615 716 4688 Syriaa,
766 4616 862 4687 qui
899 4616 1081 4687 ipsum
1126 4618 1561 4674 consuluerant:
1613 4630 1943 4676 cunctorum
1990 4622 2114 4675 ani-

523 4724 644 4765 mos
671 4713 1029 4778 conﬁrmans,
1073 4720 1130 4767 et
1155 4712 1223 4767 ad
1247 4713 1601 4769 subeundum
1624 4723 1929 4771 certamen
1975 4732 2117 4787 prae-

525 4819 746 4875 parans,
779 4814 837 4862 et
865 4805 1119 4878 quotidie
1152 4806 1209 4864 in
1236 4807 1487 4866 Ecclesia
1532 4808 1776 4866 recitans
1816 4810 1988 4866 verba
2026 4810 2118 4870 illa

2216 4636 2343 4690 χρις
2389 4618 2705 4691 εὐαρίθμων
2751 4618 3056 4691 ἐζήλωσαν.
3100 4621 3421 4691 Γέγραπται
3452 4622 3497 4675 δ’
3524 4617 3613 4675 οὖν
3646 4617 3773 4686 αὐτῷ

2218 4714 2314 4768 καὶ
2364 4715 2763 4786 συντακτήριος
2808 4714 2948 4785 πρὸς
2989 4715 3117 4778 τοὺς
3154 4714 3462 4785 Ἀντιοχέας
3489 4710 3769 4784 λόγοςμό),

2226 4806 2519 4878 πυθομένῳ
2546 4805 2638 4861 τδν
2672 4806 3050 4862 ἰουστινιανὸν
3095 4806 3302 4862 ἐθέλειν
3348 4809 3514 4865 αὐτὸν
3551 4809 3769 4877 ἐξοστρα-

1728 4969 2002 5026 VALESII
2033 4969 2594 5027 ANNOTATIONES.

592 5056 706 5127 (H)
746 5058 812 5113 El
836 5058 1055 5135 τούτου
1079 5064 1485 5135 statuas/asta.
1513 5064 1741 5121 Rectius
1769 5064 1915 5135 apud
1938 5065 2105 5121 Nice-

524 5127 788 5199 phorum,
819 5129 947 5183 etin
991 5132 1179 5189 codice
1224 5135 1538 5190 Telleriano
1586 5127 1854 5190 scribitur
1911 5137 2103 5189 τοῦτον

525 5200 895 5277 πατασείσειε.
928 5201 1028 5277 Sic_
1052 5204 1200 5259 enim
1218 5205 1369 5277 leges
1391 5207 1763 5277 grammatica:
1790 5206 2098 5277 postulant.

526 5269 847 5344 Me‘tapltora
877 5280 964 5327 est
996 5272 1161 5329 ducta
1183 5276 1253 5329 ab
1277 5269 1747 5333 vobs'idionalibus
1790 5269 2096 5344 inachinis,

524 5340 731 5418 quibus
754 5342 920 5418 urbes
952 5346 1253 5418 expugnari
1284 5348 1582 5418 solebant,
1614 5348 1785 5403 Porro
1814 5347 1883 5402 de
1936 5340 2102 5418 hujus

525 5411 804 5467 Anastasii
840 5411 1064 5469 Sinaitie
1093 5411 1406 5471 constantia
1460 5418 1514 5471 in
1555 5417 1903 5473 defendenda
1951 5411 2103 5474 recta

526 5480 633 5557 ﬁde
654 5482 1197 5557 adv_ersush_zeresim
1221 5486 1869 5557 Aphthartodocitarum,
1906 5489 2106 5544 scribit

524 5552 713 5630 etiamh
738 5553 1063 5630 Eustathius
1113 5557 1173 5630 in
1222 5552 1342 5630 Vita
1396 5558 1537 5612 beati
1588 5552 2107 5630 Eutychiipatriar—

528 5621 645 5683 chze
672 5622 1291 5697 Constantinopolitani.

2285 5065 2303 5129 (
2316 5064 2433 5137 l5)“
2463 5061 2909 5137 Evrtaxnlptoc
2942 5064 3095 5133 πρὸς
3147 5064 3300 5137 τοὺς
3331 5064 3662 5137 Ἀντιοχέας
3687 5063 3768 5117 ,ιδ-

2284 5156 2336 5201 ς.
2367 5134 2679 5206 Μίτμίηι-οει
2725 5143 2840 5206 tres
2869 5135 3227 5205 interpretes,
3277 5134 3555 5203 Langum,
3584 5136 3767 5206 Museu-

2235 5222 2326 5260 um
2372 5212 2430 5259 et
2463 5204 3056 5275 Christopborsonum.
3119 5206 3176 5261 in
3223 5208 3391 5262 unius
3419 5206 3667 5264 vocabuli
3696 5204 3763 5256 in-

2210 5275 2613 5346 terpretatione
2640 5275 2807 5330 simul
2839 5276 3024 5347 lapsos
3073 5277 3268 5343 fuisse,
3300 5275 3481 5333 Graeci
3518 5290 3765 5347 συντακτι·

2210 5349 2341 5409 κοὺς
2374 5356 2431 5401 et
2462 5346 2907 5418 συντακτηρίους
2943 5347 3141 5415 λόγους
3188 5348 3463 5403 vocabant
3519 5346 3766 5403 orationes

2211 5418 2281 5474 ad
2303 5416 2769 5490 valedicendum,
2796 5432 3100 5490 earumque
3123 5419 3441 5473 orationum
3464 5418 3765 5490 peculiarem

2213 5488 2539 5561 methodum
2572 5487 2737 5561 nobis
2771 5487 3144 5561 tradiderunt,
3192 5498 3253 5561 ut
3287 5490 3399 5561 iam
3429 5487 3639 5561 pridem
3670 5497 3765 5539 mo-

2214 5560 2311 5633 nui
2349 5559 2401 5633 in
2422 5559 2894 5633 Adnotationibus
2915 5560 3269 5633 Eusebianis,
3289 5559 3586 5633 'pag.‘590,
3605 5564 3706 5613 not.
3727 5566 3757 5609 ι.

2216 5630 2350 5697 Quae
2378 5630 2470 5687 hic
2499 5636 2751 5701 repetere
2784 5629 3128 5703 superﬂuum
3168 5629 3326 5703 puto}

1986 5771 2066 5827 VA
2081 5771 2294 5830 ιιιοιιυ
2306 5772 2367 5828 Μ.

610 5876 685 5950 (q)
715 5881 1003 5952 ’ῌδεσαικ
1039 5886 1231 5945 Scribe
1260 5878 1499 5959 ﬁam-2v.
1540 5887 1625 5943 ιν.
1659 5886 1880 5944 Lowru.
