4018 6494
530 330 666 393 2787

1777 327 2093 391 EVAGRII
2119 326 2606 390 SCHOLASTICI

3674 321 3811 387 2183

604 441 690 497 VI.
729 439 1018 507 Quomodo
1074 449 1200 510 post
1245 438 1600 494 Anastasium
1652 438 1961 512 Gregorius
2008 437 2127 511 cpi-

2304 446 2395 511 ς’.
2441 440 2531 506 Ὠς
2586 440 2726 512 μετὰ
2762 440 3116 495 Ἀναστάσιον
3166 438 3471 511 Γρηγόριος
3519 434 3813 503 ἐπίσκοπος

528 549 732 604 scopus
768 534 947 587 Iactus
976 530 1073 596 sit,
1106 540 1165 587 et
1193 531 1263 587 de
1295 531 1550 588 moribus
1582 532 1852 603 ejusdem.

603 636 692 691 VII
736 633 1023 701 Quomodo
1048 634 1393 688 Persarmeni
1424 633 1688 688 Romanis
1729 634 1850 688 sese
1880 632 2125 688 tradide-

530 724 682 793 runt,
714 726 859 783 unde
893 724 1101 781 bellum
1127 732 1384 779 exortum
1424 732 1509 781 est
1547 725 1828 780 Romanos
1869 724 2014 779 inter
2059 740 2125 779 ac

532 822 750 876 Persas.

602 909 740 965 VIII.
782 910 859 964 De
889 910 1171 965 Marciano
1206 909 1467 979 magistro
1504 908 1747 964 militum
1799 907 1950 964 etde
1979 905 2126 963 Nisi-

534 1003 622 1060 bis
653 1004 961 1058 obsidione.

607 1074 694 1130 IX.
736 1076 1023 1141 Quomodo
1052 1075 1329 1130 Chosroes
1355 1117 1368 1138 ,
1406 1090 1532 1130 cum
1580 1073 1985 1129 Addarmanem
2015 1074 2121 1129 du-

532 1182 653 1222 cem
706 1178 896 1223 contra
948 1169 1228 1223 Romanos
1280 1168 1542 1231 misisset,
1594 1169 1690 1238 qui
1731 1168 1857 1224 illos
1912 1169 2127 1240 magnis

533 1260 787 1315 cladibus
812 1261 1019 1328 aﬂeeit,
1054 1260 1169 1331 ipse
1193 1260 1426 1316 Nisibin]
1453 1262 1716 1331 perrexit.

608 1353 679 1408 X.
723 1355 798 1409 De
828 1354 1240 1425 expugnatione
1278 1356 1533 1423 Apameae
1562 1365 1619 1410 et
1652 1357 1845 1411 Daras.

603 1446 695 1503 XI.
734 1446 1025 1513 Quomodo
1072 1464 1199 1502 cum
1248 1448 1505 1503 Justinus
1533 1449 1587 1502 in
1617 1448 1953 1505 dementiam
1987 1447 2129 1504 inei-

535 1541 729 1602 disset,
756 1539 1016 1594 Tiberius
1041 1538 1363 1609 reipublicae
1393 1556 1581 1595 curam
1610 1541 1874 1611 suscepit.

604 1633 719 1687 XII.
784 1632 1072 1699 Quomodo
1128 1632 1398 1703 Trajanus
1454 1634 1668 1704 legatus
1712 1634 1783 1688 ad
1825 1633 2127 1690 Chosroem

533 1724 757 1788 missus,
794 1739 885 1778 res
916 1724 1290 1778 Romanorum
1331 1723 1597 1778 restituit.

2228 536 2443 604 γέγονε,
2472 534 2568 587 καὶ
2602 534 2733 604 περὶ
2766 532 2862 586 τοῦ
2888 533 3093 604 τρόπου
3123 529 3309 585 αὐτοῦ.

2300 628 2375 683 Ζ⁸.
2431 628 2520 691 Ὠς
2554 628 2603 681 οί
2648 626 2934 696 λεγόμενοι
2974 623 3252 695 Ἀρμένιοι
3299 623 3510 693 Πέρσαι
3539 625 3654 689 τοῖς
3686 625 3816 693 Χρι-

2229 723 2469 784 στιανοῖς
2500 718 2957 792 προσεχώρησαν,
2986 717 3221 789 διόπερὸ
3254 715 3391 787 πρὸς
3422 716 3637 787 Πέρσας
3659 718 3820 789 ἀνερ-

2232 816 2375 886 ράγη
2414 814 2543 867 πόλε
2552 830 2671 883 μος.

2305 907 2389 960 H'.
2424 906 2560 976 Περὶ
2589 901 2914 976 Μαρκιανοῦ
2956 904 3294 975 στρατηγοῦ,
3326 905 3423 959 καὶ
3456 907 3557 977 τῆς
3606 903 3821 976 πολιορο

2229 994 2356 1059 κίας
2383 995 2675 1060 Νισίϐεως.
2986 1018 2991 1019 ν

2298 1089 2375 1142 6'.
2424 1089 2513 1153 Ὠς
2551 1090 2579 1142 ὁ
2623 1088 2873 1159 Χοσρόης
2917 1086 3296 1159 ’Δδδαρμάνην
3337 1084 3645 1157 στρατηγὸν
3680 1085 3821 1139 κατά

2241 1181 2529 1252 Ῥωμαίων
2570 1179 2986 1247 ἐξαποστείλας,
3024 1178 3201 1232 πολλὰ
3259 1178 3407 1232 κακά
3449 1176 3664 1242 τούτοις
3707 1176 3821 1230 δια·

2231 1276 2409 1341 θέντα,
2437 1274 2575 1345 πρὸς
2608 1274 2829 1328 Νίσιϐιν
2861 1273 3025 1337 αὐτὸς
3063 1270 3331 1343 ἀπῆλθεν.

2300 1368 2359 1421 1'.
2397 1367 2536 1438 Περὶ
2564 1367 2664 1437 τῆς
2703 1365 2960 1429 ἁλώσεως
3012 1364 3322 1435 Ἀπαμείας
3358 1362 3451 1417 καὶ
3483 1361 3577 1416 τοῦ
3617 1361 3819 1434 Δάρας.

2302 1462 2405 1515 IA’.
2453 1459 2539 1522 Ὠς
2580 1461 2609 1513 ὁ
2657 1457 2915 1529 βασιλεὺς
2982 1458 3271 1520 ἰουστῖνος
3352 1455 3617 1527 φρενίτιδι
3682 1454 3823 1524 νόσῳ

2232 1552 2395 1607 ἑάλω.
2433 1552 2686 1624 Τιϐέριος
2710 1552 2767 1605 δὲ
2792 1551 2890 1623 τὴν
2919 1551 3175 1620 φροντίδα
3216 1547 3323 1601 τῶν
3351 1549 3489 1602 ὅλων
3515 1546 3821 1614 ἀνεδέξατο.

2302 1643 2401 1699 ΙΒ’.
2451 1645 2540 1709 Ὠς
2584 1643 2853 1716 Τραϊανὸς
2899 1643 3471 1716 διαπρεσϐευσάμενος
3520 1642 3656 1713 πρὸς
3685 1642 3826 1695 Χοσ-

2236 1738 2388 1809 ρόην,
2419 1736 2487 1790 τά
2513 1736 2621 1789 τῶν
2664 1735 2954 1807 Ῥωμαίων
2983 1734 3353 1806 ἐπηνώρθωσε
3378 1732 3702 1805 πράγματα.

604 1816 744 1872 XIII.
787 1818 865 1871 De
892 1816 1308 1886 nuncupatione
1339 1817 1693 1886 imperatoris
1720 1818 1950 1885 Tiberii,
1974 1828 2029 1875 et
2058 1817 2127 1874 de

2305 1801 2404 1898 1'1”.
2439 1830 2577 1902 Περὶ⁵
2624 1830 2724 1900 τῆς
2767 1801 2847 1893 εἰς
2877 1829 2977 1901 τὴν
3016 1801 3297 1898 βασιλείαν
3336 1801 3694 1900 ἀναῤῥησεως
3732 1829 3825 1881 Τι-

535 1909 785 1964 moribus
830 1908 1100 1980 ejusdem.

605 2000 748 2063 XIV.
787 1998 1075 2068 Quomobo
1108 2000 1409 2070 imperator
1437 1999 1722 2067 Tiberius,
1763 2003 2016 2058 collectis
2044 2002 2129 2057 in-

534 2095 792 2166 gentibus
861 2094 1060 2165 copiis,
1107 2103 1164 2149 et
1209 2094 1525 2150 Iustiniano
1575 2095 1717 2151 duce
1752 2105 1944 2151 contra
1983 2096 2133 2152 Clio-

536 2203 685 2242 roem
723 2187 890 2242 misso
914 2229 929 2253 ,
970 2201 1098 2241 eum
1139 2202 1206 2241 ex
1242 2187 1617 2241 Romanorum
1648 2186 1854 2243 ﬁnibus
1897 2189 2129 2259 expulit.

610 2278 725 2335 XV.
780 2278 1069 2347 Quomodo
1124 2277 1400 2335 Chosroes
1455 2279 1852 2335 elademsnam
1882 2298 2024 2351 aegre
2051 2282 2133 2336 fe-

537 2388 666 2428 rens
686 2412 701 2437 ,
743 2387 811 2426 ex
834 2372 939 2426 bac
962 2372 1087 2426 luce
1111 2372 1369 2443 migravit
1405 2389 1419 2427 :
1457 2384 1514 2428 et
1532 2374 1681 2428 Iilius
1700 2374 1822 2443 ejus
1842 2374 2132 2430 Hormisda

535 2465 585 2519 ei
616 2464 671 2518 in
698 2480 926 2536 regnum
954 2463 1241 2519 successit.

606 2556 746 2613 XVI.
788 2556 1026 2623 Quinam
1048 2571 1117 2611 eo
1144 2564 1391 2627 tempore
1437 2555 1710 2627 majorum
1761 2555 2131 2611 Ecelesiarum

536 2649 749 2704 fuerint
795 2649 1064 2720 episcopi.

609 2741 772 2798 XVII.
832 2743 908 2797 De
984 2749 1302 2797 terraemotu
1368 2742 1463 2813 qui
1518 2741 1734 2798 Tiberii
1788 2741 2134 2813 temporibus

537 2835 774 2905 contigit
810 2834 1140 2889 Antiochia.

609 2926 799 2983 XVIII.
840 2927 918 2983 De
941 2935 1094 2982 motu
1122 2926 1392 2982 adversus
1417 2927 1754 2983 sceleratum
1786 2927 2129 2983 Anatolium.

612 3118 756 3175 XIX.
797 3119 874 3174 De
911 3118 1162 3175 Mauricii
1187 3118 1413 3185 ducatu,
1437 3118 1619 3191 deque
1647 3121 1770 3193 ejus
1801 3121 2130 3180 virtutibus.
2159 3149 2203 3208 α

611 3297 731 3353 XX.
791 3296 1079 3364 Quomodo
1123 3297 1420 3355 Mauricius
1465 3299 1881 3359 Tanchosroem
1922 3310 1981 3359 et
2022 3302 2138 3359 Ad-

540 3390 860 3447 darmanem
901 3390 1197 3445 Persarum
1232 3389 1403 3447 duces
1441 3392 1728 3449 devicerit.

612 3483 758 3538 XXI.
802 3483 881 3539 De
925 3482 1098 3555 signis
1135 3500 1258 3554 quze
1286 3484 1552 3541 Mauricio
1584 3485 1880 3557 imperium
1906 3496 2136 3560 porten~

541 3573 765 3627 derunt.
1729 3572 1739 3583 ’

619 3662 780 3718 XXII.
822 3663 899 3719 De
937 3666 1351 3737 nuncupatione
1378 3668 1628 3726 Mauricii
1658 3671 1714 3728 et
1742 3672 2018 3744 Augusta).

617 3852 810 3912 XXIII.
860 3855 1214 3929 Computatio
1258 3863 1531 3934 temporis
1574 3881 1605 3921 a
1647 3866 1864 3923 Justino
1911 3869 2134 3938 juniore

544 3961 722 4014 usque
746 3946 812 4001 ad
840 3948 1186 4007 Mauricium.
1377 4008 1384 4014 .

615 4037 808 4094 XXIV.
861 4041 938 4096 De
980 4044 1246 4100 continua
1288 4048 1436 4103 serie
1474 4048 1855 4118 historiarum,
1898 4067 2022 4122 quae
2064 4053 2132 4109 ad

544 4141 733 4188 nostra
761 4147 934 4205 usque
959 4146 1067 4192 tem
1079 4153 1216 4209 pora
1241 4151 1460 4194 servata
1490 4150 1598 4196 est.

958 4431 1121 4504 (.25
1154 4403 1385 4492 αλιι)υώ
1418 4437 1688 4498 PRIMUM

688 4521 762 4579 De
780 4523 1031 4580 electione
1065 4527 1402 4654 imperatoris
1435 4528 1656 4598 Justini,
1685 4540 1734 4586 et
1775 4533 1839 4588 de
1870 4534 1986 4605 ejus

1223 4615 1353 4653 mor:
1394 4618 1473 4654 us.

1223 4615 1473 4655 νηονιυιιδ.

617 4711 772 4765 llune
806 4711 975 4782 igitur
1017 4712 1073 4767 in
1099 4714 1327 4770 modum
1358 4717 1736 4787 Justinianus,
1768 4738 1895 4779 cum
1928 4737 2120 4785 cuncta

544 4804 788 4857 tumultu
833 4820 897 4859 ae
950 4807 1469 4875 perturbationibus
1503 4814 1849 4885 implevisset
1875 4859 1890 4885 ,
1933 4831 1989 4876 et
2029 4838 2130 4892 pro

544 4892 633 4949 bis
673 4893 831 4951 Iactis
885 4911 1186 4968 congruam
1237 4903 1550 4958 mercedem
1597 4907 1703 4961 sub
1753 4908 1963 4964 exitum
2001 4912 2131 4968 vita:

542 4986 850 5053 retulisset,
884 4988 952 5042 ad
980 5000 1167 5059 parata
1200 4994 1347 5063 apud
1388 4995 1597 5053 inferos
1634 5002 1905 5071 supplicia
1928 5005 2134 5076 migra-

540 5078 642 5132 vit.
673 5080 922 5137 Justinus
954 5099 1106 5149 vero,
1133 5087 1343 5142 sororis
1373 5090 1492 5161 ejus
1519 5092 1692 5163 Iilius,
1721 5110 1848 5150 eum
1878 5097 2139 5170 imperia-

474 5186 479 5191 '
541 5168 611 5226 Iis
647 5172 1173 5241 palatiieustodiam
1204 5189 1442 5248 gereret,
1480 5199 1645 5255 quem
1687 5188 1922 5245 Romani
1960 5168 2135 5247 curo-

2156 4458 2212 4521 D

2236 1923 2442 1993 ϐερίου,
2484 1921 2580 1974 καὶ
2616 1920 2710 1974 τοῦ
2748 1919 2915 1991 ἤθους
2936 1918 3128 1973 αὐτοῦ.

2308 2016 2406 2068 ΙΔ’.
2459 2012 2547 2075 Ὠς
2579 2012 2608 2065 ὁ
2648 2011 2901 2083 βασιλεὺς
2928 2012 3178 2083 Τιϐέριος
3208 2012 3439 2083 στρατὸν
3473 2011 3641 2065 πολὺν
3665 2005 3821 2079 ἀγεῖ-

2239 2124 2337 2179 ρας
2369 2105 2511 2160 κατά
2537 2104 2781 2175 Χοσρόου
2804 2143 2821 2169 ,
2868 2104 2962 2159 καὶ
2994 2104 3299 2175 στρατηγὸν
3327 2102 3698 2158 Ἰουστινιανδν
3734 2101 3824 2168 εξ-

2237 2198 2590 2264 αποστείλας,
2623 2196 2813 2251 τοῦτον
2843 2197 2908 2250 ἐκ
2938 2197 3038 2267 τῆς
3074 2195 3361 2265 Ῥωμαίων
3386 2198 3489 2266 γῆς
3518 2195 3821 2265 ἀπήλασεν.

2310 2290 2411 2346 lE'.
2449 2292 2573 2345 Ὅτι
2598 2290 2848 2361 Χοσρόης
2875 2287 3237 2359 δυσθημήσας
3262 2286 3349 2340 διὰ
3378 2286 3476 2356 τὴν
3508 2282 3676 2358 ἧτταν
3704 2289 3826 2340 ἐτε-

2237 2383 2501 2453 λεύτησεν
2522 2398 2536 2411 ·
2569 2383 2598 2436 ὁ
2620 2381 2677 2435 δὲ
2709 2379 2838 2443 Υἱὸς
2865 2377 3029 2433 αὑτοῦ
3063 2376 3359 2449 Ὀρμῖσδας
3394 2376 3493 2448 τῆς
3534 2376 3643 2431 τῶν
3682 2377 3826 2448 Περ·

2243 2476 2352 2530 σῶν
2382 2474 2560 2546 ἀρχῆς
2594 2472 2946 2529 ἀντελάϐετο.

2309 2566 2425 2635 ις’.
2456 2567 2617 2631 Τίνες
2660 2563 2950 2619 ἐπίσκοποι
2981 2563 3044 2617 τὸ
3081 2561 3382 2635 τηνικαῦτα
3428 2562 3538 2618 τῶν
3572 2563 3824 2635 μεγάλων

2233 2656 2372 2731 ἦσαν
2406 2657 2727 2730 παροικιῶν.

2307 2755 2405 2808 IZ'.
2449 2753 2586 2824 Περὶ
2618 2750 2715 2806 τοῦ
2760 2749 3049 2820 γεγονότος
3098 2749 3191 2803 ἐπὶ
3239 2748 3494 2822 Τιϐερίου
3526 2750 3583 2806 ἐν
3621 2751 3827 2806 Ἀντιο-

2233 2842 2362 2916 χείᾳ
2396 2841 2647 2913 σεισμοῦ.
3489 2834 3493 2839 ’
3730 2896 3740 2908 ,

2307 2936 2414 2990 1Η’.
2456 2936 2594 3008 Περὶ
2644 2935 2747 3007 τῆς
2789 2936 3213 3007 ἐπαναστάσεως
3242 2978 3260 3009 ,
3314 2938 3416 3011 τῆς
3446 2938 3590 2995 κατά
3616 2937 3711 2994 τδν
3734 2939 3823 2993 ὲν-

2234 3029 2346 3099 αγῆ
2387 3029 2715 3090 Ἀνατόλιον.
3536 3100 3539 3103 _

2306 3119 2408 3177 16’.
2450 3123 2587 3194 Περὶ
2640 3124 2743 3196 τῆς
2796 3127 3134 3199 στρατηγίας
3189 3125 3523 3200 Μαυρικίου,
3575 3123 3671 3204 διαὶ
3717 3123 3823 3180 τῶν

2236 3212 2449 3284 ἀρετῶν
2481 3215 2671 3272 αὑτοῦ.

2307 3306 2394 3360 κ’.
2442 3306 2531 3372 Ὠς
2560 3308 2653 3364 τὸν
2696 3311 2947 3384 Χοσρόην
2991 3311 3089 3366 καὶ
3129 3312 3505 3385 ’Ᾱδδαρμὰνην
3533 3310 3658 3376 τοὺς
3687 3314 3823 3384 Περ-

2237 3400 2349 3454 σῶν
2382 3406 2725 3476 στρατηγοὺς
2756 3406 2979 3478 ἐνίκησε
3007 3405 3338 3479 Μαυρίκιος.

2309 3497 2441 3553 KA'.
2470 3499 2611 3572 Περὶ
2666 3501 2776 3555 τῶν
2843 3502 3206 3573 μηνυσάντων
3253 3503 3497 3574 σημείων
3536 3502 3638 3574 τὴν
3670 3500 3822 3573 βασι-

2235 3590 2383 3646 λείαν
2408 3592 2721 3665 Μαυρικίῳ.

2310 3685 2438 3741 ΚΒ’.
2480 3687 2619 3759 Περὶ
2640 3687 2739 3759 τῆς
2761 3688 3180 3767 ἀναγορεύσεως
3210 3692 3520 3763 Μαυρικίου
3556 3689 3652 3745 καὶ
3697 3690 3818 3744 Ἀν-

2237 3776 2495 3847 γούστης.

2310 3871 2436 3925 Kl".
2474 3871 2612 3942 Περὶ
2661 3873 2872 3944 χρόνων
2908 3876 3235 3948 ἀναγραφῆς
3276 3876 3388 3933 ἀπὸ
3415 3876 3697 3931 ἰουστίνου
3724 3877 3816 3932 τοῦ

2242 3964 2361 4018 νέου
2396 3963 2559 4036 μέχρι
2591 3967 2929 4037 Μαυρικίου.

2308 4056 2435 4109 KA'.
2474 4056 2612 4127 Περὶ
2650 4057 2751 4128 τῆς
2800 4058 2924 4113 καθ’
2949 4061 3140 4132 εἱρμὸν
3173 4061 3417 4135 ἱστορίας
3450 4062 3641 4137 μέχρις
3664 4061 3814 4135 ἡμῶν

2238 4145 2575 4218 σωζομένης.

2677 4457 3078 4517 ΚΕΦΑᾹΑῘΟΝ
3114 4465 3396 4521 ΠΡΩΤΟΝ
3506 4510 3509 4512 -

2236 4546 2379 4618 Περὶ
2401 4548 2512 4619 τῆς
2532 4551 2870 4607 Ἰουστίνου
2899 4557 3314 4645 ἀνᾳρῤῄσεως,
3339 4561 3437 4618 καί
3463 4565 3570 4621 τοῦ
3599 4520 3805 4636 τρόπος)

2927 4645 3135 4686 αυτου.

2311 4732 2469 4789 Οὕτω
2514 4738 2615 4808 μὲν
2653 4739 2717 4810 δὴ
2748 4739 3125 4808 Ἰουστινιανὸς
3166 4746 3535 4811 ἁπαξάπαντα
3582 4750 3801 4824 ταράχου

2240 4827 2335 4881 καὶ
2364 4828 2609 4900 Θορύϐων
2641 4832 2958 4903 πληρώσας,
2996 4838 3090 4891 καὶ
3115 4838 3414 4911 τάπίχειρα
3449 4843 3653 4897 τούτων
3680 4844 3801 4915 πρὸς

2238 4918 2318 4991 τῷ
2344 4921 2576 4992 τέρματι
2621 4923 2717 4978 τοῦ
2753 4924 2871 4995 βίου
2903 4929 3296 5001 κομισάμενος,
3342 4935 3402 4997 ἐς
3433 4934 3503 4988 τὰ
3533 4935 3800 4989 κατώτατα

2237 5011 2587 5084 μετεχώρησε
2618 5014 3004 5088 δικαιωτήρια.
3053 5020 3111 5074 '0
3143 5021 3202 5075 δέ
3231 5039 3292 5089 γε
3330 5024 3635 5093 ’1ουστίνος,
3666 5026 3800 5079 ἀδελυ

2237 5103 2422 5172 φιδοῦς
2457 5103 2556 5175 μέν
2599 5106 2649 5159 οἱ
2689 5107 2988 5174 καθεστὼς.
3015 5111 3115 5183 τὴν
3139 5112 3196 5167 δὲ
3228 5116 3479 5190 φυλακὴν
3517 5117 3617 5185 τῆς
3649 5117 3799 5187 αὐλῆς

2239 5197 2788 5269 ὲμπεπιστευμένος,
2830 5201 2891 5254 ὃν
2946 5206 3364 5278 κουροπαλάτην
3414 5208 3543 5279 (l7)
3596 5215 3629 5265 ᾖ
3680 5211 3797 5265 Ῥω·

1759 5306 2031 5366 VALESII
2074 5312 2636 5373 ANNOTATIONES.

649 5388 727 5445 Π)
775 5390 885 5442 Ὃν
921 5407 1031 5445 κου

616 5386 727 5458 (l7)
762 5390 885 5471 ⁵’Ὃν
921 5392 1404 5471 νεουροπαλάτην.
1453 5396 1529 5453 De
1572 5400 1753 5456 omcio
1783 5408 2119 5478 curopalatte

450 5478 454 5482 ι
544 5460 881 5548 ιουνιιξιηρεηι-
903 5459 1049 5548 dicta
1096 5472 1225 5548 sunt
1249 5481 1306 5548 _a
1356 5468 1563 5548 multis,
1599 5488 1724 5548 qua;
1750 5475 1841 5530 hic
1870 5488 2125 5548 repetere

546 5529 889 5617 superﬂuum
952 5539 1058 5588 est.
1128 5535 1266 5590 Illud
1339 5529 2125 5617 duntaxat'admonebimus:

547 5601 926 5687 europalatem
970 5617 1103 5687 eum
1142 5622 1333 5687 aurea
1357 5608 1514 5687 virga
1558 5628 1780 5687 semper
1818 5601 2125 5687 pmivisse:

546 5671 1109 5753 quotiesjmperator
1128 5678 1211 5753 Δἰιι
1243 5671 1524 5753 publich
1556 5671 2130 5753 prodederbtilioeet

547 5739 601 5825 ig!
645 5739 1009 5825 Cassiodorus
1034 5746 1088 5800 in
1124 5739 1362 5825 formula
1396 5739 2126 5825 curae'palatii,bisvvt:rbis.

547 5808 831 5866 Considera
858 5830 962 5885 qua
995 5818 1383 5888 gratiﬁcatione
1413 5808 1689 5895 traderis,
1701 5808 2130 5907 Edieiz'éaﬁ";

1028 5392 1540 5498 "pozcﬁdznf;
1572 5400 2119 5498 olli-ciokeuropalatte
2230 5411 2697 5498 decoratum-inter
2720 5417 2966 5498 obsequia
2997 5435 3313 5498 numerosa,
3325 5434 3448 5482 ante
3470 5430 3626 5498 pedes
3651 5434 3797 5498 regio:

2229 5484 2433 5569 prin-tus
2453 5487 2689 5569 .uidearis
2716 5484 2974 5569 incedere.
2999 5490 3079 5569 Ita
3101 5503 3251 5551 certe
3276 5484 3551 5569 Corippus
3580 5484 3637 5557 in
3654 5484 3749 5558 lib.
3769 5518 3795 5558 It

2228 5554 2580 5646 ρρ-ίιιαᾴὶδιιδ
2605 5557 2803 5646 ίυειίιιί
2836 5561 3231 5646 ηςὶιιονξεηεθρ.
3259 5568 3313 5635 7,
3347 5554 3797 5646 ubi'lustini-pro;

2230 5639 2451 5681 cessum
2490 5628 2557 5682 ad
2597 5629 2808 5684 circum
2855 5630 3145 5691 describit.

2688 5729 2850 5782 ._.—
2879 5733 2950 5741 -
2972 5703 3124 5786 Tune
3158 5708 3341 5786 ordine
3383 5711 3539 5786 longo

2302 5767 2559 5852 [Incedunt
2592 5770 2787 5852 summi
2810 5789 3069 5852 proceres,
3096 5778 3405 5852 fulgensque
3440 5767 3672 5844 senatus.

2304 5838 2425 5908 Ipse
2460 5841 2597 5895 inter
2640 5838 2838 5912 primo}
2875 5848 3023 5902 vultu
3057 5838 3356 5921 ’ρ’ναιὲιαηλε
3385 5838 3607 5928 honoro,
