4018 6492
232 341 382 412 2789

1167 345 1550 406 HlSTORI/E
1589 343 2191 408 ΕΟΟΕΕΞΙΑΞΤΙΕΑΞ
2230 343 2464 412 LIBER
2499 346 2566 408 V.

3389 338 3532 404 2790

238 457 421 528 μαίων
446 454 600 526 λέγει
645 454 825 526 φωνὴ,
860 455 976 526 μετ’
1005 453 1168 507 αὐτὸν
1199 455 1302 524 τὴν
1333 453 1628 525 ἀλουργῖδα
1669 469 1828 524 περι-

1944 455 2154 526 palaten
2185 461 2408 518 vocant,
2440 451 2626 507 statim
2656 459 2782 522 post
2809 449 2959 506 illius
2986 448 3202 505 obitum
3228 465 3536 521 purpuram

234 547 528 602 ϐάλλεται·
579 547 705 601 οὔτε
739 547 841 617 τὴν
895 545 1198 600 ἀποϐίωσιν
1244 545 1645 613 Ἰουστινιανοῦ,
1703 545 1829 600 οὔτε

233 640 335 713 τὴν
372 641 680 712 ἀνάρρησιν
707 639 1000 693 ’1ουστίνου
1030 638 1178 702 τινος
1202 637 1524 707 ὲγνωκότος,
1549 638 1690 709 πλὴν
1721 639 1830 692 τῶν

237 734 378 804 ἀμφ’
411 732 597 793 αὐτὸν,
626 731 820 802 μέχρις
847 725 908 785 οὗ
956 732 1101 785 κατά
1125 731 1224 800 τὴν
1265 729 1634 802 ἱπποδρομίαν
1657 731 1830 802 ἐφάνη

236 826 309 878 τὰ
328 825 537 895 νόμιμα
559 824 658 894 τῆς
691 823 970 894 βασιλείας
1009 823 1226 894 δράσων
1256 840 1318 876 τε
1359 824 1454 876 καὶ
1486 821 1828 893 πεισόμενος.

253 917 342 980 Ὠς
381 917 425 970 δ’
447 916 540 970 οὖν
567 915 744 969 ταῦτα
774 916 988 985 γέγονε,
1019 915 1248 986 μηδενὸς
1289 915 1607 968 παντάπασι
1636 931 1832 968 νεωτεν

242 1006 543 1079 ρισῦέντος,
568 993 811 1074 ἐπανῆκε
852 1005 950 1076 μὲν
992 1004 1135 1059 κατά
1164 1006 1264 1076 τὴν
1291 1006 1482 1076 αὐλήν.
1517 1006 1752 1078 Πρώτην
1776 1005 1832 1059 δὲ

241 1103 481 1156 ποιεῖται
531 1100 803 1164 κέλευσιν,
857 1099 983 1162 τοὺς
1032 1086 1321 1169 ἁπαν-Ξαχῆ
1382 1099 1834 1167 συνειλεγμένους

243 1192 558 1264 ἱερέας(18)
583 1194 839 1262 ἀφιεῖσαν
872 1192 1012 1260 πρὸς
1035 1191 1162 1253 τοὺς
1196 1191 1434 1253 οἰκείους
1466 1189 1713 1262 θρόνους,
1749 1191 1832 1260 ἐφ’

241 1277 288 1351 ᾧ
312 1283 382 1336 τὰ
426 1281 657 1336 εἰωθότα
699 1281 1050 1354 θρησκεύειν,
1082 1281 1309 1352 μηδενὸς
1347 1283 1477 1350 περὶ
1517 1282 1617 1353 τὴν
1647 1283 1833 1336 πίστιν

241 1375 772 1448 καινουργουμένου.
832 1375 944 1428 Καὶ
982 1374 1144 1428 τοῦτο
1202 1375 1300 1445 μὲν
1351 1375 1630 1444 ἀξιόλογον
1687 1375 1834 1444 αὐτῷ

242 1467 517 1540 ἐπράχθη.
570 1463 680 1520 Ἦν
709 1467 765 1521 δέ
807 1485 870 1537 γε
919 1467 1012 1520 τὸν
1051 1467 1166 1538 βίον
1203 1466 1691 1538 ·ὲκδεδιῃτημένο;,
1740 1468 1835 1521 καὶ

241 1565 475 1634 τρυφαῖς
526 1561 768 1632 ἀτεχνῶς
801 1561 896 1614 καὶ
923 1546 1144 1632 ἡδοναῖς
1192 1559 1444 1622 ὲκτόποις
1494 1559 1836 1627 ἐγκαλιίδοὲ-

246 1670 445 1727 μενος·
494 1652 793 1724 ἀλλοτρίων
823 1669 882 1705 τε
931 1651 1233 1724 χρημάτων
1277 1651 1540 1723 διάπυρος
1577 1635 1831 1722 ἐραστίξς,

241 1748 320 1812 ὡς
350 1749 528 1803 πάντα
583 1746 811 1817 κέρδους
867 1745 1111 1816 ἀθέσμου
1148 1744 1509 1816 ἀπεμπολεῖν,
1561 1745 1696 1816 μηδὲ
1743 1744 1834 1798 ἐπὶ

1935 543 2193 616 sumpsit,
2215 559 2342 599 cum
2365 558 2470 599 nec
2495 541 2711 596 obitmn
2735 539 3062 606 Justiniani,
3079 545 3183 596 n'ec
3200 542 3536 596 electionem

1932 637 2134 693 Justini
2163 636 2458 707 quisquam
2487 634 2672 690 adhuc
2730 642 2940 698 nosset,
2979 642 3180 703 praeter
3209 636 3332 705 ejus
3371 633 3537 688 fami-

1933 729 2123 795 liares,
2174 729 2354 784 donec
2406 728 2464 782 in
2507 725 2747 782 circensi
2800 726 3119 797 spectaculo
3157 725 3437 797 apparuit,
3470 741 3536 782 ea

1935 822 2429 894 quaeimperatoris
2460 830 2592 877 sunt
2622 829 2851 875 acturus
2877 820 3116 875 simulet
3145 832 3532 892 suscepturus.

1935 916 2151 983 Quibus
2175 914 2441 986 peractis,
2478 929 2604 969 cum
2640 913 2778 968 nihil
2814 927 3042 984 prorsus
3068 921 3340 968 tentatum
3365 920 3532 978 esset,

1938 1011 2058 1081 ipse
2081 1009 2307 1080 quidem
2356 1008 2414 1062 in
2461 1007 2729 1078 palatium
2788 1022 3075 1078 regressus
3123 1014 3230 1061 est.
3284 1007 3533 1062 Primum

1940 1117 2076 1157 vero
2103 1100 2346 1156 edictum
2366 1098 2763 1170 promulgavit,
2782 1113 2895 1169 quo
2933 1097 3180 1153 universi
3199 1098 3296 1168 qui
3326 1097 3534 1167 ubique

1938 1191 2256 1263 congregati
2283 1198 2442 1246 erant
2490 1189 2760 1260 episcopi,
2812 1188 2879 1244 ad
2929 1203 3058 1243 suas
3088 1188 3250 1243 sedes
3283 1186 3551 1244 dimittc-‘

1938 1285 2162 1344 bantur.
2199 1291 2260 1338 ut
2288 1291 2557 1338 consueto
2583 1297 2738 1337 more
2761 1281 2950 1336 divino
2978 1281 3154 1356 cultui
3175 1280 3530 1348 inservirent,

1937 1376 2090 1431 nulla
2122 1391 2182 1430 re
2211 1376 2362 1430 circa
2397 1374 2561 1429 (Idem
2588 1374 2868 1429 innovate.
2903 1373 3068 1445 426
3085 1373 3275 1428 Ethoc
3303 1373 3534 1443 quidem

1937 1470 2058 1540 ejus
2103 1467 2311 1523 factum
2358 1481 2691 1536 magnopere
2714 1465 3055 1521 laudandum
3084 1475 3190 1521 est.
3224 1465 3332 1522 Sed
3381 1467 3532 1538 quod

1937 1561 2007 1616 ad
2031 1562 2201 1616 vitam
2221 1561 2342 1632 ejus
2366 1576 2430 1617 ac
2462 1559 2644 1614 mores
2663 1559 2882 1625 attinet,
2915 1559 3099 1614 u‘iollis
3133 1558 3238 1614 fuit
3258 1574 3323 1614 ac
3351 1559 3533 1616 disso-

1938 1648 2226 1720 lutus,'et
2258 1639 2475 1709 deliciis
2517 1667 2581 1708 ac
2607 1651 2771 1707 fthiS
2823 1651 3205 1722 voluptatibus
3253 1651 3528 1709 addictus.

1937 1747 2020 1802 Ad
2062 1748 2182 1808 haec
2219 1747 2414 1803 alienae
2443 1747 2693 1817 pecuniae
2721 1755 2833 1800 tam
2858 1745 3177 1801 vehementi
3226 1746 3532 1816 cupiditate

241 1843 364 1903 ταῖς
399 1839 718 1911 ἱερωσύναις
747 1838 810 1891 τὸ
837 1837 989 1892 Θεῐον
1006 1837 1235 1891 εὐλαϐού
1247 1853 1425 1907 μενος,
1444 1836 1506 1900 ἃς
1530 1839 1642 1900 τοῖς
1667 1854 1835 1906 προσο

1944 1839 2229 1911 llagrabat,
2268 1849 2328 1894 ut
2365 1840 2541 1910 iniqui
2565 1847 2807 1909 quaestus
2835 1853 3001 1893 causa
3035 1847 3232 1893 cuncta
3261 1837 3530 1894 divende-

243 1930 498 2002 τυχοῦσιν
523 1930 867 2002 ἐπίπρασκεν
887 1973 903 1995 ,
947 1929 1142 1992 ὠνίους
1173 1929 1269 1982 καὶ
1299 1927 1502 1992 ταύτας
1531 1927 1835 1996 ἀναφανδὸν

241 2025 552 2096 τιθέμενος.
609 2024 816 2096 Θράσει
863 2023 918 2078 δὲ
957 2026 1051 2076 καὶ
1099 2022 1273 2094 δειλία
1301 2025 1425 2085 ταῖς
1467 2021 1692 2085 κακίαις
1722 2022 1832 2091 (l9)

244 2117 640 2190 κρατούμενος,
685 2117 907 2192 πρῶτον
927 2116 1217 2170 Ἰουστῖνον
1256 2114 1537 2186 προσγενῆ
1563 2115 1672 2183 (20)
1707 2121 1837 2182 τυγ-

245 2211 504 2282 χάνοντα,
537 2211 633 2266 καὶ
667 2211 803 2264 πολὺ
839 2206 993 2274 κλέος
1039 2213 1192 2282 παρά
1239 2213 1406 2264 πᾶσιν
1463 2211 1676 2279 ἔχοντα,
1707 2207 1836 2278 περί

243 2321 309 2356 τε
337 2304 630 2375 ἐμπειρίαν
681 2303 935 2374 πολέμων
979 2307 1073 2358 καὶ
1103 2303 1201 2366 τὰς
1229 2302 1395 2366 ἄλλοις
1426 2301 1699 2367 ἀξιώσεις,
1739 2317 1835 2370 με’

243 2393 569 2463 τάπεμπτον
603 2396 861 2460 ποιεῖται,
885 2393 1030 2464 ἀμφὶ
1055 2393 1146 2447 τὸν
1185 2394 1398 2463 Ἵστρον
1429 2392 1528 2453 τάς
1557 2389 1836 2461 διατριϐὰς

244 2488 594 2557 ποιούμενον,
609 2478 1190 2554 καὶτάςτῶνἊδὰρων
1202 2485 1476 2547 διαϐάσεις
1490 2484 1832 2552 ἀνείργοντα.

249 2578 442 2640 "Edim;
457 2580 504 2631 οἱ
537 2577 677 2631 Ἀὁα
687 2595 768 2650 ροι
790 2577 898 2630 τῶν
911 2576 1274 2650 ’Δμαξοϐίων,
1294 2578 1403 2630 τῶν
1419 2576 1560 2648 ὑπὲρ
1579 2577 1671 2630 τὸν
1690 2576 1838 2630 Καύ-

244 2687 416 2725 κασον
427 2670 762 2725 τάὲπέκεινα
785 2670 944 2724 πεδία
981 2670 1380 2742 νεμομένων,οἶ
1401 2671 1528 2733 τοὺς
1553 2668 1833 2739 γειτνιῶνο

239 2781 346 2828 τας
356 2763 632 2835 Τούρκους
649 2765 984 2833 πεφευγότες
1003 2763 1138 2836 (21),
1158 2764 1280 2818 ἐπεὶ
1295 2764 1482 2827 κακῶς
1495 2763 1632 2836 πρὸς
1657 2761 1835 2816 αὐτῶν

244 2854 648 2917 ἐπεπόνθεσαν,
688 2853 782 2906 ἐπὶ
813 2852 909 2907 τὸν
944 2853 1223 2926 Βόσπορον
1258 2853 1537 2924 ἀφίκοντο.
1589 2853 1701 2908 Καὶ
1737 2853 1835 2923 τὴν

242 2947 404 3020 ἠϊόνα
423 2945 517 2999 τοῦ
537 2944 796 3011 Εὐξείνου
819 2946 1164 3018 καλουμένου
1195 2946 1399 3000 Πόντου
1420 2945 1834 3008 καταλιπόντες,

245 3038 379 3092 ἔνθα
409 3039 580 3110 συχνά
629 3039 732 3110 μὲν
783 3038 912 3110 ἔθνη
957 3039 1314 3111 ϐαρϐαρικά·
1356 3038 1736 3111 ὲξῳκίσθησαν
1778 3038 1836 3091 δὲ

246 3131 348 3186 καὶ
406 3132 512 3185 ὑπὸ
551 3131 844 3203 Ῥωμαίων
868 3130 1051 3195 πόλεις
1092 3148 1153 3185 τε
1197 3131 1293 3186 καὶ
1351 3131 1710 3202 στρατόπεδα,
1745 3131 1836 3184 καί

242 3240 398 3286 τινες
443 3224 839 3296 προσορμίσεις
881 3222 1017 3296 (22),
1062 3223 1096 3296 ἢ
1141 3223 1492 3296 στρατιωτῶν
1531 3223 1835 3295 ἀπομάχων

243 3316 570 3386 γινομένων,
601 3315 635 3387 ἢ
673 3316 768 3370 καὶ
794 3316 1064 3372 ἀποικιῶν
1084 3317 1223 3388 πρὸς
1254 3315 1364 3370 τῶν
1385 3313 1651 3387 βασιλέων
1681 3315 1836 3369 στελ-

243 3405 513 3478 λομένων,
554 3407 656 3478 τὴν
681 3405 944 3480 πόρευσιν
975 3405 1285 3474 ἐποιοῦντο,
1319 3407 1455 3461 πᾶσι
1491 3407 1602 3469 τοῖς
1629 3406 1687 3459 ἐν
1706 3404 1835 3458 ποσὶ

1938 1936 2053 1994 ret;
2088 1943 2155 1983 ac
2200 1943 2270 1983 ne
2317 1927 2374 1982 in
2406 1927 2735 1982 sacerdotiis
2781 1926 3005 1997 quidem
3045 1926 3297 1982 divinum
3325 1942 3531 1982 numen

1937 2028 2316 2086 revereretur,
2349 2035 2473 2090 quae
2496 2019 2674 2075 obviis
2692 2019 3006 2091 quibusque
3034 2020 3216 2090 pretio
3231 2019 3526 2086 vendebat,

1936 2112 2153 2169 venalia
2171 2113 2287 2168 haec
2308 2113 2475 2169 etiam
2496 2112 2719 2184 publice
2742 2127 3085 2183 pr0ponens.
3114 2111 3364 2183 Cumque
3392 2111 3532 2168 duo-

1937 2205 2043 2261 bus
2073 2207 2370 2261 contrariis
2401 2205 2573 2271 vitiis,
2615 2206 2847 2260 audacia
2879 2214 2936 2260 et
2967 2205 3183 2276 ignavia
3217 2207 3531 2277 implicatus

1939 2306 2257 2362 teneretur,
2318 2297 2559 2369 primum
2609 2297 2833 2368 quidem
2889 2297 3166 2352 Justinum
3235 2295 3529 2370 cognatum

1938 2405 2102 2446 suum
2157 2389 2224 2444 ad
2256 2405 2315 2445 se
2365 2389 2638 2456 evocavit,
2699 2389 2793 2460 qui
2831 2390 2885 2444 in
2925 2405 3121 2461 magna
3165 2379 3354 2462 gloria.
3381 2392 3529 2462 apud

1937 2498 2132 2539 omnes
2161 2490 2301 2549 erat,
2337 2491 2453 2538 tum
2484 2485 2554 2538 ob
2585 2483 2836 2554 peritiam
2871 2465 2950 2538 rei
2981 2483 3262 2549 militaris,
3309 2494 3424 2540 tum
3455 2486 3529 2542 ob

1939 2574 2185 2646 reliquas
2219 2591 2357 2646 quas
2382 2584 2626 2647 gesserat
2653 2576 2968 2646 dignitates.
3005 2576 3056 2631 Is
3082 2585 3197 2632 tum
3231 2577 3300 2632 ad
3345 2579 3532 2634 Danu-

1937 2671 2090 2726 bium
2122 2671 2468 2736 morabatur,
2494 2678 2550 2725 et
2577 2669 2792 2725 Abaros
2832 2685 2863 2724 a
2887 2671 3130 2726 transitu
3165 2671 3414 2728 ﬂuminis
3436 2689 3551 2728 ar--
3609 2713 3612 2724 .

1938 2759 2120 2816 cebat.
2155 2758 2296 2815 Sunt
2322 2766 2506 2814 autem
2537 2758 2727 2822 Abari,
2753 2759 3082 2816 sarum
3113 2777 3249 2832 gens
3277 2763 3333 2818 in
3367 2763 3552 2835 plau~'

1939 2851 2070 2908 stris
2108 2851 2455 2922 degentium,
2487 2849 2582 2920 qui
2617 2866 2843 2922 campos
2872 2853 3018 2909 ultra
3059 2853 3368 2911 Caucasum
3394 2857 3530 2913 sitos

1939 2944 2277 3001 incolebant.
2315 2943 2385 2999 lli
2429 2959 2556 2998 cum
2581 2959 2612 2999 a
2639 2943 2856 3010 Turcis,
2911 2944 3162 3002 ﬁnitimis
3205 2948 3343 3013 suis,
3377 2949 3530 3020 gravi

1937 3036 2270 3092 detrimento
2301 3033 2490 3091 affecti
2516 3044 2724 3099 essent,
2745 3035 2960 3092 relictis
2995 3029 3212 3093 aedibus
3237 3038 3377 3106 suis,
3401 3039 3530 3094 uni-

1937 3127 2086 3184 versi
2107 3142 2235 3184 cum
2276 3127 2550 3183 uxoribus
2573 3143 2640 3183 ac
2675 3127 2872 3182 liberis
2901 3128 2969 3182 ad
3009 3122 3316 3200 Bosporum
3360 3145 3533 3186 vene-

1940 3225 2093 3274 runt.
2129 3217 2344 3275 Deinde
2377 3218 2589 3274 relictis
2627 3217 2910 3273 littoribus
2946 3217 3161 3279 Euxini
3209 3219 3393 3286 Ponti,
3435 3219 3553 3276 ubi-

1940 3311 2128 3366 mnltse
2154 3308 2379 3382 quidem
2402 3309 2652 3365 barbara:
2679 3309 2929 3365 habitant
2952 3318 3175 3382 gentes;
3212 3310 3380 3367 urbes
3399 3326 3533 3369 vero

1939 3412 1998 3460 et
2025 3412 2207 3482 castra
2236 3419 2301 3460 ac
2335 3402 2606 3459 stationes
2634 3403 2890 3474 quaadam
2933 3418 2964 3459 a
2991 3402 3256 3460 Romanis
3292 3403 3534 3464 conditae

1456 3543 1726 3600 VALESII
1763 3539 2328 3600 ANNOTATIONES.

301 3664 305 3667 ·
398 3638 602 3695 Fratris
623 3639 678 3694 in
697 3639 1000 3709 obsequium
1026 3639 1262 3710 gaudens
1292 3637 1580 3694 Marcellus
1605 3638 1805 3710 abibat.

394 3711 797 3782 Dlspost'torque
826 3708 990 3782 novus
1017 3708 1186 3765 sacra:
1216 3711 1533 3782 Baduarius
1570 3708 1734 3774 aulae,

392 3779 671 3837 Successor
709 3779 902 3845 soceri,
935 3781 1108 3852 factus
1142 3798 1266 3836 mox
1299 3781 1671 3852 Curopalates.

323 3875 400 3930 De
447 3875 551 3930 hac
583 3888 750 3928 aurea
776 3874 931 3944 virga
963 3890 1086 3944 qua:
1123 3874 1555 3945 imperatoribus
1582 3873 1846 3929 Romanis

245 3945 504 4018 prmierri
521 3953 935 4018 consueverat,
962 3946 1226 4018 loquitur:
1256 3946 1459 4018 Paulus
1478 3945 1843 4018 Asilentiarius

249 4014 308 4071 in
352 4015 724 4085 descriptione
751 4015 939 4086 templi
963 4014 1177 4073 Sancta:
1203 4014 1442 4086 Sophim,
1476 4015 1622 4070 haud
1649 4016 1843 4086 procul

246 4087 322 4144 ab
354 4087 538 4142 initio.

675 4212 746 4222 —-
773 4209 843 4220 —
876 4211 947 4220 —
1000 4178 1332 4250 Ὀρνύμενος
1377 4177 1484 4250 γὰρ

263 4252 356 4316 Ὠς
385 4251 543 4322 Θέμις
565 4249 664 4304 οὐκ
695 4250 962 4319 ἀνέμιμνε
998 4248 1352 4322 συνέμπορον
1378 4248 1735 4322 ἀσπιδιώτην,

249 4323 327 4376 Οἱ
364 4321 602 4394 χρυσοῦν
624 4338 747 4374 τινα
775 4322 970 4392 ῥαϐδον
994 4363 1008 4386 ,
1046 4323 1135 4374 ἀεὶ
1169 4321 1531 4390 πρὸκέλευθον
1571 4321 1840 4376 ἀνάκτων.

321 4413 516 4484 Neque
538 4413 684 4469 enim
711 4411 988 4467 assentior
1008 4410 1332 4484 doctissimo
1354 4411 1498 4475 viro,
1526 4412 1620 4484 qui
1642 4427 1841 4484 aureas

317 4483 483 4540 cures
511 4485 910 4554 interpretatus
941 4491 1044 4537 est.
1077 4485 1154 4536 Ac
1185 4483 1427 4552 primum
1464 4483 1691 4552 quidem
1722 4483 1838 4538 haec

250 4501 495 4609 ﬁnitas
525 4555 660 4609 levis
679 4553 802 4609 fuit.
831 4553 1034 4609 auiuue
1056 4569 1179 4609 (tum
1202 4562 1320 4607 erat
1345 4553 1450 4608 sub
1473 4554 1836 4609 disoositione

312 4530 495 4626 gaias
512 4530 754 4610 "suam
765 4530 814 4617 ἱῖ
824 4530 1044 4626 ξιῖίιῖᾖξ
1056 4530 1092 4623 (ί
1097 4530 1179 4607 {in
1188 4530 1328 4607 'c'r'di'
1341 4530 1409 4608 Eii
1415 4530 1450 4607 1)
1467 4530 1837 4623 suassuas;
1870 4530 1912 4584 ι)

248 4624 570 4682 Castrensis
598 4627 736 4679 sacri
764 4624 973 4694 palatii.
1007 4624 1205 4678 Postea
1233 4639 1366 4679 vero
1396 4640 1610 4678 summa
1642 4626 1833 4694 palatii

251 4697 496 4766 dignitas
542 4695 734 4751 haberi
783 4695 971 4766 cmpit,
1018 4710 1086 4748 ex
1113 4709 1223 4764 quo
1261 4695 1511 4751 Justinus
1540 4695 1834 4750 Justiniani

252 4765 429 4838 nepos
453 4781 573 4838 eam
610 4766 793 4838 gessit.
847 4765 974 4819 Fuit
994 4774 1186 4838 autem
1219 4766 1399 4820 civilis
1429 4766 1546 4820 haec
1572 4766 1833 4836 dignitas,

251 4835 366 4891 non
404 4835 682 4902 militaris,
721 4845 781 4890 ut
819 4835 1034 4906 putavit
1066 4837 1428 4906 Alemannus,
1459 4837 1555 4906 qui
1590 4835 1834 4906 europa.

251 4907 421 4962 latem
464 4923 592 4961 cum
627 4905 832 4962 comite
879 4905 1268 4961 excubitorum
1309 4907 1561 4962 confudit
1592 4907 1649 4961 in
1677 4905 1836 4964 Nutis

251 4977 321 5032 ad
365 4977 624 5048 Procopii
655 4977 935 5032 ἀνέκδοτα.

329 5050 444 5119 (ίθ)
503 5046 649 5113 Τὸὺς
701 5046 1018 5119 ἁπανταχῇ
1064 5047 1584 5117 συνειλεγμένους
1622 5047 1833 5116 ἱερέας,

249 5116 604 5190 Nicephorus
633 5119 688 5174 in
714 5133 837 5188 cap.
858 5119 926 5171 55
959 5118 1057 5190 lib.
1085 5134 1218 5182 xvn,
1276 5116 1393 5190 huic
1422 5119 1640 5190 Evagrii
1666 5121 1835 5176 verba

251 5188 474 5261 accepit
501 5188 570 5244 de
599 5189 898 5261 episcopis,
931 5189 1025 5261 qui
1055 5204 1154 5258 pro
1178 5199 1341 5244 rectae
1359 5188 1489 5261 ildei
1515 5188 1836 5246 defensione

251 5258 408 5316 varia
447 5261 502 5315 in
555 5258 676 5316 loca
720 5260 943 5329 relegati
998 5258 1217 5313 fuerant
1263 5275 1293 5314 a
1338 5260 1675 5315 Justiniano.
1729 5261 1836 5316 Sed

249 5333 488 5387 verbum
514 5331 648 5386 illud
672 5330 1118 5402 συνειλεγμένους
1134 5331 1290 5402 hanc
1321 5330 1834 5402 interpretationem

249 5404 401 5459 ferre
426 5419 534 5457 non
565 5409 766 5472 potest.
799 5401 988 5472 Itaque
1015 5400 1552 5470 Christophorsonus
1587 5402 1736 5457 hunc
1759 5403 1839 5458 lo-

251 5491 381 5529 cum
417 5471 776 5544 interpretari
826 5471 1021 5526 maluit
1068 5473 1136 5526 de
1176 5473 1577 5544 cpiscopisAqtti
1627 5487 1693 5526 ex
1719 5488 1838 5544 om-

251 5546 422 5601 nibus
458 5542 597 5599 locis
625 5544 678 5598 in
711 5559 881 5598 unum
909 5545 1223 5612 congregati
1260 5553 1417 5598 erant
1445 5542 1836 5599 Censtantino-

252 5617 389 5686 poli.
444 5615 552 5672 Sed
608 5629 787 5686 neque
836 5613 978 5686 hanc
1034 5613 1550 5686 interpretationem
1599 5614 1836 5686 probare

253 5684 502 5755 possum.
550 5684 992 5755 euanvagrius
1042 5684 1329 5755 episcopos
1365 5685 1491 5740 illos
1523 5700 1633 5739 non
1690 5684 1838 5740 dicat

253 5754 519 5812 collectos
566 5758 735 5810 fuisse
787 5754 1309 5826 Constantinopoli,
1359 5755 1454 5812 sed
1511 5756 1834 5826 ἀπανταχῆ,

255 5826 310 5881 id
340 5839 428 5884 est
475 5827 739 5884 omnibus
779 5827 836 5880 in
871 5825 1028 5880 locis.

2017 3638 2128 3708 (l9)
2175 3637 2310 3704 Ταῖς
2364 3639 2622 3705 κακίαις.
2655 3637 2859 3693 Deesse
2909 3636 3133 3708 videtur
3180 3635 3404 3707 aliquod
3431 3653 3558 3695 νο·-

1943 3709 2226 3774 cabulum,
2265 3709 2413 3778 quod
2459 3709 2708 3779 suppleri
2769 3717 2954 3779 potest
2996 3707 3104 3762 hoc
3162 3710 3361 3779 modo,
3393 3713 3531 3779 ut;

1943 3777 2368 3843 ἐναντιωτάταις
2414 3777 2662 3843 κακίαις.
2700 3777 2880 3849 Αιιιυε
2943 3778 3018 3834 ita
3061 3779 3260 3850 legisse
3311 3777 3533 3835 videtur

1943 3850 2506 3920 Christophorsonus.

2018 3921 2130 3990 (20)
2173 3918 2518 3974 ’Ἰουστῖνον
2574 3918 2907 3990 προσγεγῆ.
2963 3919 3087 3975 Fuit
3137 3919 3232 3975 hic
3277 3919 3532 3978 Justinus

1943 3990 2208 4046 Germani
2258 3991 2471 4061 patritii
2528 3991 2711 4055 illius,
2764 3991 3132 4046 consobrinus
3179 3990 3532 4061 imperatoris

1944 4061 2173 4126 Justini,
2199 4071 2260 4115 ut
2293 4063 2490 4117 scribit
2516 4063 2759 4118 Joannes
2785 4061 3136 4118 Biclariensis
3162 4062 3217 4116 in
3247 4061 3527 4120 Chronico.

1944 4133 2252 4204 Germanus
2271 4131 2517 4202 quidem,
2539 4142 2596 4188 et
2617 4133 2871 4188 Justinus
2889 4132 3087 4204 junior
3105 4133 3323 4204 cognati
3344 4143 3529 4204 erant.

1945 4202 2084 4257 Nam
2118 4203 2427 4258 Germanus
2479 4219 2652 4273 nepos
2697 4211 2817 4257 erat
2871 4202 3288 4258 Justiniaui'ex
3330 4203 3526 4259 fratre.

1942 4273 2196 4330 Justinus
2281 4289 2415 4329 vero
2477 4274 2781 4344 imperator
2850 4273 2997 4328 ﬁlius
3042 4281 3163 4329 erat
3219 4274 3528 4344 Vlgilantia:

1945 4345 2152 4400 sororis
2193 4344 2510 4400 Justiniani.
2546 4346 2819 4400 Caeterum
2851 4344 2942 4399 hic
2973 4344 3226 4400 Justinus
3265 4344 3526 4401 Germani

1944 4415 2090 4470 filius
2140 4415 2488 4470 consulatum
2511 4424 2754 4485 gesserat
2781 4415 3162 4485 annoChristi
3199 4414 3323 4470 540.
3357 4415 3528 4470 Eunt-

1941 4487 2066 4541 dem
2097 4485 2445 4541 Justinianus
2473 4484 2774 4555 imperator
2807 4484 3126 4555 magistrum
3158 4485 3394 4540 militum
3428 4501 3527 4556 per

1942 4557 2262 4616 Colchidem
2311 4563 2368 4610 et
2399 4556 2714 4610 Armeniam
2749 4556 2802 4609 in
2832 4557 3014 4610 locum
3052 4556 3271 4610 Martini
3300 4572 3526 4612 creave-

1945 4639 2050 4690 rat,
2087 4627 2358 4683 utscrihit
2381 4627 2641 4697 Agathias
2673 4627 2726 4680 in
2755 4626 2852 4697 lib.
2882 4642 2967 4692 tv;
2994 4635 3186 4697 postea
3207 4642 3340 4681 vero
3368 4642 3526 4682 eum-

1944 4701 2071 4754 dem
2124 4696 2444 4768 magistrum
2494 4697 2743 4768 militum
2790 4696 3073 4768 l‘eeitper
3111 4696 3416 4768 WThracias,
3465 4707 3527 4752 ut

1944 4771 2110 4895 ἕδεσι
2137 4767 2441 4826 Menander
2475 4767 2765 4822 Protector
2799 4767 2855 4821 in
2897 4767 2996 4823 lib.
3036 4781 3051 4821 ι
3091 4767 3364 4833 Ilistoriw,
3396 4782 3522 4840 pag.

1943 4842 2031 4896 99.

2017 4910 2131 4981 (il)
2176 4909 2323 4975 Τοὺς
2377 4909 2758 4981 γειτνιῶνζας
2799 4909 3522 4981 Τούρκουςπεερευγιότες,

1943 4979 2191 5049 Qualiter
2220 4979 2431 5036 Abares
2461 4980 2551 5036 isti
2605 4995 2636 5034 a
2658 4979 2856 5051 Turcis
2881 4980 3126 5050 superati
3148 4979 3214 5051 in
3233 4980 3524 5051 Europam

1943 5068 2022 5178 ἵει)
2063 5051 2608 5176 receperint,7rcfert
2654 5049 3101 5123 Theophylactus
3140 5049 3441 5108 Simocatta
3470 5050 3524 5107 in

1967 5141 1982 5178 ι
2030 5164 2042 5176 .
2093 5139 2189 5178 vn.
2225 5138 2346 5178 ean.
2440 5164 2453 5176 .

1967 5138 2042 5178 tu.
2093 5139 2189 5186 vn,
2225 5138 2346 5192 cap.
2401 5138 2453 5176 ι.

2017 5194 2129 5266 (22)
2171 5195 2282 5248 Kal
2295 5186 2479 5266 ’τινες
2496 5193 2661 5266 *πρὸς
2699 5192 3009 5266 ὀριιήσςεις.
3053 5191 3525 5266 Apud_N_icepho-
3599 5186 3612 5199 ’

1945 5262 2070 5335 rum
2102 5266 2157 5318 in
2206 5280 2326 5335 cap.
2379 5265 2449 5319 54
2495 5263 2592 5318 lib.
2623 5279 2752 5326 xvn.
2785 5273 2846 5335 et
2886 5263 2943 5318 in
2981 5263 3174 5335 codice
3212 5262 3525 5335 Telleriano

1946 5334 2211 5391 scribitur
2236 5333 2343 5390 una
2363 5349 2500 5389 voce
2520 5334 2934 5405 προσορμίσεις,
2956 5334 3106 5405 quod
3134 5333 3309 5405 magis
3329 5333 3521 5403 probo.

1947 5407 2147 5460 'l‘otum
2175 5422 2306 5461 vero
2337 5405 2488 5460 hunc
2520 5404 2704 5460 locum
2733 5404 2808 5459 ita
2839 5404 3194 5461 scribendum
3223 5404 3478 5460 existimo
3508 5420 3522 5458 :

1958 5477 2120 5548 Ἐνθα
2145 5476 2316 5548 σρκνά
2335 5475 2435 5548 μὲν
2458 5475 2587 5548 εθνη
2619 5474 2930 5548 βαρβαρικὰ
2957 5475 3364 5548 ἐξῳκισθηεαν
3396 5474 3527 5548 ᾠκί-

1948 5547 2154 5616 σθησαν
2184 5545 2245 5600 δὲ’
2270 5545 2365 5600 καὶ
2397 5547 2503 5600 ὑπὸ
2538 5545 2821 5617 Ῥωμαίων
2851 5545 3044 5610 πόλεις’
3077 5563 3138 5600 τε
3173 5545 3267 5617 καὶ
3297 5545 3530 5617 στρατό-

1949 5615 2102 5680 πεδα,
2127 5625 2235 5672 etc.
2268 5617 2326 5671 ld
2348 5627 2432 5673 est
2463 5635 2478 5672 :
2516 5617 2612 5674 Ubi
2636 5615 2818 5672 multa:
2846 5617 3058 5688 quidem
3087 5616 3330 5672 barbara:
3351 5615 3530 5688 gentes

1947 5689 2140 5744 relictis
2169 5689 2375 5760 sedibus
2402 5690 2511 5743 suis
2539 5689 2818 5752 habitant;
2855 5688 3005 5743 urbes
3041 5704 3165 5744 vero
3187 5698 3239 5744 et
3274 5697 3456 5744 castra
3477 5693 3531 5743 et

1945 5762 2200 5815 stationes
2240 5759 2283 5814 ιι
2316 5759 2570 5815 Romanis
2612 5761 2823 5814 condita
2861 5769 3004 5820 sunt.
