4018 6522
479 376 626 437 2795

1645 367 1960 432 EVAGRII
2001 336 2489 428 SCHOLASTICI'

3601 366 3747 431 2796

479 489 736 557 relinque
760 485 935 552 vobis,
969 505 988 538 ι
1015 485 1163 540 idem
1179 484 1435 540 Christus
1453 480 1729 536 universis
1748 477 2063 534 hominibus

2170 478 2312 541 θινὸς
2337 479 2494 548 ἡμῶν
2525 479 2678 544 Θεὸς.
2710 497 2730 533 ι
2765 481 3002 552 Εἰρήνην
3027 478 3126 550 τὴν
3159 477 3298 549 ἐμὴν
3323 478 3695 551 ἁφίημιὺμῖν,
3723 501 3742 533 ι

474 577 758 648 praedicat.
802 574 958 632 Istud
1002 590 1170 645 porro
1201 573 1337 628 nihil
1369 571 1518 626 aliud
1566 569 1672 624 sibi
1706 571 1844 633 vult,
1893 583 2057 637 quam

478 677 538 722 ut
562 681 756 725 omnes
793 665 889 737 qui
918 665 975 719 in
1012 664 1192 734 ipsum
1218 661 1474 725 credunt,
1502 659 1559 713 in
1589 672 1753 712 unam
1781 656 2060 712 eamdem-

476 777 583 832 que
646 757 950 814 Ecclesiam
1008 757 1365 832 conveniant.
1419 762 1476 808 et
1525 754 1583 808 in
1625 759 1774 806 recta
1834 748 2060 819 quidem

473 850 917 906 Christianorum
943 848 1052 927 [ide
1086 847 1214 902 inde
1244 829 1388 900 inter
1419 861 1477 900 se
1502 842 1872 908 consentiant,
1904 855 2063 924 aver-

475 952 669 998 sentur
719 951 902 996 autem
935 922 1032 996 eos
1063 939 1160 1010 qui
1216 935 1495 1008 contraria
1545 934 1742 989 dicunt
1787 940 1884 986 aut
1936 917 2066 986 sen-

476 1012 646 1088 tiunt.
665 1033 848 1086 Prima
871 1030 1018 1084 enim
1050 1029 1202 1083 salus
1233 1025 1448 1082 cunctis
1475 1021 1797 1076 hominibus
1825 1027 1910 1074 est
1931 1033 2064 1074 con-

476 1124 692 1188 stituta,
729 1131 893 1177 rectae
945 1119 1072 1175 ﬁdei
1104 1117 1404 1174 confessio.
1465 1113 1736 1181 Quocirca
1781 1125 1884 1165 nos
1927 1124 2064 1180 quo-

477 1231 584 1286 que
608 1214 924 1285 evangelica
951 1219 1223 1283 prmcepta
1251 1218 1307 1264 et
1336 1221 1556 1262 sacrum
1585 1203 1912 1274 Symbolum
1947 1202 2062 1255 sive

479 1292 789 1362 doctrinam
835 1295 1152 1360 ειιηοιοτυιιι
1202 1303 1425 1356 Patrum
1465 1305 1777 1358 sectantes,
1832 1301 2064 1349 cunctos

482 1398 764 1455 hortamur
781 1405 839 1452 ut
862 1396 930 1451 ad
961 1410 1125 1448 unam
1154 1392 1511 1460 eamdemque
1531 1388 1830 1443 Ecclesiam
1859 1402 1923 1442 ac
1941 1401 2064 1439 sen-

482 1492 708 1551 tentiam
743 1504 800 1542 se
827 1485 1118 1542 conferant
1150 1502 1164 1538 :
1201 1484 1492 1539 credentes
1538 1482 1592 1535 in
1622 1481 1840 1536 Patrem
1883 1487 1939 1533 et
1963 1479 2068 1532 oFi-

479 1580 614 1634 lium
647 1594 709 1632 ac
738 1578 1006 1647 Spiritum
1033 1584 1306 1638 sanctum,
1338 1573 1666 1627 Trinitatem
1703 1569 2068 1625 consubstan-

483 1667 688 1728 tialem,
729 1679 891 1717 unam
937 1662 1228 1726 Deitatcm,
1283 1675 1381 1714 seu
1417 1668 1670 1712 naturam
1697 1673 1762 1711 ac
1809 1657 2069 1710 substan-

485 1747 610 1812 tiam
636 1766 690 1811 et
719 1756 888 1810 verbo
912 1763 968 1809 et
1016 1753 1196 1822 reipsa
1235 1769 1247 1804 :
1281 1768 1443 1806 unam
1479 1751 1613 1806 item
1635 1751 1742 1804 vim
1783 1758 1840 1804 et
1868 1755 2065 1818 poten-

482 1851 611 1905 tiam
657 1857 713 1909 et
769 1847 1149 1917 operationem
1208 1845 1261 1898 in
1310 1844 1488 1898 tribus
1527 1840 1901 1897 subsistentiis
1953 1837 2067 1891 sive

481 1940 732 2012 personis
783 1939 1075 1993 credentes
1107 1955 1118 1990 :
1169 1936 1224 1991 in
1255 1951 1392 2005 quas
1428 1935 1708 2004 baptiiati-
1741 1949 1935 1989 sumus
1956 1971 1970 1996 ,
2011 1932 2067 1986 in

439 2047 619 2102 .quas
673 2030 1006 2091 credimus,
1082 2036 1139 2082 et
1205 2026 1412 2095 quibus
1489 2025 1775 2095 conjuncti
1846 2038 2064 2078 sumus.

480 2123 757 2180 Unitatem
811 2119 958 2173 enim
1025 2118 1083 2171 in
1134 2115 1445 2178 Trinitate,
1501 2125 1557 2169 et
1623 2111 1950 2166 Trinitatem
2011 2110 2068 2164 in

463 2199 690 2270 unitate
756 2211 1054 2266 adoramus
1082 2250 1096 2274 ,
1142 2223 1264 2279 quae
1309 2206 1697 2262 admirabilem
1747 2204 1911 2259 habet
1951 2213 2066 2257 tum

481 2293 858 2367 divisionem,
935 2310 1048 2355 tum
1110 2299 1440 2354 unitionem.
1495 2297 1772 2353 Unitatcm
1842 2295 2066 2364 quidem

481 2406 751 2469 quantum
791 2394 860 2449 ad
907 2395 1175 2449 Deilatcm
1209 2391 1326 2446 sive
1383 2389 1750 2462 substantiam
1806 2406 1818 2441 :
1874 2386 2068 2440 Trini-

482 2498 650 2546 tatem
707 2503 837 2542 vero
871 2494 1137 2559 quantum
1195 2483 1263 2538 ad
1307 2482 1672 2554 proprietates
1710 2480 1824 2534 sive
1884 2479 2068 2534 subsi-

479 2582 718 2637 stentias
766 2578 852 2632 vel
905 2591 1190 2647 personas.
1246 2572 1522 2628 Dividitur
1590 2571 1738 2626 enim
1791 2569 2064 2634 indivise,

481 2671 647 2744 [‘29
706 2679 766 2725 ut
834 2669 908 2725 ita
972 2667 1264 2730 dicamus,
1331 2675 1388 2722 et
1445 2663 1796 2734 conjungitur
1871 2659 2065 2716 divise.

483 2776 663 2834 Unum
706 2774 856 2829 enim
897 2781 980 2828 est
1021 2772 1076 2826 in
1124 2769 1323 2832 tribus,
1347 2768 1542 2824 Deitas
1590 2765 1804 2823 scilicet
1831 2781 1844 2819 :
1870 2773 1927 2821 et
1955 2773 2069 2818 tres

484 2893 656 2934 unum
699 2886 848 2941 sunt,
893 2875 948 2929 in
992 2873 1194 2944 quibus
1240 2867 1452 2927 scilicet
1486 2880 1572 2926 est
1602 2871 1810 2932 Deitas,
1849 2876 1966 2933 aut,
2007 2877 2066 2921 ut

482 2969 798 3027 accuratius
847 2969 1162 3040 loquamur,
1218 2981 1340 3035 qua:
1385 2973 1514 3019 sunt
1569 2965 1804 3035 ipsamet
1857 2961 2064 3022 Deitas,

485 3063 660 3118 Deum
732 3061 973 3121 Patrem,
1031 3059 1204 3113 Deum
1277 3057 1502 3122 Filium,
1566 3056 1738 3110 Deum
1798 3052 2063 3122 Spiritum

2164 571 2191 622 ὁ
2211 570 2372 633 αὐτὸς
2392 571 2654 641 κηρύττει
2684 574 2853 654 πᾶσιν
2875 571 3206 643 ἀνθρώποις.
3224 571 3336 624 Οὐκ
3354 572 3479 625 ἄλλο
3502 573 3560 625 δὲ
3589 573 3751 626 τοῦτὸ

2141 662 2331 730 ἐστιν,
2357 662 2390 732 ἢ
2421 665 2547 726 τοὺς
2572 664 2923 728 πιστεύοντας
2955 665 3035 727 είς
3061 664 3244 728 αὑτὸν,
3265 667 3343 728 είς
3374 665 3502 735 μίαν
3531 666 3625 718 καὶ
3647 667 3748 735 τὴν

2161 754 2330 825 αὐτὴν
2345 755 2671 826 Ἐκκλησίαν
2687 759 3016 828 συντρέχειν·
3037 758 3475 827 ὁμοφρονοῦντας
3499 759 3598 829 μὲν
3615 760 3750 828 περὶ

2161 846 2260 916 τὴν
2287 846 2452 918 ὀρθὴν
2480 847 2588 901 τῶν
2627 827 2972 919 Χριστιανῶν
3000 851 3179 916 δόξαν,
3229 827 3755 921 ἁποστρεςρομένουξ

2161 937 2216 992 δέ
2243 939 2369 1002 τοὺς
2387 939 2648 992 τάναντία
2673 940 2932 1009 λέγοντας
2966 943 2998 1016 ἢ
3025 943 3376 1008 δοξάζοντας.
3404 943 3602 1014 Πρώτη
3632 945 3745 1013 γὰρ

2165 1027 2411 1099 σωτηρία
2442 1027 2752 1102 καθέστηκε
2809 1034 2975 1086 πᾶσιν
3014 1032 3347 1104 ἀνθρώποις,
3384 1035 3416 1104 ἡ
3455 1033 3556 1103 τῆς
3580 1032 3753 1105 ὁρὺῆς

2163 1119 2400 1182 πίστεως
2445 1119 2729 1188 ὁμολογία.
2755 1122 2847 1176 Διὸ
2890 1124 2984 1177 καὶ
3031 1126 3195 1194 ἡμεῖς
3217 1128 3328 1188 τοῖς
3371 1126 3752 1194 εὐαγγελικοῖς

2164 1212 3152 1284 κατακολουθοῦντεςπαραγγέλμασι,
3173 1217 3267 1269 καὶ
3283 1217 3360 1287 τῷ
3379 1218 3520 1286 ἁγίῳ
3539 1219 3608 1272 Συ
3618 1215 3754 1286 51:66-

2164 1303 2258 1374 λῳ,
2281 1306 2397 1375 ἦτοι
2422 1306 2706 1377 μαθήματι
2725 1307 2832 1361 τῶν
2853 1309 3024 1376 ἁγίων
3045 1309 3187 1362 Πατέ
3197 1327 3324 1379 ρων,
3348 1310 3483 1379 πρὸς
3501 1311 3627 1379 μίαν
3654 1312 3752 1364 καὶ

2163 1398 2262 1463 τὴν
2293 1397 2463 1468 αὐτὴν
2484 1397 2815 1468 Ἐκκλησίαν
2841 1419 2900 1454 τε
2941 1402 3034 1455 καί⁵
3059 1403 3286 1474 γνώμην
3324 1403 3754 1475 προτρεώμεθα

2165 1487 2373 1551 πάντας
2401 1490 2672 1543 συνελθεῖν
2691 1508 2703 1520 ο
2731 1493 3082 1556 πιστεύοντες
3109 1496 3192 1558 είς
3225 1496 3442 1567 Πατέρα
3495 1498 3589 1550 καὶ
3618 1497 3751 1550 Υίὸν

2165 1580 2260 1630 καί⁵
2299 1579 2454 1647 ἅγιον
2487 1582 2728 1653 Πνεῦμα,
2775 1583 2980 1652 Τριάδα
3025 1587 3340 1656 ὁμοούσιον,
3377 1588 3508 1658 μίαν
3541 1589 3751 1659 Θέὸτη-

2167 1685 2232 1721 τα
2267 1671 2386 1740 ἦτοι
2427 1672 2587 1740 φύσιν
2620 1676 2714 1727 καὶ
2761 1677 2952 1728 οὐσίαν
2988 1677 3130 1748 λόγῳ
3159 1680 3252 1732 καὶ
3298 1681 3607 1751 πράγματι,
3653 1682 3752 1734 καὶ

2172 1761 2299 1831 μίαν
2329 1763 2561 1833 δύναμιν
2604 1767 2700 1819 καὶ
2739 1766 2986 1830 ἐξουσίαν
3025 1771 3122 1821 καὶ
3149 1770 3451 1838 ἐνέργειαν,
3487 1773 3545 1825 ἐν
3568 1773 3751 1843 τρισὶν

2170 1853 2532 1907 ὑποστάσεσιν
2582 1857 2748 1926 ἢγουν
2811 1858 3124 1928 προσώποις
3177 1859 3522 1926 δοξάζοντες,
3581 1865 3663 1926 εἰς
3715 1863 3752 1917 ἃ

2171 1943 2602 2016 βεδαπτίσμεθα,
2635 1950 2714 2011 είς
2745 1949 2781 2003 ἃ
2813 1951 3284 2021 πεπιστεύκαμεν,
3320 1955 3413 2006 καὶ
3442 1949 3522 2022 οἷς
3547 1972 3751 2008 συντε-

2135 2037 2726 2116 ,τάγμεθαπΜονάδα
2791 2046 2899 2110 γὰρ
2953 2043 3010 2094 ἐν
3035 2043 3247 2112 Τριὰδι,
3289 2044 3385 2097 καί⁵
3431 2045 3634 2117 Τριὰδα
3689 2047 3748 2098 ἐν

2173 2129 2356 2199 μονάδι
2386 2132 2815 2201 προσκυνοῦμεν,
2847 2134 3146 2204 παράδοξον
3167 2135 3394 2205 ἔχουσαν
3423 2137 3516 2190 καὶ
3550 2139 3648 2207 τὴν
3679 2139 3749 2190 δι-

2169 2222 2512 2291 αίρεσιν,καὶ
2532 2223 2630 2291 τὴν
2656 2225 2872 2282 ἕνωσιν.
2896 2227 3116 2282 Μονὰδα
3146 2227 3248 2297 μὲν
3271 2229 3410 2280 κατὰ
3443 2230 3542 2298 τὴν
3560 2230 3748 2283 οὐσίαν

2169 2314 2339 2383 ἥγουν
2369 2314 2645 2384 Θεότητα·
2675 2316 2879 2386 Τριάδα
2897 2316 2953 2370 δὲ
2983 2319 3124 2370 κατὰ
3155 2319 3258 2382 τὰς
3285 2319 3553 2390 ἰδιότητας
3581 2321 3749 2391 ἣγουν

2170 2405 2944 2479 ὑποστάσειςῄτοιπρόσωπα.
2967 2414 3390 2484 Διαιρεῖταιγὰρ
3404 2415 3745 2481 ἀδιαιρέτως,

2171 2497 2236 2550 ἵν’
2275 2497 2447 2562 οὕτως
2501 2502 2770 2570 εἴπωμεν,
2827 2504 2922 2555 καὶ
2973 2505 3308 2559 συνάπτεται
3376 2507 3745 2579 διῃρημένως.

2175 2588 2270 2641 Ἐν
2296 2589 2404 2659 γὰρ
2443 2593 2500 2644 ὲν
2527 2594 2701 2661 τρισὶν
2729 2594 2759 2663 ί)
2799 2593 3021 2664 Θεὸτης,
3071 2597 3165 2649 καὶ
3210 2597 3280 2650 τὰ
3326 2597 3452 2668 τρία
3481 2597 3560 2662 ἐν,
3589 2597 3659 2651 τὰ
3690 2600 3748 2651 ἐν

2170 2671 2252 2740 οἷς
2287 2679 2319 2748 ἡ
2350 2679 2571 2750 Θεότης,
2598 2680 2630 2751 ἢ
2668 2683 2728 2734 τό
2761 2698 2824 2750 γε
2857 2683 3247 2755 ἀκριϐέστερον
3272 2687 3464 2747 εἰπεῖν,
3498 2686 3533 2740 ἃ
3553 2688 3746 2758 η’Θεὸ·

2169 2787 2296 2842 τηςο
2326 2771 2458 2825 Θεὸν
2485 2774 2579 2826 τὸν
2606 2775 2848 2845 Πατέρα,
2875 2774 3007 2829 Θεὸν
3037 2778 3128 2831 τὸν
3157 2779 3308 2841 Υίὸν,
3339 2779 3474 2834 Θεὸν
3501 2781 3562 2834 τὸ
3593 2782 3746 2850 ἆγιον

2169 2861 2416 2933 Πνεῦμα,
2442 2865 2568 2918 ὅταν
2599 2865 2835 2922 ἕκαστον
2878 2869 3170 2939 πρόσωπον
3195 2872 3318 2925 καθ’
3345 2873 3506 2925 ἑαυτὸ
3532 2873 3746 2944 θεωρῆ-

2168 2971 2295 3007 ται”
2352 2955 2446 3009 τοῦ
2489 2957 2580 3010 νοῦ
2642 2960 2973 3030 χωρίζοντος
3020 2961 3088 3015 τὰ
3119 2962 3434 3035 ἀχώριστα·
3490 2965 3624 3020 Θεὸν
3677 2966 3748 3020 τὰ

2168 3047 2293 3116 τρία
2355 3049 2473 3120 μετ’
2552 3049 2798 3122 ἀλλήλων
2867 3052 3135 3123 νοούμενα
3167 3066 3182 3082 ⁸
3269 3055 3348 3128 τῷ
3429 3058 3578 3130 αὐτῷ
3647 3058 3745 3127 τῆς

473 3159 761 3217 sanctum,
789 3149 1014 3220 quando
1043 3148 1272 3219 singulae
1300 3161 1549 3217 persona:
1584 3159 1833 3198 seorsum
1876 3142 2062 3196 consi-

2170 3140 2438 3211 κινήσεως
2483 3143 2578 3220 καὶ
2633 3145 2733 3214 τῆς
2795 3144 3038 3213 φύσεως,
3103 3147 3292 3219 ἐπειδὴ
3355 3149 3461 3220 χρὴ
3511 3151 3602 3203 καὶ
3652 3151 3744 3202 τὸν

485 3247 775 3307 dcrantur,
818 3243 1019 3298 mentis
1047 3241 1260 3296 scilicet
1291 3241 1408 3294 acie
1433 3254 1499 3292 ea
1521 3253 1646 3307 quae
1671 3235 2062 3306 inscparabilia

485 3345 615 3391 sunt
647 3342 961 3402 separante.
1009 3334 1180 3387 Deum
1216 3346 1384 3385 unum
1418 3337 1532 3384 tres
1581 3343 1868 3398 personas,
1903 3325 2063 3381 simul

485 3427 822 3490 intellectas,
861 3425 932 3478 ob
966 3423 1222 3479 eumdem
1259 3430 1467 3476 motum
1497 3419 1864 3489 eamdemque
1896 3428 2026 3472 natu
2047 3447 2067 3460 -

488 3534 628 3573 ram.
666 3518 878 3588 Quippe
916 3526 974 3571 ct
1004 3531 1173 3570 unum
1215 3515 1388 3568 Deum
1433 3513 1687 3570 conﬁteri
1729 3519 1966 3583 oportet,
2010 3519 2067 3566 et

486 3620 603 3666 tres
655 3608 1068 3673 subsistentias,
1132 3606 1278 3660 sive
1307 3605 1678 3676 proprietates
1740 3603 2061 3673 praedicare.

480 3703 828 3759 Confitemur
877 3715 1008 3756 vero
1072 3699 1248 3770 ipsum
1302 3699 1645 3769 unigenitum
1701 3695 1902 3752 Filium
1967 3696 2062 3751 Dci

485 3796 658 3850 Deum
682 3793 947 3858 Verbum,
977 3791 1073 3862 qui
1105 3800 1230 3846 ante
1270 3791 1467 3846 saecula
1493 3799 1549 3845 et
1572 3789 1692 3844 sine
1723 3798 1966 3858 tempore
1998 3804 2066 3843 ex

488 3889 649 3942 Patre
679 3887 900 3955 genitus
928 3895 1044 3949 est,
1079 3901 1190 3940 non
1227 3892 1410 3938 autem
1443 3883 1622 3938 factus
1663 3901 1676 3937 :
1717 3883 1770 3937 in
1802 3884 2065 3938 extremis

489 3979 686 4034 diebus
722 3989 949 4049 propter
983 3992 1085 4032 nos
1125 3985 1180 4032 et
1221 3985 1448 4047 propter
1484 3986 1728 4030 nostram
1769 3976 1998 4030 salutem
2035 3993 2066 4030 e

421 4086 426 4092 '
489 4071 628 4126 caalo
675 4070 1053 4133 descendisse,
1094 4077 1152 4124 et
1192 4068 1536 4123 incarnatum
1575 4083 1695 4122 esse
1741 4083 1806 4122 ex
1855 4067 2064 4136 Spiritu

487 4172 681 4223 sancto
715 4171 771 4217 et
819 4178 886 4216 ex
927 4161 1164 4216 Domina
1215 4169 1426 4218 nostra.
1475 4168 1665 4212 sancta
1721 4168 1777 4212 et
1829 4157 2064 4228 gloriosa

489 4255 721 4324 Deipara
754 4269 818 4308 ac
855 4269 1073 4322 semper
1113 4251 1326 4321 virgine
1360 4250 1551 4313 Maria,
1584 4257 1641 4302 et
1681 4264 1749 4302 ex
1789 4248 1879 4302 illa
1910 4250 2064 4320 geni-

489 4355 626 4399 tum.
659 4344 760 4410 Qui
783 4352 869 4398 est
904 4343 1171 4398 Dominus
1208 4351 1397 4396 noster
1425 4341 1588 4396 Jesus
1617 4338 1894 4406 Christus,
1925 4357 2066 4395 unus

488 4454 519 4490 e
547 4446 735 4491 sancta
771 4435 1061 4500 Trinitate,
1084 4434 1178 4504 qui
1214 4449 1339 4489 cum
1363 4433 1524 4488 Patre
1554 4441 1610 4488 et
1631 4441 1818 4487 sancto
1853 4432 2061 4502 Spiritu

487 4525 845 4597 gloriﬁcatur.
881 4525 1070 4594 Neque
1110 4524 1258 4578 enim
1292 4533 1501 4593 quartae
1531 4538 1778 4592 personae
1804 4522 2064 4592 adiectio-

489 4632 614 4672 nem
643 4625 998 4672 sacrosancta
1022 4615 1266 4669 Trinitas
1297 4615 1530 4684 accepit,
1562 4621 1847 4683 postquam
1877 4614 2060 4667 incar-

488 4715 650 4762 natus
680 4717 767 4762 est
803 4723 946 4761 unus
981 4724 1012 4761 e
1049 4717 1238 4761 sancta
1270 4705 1562 4768 Trinitate,
1592 4704 1736 4758 Deus
1759 4705 2004 4758 Verbum
2045 4722 2058 4758 :

487 4797 583 4852 sed
609 4813 752 4852 unus
774 4796 1031 4866 idemque
1053 4803 1139 4849 est
1169 4794 1436 4848 Dominus
1487 4801 1677 4847 noster
1708 4793 1867 4847 Jesus
1894 4792 2060 4847 Chri-

483 4899 623 4955 stus,
667 4887 1152 4946 consubstantialis
1199 4886 1418 4956 quidem
1449 4885 1559 4939 Deo
1601 4884 1748 4940 Patri
1794 4879 2059 4954 quantum

2169 3234 2265 3287 ἐνα
2326 3235 2458 3287 Θεὸν
2521 3235 2825 3305 ὁμολογεῖν,
2887 3239 2983 3291 καὶ
3035 3238 3135 3302 τὰς
3204 3243 3352 3310 τρεῖς
3417 3241 3742 3305 ὑποστάσεις

2169 3327 2336 3397 ἤγουν
2427 3328 2696 3399 ἰδιότητας
2794 3331 3110 3401 κηρύττειν.
3201 3332 3607 3404 Ὀμολογοῦμεν
3683 3334 3739 3386 δὲ

2169 3419 2355 3483 αὑτὸν,
2397 3421 2488 3472 τὸν
2531 3422 2792 3491 μονογενῆ
2827 3422 2952 3474 Υίὸν
2981 3423 3074 3476 τοῦ
3107 3423 3242 3476 Θεοῦ
3287 3425 3377 3478 τὸν
3404 3426 3536 3478 Θεὸν
3567 3426 3739 3494 Λόγον

2167 3511 2258 3564 τὸν
2284 3511 2388 3582 πρὸ
2411 3511 2620 3566 αἰώνων
2650 3514 2746 3566 καὶ
2777 3515 3022 3585 ἁχρὸνως
3075 3517 3140 3568 ἐκ
3185 3515 3286 3570 τοῦ
3318 3513 3528 3588 Πατ’ρὸς
3554 3536 3740 3588 γεννη-

2170 3601 2349 3664 θέντα,
2389 3603 2450 3655 οὐ
2486 3602 2802 3671 ποιηθέντα,
2844 3604 2932 3658 ἐπ’
2980 3607 3228 3676 ἐσχάτων
3259 3608 3318 3660 δὲ
3365 3608 3475 3662 τῶν
3517 3610 3737 3680 ἡμερῶν

2167 3694 2233 3748 δι’
2262 3695 2407 3764 ἡμᾶς
2434 3696 2525 3747 καὶ
2555 3695 2644 3748 διὰ
2681 3696 2780 3764 τὴν
2821 3697 3100 3768 ἡμετέραν
3149 3700 3423 3770 σωτηρίαν
3451 3701 3738 3754 κατελθόν-

2166 3805 2234 3841 τα
2262 3789 2325 3840 ἐκ
2349 3787 2458 3839 τῶν
2487 3788 2756 3854 οὐρανῶν,
2791 3791 2884 3842 καὶ
2918 3789 3270 3860 σαρκωθέντα
3317 3794 3380 3844 ἐκ
3427 3792 3737 3862 Πνεῦματος

2165 3879 2344 3950 ἁγίου,
2385 3881 2622 3950 καὶτῆς
2653 3882 2956 3954 Δεσποίνης
2985 3885 3142 3954 ἡμῶν
3186 3889 3287 3956 τῆς
3335 3887 3499 3952 ἁγίας
3523 3885 3734 3950 ἐνδόξου

2165 3969 2430 4023 Θεοτὸκου
2457 3973 2550 4023 καὶ
2584 3972 2948 4043 ἁειπαρθένου
2988 3975 3228 4046 Μαρίας,
3273 3977 3368 4028 καὶ
3411 3976 3733 4046 γεννηθέντα

2161 4059 2224 4145 ἐξ
2264 4061 2458 4130 αὐτῆς,
2484 4062 2542 4123 ὅς
2575 4062 2723 4114 ἐστιν
2751 4065 2778 4114 ὁ
2803 4063 3006 4134 Κύριος
3034 4064 3189 4135 ἡμῶν
3223 4065 3428 4136 Ἰησοῦς
3459 4068 3688 4139 Χριστὸς
3707 4072 3734 4122 ὁ

2165 4148 2245 4216 εἷς
2291 4156 2389 4224 τῆς
2435 4155 2597 4223 ἁγίας
2639 4155 2892 4224 Τριὰδος,
2952 4158 3409 4229 συνδοξαζὸμενος
3437 4159 3515 4230 τῷ
3568 4163 3736 4231 Πατρὶ

2166 4247 2259 4298 καὶ
2323 4245 2401 4314 τῷ
2449 4246 2588 4316 ἁγίῳ
2640 4247 3071 4317 Πνεῦματιβθ).
3149 4252 3288 4304 Οὐδὲ
3310 4252 3419 4324 γὰρ
3476 4257 3730 4323 τετάρτου

2165 4337 2457 4408 προσώπου
2497 4340 2814 4412 προσθήκην
2845 4343 3137 4408 ἐπεδέξατο
3167 4345 3197 4415 ἡ
3243 4345 3372 4413 ἁγία
3415 4332 3611 4418 τριὰς,
3644 4350 3732 4401 καί

2173 4429 2550 4500 σαρκωθέντος
2581 4432 2676 4485 τοῦ
2725 4433 2843 4498 ἐνὸς
2877 4435 2974 4504 τῆς
3015 4436 3176 4502 ἁγίας
3209 4439 3437 4508 Τριάδος
3470 4440 3608 4494 Θεοῦ
3637 4442 3734 4494 Ad-

2166 4538 2297 4589 γου·
2362 4522 2479 4575 ἁλλ’
2529 4523 2676 4577 ἐστιν
2737 4521 2817 4588 εἷς
2867 4527 3018 4581 καὶὸ
3049 4529 3210 4596 αὐτὸς
3261 4533 3288 4582 ὁ
3322 4531 3524 4603 Κύριος
3585 4535 3734 4604 ἡμῶν

2180 4612 2387 4681 Ἰησοῦς
2417 4615 2671 4684 Χριστὸς,
2707 4617 2991 4686 ὁμοούσιος
3015 4617 3091 4688 τῷ
3122 4618 3240 4689 Θεῷ
3270 4624 3363 4674 καὶ
3395 4625 3567 4691 Πατρὶ
3599 4625 3733 4677 κατὰ

2161 4700 2263 4773 ’τὴν
2292 4703 2541 4776 θεότητα,
2572 4709 2665 4760 καὶ
2700 4707 2992 4777 ὁμοούσιος
3036 4711 3167 4780 ἡμῖν
3201 4713 3229 4763 ὁ
3261 4701 3424 4776 αὐτὸς
3469 4715 3611 4768 κατὰ
3642 4718 3732 4784 τὴν

2168 4796 2583 4868 ἁνθρωπὸτηταο
2611 4799 2851 4869 παθητὸς
2886 4804 3075 4871 σαρκὶ,
3125 4803 3220 4855 καὶ
3259 4804 3478 4872 ἀπαθὴς
3515 4809 3544 4860 ὁ
3581 4807 3733 4871 αὐτος

2165 4889 2226 4940 ἐν
2253 4885 2486 4959 θεότητι.
2507 4889 2581 4942 Οὺ
2603 4889 2715 4959 γὰρ
2737 4890 2895 4944 ἄλλον
2919 4893 3011 4946 τὸν
3023 4893 3164 4946 ’Θεὸν
3187 4895 3358 4964 Λόγον
3381 4897 3474 4952 τὸν
3493 4897 3735 4970 θαυματ·
3805 4955 3813 4963 ,

1697 5054 1954 5112 VALESII
1989 5057 2544 5115 ANNOTATIONES.

559 5172 827 5245 (30)»"09
863 5173 992 5245 ξᾳτι
1042 5172 1122 5245 τῷ
1161 5172 1377 5245 Πατρτὶ
1423 5171 1518 5226 καὶ
1545 5169 1638 5245 τῷ
1667 5169 1813 5245 tirio)
1870 5172 2059 5245 Πνειξοτ

481 5241 644 5314 μαι-ι.
674 5242 830 5314 Apud
869 5243 1241 5314 Nicephorum
1273 5243 1326 5314 in
1370 5258 1492 5312 cap.
1543 5242 1631 5314 55,
1665 5241 1776 5314 _li_b.
1802 5255 1932 5314 xvii.
1967 5242 2058 5295 ubi

490 5310 594 5370 hoc
624 5310 825 5369 Justini
879 5313 1227 5381 imperatoris
1262 5310 1504 5367 edictum
1553 5313 1620 5367 de
1657 5311 1760 5363 lide
1798 5310 2054 5378 refertur,

487 5388 579 5441 hic
614 5387 768 5439 locus
810 5384 883 5436 ita
928 5383 1172 5452 legitur:
1209 5384 1308 5444 ’Ός
1355 5386 1470 5436 ἐστι
1501 5383 1580 5452 τῷ
1614 5381 1787 5447 [Ia-cpt
1836 5382 1934 5431 καὶ
1986 5385 2065 5450 τῷ

481 5458 626 5524 ἁγίῳ
681 5453 955 5522 Πνεύματι
1010 5454 1142 5524 ἴσος.
1172 5452 1346 5518 Quam
1392 5454 1682 5524 lectionem
1703 5458 1937 5524 secutus
1973 5462 2057 5524 est

483 5511 1034 5592 Chriswphorsouus.
1063 5523 1154 5577 Sic
1177 5511 1324 5577 cnim
1366 5525 1532 5576 vertit
1562 5541 1573 5576 :
1611 5523 1710 5587 Qui
1738 5526 1813 5572 est
1836 5522 2056 5592 wqrralis

485 5597 641 5654 Patri
685 5591 735 5649 et
774 5593 993 5664 Spiritui
1025 5603 1226 5664 sancta.
1265 5593 1430 5663 Atqui
1456 5595 1560 5646 hoc
1584 5595 1705 5647 loco
1733 5604 1842 5664 non
1878 5591 2058 5659 agitur

482 5667 550 5723 de
578 5660 887 5738 aequalitate
913 5663 1088 5738 Patris
1113 5681 1184 5738 ac
1203 5665 1320 5738 Filii
1355 5660 1368 5718 Ξ
1412 5665 1504 5720 scd
1523 5680 1608 5738 an
1635 5660 1888 5738 Christus
1916 5676 2057 5719 unus

483 5741 555 5794 sit
587 5733 658 5792 ei
703 5735 990 5790 Trinitate.
1033 5735 1257 5790 Rectius
1292 5736 1473 5804 itaque
1521 5733 1668 5788 hunc
1709 5733 1890 5787 locum
1921 5747 2054 5804 sup-

485 5809 628 5880 plevi
653 5824 719 5862 cx
753 5807 959 5875 optimo
986 5806 1176 5860 codice
1208 5801 1524 5860 Florentino
1555 5805 1608 5860 in
1640 5804 1785 5858 hunc
1809 5801 2054 5861 modum.

2172 5173 2269 5248 ’ξος
2301 5174 2446 5248 ἐστιν
2479 5173 2741 5248 ὁΑΚύριος
2772 5175 2927 5248 ημῶν
2956 5176 3172 5248 Ἰησοῦς
3214 5177 3449 5247 Χριστὸς
3479 5179 3505 5229 ὅ
3534 5176 3614 5241 εἷς
3644 5181 3736 5248 τῆς

2169 5243 2635 5316 ἁγίαςίξΓριὰδος,
2675 5243 3130 5316 συνδοξαζὸμενος
3177 5243 3475 5316 τῷἸΙατρὶ
3521 5252 3612 5300 καὶ
3664 5243 3737 5316 τῷ

2169 5305 2308 5383 ἁγίῳ
2345 5305 2641 5381 Πνέύματι.
2689 5305 2874 5370 Οοᾱεὲε
2910 5305 3478 5372 au'ternTel'lerianus
3503 5318 3578 5373 ita
3607 5305 3740 5376 seri.-

2172 5394 2331 5460 jptunl
2389 5384 2574 5460 habet,
2607 5385 2843 5460 ᾆς-ἐστιν
2874 5388 2930 5460 ἐν
2957 5388 3062 5460 Ατῴ
3099 5388 3288 5460 ΔΠατρ).
3331 5389 3422 5441 καὶ
3476 5390 3554 5458 τῷ
3601 5393 3736 5460 ἁγίῳ

2163 5451 2474 5531 [Ἰνεῦματικ
2500 5451 2629 5523 [Sed
2672 5454 2968 5511 Florentini
3010 5451 3245 5531 codicis"
3273 5451 3549 5531 scriptura
3585 5451 3736 5531 longe

2161 5523 2510 5606 antcl'erenda
2542 5533 2692 5606 “est;
2749 5528 3233 5606 quarnuconll‘irmat
3280 5523 3628 5585 Justinianus
3672 5523 3722 5586 in

2160 5595 2352 5650 edicto
2417 5595 2484 5648 de
2539 5593 2664 5665 ﬁde,
2719 5593 2838 5665 pag.
2895 5597 2997 5650 804
3035 5597 3278 5652 Chronici
3317 5601 3670 5654 Alexandrini
3717 5619 3734 5658 .'

2159 5665 2337 5791 {iujusf
2357 5665 2523 5809 cilicii
2548 5664 2712 5720 verba
2733 5664 2982 5724 Justinus
3003 5668 3202 5724 Junior
3222 5669 3278 5725 in
3305 5670 3551 5726 edictum
3577 5687 3731 5727 suum

2187 5753 2311 5792 rans
2339 5754 2370 5790 ιι
2415 5754 2426 5790 ι
2461 5775 2476 5789 .

2159 5744 2476 5792 transl‘udit.
