4018 6498
351 394 487 457 2797

1326 391 1709 453 HlSTORL‘E
1749 390 2340 452 ECCLESIASTlCrE
2379 390 2609 449 LIBER
2648 392 2706 451 V.

3465 342 3603 452 24193

278 526 283 531 '
352 509 723 580 ουργήσαντα,
771 507 1050 588 καὶβλλον
1092 507 1184 560 τὸν
1228 507 1469 560 παθόντα.
1535 504 1879 576 ἐπιστάμεθα
1908 520 1920 533 ·

2038 504 2094 558 ad
2124 504 2496 569 divinitatem,
2526 502 3014 559 eonsubstantialis
3033 514 3217 557 autem
3244 505 3401 558 nobis
3428 522 3601 575 quatt-

353 604 467 659 ἀλλ’
514 604 609 656 ἕνα
635 604 731 655 καὶ
767 603 860 654 τὸν
900 600 1061 653 αὑτὸν
1098 599 1468 670 ὁμολογοῦμεν
1516 598 1720 668 Κύριον
1768 596 1925 666 ἡμῶν

366 692 570 765 Ἰησοῦν
613 691 845 762 Χριστὸν
874 691 967 743 τὸν
1015 689 1110 743 τοῦ
1152 689 1288 742 Θεοῦ
1327 690 1520 757 Λόγον,
1575 687 1927 758 σαρκωθέντα

353 786 446 838 καὶ
462 783 679 845 τελείως
697 780 1216 852 ἐνανθρωπήσαντα,
1247 779 1341 832 καὶ
1369 779 1487 841 ἑνὸς
1520 780 1613 831 καὶ
1637 777 1731 830 τοῦ
1760 776 1927 831 αὑτοῦ

350 875 418 928 τά
446 890 505 926 τε
543 872 816 943 θαύματα,
873 873 967 925 καὶ
1005 872 1075 925 τὰ
1122 872 1295 941 πάθη,
1334 872 1479 941 ἅπερ
1528 869 1792 931 ἑκουσίως
1821 870 1925 921 ὑπ-

351 964 535 1035 έμεινε
582 965 746 1036 σαρκὶ
769 964 857 1017 διὰ
900 962 999 1034 τὴν
1045 964 1318 1035 ἡμετέραν
1378 961 1673 1032 σωτηρίαν.
1710 961 1784 1014 Οὑ
1818 959 1927 1029 γὰρ

350 1057 637 1129 ἄνθρωπός
699 1075 785 1120 τις
836 1058 1028 1111 ἑαυτὸν
1064 1057 1206 1128 ὑπὲρ
1262 1056 1419 1126 ἡμῶν
1473 1055 1742 1108 δέδωκεν·
1809 1052 1924 1106 ἀλλ’

348 1148 513 1210 αὑτὸς
564 1150 591 1199 ό
623 1147 757 1210 Θεὸς
810 1148 985 1216 Λόγος
1033 1148 1321 1219 ἀτρέπτως
1358 1147 1648 1217 γενόμενος
1717 1145 1928 1216 ἄνθρω-

347 1253 492 1300 πος,
553 1236 615 1289 τό
686 1253 747 1290 τε
814 1237 1062 1291 ἑκούσιον
1132 1238 1324 1301 πάθος,
1388 1239 1481 1290 καὶ
1540 1237 1635 1290 τὸν
1698 1236 1927 1292 θάνατον

345 1330 492 1400 ὑπὲρ
541 1331 701 1400 ἡμῶν
747 1331 917 1402 σαρκὶ
986 1331 1336 1398 κατεδέξατο.
1395 1333 1505 1385 Καὶ
1558 1331 1693 1385 Θεὸν
1746 1330 1927 1384 τοίνυν

343 1423 511 1475 αὑτὸν
569 1423 999 1493 ὁμολογοῦντες,
1054 1424 1153 1477 οὑκ
1233 1424 1538 1494 ἀθετοῦμεν
1609 1423 1706 1478 τοῦ
1786 1417 1926 1476 εἶναι

343 1513 515 1567 αὑτὸν
543 1513 639 1566 καὶ
660 1514 982 1584 ἄνθρωπονο
1026 1514 1123 1567 καὶ
1180 1514 1471 1583 ἄνθρωπον
1515 1515 1679 1568 αὑτὸν
1734 1514 1929 1584 ὁμολο-

344 1607 595 1675 γοῦντες,
633 1607 734 1660 οὑκ
776 1606 1090 1679 ἀρνούμεθα
1122 1607 1217 1660 τοῦ
1252 1604 1395 1661 εἷναι
1443 1608 1605 1661 αὑτὸν
1639 1608 1732 1661 καὶ
1768 1608 1924 1662 Θεόν.

347 1697 520 1752 Ὅθεν
552 1698 649 1751 ἕνα
681 1698 888 1752 καὶτὸν
911 1699 1074 1753 αὑτὸν
1123 1699 1183 1766 ἐξ
1232 1699 1497 1770 ἑκατέρας
1530 1700 1768 1769 φύσεως,
1806 1699 1925 1753 θεό-

343 1804 518 1859 τητος
567 1789 665 1840 καὶ
734 1789 1173 1859 ἀνθρωπότητος,
1231 1787 1484 1841 σύνθετον
1537 1787 1928 1858 ὁμολογοῦντες

344 1880 448 1933 τὸν
488 1877 692 1951 Κύριον
744 1879 904 1950 ἡμῶν
968 1879 1174 1950 Ἰησοῦν
1219 1880 1479 1951 Χριστὸν,
1540 1879 1800 1948 σύγχυσιν
1857 1861 2003 1950 τῇΒ

346 1972 547 2026 ὲνὼσει
603 1974 704 2026 οὑκ
764 1972 1134 2046 ἐπεισάγομεν
1159 1973 1293 2043 (51).
1326 1974 1400 2025 Οὑ
1457 1971 1568 2043 γὰρ
1612 1972 1695 2025 ὅτι
1733 1970 1927 2039 γέγονε

346 2060 479 2118 καθ’
499 2066 648 2134 ἡμᾶς
691 2064 1001 2136 ἄνθρωπος,
1038 2064 1099 2117 τὸ
1132 2060 1273 2117 εἶναι
1313 2063 1445 2127 Θεὸς
1470 2064 1727 2118 ἀπολέσει
1756 2079 1769 2091 ο
1803 2060 1927 2115 οὔτε

351 2156 468 2225 μὴν
497 2155 579 2207 ὃτι
605 2153 737 2219 Θεὸς
768 2156 911 2208 κατά
941 2154 1103 2222 φύσιν
1141 2154 1311 2217 ἐστὶν,
1344 2154 1439 2206 καὶ
1483 2154 1584 2222 τὴν
1612 2153 1751 2222 πρὸς
1781 2153 1931 2222 ἡμᾶς

347 2245 616 2315 ὁμοίωσιν
650 2246 1030 2318 ἀπαράδεκτον
1066 2245 1177 2315 ἔχει
1200 2284 1214 2308 ,
1253 2244 1347 2298 καὶ
1376 2244 1438 2298 τὸ
1472 2244 1755 2313 ἄνθρωπος
1788 2240 1929 2297 εἶναι

282 2364 285 2367 η
348 2338 779 2406 παραιτήσεται.
814 2338 1110 2411 Μεμένηκε
1144 2338 1199 2389 δὲ
1221 2336 1410 2407 ὥσπερ
1444 2338 1502 2388 ἐν
1546 2335 1930 2406 ἀνθρωπότητι

347 2427 513 2489 Θεὸς,
540 2427 681 2479 οὑτω
712 2428 807 2479 καὶ
835 2428 893 2480 ὲν
922 2429 1164 2497 ὑπεροχῇ
1201 2427 1455 2496 θεότητος
1485 2424 1583 2491 ὢν,
1613 2426 1927 2496 ἄνθρωπος,

348 2518 511 2571 οὐδὲν
538 2513 700 2588 ἦττον
725 2534 738 2546 ·
774 2517 940 2587 ἄμφω
968 2517 1026 2570 δὲ
1059 2516 1135 2569 ὢν
1163 2518 1221 2569 ὲν
1247 2515 1447 2587 ταυτῷ,
1478 2518 1574 2570 καὶ
1600 2512 1681 2579 είς
1711 2516 1842 2579 Θεός
1872 2532 1931 2569 τε

350 2606 495 2675 ὁμοῦ
551 2607 646 2659 καὶ
698 2605 985 2677 ἄνθρωπος
1039 2608 1067 2659 ὁ
1127 2604 1500 2676 Ἐμμανουήλ.
1547 2606 1650 2658 Τὸν
1691 2605 1933 2659 αὑτὸνδὲ

351 2700 751 2771 ὁμολογοῦντες
794 2701 852 2752 ὲν
885 2699 1116 2768 Θεότητι
1150 2697 1375 2759 τέλειον,
1409 2698 1506 2750 καὶ
1545 2697 1929 2767 ἀνθρωπότητι

351 2794 585 2854 τέλειον,
622 2793 682 2857 ἐξ
728 2784 804 2844 ὧν
829 2790 920 2844 καὶ
960 2788 1243 2859 συνετέθη,
1278 2788 1547 2859 διαίρεσιν
1576 2790 1675 2857 μὲν
1695 2789 1795 2859 τὴν
1830 2787 1933 2841 ἀνὰ

357 2881 551 2953 μέρος,
582 2880 616 2949 ἦ
644 2883 818 2951 τομὴν
851 2880 952 2933 οὑκ
972 2878 1304 2949 ἐπιφέρομεν
1332 2880 1397 2949 τῇ
1431 2879 1532 2949 μιᾷ
1560 2878 1726 2931 αὑτοῦ
1751 2876 1935 2931 συνθέ-

353 2990 437 3040 τῳ
476 2972 792 3025 ὑποστάσει·
833 2971 933 3042 τὴν
963 2971 1020 3024 δὲ
1051 2971 1316 3040 διαφορὰν
1346 2970 1455 3023 τῶν
1482 2969 1701 3038 φύσεων
1733 2969 1935 3040 σημαι-

358 3081 549 3132 νομεν,
577 3064 679 3118 οὑκ
709 3062 1111 3134 ἀναιρουμένην
1140 3062 1231 3116 διὰ
1270 3062 1367 3133 τὴν
1401 3062 1615 3115 ἕνωσιν.
1650 3060 1787 3114 Οὑτε
1826 3060 1935 3132 γὰρ

361 3159 399 3226 ὴ
418 3156 553 3217 ,θεία
577 3156 741 3225 φύσις
771 3158 852 3220 εις
883 3155 983 3229 τὴν
1011 3155 1360 3227 ἀνθρωπείαν
1388 3152 1716 3225 μετεϐλήθη,
1746 3153 1869 3207 οὔτε
1901 3154 1934 3224 ή

2030 606 2147 651 tum
2182 598 2247 651 ad
2272 598 2672 652 humanitatem
2702 616 2714 651 :
2751 597 2993 666 patibilis
3018 597 3239 666 quidem
3264 614 3448 662 carne,
3485 601 3603 655 dei-

2030 695 2139 741 tate
2162 703 2294 742 vero
2325 687 2666 758 impatibilis.
2695 688 2883 756 Neque
2908 687 3055 741 enim
3081 688 3249 741 alium
3276 690 3446 744 Deum
3474 690 3605 745 Ver-

2029 778 2160 849 bum
2191 779 2286 849 qui
2314 780 2577 833 miracula
2612 778 2970 847 perpetravit,
3007 787 3062 833 et
3096 779 3264 833 alium
3290 781 3383 849 qui
3414 797 3605 850 passus

2029 879 2115 926 est
2147 872 2494 941 agnoscimus
2523 890 2537 925 :
2568 867 2662 926 sed
2688 888 2855 926 unum
2889 871 3256 942 eamdemque
3280 874 3605 928 confitemur

2028 960 2322 1015 Dominum
2370 971 2619 1016 nostrum
2646 962 2830 1017 Jesum
2872 963 3173 1028 Christum,
3212 964 3307 1019 Dei
3339 964 3601 1026 Verbum,

2030 1050 2377 1107 incarnatum
2409 1060 2465 1107 et
2499 1053 2737 1123 perfecte
2774 1054 3055 1131 hominem
3084 1056 3312 1120 factum,
3349 1066 3405 1110 ct
3442 1058 3606 1110 unius

2028 1144 2387 1215 ejusdemque
2410 1160 2531 1200 esse
2557 1154 2668 1199 tum
2693 1147 2983 1211 miracula,
3005 1157 3119 1200 tum
3137 1148 3446 1216 passiones,
3471 1164 3606 1217 quas

2029 1235 2223 1290 salutis
2244 1245 2446 1291 nostra:
2475 1251 2663 1300 causa,
2697 1251 2796 1290 sua
2822 1246 3017 1305 sponte
3049 1236 3105 1290 in
3128 1252 3291 1291 carne
3320 1236 3601 1291 suStinuit.

2028 1326 2151 1380 Non
2180 1328 2327 1381 enim
2352 1326 2519 1381 homo
2547 1327 2750 1397 aliquis
2773 1327 3015 1396 seipsum
3050 1327 3274 1383 tradidit
3300 1342 3397 1396 pro
3419 1328 3602 1393 nobis,

2027 1418 2124 1472 sed
2152 1404 2396 1488 ipsemet
2441 1419 2588 1474 Deus
2628 1420 2893 1483 Verbum,
2933 1418 3053 1474 sine
3097 1420 3209 1474 ulla
3241 1420 3606 1475 conversione

2028 1508 2197 1564 homo
2230 1508 2426 1575 factus,
2464 1520 2821 1580 spontaueam
2853 1510 3166 1580 passionem
3197 1526 3262 1565 ac
3291 1521 3526 1566 mortem
3551 1511 3605 1565 in

2029 1615 2196 1657 carne
2232 1616 2333 1672 pro
2358 1603 2520 1657 nobis
2549 1602 2739 1656 subiit.
2778 1602 2968 1671 Itaque
3013 1618 3139 1657 eum
3192 1603 3348 1657 illum
3374 1602 3606 1657 conﬁte-

2030 1710 2157 1747 mur
2191 1693 2386 1757 Deum,
2436 1692 2692 1747 eumdem
2734 1708 2954 1762 quoque
3006 1692 3287 1748 hominem
3332 1709 3455 1749 esse
3497 1709 3609 1747 non

2030 1784 2343 1840 inﬁciamur
2382 1802 2394 1839 :
2436 1793 2494 1840 et
2531 1798 2657 1840 cum
2703 1784 2859 1839 illum
2905 1784 3184 1839 hominem
3223 1800 3343 1840 esse
3378 1784 3608 1839 conﬁte-

2032 1892 2176 1941 mur,
2225 1892 2337 1931 non
2394 1877 2602 1932 idcirco
2654 1892 2917 1947 negamus
2963 1875 3219 1930 eumdem
3269 1890 3390 1930 esse
3441 1876 3607 1930 etiam

2031 1968 2227 2022 Deum.
2282 1968 2437 2024 Unde
2492 1968 2621 2023 dum
2677 1984 2845 2022 unum
2902 1967 3269 2036 eamdemque
3316 1967 3607 2020 Dominum

2030 2068 2279 2113 nostrum
2303 2061 2486 2115 Jesum
2508 2060 2791 2115 Christum
2817 2077 2881 2115 ex
2908 2069 3139 2129 utraque
3162 2067 3379 2122 natura,
3404 2057 3609 2112 deitate

2030 2148 2243 2203 scilicet
2273 2159 2440 2219 atque
2475 2150 2819 2204 humanitate
2851 2149 3219 2219 compositum
3258 2148 3605 2218 proﬁtemur.

2030 2240 2413 2319 confusionem
2467 2257 2575 2295 non
2628 2241 3117 2311 superinducimus
3173 2239 3437 2295 unitioni.
3488 2239 3606 2293 Non

2030 2332 2179 2386 enim
2206 2348 2272 2387 eo
2302 2333 2448 2403 quod
2475 2334 2705 2403 perinde
2730 2350 2792 2388 ac
2810 2334 2973 2405 430
2993 2349 3093 2387 nos
3118 2332 3283 2387 homo
3306 2331 3481 2385 factus
3504 2340 3606 2391 est,

2032 2426 2179 2479 Deus
2209 2441 2330 2480 esse
2378 2426 2594 2481 desinet
2648 2443 2661 2479 :
2710 2442 2812 2480 nec
2860 2442 3056 2479 rursus
3104 2440 3170 2478 eo
3218 2423 3365 2493 quod
3414 2432 3609 2475 natura

2032 2516 2178 2570 Deus
2200 2525 2301 2581 est,
2331 2525 2390 2570 et
2425 2517 2802 2572 similitudinis
2835 2525 3039 2579 nostra:
3070 2516 3491 2585 haudquaquam
3524 2528 3612 2566 ca-

2033 2623 2162 2677 pax,
2202 2608 2367 2663 homo
2409 2623 2531 2664 esse
2569 2608 2863 2664 recusabit.
2897 2608 3111 2677 Quippe
3154 2615 3214 2660 ut
3256 2607 3309 2658 in
3353 2603 3610 2658 humani-

2037 2708 2147 2754 tate
2188 2701 2350 2764 Deus,
2398 2701 2478 2755 sic
2533 2699 2588 2753 in
2640 2701 2920 2770 majestate
2971 2699 3201 2754 Deitatis
3251 2699 3607 2759 constitutus,

2035 2800 2221 2847 manet
2246 2792 2609 2849 nihilominus
2640 2794 2805 2847 homo
2843 2810 2855 2846 :
2890 2800 3190 2862 utrumque
3232 2791 3394 2847 simul
3462 2790 3610 2845 exsi-

2036 2893 2188 2939 stens
2246 2898 2408 2948 unus,
2468 2884 2614 2939 Deus
2682 2884 2893 2938 scilicet
2954 2892 3117 2952 atque
3165 2884 3350 2946 homo,
3392 2882 3612 2935 Emma-

2035 2975 2187 3028 nuel.
2228 2974 2400 3028 Porro
2431 2989 2557 3029 cum
2591 2974 2747 3028 illum
2785 2974 2840 3027 in
2872 2973 3159 3030 divinitate
3197 2972 3527 3042 perfectum,
3557 2980 3613 3025 et

2037 3066 2343 3136 perfectum
2395 3066 2450 3119 in
2495 3066 2857 3129 humanitate,
2902 3081 2971 3120 ex
3021 3065 3227 3135 quibus
3274 3065 3613 3133 compositus

2037 3167 2141 3219 est,
2174 3157 2521 3221 conﬁtemur,
2560 3157 2657 3211 uni
2695 3159 2815 3228 ejus
2854 3157 3175 3227 composita:
3205 3172 3451 3227 persona:
3492 3172 3614 3226 par-

334 3237 683 3321 ⁷ἀνθρωπεία
708 3249 869 3319 φύσις
895 3250 974 3312 εἰς
1018 3249 1118 3320 τὴν
1161 3248 1311 3303 θείαν
1350 3248 1586 3320 ἐτράπη.
1618 3247 1936 3316 Νοουμένης

2042 3250 2326 3304 ticularem
2361 3249 2689 3305 divisionem
2724 3242 3137 3305 autscetionem
3160 3265 3270 3304 non
3294 3248 3612 3315 inferimus;

340 3341 421 3394 ’δὲ
452 3341 647 3411 μᾶλλον
676 3342 772 3393 καὶ
804 3339 1159 3415 ὑπαρχούσης
1187 3339 1297 3411 ('52)
1331 3340 1595 3409 ἑκατέρας
1627 3340 1686 3392 ὲν
1722 3338 1800 3409 τῷ
1836 3337 1936 3407 τῆς

365 3431 507 3495 ιδίας
543 3432 767 3500 φύσεως
790 3434 901 3503 ὅρῳ
922 3449 983 3486 τε
1028 3434 1124 3485 καὶ
1187 3430 1329 3502 λόγῳ
1380 3431 1694 3501 πεπρᾶχθαί
1754 3448 1937 3501 φαμεν
1980 3430 1981 3433 ’

360 3525 462 3596 τὴν
494 3524 686 3579 ἕνωσιν
726 3524 848 3579 καθ’
897 3525 1218 3579 ὑπόστασιν.
1266 3525 1331 3579 Ἠ
1362 3525 1419 3579 δὲ
1458 3523 1582 3578 καθ’
1639 3524 1938 3578 ὑπόστασιν

362 3614 562 3677 ἔνωσις
589 3615 738 3684 δηλοῖ
765 3616 847 3669 ὅτι
879 3616 908 3667 ὁ
935 3614 1069 3679 Θεὸς
1086 3615 1277 3684 Λόγος,
1303 3616 1580 3669 τουτέστιν
1605 3617 1638 3686 ἠ
1677 3616 1776 3687 μία
1806 3616 1941 3670 ὑπό-

362 3718 557 3766 στασις
610 3703 719 3757 τῶν
777 3704 945 3774 τριῶν
986 3706 1088 3774 τῆς
1142 3703 1395 3775 θεότητος
1445 3704 1818 3769 ὑποστάσεων,
1876 3706 1937 3759 οὐ

363 3794 771 3863 προὺποστάντι
819 3794 1093 3866 ἀνθρώπῳ
1141 3793 1347 3865 ήνώθη,
1393 3794 1512 3848 ἀλλ’
1545 3796 1604 3848 ὲν
1623 3797 1688 3865 τῇ
1738 3797 1936 3867 γαστρὶ

362 3885 465 3949 τῆς
520 3885 820 3956 Δεσποίνης
867 3885 1027 3956 ἡμῶν
1068 3885 1166 3953 τῆς
1208 3884 1370 3952 ἁγίας
1422 3885 1637 3950 ἐνδόξου
1668 3886 1932 3941 Θεοτόκου

2042 3342 2139 3397 sed
2170 3350 2491 3397 naturarum
2524 3342 2889 3399 differentiam
2914 3358 3036 3412 qua:
3065 3358 3161 3412 per
3195 3342 3500 3397 unitionem
3522 3358 3615 3397 ne-

2043 3447 2320 3502 quaquam
2351 3433 2586 3499 tollitur,
2626 3434 2955 3487 indicamus.
2992 3433 3127 3487 Nam
3169 3447 3270 3486 nec
3306 3432 3490 3487 divina
3520 3448 3615 3487 na-

2046 3532 2171 3578 tura
2203 3525 2258 3577 in
2290 3524 2587 3579 humanam
2617 3534 2826 3579 mutata
2854 3533 2959 3588 est,
2987 3539 3089 3589 nec
3114 3524 3353 3579 humana
3385 3522 3439 3577 in
3472 3524 3615 3578 divi-

2044 3633 2170 3672 nam
2201 3634 2486 3673 conversa.
2524 3618 2634 3673 Sed
2662 3628 2896 3687 utraque
2923 3618 3107 3687 potius
3141 3617 3425 3672 intellecta
3455 3625 3617 3685 atque

2042 3711 2343 3765 cxsistente
2369 3712 2423 3766 in
2454 3711 2693 3783 propria:
2731 3719 2942 3764 natura:
2972 3708 3295 3763 deﬁnitione
3324 3716 3488 3777 atque
3527 3724 3616 3761 ra-

2038 3802 2213 3866 tione,
2269 3784 2577 3857 unitionem
2626 3802 2826 3859 factam
2867 3816 2989 3863 csse
3032 3800 3270 3855 dicimus
3314 3798 3618 3855 secundum

2042 3905 2335 3959 personam
2372 3909 2385 3944 :
2423 3892 2602 3946 unitio
2628 3907 2761 3946 vero
2800 3889 3105 3945 secundum
3139 3904 3430 3959 personam
3461 3888 3514 3943 id
3542 3888 3616 3941 si-

1560 4035 1828 4090 V'ALESII
1855 4035 2412 4094 ANNOTATIONES.

440 4154 552 4224 (51)
613 4153 923 4224 Σύγχυσιν
961 4151 1042 4224 τῇ
1087 4151 1301 4205 ἑνώσει
1349 4152 1460 4224 οὐχ
1517 4149 1937 4224 ῥπειᾳάγομεν.

365 4219 507 4279 Male
537 4219 919 4277 hunc—locum
960 4221 1357 4291 interpretatur
1400 4219 1940 4291 Christuphorsonus

367 4295 475 4348 hoc
506 4294 669 4348 modo
701 4312 713 4347 :
746 4291 860 4346 Non
891 4291 1243 4359 confusionem
1274 4292 1327 4343 in
1355 4292 1613 4343 unitatem
1652 4290 1939 4359 introduci-

368 4381 507 4418 mus.
532 4363 643 4419 Nec
670 4364 875 4416 rectius
907 4358 1186 4416 Masculus
1214 4362 1311 4430 qui
1342 4361 1422 4415 sic
1443 4360 1610 4414 vertit
1637 4358 1940 4430 :rUnitatem

368 4451 475 4487 non
506 4433 888 4501 confundimus.
926 4430 1031 4486 Sed
1061 4429 1626 4501 Museulumquident
1653 4429 1940 4498 haudqua-

367 4520 535 4573 quam
570 4498 762 4573 miror,
784 4502 878 4570 qui
920 4501 974 4555 in
1013 4502 1117 4555 hoc
1150 4501 1333 4573 edicto
1362 4498 1563 4573 Justi_ni
1605 4498 1799 4573 ἕνωσιν
1822 4514 1942 4566 per-

2046 4152 2282 4221 prictate
2335 4152 2570 4208 facimus
2608 4172 2622 4207 :
2659 4170 2821 4222 quam
2872 4154 2950 4209 illi
3006 4154 3229 4224 penitus
3279 4152 3655 4224 ignorantes,-

2050 4224 2310 4292 unionem
2334 4232 2598 4291 putarunt
2621 4224 2757 4278 nihil
2778 4224 2925 4279 aliud
2951 4222 3072 4279 esse
3094 4238 3258 4292 quam
3290 4222 3614 4277 unitionem.

2048 4291 2212 4361 Atqui
2264 4293 2410 4347 inter
2468 4293 2726 4348 unionem
2766 4302 2823 4349 et
2849 4291 3154 4349 unitionem
3185 4300 3395 4345 tanttnn
3426 4292 3620 4345 discri-

2050 4362 2217 4415 minis
2260 4370 2365 4423 cst,
2412 4371 2679 4431 quantum
2729 4365 2874 4418 inter
2927 4364 3127 4432 μονάδα
3168 4371 3225 4416 et
3293 4362 3506 4432 ἕνωσιν.
3557 4362 3616 4415 In

2051 4432 2257 4485 unione
2306 4433 2423 4486 sive
2474 4432 2685 4489 unitate
2714 4434 2851 4488 nihil
2877 4431 2964 4488 est
2990 4433 3097 4487 nisi
3128 4431 3382 4500 simplex.
3412 4431 3472 4485 In
3497 4432 3621 4485 uni-

2051 4501 2199 4554 tione
2246 4516 2378 4572 vero
2404 4501 2612 4572 aliquid
2645 4505 2959 4559 necessario
2992 4503 3317 4572 intelligitur
3341 4502 3617 4572 composi-

366 4562 537 4642 petuo
567 4562 1014 4642 vertit'unitatem
1053 4571 1202 4639 gravi
1233 4585 1447 4642 errore.
1485 4567 1751 4642 Eumd_ern
1781 4562 1940 4642 erro:
1976 4562 2017 4616 ο
2048 4579 2163 4642 tum
2201 4586 2269 4625 ex
2289 4562 2526 4642 duobus.
2556 4571 2719 4628 Certe
2745 4583 2905 4628 vetus
2935 4562 3208 4641 interpres
3234 4571 3423 4641 synodi
3452 4562 3615 4625 Chal-

368 4638 487 4697 i'em
531 4642 753 4695 admisit
796 4644 880 4694 vir
924 4638 1122 4695 doctus
1167 4641 1257 4709 qui
1297 4640 1598 4709 fragmenta
1642 4638 1937 4708 Ephnemii

366 4711 757 4767 Antiochensis
799 4711 1041 4781 episcopi
1090 4710 1147 4781 i_n
1174 4710 1428 4781 Latinum
1444 4725 1772 4781 sermonem
1813 4724 1939 4781 ver-

370 4783 457 4847 tit,
499 4797 622 4851 qute
671 4778 929 4851 leguntur
987 4778 1041 4834 in
1080 4778 1407 4851 Bibliotheca
1439 4780 1642 4851 Pltotii.
1696 4778 1941 4851 Christo-

368 4848 684 4921 phorsonus
738 4848 880 4905 'vero
928 4850 1023 4920 qui
1065 4850 1257 4921 ἕνωσιν
1301 4848 1688 4921 σοριιᾲίαιὶοηεηι
1735 4849 1940 4921 ubique

368 4918 790 4991 interpretatur,
817 4937 918 4975 cur
946 4918 1063 4975 'hoc
1091 4919 1211 4974 loco
1236 4918 1396 4973 aliter
1420 4918 1823 4991 interpretatus
1847 4919 1937 4981 sit,

367 4988 629 5060 equidem
654 4991 891 5060 nescio.
927 4991 1166 5060 Joannes
1193 5000 1377 5043 autem
1417 4988 1637 5060 Langus
1668 4988 1941 5057 interpres

366 5058 666 5129 Nicephori
716 5062 792 5114 ita
842 5061 1006 5115 vertit
1041 5078 1053 5112 :
1095 5058 1158 5112 In
1209 5061 1399 5112 unione
1432 5058 1786 5127 confusionem
1819 5074 1941 5129 _non

365 5127 710 5209 indusimus._
749 5131 913 5186 lleete
961 5130 1217 5209 _omnino
1249 5171 1275 5209 ,_
1333 5129 1379 5183 si
1410 5129 1605 5209 Δ[ηοιιο
1681 5127 1940 5209 syllabam

368 5200 651 5255 addideris
696 5200 801 5254 hoc
853 5200 1015 5254 modo
1045 5216 1057 5252 :
1087 5199 1151 5253 In
1182 5203 1415 5252 unione.’
1442 5199 1583 5254 Unio
1634 5196 1780 5252 enim
1813 5196 1943 5251 licet

368 5269 535 5340 hodie
587 5270 787 5340 passim
834 5271 889 5324 in
938 5270 1142 5324 scholis
1182 5268 1631 5340 philosophorum
1653 5283 1729 5340 _ac
1760 5266 1943 5321 Theo-

369 5338 622 5411 logorutit
657 5351 976 5410 usurpetur,
1000 5338 1295 5411 barbarum
1328 5338 1786 5411 est_voe_al)ulutn,
1817 5352 1942 5390 cum

370 5407 473 5478 pro
514 5411 763 5464 unitionc
796 5407 1057 5464 Sumitur.
1099 5409 1231 5462 Nam
1268 5407 1398 5478 unio
1427 5407 1619 5461 Latine
1674 5407 1940 5478 unitatem

370 5477 667 5549 signiﬁcat,
715 5489 775 5533 ut
823 5496 888 5533 ex
919 5478 1279 5541 Tertulliano,
1316 5477 1665 5549 Hieronymo.
1699 5477 1945 5549 Pruden-

372 5546 778 5619 ti6,Simplicio
799 5566 955 5619 papa,
975 5550 1228 5617 aliisque,
1249 5546 1685 5619 probaripotest.
1708 5546 1945 5619 Proinde

368 5616 630 5675 desinant
685 5616 822 5672 Zoili
859 5616 1082 5688 quidam
1124 5616 1280 5688 nos,
1309 5616 1748 5688 reprehendere,
1797 5616 1944 5685 quod

371 5689 430 5743 in
459 5690 691 5758 cpistola
721 5686 1016 5743 Alexandri
1043 5687 1285 5758 episcopi
1318 5686 1692 5758 Alexandrini,
1717 5702 1837 5758 qua:
1859 5702 1945 5739 ue-

370 5756 601 5812 fertura
628 5760 857 5813 Socrate
878 5759 931 5811 in
956 5759 1053 5811 lib.
1078 5756 1117 5819 ἰ,
1150 5756 1270 5827 cap.
1301 5757 1354 5819 6,
1391 5756 1593 5826 μονάδα
1618 5756 1945 5809 verterimus

373 5829 639 5882 unionem.
690 5830 746 5883 ιι]
783 5829 929 5882 enim
973 5843 1038 5883 ex
1090 5828 1296 5883 Latina:
1340 5827 1539 5896 linguae
1578 5841 1676 5880 usu
1719 5841 1781 5879 ac
1814 5842 1942 5896 pro-

858 6088 885 6099 ,ο

2042 4641 2393 4713 cedoneusis,
2440 4640 2632 4694 ἕνωσιν
2662 4650 2931 4713 perpetuo
2964 4640 3129 4698 vertit
3173 4640 3500 4705 unitionem,
3530 4643 3614 4695 vel

2041 4711 2456 4765 adunatitinem.

2114 4781 2225 4847 (5‘2)
2248 4780 2594 4846 Noovuérnc
2610 4781 2677 4834 δὲ
2689 4779 2931 4849 μᾶλλον
2949 4781 3048 4837 καί
3064 4781 3480 4848 ὑπαρχούσης.
3510 4780 3606 4834 Re-

2043 4851 2185 4905 ctius
2232 4850 2288 4903 in
2343 4850 2657 4920 Nicephoro
2702 4851 2967 4905 scribitur
2997 4892 3012 4916 ,
3061 4850 3470 4920 νοουμένηςηδὲ
3524 4851 3618 4920 διαὶ

2044 4920 2395 4990 ὑπαρχούσης
2449 4919 2670 4989 μᾶλλον,
2729 4930 2838 4975 etc.
2871 4921 2985 4986 Ego
3035 4929 3217 4975 tamen
3268 4919 3485 4990 mallem
3542 4919 3618 4973 ita

2043 4989 2254 5059 legere:
2279 4991 2575 5060 νοουμένης
2600 4990 2677 5055 δὲ,
2708 4991 2905 5060 μᾶλλον
2925 4991 2983 5044 δὲ
3004 4991 3097 5043 καὶ
3119 4989 3489 5059 ὑπαρχούσης,
3508 4999 3615 5042 etc.

2044 5060 2101 5113 Id
2149 5069 2271 5113 est:
2303 5059 2416 5113 Sed
2456 5066 2682 5130 utraque
2712 5059 2926 5115 natura
2958 5060 3249 5123 intellecta,
3307 5068 3398 5112 aut
3450 5061 3619 5129 potius

2047 5132 2321 5184 exsistente
2338 5131 2391 5182 in
2414 5132 2642 5200 propria:
2664 5138 2871 5184 natura:
2893 5130 3194 5198 deﬁnitione
3212 5140 3372 5199 atque
3394 5132 3619 5192 ratione,

2046 5200 2333 5270 unitionem
2368 5200 2564 5268 factam
2607 5215 2716 5253 esse
2753 5200 2971 5254 dicimus
3003 5200 3287 5253 secundum
3317 5215 3618 5270 personam.

2044 5270 2158 5323 Nec
2213 5269 2411 5323 dubito
2435 5271 2571 5338 quin
2602 5270 2853 5324 Justinus
2881 5270 3179 5338 imperator
3213 5271 3288 5323 ita
3318 5268 3621 5337 scripserit

2048 5348 2108 5393 ut
2142 5339 2252 5392 dixi
2293 5358 2307 5393 :
2338 5340 2690 5409 reprehendit
2722 5341 2869 5394 enim
2902 5341 3181 5409 seipsum,,
3206 5339 3352 5408 quod
3382 5338 3617 5397 dixerat.

2046 5409 2364 5479 νοουμένης,
2412 5408 2590 5479 quasi
2636 5409 2874 5463 duarum
2931 5408 3001 5464 in’
3025 5410 3248 5464 Christo
3295 5417 3618 5465 naturarum

2046 5478 2357 5533 dillerentta
2408 5478 2461 5532 in
2494 5479 2854 5546 intelligentia
2885 5479 3471 5541 tantum‘consisteret,
3511 5492 3619 5529 non

2046 5558 2227 5619 autem
2286 5565 2343 5611 re
2395 5559 2835 5619 veraexstaret.
2881 5550 2963 5619 |ln
3017 5550 3199 5604 edicto
3252 5558 3435 5603 tamen
3485 5546 3617 5613 imp.

2046 5618 2342 5673 Justiniani
2379 5618 2448 5673 de
2480 5618 2608 5683 ﬁde,
2658 5634 2725 5672 ex
2759 5618 3159 5687 quo’Jusﬁnus
3186 5619 3620 5687 edictumsuum

2048 5688 2361 5757 descripsit,
2395 5689 2614 5758 vulgata
2666 5686 2828 5758 lectio
2860 5689 3111 5743 habetur.
3159 5689 3346 5742 Exstat
3376 5686 3621 5744 edictum

2050 5758 2181 5813 illud
2216 5759 2269 5812 in
2306 5757 2563 5813 Chronico
2617 5757 2998 5825 Alexandrino,
3035 5775 3155 5829 pag.
3202 5758 3323 5813 800.
