3908 6506
554 434 694 498 Ξ803

1772 439 2083 502 EVAGRII
2123 440 2608 506 SCHOLASTICI

3662 445 3768 508 2804

550 542 840 598 ciebantur
871 552 1133 612 praeterea
1162 540 1342 598 eidem
1365 542 1674 623 _Anastasio
1709 545 1814 600 alia
1847 547 2118 616 quaedam,

2242 550 2316 603 τὸν
2367 551 2661 621 βασιλικὸν,
2705 545 2879 622 οἶμαι,
2911 548 3279 621 βουληθέντων
3322 546 3767 621 θεραπεῦσαισκοτ

548 635 831 690 nonnullis
871 634 1222 704 imperatoris
1251 636 1538 706 proposito
1570 651 1633 692 ac
1662 637 1930 693 voluntati
1954 640 2124 710 grati-

551 725 702 780 ﬁcari
743 725 1115 782 studentibus.

1097 858 1257 931 432
1295 858 1445 915 CAP.
1491 862 1579 916 vn.

556 951 824 1017 Quomodo
895 949 1019 1028 post
1095 953 1453 1028 Anastasium
1500 950 1790 1028 Gregorius
1863 957 2132 1028 episcopus

882 1025 1053 1092 factus
1081 1025 1172 1086 sit,
1200 1032 1250 1076 et
1285 1024 1349 1076 de
1377 1023 1799 1080 moribusillius.

627 1136 755 1190 Post
801 1137 1147 1190 Anastasium
1203 1151 1358 1199 vero,
1407 1137 1474 1191 ad
1520 1137 1890 1207 episcopalem
1945 1137 2132 1195 sedem

555 1237 782 1283 evectus
807 1237 891 1283 est
917 1227 1236 1299 Gregorius,
1268 1230 1427 1300 cujus
1468 1230 1663 1299 gloria,
1701 1237 1763 1284 ut
1800 1245 1923 1286 cum
1956 1231 2135 1302 poetis

557 1321 779 1388 loquar,
813 1319 974 1391 longe
1019 1319 1239 1390 lateque
1277 1319 1476 1375 diffusa
1519 1328 1623 1376 est.
1659 1317 1761 1376 Hic
1805 1322 1875 1377 ab
1911 1321 2136 1379 ineunte

558 1418 718 1463 aetate
757 1409 812 1463 in
849 1410 1100 1479 palaestra
1135 1410 1438 1464 monasliea
1470 1412 1824 1476 exercitatus,
1856 1412 1996 1467 adeo
2021 1413 2137 1467 for-

563 1502 690 1558 titer
719 1510 774 1556 et
812 1503 1090 1557 constanti
1119 1503 1305 1557 animo
1345 1504 1749 1569 decertaverat,
1786 1511 1846 1559 ut
1875 1506 2050 1572 brevi,
2080 1504 2137 1561 in

561 1595 734 1661 prima
759 1594 940 1650 adhuc
963 1595 1220 1666 lanugine
1251 1597 1608 1660 conStitutus,
1643 1597 1710 1651 ad
1739 1612 1985 1652 summos
2011 1612 2138 1669 gra-

561 1678 1041 1760 duspervenerit,
1079 1695 1135 1742 et
1184 1689 1523 1744 monasterio
1561 1689 1947 1760 Byzantiorum
1994 1704 2138 1759 prte-

559 1776 746 1840 fuerit,
786 1777 842 1831 in
877 1792 988 1847 quo
1030 1778 1396 1832 monasticum
1421 1777 1655 1836 ,vivendi
1689 1793 1866 1848 genus
1900 1772 2157 1848 primum'
2199 1795 2203 1800 '

561 1869 847 1938 amplexus
883 1868 1082 1924 fuerat.
1116 1870 1278 1924 Posta
1321 1885 1453 1924 vero
1488 1870 1690 1925 Justini
1724 1869 1904 1941 jussu,
1953 1886 2141 1924 mona-

561 1961 681 2015 chis
724 1961 888 2016 etiam
939 1961 1083 2016 Sina)
1123 1962 1325 2017 montis
1371 1962 1661 2032 praefectus
1701 1961 1826 2016 fuit.
1869 1961 2027 2029 Quod
2081 1963 2137 2018 in

560 2053 685 2108 loco
711 2054 973 2110 obsessus
1012 2054 1082 2109 ab
1127 2055 1404 2110 Arabibus
1447 2070 1586 2125 quos
1633 2054 1886 2110 Scenitas
1917 2065 2136 2122 vocant,

561 2145 615 2198 in
647 2145 965 2214 gravissima
1011 2145 1206 2200 incidit
1243 2146 1510 2215 pericula.
1550 2146 1921 2201 Nihilominus
1957 2155 2138 2202 tamen

560 2250 684 2289 cum
718 2236 1039 2291 altissimam
1073 2252 1261 2307 pacem
1305 2239 1355 2292 ei
1401 2238 1523 2293 loco
1565 2239 1937 2304 conciliasset,
1985 2239 2138 2296 illinc

559 2327 627 2382 ad
658 2327 1036 2398 pontificatum
1062 2337 1326 2385 evocatus
1350 2339 1456 2384 est.
1484 2329 1609 2384 Fuit
1632 2343 1800 2400 porro
1823 2338 1878 2384 et
1905 2331 2137 2386 consilio

558 2427 615 2474 et
636 2419 843 2474 virtute
877 2427 932 2474 et
957 2418 1186 2489 reliquis
1221 2419 1276 2473 in
1323 2420 1510 2483 rebus,
1543 2419 1787 2474 omnium
1822 2421 2137 2475 mortalium

559 2511 1068 2580 praestantissimus,
1119 2511 1468 2566 admirabilis
1519 2512 1807 2566 industria:
1849 2512 1914 2566 ad
1969 2506 2136 2582 perfl-

560 2606 752 2661 cienda
793 2622 858 2661 ea
896 2622 1020 2676 quae
1059 2608 1244 2662 animo
1285 2616 1668 2676 proposuerat,
1711 2605 1976 2660 adversus
2018 2621 2136 2660 me-

565 2709 679 2754 tum
719 2698 958 2755 invictus
987 2717 1000 2753 :
1033 2716 1137 2754 nec
1175 2700 1373 2754 adduci
1412 2715 1652 2769 unquam
1698 2707 1914 2768 poterat
1948 2708 2009 2754 ut
2041 2714 2138 2753 ce-

561 2793 739 2857 deret,
783 2802 876 2848 aut
917 2794 1235 2848 saecularem
1280 2793 1582 2863 potentiam
1625 2791 2030 2847 reformidaret.
2075 2791 2135 2847 In

560 2884 836 2954 eroganda
875 2896 1058 2939 autem
1098 2885 1329 2953 pecunia
1368 2884 1505 2939 adeo
1541 2885 1866 2955 magniﬁcus
1898 2883 2020 2949 fuit,
2066 2883 2135 2938 li-

561 2977 825 3032 beraliter
866 2993 930 3032 ac
974 2977 1188 3047 prolixe
1228 2993 1348 3031 eam
1387 2977 1444 3032 in
1486 2991 1680 3035 omnes
1715 2976 2027 3040 effundens,
2075 2984 2138 3031 ut

560 3067 781 3138 quoties
829 3069 883 3121 in
931 3067 1212 3138 publicum
1265 3067 1541 3138 prodibat,
1596 3067 1788 3138 ingens
1848 3068 2133 3122 hominum

560 3160 881 3224 multitudo,
913 3169 1114 3231 praster
1155 3176 1249 3216 eos
1288 3161 1385 3231 qui
1423 3161 1673 3216 comitari
1711 3167 2132 3226 consueverant,

2230 636 2348 692 πόν.

2818 859 3068 919 ΚΕΦΔΛ.
3131 865 3222 929 ς’.

2246 952 2339 1026 Ὡς
2389 957 2540 1028 μετὰ
2597 955 2998 1028 Ἀναστὰσιον
3073 955 3411 1028 ζ’ρητόριος
3455 953 3769 1028 Δἐπίσκοπος

2438 1027 2667 1098 γέγονε,
2708 1026 2807 1079 καὶ
2840 1025 2975 1093 περὶ
3005 1024 3110 1078 τοῦ
3135 1023 3362 1093 τρόπον
3400 1023 3607 1078 αὐτοῦ.

2308 1121 2446 1196 Μετ’
2497 1141 2661 1194 αὐτὸν
2699 1140 2756 1194 δέ
2799 1140 2936 1211 πρὸς
2982 1139 3072 1192 τὸν
3107 1137 3383 1208 ἱερατικὸν
3414 1137 3590 1191 ἄνεισι
3621 1137 3772 1209 θρόνον

2237 1232 2561 1306 Γρηγόριος,
2592 1225 2653 1286 οὗ
2681 1231 2836 1291 κλέος
2867 1232 2998 1303 εὐρὺ
3031 1230 3175 1283 κατὰ
3199 1229 3301 1300 τὴν
3329 1230 3546 1298 ποίησιν
3568 1231 3700 1298 (⁸58)·
3724 1233 3773 1284 ἐκ

2239 1328 2465 1398 πρώτης
2519 1323 2736 1396 ἡλικίας
2780 1323 2893 1386 τοῖς
2975 1321 3281 1393 μοναδικοῖς
3340 1322 3774 1391 ἐναποδυσάμινος

2241 1420 2580 1490 σκάμμασιν.
2606 1411 2763 1470 Οὕτω
2799 1416 2855 1468 δὲ
2883 1413 3147 1482 γεννικῶς
3185 1413 3280 1468 καὶ
3302 1414 3642 1483 καρτερικῶς
3665 1415 3775 1480 ἀγω-

2239 1511 2551 1580 νισάμενος,
2596 1506 2672 1571 ὡς
2701 1507 2932 1578 τάχιστα
2966 1507 3029 1558 ἐκ
3063 1507 3296 1575 πρώτων
3321 1504 3515 1559 ίούλων
3533 1505 3659 1574 πρὸς
3678 1507 3776 1569 τοὺς

2240 1601 2500 1654 ἀνωτάτω
2541 1598 2784 1671 βαθμοὺς
2836 1597 3064 1651 ἐλάσαι·
3117 1597 3432 1668 ἡγήσασθαι
3475 1595 3533 1648 δὲ
3565 1597 3655 1666 τῆς
3689 1595 3776 1648 τῶν

2241 1692 2556 1755 Βυζαντίων
2585 1692 2754 1762 μονῆς
2786 1691 2920 1760 (59),
2940 1690 3068 1744 ἔνθα
3085 1690 3174 1743 τὸν
3207 1690 3442 1744 ἄσκευον
3471 1689 3644 1742 εἵλετο
3669 1688 3774 1758 βίον.

2242 1783 2592 1853 Κελεύσμασι
2623 1782 2681 1836 δὲ
2720 1781 3004 1835 Ἰουστίνου
3033 1781 3128 1832 καὶ
3171 1778 3266 1832 τοῦ
3321 1780 3454 1832 Σινᾶ
3483 1779 3658 1848 ὅρους,
3674 1780 3720 1831 ἐν
3742 1771 3777 1843 ᾧ

2247 1876 2521 1963 μεγίστοιξ
2552 1874 2884 1944 ἐμπέπτωκε
2910 1871 3200 1935 κινδύνοις,
3233 1869 3554 1941 πολιορκίαν
3575 1871 3777 1932 ὑποστὰς

2251 1969 2355 2022 ὑπὸ
2390 1959 2508 2020 τῶν
2532 1964 2824 2036 Σκηνητῶν
2858 1964 3124 2036 Ἀράϐων.
3155 1961 3494 2034 Εἱρηνεῦσαι
3522 1961 3568 2014 δ’
3589 1959 3673 2014 οὖν
3703 1961 3779 2014 αὐ-

2245 2060 2322 2130 τῷ
2353 2060 2504 2130 ὅμως
2527 2058 2758 2130 μέγιστα
2785 2056 2864 2127 τῷ
2888 2053 3037 2126 τόπῳ
3065 2053 3576 2124 καταπραξάμενος,
3602 2053 3779 2106 ἐκεῖθεν

2245 2150 2383 2223 πρὸς
2412 2151 2512 2222 τὴν
2534 2148 2946 2221 ἀρχιερωσύνην
2984 2145 3212 2218 ἐκλήθη.
3246 2142 3356 2215 Ἦν
3380 2145 3435 2198 δὲ
3468 2143 3682 2213 γνώμην
3702 2145 3778 2196 καὶ

2245 2243 2446 2313 ἀρετὴν
2466 2240 2667 2311 ψυχῆς.
2699 2239 2877 2294 πάντα
2901 2239 2957 2293 ἐν
2981 2240 3115 2292 πᾶσι
3159 2237 3451 2309 κράτιστος
3475 2235 3609 2307 (40),
3632 2235 3713 2288 καὶ
3732 2237 3782 2297 ἐς

2244 2337 2272 2390 ὅ
2297 2348 2348 2388 τι
2373 2333 2686 2405 ὁρμήσειεν,
2715 2325 3245 2402 ἐξεργαστικώτατος
3267 2347 3282 2361 ⁸
3314 2327 3422 2382 δέει
3459 2346 3520 2382 τε
3547 2329 3778 2398 ἄτρωτος,

2245 2427 2503 2496 καὶπρὸς
2557 2423 2618 2478 τὸ
2668 2421 2981 2495 ὑπείκεινῆ
3035 2421 3444 2491 κατεπτηχέναι
3478 2417 3780 2482 δυναστείας,

2243 2515 2632 2586 ἀληπτότατος.
2675 2515 2832 2569 Οὕτω
2859 2514 2916 2568 δὲ
2952 2516 3394 2585 μεγαλοπρεπεῖς
3411 2515 3510 2577 τὰς
3545 2512 3783 2572 ἐπιδόσεις

2242 2613 2349 2665 τῶν
2377 2603 2677 2683 χρημάτων
2705 2611 2959 2671 ἐποιεῖτο,
2986 2607 3313 2678 ἐλευθερίοις
3338 2624 3398 2660 τε
3418 2607 3513 2660 καὶ
3540 2606 3783 2674 ἀφειδέσιν

2244 2708 2320 2769 εἰς
2352 2706 2566 2761 ἅπαντα
2595 2703 2899 2774 χρώμενος,
2937 2701 3079 2755 ὥστε
3107 2702 3193 2755 ὅτε
3210 2701 3422 2769 -προτοι,
3467 2699 3782 2770 παμπληθεῖς

2243 2797 2390 2868 αὐτῷ
2432 2798 2526 2850 καὶ
2581 2794 2689 2851 τῶν
2723 2793 2994 2856 εἰωθότων
3041 2793 3173 2865 ἄτερ
3227 2790 3649 2862 ἐπηκολούθουν
3700 2788 3781 2841 καὶ

2243 2893 2356 2946 ὅσοι
2395 2891 2567 2960 ὁρῷεν
2591 2890 2624 2956 ἢ
2646 2887 3001 2948 πυνθάνοιντο
3022 2883 3313 2954 προσιόντα
3337 2883 3474 2953 (41),
3504 2881 3778 2953 συνέρρεον·

2243 2983 2339 3037 καὶ
2362 2978 2430 3054 ἦν
2465 2981 2601 3047 τάγε
2637 2983 2717 3044 εἰς
2776 2979 2876 3048 τὴν
2903 2978 3172 3048 τοσαύτην
3223 2977 3419 3047 ἀρχὴν,
3463 2974 3676 3043 δεύτερα
3697 2972 3780 3040 τῆς

2243 3077 2322 3139 εἰς
2353 3075 2444 3128 τὸν
2472 3073 2644 3144 ἄνδρα
2671 3073 2838 3142 τιμῆς
2863 3071 2996 3137 (42),
3026 3069 3348 3123 ἐθελουσίων
3376 3069 3445 3122 τὰ
3481 3067 3642 3122 πολλὰ
3669 3066 3782 3135 όρᾷν

2243 3185 2302 3220 τε
2328 3165 2392 3219 ἐκ
2423 3163 2519 3219 τοῦ
2541 3164 2832 3232 σύνεγγυς,
2866 3163 2960 3216 καὶ
2987 3161 3207 3214 ἀκούειν
3235 3158 3609 3220 διαλαλούντος
3629 3154 3782 3210 ἐπιθυ-

561 3268 687 3308 eum
723 3261 1060 3317 sectaretur;
1095 3262 1152 3308 et
1179 3260 1450 3324 quotquot
1473 3268 1600 3308 eum
1625 3253 2018 3323 procedentem
2041 3261 2136 3308 aut

2252 3257 2518 3327 μούντων.
2576 3255 2749 3309 Πόθον
2810 3255 2920 3324 γὰρ
2965 3252 3160 3306 ἐαυτοῦ
3207 3253 3342 3305 πᾶσι
3402 3254 3513 3313 τοῖς
3565 3245 3782 3303 ὁπωσοῦν

563 3342 817 3397 viderant
856 3351 950 3397 aut
986 3343 1297 3407 audierant,
1354 3343 1460 3414 ipsi
1503 3359 1724 3414 quoque
1772 3344 2134 3417 confluerent.

564 3433 632 3487 Et
679 3433 856 3488 honor
899 3435 995 3504 qui
1044 3436 1275 3490 summis
1322 3437 1489 3507 hujus
1535 3436 1722 3491 saeculi
1770 3437 2139 3506 potestatibus

565 3525 834 3590 defertur,
885 3527 1113 3581 inferior
1158 3534 1277 3581 erat
1316 3526 1527 3581 honore
1572 3527 1665 3581 illo
1711 3527 1807 3597 qui
1851 3527 1981 3581 huic
2016 3526 2138 3580 viro

564 3617 953 3680 exhibebatur,
986 3633 1112 3673 cum
1155 3617 1409 3673 homines
1438 3618 1763 3688 plerumque
1803 3634 1903 3672 sua
1948 3626 2142 3688 sponte

565 3725 691 3764 eum
732 3711 940 3776 videre,
979 3719 1075 3765 aut
1116 3711 1435 3780 loquentem
1464 3710 1625 3781 433
1655 3710 1724 3764 de
1758 3710 2007 3779 proximo
2043 3723 2144 3762 au-

566 3801 685 3856 dire
711 3781 1107 3858 (lesiderar.ent.
1126 3803 1256 3858 Erat
1287 3802 1433 3856 enim
1456 3801 1523 3856 ad
1543 3801 1894 3856 excitandum
1925 3799 2146 3861 deside-

568 3893 708 3949 rium
742 3896 827 3949 sui
871 3894 926 3948 in
969 3895 1168 3949 animis
1200 3909 1395 3948 eorum
1424 3894 1517 3963 qui
1557 3894 1735 3962 ipsum
1767 3893 2140 3970 qualicunque

568 3987 636 4042 de
663 4003 828 4043 causa
859 3988 1132 4051 adierant,
1166 3986 1507 4056 aptissimus.
1541 3985 1750 4055 Quippe
1783 3985 1877 4053 qui
1903 3995 1960 4040 et
1985 4000 2144 4055 aspe-

569 4086 660 4133 ctu
689 4086 837 4132 esset
871 4078 1234 4142 admirabilis,
1267 4085 1325 4132 et
1364 4077 1420 4130 in
1456 4075 1748 4146 colloquiis
1785 4075 1855 4129 ob
1896 4075 2139 4144 leporem

561 4168 1004 4240 jucundissimus
1048 4186 1062 4222 :
1107 4169 1174 4222 ad
1221 4183 1338 4223 rem
1387 4166 1678 4240 confestim
1727 4165 2140 4236 intelligendam

568 4268 800 4324 acutus,
870 4260 917 4313 si
1001 4260 1293 4329 quisquam
1363 4258 1533 4322 alius;
1600 4266 1656 4311 et
1723 4256 1790 4310 ad
1869 4256 2140 4326 agendum

2247 3351 2665 3419 ἐντυγχάνουσιν
2723 3346 3122 3418 ἐνεργάσασθαι
3169 3341 3238 3415 ἦν
3290 3345 3646 3404 ίκανώτατος’
3675 3341 3782 3392 ἰδεῖν

2248 3458 2306 3494 τε
2345 3439 2694 3507 ἁξιάγαστος,
2759 3437 2856 3489 καὶ
2907 3433 3388 3506 προσφθέγξασθαι
3447 3433 3534 3486 διὰ
3575 3429 3781 3502 χαρίτων

2244 3533 2482 3604 ἥδιστος,
2531 3530 2720 3601 νοῆσαί
2749 3548 2809 3582 τε
2848 3531 2912 3582 ἐκ
2943 3529 3035 3582 τοῦ
3080 3527 3396 3598 παραυτίκα
3443 3525 3587 3590 ὀξὺς,
3643 3522 3783 3583 εἴτις

2247 3623 2404 3686 ἄλλος
2435 3621 2761 3692 ἀνθρώπων,
2792 3621 2997 3692 πρᾶξαί
3024 3637 3083 3673 τε
3109 3621 3166 3684 ἐς
3185 3621 3252 3674 τὰ
3279 3618 3514 3690 μάλιστα
3539 3615 3780 3680 ὀξύτατος,

2249 3717 2344 3769 καὶ
2381 3714 2575 3785 βουλὴν
2629 3715 2826 3784 ἄριστα
2861 3712 3168 3784 βουλεῦσαι,
3208 3712 3304 3766 καὶ
3329 3714 3514 3781 κρῖναι
3545 3708 3612 3761 τά
3631 3723 3684 3759 τε
3717 3706 3782 3757 0!-

2251 3809 2396 3868 κεῖα,
2425 3805 2494 3858 τά
2513 3821 2573 3857 τε
2603 3803 2710 3857 τῶν
2726 3803 2902 3857 ἄλλων
2929 3803 3290 3862 ἱκανώτατος·
3318 3802 3441 3854 ὅθεν
3458 3799 3552 3854 καὶ
3577 3794 3783 3850 τοσαῦτα

2248 3890 2650 3963 κατεπράξατο,
2686 3891 2851 3961 μηδὲν
2884 3891 2942 3950 ἐς
2969 3889 3158 3960 αὔριον
3184 3887 3631 3957 ἀναϐαλλόμενος.
3663 3885 3782 3935 Κατ-

2248 3981 2446 4051 ἐπληξε
2508 3981 2586 4044 δὲ,
2653 3980 2714 4032 οὐ
2777 3979 2937 4050 μόνον
2985 3982 3112 4042 τοὺς
3178 3978 3467 4050 Ῥωμαίων
3541 3974 3780 4046 βασιλέας.

2247 4070 2747 4142 ἆπασιχρὼμενος’
2784 4070 2860 4135 ὡς
2892 4071 2926 4140 ἦ
2963 4087 3020 4124 τε
3052 4070 3213 4142 χρεία
3250 4069 3464 4139 καλοίη,
3506 4067 3596 4120 καὶ
3623 4062 3781 4131 καιρὸς

2247 4163 2464 4217 ὑπείκοι
2495 4165 2592 4233 οὐχ
2643 4162 2869 4232 ὕστερον
2903 4164 3036 4232 (45),
3088 4162 3249 4218 ἀλλὰ,
3278 4162 3373 4215 καὶ
3409 4159 3534 4222 τοὺς
3563 4153 3776 4226 Περσῶν.

2244 4255 2320 4319 ὡς
2372 4255 2579 4308 ἕκαστα
2629 4254 2954 4326 προσφόρως
3015 4253 3260 4324 δηλώσω.
3305 4248 3416 4306 Ἦν
3457 4252 3515 4306 δὲ
3559 4251 3614 4302 ἐν
3656 4241 3777 4312 αὐτῷ

1749 4415 2023 4471 VALESll
2058 4415 2613 4473 ANNOTATIONES.

564 4545 687 4616 gius
714 4542 781 4596 ad
819 4557 947 4624 amt.
981 4541 1112 4624 Chr.
1146 4498 1514 4624 i>72,._pronbat
1540 4538 2146 4624 Anastasii‘depositio-
2173 4568 2216 4624 ι)

564 4608 688 4668 nem
718 4612 994 4682 pertinere
1013 4610 1079 4666 ad
1101 4626 1228 4664 ann.
1250 4608 1372 4666 570.
1397 4611 1678 4682 Caeterum
1694 4617 1799 4662 tam
1817 4608 2141 4682 Anastasius

517 4711 522 4714 -
561 4679 1096 4754 quanifGregorius,
1145 4697 1355 4754 magnae
1389 4679 1715 4754 sanctitatis
1762 4690 1843 4754 et_
1870 4680 2139 4738 doctrina:

564 4750 825 4823 prmsules
871 4750 1046 4823 fuere.
1085 4762 1144 4823 ut
1175 4750 1260 4806 vel
1292 4768 1360 4807 ex
1387 4751 1454 4805 iis
1485 4766 1608 4820 qua:
1647 4750 1920 4806 Baronius
1950 4761 2138 4808 osten-

562 4821 662 4889 dit,
709 4821 1060 4889 manifestum
1099 4821 1187 4875 sit.

635 4881 749 4963 (58)
794 4881 875 4947 Οὗ
905 4892 1082 4957 κλέος
1109 4890 1254 4958 εὐρὺ
1286 4891 1437 4963 κατὰ
1460 4889 1572 4963 τὴν
1594 4889 1863 4963 ποίησιν.
1897 4891 2138 4963 Pessime

562 4960 711 5018 hunc
744 4963 924 5017 locum
958 4961 1304 5018 interpretati
1331 4971 1461 5015 sunt
1493 4960 1776 5016 Musculus
1803 4969 1859 5015 et
1889 4961 2139 5017 Christo-

561 5035 895 5101 phorsonus,
919 5032 1076 5100 quasi
1104 5030 1188 5084 his
1210 5031 1393 5086 verbis
1424 5031 1668 5085 indicare
1700 5032 1966 5085 voluisset
1997 5032 2137 5088 Eva-

560 5104 735 5172 grius,
766 5101 1546 5172 Gregoriumﬁntiochensem
1569 5102 1888 5172 episcopum
1923 5103 2137 5170 poetica

561 5171 726 5227 laude
755 5171 1103 5226 inclaruisse.
1136 5171 1240 5240 sed
1275 5173 1482 5226 rectius
1502 5172 1743 5226 Joannes
1773 5171 1991 5240 Langus
2023 5172 2139 5227 lucc

562 5244 728 5298 verba
781 5242 854 5296 ita
897 5243 1068 5297 vertit
1111 5257 1124 5294 :
1167 5237 1332 5311 Cujus
1373 5240 1487 5296 lata
1527 5251 1604 5296 est
1648 5240 1841 5313 gloria,
1873 5237 1931 5294 ut
1975 5253 2138 5311 poeta:

562 5314 728 5367 verbis
767 5320 909 5365 utar.

631 5385 744 5449 (59)
789 5380 906 5447 Τῆς
925 5382 1044 5436 τῶν
1059 5379 1394 5442 Βυζαντίων
1420 5379 1634 5451 μονῆς.
1655 5381 1896 5438 Joannes
1921 5383 2137 5452 Langus

565 5455 681 5508 haec
712 5452 880 5507 verba
911 5453 1314 5522 interpretatur
1347 5453 1452 5508 hoc
1485 5453 1648 5508 modo
1683 5469 1697 5505 :
1725 5452 1966 5507 Primum
2016 5469 2136 5507 vero

562 5523 806 5594 Byzantii
852 5524 1168 5576 monasterio
1216 5523 1448 5592 praefuit.
1504 5523 1772 5594 Evagrius
1803 5533 1983 5594 tamen
2026 5538 2134 5594 non

561 5592 697 5648 dicit
752 5593 1077 5662 Gregorium
1134 5595 1465 5647 monachum
1519 5592 1910 5648 vel'abbatem
1964 5592 2135 5648 fuisse

563 5663 830 5732 Byzantii,
860 5661 954 5716 scd
1002 5663 1254 5717 abbatem
1287 5663 1454 5717 fuisse
1491 5662 2135 5732 monasteriiByzantio—

566 5731 706 5788 rum.
756 5732 984 5786 Videtur
1035 5743 1217 5786 autem
1266 5733 1658 5786 monasterium
1691 5731 1835 5785 istud
1877 5731 2044 5785 fuisse
2077 5733 2132 5787 in

566 5804 741 5873 Syria,
805 5803 860 5855 in
925 5819 1038 5871 quo
1065 5803 1362 5872 Gregorius
1396 5803 1577 5855 adhuc
1633 5801 1956 5873 adolescens
2012 5817 2132 5873 mo-

565 5871 787 5927 nasticae
816 5873 938 5926 vita:
965 5871 1274 5926 rudimenta
1309 5882 1649 5942 perceperat.
1685 5871 2050 5941 Theophanes
2075 5871 2128 5924 iu

2246 4539 2521 4610 Chronico,
2563 4553 2686 4610 pag.
2733 4538 2858 4598 206.
2903 4539 2980 4593 ait
3014 4537 3338 4610 Gregorium
3361 4534 3548 4610 fuisse
3590 4531 3771 4602 apocri-

2244 4609 2476 4664 siarium
2513 4605 2853 4680 monasterii
2903 4605 3311 4680 Byzantiorum,
3359 4605 3416 4659 id
3447 4613 3531 4660 est
3554 4617 3770 4673 procura-

2242 4687 2442 4743 torem,
2479 4679 2594 4733 sive
2638 4687 2900 4734 actorem.

2314 4742 2436 4822 (4-0)
2469 4748 2675 4822 mir-ta
2712 4749 2783 4802 ἐν
2825 4749 2976 4822 πᾶσι
3014 4746 3357 4822 κρᾴτισζος.
3406 4745 3655 4822 suspicor
3698 4742 3768 4822 le;

2239 4811 2478 4891 gendum
2537 4819 2629 4891 hic
2657 4833 2778 4891 esse
2809 4819 2987 4891 πάντα
3003 4811 3082 4891 »τε
3105 4811 3324 4891 ἐν-πᾶσι
3370 4811 3768 4891 κρᾲτιστος.ηξὶς

2239 4882 2386 4960 enim
2421 4889 2679 4960 loquitur
2709 4890 2973 4960 Evagrius
3001 4887 3141 4941 infra
3167 4885 3470 4960 inicap.‘19
3490 4885 3639 4960 hujus
3665 4882 3766 4936 libri

2241 4959 2309 5013 de
2351 4957 2620 5014 Mauricio
2651 4977 2663 5011 :
2703 4957 3034 5012 Kat'm'wsa
3071 4960 3130 5010 ἐν
3163 4959 3332 5010 πᾶσιν
3374 4957 3590 5025 ἀκριῦἧ.

2311 5031 2426 5097 (41)
2468 5028 2878 5083 Πυνθάνοιντο
2911 5027 3259 5095 προσιόντα.
3307 5023 3518 5083 Mallem
3563 5023 3766 5079 Scribere

2240 5099 2516 5171 προϊόντα.
2549 5099 2892 5171 Nicephorius
2935 5098 3102 5171 habet
3132 5097 3356 5171 διιόντα.

2312 5169 2422 5237 (42)
2457 5169 2564 5222 Καὶ
2583 5165 2663 5237 ἦν
2681 5163 2755 5221 τά
2787 5185 2851 5235 γε
2880 5171 2966 5234 εὶς
2999 5168 3113 5237 τὴν
3134 5169 3440 5234 τοσαύτην
3463 5165 3644 5236 ἀρχὴν
3662 5163 3766 5237 ὀξύ·

2239 5234 2377 5306 τερα
2400 5234 2511 5305 τῆς
2534 5234 2622 5304 sic
2642 5239 2749 5291 τὸν
2769 5234 2958 5305 ἄνδρα
2985 5234 3343 5307 τιμῆς-,Ηυηο
3358 5234 3767 5293 Ιυειιιιιειίιετιε-

2237 5310 2315 5377 git
2347 5309 2711 5377 Nicephorus.
2737 5309 2869 5362 Nam
2905 5324 3005 5378 pro
3033 5323 3167 5362 voce
3187 5309 3479 5376 τοσαύτην.
3521 5308 3769 5378 habeth-

2239 5374 2671 5448 opzxﬁvjlonge
2703 5374 2922 5448 rectius
2962 5394 3085 5432 meo
3135 5374 3604 5448 quidcmjudicio.
3643 5374 3766 5428 Nire-

2237 5447 2588 5518 phoriverba
2611 5447 2852 5519 Joannes
2875 5447 3094 5519 Langus
3126 5447 3201 5502 ita
3235 5447 3400 5503 vertit
3427 5466 3441 5502 :
3468 5448 3767 5519 Etnouoretn

2237 5510 2519 5596 mundanis
2577 5518 2919 5596 dignitatibus
2954 5510 3208 5596 diuitum,
3251 5535 3362 5590 pro:
3385 5519 3484 5573 uiri
3526 5518 3665 5586 hujus
3691 5510 3765 5565 ob-

2234 5591 2502 5643 servantia
2552 5587 2777 5660 secundo
2810 5587 2922 5641 loco
2962 5587 3260 5660 [iubeban‘lf
3394 5659 3405 5660 γ
3462 5658 3471 5660 _
3511 5657 3520 5660 _

2309 5661 2422 5727 (4⁵)
2468 5662 2590 5728 οὐχ
2619 5659 2898 5724 ὕστέψον.
2959 5659 3119 5714 Hune
3151 5661 3335 5714 locum
3385 5657 3627 5728 feliciter
3653 5649 3763 5704 mihi

2234 5724 2431 5783 videor
2464 5724 2774 5784 restituisse
2803 5728 2908 5783 hoc
2953 5735 3140 5792 modo,
3171 5730 3271 5799 οὐχ
3305 5724 3628 5799 ὕστερῷνΛιι
3665 5728 3761 5773 est:

2235 5800 2437 5869 Quippe
2459 5801 2550 5869 qui
2575 5801 2659 5852 ubi
2685 5808 2887 5870 tempus
2913 5807 3004 5854 aut
3032 5796 3311 5854 necessitas
3336 5796 3631 5869 postulant,
3652 5803 3764 5844 εειηο

2236 5886 2328 5940 μίαν
2381 5879 2572 5938 privato
2610 5879 2761 5923 esset.
