3908 6490
137 329 257 393 2809

1023 329 1411 393 EISTORIE
1459 331 2055 400 ECCLESIASTICFE
2096 340 2330 404 LIBER
2367 343 2436 406 ν.

3215 343 3359 412 2810

134 442 222 512 τῆν
246 437 579 504 διασιδάσαςι
614 439 670 503 ἐς
697 437 800 510 τὴν
827 437 1117 511 Ῥωμαίων
1145 442 1506 514 ἐπικράτειαν
1531 444 1678 514 ἠφίει

1786 465 1884 505 sua
1919 453 2172 524 trajectu,
2208 455 2609 510 Adaarmanem
2643 455 2868 526 quidem
2896 455 2952 512 in
2984 457 3358 514 Romanorum

131 536 208 591 διὰ
241 532 329 588 τοῦ
357 531 690 602 καλουμένου
718 533 1048 604 Κιρκησίου.
1091 535 1165 587 Τδ
1191 535 1248 588 δὲ
1281 538 1584 608 Κιρκήσιόν
1610 541 1676 609 (ι)

131 630 232 682 ἐστι
263 626 495 698 πόλισμα
535 626 826 696 Ῥωμαίοις
860 626 1284 698 ἐπικαιρότατον
1305 666 1318 691 ,
1375 629 1513 698 πρὸς
1559 631 1678 694 ταῖς

130 721 381 792 ἐσχατιαῖς
413 719 507 773 τοῦ
535 718 933 790 πολιτεύματος
966 719 1218 790 κείμενον
1241 735 1255 750 ·
1309 721 1447 794 ὅπερ
1482 721 1677 791 ὀχυρὸν

127 815 180 867 οὐ
226 813 354 883 μόνα
402 812 474 866 τὰ
517 812 677 882 τείχη
721 815 899 878 ποιεῖ,
939 814 998 878 ἐς
1029 811 1258 884 ἄπειρον
1291 811 1424 879 ὕψος
1452 813 1676 884 ἐπαιρό-

130 922 283 975 μενατ
327 904 460 959 ἀλλά
503 906 600 960 καὶ
643 905 937 977 Εὐφράτης
970 907 1067 960 καὶ
1098 905 1332 976 Ἀϐὁρας
1359 907 1410 960 oi
1439 906 1678 977 ποταμοὶ

127 997 460 1063 κυκλοῦντες,
521 999 618 1052 καὶ
669 979 861 1070 ὥσπερ
909 999 1311 1068 ἀπονησοῦντες
1354 999 1452 1071 τὴν
1500 1000 1672 1052 πόλιν.

124 1092 275 1155 Αὐτὸς
315 1090 371 1144 δὲ
423 1091 525 1144 σὺν
567 1093 682 1155 τοῖς
720 1093 860 1162 ἀμφ’
884 1092 1048 1145 αὐτὸν
1083 1091 1174 1144 τὸν
1205 1092 1454 1162 Τίγρητα
1484 1091 1677 1155 διαϐὰς

125 1184 367 1252 ποταμὸν,
401 1183 496 1236 ἐπὶ
519 1183 790 1247 Νισίϐεως
809 1183 909 1257 τὴν
935 1184 1118 1237 ἔλασιν
1145 1184 1382 1238 ἐποείτο.
1411 1183 1596 1238 Ταῦτα
1618 1184 1676 1238 δέ

122 1275 356 1344 γινόμενα
374 1315 389 1337 ,
430 1274 595 1345 μέχρι
627 1274 826 1328 πολλοῦ
856 1277 983 1338 τοὺς
1011 1274 1322 1342 Ῥωμαίους
1349 1259 1674 1329 ἐλάνθανεν·

121 1368 243 1422 ὥστε
272 1368 557 1421 ’Ῑουστϊνον
585 1369 744 1441 φήμῃ
769 1368 1092 1438 πειθόμενον
1110 1408 1125 1432 ,
1163 1366 1397 1441 λεγούσῃ
1428 1367 1678 1439 Χοσρόην

122 1459 428 1531 ἠτεθνάναι,
451 1461 486 1533 ἢ
515 1461 656 1532 πρὸς
679 1461 850 1525 αύτάς
874 1461 1192 1525 τελευταίας
1217 1459 1494 1525 ἀναπνοὰς
1513 1456 1674 1526 εἶναι,

121 1549 353 1618 ἀσχάλειν
407 1552 501 1604 ἐπὶ
548 1554 614 1623 τῇ
663 1550 828 1622 δῆθεν
878 1551 1170 1624 βραδυτῆτι
1219 1553 1320 1620 τῆς
1359 1553 1677 1623 πολιορκίας

121 1642 204 1711 τῆς
233 1641 498 1704 Νισίϐεως
519 1682 535 1706 ,
571 1629 786 1714 πέμψαι
816 1661 874 1697 τε
905 1646 1031 1707 τοὺς
1057 1629 1372 1711 ἐπείξοντας
1402 1645 1494 1698 τὸν
1519 1647 1676 1718 Μαρ-

122 1721 322 1798 κιανδν,
375 1736 473 1788 καὶ
520 1734 625 1797 τὰς
671 1733 822 1799 κλεῖς
869 1735 979 1789 τῶν
1020 1735 1206 1790 πυλῶν
1237 1736 1313 1800 ὡς
1337 1738 1568 1809 τάχιστα
1595 1739 1674 1792 οτ-

123 1841 311 1887 σοντας.
345 1825 434 1890 Ὠς
463 1825 521 1879 δὲ
552 1827 808 1893 οὐδαμῶς
839 1828 899 1882 τὸ
921 1831 1154 1900 πρᾶγμα
1183 1830 1398 1902 προῄει,
1425 1811 1562 1886 ἀλλά
1582 1833 1677 1886 καὶ

121 1916 298 1987 πολλὴν
327 1917 502 1985 ῶςρελε
541 1918 641 1990 τὴν
667 1920 950 1992 αἰσχύνην,
985 1922 1053 1976 τὰ
1085 1923 1343 1994 ἀμήχανα
1375 1922 1553 1994 ζητῶν
1584 1923 1678 1977 ἐπὶ

117 2010 323 2083 τοιαύτῃ
356 2015 452 2066 καὶ
480 2013 720 2086 τοσαύτῃ
753 2015 906 2069 πόλει
938 2017 1033 2070 καὶ¹
1062 2016 1236 2081 οὕτως
1263 2018 1676 2090 ἐξουθενημένῳ

120 2104 342 2175 στρατῷ,
382 2107 714 2174 ἀγγέλλεται
755 2108 973 2179 πρῶτον
1015 2110 1302 2182 Γρηγορίῳ
1335 2111 1412 2175 τῷ
1439 2110 1677 2165 Θεουπό-

117 2195 233 2259 λεως
272 2199 580 2268 ἐπισκόπει).
639 2199 697 2252 '0
745 2200 854 2268 γὰρ
900 2201 1000 2270 τῆς
1042 2201 1312 2266 Νισίϐεως
1354 2203 1673 2268 ἐπίσκοπος,

119 2284 248 2351 uno;
277 2284 333 2348 ἐς
361 2288 430 2339 τὰ
465 2287 707 2358 μάλιστα
742 2288 1032 2362 Γρηγορίῳ
1061 2291 1340 2354 καταστὰς
1363 2334 1378 2358 ,
1419 2292 1678 2363 μεγάλοις

115 2375 285 2445 δώροις
317 2378 446 2446 παρ’
469 2379 640 2437 αὐτοῦ
669 2380 950 2446 δεξιωθεὶς
976 2423 991 2446 ,
1043 2383 1219 2446 ἄλλως
1247 2401 1307 2436 τε
1334 2384 1391 2438 δέ
1424 2386 1518 2440 καὶ
1548 2386 1675 2439 δυσ-

118 2468 353 2538 χεραίνων
391 2470 489 2541 τὴν
527 2471 752 2542 Περσῶν
783 2474 1070 2545 παροινίαν
1105 2473 1206 2545 τὴν
1233 2475 1290 2539 ἐς
1317 2477 1677 2546 Χριστιανοὺς

118 2559 438 2630 γιγνομένην,
464 2562 533 2632 ῆν
562 2562 651 2614 διὰ
679 2564 879 2627 παντὸς
908 2566 1042 2635 παρ’
1069 2565 1252 2618 αὐτῶν
1279 2567 1672 2634 ἐπεπόνθεσαν,

118 2651 200 2703 καὶ
227 2650 511 2721 Ῥωμαίων
566 2654 838 2724 κατήκοον
888 2655 984 2727 τὴν
1028 2657 1239 2711 οἰκείαν
1269 2659 1424 2712 πόλιν
1467 2660 1677 2731 ἱμειρό-

120 2757 260 2809 μενος
285 2738 454 2808 εἶναι,
477 2745 701 2799 πάντων
730 2746 838 2799 τῶν
866 2747 922 2800 ἐν
946 2749 1012 2818 τῇ
1039 2748 1310 2820 ὑπερορίᾳ
1336 2751 1675 2822 γιγνομένων

119 2832 203 2904 τὴν
217 2835 407 2902 γνῶσιν
427 2838 724 2910 Γρηγορίῳ
741 2840 1058 2912 παρείχετο,
1083 2841 1303 2896 ἅπαντα
1327 2843 1464 2898 κατὰ
1474 2843 1676 2916 καιρὸν

119 2927 363 2996 παριστὰς
382 2945 397 2959 ·
438 2928 592 3001 ἅπερ
623 2931 938 3002 παραυτίκα
972 2933 1066 2990 ἐπὶ
1105 2934 1393 2990 Ίουστῖνον
1422 2938 1673 3011 ἀνέφερε,

119 3018 202 3089 τὴν
230 3020 404 3090 ἔφοδον
425 3024 536 3096 ,τοῦ
569 3025 810 3097 Χοσρόου
841 3027 940 3096 τὴν
963 3027 1224 3100 ταχίστην
1256 3029 1498 3100 μηνύων.
1516 3031 1574 3086 '0
1596 3033 1673 3097 δὲ,

1779 539 1918 597 fines
1965 558 2065 612 per
2102 543 2404 600 Circesiutn
2450 545 2656 602 emisit.
2689 547 2784 602 Est
2830 559 3014 603 autem
3047 548 3356 606 Circesium

1778 635 2046 705 oppidum
2098 637 2605 692 commodissimum
2655 639 2939 706 Romanis,
2991 641 3046 695 in
3094 642 3359 697 extremis

1780 727 1998 798 imperii
2050 729 2252 783 finibus
2297 729 2486 784 situm.
2539 729 2697 795 Quod
2747 723 2855 786 non
2912 732 3055 785 muri
3096 733 3272 786 solum
3298 734 3355 788 in

1779 834 2046 874 sununam
2083 821 2434 877 altitudinem
2465 822 2656 888 erecti,
2681 837 2874 878 verum
2905 824 3068 877 etiam
3099 825 3357 894 Euphra-

1779 923 1862 968 tes
1894 914 2146 968 etAbora
2177 914 2326 970 ﬂuvii
2378 916 2817 971 munitissimum
2872 916 3142 982 reddunt,
3185 927 3353 972 totam

1778 1008 1969 1061 urbem
2001 1009 2246 1078 undique
2298 1009 2616 1079 cingentes,
2644 1025 2710 1064 ac
2742 1011 2913 1064 veluti
2968 1010 3204 1070 insulam
3237 1011 3357 1064 elli-

1778 1101 2008 1155 cientes.
2038 1101 2157 1170 lpse
2183 1117 2314 1155 vero
2345 1117 2468 1156 cum
2501 1101 2674 1172 copiis
2709 1103 2824 1156 suis
2876 1102 3082 1176 Tigrim
3126 1103 3354 1158 ﬂuvium

1779 1201 2176 1262 transgressus,
2211 1193 2443 1247 Nisihim
2485 1193 2790 1248 contendit.
2825 1193 2949 1248 llaec
2972 1195 3102 1248 dum
3137 1194 3353 1262 fierent,

1777 1284 1871 1339 diu
1907 1295 2087 1340 tamen
2139 1287 2415 1341 Romanos
2465 1288 2766 1350 latuerunt,
2833 1287 2971 1342 adeo
3008 1298 3067 1341 ut
3103 1287 3357 1343 Justinus

1777 1377 1935 1432 famae
1975 1376 2208 1430 nimium
2264 1376 2518 1444 credens,
2567 1395 2688 1449 qum
2731 1377 3031 1432 Chosrucm
3103 1387 3198 1432 aut
3243 1379 3355 1448 jam

1780 1477 2060 1520 mortuum
2081 1483 2222 1527 esse.
2251 1477 2346 1521 aut
2367 1477 2519 1523 certe
2542 1476 2848 1524 extremum
2876 1467 3132 1536 spiritum
3155 1467 3356 1521 ducere

1777 1559 2090 1622 nuntiabat,
2121 1575 2263 1630 :egre
2285 1559 2459 1616 ferret
2488 1561 2635 1631 quod
2668 1561 2886 1616 obsidio
2919 1560 3123 1615 Nisibis
3166 1560 3356 1615 taudiu

1778 1653 2200 1724 protraheretur
2236 1670 2249 1707 :
2289 1660 2344 1708 et
2399 1653 2665 1723 quosdam
2697 1653 2945 1708 mitteret
2989 1652 3082 1720 qui
3130 1651 3358 1708 Marcia-

1777 1759 1910 1797 num
1936 1752 2217 1814 urgerent,
2250 1752 2306 1798 et
2328 1743 2422 1814 qui
2457 1744 2638 1798 claves
2665 1752 2948 1814 portarum
2971 1745 3037 1798 ad
3073 1760 3132 1799 se
3169 1756 3360 1799 conte-

1779 1835 1906 1890 stim
1941 1834 2224 1891 afferrent.
2252 1836 2357 1891 Sed
2391 1852 2515 1890 cum
2544 1853 2632 1891 res
2664 1836 2978 1891 nullatenus
3007 1837 3354 1907 procederet,

1778 1929 1890 1985 imo
1929 1930 2117 2000 potius
2157 1930 2454 1984 maximum
2503 1930 2620 1999 ipse
2668 1930 2911 1986 dedecus
2969 1945 3033 1984 ac
3086 1932 3353 2001 probrum

1777 2021 2032 2086 referret,
2061 2021 2268 2090 quippe
2291 2021 2386 2090 qui
2413 2035 2474 2075 ea
2503 2037 2624 2091 quas
2657 2019 2773 2075 fieri
2801 2037 2907 2076 non
2949 2032 3206 2092 poterant
3238 2033 3356 2078 ten-

1778 2122 1921 2181 taret
1957 2114 2223 2168 adversus
2285 2122 2490 2169 tantam
2529 2114 2722 2168 urbem
2754 2130 2878 2169 cum
2939 2116 3185 2171 exercitu
3245 2097 3353 2171 tam

1776 2206 1874 2260 vili
1928 2215 2092 2277 atque
2123 2206 2377 2277 abiecto;
2426 2207 2654 2260 nuntius
2702 2206 2939 2275 primum
2987 2208 3230 2277 perlatus
3268 2218 3353 2264 est

1777 2299 1842 2354 ad
1867 2297 2190 2370 Gregorium
2221 2299 2538 2368 episcopum
2562 2298 2888 2355 Antiochia).
2926 2299 3061 2353 Nam
3088 2316 3210 2354 cum
3232 2299 3352 2369 epi-

1777 2405 1979 2460 scopus
2005 2389 2182 2445 Nisibi
2206 2390 2256 2444 ei
2285 2399 2432 2444 esset
2465 2390 2851 2454 amicissimus,
2879 2398 3069 2460 utpote
3116 2390 3209 2460 qui
3239 2406 3354 2444 ma-

1777 2482 1939 2536 ximis
1967 2480 2294 2535 muneribus
2330 2481 2397 2535 ab
2442 2481 2534 2535 illo
2560 2481 2793 2535 affectus
2827 2480 3042 2538 fuisset.
3069 2489 3123 2534 et
3146 2480 3353 2550 alioqui

1777 2573 2168 2630 contumeliam
2224 2572 2517 2628 Persarum
2570 2589 2701 2643 erga
2752 2573 3118 2634 Christianos.
3185 2589 3352 2643 quam

1776 2673 2043 2734 perpetuo
2088 2665 2234 2735 passi
2286 2664 2506 2718 fuerant
2535 2663 2860 2728 Christiani,
2902 2665 3138 2718 molesto
3170 2666 3355 2718 animo

1777 2758 1966 2824 ferret,
2004 2767 2362 2828 cuperetque,
2396 2759 2529 2813 urbs
2553 2767 2731 2811 utsua
2762 2757 2816 2810 in
2842 2757 3107 2812 ditionem
3148 2757 3355 2812 Roma-

1776 2867 1972 2907 norum
2004 2853 2224 2907 veniret
2254 2869 2268 2906 :
2304 2866 2647 2922 quaecunque
2690 2850 2746 2905 in
2787 2850 3004 2905 hostico
3037 2850 3259 2916 fiebant,
3284 2850 3354 2904 ad

1775 2944 2022 3015 Gregorii
2053 2945 2305 3000 notitiam
2351 2944 2674 3013 perferenda
2723 2945 2986 3010 curabat,
3024 2953 3223 2999 cuncta
3254 2958 3356 2998 suo

1782 3044 2026 3104 tempore
2057 3034 2394 3104 significans.
2447 3034 2578 3100 Quae
2605 3034 2830 3104 quidem
2857 3031 3158 3103 Gregorius
3177 3033 3381 3088 couti-'

120 3113 232 3183 περὶ
257 3116 351 3179 τὰς
379 3116 858 3206 συνήθειςῒὴδονάς
888 3119 1393 3192 ἐγκαλινδούμενος,
1429 3125 1543 3188 τοῖς
1577 3125 1674 3196 μέν

1782 3142 1888 3183 nuo
1909 3127 2096 3181 retulit
2123 3127 2189 3180 ad
2225 3126 2525 3190 Justinum,
2572 3125 2918 3181 celerrimam
2972 3123 3236 3179 Chosrois
3276 3123 3356 3176 ir-

121 3208 503 3290 γεγραμμένοις
554 3213 842 3282 προσεῖχεν
887 3213 1070 3266 οὐδέν’
1125 3213 1249 3267 οὔτε
1295 3215 1355 3270 δέ
1399 3217 1677 3271 πιστεύειν

123 3300 322 3369 ἢθελεν,
377 3305 628 3375 οἰόμενος
677 3305 813 3375 ὅπερ
858 3306 1131 3362 ἐϐούλετο.
1166 3307 1398 3363 Ἐπεται
1429 3309 1539 3380 γάρ
1565 3315 1679 3375 τοῖς

124 3391 574 3464 ἑκδεδιῃτημένοις
616 3395 725 3448 τῶν
771 3395 1074 3468 ἀνθρώπων
1098 3438 1114 3464 ,
1165 3400 1227 3452 τό
1254 3419 1314 3455 τε
1343 3402 1536 3471 ἀγενὲς
1561 3403 1675 3474 (50)

126 3483 202 3535 καὶ
246 3485 411 3555 θρασὺ
464 3487 607 3560 προς
638 3487 737 3552 τὰς
763 3489 1018 3555 ἐκϐάσεις
1043 3506 1058 3521 ⁸
1106 3491 1168 3544 τὺ
1201 3492 1256 3547 δὲ
1290 3493 1520 3548 ἄπιστον
1549 3496 1678 3549 εἴτι

125 3573 311 3646 τύχοιεν
361 3579 595 3650 ἀντικρῦ
647 3579 754 3633 τῶν
802 3580 1075 3654 θελήσεων
1109 3573 1304 3638 ἀὐτῶν
1350 3586 1676 3658 φερόμενον.

126 3666 305 3738 Γράφει
335 3672 432 3744 μέν
462 3667 562 3727 οὖν
591 3673 760 3745 αὐτῷ,
799 3674 970 3730 ταῦτα
1013 3677 1210 3746 τέλεονη·
1230 3678 1677 3750 ἀποδιοπομπού-

129 3775 284 3829 μενος,
314 3762 388 3827 ὡς
419 3751 524 3818 οὐκ
552 3764 729 3837 ἀληθῆ
758 3767 1104 3822 παντάπασιν
1133 3769 1286 3823 ὄντα·
1327 3771 1376 3824 εί
1405 3769 1462 3824 δέ
1490 3787 1552 3838 γε
1583 3769 1679 3825 καὶ

127 3849 308 3922 ἀληθῆ,
351 3854 426 3918 ὡς
454 3856 518 3909 ού
555 3855 911 3928 φθησομὲνων
938 3860 1164 3932 Περσῶν
1193 3860 1293 3932 τὴν
1320 3860 1643 3930 πολιορκίαν
1661 3878 1677 3896 ⁸

127 3944 167 3994 εί
198 3943 248 3997 δέ
278 3947 366 4001 καὶ
396 3949 616 4018 φθαῖεν,
654 3950 842 4016 κακῶς
875 3951 1325 4017 ἀπαλλαξάντων.
1368 3954 1681 4026 Ἐκπέμπει

129 4029 444 4104 δέἊκάκιον,
467 4040 777 4095 ἀτάσθαλόν
806 4060 928 4100 τινα
953 4045 1046 4098 καὶ
1077 4045 1341 4117 ὑϐριστὴν
1363 4047 1513 4120 παρὰ
1527 4049 1684 4119 Μαρ-

133 4126 326 4193 κιανδν,
370 4131 842 4204 ἐγκελευσάμενος
886 4136 982 4190 καὶ
1020 4137 1068 4190 εί
1100 4136 1331 4210 θάτερον
1363 4142 1476 4193 τοῖν
1501 4140 1682 4194 ποδοῖν

133 4213 473 4290 ὀΜαρκιανδς
504 4225 678 4298 φθαίη
710 4229 776 4298 τῇ
806 4227 960 4282 πόλει
988 4230 1209 4300 πέμψας
1227 4272 1242 4298 ,
1277 4231 1588 4303 παραλῦσαι
1618 4249 1680 4302 γε

132 4306 274 4364 αὐτὸν
321 4313 419 4384 τῆς
471 4317 673 4389 ἀρχῆς.
716 4319 783 4373 Ὀ
832 4320 928 4373 καὶ
975 4321 1260 4397 πεπραχεν
1303 4323 1584 4396 ἀκριϐῶς,
1619 4324 1682 4378 ού

135 4399 252 4465 πρὸς
277 4403 334 4457 τὸ
357 4409 606 4462 συνοῖσον
635 4412 747 4474 τοῖς
774 4410 868 4465 τοῦ
895 4411 1159 4482 βασιλέως
1191 4415 1346 4469 κελεύ
1355 4433 1489 4486 μασι
1508 4416 1683 4471 διακο-

137 4491 442 4561 νησάμενος.·
501 4498 797 4570 Γενόμενος
848 4502 958 4574 γὰρ
1006 4506 1140 4576 πρὸς
1187 4506 1249 4560 τὸ
1290 4510 1680 4576 στρατόπεδον,

139 4577 424 4673 λίαρκιανδν
477 4591 580 4661 μὲν
631 4593 692 4645 ἐν
734 4596 801 4665 τῇ
849 4597 1118 4670 ὑπερορίᾳ
1164 4598 1328 4656 παύει
1357 4601 1458 4671 τῆς
1484 4602 1681 4673 ἀρχῆς.

137 4669 272 4724 οὐδὲν
289 4679 360 4750 τῷ
379 4682 599 4753 στρατῷ
628 4684 965 4754 διαγγείλας.
989 4690 1051 4742 Ol
1081 4689 1137 4742 δὲ
1167 4689 1386 4760 λοχαγοὶ
1407 4669 1500 4745 καὶ
1527 4669 1680 4758 eis};

142 4761 322 4854 ἀρχαι,
361 4771 436 4836 ὡς
492 4774 1049 4847 διανυκτερεύσαντες
1082 4781 1350 4852 ἐξέμαθον
1407 4784 1683 4854 παυθῆναι

141 4849 221 4948 τὸν
254 4865 557 4948 ’στρατηγὸν
581 4905 596 4929 ,
651 4868 839 4938 πρόσω
886 4869 987 4942 μὲν
1035 4872 1097 4925 οὺ
1139 4849 1421 4944 παρῄεσαν
1452 4875 1517 4930 τὸ
1544 4849 1683 4948 πλῆ-

145 4939 223 5007 θος
245 4945 368 5018 (51)·
401 4955 854 5028 ὑποχωρήσαντες
881 4939 940 5015 δέ
970 4939 1234 5032 φεύγουσι
1262 4939 1552 5037 σποράδες,
1583 4939 1683 5038 την

1781 3219 2095 3289 ruptionem
2131 3221 2416 3273 nuntians.
2446 3219 2515 3272 At
2541 3216 2815 3280 Justinus,
2848 3230 2974 3270 cum
3001 3216 3053 3269 in
3077 3215 3358 3270 consuetis

1778 3309 2156 3381 voluptatibus
2196 3307 2417 3363 assidue
2450 3307 2814 3370 volutaretur,
2847 3305 3097 3374 Gregorii
3139 3306 3356 3359 litteras

1779 3399 2053 3472 despexit,
2097 3414 2278 3469 neque
2310 3399 2378 3453 iis
2399 3398 2560 3453 fidem
2599 3397 2800 3452 habere
2835 3396 3029 3459 voluit,
3057 3395 3109 3449 id
3144 3402 3356 3450 tantum

1780 3491 1886 3546 sibi
1945 3490 2286 3561 persuadens
2321 3489 2466 3559 quod
2521 3489 2640 3558 ipse
2690 3487 2970 3558 cupiebat.
3008 3485 3222 3540 Etenim
3253 3485 3357 3540 bo-

1781 3585 2025 3640 miuibus
2059 3583 2337 3638 dissolutis
2378 3598 2479 3637 usu
2523 3581 2713 3636 venire
2753 3580 2917 3642 solet,
2955 3587 3016 3633 ut
3063 3586 3120 3633 et
3177 3577 3356 3648 ignavi

1781 3677 1916 3740 sint,
1938 3683 1996 3730 et
2017 3673 2321 3745 pratfidenti
2353 3675 2539 3729 animo
2563 3673 2832 3728 adversus
2859 3685 3044 3726 rerum
3084 3677 3355 3724 eventus:

1781 3777 1839 3823 et
1880 3766 1926 3822 si
1982 3766 2113 3837 quid
2154 3774 2348 3822 contra
2398 3765 2737 3819 voluntatem
2775 3763 3018 3833 ipsorum
3069 3759 3360 3835 acciderit,

1782 3861 2011 3916 minime
2040 3858 2291 3914 credant.
2325 3855 2561 3926 Scripsit
2612 3855 2780 3926 igitur
2822 3853 3106 3924 Gregorio,
3136 3865 3362 3927 eagqua

1782 3953 1853 4008 ab
1884 3952 1978 4007 illo
2011 3950 2263 4006 nuntiata
2289 3949 2531 4011 fuerant,
2557 3947 2781 4017 penitus
2809 3946 3064 4018 rejiciens
3088 3959 3152 3999 ac
3190 3958 3362 4012 repu-

1781 4045 1941 4101 dians
1955 4053 2214 4113 tanquam
2230 4042 2365 4097 falsa
2395 4056 2410 4094 :
2433 4047 2528 4094 aut
2548 4038 2593 4094 si
2621 4054 2746 4094 vera
2759 4045 2942 4094 essent
2953 4077 2968 4101 ,
2979 4036 3144 4108 536
3162 4036 3362 4091 Persas

1785 4146 1969 4194 tamen
1993 4133 2459 4206 expugnationem
2477 4130 2629 4186 urbis
2666 4130 3090 4202 haudquaquam
3115 4142 3364 4199 praeven-

1785 4241 1940 4286 turos
1967 4243 2134 4284 esse:
2185 4227 2270 4283 vel
2316 4225 2360 4281 si
2405 4240 2528 4281 eam
2561 4224 2976 4295 prtevenissent,
3016 4221 3167 4293 gravi
3202 4219 3363 4276 clade

1783 4331 2007 4394 accepta
2057 4320 2186 4376 inde
2225 4319 2607 4374 abscessuros.
2651 4315 2823 4371 Simul
2862 4314 3121 4370 Acacium
3169 4326 3367 4382 quem-

1787 4415 1934 4478 dam,
1968 4411 2250 4470 hominem
2299 4411 2630 4466 sceleratum
2671 4417 2730 4464 et
2778 4406 3263 4470 contumeliosum,
3290 4401 3360 4458 ad

1791 4509 2123 4563 Marcianum
2161 4504 2348 4567 mittit,
2390 4502 2525 4557 dans
2549 4501 2603 4556 ei
2636 4500 2691 4555 in
2733 4498 3027 4563 mandatis,
3056 4506 3116 4551 ut
3147 4494 3362 4551 etiamsi

1789 4601 2096 4656 Marcianus
2127 4597 2362 4650 alterum
2391 4596 2498 4666 iam
2530 4591 2728 4664 pedem
2752 4593 2807 4647 in
2834 4590 3108 4648 civitatem
3144 4588 3364 4642 intulis-

1790 4703 1896 4755 set,
1948 4691 1999 4744 ei
2042 4687 2410 4743 nihilominus
2466 4692 2796 4755 potestatem
2848 4682 3160 4752 abrogaret.
3203 4676 3361 4744 Quod

1789 4783 2012 4854 quidem
2037 4779 2129 4834 ille
2157 4778 2350 4832 sedulo
2377 4774 2629 4846 perfecit,
2655 4790 2768 4828 non
2791 4789 2860 4828 ex
2895 4772 3212 4843 reipublicae
3253 4767 3362 4823 uti-

1789 4877 1944 4931 litate
1967 4873 2268 4928 obsecutus
2297 4867 2648 4939 imperatoris
2676 4866 2956 4924 mandato.
2989 4865 3124 4921 Nam
3143 4877 3266 4918 cum
3290 4859 3368 4916 ad

1791 4976 1972 5025 castra
1998 4966 2376 5020 Romanorum
2413 4961 2674 5025 venisset,
2709 4959 3043 5014 Marcianum
3071 4957 3125 5011 in
3147 4954 3373 5010 hostico

1310 5077 1583 5135 VALESII
1614 5075 2164 5138 ANNOTATIONES.

176 5158 754 5254 1l5(l_}___7'¢5£§“¢‘itrsréc.
771 5169 846 5254 lu
876 5169 1188 5254 Nieephoro
1209 5172 1491 5254 scribi_tur_
1518 5175 1682 5254 ἀγεν-

147 5232 364 5313 νὲςνρει·
417 5232 722 5313 είιψὶιὲξηνζ
759 5239 863 5313 Sic
917 5232 1082 5313 paulo
1135 5251 1285 5303 ante,
1334 5243 1424 5313 ubi
1478 5232 1677 5313 legitur

1783 5174 1968 5233 efferri
1994 5186 2117 5226 cum
2141 5166 2379 5238 simplici
2408 5165 2482 5233 λ.,
2509 5175 2572 5238 ιιι
2601 5166 2760 5238 docet
2801 5161 3125 5238 Hesychius.

1862 5246 1974 5315 (51)
2019 5243 2105 5315 Οὐὰ
2133 5231 2449 5315 παρῇεςᾳν
2469 5231 2816 5315 ινδ-πλῆθος.
2837 5231 3200 5315 scribendum
3214 5239 3359 5315 puto

147 5296 565 5385 έῗκάλευδάέιῖι
587 5296 932 5385 Νξεθριιοτιέ
960 5311 1229 5381 scriptum
1265 5296 1434 5385 habt”

1785 5296 2066 5385 παρῇεσαν
2093 5296 2236 5385 ἐςᾼτδ
2260 5296 2483 5385 πλῆθος.
2535 5296 2718 5385 ᾼιιιιίς
2763 5296 3083 5385 itaLlegisse
3136 5296 3359 5385 videtur

139 5362 266 5431 ,λ.ειν,
290 5372 432 5440 quod
462 5382 546 5428 est
567 5362 848 5434 usitatius.
883 5362 1431 5437 eoiési’iaiiiai"'i'd"

1785 5371 2090 5441 Masculus.
2113 5371 2205 5436 Sic
2227 5371 2375 5446 enini
2411 5377 2578 5432 vertit
2597 5395 2610 5430 :
2628 5371 2640 5375 ’
2659 5371 3133 5450 Exercitui'porro
3173 5371 3356 5427 adesse

213 5572 270 5643 (ι)
305 5579 645 5658 Κιρκεῄσιον.
681 5579 1373 5658 Oppidumlliesopotamim
1397 5603 1427 5642 a

1782 5498 1979 5658 :Ecbiipit
2001 5587 2334 5658 Chaboram,
2375 5539 2518 5658 infra
2554 5577 2858 5658 Tapsacum
2880 5596 2910 5635 e
2925 5578 3178 5658 regione
3212 5576 3353 5658 .Ara-

150 5638 284 5722 tiano
310 5638 605 5722 co:uditum,
636 5659 689 5705 et
718 5638 1686 5722 {Iustinianoirrestautfafumiwéir-L

149 5716 310 5796 ﬁcium
353 5716 679 5796 Gapitolino,
713 5719 1019 5796 Circusium
1066 5725 1379 5790 Ammiano,
1403 5728 1682 5783 Constan-

151 5787 252 5837 tina
278 5787 628 5858 quibusdam;
666 5791 900 5850 sedctad
932 5796 1237 5865 Eupbatcm
1299 5787 1552 5862 ﬂuvium,
1590 5797 1682 5853 ubi

1777 5647 2182 5726 bize'desertm;
2239 5657 2297 5713 in
2322 5647 2394 5727 eo
2423 5656 2571 5712 inest
2622 5647 2664 5708 Τ
2671 5652 2892 5707 umulus
2918 5647 3180 5706 Gordiani
3210 5648 3344 5721 imp.

1777 5727 2128 5802 (munitum)
