4018 6544
541 327 680 400 281.1

1767 324 2083 387 EVAGRII
2118 324 2606 387 SCHOLASTICI

3669 330 3799 397 2812

545 439 823 514 dignitate
843 436 1020 499 exuit,
1043 451 1168 492 cum
1195 436 1332 491 nihil
1352 451 1416 492 ea
1439 435 1509 492 de
1538 452 1598 490 re
1625 437 1897 510 militibus
1925 455 2125 493 renun-

2243 439 2630 508 ιαταγέλαστον
2648 438 2966 511 πολιορκίαν
2989 441 3272 506 λύσαντες.
3289 442 3347 495 Ὀ
3369 442 3466 512 μὲν
3481 436 3577 497 οὖν
3591 443 3802 518 Ἀδααρο

546 534 758 588 tiasset.
797 528 1169 585 Centuriones
1225 543 1359 584 vero
1418 539 1475 585 et
1530 529 1788 584 ordinum
1846 529 2127 592 ductores,

546 629 837 693 postquam
867 620 1109 690 peractis
1135 619 1340 690 vigiliis
1382 619 1579 674 ducem
1613 635 1773 674 suum
1805 631 2132 674 exauctora-

547 721 663 765 tum
695 726 819 766 esse
855 710 1192 775 didicerunt,
1221 723 1331 764 non
1373 711 1612 780 amplius
1647 719 2041 780 processerunt
2074 711 2131 766 in

547 803 829 874 publicum
860 821 873 856 :
904 803 1000 858 sed
1029 803 1225 873 dilapsi
1250 803 1351 857 hac
1401 803 1528 857 illac
1584 801 1774 873 fugere
1819 811 2129 872 coeperunt,

549 895 841 950 ridiculam
876 896 1023 950 illam
1070 895 1416 974 obsidionem
1463 893 1862 964 relinquentes.
1903 894 2130 949 interim

548 985 942 1052 Adaarma’nes,
976 988 1071 1058 qui
1100 989 1398 1042 Persarum
1423 995 1479 1040 et
1507 979 1860 1040 Scenitarum
1888 985 2130 1039 Arabum

551 1083 830 1151 ingentem
883 1081 1122 1136 habebat
1172 1081 1502 1144 exercitum,
1534 1077 1842 1133 Circesium
1901 1087 2134 1148 przeter-

549 1192 792 1246 gressus,
855 1177 1227 1231 Romanorum
1282 1175 1550 1229 ditionem
1583 1173 1841 1228 incendio
1885 1189 1949 1229 ac
1987 1173 2136 1229 ferro

551 1277 609 1322 et
639 1269 788 1323 omni
816 1269 1138 1323 vastationis
1170 1283 1370 1339 genere
1398 1267 1696 1337 pOpulatus
1723 1275 1828 1329 est,
1860 1266 1998 1320 nihil
2020 1282 2137 1322 me-

553 1361 742 1417 diocre
764 1361 952 1416 animo
980 1361 1278 1432 designans
1311 1368 1407 1414 aut
1453 1375 1672 1431 gerens.
1701 1357 1940 1414 Castella
1969 1359 2135 1414 etiam

550 1451 701 1519 cepit
738 1460 794 1505 et
828 1450 976 1505 vicos
1010 1465 1175 1519 quam
1212 1450 1504 1519 plurimos,
1533 1447 1756 1505 nemine
1795 1445 2086 1504 resistente
2120 1468 2134 1504 :

551 1543 789 1611 primum
811 1543 1057 1613 quidem,
1075 1543 1203 1613 quia
1219 1545 1407 1598 nullus
1430 1552 1563 1597 tunc
1587 1553 1706 1596 erat
1727 1541 1837 1596 dux
1862 1543 2139 1596 Romano-

555 1651 701 1690 rum.
725 1634 930 1689 Deinde
968 1650 1036 1688 eo
1055 1633 1200 1704 quod
1234 1634 1500 1689 militibus
1539 1634 1806 1687 Romanis
1833 1649 1861 1686 a
1889 1632 2137 1688 Chosroe

2235 531 2410 601 μάνης
2462 531 2602 602 ἔχων
2652 532 2929 603 ἀξιόλογον
2982 535 3212 607 στρατὸν
3230 536 3465 614 ’Περσῶν
3504 553 3564 588 τε
3593 538 3803 594 καὶτιῖιν

2232 623 2528 695 Σκηνητῶν
2550 624 2874 696 Βαρϐάρων,
2900 625 3022 680 ἐπεὶ
3053 628 3114 680 τὸ
3141 629 3444 698 Κιρκήσιον
3472 631 3800 700 παρήμειψε,

2233 715 2500 779 παντοίως
2527 718 2642 779 τοῖς
2675 717 2964 788 Ῥωμαίων
2997 719 3310 790 ἐλυμήνατο
3341 721 3686 792 πράγμασιν,
3714 726 3804 795 ἐμ-

2233 806 2447 877 πιπρὰς
2467 850 2480 874 ,
2518 810 2882 876 ἀποκτιννὺς,
2919 812 3069 865 οὐδὲν
3103 813 3326 884 μέτριον
3352 815 3553 867 ἐννοῶν
3582 815 3615 885 ἢ
3644 819 3804 888 πράτ·

2231 917 2342 955 των
2363 915 2379 931 ’
2431 902 2583 972 αἱρεῖ
2615 920 2674 956 τε
2715 903 2952 974 φρούρια
2986 904 3080 982 καὶ
3112 905 3306 975 κώμας
3335 905 3538 968 πολλὰς
3558 947 3573 971 ,
3609 908 3806 974 οὐδενὸς

2235 994 2707 1058 ἀντιστατοῦντος.
2773 996 2972 1065 Πρῶτα
3021 997 3120 1066 μὲν
3171 998 3256 1050 ὅτι
3300 1014 3362 1065 γε
3407 994 3583 1068 ἦρχεν
3619 1000 3802 1066 οὐδεὶς,

2235 1084 2336 1140 εἷθ’
2369 1088 2453 1141 ὅτι
2484 1089 2579 1142 καὶ
2605 1087 2718 1140 τῶν
2749 1089 3096 1158 στρατιωτῶν
3128 1089 3263 1160 πρὸς
3289 1089 3383 1142 τοῦ
3409 1091 3657 1161 Χοσρόου
3679 1095 3806 1147 κατὰ

2235 1178 2296 1230 τὸ
2334 1179 2515 1249 Δάρας
2552 1180 2631 1249 (u)
2675 1180 3203 1234 ὲναποκλεισθέντων
3227 1221 3241 1244 ,
3299 1181 3384 1233 ἐπ’
3433 1181 3622 1246 ἀδείας
3665 1185 3723 1235 αἴ
3754 1202 3806 1238 τε

2238 1264 2509 1337 προνομαὶ
2563 1269 2659 1345 κσιλτ
2707 1270 2764 1320 αἱ
2817 1267 2996 1335 ἔφοδοι
3047 1269 3348 1336 ἐγίγνοντο.
3383 1269 3689 1327 Ἐπεισιδὲ
3717 1275 3802 1329 καὶ

2238 1360 2301 1427 τῇ
2333 1358 2703 1412 Θεουπολιτῶν
2735 1358 2822 1413 διὰ
2850 1359 2957 1412 τῶν
2982 1360 3119 1429 ἀμφ’
3145 1360 3308 1414 αὐτόν
3325 1379 3336 1391 ·
3372 1362 3497 1416 οὐδὲ
3523 1364 3633 1433 γὰρ
3660 1365 3807 1430 αὐτὸς

2239 1448 2490 1517 ἀφίκετο·
2529 1449 2577 1502 οἳ
2611 1452 2707 1502 καὶ
2741 1450 2893 1521 παρὰ
2922 1452 3098 1504 πᾶσαν
3125 1451 3318 1505 ἐλπίδα
3341 1453 3803 1526 ἀπεκρούσθησαν,

2241 1538 2472 1609 μηδενὸς
2523 1540 2978 1612 ἐναπομείναντος
3028 1545 3096 1613 τῇ
3141 1543 3296 1597 πόλει
3323 1583 3338 1607 ,
3393 1545 3420 1612 ἢ
3458 1544 3582 1597 λίαν
3617 1547 3802 1618 κομιδῇ

2239 1630 2550 1700 εὐαριθμων
2571 1673 2587 1699 ,
2639 1633 2732 1686 καὶ
2766 1633 2859 1686 τοῦ
2891 1634 3082 1704 ἱερέως
3115 1637 3454 1705 πεφευγότος
3486 1639 3582 1689 καὶ
3606 1638 3669 1691 τὰ
3698 1639 3807 1710 ἱερὰ

555 1727 700 1782 intra
753 1727 1019 1797 oppidum
1079 1727 1250 1781 Daras
1288 1725 1586 1787 conclusis,
1646 1725 2034 1796 pabulationes
2083 1735 2140 1780 et

2243 1722 2680 1792 ὑπεξαγαγόντος
2708 1725 2993 1794 κειμήλια,
3023 1726 3158 1780 διότι
3189 1729 3282 1781 καὶ
3309 1728 3376 1781 τὰ
3405 1729 3577 1783 πολλὰ
3602 1729 3690 1782 τοῦ
3709 1731 3808 1785 τεε-

504 1890 506 1892 ν
556 1821 899 1876 incursiones
949 1821 1156 1890 absque
1216 1820 1616 1890 impedimento
1670 1819 1898 1873 ﬁebant.
1958 1819 2138 1874 Ador-

2243 1834 2368 1886 χους
2422 1817 2688 1889 διερρύη,
2746 1821 2842 1872 καὶ⁸
2890 1821 2919 1872 ὁ
2963 1820 3134 1890 δῆμος
3177 1823 3489 1894 ἐπανέστη,
3542 1823 3806 1895 νεωτέρων

554 1921 646 1967 tus
668 1916 939 1968 estetiam
984 1914 1176 1968 urbem
1218 1912 1566 1967 Antiochiam
1602 1926 1701 1982 per
1751 1911 1955 1965 milites
1988 1926 2136 1966 suos.

2243 1910 2586 1980 πραγμάτων
2614 1910 2778 1981 ἄρξαι
2804 1911 2997 1975 θέλων,
3021 1908 3109 1965 οἷα
3135 1915 3282 1982 φιλεί
3306 1915 3580 1984 γίνεσθαι,
3603 1918 3693 1969 καὶ
3715 1919 3807 1987 μάν

551 2004 742 2076 Neque
771 2008 918 2062 enim
954 2007 1070 2077 ipse
1103 2007 1236 2061 illuc
1271 2005 1551 2076 perrexit:
1586 2004 1683 2074 qui
1721 2012 1906 2068 tamen
1938 2013 2138 2074 praeter

2243 2001 2398 2054 λιστα
2451 2001 2605 2073 παρὰ
2649 2005 2777 2067 τοὺς
2819 2007 3096 2069 τοιούτους
3123 2002 3386 2078 καιρούς.
3438 2009 3503 2062 Οἳ
3541 2010 3634 2062 καὶ
3665 2010 3805 2062 αὐτοὶ

553 2098 804 2152 omnium
856 2114 1007 2169 spem
1039 2109 1206 2169 atque
1256 2096 1728 2166 exspectationem
1761 2094 1890 2149 inde
1927 2095 2133 2164 repulsi

2243 2094 2599 2163 πεφευγότες.
2637 2096 2852 2165 ἐρήμην
2891 2097 2991 2167 τὴν
3019 2099 3173 2151 πόλιν
3206 2099 3686 2165 καταλελοίπασιν,
3719 2102 3803 2153 ού-

553 2200 705 2255 sunt,
738 2207 864 2245 cum
892 2207 1055 2246 nemo
1082 2201 1281 2262 praeter
1322 2189 1618 2244 admodum
1654 2203 1860 2259 paucos
1895 2187 1948 2241 in
2000 2187 2136 2242 urbe

2243 2187 2385 2249 δενδς
2439 2185 2577 2250 ὅλως
2623 2187 2999 2260 ἐπινοηθέντος
3050 2193 3130 2254 εἰς
3176 2190 3563 2262 ἐπιτέχνησιν,
3618 2192 3650 2262 ἢ
3692 2193 3808 2247 άντ-

553 2281 929 2347 remausisset,
960 2290 1016 2336 et
1037 2282 1332 2352 episcopus
1365 2279 1481 2350 ipse
1503 2278 1833 2349 aufugisset,
1861 2284 1917 2332 et
1947 2292 2136 2331 sacros

2243 2277 2613 2348 επιχείρησιν.
3125 2284 3136 2294 ⁸

555 2377 846 2432 thesauros
901 2393 1089 2433 secum
1127 2359 1495 2447 asportasset,
1533 2382 1831 2445 prepterca
1889 2372 2036 2443 quod
2087 2381 2142 2427 et
2182 2372 2326 2426 muri
2394 2374 2631 2428 maxima
2690 2366 2818 2443 pars
2866 2375 3333 2443 intereiderat,et
3364 2380 3605 2449 populus
3636 2394 3805 2433 rerum

555 2487 822 2531 novarum
866 2467 1168 2543 cupiditate
1223 2470 1482 2542 ﬂagrans,
1524 2469 1854 2524 seditionem
1918 2467 2280 2540 excitaverat,
2332 2468 2802 2535 quemadmodum
2865 2468 3138 2538 ejusmodi
3196 2471 3506 2539 praesertim
3559 2471 3806 2541 tempori-

554 2567 658 2620 bus
697 2565 811 2619 ﬁeri
841 2566 1002 2621 solet.
1025 2565 1132 2620 Sed
1179 2573 1236 2620 et
1268 2565 1370 2634 ipsi
1424 2562 1696 2626 seditiosi,
1733 2572 1950 2632 arrepta
1987 2559 2138 2629 fuga,
2179 2559 2375 2614 urbem
2401 2576 2629 2614 vacuam
2656 2561 3014 2631 reliquerant,
3068 2576 3191 2615 cum
3250 2562 3388 2616 nihil
3418 2565 3644 2619 omnino
3663 2577 3808 2619 excoo

556 2664 788 2734 gitatum
815 2672 981 2729 esset,
1027 2672 1123 2718 aut
1175 2662 1242 2716 ad
1291 2661 1600 2716 feriendum
1652 2660 1902 2722 hostem,
1935 2665 2032 2710 aut
2065 2656 2132 2710 ad
2167 2655 2625 2726 propulsandum.

807 2869 886 2924 De
928 2778 1593 2940 cxpugnatiESepdzzmew
1623 2874 1673 2920 et
1702 2855 1899 2919 Da’ras.

631 2983 746 3038 Hoc
800 2981 966 3054 igitur
994 2989 1195 3036 conatu
1245 2979 1548 3034 frustratus
1586 2977 1990 3038 Adaarmanes,
2023 2981 2148 3044 post

2855 2775 3108 2832 ΚΕΦᾹΛ.
3144 2777 3202 2834 I'.

2314 2867 2453 2935 Περὶ
2489 2867 2598 2935 τῆς
2627 2867 2909 2937 ἁλώσεως
2938 2871 3271 2940 Ἀπαμείας,
3307 2871 3403 2925 καὶ
3437 2869 3547 2925 τοῦ
3571 2869 3768 2940 Δὰρας.

2332 2982 2418 3046 Ὡς
2466 2982 2510 3034 δ’
2554 2978 2648 3038 οὖν
2669 2984 2767 3054 τῆς
2790 2985 2985 3056 πείρας
3021 2985 3228 3054 ταύτης
3258 2985 3562 3056 διήμαρτεν
3593 2981 3806 3054 Ἀὂααρο

542 3077 842 3132 incensam
903 3075 1095 3131 urbem
1118 3090 1241 3144 qua:
1261 3075 1392 3129 olim
1445 3070 1671 3142 quidem
1720 3067 2004 3130 Heraclea,
2047 3082 2140 3132 po-

2252 3044 2427 3145 μὰνης
2453 3076 2586 3148 (52).
2624 3044 2913 3148 ἐμπρήσας
3112 3044 3279 3129 πάλαι
3323 3044 3448 3145 μὲν.
3474 3044 3804 3144 Ἡράκλειαν,

561 3177 676 3220 stca
699 3181 832 3219 vero
856 3165 1111 3236 Gagalice
1146 3172 1463 3234 nuncupata
1498 3170 1611 3224 est,
1647 3161 1942 3230 Apameam
1977 3173 2142 3214 occu-

454 3307 461 3315 .
561 3258 732 3328 pavit,
765 3257 896 3311 olim
933 3273 960 3311 a
993 3257 1228 3312 Seleuco
1250 3257 1507 3310 Nicatore
1539 3254 1818 3310 conditam
1852 3271 1866 3305 :
1895 3267 2019 3320 qua:
2048 3268 2145 3306 an-

564 3359 651 3406 tea
690 3349 912 3419 quidem
947 3349 1150 3419 opibus
1171 3357 1228 3403 et
1257 3349 1565 3402 incolarum
1592 3347 1945 3402 multitudine
1967 3347 2143 3400 abun-

563 3437 756 3491 darat:
785 3453 1079 3509 progressu
1108 3447 1290 3492 autem
1324 3438 1586 3506 temporis
1625 3445 1955 3507 magnopere
1979 3437 2143 3508 437

565 3529 854 3583 imminuta
901 3529 1214 3585 erat.llanc
1240 3530 1409 3600 igitur
1458 3530 1633 3599 pactis
1659 3529 1990 3599 quibusdam
2022 3543 2153 3582 con-

565 3621 873 3677 ditionibus
922 3638 1048 3677 cum
1081 3625 1340 3693 cepisset,
1377 3623 1549 3692 (cives
1585 3623 1731 3678 enim
1782 3623 1938 3677 nullo
1987 3621 2151 3677 modo

566 3712 826 3767 resistere
883 3720 1162 3782 poterant,
1199 3729 1358 3768 muro
1387 3730 1498 3784 prae
1546 3714 1818 3769 vetustate
1863 3711 2150 3782 collapso,)

567 3812 736 3870 totam
758 3805 1148 3869 concremavit,
1176 3805 1444 3876 bonisque
1474 3806 1731 3860 omnibus
1761 3814 1952 3860 contra
1980 3804 2141 3858 Iidem

566 3894 747 3958 datam
780 3889 1016 3964 direptis
1045 3895 1331 3960 abscessit,
1372 3897 1663 3950 universos
1699 3895 1850 3950 cives
1873 3910 1937 3948 ac
1971 3892 2146 3947 ﬁniti-

567 4001 709 4052 mos,
737 3987 984 4056 captivos
1028 3987 1329 4043 abducens.
1363 3989 1512 4044 Inter
1541 4004 1680 4058 quos
1706 3987 1884 4057 ipsum
1923 4000 2147 4056 quoque

569 4079 723 4134 urbis
742 4079 1086 4150 episcopum,
1119 4090 1178 4136 et
1209 4097 1336 4136 eum
1360 4081 1450 4135 cui
1478 4080 1884 4135 administratio
1923 4079 2149 4150 provin-

568 4180 668 4235 ciae
721 4180 1013 4234 commissa
1071 4189 1209 4242 erat,
1242 4194 1428 4233 secum
1476 4178 1800 4247 asportavit.
1842 4177 1949 4232 Sed
1990 4185 2047 4231 et
2090 4177 2146 4230 in

567 4273 852 4329 redeundo
878 4274 1048 4327 multa
1081 4271 1342 4326 atrociter
1384 4270 1575 4340 gessit,
1605 4286 1731 4324 cum
1780 4269 1966 4322 nullus
1996 4278 2146 4322 esset

568 4366 662 4435 qui
692 4365 1001 4426 cohiberet,
1049 4371 1145 4416 aut
1173 4361 1400 4415 omnino
1430 4360 1748 4424 obsisteret,
1780 4369 1981 4429 praeter
2011 4373 2146 4428 pau-

569 4456 822 4511 cissimos
869 4454 1074 4509 milites
1101 4468 1133 4507 a
1171 4451 1388 4507 Justino
1419 4449 1616 4505 missos
1635 4490 1650 4517 ,
1679 4451 1882 4521 quibus
1911 4459 2147 4520 przeerat

2252 3165 2378 3220 ῦστε
2388 3185 2478 3236 ρον
2507 3167 2562 3220 δὲ
2593 3166 2904 3236 ῐάγαλικὴν
2927 3165 3345 3236 ὀνομασθεῖσαν,
3365 3165 3674 3234 Ἀπάμειαν
3694 3180 3810 3217 κατ-

2249 3259 2437 3329 είληφε
2465 3297 2480 3322 ,
2535 3257 2671 3330 πρὸς
2714 3257 2984 3311 Σελεύκου
3019 3257 3108 3310 τοῦ
3144 3257 3444 3326 Νικάνορος
3486 3256 3611 3326 (53)
3648 3271 3807 3308 συνοι-

2249 3350 2532 3404 κισθεῖσαν
2554 3391 2568 3413 ,
2608 3351 2777 3404 πάλαι
2809 3350 2910 3419 μὲν
2939 3350 3233 3420 εὐδαίμονα
3263 3349 3356 3403 καὶ
3380 3349 3806 3420 πολυάνθρωπον,

2248 3442 2326 3512 τῷ
2355 3443 2532 3512 χρόνῳ
2561 3441 2617 3494 δὲ
2646 3441 2713 3494 τὰ
2740 3441 2914 3494 πολλὰ
2937 3441 3310 3514 διαρῥυεῖσανο
3345 3441 3404 3504 ὃς
3435 3443 3533 3493 ἐπί
3558 3458 3664 3494 τισι
3687 3458 3808 3509 συμ-

2251 3531 2442 3585 ϐάσεσι
2473 3534 2572 3602 τὴν
2599 3531 2754 3584 πόλιν
2784 3531 3162 3601 παρειληφὼς,
3193 3534 3317 3585 ἐπεὶ
3348 3522 3487 3600 μηδὲ
3515 3531 3806 3600 ἀντιστῆναι

2248 3618 2353 3676 οἶοί
2381 3640 2444 3675 τε
2476 3623 2942 3694 καθειστήκεισαν
2961 3665 2976 3686 ,
3011 3607 3106 3676 τού
3139 3623 3352 3693 τείχους
3387 3623 3496 3676 ὑπὸ
3524 3623 3700 3693 γήρως
3729 3620 3808 3674 ἐπὶ

2250 3716 2354 3786 γῆς
2387 3715 2642 3785 κειμένου
2667 3755 2682 3774 ,
2731 3716 2921 3768 πᾶσαν
2973 3715 3263 3785 ἐμπρήσας
3301 3715 3394 3768 καὶ
3427 3714 3609 3768 πάντα
3637 3711 3808 3782 ληϊσά-

2253 3822 2413 3876 μενος
2448 3803 2597 3875 παρὰ
2620 3806 2688 3858 τά
2716 3803 3051 3873 συγκείμενα
3071 3844 3086 3868 ,
3121 3803 3302 3857 ἀπιὼν
3329 3803 3509 3874 ᾤχετο
3530 3846 3545 3871 ,
3577 3802 3811 3871 ἐξανδρα-

2249 3896 2474 3960 ποδίσας
2502 3895 2602 3966 τὴν
2628 3895 2805 3960 πόλιν,
2842 3895 2937 3947 καὶ
2966 3893 3033 3947 τὰ
3061 3894 3440 3966 προστυχόντα
3465 3893 3662 3966 χωρία.
3690 3889 3809 3946 Μεθ’

2243 3985 2318 4042 ὧν
2372 3988 2468 4041 καὶ
2500 3987 2605 4059 ,τὸν
2655 3976 2804 4056 ἱερέα
2851 3985 2953 4055 τῆς
2993 3986 3232 4050 πόλεως,
3283 3987 3375 4040 καὶ
3407 3987 3503 4039 τὸν
3531 3986 3628 4056 τὴν
3656 3981 3807 4052 ἀρχὴν

2245 4078 2682 4152 ἐπιτροπεύοντα
2727 4078 2970 4150 ζωγρίας
2987 4079 3034 4109 ”
3065 4080 3340 4149 ἀπήγαγε.
3377 4079 3458 4131 Τὰ
3493 4077 3738 4132 πάνδεινα
3760 4071 3807 4124 δὲ

2252 4175 2394 4228 κατὰ
2446 4173 2543 4244 τὴν
2590 4171 2964 4242 ἁποπόρευσιν
3015 4174 3342 4243 εἰργάσατο,
3395 4172 3608 4233 οὐδενὸς
3632 4169 3802 4238 ἀπείρ-

2258 4283 2446 4336 γοντος
2509 4265 2541 4337 ἦ
2607 4265 2744 4329 ὅλως
2801 4266 3216 4326 ἀντιπίπτοντος
3249 4307 3264 4330 ,
3358 4265 3498 4334 πλὴν
3539 4264 3630 4317 καὶ
3651 4259 3808 4329 ἐλαχεσ

2261 4377 2387 4414 στου
2444 4360 2637 4431 κομιδῇ
2688 4358 2922 4430 στρατοῦ
2975 4359 3110 4430 πρὸς
3145 4359 3431 4411 Ἰουστίνου
3465 4354 3803 4426 πεμφθέντος.

2256 4453 2361 4507 ὑπὸ
2387 4453 2593 4523 Μάγνῳ
2620 4451 2980 4524 ταττομένου,
3007 4450 3203 4525 πρώην
3231 4451 3332 4522 μὲν
3359 4449 3606 4522 ἀργυροῦ
3628 4442 3804 4518 τραπέ-

1859 4594 2092 4652 ΥΑΒΙΑΞ
2127 4595 2541 4666 LECTIONES.

656 4688 703 4720 ³³
731 4687 793 4744 C.
816 4687 879 4743 C.
911 4687 1226 4759 ζωγρήσας.

1776 4803 2049 4862 VALESII
2083 4806 2645 4864 ANNOTATIONES.

575 4898 781 4970 nolunt.
827 4896 1377 4970 Christophorson_us
1423 4911 1558 4952 vero
1598 4897 1672 4952 ita
1701 4899 1900 4953 vertit:
1951 4897 2146 4970 Copias

576 4983 681 5024 non
708 4967 930 5023 ulterius
955 4967 1172 5023 ducunt.
1200 4967 1309 5023 Sed
1340 4967 1528 5024 Graeca
1557 4984 1686 5023 eum
1720 4985 1947 5025 sensum
1999 4967 2146 5025 ferre

576 5053 686 5092 non
711 5046 963 5106 possunt.

645 5107 758 5175 (52)
794 5109 1226 5180 Ἀδαίιρμὰνης.
1257 5108 1419 5166 Varie
1477 5108 1584 5164 hoc
1620 5126 1821 5166 nomen
1879 5111 2146 5180 scriptum

576 5180 852 5250 reperitur
874 5179 1018 5248 apud
1054 5188 1272 5235 veteres
1312 5188 1588 5250 auctores.
1636 5180 1815 5250 Apud,
1849 5179 2147 5250 Theopha-

576 5265 701 5322 nem
725 5249 780 5304 in
806 5249 1058 5322 Chronico
1093 5250 1430 5322 Ἀσταῦάνης
1458 5249 1700 5322 dicitur,
1714 5259 1770 5304 et
1804 5249 2144 5322 Ἀρδαμάνης

584 5320 639 5373 in
661 5335 762 5374 ms.
794 5320 983 5376 codice
1029 5321 1296 5376 Palatino.
1336 5321 1659 5375 Anastasihs
1701 5328 1888 5376 autum
1938 5320 2146 5376 Biblio-

581 5390 859 5458 thecarius
884 5392 1256 5446 Adermanum
1283 5391 1482 5448 ducem
1515 5401 1692 5447 vocat.
1740 5391 1799 5444 ln
1835 5391 2147 5460 Niceplmro

530 5500 534 5504 ε
579 5460 844 5515 scribitur
874 5462 1326 5535 υύαδααρμάνης.
1371 5461 1530 5531 Apud
1585 5461 1982 5531 Theophanem
2043 5462 2148 5532 By—

2250 4901 2494 4955 zantium
2565 4898 2980 4970 Bapaapa'w'qq._
3020 4897 3098 4964 In,
3133 4894 3409 4970 cap.__‘l5,
3457 4888 3799 4970 inl'mdicitur

2262 4959 2668 5041 Ἀρδαρμάνηςξ
2699 4959 3146 5040 TheOpbylactus
3170 4959 3226 5022 in
3271 4965 3370 5020 lib.
3396 4959 3484 5029 in,
3521 4959 3797 5014 Δάοι-[ηειδ-

2249 5058 2377 5097 nem
2412 5049 2594 5095 vocat.

2323 5114 2436 5175 (55)
2478 5110 2783 5164 Σελεύκου
2809 5108 2916 5163 τοῦ
2947 5106 3299 5175 Νικάνορος.
3350 5101 3698 5175 Scn'bendum
3719 5103 3799 5175 est

2256 5170 2449 5252 procul
2475 5181 2647 5252 dubio
2680 5179 3002 5252 Νικάτορος.
3039 5170 3475 5252 seleucusenim
3498 5170 3799 5251 primusOSy-

2255 5247 2352 5307 ria:
2382 5265 2499 5313 rex,
2531 5251 2604 5305 ob
2638 5247 3174 5320 illustres'victorias
3198 5247 3448 5320 Νικάτωρ
3473 5247 3799 5320 cognomina:

2257 5305 2345 5376 tus
2364 5305 2553 5386 est,ut
2581 5337 2648 5376 ex
2676 5319 2921 5374 nummis
2968 5319 3258 5373 veteribus
3284 5305 3574 5376 'disci'musv,
3623 5309 3707 5380 qui
3755 5305 3798 5360 id

2255 5400 2684 5462 cognomentum
2703 5391 2756 5446 ei
2791 5389 3102 5467 ascribunt.
3798 5403 3806 5411 -

2032 5597 2424 5654 VARIORUM.

656 5696 735 5765 lu)
800 5698 1010 5766 Δάρης.
1052 5696 1195 5753 Urbs
1235 5693 1565 5766 episcopalis
1601 5685 2142 5766 .Mesopotamifc,jn

587 5761 760 5824 limite
787 5761 1006 5832 Persize,
1035 5768 1105 5822 ab
1141 5761 1442 5822 Anastasio
1475 5765 1607 5834 imp.
1641 5779 1706 5818 ex
1742 5765 1866 5818 vico
1897 5761 2145 5817 urbs'l‘a-

2256 5701 2364 5754 cla,
2398 5699 2455 5744 et
2503 5686 3139 5760 Anastasiopolisetiam
3166 5683 3362 5760 dlicta,
3399 5677 3572 5760 Nisibi
3625 5673 3798 5760 vicina.

2258 5741 2610 5830 (citatas)
2628 5741 2934 5830 caussa“
2953 5741 3080 5813 uss
3102 5755 3232 5812 urbs
3265 5769 3294 5807 a
3325 5741 3509 5807 Persis
3535 5761 3671 5804 anno
3694 5741 3798 5798 574.
