4018 6524
667 380 692 392 δ

175 420 306 489 εδει

1083 411 1469 476 ΗΙδΤΟΒΙιΕ
1506 413 2099 478 ΕΩΟΕΕΞΙΑΞΤΙΟᾸΞ
2141 415 2373 476 LIBER
2411 417 2480 478 V.

3278 387 3420 484 2322

172 538 231 589 τδ
256 534 410 602 θέρος
425 528 517 582 ἐπὶ
545 499 642 598 τὴν
667 524 963 598 Ἀρμενῐαν
987 526 1282 589 ἐλάσαντα,
1308 523 1521 577 ἐκεῖθέν
1550 540 1608 576 τε
1635 525 1737 588 τὰς

1849 538 1987 596 ptam
2032 525 2224 580 urbem
2257 526 2459 588 Daras,
2496 524 2786 580 confestim
2832 527 3024 582 aestivo
3073 537 3319 601 tempore
3362 533 3417 588 in

170 626 347 694 ὁρμὰς
373 620 463 674 ἐπὶ
481 621 579 689 τὴν
601 618 882 690 Καίσαρος
912 616 1127 688 ἔχοντα,
1157 618 1192 688 ἢ
1223 617 1332 671 τῶν
1352 616 1750 671 Καππαδοκῶν·

171 715 352 785 ἄρχει,
380 713 474 764 καὶ
499 710 608 765 τῶν
634 709 832 763 αὐτόσε
862 707 1212 779 προκάθηται
1248 708 1478 762 πόλεων.
1529 710 1626 773 Ὃς
1652 726 1742 762 το-

173 804 360 859 σοῦτον
413 801 780 872 ὑπερεφρόνει
831 799 932 871 τὴν
969 799 1261 870 Ῥωμαίων
1292 801 1511 870 ἀρχὴν,
1561 801 1643 854 ὅτι
1679 817 1742 870 γε

168 893 652 965 πρεσϐευσαμένου
686 893 782 947 τοῦ
820 892 1123 965 Καίσαρος,
1170 893 1270 946 οὐκ
1319 891 1474 963 ἠξίου
1512 893 1616 971 ’τῆς
1669 893 1744 957 ὡς

166 987 328 1041 αὑτὸν
359 985 544 1039 ὲσόδου
575 988 691 1048 τοῖς
721 986 985 1055 πρέσθεσι
1019 987 1344 1058 μεταδοῦναι
1371 1001 1386 1017 ·
1417 984 1648 1039 ἔπεσθαι
1684 985 1741 1039 δὲ

163 1080 375 1143 τούτοις
400 1077 736 1132 διεκελεύετο
764 1077 927 1150 μέχρι
951 1079 1049 1148 τῆς
1073 1078 1604 1149 Καίσαρος.Ἒκείσε
1635 1079 1744 1149 γὰρ

165 1177 295 1246 περὶ
338 1175 439 1245 τῆς
487 1175 786 1245 πρεσὸεἰας
833 1175 1152 1228 διασκοπεῖν
1196 1174 1402 1251 ἔλεγεν.
1441 1175 1528 1236 Ὠς
1580 1173 1624 1226 δ’
1653 1173 1745 1228 οὖν

163 1270 543 1336 ἁντιμέτωπον
565 1260 669 1323 εἶδε
693 1270 754 1322 τὸ
767 1269 1055 1340 Ῥωμαίων
1082 1270 1397 1339 στράτευμα
1417 1270 1519 1333 ὑπὸ
1535 1270 1745 1322 ἰουστι-

162 1361 334 1433 νιανῷ
373 1361 520 1430 (69)
577 1362 942 1430 ταττόμενον,
1009 1361 1256 1430 τάδελφῷ
1307 1360 1598 1412 Ἰουστίνου
1650 1359 1742 1412 τοῦ

164 1458 304 1526 πρὸς
337 1453 629 1507 ἰουστίνου
679 1453 932 1516 δειλαίως
967 1453 1314 1524 ἀνῃρημένου
1344 1441 1745 1523 (70),έάκριϐὦς

163 1545 576 1613 ἐξωπλισμένον
600 1583 615 1608 ,
649 1544 711 1595 τό
736 1561 793 1596 τε
828 1543 1072 1596 ἐνυάλιον
1112 1544 1211 1605 τὰς
1243 1543 1551 1611 σάλπιγγας
1577 1541 1744 1612 ἠχού-

165 1627 284 1700 σας,
339 1637 435 1689 καὶ
474 1637 543 1689 τὰ
576 1639 778 1705 σημεῖα
825 1635 960 1706 πρὸς
1007 1637 1189 1705 μάχην
1236 1635 1521 1706 αἰρόμενα,
1561 1636 1651 1688 τόν
1684 1651 1744 1686 τε

165 1726 510 1797 στρατιώτην
546 1726 788 1794 φονῶντα
811 1767 828 1791 ,
873 1728 964 1778 καὶ
1012 1725 1187 1796 θυμοῦ
1227 1726 1365 1796 μετὰ
1389 1727 1489 1790 τῆς
1523 1728 1578 1786 ἐς
1609 1727 1745 1792 ἄγαν

162 1817 464 1886 εὐκοσμίας
496 1817 723 1870 πνέοντα
748 1857 761 1881 ,
806 1818 969 1870 ἵππον
1000 1835 1058 1870 τε
1113 1817 1380 1888 τοσαύτην
1423 1820 1516 1870 καὶ
1564 1819 1745 1870 τοιαύ-

160 1927 261 1980 την
297 1913 370 1975 ¹⁶,
398 1911 464 1982 ἢν
487 1910 662 1977 ούδεῖς
691 1911 906 1964 πώποτε
932 1909 1196 1981 βασιλέων
1217 1912 1544 1981 ἐφαντάσθη,
1576 1911 1745 1966 πολλὰ

160 2019 224 2070 γε
255 2002 604 2068 ἐπιθειάσας,
639 2000 908 2071 ἀνῴμῳξε
955 2001 1144 2072 μύχιον
1174 2003 1310 2071 πρὸς
1341 2003 1403 2054 τὸ
1431 2001 1620 2055 ἄνελπι
1655 2003 1748 2054 καὶ

160 2093 434 2162 ἀδόκητον
460 2109 474 2124 ·
502 2095 596 2146 καὶ
632 2094 811 2164 μάχης
843 2095 940 2147 οὐκ
970 2094 1159 2165 ἤθελον
1194 2094 1402 2164 ἄρχειν.
1422 2093 1746 2147 Ἀναὸαλλοσ

165 2184 323 2254 μένῳ
351 2185 406 2238 δὲ
431 2183 576 2254 αὐτῷ
600 2187 693 2239 καὶ
721 2184 1060 2254 διαμέλλοντι
1088 2227 1102 2251 ,
1135 2187 1230 2240 καὶ
1261 2185 1351 2237 τὸν
1391 2185 1578 2256 καιρὸν
1624 2185 1746 2256 τρε-

161 2279 342 2344 σοντι,
383 2281 476 2333 καὶ
509 2279 846 2349 σοφιζομένῳ
878 2280 976 2348 τὴν
1013 2279 1210 2348 μάχην,
1264 2277 1437 2331 ἔπεισι
1489 2279 1670 2348 Κοὺρς
1721 2280 1750 2330 ὁ

161 2370 387 2439 Σκύθης
413 2371 548 2439 (71),
589 2370 727 2441 ἀνὴρ
759 2371 850 2422 τοῦ
887 2368 1061 2433 δεξιοῦ
1090 2368 1265 2438 κέρως
1299 2369 1620 2438 ἡγούμενος.
1641 2370 1750 2422 Καὶ

165 2463 239 2532 μὴ
269 2463 411 2515 οἴων
431 2480 489 2514 τε
519 2461 830 2531 γενομένων
850 2463 1092 2529 ἐνεγκεῖν
1112 2462 1211 2528 τὴν
1241 2460 1475 2531 ἐμϐολὴν
1495 2459 1603 2512 τῶν
1627 2463 1746 2512 κατ’

162 2549 338 2610 αὖτδν
371 2554 622 2626 Περσῶν,
655 2554 1046 2607 ἐκλελοιπότων
1072 2553 1129 2606 δὲ
1166 2553 1310 2624 μάλα
1348 2553 1614 2624 λαμπρῶς
1650 2552 1747 2624 τὴν

85 2717 88 2720 τ
159 2648 328 2713 τάξιν
347 2686 363 2710 ,
398 2647 568 2700 πολὺν
613 2646 710 2716 μὲν
741 2629 1037 2715 εἶργάσατο
1065 2647 1224 2714 φόνον
1255 2645 1364 2698 τῶν
1393 2646 1744 2708 ἀπεναντίας.

165 2738 399 2789 Ἐπεισί
431 2736 488 2788 δὲ
516 2738 630 2798 τοῖς
659 2736 936 2804 οὐραγοῖς,
985 2734 1111 2787 ἔνθα
1141 2737 1232 2786 καὶ
1266 2734 1364 2803 τὴν
1396 2733 1750 2805 ἀποσκευὴνό

161 2843 221 2879 τε
253 2824 510 2895 Χοσρόης
538 2825 630 2877 καὶ
649 2826 678 2878 ὁ
707 2825 928 2893 σύμπας
952 2814 1068 2893 εἶχε
1098 2824 1326 2893 στρατός
1357 2839 1372 2854 ⁸
1405 2825 1552 2894 αἱρεῖ
1573 2841 1632 2876 τε
1656 2823 1751 2893 βα-

166 2915 364 2968 σιλικὰ
399 2916 658 2985 κειμήλια
683 2914 1068 2978 ἁπαξάπαντα,
1106 2917 1202 2967 καὶ
1229 2914 1334 2985 μὴν
1365 2915 1458 2967 καὶ
1485 2914 1584 2985 τὴν
1613 2915 1748 2967 ἀπο-

166 3005 382 3073 σκευὴν
407 3004 644 3066 ἅπασαν,
676 3004 910 3074 ὁρῶντος
947 3004 1046 3074 μὲν
1072 3006 1334 3077 Χοσρόου,
1360 3007 1452 3081 καὶ
1482 3008 1750 3076 ἐγκαρτε-

168 3097 421 3169 ροῦντος,
454 3097 810 3166 ἀνεκτοτέραν
835 3097 892 3150 δὲ
915 3098 1013 3168 τῆς
1047 3097 1241 3150 ἑαυτοῦ
1273 3099 1607 3168 ἐπιστροφῆς
1634 3099 1746 3169 (Η)

1839 616 2157 671 Armeniam
2174 617 2480 686 irruperat,
2520 624 2685 685 alque
2726 617 2852 672 inde
2877 617 3181 681 Caesaream
3210 621 3418 692 Cappa-

1842 708 2013 763 dociae
2045 718 2101 763 et
2128 709 2464 778 reliquarum
2487 709 2600 763 illic
2622 710 2843 765 urbium
2871 715 3218 784 metropolim
3260 717 3419 772 inva-

1843 800 1974 856 dere
2009 801 2405 855 meditabatur:
2428 801 2586 873 Ml
2617 802 2990 860 Romanorum
3013 817 3195 863 autem
3241 809 3419 882 impe-

1844 890 1988 943 rium
2014 897 2299 959 tantopere
2321 891 2684 960 despiciebat,
2707 899 2764 946 ut
2784 909 2908 948 cum
2926 894 3107 950 Caesar
3123 899 3331 968 legatos
3353 902 3419 954 ad

1843 997 1967 1037 eum
2030 983 2288 1050 misisset,
2325 999 2422 1040 eos
2470 975 2923 1054 adiconspectum
2980 1004 3139 1043 suum
3199 991 3420 1048 minime

1844 1073 2147 1139 admiserit,
2196 1075 2292 1130 sed
2331 1091 2506 1147 usque
2552 1075 2620 1129 ad
2675 1075 2868 1130 urbem
2913 1076 3216 1135 Caesaream
3267 1085 3420 1153 sequi

1845 1165 2023 1235 ipsum
2051 1167 2300 1236 jusserit.
2341 1168 2458 1222 lllic
2481 1167 2627 1222 enim
2652 1184 2712 1224 se
2739 1183 2935 1226 eorum
2971 1171 3301 1242 legationem
3320 1191 3420 1229 au-

1844 1262 2088 1315 diturum
2117 1277 2238 1316 esse
2264 1263 2464 1318 aiebat.
2505 1264 2709 1320 Verum
2739 1265 2832 1321 ubi
2864 1267 3239 1322 Romanorum
3265 1285 3422 1323 exer-

1843 1353 2014 1407 citum
2041 1363 2229 1407 contra
2262 1369 2319 1408 se
2344 1363 2489 1410 stare
2521 1357 2677 1422 vidit,
2722 1357 2862 1414 duce
2894 1359 3226 1427 Justiniano,
3256 1362 3422 1416 fratre

1841 1443 2044 1497 Justini
2075 1445 2193 1514 ejus
2242 1445 2334 1514 qui
2383 1445 2451 1499 ab
2496 1447 2826 1520 imperatore
2853 1449 3071 1504 Justino
3122 1450 3422 1506 crudeliter

1846 1535 2063 1590 occisus
2095 1537 2276 1590 fuerat
2310 1555 2322 1590 :
2365 1538 2537 1607 probe
2573 1538 2900 1594 instructum
2935 1551 3100 1610 atque
3127 1552 3420 1608 armatum,

1844 1636 1901 1679 et
1928 1627 2088 1681 tubas
2123 1628 2380 1684 bellicum
2418 1643 2700 1693 canentes,
2726 1642 2781 1686 ct
2809 1633 2962 1702 signa
2980 1633 3045 1686 ad
3070 1635 3422 1689 committen-

1847 1718 1971 1770 dam
2013 1733 2250 1787 pugnam
2286 1717 2339 1772 in
2381 1720 2552 1773 altum
2596 1722 2856 1775 sublata:
2896 1722 3126 1775 militem
3158 1734 3422 1792 pmeterea

1848 1808 2011 1863 credis
2039 1810 2283 1874 avidum,
2310 1821 2365 1865 et
2390 1827 2514 1867 cum
2552 1812 2926 1880 pulcherrimo
2965 1824 3160 1867 ornatu
3198 1815 3330 1868 iram
3359 1832 3425 1870 ac

1849 1900 2090 1954 furorem
2147 1903 2539 1969 anhelantem;
2602 1912 2813 1958 tantum
2863 1905 3101 1975 denique
3149 1923 3212 1961 ac
3263 1909 3422 1961 talem

1849 1999 2178 2068 equitatum,
2205 2009 2472 2069 quantum
2528 2003 2715 2056 nullus
2761 2019 2998 2073 unquam
3038 2020 3104 2058 ex
3130 2006 3427 2075 imperato-

1849 2092 2004 2146 ribus
2028 2092 2214 2146 animo
2236 2103 2593 2162 conceperat:
2616 2095 2974 2151 vehementer
2992 2097 3423 2168 obstupefactus,

1849 2182 2017 2234 altum
2054 2183 2322 2252 ingemuit
2351 2184 2423 2237 ob
2447 2200 2563 2238 rem
2597 2195 2704 2239 tam
2729 2187 3063 2256 insperatam
3086 2198 3250 2269 atque
3276 2189 3428 2243 inex-

1849 2280 2171 2340 spectatam,
2201 2288 2302 2327 nec
2335 2289 2569 2343 pugnam
2599 2275 2770 2329 ordiri
2791 2293 3029 2346 unquam
3061 2279 3252 2335 voluit.
3287 2280 3424 2336 Cum
3491 2281 3501 2304 ‘

1851 2363 2016 2433 igitur
2055 2365 2300 2434 praelium
2335 2367 2614 2432 dillerret,
2646 2378 2702 2423 et
2742 2371 3166 2427 cunctabundus
3208 2383 3428 2444 tempus

1851 2464 2074 2522 tereret,
2106 2467 2162 2511 et
2215 2475 2448 2529 pugnam
2483 2460 2748 2516 duntaxat
2780 2463 3084 2531 simularet,
3109 2466 3248 2522 Curs
3295 2467 3428 2540 Scy—

1850 2545 1966 2611 tha,
2000 2547 2090 2616 qui
2124 2547 2317 2603 dextro
2367 2551 2560 2604 cornui
2599 2548 2851 2621 praeerat,
2882 2553 3149 2624 impetum
3202 2558 3258 2611 in
3298 2574 3426 2613 eum

1851 2638 2004 2693 facit.
2039 2639 2292 2709 Cumque
2328 2642 2510 2696 Persa:
2544 2643 2807 2713 impetum
2847 2645 2994 2700 illius
3017 2649 3290 2704 sustinere
3317 2667 3428 2706 non

1849 2739 2095 2799 possent,
2127 2731 2220 2784 sed
2261 2741 2450 2800 aperte
2477 2732 2699 2788 ordines
2726 2735 3065 2803 desererent,
3094 2739 3232 2795 Curs
3260 2742 3430 2796 maxi-

1850 2833 1996 2872 mam
2055 2819 2297 2874 hostium
2347 2828 2583 2891 stragem
2634 2823 2828 2878 edidit.
2864 2825 3074 2881 Deinde
3123 2839 3427 2885 extremum

1851 2925 2042 2981 agmen
2077 2911 2367 2966 Persarum
2394 2929 2690 2984 aggressus
2740 2927 2845 2982 est,
2907 2917 3001 2972 ubi
3046 2917 3318 2977 Chosroes
3371 2934 3431 2978 et

1853 3004 2146 3058 universus
2193 3005 2314 3075 ejus
2337 3007 2617 3090 exercitus
2651 3009 3043 3079 impedimenta
3097 3029 3160 3068 ac
3190 3016 3432 3072 sarcinas

1852 3097 2108 3153 habebat.
2136 3097 2381 3153 Cunctos
2430 3099 2596 3171 igitur
2631 3103 2775 3170 regis
2812 3102 3102 3172 thesauros
3126 3116 3181 3160 et
3212 3108 3433 3163 univer-

165 3189 263 3243 τοῦ
306 3179 488 3260 Κουρς
517 3190 840 3259 ἡγουμένου.
887 3181 1055 3250 Οὗτος
1090 3188 1188 3254 μὲν
1226 3187 1318 3241 οὖν
1351 3190 1446 3241 σὺν
1473 3192 1584 3251 τοῖς
1611 3190 1747 3264 ἀμφ’

1851 3205 1940 3244 sas
1983 3191 2230 3245 sarcinas
2277 3191 2445 3260 cepit,
2481 3190 2880 3260 ipso'Chosroe
2918 3203 3203 3262 spectante
3269 3208 3432 3267 atque

169 3281 342 3335 αὐτὸν
373 3280 621 3350 μεγάλων
647 3279 944 3350 χρημάτων
973 3283 1063 3332 καὶ
1089 3279 1344 3349 λαφύρων
1365 3279 1638 3350 ἐγκρατὴς
1664 3297 1754 3350 γε-

171 3373 402 3444 νόμενος
429 3412 444 3436 ,
495 3374 564 3427 τα
604 3391 663 3426 τε
715 3374 1021 3443 σκευοφόρα
1064 3372 1169 3424 τῶν
1226 3372 1380 3434 ζώων
1433 3373 1527 3424 σὺν
1571 3373 1752 3435 αὐτοῖς

173 3464 422 3535 φορτίοις
445 3464 648 3534 φέρων,
676 3465 732 3516 ὲν
763 3459 839 3525 οἷς
868 3465 959 3515 καὶ⁸
983 3463 1045 3514 τὸ
1077 3462 1317 3532 Χοσρόου
1344 3461 1604 3514 σεϐαστδν
1620 3459 1752 3532 πῦρ,

173 3553 371 3616 ὃΘεδς
423 3553 812 3622 καθειστήκει,
867 3552 1209 3622 περιελαύνει
1256 3552 1352 3621 μὲν
1411 3552 1472 3604 τὸ
1529 3551 1756 3624 Περσῶν

179 3648 547 3718 στρατόπεδον
569 3646 892 3710 παιανιζων.
941 3645 1272 3713 Ἀφικνεῖται
1323 3645 1377 3698 δὲ
1436 3644 1586 3713 παρὰ
1632 3646 1758 3708 τοὺς

177 3738 417 3800 οἰκείους
439 3739 580 3806 ἀμφὶ
607 3737 705 3800 τὰς
727 3735 1072 3804 ὲπιλυχνίους
1095 3733 1264 3803 ὧρας,
1283 3733 1385 3804 ἠδη
1409 3733 1759 3797 διαλυθέντας

259 3973 304 4004 ⁸⁸
335 3971 519 4024 ἵππων
544 3987 603 4022 τε
635 3969 904 4041 τοσαύτης
933 3970 1028 4023 καὶ
1049 3969 1327 4040 τοιαύτης.

1863 3280 2154 3346 tolerante,
2178 3289 2233 3334 et
2264 3279 2688 3349 impressionem
2709 3294 2862 3335 suam
2895 3280 3113 3336 facilius
3139 3299 3301 3352 quam
3329 3285 3434 3338 im-

1861 3384 2046 3438 petum
2077 3367 2216 3423 Curs
2245 3367 2508 3423 sustineri
2541 3383 2699 3437 posse
2729 3368 3096 3425 existimante.
3127 3369 3241 3425 lloc
3270 3371 3434 3426 modo

1861 3458 2004 3514 Curs
2027 3476 2133 3514 una
2173 3475 2298 3514 cum
2347 3459 2463 3514 suis
2517 3458 2810 3523 militibus,
2847 3461 3099 3515 maximis
3141 3463 3338 3530 Opibus
3371 3477 3436 3519 ac

1864 3551 2054 3621 spoliis
2105 3551 2334 3620 potitus.
2385 3558 2442 3606 et
2469 3551 2717 3621 jumenta
2741 3566 2866 3604 eum
2909 3551 3168 3606 omnibus
3207 3553 3436 3607 sarcinis

1865 3641 2145 3696 adducens
2201 3642 2346 3696 inter
2383 3657 2520 3710 quas
2545 3649 2665 3696 erat
2707 3641 2874 3696 etiam
2915 3643 3058 3712 ignis
3084 3659 3239 3698 sacer
3271 3659 3433 3713 quem

1866 3732 2140 3787 Chosroes
2203 3742 2263 3788 ut
2328 3733 2499 3788 Deum
2552 3735 2820 3790 colebat:
2866 3735 3159 3791 Persarum
3209 3735 3432 3806 quidem

1479 3873 1716 3930 VARUE
1748 3874 2150 3932 LECTIONES.

1371 4081 1646 4138 VALESII
1682 4081 2233 4138 ANNOTATIONES.

259 4181 369 4250 (69)
421 4178 568 4250 Ὑπὸ
628 4174 1043 4250 Ἰουστιιζιανῷ.
1098 4176 1272 4246 Hujus
1297 4175 1593 4250 Iustiniani
1640 4192 1756 4250 ma-

185 4243 362 4322 gis-tri"
407 4249 644 4322 militum
674 4263 792 4322 per
837 4246 1117 4322 Orientem
1166 4243 1417 4300 meminit
1459 4247 1757 4322 Menaner

186 4316 500 4383 Protector,
570 4318 624 4370 in
672 4316 765 4371 lib.
804 4333 856 4370 vr
908 4316 1301 4381 Historiarum;
1334 4333 1454 4385 pag.
1521 4316 1636 4370 159.
1691 4316 1758 4369 Ει

185 4390 670 4460 Τιιεοριιξιειριιιε,
693 4389 747 4441 in
774 4402 874 4460 cap
911 4387 1128 4460 12,7lib.
1161 4405 1238 4460 ιιι.
1275 4387 1352 4460 ,Ει
1385 4387 1624 4460 Joanpes
1663 4385 1754 4439 Bi-

185 4455 480 4514 clariénsis
530 4460 582 4511 in
635 4455 890 4513 Chronibo
929 4473 946 4511 :
987 4459 1138 4522 Anno
1188 4458 1221 4511 9
1261 4457 1456 4510 Justini
1505 4455 1758 4511 Chosroes

187 4529 476 4584 Persarum
520 4530 828 4599 imperator,
860 4545 978 4580 cum
1029 4529 1192 4580 nimia
1235 4527 1567 4579 multitudine
1607 4543 1759 4580 exer-

188 4602 347 4663 citus,
379 4601 448 4652 ad
478 4601 759 4652 vastandos
787 4599 1148 4652 Romanorum
1177 4599 1426 4650 terminos
1453 4607 1718 4665 promovet
1746 4616 1757 4650 :

186 4671 275 4722 cui
327 4669 658 4723 Justiniunus
700 4668 950 4721 Romame
1009 4670 1115 4720 dux
1164 4667 1367 4720 militia:
1412 4675 1459 4718 et
1514 4669 1764 4736 magister

189 4739 423 4791 militum
448 4738 673 4792 Orientis
730 4757 761 4791 a
793 4738 992 4791 Tiberio
1023 4739 1336 4798 destinatus,
1364 4736 1559 4789 bellum
1582 4746 1760 4804 parat,

188 4820 240 4861 et
279 4810 334 4862 in
371 4811 568 4878 campis
629 4812 720 4878 qui
760 4810 898 4861 inter
937 4809 1108 4862 Duras
1136 4817 1184 4858 et
1226 4807 1444 4860 Nisibim
1473 4815 1760 4878 ponantur,

190 4879 317 4946 forti
355 4876 540 4948 pugna
585 4876 912 4948 congressus,
947 4880 1139 4931 habens
1167 4893 1340 4930 secum
1374 4884 1552 4946 gentes
1583 4876 1762 4945 fortis-

188 4949 375 5012 simas,
415 4965 530 5013 qua:
561 4949 784 5001 barbaro
808 4964 1046 5001 sermone
1077 4948 1332 5000 llermani
1368 4955 1760 5016 nuncupantur,

191 5029 546 5072 memoratum
574 5020 951 5087 imperatorem
973 5017 1109 5071 bello
1145 5026 1380 5086 superat.
1410 5015 1764 5087 llaec'Pagius

190 5087 366 5142 refert
416 5087 484 5142 ad
530 5103 736 5142 annum
788 5087 994 5142 Christi
1045 5087 1170 5149 575,
1216 5103 1272 5140 ιι.
1304 5087 1367 5151 ,7.

267 5158 377 5228 (70)
432 5156 1057 5234 Ἰουστίνορρςιλαίιος
1071 5156 1471 5234 ἀνῃρημένοι-ί,
1497 5156 1654 5234 liunc
1676 5157 1760 5211 lo-

193 5241 322 5281 cum
359 5226 432 5282 ex
488 5242 619 5284 mss.
648 5226 947 5281 'codicibus
1000 5227 1316 5282 Florentino
1345 5237 1402 5280 et
1426 5226 1758 5291 Telleriano,

194 5294 280 5379 ita,
301 5297 598 5382 supple‘vi':
631 5296 930 5382 τ”ἁδελφιξξ
983 5297 1267 5382 Ἰουῐστίνου
1316 5297 1591 5382 τούπρὸς
1624 5299 1761 5377 ’Ἰου-

196 5367 378 5438 στίνου
405 5366 654 5438 δειλαίους
672 5367 1045 5438 λακιῃρημέκιου.
1071 5367 1200 5422 Erat
1224 5383 1354 5436 ergo
1386 5367 1757 5438 hic__Justinia-

193 5452 301 5490 nus
345 5435 602 5495 Germani
631 5435 983 5504 lilius,quod
1019 5446 1253 5490 testatur
1273 5435 1439 5490 etiam
1472 5436 1761 5505 Theophy-

193 5505 371 5560 laetus
402 5505 456 5559 in
492 5508 588 5559 lib.
647 5521 703 5558 ιιι
741 5506 911 5559 frater
952 5507 1153 5560 Justini
1203 5508 1368 5569 illius,
1404 5507 1494 5574 qui
1551 5505 1618 5558 ab
1660 5507 1762 5558 im-

133 5587 152 5604 κ
193 5585 447 5645 peratore
473 5577 796 5630 interfectus
817 5577 1016 5641 fuerat,
1043 5584 1102 5630 ut
1123 5577 1572 5645 refertEvagrius
1602 5576 1760 5630 initio

235 5647 359 5700 uius
391 5646 539 5699 libri.

265 5663 650 5783 Effigiem
691 5714 881 5782 Κίιὺρς
945 5718 976 5768 ό
997 5715 1282 5780 Σκούθης.
1310 5715 1483 5784 Hujus
1504 5713 1610 5768 viri
1643 5731 1758 5769 me-

195 5785 354 5856 minit
405 5785 847 5856 Theophylactus
899 5786 953 5856 in
1015 5785 1118 5856 lib.
1170 5799 1247 5856 ιιι,
1304 5800 1404 5853 cap
1449 5785 1547 5850 16;
1595 5795 1652 5839 et
1704 5786 1757 5838 in

195 5802 354 5839 mmu
412 5802 557 5839 meo
601 5802 847 5856 nyraetus
899 5802 953 5838 ιιι
1022 5802 1118 5840 ιιι).
1170 5802 1247 5846 ιιι,
1304 5802 1404 5853 cap
1449 5802 1547 5850 ιυ;
1595 5802 1652 5839 et
1704 5802 1756 5838 In

192 5853 291 5911 lib.
333 5871 371 5920 ι,
420 5869 522 5928 cap
651 5855 864 5922 Quibus
904 5855 964 5911 in
1012 5853 1150 5910 locis
1200 5853 1478 5924 interpres
1527 5856 1756 5912 Latinus

1865 4176 2121 4230 Cursium
2169 4174 2354 4229 vertit.
2411 4173 2606 4229 Melius
2649 4183 2831 4230 tamen
2867 4174 3100 4231 Cursum
3152 4177 3430 4235 vertisset.

1866 4245 1956 4300 Sic
1978 4246 2124 4299 enim
2159 4261 2283 4300 eum
2308 4253 2465 4299 voeat
2497 4245 2794 4300 Menander
2827 4247 3118 4301 Protector
3162 4247 3216 4300 in
3254 4248 3349 4302 lib.
3380 4267 3432 4305 γι

1863 4315 2240 4388 Historiarum,
2287 4331 2408 4385 pag.
2449 4315 2568 4379 159,
2598 4316 2884 4388 editionis
2925 4317 3115 4388 regite.
3148 4317 3204 4370 In
3252 4317 3432 4373 Theo-

1864 4386 2061 4458 phanis
2078 4385 2355 4458 Chronic-0,
2389 4401 2509 4456 pag.
2547 4386 2671 4458 2M.
2701 4387 2880 4458 βροὺς
2904 4385 3128 4450 dicitur,
3152 4399 3430 4458 corrupte.

1939 4456 2048 4523 (72)
2101 4453 2520 4521 Ἀνεκτοτέράν
2556 4456 2624 4507 δὲ
2652 4453 2762 4521 τῆς
2791 4456 3008 4509 ἑαυτοῦ
3040 4453 3429 4524 ἐπιστροςὸῆς.

1866 4527 2033 4596 Magis
2070 4527 2244 4594 probo
2277 4525 2564 4580 lectionem
2623 4524 2939 4596 Nicephori,
2974 4541 3096 4594 qua:
3134 4527 3215 4596 sic
3238 4527 3429 4581 habet:

1881 4593 2264 4664 Ἀεῖεκτοτέραν
2309 4597 2365 4648 δὲ
2394 4597 2487 4666 τὴν
2518 4593 2710 4648 ἑαυτοῦ
2748 4593 3082 4664 ἐπιστροφὴν
3126 4595 3218 4666 τοῦ
3254 4597 3433 4666 Χοὺρς

1868 4668 2188 4736 ἡγουμένου.
2230 4665 2462 4720 Tantum
2491 4666 2706 4718 mallem
2749 4667 3040 4736 articulum
3074 4665 3274 4718 addere
3331 4665 3436 4720 hac

1866 4737 2029 4790 modo
2056 4754 2068 4788 :
2096 4737 2189 4803 τῆς
2228 4736 2320 4788 τοῦ
2356 4737 2533 4801 Χοὺρς
2563 4736 2890 4803 ἡγουμένου.
2945 4735 3002 4788 ld
3033 4745 3135 4793 est,
3177 4745 3236 4787 ut
3268 4737 3434 4790 vertit

1862 4806 2102 4860 Joannes
2130 4805 2345 4874 Langps
2379 4821 2392 4857 :
2424 4805 2570 4868 Quod
2598 4803 2817 4873 [acilius
2837 4807 3230 4874 impressionem
3259 4822 3433 4870 suam,

1900 4893 2024 4928 nam
2057 4876 2219 4944 ipsius
2257 4872 2392 4928 Curs
2424 4872 2672 4927 sustineri
2718 4890 2867 4942 posse
2893 4872 3234 4929 existimaret.
3263 4877 3434 4929 Porro

1900 4893 2024 4928 nam
2057 4893 2219 4944 ipsius
2259 4893 2392 4928 ours
2424 4893 2672 4927 sustineri
2718 4893 2867 4942 posse
2893 4893 3234 4929 existimaret.
3263 4893 3433 4929 rorro

1863 4893 2008 4999 Ytanc
2042 4946 2330 4998 Persarum
2369 4944 2570 5014 fugam,
2619 4953 2674 4997 et
2702 4945 3078 4998 Romanorum
3126 4945 3433 5012 victoriam,

1867 5015 2192 5084 Theophan.
2239 5013 2462 5082 quidem
2513 5013 2568 5066 in
2619 5015 2814 5067 Chron.
2848 5017 3016 5069 refert
3060 5024 3180 5084 post
3204 5026 3434 5070 inertem

1866 5085 2217 5157 imperatoris
2253 5085 2455 5157 Justini
2503 5084 2772 5157 Junioris,
2801 5085 3213 5157 cumTibet-ms
3244 5087 3435 5157 singu-

1866 5157 1980 5209 lare
2010 5155 2304 5228 imperium
2335 5155 2631 5228 obtineret.
2658 5154 2854 5228 Verum
2887 5154 3436 5228 'fheophylactusIex

1864 5240 1976 5295 quo
2018 5241 2116 5280 sua
2157 5223 2374 5280 videtur
2419 5223 2665 5278 hausisse
2721 5223 3435 5294 Theophanes,superstite

1866 5295 2048 5350 adhuc
2087 5295 2304 5349 Justino
2339 5296 2390 5348 id
2419 5296 2682 5350 accidisse
2729 5301 2979 5359 testatur,
3007 5311 3129 5348 eum
3180 5297 3436 5349 'l'iIu-rius

1864 5367 2098 5420 (lwsaris
2120 5366 2386 5421 duntaxat
2411 5381 2607 5419 nomen
2625 5381 2688 5418 ac
2709 5367 3034 5432 dignitatem
3053 5379 3270 5434 gerens,
3295 5382 3438 5419 rem-

1864 5437 2140 5504 publicam
2177 5436 2605 5493 administraret.
2644 5444 2701 5487 ut
2753 5435 2940 5488 videre
2972 5445 3055 5488 est
3079 5451 3131 5488 ιιι
3166 5451 3284 5504 cap.
3347 5437 3432 5497 Μ,

1863 5506 1958 5574 ιιι).
1991 5522 2067 5558 ιιι.
2121 5505 2219 5559 Cui
2244 5505 2518 5560 consentit
2546 5505 2809 5573 Evagrius
2844 5515 3034 5558 noster
3066 5522 3079 5556 :
3107 5506 3310 5574 quippe
3339 5507 3434 5574 qui

1864 5570 2099 5629 inortem
2146 5576 2345 5629 .lustini
2379 5575 2623 5630 Junioris
2662 5570 2829 5628 refert
2881 5575 3042 5635 infra,
3090 5570 3142 5628 in
3188 5570 3306 5643 cap.
3343 5570 3430 5640 {9,

1862 5645 2026 5715 hujus
2068 5646 2216 5698 libri.
2253 5645 2352 5699 Ubi
2390 5647 2596 5699 diserte
2625 5645 2819 5700 scribit
2866 5644 3173 5715 Tiberium,
3215 5652 3432 5700 mortuo

1861 5713 2080 5787 demum
2104 5715 2344 5787 Justino,
2377 5715 2620 5787 magistri
2648 5715 2886 5770 militum
2920 5713 3239 5782 dignitatem
3267 5716 3436 5771 abro~

1860 5802 2016 5856 gasse
2046 5785 2378 5841 Justiniauo.
2475 5785 2488 5787 ⁷
3247 5797 3255 5804 “
