3908 6490
544 407 686 476 2827

1063 524 1230 600 ω
1251 527 1406 585 CAP.
1436 528 1625 587 xvm.

724 620 803 675 De
829 628 976 676 motu
1002 622 1254 678 adversus
1274 624 1591 680 sceleratum
1622 623 1960 681 Anatolium.

616 803 750 859 Erat
805 811 939 859 tunc
998 804 1307 861 Antiochiae
1364 806 1653 863 Anatolius
1716 808 1938 880 quidam
1973 849 1989 873 ,
2053 809 2141 863 vir

546 895 709 953 initio
740 897 964 969 quidem
1019 913 1163 953 unus
1216 914 1284 953 ex
1343 899 1542 970 plebe,
1600 909 1657 955 et
1719 916 1787 956 es
1844 901 2140 957 sellulariis

547 988 873 1062 opiﬁcibus;
926 991 1023 1046 sed
1071 990 1167 1062 qui
1214 998 1406 1062 postea
1455 992 1524 1047 ad
1583 993 1938 1065 magistratus
1969 1002 2027 1049 et
2066 993 2137 1048 ad

547 1085 655 1139 alia
721 1100 953 1141 munera
1011 1086 1202 1143 nescio
1270 1102 1381 1158 quo
1464 1087 1630 1143 modo
1688 1088 2008 1160 irrepserat.
2080 1088 2141 1144 In

546 1193 612 1233 ea
653 1177 822 1251 igitur
869 1179 1007 1234 urbe
1037 1178 1282 1251 degens,
1306 1196 1429 1251 quae
1472 1187 1590 1234 tum
1632 1180 1872 1236 habebat
1922 1180 2143 1252 negotia

548 1269 992 1326 administrabat.
1066 1270 1147 1326 Ex
1204 1286 1316 1342 quo
1384 1271 1589 1328 factum
1638 1282 1762 1340 est,
1834 1280 1897 1327 ut
1966 1273 2143 1327 maxi-

552 1379 700 1419 mam
766 1363 1199 1420 familiaritatem
1263 1365 1617 1421 contraheret
1681 1381 1808 1421 cum
1877 1365 2144 1436 Gregorio

552 1455 708 1513 illius
760 1454 917 1509 urbis
968 1455 1236 1511 antistite.
1291 1454 1507 1527 Quippe
1574 1456 1729 1511 illum
1784 1456 1973 1511 adibat
2031 1455 2145 1511 fre-

548 1546 909 1617 quentissime
939 1585 955 1611 ,
1028 1545 1225 1616 partim
1278 1554 1340 1600 ut
1391 1561 1517 1601 cum
1574 1560 1642 1602 eo
1695 1545 2144 1616 colloqueretur,

547 1638 751 1710 partim
799 1647 861 1693 ut
906 1652 975 1691 ex
1022 1636 1217 1691 crebra
1257 1635 1505 1708 ejusdem
1538 1636 1938 1692 consuetudine
1972 1636 2147 1708 majo-

556 1748 675 1787 rem
722 1728 827 1786 sibi
858 1730 1245 1786 auctoritatem
1298 1729 1641 1785 conciliaret.
1698 1729 1800 1785 Hic
1850 1728 2147 1800 aliquando

548 1827 659 1883 diis
700 1823 1041 1881 sacrificasse
1074 1823 1459 1895 deprehensus
1499 1831 1606 1879 est.
1650 1822 1902 1895 Cumque
1932 1838 1999 1878 eo
2042 1837 2148 1878 no-

552 1918 703 1972 mine
746 1916 803 1971 in
837 1914 1109 1987 judicium
1140 1922 1370 1971 vocatus
1395 1922 1565 1981 esset,
1614 1914 1878 1970 inventus
1908 1921 1993 1970 est
2026 1929 2151 1971 sce-

552 2002 764 2067 leratus
812 2024 877 2065 ac
917 2006 1307 2081 praestigiator,
1352 2020 1409 2063 et
1453 2007 1767 2063 innumeris
1797 2006 2023 2079 ﬂagitiis
2054 2023 2151 2063 co-

552 2114 803 2176 opertus.
832 2102 1036 2159 Verum
1056 2102 1314 2157 comitem
1334 2100 1578 2157 Orientis
1606 2101 1856 2171 corrupit
1889 2099 2148 2171 pecunia,

549 2211 858 2268 parumque
888 2195 1068 2251 abfuit
1088 2196 1223 2266 quin
1240 2194 1622 2251 dimitteretur
1645 2211 1757 2251 una
1774 2210 1903 2250 cum
1927 2194 2101 2251 sociis
2130 2213 2143 2249 :

548 2290 793 2347 habebat
832 2288 981 2345 enim
1009 2288 1148 2343 alios
1198 2287 1447 2359 ejusdem
1483 2287 1679 2347 farinae
1722 2287 1998 2355 homines,
2050 2287 2147 2360 qui

550 2380 717 2438 simul
749 2396 876 2436 cum
906 2379 1026 2451 ipso
1042 2379 1432 2450 comprehensi
1466 2379 1687 2437 fuerant
1719 2398 1732 2435 :
1765 2380 1873 2437 nisi
1907 2381 2149 2452 papulus

548 2474 877 2545 insurgens,
926 2470 1081 2544 gravi
1138 2471 1411 2528 seditione
1457 2473 1697 2528 excitata
1746 2472 1798 2528 id
1847 2473 2145 2529 consilium

548 2565 921 2621 discussisset.
960 2562 1067 2619 Sed
1095 2573 1153 2618 et
1183 2572 1375 2619 contra
1408 2563 1587 2634 ipsum
1611 2565 1911 2621 antistitem
1937 2566 2146 2621 vocife-

548 2659 855 2725 rabantur,
907 2671 1037 2712 eum
1085 2672 1310 2728 quoque
1362 2656 1513 2712 illius
1557 2658 1774 2714 consilii
1818 2659 2145 2730 participem

548 2769 669 2809 esse
698 2753 1020 2808 clamantes.
1046 2750 1426 2807 Turbulentus
1469 2752 1636 2807 etiam
1682 2761 1851 2825 atque
1900 2753 2145 2811 exitialis

548 2844 777 2916 quidam
806 2844 1022 2899 daemon
1064 2843 1351 2899 nonnullis
1391 2853 1764 2915 persuaserat,
1819 2862 1947 2902 eum
1986 2846 2139 2903 dete-

549 2936 765 2993 standis
810 2935 1098 2991 sacrificiis
1160 2951 1269 2991 una
1320 2951 1446 2991 cum
1494 2935 1750 2991 Anatalio
1800 2937 2138 2996 interfuisse.

549 3029 665 3085 Hac
705 3027 773 3083 de
807 3043 972 3083 causa
1005 3025 1303 3098 Gregorius
1367 3026 1423 3081 in
1472 3035 1782 3083 extremum
1838 3027 2139 3083 discrimen

549 3120 822 3176 adductus
859 3127 965 3185 est,
1023 3134 1150 3174 cum
1185 3118 1423 3189 populus
1471 3118 1825 3188 gravissimas
1876 3119 1935 3174 in
1982 3119 2139 3175 illum

1772 415 2088 479 EVAGRII
2128 414 2616 514 SCHOLASTICI

2165 538 2212 593 Δ

3678 420 3798 487 2828

2844 533 3095 592 ΚΕΦΑΛ.
3127 534 3239 590 1Η’.

2240 622 2385 693 Περὶ
2407 622 2520 693 τῆς
2544 622 3017 691 ἐπαναστάσεως
3050 625 3140 694 (ο),
3175 624 3289 694 τῆς
3317 624 3472 680 κατὰ
3516 623 3624 679 τὸν
3644 624 3799 695 ἐναγῆ

2858 696 3223 751 Ἀνατόλιον.

2326 806 2633 871 ’Δνατόλιός
2658 824 2762 872 τις,
2796 807 2993 881 πρῶτα
3023 808 3125 880 μὲν
3158 801 3240 872 εἷς
3280 807 3393 861 τῶν
3414 807 3630 863 πολλῶν
3650 825 3702 861 τε
3727 810 3802 863 καὶ

2243 898 2569 971 ὲπιδιφρίων
2589 899 2700 971 (80)
2724 902 3032 967 καθεστὼς.
3056 900 3285 975 ὕστερον
3310 901 3369 957 δὲ
3393 903 3594 975 ἀρχαῖς
3637 918 3692 956 τε
3725 906 3802 957 καὶ

2246 990 2457 1062 ἑτέροις
2480 991 2801 1063 πράγμασιν
2824 993 2928 1047 οὐκ
2946 987 3044 1047 οἷδ’
3075 994 3223 1057 ὅπως
3247 994 3607 1063 ὲπεσφρήσας
3622 993 3801 1055 ἑαυτὸν,

2245 1083 2351 1136 ἀνὰ
2382 1083 2484 1154 τὴν
2514 1082 2894 1140 Θεουπολιτῶν
2924 1086 3025 1158 τὴν
3070 1085 3282 1140 δίαιταν
3326 1079 3496 1156 εἶχεν.
3543 1084 3705 1138 Ἔνθα
3731 1089 3806 1138 καὶ

2245 1174 2435 1247 διῴκει
2477 1176 2549 1232 τὰ
2587 1179 2645 1232 ὲν
2674 1178 2839 1250 χερσὶ
2883 1160 3222 1253 πράγματα,
3258 1177 3320 1244 ἒξ
3349 1171 3425 1234 ὧν
3459 1179 3559 1233 καὶ
3596 1178 3805 1250 συνήθης

2251 1269 2488 1340 μάλιστα
2542 1269 2834 1344 Γρηγορίῳ
2884 1270 3105 1339 γεγόνει
3148 1269 3228 1343 τῷ
3260 1271 3374 1341 ⁸’τῆς
3428 1270 3805 1341 αύτῆςπόλεως

2249 1362 2500 1435 προέδρῳ
2522 1377 2537 1392 ·
2569 1364 2742 1433 συχνά
2763 1381 2822 1417 τε
2848 1366 2979 1436 παρ’
3006 1363 3172 1417 αὐτὸν
3199 1364 3395 1433 ἐφοίτα
3419 1404 3437 1430 ,
3476 1364 3547 1417 τὰ
3578 1364 3673 1436 μὲν
3693 1406 3708 1429 ,
3731 1368 3807 1419 καὶ

2249 1454 2554 1527 πράγματα
2582 1455 2968 1527 διαλεξάμενος
2988 1454 3125 1527 (8|)°
3154 1456 3223 1510 τὰ
3246 1455 3323 1521 δὲ,
3348 1456 3444 1511 καὶ
3476 1456 3649 1527 μείζω
3669 1457 3804 1511 δύνα-

2253 1564 2347 1620 μιν
2367 1549 2431 1601 ὲκ
2456 1547 2555 1619 τῆς
2586 1547 2724 1619 πρὸς
2750 1549 2913 1602 αὑτὸν
2947 1548 3202 1620 ἀσχολίας
3224 1548 3530 1620 μνώμενος.
3560 1544 3717 1614 Οὗτος
3734 1552 3807 1603 ἐπὶ

2252 1639 2473 1705 θυσίαις
2505 1641 2621 1712 ἥλω
2650 1682 2666 1707 ,
2698 1641 2797 1696 καὶ
2826 1641 2965 1714 πρὸς
2990 1641 3222 1706 εὐθύνας
3272 1642 3532 1713 κληθεὶς,
3578 1645 3805 1715 ἐφωράθη

2252 1734 2560 1804 ἐξάγιστος,
2590 1735 2687 1789 καὶ
2713 1735 2868 1807 γόης,
2898 1737 2993 1789 καὶ
3015 1735 3233 1808 μυρίοις
3255 1736 3607 1808 ἀτοπήμασιν
3626 1738 3806 1808 ἐνειλη-

2258 1826 2441 1897 μένος.
2492 1824 2801 1891 Ἐξωνεῖται
2823 1826 2882 1880 δὲ
2900 1826 2993 1882 τὸν
3026 1826 3126 1898 τῆς
3168 1826 3339 1899 Ἐῴας
3366 1829 3668 1900 ἡγούμενον
3687 1846 3701 1861 ο
3730 1830 3806 1883 καὶ

2258 1918 2461 1992 μικροῦ
2491 1918 2559 1974 ἂν
2590 1918 2796 1992 ἀφείθη
2828 1920 2926 1975 σὺν
2980 1922 3097 1984 τοῖς
3130 1922 3271 1991 ἀμφ’
3301 1921 3491 1977 αὐτόν.
3552 1918 3671 1993 Εἶχε
3716 1923 3806 1994 γὰρ

2254 2012 2352 2066 καὶ
2376 2012 2601 2083 ἑτέρους
2627 2013 2973 2086 ὁμοτρόπους
2991 2053 3011 2079 ,
3042 2014 3094 2067 οἳ
3137 2014 3461 2086 συνήλωσαν
3481 2030 3499 2048 ο
3530 2016 3579 2068 ει
3610 2016 3681 2087 μή
3706 2033 3763 2084 γε
3785 2018 3808 2067 ό

2252 2103 2389 2169 λεὼς
2425 2105 2689 2171 ἀναστὰς,
2725 2107 2821 2161 καὶ
2849 2106 3029 2161 πάντα
3058 2108 3311 2179 κυκήσας
3331 2147 3348 2173 ,
3380 2108 3443 2162 τδ
3490 2109 3708 2181 σκέμμα
3746 2110 3807 2163 διο

2252 2198 2463 2254 έλυσεν.
2499 2199 2779 2254 Ἐπεὸόων
2807 2200 2865 2254 δὲ
2894 2199 2992 2255 καὶ
3019 2201 3162 2254 κατὰ
3180 2200 3275 2254 τού
3303 2201 3518 2273 ἱερέως,
3542 2203 3807 2272 φάσκοντες

2250 2291 2348 2347 καὶ
2372 2291 2538 2348 αὑτὸν
2572 2292 3027 2364 κοινωνῆσαιτοῦ
3058 2293 3449 2366 βουλεύματος.
3482 2296 3806 2367 Ταραξῐαςδέ

2248 2401 2335 2449 τις
2361 2387 2458 2438 καὶ
2478 2384 2761 2457 ἀλιτήριος
2789 2384 3003 2457 δαίμων
3035 2386 3327 2441 ἀνέπεισεν
3372 2387 3552 2452 ἐνίους
3594 2388 3717 2459 (8‘2),
3745 2388 3805 2451 ὡς

2247 2477 2346 2531 καὶ
2373 2475 2589 2541 θυσίαις
2638 2477 2736 2531 σὺν
2775 2477 3075 2549 ’Δνατολίῳ
3120 2478 3524 2551 παρενέϐαλεν.
3557 2479 3805 2534 Ἐντεῦθεν

2247 2569 2344 2624 καὶ
2374 2569 2519 2641 πρὸς
2553 2569 2784 2642 ἔσχατον
2813 2566 2946 2643 ἦλθε
2980 2571 3230 2626 κινδύνου
3263 2573 3592 2645 Γρηγόριος,
3630 2574 3805 2644 ἐφόδων

2249 2660 2505 2733 μεγάλων
2536 2663 2657 2718 κατ’
2685 2663 2852 2718 αύτοῦ
2876 2663 3016 2736 πρὸς
3048 2663 3145 2719 τοῦ
3170 2665 3235 2737 δή
3244 2682 3348 2737 μου
3370 2668 3693 2737 γενομένων.
3716 2666 3805 2720 Καὶ

2245 2755 2502 2810 τοσοῦτον
2525 2756 2668 2830 ἤρθη
2699 2757 2769 2813 τὰ
2796 2757 2896 2829 τῆς
2922 2757 3200 2823 ὑπονοίας,
3234 2758 3310 2822 ὡς
3342 2760 3437 2814 καὶ
3477 2759 3693 2831 βασιλέα
3724 2761 3805 2813 Τι-

2246 2846 2430 2919 ϐέριον
2453 2847 2691 2921 ζητῆσαι
2723 2848 2826 2921 τὴν
2856 2847 3120 2920 ἀλήθειαν
3145 2849 3235 2905 διὰ
3257 2850 3358 2921 τῆς
3381 2850 3683 2906 ’Δνατολίου
3706 2868 3804 2920 φὺν

2243 2941 2343 3011 νῆς
2375 2941 2659 3011 ἐκμαθεῖν.
2695 2940 2930 2996 Κελεύει
2956 2941 3001 2995 δ’
3023 2938 3115 2995 οὖν
3132 2941 3229 2995 καὶ
3259 2943 3565 2997 Ἀνατόλιον
3593 2944 3679 2997 καὶ
3695 2944 3804 3007 τοὺς

2242 3033 2382 3105 ἀμφ’
2408 3034 2572 3087 αὑτὸν
2601 3035 2700 3105 τὴν
2730 3033 2997 3104 βασιλέως
3027 3035 3261 3106 τάχιστα
3288 3036 3798 3105 καταλαϐεῖν.’Δπερ
3904 3033 3905 3077 1

2242 3124 2499 3195 ἐγνωκὼς
2522 3126 2552 3180 ό
2576 3125 2905 3193 Ἀνατόλιος,
2936 3126 3031 3180 ἐπί
3054 3143 3202 3190 τινος
3225 3127 3435 3192 εἰκόνος
3447 3128 3545 3199 τῆς
3566 3128 3799 3182 Θεοτόκου

550 3213 956 3295 impressiones
1009 3211 1253 3267 fecisset.
1300 3212 1479 3283 Atque
1526 3212 1645 3268 haec
1684 3213 1929 3285 suspicio
1958 3222 2132 3269 tanto-

2245 3218 2380 3275 κατὰ
2409 3217 2508 3289 τὴν
2545 3217 2767 3290 εἱρκτὴν
2797 3217 3046 3289 καλωδίῳ
3092 3217 3446 3290 ᾐωρημένης,
3492 3216 3760 3290 ἐκδραμὼν
3781 3258 3797 3281 ,

549 3323 682 3380 pere
722 3306 984 3371 increvit,
1033 3314 1094 3360 ut
1140 3304 1399 3361 Tiberius
1450 3320 1674 3377 quoque
1727 3305 2031 3376 imperator
2073 3322 2141 3361 ex

552 3401 729 3472 ipsius
750 3399 993 3455 Anatolii
1013 3414 1111 3454 ore
1138 3399 1431 3453 veritatem
1456 3397 1675 3454 discere
1727 3398 1988 3453 voluerit.
2017 3398 2143 3454 Jus-

552 3496 627 3551 sit
656 3494 825 3566 igitur
855 3500 916 3548 ut
945 3492 1234 3548 Anatolius
1259 3506 1384 3547 cum
1415 3491 1582 3547 sociis
1607 3491 1675 3546 ad
1708 3492 1902 3547 urbem
1933 3491 2141 3563 regiam

552 3587 844 3643 confestim
874 3585 1299 3657 perduceretur.
1350 3583 1471 3651 Quo
1495 3592 1803 3655 comperto,
1851 3583 2141 3640 Anatolius

553 3680 621 3736 ad
657 3679 954 3751 imaginem
1000 3677 1249 3750 Deiparze
1296 3692 1419 3746 qua:
1459 3674 1592 3730 fune
1622 3691 1866 3747 appensa
1917 3684 2039 3732 erat
2084 3676 2139 3731 in

554 3788 798 3839 carcere,
836 3785 1170 3842 procurrens
1207 3768 1466 3823 manibus
1496 3777 1621 3839 post
1650 3776 1868 3839 tergum
1900 3767 2141 3824 circum-

552 3863 790 3935 plicatis,
822 3861 1088 3933 supplicis
1114 3871 1279 3930 atque
1307 3859 1521 3915 orantis
1559 3858 1802 3930 speciem
1838 3858 2016 3929 palam
2043 3874 2141 3913 ex-

552 3957 755 4012 hibuit.
792 3957 862 4010 At
886 3954 977 4009 illa
1022 3950 1304 4008 hominem
1355 3952 1665 4016 detestata,
1709 3961 1766 4007 et
1807 3951 2140 4007 sceleratum

552 4050 762 4120 Deique
792 4048 1007 4103 hostem
1054 4059 1407 4117 coarguens.',
1452 4045 1652 4101 faciem
1707 4060 1865 4101 suam
1919 4045 2142 4116 penitus

551 4154 702 4197 retro
742 4140 943 4197 avertit
980 4157 994 4194 :
1021 4139 1336 4210 spectaculo
1368 4138 1528 4209 plane
1558 4138 1861 4205 horrendo,
1892 4146 1950 4195 et
1999 4154 2145 4193 sem-

552 4235 771 4305 piterna
809 4234 1077 4288 memoria
1097 4231 1284 4303 digno,
1306 4231 1454 4302 quod
1486 4231 1554 4288 ab
1584 4232 1879 4297 universis,
1913 4242 2021 4287 tam
2045 4233 2141 4303 qui

552 4328 609 4382 in
662 4340 883 4382 carcere
905 4324 1105 4381 inclusi
1148 4323 1577 4391 detinebantur,
1625 4341 1795 4396 quam
1832 4326 1901 4382 iis
1935 4326 2141 4397 quibus

2241 3311 2339 3366 καὶ
2368 3310 2545 3364 ὀπίσω
2574 3308 2653 3364 τὼ
2695 3296 2851 3383 χεῖρε
2877 3309 3273 3383 περιστρέψας,
3294 3311 3387 3366 τὸν
3413 3310 3797 3366 ίκετεύοντακσὶ

2240 3404 2499 3475 δεόμενον
2554 3403 2917 3475 ἀπήγγειλεν.
2974 3404 3042 3459 Ἦ
3066 3403 3159 3470 δὲ,
3215 3402 3560 3475 μυσαχθεῖσα
3602 3402 3797 3458 καὶτὸν

2241 3495 2412 3567 ἐναγῆ
2449 3495 2547 3551 καὶ
2580 3495 2811 3568 θεομισῆ
2844 3495 3234 3568 διελέγχουσα,
3266 3496 3451 3552 τέλεον
3489 3499 3553 3551 ἐκ
3580 3495 3794 3567 conpita-

2241 3587 2328 3642 λιν
2368 3588 2483 3660 (85)
2521 3588 2898 3659 μετεστράφη,
2934 3587 3124 3659 θαῦμα
3155 3588 3454 3662 φρικῶδες,
3495 3591 3591 3643 καὶ
3613 3589 3701 3658 τῆς
3719 3588 3793 3640 ἀεὶ

2245 3682 2471 3753 μνήμης
2490 3680 2849 3754 ἄξιον.’οπερ
2875 3682 2981 3736 ὑπὸ
3004 3681 3225 3736 πάντων
3246 3681 3357 3736 τῶν
3372 3699 3432 3737 τε
3455 3680 3792 3753 ἑμφρουρίων,

2238 3772 2350 3825 τῶν
2380 3789 2441 3825 τε
2464 3767 2533 3826 αὖ
2568 3772 2670 3840 τὴν
2698 3771 2950 3843 φυλακὴν
2986 3770 3156 3825 αὐτοῦ
3189 3770 3285 3825 καὶ
3326 3770 3437 3825 τῶν
3476 3771 3614 3842 ἀμφ’
3661 3770 3790 3824 αὐτὸν

2242 3862 2699 3936 πεπιστευμένων
2727 3862 2944 3935 όραθὲν,
2970 3866 3085 3928 τοῖς
3113 3862 3247 3918 πᾶσι
3274 3862 3591 3936 διηγγέλθη.
3622 3864 3788 3938 Ὠρὰθη

2241 3956 2298 4012 δὲ
2329 3957 2427 4010 καὶ
2463 3955 2614 4029 ὕπαρ
2644 3956 2760 4010 τισὶ
2790 3956 2900 4009 τῶν
2933 3956 3142 4011 πιστῶν
3167 3995 3183 4020 .
3215 3957 3634 4028 παροτρύνουσα
3677 3955 3789 4010 κοτὲ

2241 4050 2336 4104 τοῦ
2359 4050 2680 4119 ἀλάστορος,
2719 4048 3009 4120 φάσκουσά
3032 4067 3093 4103 τε
3122 4048 3203 4121 τῷ
3236 4049 3407 4121 αὐτῆς
3433 4048 3536 4120 υίῷ
3563 4049 3787 4103 τδνἋνι·

2242 4141 2417 4196 τόλιον
2441 4142 2747 4214 ἐνυϐρίσαι.
2806 4141 2899 4207 ὐς
2936 4141 2994 4196 δὲ
3031 4142 3177 4198 κατὰ
3208 4142 3312 4211 τὴν
3348 4141 3612 4213 βασιλέως
3641 4140 3781 4212 ἤχθη.

2244 4234 2427 4289 πᾶσάν
2443 4252 2502 4288 τε
2532 4234 2717 4300 αἰκίας
2748 4234 3057 4307 ὑπερϐολὴν
3078 4236 3339 4303 ὑποστὰς,
3362 4235 3657 4298 οὐδὲνόλως
3674 4232 3783 4287 κατὰ

2242 4325 2339 4381 τοῦ
2371 4327 2564 4400 ἱερέως
2594 4327 2754 4399 ἔσχεν
2783 4330 2984 4394 εἰπεῖν,
3021 4327 3288 4399 μειζόνων
3312 4328 3537 4382 κὰκεῖσε
3560 4325 3779 4397 θορύϐων,

1755 4460 2024 4517 VALESII
2054 4460 2618 4519 ANNOTATIONES.

622 4556 735 4627 (80)
780 4553 1033 4627 Πολλῶν
1068 4571 1133 4610 τε
1159 4553 1534 4627 (inemptum
1562 4556 1625 4627 In
1664 4554 1875 4627 Optimo
1933 4556 2124 4611 codice

2245 4556 2353 4612 lcm
2413 4557 2711 4621 rationem,
2764 4570 2834 4627 eo
2891 4554 3041 4627 quod
3090 4554 3307 4627 scilicet
3360 4552 3773 4627 sedentes_opus

550 4624 872 4686 Florentino
902 4626 1106 4681 diserte
1127 4625 1398 4695 scriptum
1424 4634 1530 4688 est.
1558 4624 1667 4678 τῶν
1696 4624 1909 4679 πολλῶν
1938 4644 1998 4679 τε
2031 4629 2126 4681 καὶ

546 4698 891 4770 ὲπιδιφρίων.
919 4696 1207 4770 Quomodo
1236 4699 1403 4751 etiam
1436 4695 1729 4770 legiturin
1783 4696 2125 4770 Nicephoro.

545 4772 721 4827 Porro
741 4766 956 4824 mirum
996 4777 1080 4822 est
1110 4768 1439 4837 interpretes
1472 4766 1528 4819 in
1565 4768 1730 4823 unius
1772 4766 2124 4837 vocisexpo-

545 4842 750 4897 sitione
779 4842 961 4911 lapsos
996 4838 1188 4911 fuisse.
1221 4836 1356 4911 Nam
1387 4836 1627 4911 Joannes
1655 4838 1881 4908 quidem
1908 4836 2124 4911 Langus

545 4913 621 4967 ita
661 4906 865 4965 vertit':
893 4909 1028 4964 Erat
1048 4908 1295 4980 Theopoli
1325 4906 1617 4980 Anatolius
1646 4906 1867 4979 quidam
1914 4925 1979 4963 ea:
2009 4906 2123 4980 pte—

543 4982 651 5036 beia
674 4980 766 5035 ille
795 4980 1088 5052 quidemet
1118 4978 1323 5051 ignaui:
1357 4995 1543 5052 unus.”
1568 4978 1849 5052 Musculus
1895 4978 2122 5052 vet-uita

544 5048 977 5121 interpretatur:
1006 5048 1155 5106 Unus
1174 5066 1238 5104 ex
1258 5048 1440 5121 multis
1463 5048 1571 5102 illis
1593 5051 1682 5119 qui
1707 5053 1872 5105 vitam
1898 5049 2125 5105 delicate

542 5119 850 5179 instituunt.
889 5119 1382 5192 ChristOphorsoni
1412 5128 1596 5192 autem
1620 5121 2020 5192 interpretatio
2043 5122 2124 5176 sic

542 5194 743 5249 habet:
776 5191 1080 5257 Anatolius,
1121 5189 1211 5263 “uir
1256 5191 1476 5263 quidam
1521 5189 1752 5263 plebeius
1783 5189 2033 5263 'primum
2076 5200 2126 5245 et

540 5265 739 5320 mollis.
795 5264 969 5331 Quam
1028 5262 1255 5333 quidem
1306 5262 1822 5333 interpretationem
1872 5262 2125 5318 hausisse

541 5279 739 5320 metm.
795 5279 969 5331 uuam
1071 5279 1255 5318 niuem
1306 5279 1822 5333 Interpretationem
1873 5279 2125 5318 naustsse

541 5337 807 5392 videntur
831 5351 900 5389 ex
928 5279 1100 5389 Suiﬂa
1133 5343 1190 5389 et
1220 5340 1454 5405 auctore
1479 5330 1856 5405 Etgmologici,
1879 5333 1976 5405 qui
2007 5335 2126 5386 ἐπι-

538 5407 750 5479 δίφριον
802 5405 1307 5479 οιροιιυμιᾳᾲργὸν
1374 5403 1469 5479 καὶ
1527 5403 1862 5479 γυναικώδῃ.
1902 5404 2126 5479 _Vernm

539 5470 657 5534 btec
710 5493 815 5531 vox
873 5470 1038 5529 'aliud
1104 5470 1548 5544 hic'significat,
1619 5483 1679 5529 ut
1733 5470 2014 5545 colligitur
2056 5490 2126 5530 ex

537 5546 871 5617 pnecedenti
945 5545 1251 5617 vocabulo,
1322 5558 1496 5613 quare
1564 5559 1679 5617 non
1744 5545 1940 5617 dubito
1988 5545 2124 5617 quin

538 5615 849 5674 sellularios
918 5616 1159 5671 artifices
1240 5616 1371 5686 hac
1436 5628 1571 5686 voce
1649 5615 1904 5686 designet
1981 5615 2124 5671 Eva-

538 5690 709 5760 grius,
737 5706 878 5762 quos
915 5687 1082 5744 etiam
1111 5686 1283 5741 Graeci
1325 5684 1577 5758 ἑδραίους
1611 5684 1812 5741 vocant
1861 5686 1935 5741 ob
1968 5701 2119 5741 eam-

2224 4643 2390 4683 suum
2417 4636 2733 4684 exerceant.
2760 4626 2840 4680 lta
2873 4623 3087 4687 Pollux,
3130 4628 3183 4696 in
3218 4625 3319 4679 lib.
3351 4640 3447 4687 vn,
3488 4640 3603 4696 cap.
3630 4623 3688 4687 ις
3733 4630 3772 4674 et

2225 4711 2422 4771 auctor
2452 4696 2830 4771 Etymologici,
2863 4697 2920 4750 in
2943 4712 3097 4771 _voce
3124 4695 3435 4771 βάναυσος.-
3557 4695 3562 4696 “
3660 4762 3685 4771 ⁸
3738 4759 3747 4771 ,

2296 4770 2412 4841 (8i)
2460 4762 2682 4841 Τᾰμὲὴ
2705 4762 2805 4841 παὶ
2827 4762 3157 4841 *πράγματα
3183 4765 3628 4834 διαλεξόμενος.
3658 4762 3768 4841 Scri-

2222 4834 2403 4895 Μ’τᾶ
2426 4840 2527 4911 μὲν
2554 4834 2630 4901 ὥς
2664 4834 3070 4911 διαλεξόμενος,
3125 4844 3405 4911 θξρυηςισ
3464 4851 3592 4911 voce
3632 4834 3768 4904 πράγ-

2224 4927 2395 4981 ματα,
2419 4906 2543 5002 qnze
2571 4925 2639 4962 ex
2665 4908 2956 4979 superiore
2997 4908 3143 4962 linea
3173 4908 3283 4961 huc
3324 4906 3571 4977 irrepsit.

2298 4981 2405 5002 locu
2472 4980 2796 5002 n_-l__-_.-‘-
2853 4978 3049 5002 1--l--__
3116 4978 3311 5002 Π..ΑΑ.-Ι
3352 4978 3517 5002 ΔηιιζΑ
3567 4994 3571 5002 λ

2295 4981 2407 5051 (8‘2)
2436 4974 2797 5034 Ἒνέπεισέν
2847 4978 3089 5051 ἐνίους.-
3114 4978 3315 5051 Procul
3348 4974 3537 5051 dubio
3566 4974 3765 5051 scribta:

2222 5042 2355 5106 dum
2387 5042 2479 5107 est
2512 5051 2825 5116 ἀνέπεισεν,
2854 5042 3327 5120 quemadmodum
3372 5047 3628 5104 scribitur
3652 5042 3761 5113 apud

2226 5122 2630 5192 Nicephorum.

2316 5181 2409 5261 83)
2464 5194 2568 5246 Ἐκ
2605 5190 2991 5262 gramarum
3052 5187 3429 5262 Scribendum
3489 5197 3569 5262 est
3609 5181 3760 5262 procul

2224 5256 2489 5343 dubio};
2535 5256 2846 5343 τοῦμπαλιν
2899 5260 3275 5343 μετεστράφη.
3332 5259 3511 5343 Atque
3550 5256 3621 5313 ita

2225 5333 2594 5405 Nicephorus,
2622 5330 2723 5403 qui
2748 5330 2907 5405 hunc
2922 5330 3142 5405 Evagrii
3175 5332 3358 5405 locum
3396 5330 3477 5386 sic
3494 5330 3757 5405 _expressit.

2227 5408 2306 5468 εἰς
2343 5395 2659 5458 τοῦπισθεν’
2689 5395 3064 5473 παντάπασιν’
3080 5403 3435 5473 ἀπεστράφη.
3493 5395 3761 5473 lix—quibus

2227 5466 2412 5530 verbis
2461 5481 2691 5544 apparet
2720 5472 3129 5544 __Nicephorum
3186 5466 3316 5544 ante
3350 5466 3567 5544 'v'ocem
3594 5466 3757 5523 τέλεον.

2224 5539 2645 5601 distinctionem
2667 5539 2993 5597 adhibui—sse
3028 5550 3152 5612 post
3181 5542 3415 5597 verbum
3437 5539 3755 5609 διελέγχουσι

2223 5615 2400 5684 Quam
2422 5615 2648 5687 quidem
2667 5613 3084 5685 distinctionem
3105 5613 3281 5685 magis
3328 5612 3522 5684 probo.

2014 5806 2394 5863 VARIORUM.

609 5901 679 5973 (ε)
739 5902 878 5971 Περὶ
944 5899 1056 5969 τῆς
1101 5899 1598 5970 ἐπαναστάσεως.
1649 5902 1775 5958 Haec
1844 5899 2114 5959 Baronius

2245 5915 2327 5962 ert
2350 5904 2418 5960 ad
2444 5918 2651 5959 annum
2674 5901 2800 5957 580.
