4018 6518
433 373 573 436 εςῖιι

1658 374 1974 439 EVAGBII
2015 373 2500 435 SCIIULASTICI

3561 364 3701 427 2832

426 487 539 555 jam
575 481 918 554 imperialem
949 492 1211 539 cortinam
1251 494 1513 557 gestaret,
1553 487 1867 543 Justiniano
1914 501 1995 558 po-

2119 485 2324 557 πλησίᾳ
2352 484 2491 556 τύχῃ
2518 481 2662 537 κατά
2692 480 2802 535 τῶν
2837 479 3133 554 βαρϐάρων
3162 477 3382 551 ἐχρῆτο,
3407 478 3574 532 παύει
3602 480 3698 549 μὲν

433 585 687 633 testatem
717 576 1023 647 abrogavit,
1059 592 1128 632 eo
1149 578 1298 647 quod
1337 594 1449 633 non
1478 578 1671 634 eadem
1704 595 1812 649 qua
1855 579 2012 651 prius

430 669 693 724 felicitate
748 666 1015 723 adversus
1050 667 1320 724 barbaros
1360 678 1632 724 uteretur.
1686 669 2010 724 Mauricium

428 777 564 817 vero
593 761 716 831 ejus
753 760 877 815 loco
903 760 1225 831 magistrum
1253 760 1543 817 orientalis
1565 760 1776 816 militiae
1807 762 2012 817 consti-

430 851 556 911 tuit.
591 850 687 920 qui
721 866 896 921 genus
928 850 1153 920 quidem
1182 866 1253 905 ac
1270 864 1472 905 nomen
1503 866 1570 905 ex
1596 850 1816 906 seniore
1836 851 2009 905 Roma

427 950 672 997 traxerat
700 957 715 995 :
740 942 977 1011 patriam
999 957 1132 996 vero
1162 940 1402 996 habebat
1423 941 1768 1007 Arabissum,
1807 943 2004 998 urbem

426 1032 809 1105 Cappadociae,
836 1035 892 1089 in
922 1050 1086 1106 quam
1112 1035 1394 1090 novissimi
1441 1037 1562 1105 ejus
1594 1042 1853 1107 parentes
1886 1052 2009 1094 sese

427 1136 775 1197 receperant.
830 1128 963 1183 Erat
993 1128 1082 1182 hic
1107 1126 1191 1181 vir
1213 1126 1461 1197 prudens
1500 1143 1563 1184 ac
1595 1130 1793 1194 solers,
1821 1138 1875 1184 et
1912 1145 2009 1185 us-

426 1234 758 1289 quequaque
807 1226 1102 1275 accuratus
1155 1228 1211 1273 et
1285 1228 1567 1276 constans.
1599 1220 1705 1288 Qui
1763 1237 1889 1278 eum
1950 1222 2010 1277 in

425 1310 576 1366 victu
608 1326 673 1366 ac
703 1311 953 1366 moribus
1000 1320 1261 1366 constans
1305 1320 1453 1367 esset
1499 1321 1665 1383 atque
1724 1314 2013 1370 exactissi-

425 1418 570 1467 mus,
608 1418 711 1458 nec
740 1404 880 1473 gulae
904 1417 1148 1472 unquam
1182 1402 1468 1469 inserviit,
1513 1405 1583 1460 iis
1614 1404 1882 1460 duntaxat
1924 1420 2011 1461 re-

426 1493 533 1550 bus
561 1502 724 1549 utens
752 1509 874 1564 qua:
904 1493 1232 1549 necessariae
1252 1501 1308 1549 et
1336 1504 1533 1564 paratu
1558 1495 1749 1551 faciles
1777 1504 1963 1551 essent
1989 1512 2007 1551 :

425 1602 530 1641 nec
552 1585 675 1642 aliis
699 1586 1077 1656 voluptatibus
1100 1586 1307 1655 quibus
1354 1586 1789 1658 intemperantes
1830 1587 2011 1642 homi-

422 1693 526 1734 nes
574 1694 697 1734 sese
743 1679 1020 1735 oblectare
1063 1680 1259 1735 solent.
1306 1680 1515 1751 Vulgus
1573 1680 1860 1735 hominum
1895 1696 2008 1736 non

422 1771 579 1827 facile
608 1771 677 1825 ad
699 1772 1033 1841 colloquium
1065 1772 1287 1827 admisit
1321 1789 1336 1825 :
1368 1787 1471 1827 nec
1505 1787 1667 1827 aures
1692 1772 2008 1842 promiscue

2114 578 2280 633 αὑτὸν
2310 576 2412 646 τῆς
2450 575 2645 646 ἀρχῆς,
2670 572 2784 647 ,ἤδη
2818 575 2913 627 καὶ
2945 570 3037 625 τὸν
3087 570 3357 639 στέφανον
3402 569 3699 640 περιθέμε-

2111 687 2202 729 νος
2229 670 2325 722 καὶ
2366 666 2659 722 Ἰουστίνου
2691 664 3121 735 τελευτήσαντος
3158 662 3259 733 (d).
3302 664 3616 733 Χειροτονεῑ
3641 662 3699 714 δὲ

2110 762 2211 833 τῆς
2252 759 2426 831 Έῴας
2466 757 2773 833 στρατηγὸν
2800 755 3108 827 Μαυρίκιον
3135 754 3288 826 (85),
3342 754 3568 807 ἕλκοντα
3600 753 3700 825 μὲν

2111 852 2271 922 γένος
2301 854 2395 907 καὶ⁵
2425 851 2665 923 τοῦνομα
2695 850 2761 904 ὲκ
2785 848 2888 919 τῆς
2921 847 3301 921 πρεσϐυτέρας
3341 845 3561 917 Ῥώμης
3585 863 3600 878 ·
3634 847 3700 900 ὲκ

2112 945 2170 999 δὲ
2222 945 2332 999 τῶν
2389 944 2679 1017 προσεχῶν
2729 943 3025 1016 πατέρων,
3083 942 3407 1015 Ἀραϐισσὸν
3464 942 3699 1011 πατρίδα

2113 1037 2556 1110 ἐπιγραφόμενον
2584 1035 2678 1090 τοῦ
2703 1036 3093 1091 Καππαδοκῶν
3124 1034 3313 1097 ἔθνους
3343 1033 3484 1105 (86),
3530 1034 3700 1105 ἄνδρα

2113 1133 2361 1202 φρενήρη
2386 1146 2448 1184 τε
2469 1130 2565 1184 καὶ
2589 1127 2871 1201 ἀγχίνουν,
2899 1128 2997 1182 καὶ
3029 1128 3209 1181 πάντα
3239 1128 3298 1180 ὲν
3329 1128 3495 1181 πᾶσιν
3543 1127 3700 1196 ἀκρι-

2112 1219 2184 1289 6ἧ
2213 1236 2273 1272 τε
2305 1220 2401 1273 καὶ
2440 1219 2725 1289 ἀδόνητον.
2778 1220 2875 1281 ’⁸ος
2926 1218 3028 1288 τήν
3065 1234 3126 1270 τε
3175 1216 3407 1280 δίαιταν,
3460 1214 3588 1278 τούς
3634 1233 3696 1269 τε

2109 1310 2350 1382 τρόπους
2373 1310 2643 1381 εὐσταθὴς
2676 1327 2742 1364 τε
2783 1309 2859 1364 ὢν
2889 1312 2984 1364 καὶ
3023 1308 3419 1379 ἀπεξεσμένος,
3461 1308 3698 1378 γαστρός

2109 1420 2171 1458 τε
2200 1405 2445 1477 ἐκράτει,
2480 1403 2670 1473 μόνοις
2710 1406 2825 1467 τοῖς
2870 1402 3194 1470 ἀναγκαίοις
3220 1401 3315 1455 καὶ
3353 1399 3696 1471 εύπορίστοις

2110 1494 2413 1566 χρώμενος,
2442 1494 2553 1547 τῶν
2582 1510 2645 1546 τε
2677 1492 2853 1547 ἄλλων
2890 1493 3147 1546 ἁπάντων
3188 1485 3271 1555 οἷς
3312 1493 3341 1544 ό
3384 1489 3695 1560 ἐκδεδιῃτη-

2118 1586 2279 1657 μένος
2334 1584 2809 1655 ὲγκαλλωπίζεται
2869 1583 3003 1654 βίος.
3038 1578 3148 1636 Ἦν
3199 1583 3256 1636 δὲ
3285 1581 3388 1645 τὰς
3422 1581 3693 1647 ἐντεύξεις

2108 1679 2222 1739 τοῖς
2244 1674 2461 1739 πολλοῖς
2487 1676 2589 1729 οὐκ
2612 1674 2958 1744 εὐπρόσοδος,
2990 1672 3113 1726 οὐδὲ
3145 1671 3248 1735 τὰς
3269 1671 3436 1734 ἀκοὰς
3469 1670 3690 1738 ἀνειμέ-

2110 1784 2198 1832 νος
2222 1786 2237 1799 ·
2276 1769 2337 1822 τὸ
2373 1768 2473 1839 μὲν
2506 1766 2662 1832 εἰδὼς
2695 1769 2753 1830 ές
2784 1765 3181 1837 περιφρόνησιν
3212 1766 3384 1835 ἄγονσ
3418 1763 3477 1816 τὸ
3508 1762 3564 1816 δὲ
3584 1802 3599 1826 ,
3633 1763 3691 1825 ές

423 1864 687 1919 omnibus
714 1854 957 1933 praebuit
987 1881 1001 1918 :
1027 1864 1233 1934 quippe
1274 1864 1369 1934 qui
1397 1863 1568 1919 sciret
1606 1863 1742 1919 illud
1779 1863 1995 1934 quidem

2108 1861 2352 1926 θωπείας
2380 1862 2565 1932 φέρον.
2615 1860 2728 1924 Τὰς
2763 1859 2864 1931 μὲν
2889 1854 2982 1912 οὖν
3013 1859 3070 1922 ἐς
3093 1857 3257 1912 αὐτὸν
3282 1856 3521 1920 εἰσόδους
3549 1873 3688 1910 απα-

422 1963 799 2025 contemptum
824 1971 1048 2025 parere;
1082 1956 1188 2011 hoc
1205 1971 1339 2011 vero
1369 1954 1672 2011 adulationi
1688 1956 1995 2024 proximum

2108 1954 2230 2017 νίας
2275 1953 2609 2026 παρείχετο,
2657 1952 2753 2006 καὶ
2796 1951 3001 2015 ταύτας
3044 1950 3502 2018 ἐσπουδασμένων
3530 1946 3683 2015 (87).

419 2060 563 2101 esse.
592 2046 735 2101 Raro
756 2047 969 2116 copiam
1007 2047 1171 2102 dabat
1196 2048 1374 2117 ipsum
1408 2046 1795 2112 conveniendi,
1836 2047 1995 2118 idque

2109 2045 2245 2116 Περὶ
2290 2044 2348 2098 δὲ
2391 2045 2492 2110 τὰς
2532 2043 2704 2109 ἀκοὰς
2751 2045 2866 2107 τοῖς
2910 2043 3185 2114 περιττοῖς
3227 2040 3580 2111 ἀπέφραττεν
3625 2040 3683 2092 ού

422 2137 643 2193 nonnisi
676 2138 747 2193 de
804 2139 972 2195 rebus
1023 2139 1204 2194 seriis.
1242 2137 1550 2209 Superﬂuis
1574 2148 1760 2194 autem
1790 2154 2003 2194 sermo-

418 2226 588 2283 nibus
614 2242 778 2283 aures
793 2243 927 2283 suas
952 2228 1271 2290 obturabat.
1322 2243 1433 2283 non
1469 2228 1694 2299 quidem
1733 2244 1895 2296 cera,
1942 2238 2006 2286 ut

418 2327 505 2373 est
532 2318 678 2389 apud
706 2326 948 2389 poetam,
978 2319 1075 2374 sed
1127 2319 1401 2375 ratione:
1428 2319 1503 2375 ita
1537 2327 1600 2375 ut
1651 2320 1860 2391 optima
1906 2336 2006 2376 au-

418 2409 563 2465 rium
596 2410 769 2466 clavis
800 2420 949 2468 esset
970 2411 1139 2476 ratio,
1161 2428 1284 2483 quae
1308 2420 1617 2483 opportune
1646 2413 1769 2468 illas
1800 2413 1856 2468 in
1885 2413 2002 2468 col-

418 2502 622 2574 loquiis
644 2502 697 2559 ei
730 2506 976 2576 aperiret
1022 2514 1079 2561 et
1127 2505 1430 2563 clauderet.
1474 2507 1649 2563 Porro
1697 2508 2001 2574 inscitiam,

2108 2137 2266 2211 κηρῷ
2296 2137 2440 2193 κατὰ
2466 2139 2564 2209 τὴν
2587 2137 2828 2209 ποίησιν,
2860 2135 3006 2206 λόγῳ
3034 2134 3092 2189 δὲ
3126 2134 3355 2204 μᾶλλον·
3389 2133 3464 2196 ὡς
3492 2134 3685 2203 ἄριστα

2100 2232 2249 2286 κλεῖν
2270 2231 2341 2303 (e)
2369 2231 2565 2295 αὐταῖς
2593 2231 2684 2284 τὸν
2710 2229 2872 2299 λόγον
2901 2225 3071 2293 εἶναι,
3091 2227 3329 2291 εὐθέτως
3355 2228 3415 2281 ὲν
3434 2228 3553 2289 ταῖς
3572 2225 3682 2279 δια-

2099 2323 2307 2389 λέξεσιν
2354 2321 2684 2393 ἀνοιγνῢσάν
2721 2339 2783 2376 τε
2828 2320 2929 2376 καὶ
2955 2319 3379 2375 ἀποκλείουσαν.
3416 2316 3681 2388 Ἀμαθίαν

2097 2415 2153 2470 δὲ
2188 2415 2283 2470 τοῦ
2316 2415 2553 2482 θράσους
2584 2415 2686 2481 τὴν
2720 2413 2973 2485 μητέρα,
3022 2411 3121 2466 καὶ
3167 2399 3376 2465 δειλίαν
3436 2408 3537 2480 τὴν
3576 2410 3680 2462 ἀπ-

2098 2509 2416 2581 ῳκισμένην
2447 2507 2560 2579 (88)
2586 2507 2684 2561 καὶ
2725 2505 2994 2578 σύνθυρον
3030 2505 3169 2577 αὐτῇ
3207 2504 3320 2574 (89)
3349 2502 3524 2566 οὕτως
3571 2503 3677 2556 ἀπ-

1625 2623 1901 2682 VALESll
1939 2625 2504 2684 ANNOTATIONES.

488 2714 601 2785 (85)
667 2718 1009 2786 Χειροτονεῖ
1041 2716 1110 2771 δὲ
1145 2719 1502 2785 Μαυρίκιον.
1537 2718 1653 2773 lmo
1702 2718 1986 2785 Tiberius,

416 2786 716 2861 superstite
769 2788 952 2861 adhuc
982 2788 1222 2861 Justino,
1279 2789 1608 2861 Mauricium
1664 2791 1987 2861 magistrum

416 2854 714 2912 Orientalis
764 2858 976 2914 militiae
1021 2859 1252 2924 creavit,
1298 2866 1512 2913 remoto
1556 2854 1895 2926 Iustiniano,
1928 2870 1991 2917 ut

417 2934 651 2999 testatur
675 2928 1124 2999 The0phylactus
1158 2929 1211 2982 in
1244 2944 1365 2999 cap.
1398 2929 1486 2993 15,
1508 2930 1609 2999 lib.
1658 2946 1737 2984 ur.

488 2997 601 3065 (86)
640 2997 993 3066 Ἄραϐισοέὸν
1015 2998 1125 3052 τοῦ
1155 2997 1576 3053 Καππαδοκῶν
1601 3002 1839 3067 ἔθνους.
1857 3002 1992 3056 Ara-

417 3039 606 3139 liissus
634 3039 726 3123 νεῖ
750 3068 1096 3132 Arabissum,
1130 3069 1260 3123 olim
1321 3069 1427 3125 fuit
1469 3070 1739 3139 oppidum
1786 3039 1991 3128 ere-
2017 3039 2065 3101 θ

417 3086 606 3122 mssus
634 3086 720 3123 vei
750 3086 1096 3132 aranissum,
1130 3086 1260 3123 ourn
1321 3086 1427 3125 ιιιιι
1469 3086 1540 3139 op
1584 3086 1739 3125 tuum
1796 3086 1991 3128 Arme-

414 3137 520 3213 nia:
548 3139 824 3213 secundae,
860 3150 921 3213 ut
944 3140 1105 3195 docet
1139 3139 1424 3213 Hierpcles
1444 3140 1503 3213 in
1539 3086 1743 3196 Klotitia
1778 3144 1995 3213 provin-

415 3212 621 3283 giarum
644 3208 931 3283 orientalis
979 3211 1210 3283 imperii.
1243 3208 1405 3283 Certe
1443 3210 1497 3265 in
1555 3208 1789 3283 synodo'
1812 3214 1989 3283 prima

413 3278 1043 3353 Constantinopolitana,
1058 3278 1440 3337 ‘Arabissensis
1456 3278 1681 3353 quidam
1701 3278 1994 3353 episcopus

413 3348 470 3403 in
501 3348 1015 3406 Armenia'minori
1064 3360 1404 3416 reccnsetur,
1440 3348 1545 3408 Sed
1591 3363 1647 3408 et
1688 3348 1994 3409 Philostor-

414 3420 537 3492 gius
596 3421 797 3476 minori
847 3422 1125 3492 Armenia:
1164 3422 1427 3492 oppidum
1477 3422 1615 3478 illud
1665 3424 1896 3480 ascribit
1928 3433 1989 3479 ut

412 3491 603 3562 videre
627 3500 713 3546 est
745 3493 891 3562 apud
915 3491 1143 3548 Suidam
1170 3491 1532 3558 ἰιιΕὐδόξιος.
1581 3494 1776 3549 Postea
1807 3503 1989 3552 tamen

411 3558 793 3634 Cappadociae
811 3563 1139 3619 attributum
1184 3572 1288 3628 est,
1322 3562 1367 3617 si
1408 3563 1644 3634 Evagrio
1687 3565 1988 3622 credimus.

412 3632 611 3686 Nescio
638 3648 705 3688 an
739 3635 885 3690 idem
914 3634 985 3689 sit
1019 3634 1347 3695 Arabisson,
1378 3632 1545 3703 cujus
1584 3636 1836 3690 meminit
1882 3637 1993 3692 Me—

414 3704 640 3778 nander
674 3714 979 3778 protector
1013 3706 1067 3759 in
1099 3704 1410 3778 Excerptisj
1446 3705 1802 3778 legationum,
1841 3722 1987 3778 (pag.

415 3772 516 3847 159
553 3772 816 3847 editionis
848 3776 1033 3847 Regia;
1080 3775 1226 3845 quod
1247 3772 1368 3847 erat
1392 3772 1546 3847 juxta
1579 3772 1992 3847 Theodosiopo-

410 3843 505 3916 lim
538 3863 551 3898 :
592 3845 747 3916 Ἐπεὶ
772 3847 864 3901 οὖν
892 3843 1113 3915 ἐγένετὸ
1147 3846 1334 3909 αὐτοῦ,
1368 3843 1910 3916 ἐστρατοπεδεύσατο
1932 3850 1991 3913 ἐς

406 3914 471 3967 τὸ
505 3915 855 3989 ξΑραὸισσῶνν
888 3916 1323 3989 ἐπικεκλημένον
1349 3914 1547 3988 χωρίον
1578 3917 1723 3987 ἀμφὶ
1746 3918 1808 3971 τὸ
1854 3935 1989 3989 μεσ-

408 3984 680 4058 ημβρινὸν
709 3988 880 4057 κλίμα
900 3987 993 4040 τοῦ
1021 3984 1231 4058 ἄστεος.

481 4056 592 4125 (87)
632 4059 739 4113 Καὶ
770 4054 992 4123 ταύτας
1038 4054 1567 4125 ἐσπουδασμένως.
1600 4057 1758 4113 Hune
1804 4060 1989 4114 locum

407 4124 691 4199 Masculus
723 4129 797 4183 ita
831 4130 1035 4183 vertit:
1086 4128 1343 4199 decessus
1368 4128 1437 4199 ad
1453 4143 1508 4180 se
1534 4144 1683 4199 raros
1714 4133 1989 4199 permitte.

407 4196 518 4260 bat,
548 4213 735 4269 eosque
755 4199 1075 4253 elaboratas.
1135 4197 1249 4269 Nec
1288 4197 1485 4269 melius
1529 4196 1992 4269 Christophorso-

409 4282 544 4320 nus:
576 4266 717 4320 Raro
750 4270 819 4323 ad
856 4287 911 4323 se
950 4268 1181 4322 adeundi
1195 4268 1449 4321 concessit
1471 4266 1812 4337 potestatein,
1838 4287 1989 4324 eam-

407 4352 508 4404 que
530 4340 737 4392 nonnisi
759 4343 1089 4393 vehementer
1119 4345 1322 4400 oratus,
1371 4337 1596 4408 largitus
1630 4347 1729 4393 est.
1780 4340 1990 4396 Neuter

2101 2721 2330 2791 σμένην.
2361 2721 2553 2789 Neque
2586 2721 2732 2776 enim
2757 2718 2946 2791 Graece
2968 2716 3173 2773 dicitur
3199 2716 3579 2791 ἐπῳκισμένη,
3618 2726 3673 2791 ιιι

2097 2786 2356 2861 equidem
2408 2786 2627 2847 censeo.
2658 2790 2939 2845 Musculus
2971 2803 3195 2861 quoque
3249 2786 3445 2841 eodem
3516 2786 3671 2861 rnqdo

2097 2856 2319 2933 videtur
2342 2862 2566 2933 legisse,
2598 2871 2660 2917 ut
2714 2876 2782 2916 ex
2830 2856 3254 2928 versione’ejus
3297 2866 3552 2933 apparet.
3584 2856 3669 2913 Sic

2097 2932 2245 2987 enim
2279 2928 2483 2989 vertit:
2509 2932 2782 2987 Inscitiam
2813 2947 2935 2986 vero
2966 2940 3201 2983 matrem
3242 2928 3574 2991 temeritatis,
3623 2936 3670 2982 et

2099 3004 2373 3073 ignaviam
2406 3004 2521 3072 ejus
2547 3003 2889 3057 domesticam
2917 3017 2981 3073 ac
3002 3000 3200 3073 sociam
3236 3000 3309 3052 sic
3331 3016 3363 3073 α
3384 3014 3469 3073 _se
3510 2998 3670 3073 repel-

2098 3068 2262 3138 lebat,
2295 3081 2406 3128 etc.
2428 3068 2568 3127 Mihi
2600 3084 2784 3129 tamen
2824 3070 3115 3126 retinenda
3136 3084 3258 3124 esse
3308 3068 3532 3122 videtur
3551 3070 3669 3123 vul-

2096 3153 2220 3213 gata
2252 3145 2413 3200 lectio
2469 3159 2635 3214 quam
2679 3142 2762 3197 sic
2804 3144 3179 3214 interpretor:
3220 3138 3496 3194 Inscitiam
3529 3154 3671 3214 __quw

2098 3210 2269 3268 mater
2291 3225 2365 3269 est
2401 3210 2736 3276 temeritatis,
2773 3213 2905 3266 etab
2934 3228 2995 3264 ea
3029 3210 3373 3280 disjunctam,
3400 3226 3463 3262 ac
3484 3210 3671 3280 nihilo-

2096 3286 2272 3339 minus
2342 3287 2683 3356 conjunctam
2731 3283 3003 3356 ignaviam
3055 3279 3131 3356 ita
3191 3298 3223 3356 ᾳ
3256 3279 3669 3356 _se_depul_c_rat_,

2094 3366 2202 3410 etc.
2230 3350 2619 3411 Eodem'modo
2648 3350 2914 3425 Eva'grius
2940 3352 3007 3425 in
3034 3350 3315 3425 principio
3338 3350 3504 3425 hujus
3526 3350 3669 3416 libri,

2095 3426 2165 3480 de
2198 3426 2417 3482 Iustino
2445 3427 2675 3482 iuniore
2708 3422 2847 3480 diiit
2868 3442 2881 3478 :
2902 3423 3106 3494 Θράσει
3139 3422 3195 3474 δὲ
3233 3422 3328 3494 καὶ
3356 3422 3531 3494 δειλία
3555 3425 3671 3487 ταῖς

2096 3499 2321 3559 κακίαις
2349 3497 2743 3569 κρατούμενος,
2768 3505 2903 3559 etc.,
2936 3492 3045 3569 _ubi
3073 3493 3405 3569 ⁸Ιιξειξιιριιιιι
3458 3492 3669 3569 videtur

2094 3569 2216 3630 ταῖς
2243 3563 2531 3638 συνθύροις
2562 3563 2901 3638 κακίαιςαξχ
2936 3565 3043 3619 hoc
3072 3563 3407 3638 loco.__Quo_d
3449 3564 3494 3617 si
3548 3564 3668 3634 quis

2094 3634 2486 3708 επῳκισμένὴν
2512 3638 2694 3708 legere
2721 3636 2875 3708 malit
2917 3651 3043 3708 cum
3086 3634 3313 3708 Savilio,
3362 3635 3520 3690 locus
3545 3644 3670 3690 tunc

2095 3706 2170 3761 ita
2186 3706 2498 3763 vertendus
2524 3706 2668 3763 erit:
2725 3707 2791 3761 Et
2832 3706 3153 3777 inquilinatu
3196 3706 3336 3775 ejus,
3373 3722 3438 3759 ac
3488 3714 3669 3777 contu-

2091 3777 2361 3832 bernalem
2384 3777 2675 3849 ignaviam.
2700 3777 2836 3832 Nam
2862 3777 3007 3849 inter
3032 3776 3260 3830 verbum
3283 3776 3671 3849 ἀπῳκισμένην

2091 3856 2149 3905 et
2176 3847 2560 3919 ὲπῳκισμένην
2580 3856 2795 3904 tantum
2823 3848 3032 3907 differt,
3051 3854 3320 3919 quantum
3350 3847 3497 3919 inter
3518 3847 3671 3901 ἀποι-

2092 3936 2187 3983 κος
2247 3916 2305 3974 et
2357 3916 2598 3981 ἔποικος.
2664 3919 2763 3974 Est
2826 3920 3055 3980 ἄποικος
3120 3916 3345 3986 quidem
3405 3917 3666 3981 colonus,

2092 3989 2311 4060 ἔποικος
2348 3998 2532 4060 autem
2567 3989 2893 4060 inquilinus,
2937 3997 3004 4060 ut
3030 3987 3193 4042 docet
3220 3986 3422 4042 Suidas
3453 3987 3507 4040 in
3540 4003 3669 4060 voce

2091 4059 2333 4123 ἔποικος.
2363 4059 2471 4127 Qui
2506 4060 2562 4114 in
2616 4058 2890 4115 coloniam
2938 4058 3179 4128 aliquam
3238 4067 3394 4112 extra
3435 4058 3667 4126 patriam

2092 4128 2536 4195 deducebantur,
2582 4129 2927 4193 vocabantur
2956 4130 3195 4191 ἄποικοι,
3231 4143 3329 4183 seu
3363 4128 3569 4182 coloni.
3623 4129 3670 4183 ls

2091 4215 2226 4255 vero
2249 4201 2343 4270 qui
2373 4215 2472 4255 sua
2499 4208 2698 4270 sponte
2718 4201 2911 4255 relicta
2939 4199 3118 4270 patria
3142 4199 3229 4252 vel
3251 4198 3334 4270 _in
3361 4199 3666 4270 ~coloniam,

2089 4270 2178 4325 vel
2211 4268 2443 4341 in’aliam
2466 4268 2660 4326 urbem
2683 4268 3543 4341 migrabat,_€rtotxo;dicebatur,
3573 4286 3666 4324 seu

2138 4341 2371 4405 έτοικος.
2419 4339 2658 4397 Proinde
2712 4339 2921 4396 fallitur
2965 4339 3530 4409 Christophorsonus,
3574 4341 3663 4410 qui

408 4421 629 4460 sensum
651 4408 815 4478 hujus
845 4410 949 4463 loci
985 4416 1271 4464 assecutus
1298 4417 1400 4462 est.
1433 4407 1620 4464 Codex.
1653 4421 1837 4465 autem
1866 4412 1989 4466 Flo-
2020 4414 2065 4472 ι)
2092 4407 2242 4467 hunc
2299 4412 2482 4466 locum
2532 4412 2605 4467 ita
2649 4414 2850 4467 vertit:
2910 4407 3394 4466 Inscitium'autem
3443 4407 3664 4465 matrem

407 4478 662 4550 rentinus
681 4494 865 4534 veram
889 4480 1056 4550 hujus
1085 4480 1200 4534 loci
1244 4479 1579 4550 scripturam
1632 4480 1795 4536 nobis
1842 4481 1988 4537 indi-

405 4546 593 4621 cavitr
632 4550 767 4604 Nam
826 4566 925 4621 pro
963 4546 1433 4621 ἐσπουδασμέναι,
1482 4549 1752 4621 scriptum
1819 4552 1986 4608 habet

405 4617 871 4691 εσπουδασμὲνον.
892 4621 1013 4677 Νοιι
1040 4620 1234 4675 dubito
1258 4617 1447 4691 itaque
1482 4617 1618 4691 quin
1647 4631 1797 4679 totus
1827 4624 1989 4680 locus

404 4686 480 4741 ita
539 4686 803 4762 legendus
846 4693 951 4747 sit:
1011 4692 1123 4755 Τὰς
1158 4690 1257 4762 μὲν
1290 4686 1383 4745 οὖν
1428 4686 1518 4754 ἐς-
1550 4692 1713 4745 αὐτὸν
1742 4695 1983 4760 εἰσόδους

408 4761 1079 4836 σπανίαςπαρείχετομαὶ
1110 4761 1313 4825 ταύτας
1329 4762 1799 4836 Δέσῄιιουδασιιένιιυν
1827 4765 1976 4836 πέρι.

404 4828 517 4904 Idi;
545 4831 607 4884 δὲ
662 4828 970 4897 ἀκὸὰξτοίς
999 4836 1275 4904 περιττοῖς
1317 4828 1683 4904 ἀπέφραττεν.
1737 4834 1797 4890 ld
1853 4828 1978 4891 est:

405 4898 554 4975 Raro
595 4906 679 4958 sui
731 4905 961 4975 adeundi
1004 4898 1166 4958 dabat
1226 4898 1560 4975 facultatem,
1614 4922 1709 4960 nec
1766 4907 1869 4961 nisi
1917 4908 1981 4962 de

404 4970 559 5026 rebus
620 4976 791 5047 seriis.
851 4974 1146 5047 super/luis
1201 4970 1377 5047 autem
1394 4977 1752 5047 isermonibus
1820 4994 1978 5033 aures

401 5058 526 5095 suas
566 5046 865 5100 obturabat.
908 5045 1083 5100 Porro
1108 5046 1162 5099 in
1185 5045 1376 5101 codice
1392 5046 1713 5102 Florentino
1736 5048 1802 5102 ad
1836 5064 1982 5103 mar-

402 5112 585 5234 ginem
617 5115 735 5171 haec
758 5125 946 5171 notata
966 5125 1166 5171 erant:
1198 5110 1301 5169 Οἷα
1332 5116 1480 5200 λέγει
1511 5120 1640 5200 περὶ
1671 5120 1978 5201 Mauptxtou

438 5189 696 5234 αυιιαστὰ
722 5186 926 5234 πλήθη.
962 5188 1056 5234 καὶ
1087 5187 1326 5234 ἐπαίνων
1354 5186 1500 5234 ἄξια-
1536 5187 1694 5234 Aliud
1730 5189 1976 5234 Maurimi

438 5189 696 5259 αυμαστά
722 5186 930 5259 πλήρη,
962 5188 1056 5241 xa‘t
1087 5187 1326 5240 ἐπαίνων
1354 5186 1509 5254 ἀξια.
1532 5186 1695 5259 Aliud
1730 5186 1979 5244 Mauricii

402 5255 655 5326 l‘llogium
710 5255 849 5315 satis
886 5255 1107 5329 elegans
1156 5259 1394 5313 habetur
1447 5259 1594 5328 apud
1645 5258 1870 5314 Suidam
1921 5261 1977 5314 in

400 5340 546 5401 voce
569 5329 898 5401 Μαυρίκιος,
923 5327 996 5401 ex:
1019 5327 1315 5401 Menandri
1339 5327 1673 5401 protectoris
1698 5330 1977 5386 Historia:

401 5397 547 5465 quod
585 5397 842 5456 cuin'isto
870 5398 1123 5455 conferre
1155 5414 1264 5454 non
1304 5397 1501 5454 inutile
1534 5400 1723 5456 fuerit.

472 5467 586 5539 (88)
633 5470 752 5538 Τὴν
777 5468 1229 5540 ἀπῳκισμένην.
1262 5469 1382 5525 Νοιι
1411 5472 1682 5525 assentior
1711 5471 1974 5527 Christo-

399 5537 681 5605 phors'ono
698 5537 759 5598 et
778 5537 1127 5612 Savilio,'qui
1156 5542 1211 5595 in
1238 5541 1341 5595 hoc
1382 5541 1503 5597 loco
1530 5542 1723 5612 legunt
1769 5545 1973 5612 ὲπῳκι-

2093 4482 2354 4548 audaciae,
2383 4492 2431 4536 et
2456 4484 2791 4538 timiditatem
2822 4499 2940 4553 qua:
2969 4482 3014 4535 ei
3037 4482 3211 4536 vicina
3234 4497 3297 4534 ac
3325 4480 3555 4553 ﬁnitima
3571 4492 3661 4544 est,

2088 4554 2163 4606 sic
2180 4553 2244 4607 ab
2279 4570 2333 4607 se
2366 4553 2591 4625 depulit,
2632 4551 2986 4625 ὲπῳκισμένη
3026 4552 3454 4625 nonsignilicat
3500 4551 3664 4620 ﬁniti-

2090 4641 2259 4696 niam,
2271 4623 2389 4696 sed
2404 4622 2763 4696 inquilinatu,
2790 4622 2861 4678 ut
2892 4622 3012 4696 jam,
3056 4622 3191 4678 dixi.
3216 4622 3286 4677 Et
3307 4691 3317 4696 _
3339 4622 3533 4696 Latina
3564 4638 3662 4696 vox

2086 4693 2354 4765 inquilina
2384 4691 2573 4750 Graico
2611 4694 2780 4766 verbo
2832 4691 3052 4766 egregie
3083 4691 3403 4763 respondet.
3440 4692 3656 4766 inquili-

2088 4763 2186 4819 nus
2215 4766 2364 4820 enim
2387 4766 2591 4821 dicitur
2618 4766 2687 4819 ab
2708 4763 3267 4835 incolatu.'Prteterea
3283 4778 3387 4817 vox
3404 4763 3659 4835 σύνθυρος

2088 4852 2199 4916 non
2227 4836 2460 4916 vicinam
2491 4836 2837 4916 signiﬁcabat
2862 4853 2875 4889 :
2913 4834 3627 4916 idenim_esset‘diyxi0upo<
3646 4848 3660 4864 ο

2088 4906 2185 4961 sed
2239 4905 2689 4973 contubernalem,
2743 4906 2839 4976 qui
2892 4906 2997 4960 sub
3049 4905 3247 4961 eodem
3300 4905 3468 4976 degit
3499 4910 3657 4976 tecto.

2087 4976 2359 5033 Caeterum
2385 4992 2444 5031 re
2477 4993 2625 5033 nunc
2662 4973 2927 5033 attentius
2964 4976 3296 5042 examinata,
3343 4973 3529 5030 malini
3560 4973 3661 5028 hoc

2086 5046 2210 5104 loco
2242 5049 2424 5119 legere
2448 5049 2855 5119 ὲπῳκισμένην.

2163 5120 2274 5197 (89)
2303 5115 2630 5197 ’Σρνρυρον
2667 5115 2844 5197 αρτῇ.
2894 5116 3261 5197 Scribendum
3292 5126 3427 5197 puto
3482 5115 3656 5197 αὐτῷ,

2089 5189 2287 5259 supple
2311 5189 2389 5260 τῷ
2433 5187 2676 5261 θρασειη
2704 5188 2876 5261 Cujus
2939 5187 3363 5261 emendationis
3395 5187 3658 5261 rationein

2127 5258 2254 5315 aulo
2293 5258 2422 5315 ante
2474 5258 2702 5315 adduxi.
2761 5258 2931 5315 Porro
2955 5258 3304 5328 Nicephorus
3350 5258 3407 5312 in
3451 5272 3574 5328 cap.
3605 5258 3658 5322 8,

2111 5330 2187 5385 ib.
2212 5347 2365 5397 xvru,
2392 5330 2544 5386 hunc
2568 5330 2787 5402 Evagrii
2837 5331 3021 5385 locum
3051 5328 3396 5402 describens
3564 5343 3656 5383 ex-

2083 5403 2323 5473 pressit:
2358 5402 2571 5473 Δειλίαν
2621 5398 2717 5470 τὴν
2777 5399 3167 5473 ὲπῳκισμένην
3227 5400 3322 5454 καὶ
3375 5398 3659 5470 σύνθρονον

2081 5472 2242 5543 αὐτῇ,
2270 5472 2528 5543 pessime.

1855 5634 2244 5692 νΑιιιοιιυΜ.

475 5730 548 5799 ((1)
584 5730 922 5804 Ἱουστίνου
955 5732 1470 5804 τελευτήσαντος.
1522 5732 1775 5787 Justinus
1831 5733 1973 5804 Aug.

400 5799 491 5854 die
525 5802 716 5870 quinta
736 5803 954 5857 mensis
988 5803 1246 5858 Octobris
1271 5804 1401 5857 anni
1433 5802 1566 5858 Chr.
1596 5804 1720 5870 578,
1766 5799 1980 5859 natura:

399 5872 647 5928 debitum
680 5874 865 5939 solvit,
900 5875 1079 5945 inquit
1102 5874 1409 5946 l’agius,ad
1435 5890 1559 5930 eum
1582 5890 1810 5941 annum,
1842 5894 1895 5930 ιι.
1922 5876 1987 5929 2.

2155 5732 2225 5803 (ε)
2283 5735 2527 5799 "Apama
2565 5730 2753 5785 κλεῖν.
2820 5730 3052 5788 Videtur
3099 5728 3394 5803 legendum
3434 5727 3661 5800 ἀρίστην

2084 5804 2253 5860 κλεῖν.
2287 5804 2395 5876 (W.
2428 5803 2672 5872 Lowru.)
